4018 6528
423 372 569 438 2833

1384 374 1772 437 HISTORI/E
1810 375 2409 440 ECCLESIASTICAE
2450 378 2687 441 LIBER
2722 380 2793 444 ν.

3571 380 3710 447 2833

426 490 629 551 ὡσατο,
651 486 727 552 ὡς
757 485 821 539 τὸ
849 486 950 558 μὲν
980 485 1316 555 κινδύνευμα
1344 486 1633 542 εὐϐουλίαν
1660 484 1821 553 εἶναι,
1841 488 1935 543 τὸν
1964 489 2023 544 δὲ

2144 505 2249 560 {uae
2282 499 2458 545 mater
2490 500 2577 545 est
2604 489 2954 553 temeritatis,
2993 497 3048 545 et
3079 489 3149 544 ab
3178 505 3242 545 ea
3266 488 3618 560 disjunetam,
3650 507 3713 546 ac

428 578 590 633 ὄκνον
638 577 976 646 ἀσφάλειαν,
1033 577 1289 649 ἀνδρείας
1322 595 1380 632 τε
1424 580 1521 635 καὶ
1555 582 1874 653 φρονήσεως
1908 585 2024 646 τοῖς

430 674 645 743 καιροῖς
694 671 1044 743 ὀχουμένων,
1094 672 1189 725 καὶ
1233 670 1335 736 τὰς
1377 672 1536 743 ήνίας
1570 674 2024 745 πρυτανευόντων

429 761 568 834 πρὸς
592 761 621 815 δ
654 762 721 817 ἂν
752 764 785 834 ἡ
813 762 975 834 χρεία
1007 762 1298 835 ἐπιτάττῃ,
1328 764 1422 816 καὶ
1445 763 1544 835 τὴν
1570 763 1764 834 ὐφεσιν
1790 765 1882 819 καὶ
1907 764 2025 819 ἐπί-

428 872 593 910 τασιν
622 855 805 909 αὐτῶν
837 854 946 909 τῶν
971 854 1161 926 ὁρμῶν
1182 894 1199 920 ,
1239 855 1424 928 μέτρῳ
1448 857 1560 910 τιν)⁵
1590 857 1684 910 καὶ
1714 856 1909 928 ῥυθμῷ
1933 857 2022 927 γί-

430 947 678 1014 γνεσθαι.
712 948 851 1020 Περὶ
875 940 937 1001 οὗ
969 946 1302 1019 τελεώτερον
1333 949 1391 1001 ἐν
1416 949 1529 1011 τοῖς
1558 946 1687 1020 ἐξῆς
1716 949 2022 1021 εέρήσεται.

432 1041 604 1105 Ὀσος
652 1040 760 1112 γὰρ
806 1042 905 1095 καὶ
942 1036 1073 1106 οἷος,
1110 1041 1177 1111 τῇ
1207 1040 1463 1113 βασιλείᾳ
1494 1040 1830 1110 φυλακτέον,
1866 1043 1901 1114 ἢ
1930 1043 2025 1097 τὸν

431 1132 605 1204 ἄνδρα
634 1130 979 1204 τρανώτερον
1005 1130 1328 1202 διεσάφησε,
1360 1130 1439 1202 τῷ
1468 1130 1802 1203 αὐτεξουσίῳ
1834 1132 1930 1186 καὶ
1958 1133 2026 1187 τὰ

432 1224 582 1278 ἔνδον
609 1222 988 1290 ἀναπτύξασα.
1042 1213 1215 1287 Οὗτος
1253 1222 1352 1293 μέν
1403 1216 1500 1275 οὖν
1530 1221 1559 1274 ό
1586 1221 1896 1293 Μαυρίκιος
1926 1222 2026 1286 τὰς

432 1314 887 1389 ἐπιστρατεύσεις
933 1316 1312 1386 ποιησάμενος
1361 1314 1508 1368 κατὰ
1552 1313 1653 1385 τῆς
1694 1313 2025 1386 ὑπερορίας,

432 1410 625 1474 πόλεις
653 1426 714 1462 τε
748 1408 843 1464 καὶ
875 1408 1112 1481 φρούρια
1143 1407 1386 1478 Πέρσαις
1414 1407 1816 1478 ἐπικαιρότατα
1843 1409 2025 1479 αἱρείο

434 1502 588 1556 λείαν
629 1519 690 1555 τε
740 1501 1013 1573 τοσαύτην
1059 1499 1439 1571 περιεϐάλετο,
1477 1498 1623 1553 ὥστε
1654 1500 1725 1554 τὰ
1754 1516 2030 1571 σαγηνευ-

436 1596 605 1651 θέντα
661 1595 988 1669 αἰχμάλωτα
1041 1594 1378 1665 ὁλοκλήρους
1421 1594 1619 1661 νήσους
1671 1591 1768 1647 καὶ
1820 1592 2025 1657 πόλεις,

437 1688 647 1763 άγρούς
689 1707 750 1744 τε
802 1688 1195 1761 ἐρημωθέντας
1238 1686 1318 1759 τῷ
1357 1688 1538 1760 χρόνῳ
1576 1685 1860 1756 ἐξοικῆσαι
1892 1685 2027 1755 (90),

435 1786 542 1855 τήν
585 1800 644 1838 τε
696 1784 801 1854 γῆν
850 1781 1072 1853 ἐνεργὸν
1120 1779 1571 1861 καταστήσασθαι
1620 1781 1801 1850 πάντη
1836 1777 2030 1851 πρώην

436 1876 794 1947 ἀγεώργητον
816 1870 1003 1942 οὖσαν,
1031 1873 1374 1942 στρατόπεδά
1394 1890 1453 1927 τε
1479 1873 1537 1938 ἐξ
1557 1873 1739 1927 αὐτῶν
1762 1871 2027 1941 συστῆναι

440 1967 751 2042 πολύανδρα
783 1967 927 2022 κατὰ
953 1968 1064 2022 τῶν
1092 1968 1270 2022 ἄλλων
1301 1966 1472 2021 ἐθνῶν
1506 1966 1654 2038 μάλα
1679 1964 1948 2034 γεννικῶς
1968 1981 2030 2018 τε

434 2056 539 2116 καὶ
568 2060 833 2133 ἀνδρείως
860 2061 1282 2131 ἁγωνισάμενα·
1324 2058 1686 2132 πληρωθῆναι
1710 2057 1769 2112 δὲ
1799 2058 1895 2112 καὶ
1923 2057 2031 2112 πά-

438 2171 516 2226 σῃ
555 2152 709 2225 ἑστίᾳ
751 2152 853 2215 τὰς
886 2151 1165 2218 οἰκετικὰς
1198 2151 1390 2224 χρείας
1416 2190 1432 2214 ,
1485 2150 1545 2215 ἐς
1590 2149 1653 2204 τὸ
1697 2149 2031 2220 κουφότατον

437 2247 552 2299 τῶν
583 2245 932 2317 ἀνδραπόδων
962 2245 1399 2315 ἐκποιουμὲνων.

2127 580 2495 635 nihilominus
2530 580 2880 650 conjunctam
2920 580 3218 651 ignaviam,
3243 578 3319 632 ita
3355 577 3425 632 ab
3454 593 3513 633 se
3542 578 3716 648 depu-

2126 670 2287 736 lerat,
2318 670 2381 726 ut
2406 672 2626 741 quoties
2659 671 2714 726 in
2742 671 3046 727 discrimen
3079 670 3316 735 veniret,
3354 669 3661 740 prudentiae
3696 685 3715 725 :

2125 761 2290 835 447
2322 764 2542 833 quoties
2567 773 2946 829 cunctaretur,
2982 761 3265 819 securitati
3289 761 3720 819 adscribendum

2126 862 2292 908 esset.
2322 852 2535 924 Quippe
2560 853 2826 909 fortitudo
2862 869 2925 909 ac
2952 852 3251 924 prudentia
3282 851 3717 923 Opportunitati-

2124 945 2232 1003 bus
2266 953 2598 1018 temporum,
2638 947 2791 1002 velut
2836 962 2982 1017 equo
3026 946 3245 1001 cuidam
3282 944 3621 1010 insidebant,
3661 953 3720 1000 et

2126 1042 2373 1097 habenas
2389 1040 2821 1097 moderabantur
2837 1042 2996 1113 juxta
3026 1041 3081 1097 id
3105 1040 3254 1111 quod
3276 1041 3492 1095 utilitas
3514 1038 3721 1109 Reipu-

2127 1135 2287 1191 blicae
2318 1135 2697 1207 praecipiebat.
2726 1138 2921 1205 Itaque
2966 1134 3187 1205 quoties
3216 1134 3485 1204 impetum
3528 1132 3723 1187 remit—

2130 1226 2282 1282 tebat
2340 1235 2437 1281 aut
2484 1226 2784 1293 relaxabat,
2817 1225 2873 1281 id
2935 1224 3099 1281 fiebat
3156 1241 3265 1280 non
3297 1226 3416 1280 sine
3462 1239 3721 1279 mensura

2127 1318 2367 1389 quadam
2422 1326 2588 1390 atque
2619 1320 2857 1375 ratione.
2883 1318 2994 1377 Sed
3028 1318 3098 1373 de
3141 1318 3247 1373 hac
3295 1332 3357 1371 re
3407 1315 3724 1372 accuratius

2128 1419 2253 1482 post
2303 1412 2420 1466 haec
2449 1410 2653 1467 dicturi
2687 1428 2900 1469 sumus.
2955 1412 3144 1480 Qualis
3174 1411 3323 1467 enim
3372 1420 3723 1481 quantusque

2129 1504 2427 1567 exstiterit,
2477 1504 2713 1574 imperio
2747 1505 2927 1575 ipsius
2976 1502 3376 1560 reservandum
3425 1510 3530 1557 est.
3564 1501 3722 1568 Quod

2131 1594 2355 1665 quidem
2402 1610 2587 1650 mores
2641 1596 2765 1667 ejus
2792 1596 2955 1667 longe
2999 1595 3352 1651 manifestius
3398 1596 3719 1655 declaravit,

2132 1686 2264 1741 dum
2312 1685 2492 1741 libera
2524 1686 2786 1742 facultate
2839 1687 3061 1758 quidvis
3091 1687 3289 1760 agendi
3329 1687 3381 1744 ei
3434 1702 3720 1753 concessa,

2134 1777 2353 1834 interna
2398 1780 2519 1851 ejus
2552 1781 2813 1836 omnibus
2862 1780 3144 1851 patefecit.
3190 1781 3292 1837 llic
3314 1781 3486 1853 igitur
3516 1780 3724 1837 Mauri-

2133 1870 2275 1935 cius,
2309 1887 2433 1927 eum
2470 1874 2721 1928 exercitu
2756 1874 3008 1929 Romano
3045 1875 3100 1929 in
3126 1874 3419 1929 Persarum
3443 1874 3722 1945 regionem

2136 1965 2442 2035 ingressus,
2481 1966 2648 2021 urbes
2704 1974 2761 2022 et
2796 1967 3022 2024 castella
3067 1976 3378 2037 opportune
3426 1966 3725 2022 admodum

2139 2056 2244 2113 sita
2276 2058 2609 2127 occupavit:
2668 2064 2984 2130 tantamque
3010 2059 3252 2131 praedam
3298 2059 3465 2129 cepit,
3517 2066 3577 2113 ut
3632 2073 3727 2113 ca-

2140 2149 2276 2220 ptivi
2303 2164 2444 2219 quos
2468 2165 2536 2204 ex
2565 2150 2792 2206 Perside
2813 2151 3139 2217 abduxerat,
3174 2152 3420 2224 integras
3442 2150 3650 2205 insulas
3672 2157 3731 2205 et

2142 2242 2329 2308 urbes,
2366 2252 2533 2315 atque
2554 2259 2717 2316 agros
2755 2243 3087 2316 jampridem
3116 2244 3371 2300 desertos
3398 2244 3728 2306 incolerent,

434 2348 504 2397 et
531 2349 755 2405 terram,
782 2354 905 2410 quae
964 2339 1121 2410 prius
1155 2338 1365 2394 inculta
1414 2345 1553 2402 erat,
1592 2334 1885 2391 fecundam
1938 2334 2237 2391 redderent
2267 2353 2283 2390 :
2313 2345 2485 2407 utque
2526 2351 2593 2391 ex
2661 2336 2770 2392 illis
2812 2337 3067 2408 ingentes
3094 2338 3376 2394 exercitus
3425 2337 3727 2407 conscripti

436 2435 675 2501 fuerint,
701 2436 797 2507 qui
834 2444 1024 2507 postea
1049 2444 1242 2490 contra
1270 2433 1406 2488 alias
1441 2431 1815 2487 Barbarorum
1846 2439 2040 2504 gentes
2079 2439 2309 2488 strenue
2367 2448 2433 2489 ac
2474 2432 2692 2488 fortiter
2728 2431 3119 2504 depugnarunt
3156 2452 3169 2488 :
3238 2433 3483 2504 denique
3514 2443 3575 2489 ut
3625 2432 3735 2487 sin-

437 2533 586 2604 gulae
643 2530 843 2586 domus
895 2529 1168 2585 haberent
1230 2528 1326 2598 qui
1358 2525 1582 2583 servilia
1614 2541 1846 2582 munera
1908 2525 2227 2596 implerent,
2268 2539 2398 2581 cum
2426 2525 2575 2582 servi
2649 2541 2716 2581 ac
2748 2524 3021 2596 mancipia
3050 2526 3321 2582 vilissimo
3350 2526 3535 2598 pretio
3578 2540 3732 2581 com-

438 2631 799 2698 pararentur.

1086 2755 1347 2809 ΚΕΦΑΛ.
1381 2754 1468 2808 K’.

450 2852 556 2919 Ὠς
580 2850 688 2905 τὸν
716 2848 988 2915 Χοσρόην
1029 2843 1568 2919 καίἈδααρμάνην
1594 2840 1739 2919 τοὺς
1786 2837 2038 2909 Περσῶν

728 2913 1103 2989 στρατηγοὺς
1129 2917 1380 2982 ἐνίκησε
1410 2913 1753 2983 Μαυρίκιος.

516 3031 911 3103 Συνανεπλάκη
939 3029 997 3083 δὲ
1046 3029 1143 3083 καὶ
1180 3029 1294 3091 τοῖς
1319 3026 1565 3099 ἀρίστοις
1596 3022 1845 3096 Περσῶν,
1868 3022 1951 3095 τῷ
1976 3040 2040 3078 τε

2780 2747 2935 2805 CAP.
2972 2748 3091 2815 XX,

2135 2835 2412 2906 Quomodo
2454 2836 2743 2894 Mauricius
2766 2837 3189 2893 Tanchosdroem
3229 2848 3278 2894 et
3306 2839 3733 2906 Adaarmanem,

2498 2908 2788 2965 Persarum
2825 2910 3004 2977 duces,
3047 2911 3318 2965 devicerit.

2207 3022 2471 3080 Conflixit
2503 3025 2671 3079 etiam
2693 3038 2817 3079 cum
2850 3025 3325 3095 praestantissimis
3350 3025 3586 3083 ducibus
3606 3028 3739 3084 Per-

442 3127 783 3200 Ταμχοσρόῃ
809 3125 906 3179 καὶ
948 3121 1299 3193 ’Ᾱδααρμάνῃ
1332 3120 1470 3191 μετὰ
1495 3117 1774 3187 ἀξιολόγου
1807 3115 2038 3189 στρατοῦ

2148 3130 2356 3181 sarum,
2411 3114 2825 3171 Tamchosdroe
2874 3115 3089 3175 scilicet
3137 3125 3194 3172 et
3219 3116 3585 3185 Adaarmane,
3644 3120 3741 3191 qui

445 3217 940 3292 ἐπιστρατεύσασι·
971 3215 1069 3269 καὶ
1094 3214 1245 3276 ὅπως
1277 3211 1397 3283 μὲν,
1428 3211 1521 3265 καὶ
1552 3210 1656 3275 ὅτι,
1682 3209 1776 3262 καὶ
1807 3209 1916 3278 ὅπη
1950 3206 2045 3261 πέ-

447 3326 717 3387 πρακται,
748 3310 899 3367 ἄλλοι
944 3306 1289 3380 γραφόντων,
1340 3304 1374 3376 ἢ
1404 3303 1500 3358 καὶ
1532 3301 1662 3373 παρ’
1698 3301 1857 3373 ήμῶν
1910 3301 2042 3364 ῐσως

444 3410 509 3461 ἐν
538 3407 710 3477 ἐτέρῳ
754 3403 1030 3469 λελέξεται
1084 3400 1251 3471 πόνῳ,
1298 3397 1398 3469 τῆς
1436 3394 1723 3467 παρούσης
1776 3409 2043 3465 πραγμα-

449 3497 605 3560 τείας
630 3496 796 3567 ἐτερα
850 3493 1087 3566 μάλιστα
1131 3485 1742 3558 κατεπαγγελλομένης.
1770 3485 1968 3539 Πίπτει
1996 3481 2043 3536 δ’

448 3587 549 3645 οὖν
576 3590 726 3660 ὅμως
757 3588 902 3642 κατὰ
927 3584 1027 3657 τὴν
1057 3581 1370 3657 παράταξιν
1404 3580 1433 3634 ὁ
1492 3577 1854 3651 Ταμχοσρόης
1886 3577 1999 3649 (9i)
2026 3614 2042 3639 ,

448 3684 559 3739 οὐκ
610 3682 837 3751 ἀνδρείᾳ
866 3679 961 3734 τοῦ
1019 3677 1312 3751 Ῥωμαίων
1378 3672 1609 3746 στρατοῦ
1634 3712 1651 3739 ,
1703 3669 1957 3741 εὐλαϐείᾳ
1986 3668 2045 3741 δέ

458 3778 622 3851 μόνῃ.
656 3777 753 3830 καὶ
800 3777 869 3847 τῇ
895 3775 953 3837 ἐς
1006 3772 1141 3826 Θεὸν
1187 3771 1373 3825 πίστει
1414 3767 1511 3822 τοῦ
1546 3767 1878 3838 στρατηγοῦ.
1910 3764 2046 3818 Φεύ-

451 3888 546 3941 γει
574 3870 632 3924 δὲ
656 3869 752 3923 καὶ
783 3870 813 3922 ὁ
856 3864 1248 3937 Ἀδααρμάνης
1299 3861 1645 3932 κατακράτος
1684 3862 1742 3914 ἐν
1766 3860 1833 3931 τῇ
1894 3857 2044 3930 μάχῃ

455 3959 714 4023 πταίσας,
765 3957 861 4011 καὶ
905 3955 1137 4018 πολλοὺς
1183 3953 1293 4009 τῶν
1326 3951 1549 4006 οἰκείων
1603 3946 1915 4004 ἀποϐαλών·
1942 3948 2046 4002 καὶ

454 4049 630 4104 ταῦτα
678 4047 1119 4121 ’Δλαμουνδάρου
1180 4043 1619 4115 καταπρώόντος
1671 4040 1794 4111 (f),
1831 4038 1891 4102 ὃς
1936 4038 2046 4093 τῶν

456 4142 751 4216 Σκηνητῶν
783 4143 971 4213 ἠγεῖτο
1001 4137 1317 4211 βαρϐάρων,
1348 4136 1445 4191 καὶ
1501 4135 1593 4189 τὸν
1627 4132 1921 4205 Εὐφράτην
1950 4133 2049 4203 οὐχ

457 4233 721 4306 ἑλομένου
759 4233 1018 4300 διαϐῆναι
1074 4230 1341 4301 ποταμὸν,
1400 4227 1500 4282 καὶ
1567 4226 1933 4298 συμμαχῆσαι
1969 4222 2051 4294 τῷ

456 4325 756 4397 Μαυρικίῳ
790 4323 933 4379 κατὰ
980 4322 1091 4378 τῶν
1131 4320 1464 4385 άπεναντίας
1510 4317 1803 4391 Σκηνητῶν
1843 4316 2051 4388 βαρϐά-

460 4433 574 4488 ρων
599 4418 667 4473 ”.
714 4415 1176 4486 ’Δκαταγώνιστοι
1206 4414 1315 4485 γάρ
1338 4414 1454 4476 τοῖς
1486 4409 1668 4473 άλλοις
1695 4408 1784 4462 διά
1814 4408 1913 4479 τὴν
1940 4408 2051 4462 τῶν

2144 3221 2273 3261 cum
2306 3206 2511 3277 ingenti
2539 3206 2789 3262 exercitu
2826 3206 2882 3260 in
2932 3206 3070 3262 ﬁnes
3106 3207 3483 3263 Romanorum
3526 3209 3743 3282 irrupe-

2149 3308 2293 3358 rant.
2329 3299 2473 3367 Quid
2520 3308 2703 3355 autem
2757 3309 2973 3371 gestum
3030 3300 3121 3366 sit,
3158 3309 3215 3356 et
3262 3317 3502 3372 quonam
3553 3304 3739 3372 modo,

2148 3393 2463 3466 quibusque
2490 3392 2546 3447 in
2571 3392 2729 3459 locis,
2761 3392 3009 3448 scribant
3036 3392 3129 3448 alii
3168 3411 3181 3447 :
3214 3401 3311 3448 aut
3348 3408 3380 3448 a
3413 3393 3576 3450 nobis
3624 3394 3741 3450 for—

2152 3498 2295 3545 tasse
2338 3486 2394 3540 in
2430 3484 2538 3540 alio
2568 3500 2734 3555 opere
2765 3494 3096 3555 exponetur.
3143 3486 3395 3541 Praesens
3416 3485 3563 3540 enim
3603 3502 3745 3557 opus

2150 3580 2311 3650 longe
2342 3578 2574 3633 aliarum
2604 3592 2794 3632 rerum
2820 3576 3198 3632 narrationem
3232 3577 3547 3647 pollicetur.
3579 3576 3742 3633 Ceci-

2152 3670 2235 3725 dit
2276 3668 2640 3723 nihilominus
2691 3667 2748 3721 in
2794 3682 2859 3721 ea
2910 3682 3093 3738 pugna
3146 3666 3571 3735 Tamchosroes,
3626 3685 3737 3724 non

2151 3761 2431 3819 exercitus
2460 3758 2693 3815 Romani
2728 3758 3078 3825 fortitudine,
3110 3759 3206 3815 sed
3233 3760 3392 3815 ducis
3425 3776 3619 3816 eorum
3645 3778 3736 3816 rc-

2150 3855 2359 3927 ligione
2388 3861 2445 3909 et
2470 3852 2528 3907 in
2558 3852 2732 3907 Deum
2766 3850 2896 3907 fide.
2934 3850 3314 3907 Adaarmanes
3341 3868 3473 3907 vero
3492 3895 3506 3919 ,
3537 3852 3745 3924 ingenti

2151 3946 2307 4003 clade
2322 3952 2568 4016 accepta,
2602 3953 2659 3999 et
2689 3943 2881 3997 multis
2901 3958 3131 3999 suorum
3166 3944 3408 4010 amissis,
3440 3946 3746 4001 contentis—

2154 4040 2294 4095 sime
2325 4037 2507 4109 fugit:
2539 4035 2704 4106 idque
2753 4035 2974 4091 tametsi
3004 4035 3413 4093 Alamundarus
3444 4037 3750 4093 Saraceno-

2155 4146 2280 4186 rum
2306 4129 2419 4185 dux
2449 4125 2809 4199 prodidisset,
2840 4140 2946 4181 nec
2981 4125 3322 4197 Euphratem
3347 4142 3568 4181 amnem
3596 4127 3753 4198 traji-

2154 4239 2305 4289 cere,
2329 4231 2388 4278 et
2410 4218 2673 4276 Mauricio
2694 4217 2962 4274 adversus
2975 4217 3279 4275 Saracenos
3308 4220 3403 4291 qui
3436 4220 3491 4275 in
3508 4219 3752 4274 hostium

2157 4318 2275 4374 acie
2305 4324 2487 4381 erant,
2518 4312 2804 4384 suppetias
2834 4310 2979 4367 ferre
3004 4310 3295 4367 voluisset.
3321 4312 3458 4367 Nam
3490 4311 3752 4367 Saraceni

2158 4410 2227 4464 ab
2263 4408 2387 4462 aliis
2459 4402 2714 4474 superari
2766 4416 2876 4455 non
2908 4410 3145 4471 possunt
3196 4412 3423 4473 propter
3477 4418 3752 4473 equorum

460 4509 647 4563 ἵππων
729 4507 1023 4575 ὠκύττδτα,
1072 4504 1199 4561 οὐτε
1269 4500 1857 4574 καταλαμϐανόμενοι,
1892 4501 2038 4555 εἴποι

2158 4499 2569 4572 pernicitatem.
2603 4496 2817 4567 Quippe
2846 4495 2941 4565 qui
2971 4512 3076 4552 nec
3102 4495 3498 4567 comprehendi
3536 4496 3754 4567 possint

1803 4661 2041 4718 VABIAS
2085 4658 2512 4717 LECTlONES.’

539 4797 585 4829 ²⁹
608 4794 670 4851 C.
702 4793 764 4851 C.
806 4791 1078 4866 Ἀράϐων.

1697 4902 1968 4960 VALESII
1999 4901 2566 4962 ANNOTATIONES.

540 5032 654 5101 (90)
673 5027 1026 5101 ’Efomto'gf.
1046 5024 1105 5079 In
1124 5024 1317 5101 codice
1334 5022 1948 5101 Florentinoscriptum
1971 5023 2058 5101 in-

2164 5028 2286 5075 ctor
2314 5020 2368 5074 in
2396 5019 2687 5089 Exeerptis
2713 5018 3078 5090 legationum,
3108 5029 3166 5074 et
3212 5015 3661 5090 'I‘heopliylactus
3695 5015 3751 5090 in

463 5086 591 5158 veni
612 5086 926 5170 ἐξοικῆσαι.
951 5095 1308 5176 Nicephorus
1336 5110 1484 5176 'vcro
1518 5086 1844 5175 simpliciter
1859 5092 2058 5176 posuit
2165 5091 2310 5173 libro
2333 5107 2411 5173 tu.
2445 5086 2696 5176 Qpal'iter
2731 5086 2863 5171 vero
2890 5090 2945 5176 in
2992 5090 3183 5176 pr:e_lio
3224 5086 3507 5176 adversus,
3542 5086 3751 5176 Mauri-

462 5164 694 5226 olxiaat'.
714 5164 827 5243 Ego
844 5184 953 5223 non
969 5164 1166 5221 dubito
1178 5167 1312 5243 quin
1336 5165 1604 5243 Evagrius
1615 5164 1899 5243 scripserit
1914 5166 2057 5243 ἐτοις

2167 5162 2314 5217 cium
2345 5161 2674 5215 interfectus
2704 5160 2797 5223 sit,
2834 5157 3008 5216 refert
3048 5161 3192 5214 idem
3224 5158 3672 5229 Theophylactus
3700 5157 3754 5209 in

468 5243 645 5296 κίσαι.
680 5230 822 5299 Usus
859 5248 1035 5295 estea
1060 5230 1211 5292 voce’
1239 5230 1509 5309 Evagrius
1547 5235 1602 5288 in
1650 5230 1772 5304 cap.
1826 5235 1850 5288 l
1912 5249 1977 5289 ac
2021 5232 2059 5286 2
2165 5248 2289 5302 cap.
2321 5231 2390 5286 18
2437 5231 2563 5309 libri
2596 5248 2675 5286 ιιι.
2709 5231 2881 5309 quue
2932 5240 3301 5309 gestumesse
3352 5237 3602 5309 t_cstatur_
3631 5235 3757 5309 post

466 5313 1228 5452 1ωῶιῗ)11⁸131Ἱίιμοσχρόης.
1286 5374 1667 5452 ASeribendum
1729 5382 1824 5452 es_t_
1852 5375 2047 5452 procul

467 5444 644 5509 dubio
674 5444 1070 5524 Ταμχοᾶρόηςῖ
1094 5444 1361 5524 Sicenim
1402 5446 1575 5524 paulo
1624 5453 1758 5524 ante
1785 5444 2054 5524 Evagrius

467 5540 599 5581 eum
628 5515 1085 5581 vocat."Méminit
1108 5521 1276 5591 hujus
1314 5515 1477 5573 (lueis
1527 5515 1829 5571 Menander
1868 5523 2057 5585 prote-

2168 5298 2404 5357 mortem
2460 5298 2809 5372 imperatoris
2842 5298 3072 5367 Justini,
3106 5300 3334 5372 Tiberio
3357 5300 3469 5372 jam
3538 5298 3605 5352 ad
3638 5299 3754 5372 Λιι-

2164 5383 2384 5443 gustum
2417 5367 2636 5429 culmen
2669 5382 2885 5429 evecta.
2919 5374 2979 5428 In
3010 5371 3209 5430 codice
3262 5367 3575 5426 Telleriano
3616 5367 3754 5423 seri-

2162 5455 2319 5515 ptum
2340 5455 2428 5500 est
2447 5445 2687 5515 χοσρόις.

1939 5656 2327 5715 νΑιιιοιιυιιι.

549 5790 569 5857 ί
585 5787 608 5856 Ι
620 5787 640 5848 l
674 5784 1667 5859 ‘Alajwvodpouxataapoddwoc.
1714 5784 2053 5841 Alamunda-

470 5856 592 5927 rus,
626 5856 999 5920 Romanorum
1032 5859 1091 5915 in
1132 5856 1241 5915 hac
1260 5856 1612 5926 expeditione
1633 5872 1840 5927 comes,
1863 5872 2060 5914 eorum

2167 5783 2397 5839 consilia
2436 5783 2728 5839 Persarum
2761 5779 2875 5849 regi
2914 5776 3229 5848 prodidisse
3284 5774 3478 5832 fertur.
3544 5770 3743 5845 Pagius

2170 5855 2286 5912 haec
2306 5853 2475 5912 refert
2506 5868 2655 5910 anno
2687 5852 2810 5917 58l,
2847 5867 2903 5905 ιι.
2934 5849 3020 5905 li.
