3908 6484
469 273 613 337 2843

1653 274 1972 340 EVAGRII
2017 273 2506 336 SCHOLASTICI

3604 275 3735 340 2844

544 385 629 442 ιἰ.
670 384 959 453 Quomodo
1000 382 1302 454 imperator
1339 382 1527 439 denuo
1554 383 1925 455 Philippicum
1960 384 2050 438 mi-

2235 385 2327 451 ς’.
2364 383 2452 448 Ὠς
2477 384 2506 436 ὁ
2531 381 2782 454 βασιλεὺς
2803 382 3131 438 Φιλιππικδν
3155 382 3322 439 πάλιν
3342 382 3735 455 tamquam,

466 483 560 544 sit,
593 488 763 549 utque
796 479 1075 535 exercitus
1096 494 1223 533 eum
1263 475 1547 547 suscipere
1578 476 1876 530 recusavit.

538 572 650 627 VII.
692 572 767 626 De
791 569 1058 643 Gregorio
1081 570 1387 626 Antiochia:
1414 571 1697 641 episcopo,
1717 570 1898 640 deque
1926 584 2058 623 cou-

462 666 683 720 cinnata
711 664 979 719 adversus
1004 680 1132 718 eum
1173 663 1483 728 calumnia,
1523 672 1581 719 et
1622 661 1901 733 quomodo
1933 676 2055 716 eam

462 762 582 817 falsi
627 762 953 817 convicerit.
1132 746 1137 747 ν

536 854 671 909 VIII.
720 853 1008 921 Quomodo
1052 852 1347 908 Antiochia
1385 859 1546 906 terrae
1585 850 1831 906 motibus
1870 848 2056 905 denuo

460 955 656 1002 vexata
693 954 799 1000 est.

532 1038 622 1093 IX.
654 1034 943 1104 Quomodo
975 1032 1204 1089 Barbari
1238 1031 1435 1087 ﬁducia
1466 1039 1685 1101 sumpta
1709 1046 1779 1087 ex
1808 1046 1877 1086 eo
1905 1029 2053 1100 quod

460 1128 665 1183 milites
693 1127 763 1182 ab
798 1128 1133 1196 imperatore
1167 1124 1533 1189 defecissent,
1561 1122 1787 1179 eosdem
1818 1123 2050 1196 agressi,

458 1239 489 1277 a
519 1221 795 1277 Germano
825 1218 1068 1289 superati
1102 1226 1250 1273 sunt.
1652 1231 1657 1235 ·
1824 1282 1827 1285 Α

530 1310 602 1369 X.
647 1312 723 1367 De
758 1309 1109 1381 imperatoris
1139 1310 1194 1363 in
1228 1306 1463 1362 rebelles
1491 1305 1809 1362 clementia.

526 1487 620 1544 XI.
666 1486 953 1555 Quomodo
985 1484 1287 1556 Gregorius
1326 1483 1721 1542 Antiochensis
1756 1484 2051 1558 episcopus

457 1583 525 1638 ad
556 1582 831 1653 pacandos
856 1579 1064 1635 milites
1100 1578 1347 1635 directus
1375 1588 1481 1635 est.

527 1674 644 1730 XII.
696 1671 946 1744 Gregorii
982 1672 1159 1727 oratio
1188 1672 1255 1727 ad
1291 1672 1616 1729 exercitum.

529 1764 668 1820 XIII.
716 1763 1004 1832 Quomodo
1034 1772 1158 1835 post
1185 1764 1493 1819 orationem
1518 1762 1786 1835 Gregorii,
1820 1762 2047 1825 milites,
2081 1745 2123 1801 Β

457 1856 707 1928 deposita
729 1857 916 1927 priore
933 1856 1229 1922 sententia,
1255 1856 1623 1927 Philippicum
1647 1855 1844 1911 ducem
1866 1855 2050 1910 denuo

456 1957 843 2019 susceperunt.

528 2042 670 2098 XIV.
706 2040 1000 2109 Quomodo
1032 2048 1193 2111 capta
1229 2039 1302 2095 sit
1325 2038 1727 2111 Martyropolis.

526 2135 644 2190 XV.
676 2135 753 2189 De
792 2134 1142 2191 Gomentiolo
1173 2134 1434 2206 magistro
1464 2134 1725 2199 militum,
1757 2141 1814 2188 et
1847 2131 1916 2188 de
1948 2146 2049 2186 ex-

457 2225 793 2297 pugnatione
819 2225 1028 2280 castelli
1066 2224 1305 2279 Hocbas.

529 2319 667 2375 XVI.
706 2320 781 2375 De
807 2320 954 2375 caede
980 2318 1312 2375 Hormisdaa.

529 2411 692 2467 XVII.
744 2412 820 2467 De
850 2410 1093 2483 junioris
1144 2410 1411 2467 Gbosrois
1461 2408 1531 2465 ad
1584 2409 1860 2465 Romanos
1897 2405 2045 2478 fuga.

528 2601 715 2659 XVIII.
753 2601 1000 2669 Qualiter
1045 2602 1350 2671 imperator
1382 2599 1711 2671 Gregorium
1753 2613 1820 2653 ac
1858 2595 2048 2652 Domi-

459 2695 672 2750 tianum
713 2692 945 2749 Chosroi
970 2693 1190 2749 obviam
1219 2693 1301 2747 ire
1322 2693 1511 2764 jussit.

531 2783 675 2839 XIX.
728 2782 1018 2850 Quomodo
1083 2782 1360 2839 Ghosroes
1416 2783 1789 2838 Romanorum
1838 2776 2048 2836 auxilio

460 2891 693 2948 regnum
730 2891 891 2931 suum
924 2875 1292 2947 recuperavit.

532 2967 651 3023 XX.
698 2968 776 3023 De
802 2974 991 3023 sancta
1020 2976 1197 3023 matre
1226 2966 1570 3031 Golanduch,
1608 2982 1730 3037 qua:
1761 2964 1871 3020 illis
1903 2972 2046 3020 tem-

461 3060 692 3131 poribus
722 3059 879 3114 vixit.

533 3153 675 3208 XXI.
720 3154 796 3209 De
828 3153 1074 3209 donariis
1136 3169 1259 3224 quae
1302 3152 1579 3210 Ghosroes
1634 3153 1784 3210 misit
1818 3152 1888 3209 ad
1922 3168 2053 3210 san-

462 3255 613 3302 ctum
644 3255 940 3319 martyrem
976 3246 1252 3319 Sergium.

534 3338 702 3393 XXII.
746 3339 822 3393 De
854 3340 1129 3395 Naamane
1160 3338 1456 3394 Saraceno.

536 3433 727 3490 XXIII.
777 3434 854 3489 De
906 3433 1062 3488 obitu
1117 3432 1296 3488 sancti
1370 3431 1649 3487 Simeonis
1701 3430 1911 3503 Stylita:
1957 3431 2053 3503 ju-

463 3542 664 3582 IIIOI’IS.

537 3618 724 3676 XXIV.
761 3619 837 3674 De
881 3618 1033 3675 obitu
1073 3617 1324 3690 Gregorii
1363 3616 1755 3673 Antiochensis
1783 3614 2053 3687 episcopi,

461 3720 520 3766 et
548 3711 898 3768 restitutione
928 3710 1223 3767 Anastasii.

877 4024 1038 4097 453
1088 4023 1314 4081 CAPUT
1351 4021 1644 4080 PRIMUM.

764 4137 843 4193 De
877 4137 1073 4208 nuptiis
1106 4136 1351 4191 Mauricii
1382 4145 1431 4189 et
1466 4135 1739 4206 Augustae.

532 4250 834 4307 Mauricius
880 4250 1043 4305 simul
1096 4258 1261 4319 atque
1310 4248 1604 4318 imperium
1655 4246 1888 4318 adeptus
1940 4253 2045 4311 est,

462 4354 590 4399 ante
616 4342 799 4398 omnia
824 4340 1143 4412 nuptiarum
1173 4356 1401 4396 suarum
1426 4348 1751 4411 apparatum
1784 4337 2045 4394 instituit.

461 4439 765 4509 Augustam
814 4436 999 4506 igitur,
1046 4450 1169 4505 qua}
1221 4442 1278 4489 et
1322 4431 1682 4489 Constantina
1736 4431 2044 4497 dicebatur,

462 4529 693 4587 solemni
725 4529 1115 4599 imperatorum
1141 4540 1295 4581 more
1323 4540 1550 4580 uxorem
1582 4523 1762 4590 duxit,
1812 4523 2046 4595 nuptiali

463 4637 705 4693 pompa,
758 4630 813 4676 et
861 4618 1102 4691 publicis
1150 4616 1329 4687 epulis
1380 4630 1445 4669 ac
1496 4614 1890 4671 festivitatibus
1950 4630 2049 4687 per

462 4724 631 4768 totam
679 4711 870 4767 urbem
918 4707 1461 4780 magniﬁcentissime
1508 4706 1822 4763 celebratis.
1872 4706 2047 4762 Inter-

462 4806 689 4860 fuerunt
719 4803 804 4859 his
838 4800 1052 4872 nuptiis
1090 4800 1264 4870 pietas
1300 4807 1356 4853 et
1395 4799 1752 4870 imperatoria
1785 4799 2044 4872 dignitas,

464 4900 859 4955 decentissimo
914 4894 1172 4949 satellitio
1240 4892 1565 4948 Mauricium
1628 4904 1687 4949 et
1743 4894 2047 4964 Augustam

463 4992 758 5061 stipantes,
800 4997 857 5041 et
901 4982 1303 5056 pretiosissima
1345 4981 1427 5037 eis
1458 4997 1688 5037 munera
1725 4981 2043 5037 offerentes.

461 5084 599 5140 Nam
630 5081 722 5135 illa
745 5077 992 5150 quidem,
1024 5074 1171 5147 quod
1202 5074 1342 5129 nulli
1374 5089 1615 5143 unquam
1648 5073 2045 5144 imperatorum

461 5175 725 5246 obtigisse
760 5171 1015 5243 legimus,
1046 5176 1260 5240 patrem
1293 5166 1455 5223 simul
1485 5182 1548 5222 ac
1582 5175 1813 5220 matrem
1844 5165 2048 5221 Mauri-

462 5268 534 5323 cii
555 5265 826 5330 exhibuit,
852 5263 946 5334 qui
969 5262 1167 5317 decora
1193 5259 1394 5315 canitie
1426 5258 1688 5329 rogisque
1715 5258 2047 5314 venerandis

460 5362 685 5433 nuptias
709 5359 1119 5416 sanctiﬁcarent
1144 5374 1158 5410 :
1192 5356 1392 5411 fratres
1420 5354 1549 5410 item
1582 5354 1757 5409 forma
1783 5370 1847 5409 ac
1869 5367 2045 5408 venu-

457 5460 602 5509 state
630 5452 885 5516 eximios,
927 5449 1020 5521 qui
1050 5448 1364 5521 nuptiarum
1400 5460 1654 5518 pompam
1689 5454 2042 5501 exornarem.

2163 477 2193 530 ὁ
2224 476 2280 530 δὲ
2312 476 2544 547 στρατὸς
2572 475 2762 530 τοῦτον
2800 478 2860 530 οὐ
2893 475 3251 547 παρεδέξατο.

2231 570 2303 622 Z'.
2338 569 2474 640 Περὶ
2518 568 2819 641 Γρηγορίου
2844 568 2939 623 τοῦ
2964 569 3335 635 Θεουπόλεως,
3367 569 3467 624 καὶ
3498 570 3598 639 τῆς
3628 576 3740 625 κατ’

2158 660 2329 715 αὐτοῦ
2372 661 2676 733 γενομένης
2715 661 3105 733 συκοφαντίας,
3136 663 3234 717 καὶ
3262 662 3413 727 ὅπως
3448 677 3512 715 τε
3545 663 3741 736 ταύτην

2156 753 2330 827 ψευδῆ
2355 754 2655 826 διήλεγξεν.

2231 846 2317 902 Η’.
2362 846 2449 912 Ὠς
2480 846 2644 901 πάλιν
2692 847 2799 902 ὑπὸ
2844 847 3089 919 σεισμῶν
3128 849 3490 922 ῆΘεούπολις
3527 849 3744 905 ἔπαθεν.

2229 1018 2308 1074 Θ’.
2370 1019 2459 1084 '0;
2504 1020 2555 1074 οί
2611 1017 2888 1090 Βάρὸαροι
2943 1018 3319 1091 θαρρήσαντες
3350 1020 3419 1091 τῇ
3449 1017 3549 1072 τοῦ
3584 1034 3746 1087 στρα-

2154 1112 2249 1168 τοῦ
2284 1113 2429 1168 κατά
2468 1113 2564 1167 τοῦ
2607 1111 2873 1183 βασιλέως
2900 1112 3223 1178 ἀποστάσει,
3249 1112 3466 1176 τούτοις
3512 1110 3749 1183 προσδα-

2153 1206 2359 1272 λόντες,
2394 1206 2500 1261 ὑπὸ
2522 1205 2806 1277 Γερμανοῦ
2835 1205 3171 1277 ἡττήθησαν.

2225 1302 2284 1354 l'.
2334 1300 2472 1371 Περὶ
2525 1299 2626 1370 τῆς
2674 1297 2771 1353 τοῦ
2812 1298 3079 1370 βασιλέως
3134 1301 3215 1364 είς
3252 1299 3381 1364 τοὺς
3432 1296 3745 1361 ἀποστάτας

2153 1393 2589 1466 φιλανθρωπίας.

2225 1483 2330 1540 1Δ’.
2376 1487 2464 1550 Ὠς
2508 1485 2808 1558 Γρηγόριος
2858 1487 2888 1540 ὁ
2933 1483 3284 1548 Θεουπόλεως
3331 1484 3414 1548 είς
3451 1482 3743 1553 διαλλαγάς

2150 1578 2491 1651 ἐξαπεστάλη
2525 1578 2621 1631 τοῦ
2661 1576 2914 1649 στρατοῦ.

2223 1671 2325 1726 IB'.
2362 1671 2685 1744 Δημηγορία
2711 1670 3018 1743 Γρηγορίου
3048 1669 3184 1741 πρὸς
3216 1671 3310 1725 τὸν
3339 1670 3598 1742 στρατόν.

2230 1766 2330 1820 II".
2360 1765 2484 1819 Ὅτι
2528 1765 2669 1836 μετά
2732 1763 2793 1818 τὸ
2833 1764 3223 1836 δημηγορῆσαι
3256 1762 3587 1835 Γρηγόριον,
3627 1776 3746 1831 μετ⁹

2157 1858 2342 1912 έθεντο
2369 1858 2491 1921 ταῖς
2518 1855 2769 1926 γνώμαις
2794 1857 2843 1910 οί
2877 1855 3231 1929 στρατιῶται,
3253 1856 3348 1908 καὶ
3377 1853 3542 1909 πάλιν
3566 1853 3743 1925 δέχον-

2155 1968 2246 2004 ται
2276 1949 2603 2004 Φιλιππικὸν
2635 1949 2964 2020 στρατηγόν.

2228 2045 2328 2097 1Δ¹.
2374 2042 2512 2114 Περὶ
2546 2042 2645 2113 τῆς
2683 2041 2942 2106 ἁλώσεως
2987 2036 3494 2111 Μαρτυροπόλεως.

2144 2180 2163 2193 .
2229 2135 2332 2191 1Ε’.
2362 2137 2498 2206 Περὶ
2539 2136 2641 2202 τῆς
2674 2134 3014 2207 στρατηγίας
3045 2132 3437 2205 Κομεντιόλου,
3470 2131 3573 2185 καὶ
3603 2129 3742 2186 ἀλώ-

2157 2246 2296 2293 σεως
2337 2228 2434 2284 τοῦ
2460 2230 2691 2293 Ὀκὸας.

2225 2321 2342 2392 IG".
2373 2324 2510 2396 Περὶ
2535 2324 2636 2393 τῆς
2668 2322 3003 2395 ἀναιρέσεως
3041 2320 3357 2394 Ὀρμίσδου.

2222 2414 2325 2471 ΙΖ⁸.
2374 2415 2513 2485 Περὶ
2564 2414 2664 2485 τῆς
2700 2415 2840 2485 πρὸς
2885 2414 3037 2485 ἡμᾶς
3094 2411 3276 2483 φυγῆς
3313 2408 3411 2465 τοῦ
3464 2409 3596 2464 νέου
3642 2409 3744 2464 Xo-

2156 2506 2341 2579 σρόου.

2226 2600 2335 2652 IH'.
2392 2597 2481 2662 '0;
2521 2597 2550 2650 ὁ
2591 2595 2849 2668 βασιλεὺς
2904 2596 3210 2668 Γρηγόριον
3268 2595 3364 2649 καὶ
3414 2595 3745 2667 Δομετιανὸν

2155 2692 2237 2755 είς
2265 2690 2865 2761 ἀπάντησιν“Χοσρόου
2900 2688 3305 2754 ἐξαπέστειλεν.

2226 2782 2328 2837 18'.
2375 2782 2463 2843 Ὠς
2501 2780 2664 2837 πάλιν
2698 2782 2800 2852 τὴν
2824 2781 3000 2853 ἀρχὴν
3031 2780 3259 2854 Περσῶν
3284 2779 3535 2852 Χοσρόης
3564 2778 3744 2844 ἐλαΰε,

2168 2875 2455 2947 Ῥωμαίων
2487 2875 2634 2946 αὐτῷ
2666 2873 3079 2947 συναραμένων.

2225 2970 2313 3024 κ’.
2347 2970 2469 3024 Ὀτι
2494 2969 2619 3022 κατ’
2649 2970 2829 3022 ὲκεῖνο
2848 2965 3046 3040 καιροῦ
3071 2969 3106 3041 ῆ
3135 2966 3268 3037 άγία
3310 2967 3499 3039 μήτηρ
3528 2962 3601 3039 ῆν
3646 2965 3739 3020 Γο-

2077 3097 2123 3159 c
2153 3060 2406 3132 λανδοιὶχ.

2232 3154 2366 3210 KA'.
2416 3155 2555 3227 Περὶ
2607 3147 2684 3209 ὧν
2730 3153 2944 3226 ἔπεμψε
2973 3152 3223 3225 Χοσρόης
3272 3150 3645 3223 ἀναθημάτων
3669 3148 3743 3220 τῷ

2160 3246 2304 3318 ἁγίῳ
2338 3245 2579 3319 μάρτυρι
2620 3246 2855 3319 Σεργίῳ.

2234 3338 2363 3393 KB’.
2394 3339 2536 3410 Περὶ
2572 3338 2875 3410 Νααμάνου
2903 3337 3001 3393 τοῦ
3032 3336 3379 3410 Σαρακηνοῦ.

2232 3428 2360 3491 Kl".
2398 3430 2533 3501 Περὶ
2552 3430 2651 3502 τῆς
2681 3430 2940 3502 τελευτῆς
2967 3429 3063 3485 τοῦ
3087 3431 3146 3485 έν
3177 3431 3355 3500 ἁγίοις
3384 3428 3617 3501 Συμεὼν
3650 3425 3737 3483 τοῦ

2162 3518 2283 3575 νέου
2314 3520 2598 3576 Στυλίτου.

2233 3612 2507 3684 ΚΔ’.Περὶ
2527 3614 2628 3683 τῆς
2650 3612 2909 3684 τελευτῆς
2926 3612 3232 3685 Γρηγορίου
3251 3612 3553 3668 ἐπισκόπου
3572 3612 3733 3667 Θεον-

2160 3705 2393 3771 πόλεως,
2422 3704 2519 3760 καὶ
2542 3704 3042 3772 ἀποκαταστάσεως
3083 3706 3460 3762 ’Δναστασίου.

2588 4022 2988 4079 ΚΕΦΔΛΔΙΟΝ
3032 4023 3326 4079 ΠΡΩΤΟΝ.

2071 4152 2125 4213 ι)
2242 4132 2383 4203 Περὶ
2411 4132 2521 4189 τοῦ
2550 4132 2741 4205 γάμου
2764 4137 3100 4204 Μαυρικιου
3124 4137 3222 4193 καὶ
3243 4139 3623 4209 Aﬁr-adortae.

2224 4246 2534 4321 Μαυρίκιος
2575 4246 2652 4314 δὲ,
2685 4248 2807 4301 ἐπεὶ
2850 4248 3163 4320 παρέλαϐεν
3184 4250 3282 4321 τὴν
3308 4252 3511 4322 ἀρχὴν,
3543 4250 3720 4321 πρῶτα

2153 4337 2253 4409 μὲν
2287 4336 2356 4391 τά
2406 4337 2539 4409 περὶ
2586 4337 2680 4390 τὸν
2724 4338 2903 4409 γάμον
2940 4336 3267 4409 ἑξηρτύετο’
3300 4340 3399 4395 καὶ
3439 4342 3577 4395 κατά
3603 4340 3721 4403 τοὺς

2151 4430 2468 4502 βασιλικοὺς
2494 4431 2731 4501 θεσμοὺς
2766 4428 3107 4500 Αὐγοῦσταν,
3137 4432 3236 4504 τὴν
3262 4434 3356 4486 καὶ
3386 4433 3719 4488 Κωνσταντί-

2149 4543 2268 4592 ναν,
2307 4523 2655 4590 ὲσοικίίξεται⁹
2683 4524 2783 4596 τῆς
2823 4541 2883 4578 τε
2925 4526 3036 4579 τῶν
3066 4527 3261 4598 γάμων
3305 4529 3531 4600 πομπῆς
3561 4546 3717 4599 μεγα-

2149 4617 2438 4689 λοπρεπῶς
2461 4617 2861 4688 γεγενημένης,
2895 4617 3243 4690 δημοθοινίας
3266 4635 3347 4684 τε,
3384 4622 3482 4674 καὶ
3524 4622 3718 4692 ἀγερω-

2150 4712 2274 4783 χίας
2307 4710 2614 4782 ἑκασταχοῦ
2646 4711 2745 4782 τῆς
2786 4712 3019 4775 πόλεως.
3056 4711 3318 4784 Παρῆσαν
3357 4713 3417 4767 δὲ
3446 4714 3523 4786 τῷ
3545 4712 3712 4784 γάμῳ,

2150 4803 2435 4858 θεοσέϐειά
2486 4820 2547 4856 τε
2602 4805 2698 4858 καὶ
2732 4802 2977 4873 βασιλεία
3020 4802 3416 4875 δορυφοροῦσαι
3445 4823 3504 4859 τε
3533 4807 3715 4876 ἐκπρε-

2150 4895 2395 4948 πέστατα
2417 4934 2432 4958 ,
2464 4896 2560 4949 καὶ
2602 4894 3009 4968 δωροφοροῦσαι
3058 4895 3129 4949 τὰ
3164 4894 3496 4966 τιμιώτατα.
3535 4897 3593 4949 Ἤ
3623 4896 3713 4963 μὲν

2149 4988 2258 5059 γὰρ
2305 4987 2518 5058 πατέρα
2562 4989 2658 5041 κα)⁸
2707 4988 2924 5060 μητέρα
2988 4987 3307 5060 παρείχετο,
3337 4992 3512 5062 σεμνῇ
3546 4988 3709 5057 πολιᾷ.

2148 5079 2416 5150 αίδεσίμῳ
2444 5095 2504 5133 τε
2535 5079 2710 5150 ρυτίδι
2740 5078 2830 5132 τὸν
2855 5079 3033 5147 γάμον
3063 5079 3413 5148 άγιάσοντας,
3452 5081 3547 5151 οὐχ
3579 5081 3709 5133 ίστο-

2152 5169 2314 5243 ρηθὲν
2345 5171 2403 5233 ἐς
2434 5169 2479 5200 ³³
2510 5168 2766 5240 βασιλέας
2815 5167 3035 5221 πώποτε
3064 5209 3079 5233 ,
3110 5168 3377 5238 ἀδελφούς
3419 5186 3480 5222 τε
3531 5166 3708 5227 καλοὺς

2148 5264 2241 5317 καὶ
2265 5261 2503 5333 ὡραίους
2532 5260 2630 5332 τὴν
2680 5260 2948 5333 γαμήλιον
2974 5260 3202 5332 πομπὴν
3234 5261 3605 5332 σεμνύνοντας.
3649 5257 3705 5310 Ἦ

2146 5354 2202 5408 δέ
2226 5371 2313 5423 γε,
2343 5354 2666 5425 ἀμπεχόνην
2699 5354 3100 5426 χρυσόπαστον,
3131 5353 3413 5424 ἁλουργίδι
3440 5354 3533 5408 καὶ
3556 5349 3706 5413 λίθοις

2161 5446 2340 5500 Ἰνδῶν
2375 5446 2822 5519 κεκοσμημένην,
2870 5446 3172 5516 στεφάνους
3217 5461 3277 5499 τε
3312 5444 3501 5519 χρυσῷ
3544 5439 3704 5510 πολλῷ

1765 5587 1999 5644 VAltI/E
2039 5587 2449 5647 LECTIONES.

533 5718 579 5755 ³³
611 5710 673 5768 C.
705 5710 768 5767 C.
802 5707 896 5773 ὡς.
