  <div class='ocr_page' id='page_1' title='image "/cluster/home/n/w/nwhite01/storage/ocr_20150623/86:2/hvd.32044012719696/552.png"; bbox 0 0 4018 6502; ppageno 0'>
   <div class='ocr_carea' id='block_1_1' title="bbox 133 330 266 397">
    <p class='ocr_par' dir='ltr' id='par_1_1' title="bbox 133 330 266 397">
     <span class='ocr_line' id='line_1_1' title="bbox 133 330 266 397; baseline 0.038 -5"><span class='ocrx_word' id='word_1_1' title='bbox 133 330 266 397; x_wconf 76' lang='grc' dir='ltr'><strong>28ίό</strong></span> 
     </span>
    </p>
   </div>
   <div class='ocr_carea' id='block_1_2' title="bbox 1010 324 2440 397">
    <p class='ocr_par' dir='ltr' id='par_1_2' title="bbox 1010 324 2440 397">
     <span class='ocr_line' id='line_1_2' title="bbox 1010 324 2440 397; baseline 0.006 -11"><span class='ocrx_word' id='word_1_2' title='bbox 1010 324 2034 397; x_wconf 62' lang='lat' dir='ltr'><strong>HISTORL’EECCLESIASTICE</strong></span> <span class='ocrx_word' id='word_1_3' title='bbox 2074 330 2304 391; x_wconf 81' lang='lat' dir='ltr'><strong>LIBER</strong></span> <span class='ocrx_word' id='word_1_4' title='bbox 2341 330 2440 394; x_wconf 87' lang='lat' dir='ltr'><strong>VI.</strong></span> 
     </span>
    </p>
   </div>
   <div class='ocr_carea' id='block_1_3' title="bbox 3246 330 3387 394">
    <p class='ocr_par' dir='ltr' id='par_1_3' title="bbox 3246 330 3387 394">
     <span class='ocr_line' id='line_1_3' title="bbox 3246 330 3387 394; baseline 0 0"><span class='ocrx_word' id='word_1_5' title='bbox 3246 330 3387 394; x_wconf 69' lang='grc'>2846</span> 
     </span>
    </p>
   </div>
   <div class='ocr_carea' id='block_1_4' title="bbox 138 438 1729 517">
    <p class='ocr_par' dir='ltr' id='par_1_4' title="bbox 138 438 1706 517">
     <span class='ocr_line' id='line_1_4' title="bbox 138 438 1706 517; baseline -0.001 -17"><span class='ocrx_word' id='word_1_6' title='bbox 138 449 235 501; x_wconf 79' lang='grc' dir='ltr'><strong>καὶ</strong></span> <span class='ocrx_word' id='word_1_7' title='bbox 268 443 382 507; x_wconf 80' lang='grc' dir='ltr'><strong>ταῖς</strong></span> <span class='ocrx_word' id='word_1_8' title='bbox 412 444 478 497; x_wconf 70' lang='grc' dir='ltr'><strong>ἐκ</strong></span> <span class='ocrx_word' id='word_1_9' title='bbox 509 439 675 496; x_wconf 88' lang='grc' dir='ltr'><strong>λίθων</strong></span> <span class='ocrx_word' id='word_1_10' title='bbox 696 438 992 506; x_wconf 80' lang='grc' dir='ltr'><strong>ποικιλίαις</strong></span> <span class='ocrx_word' id='word_1_11' title='bbox 1018 459 1077 497; x_wconf 84' lang='grc' dir='ltr'><strong>τε</strong></span> <span class='ocrx_word' id='word_1_12' title='bbox 1129 443 1225 497; x_wconf 74' lang='grc' dir='ltr'><strong>καὶ</strong></span> <span class='ocrx_word' id='word_1_13' title='bbox 1250 443 1554 516; x_wconf 86' lang='grc' dir='ltr'><strong>διαυγείαις</strong></span> <span class='ocrx_word' id='word_1_14' title='bbox 1574 463 1706 517; x_wconf 85' lang='grc' dir='ltr'><strong>τιμ-</strong></span> 
     </span>
    </p>
   </div>
   <div class='ocr_carea' id='block_1_5' title="bbox 1836 438 3389 517">
    <p class='ocr_par' dir='ltr' id='par_1_5' title="bbox 1836 442 3389 516">
     <span class='ocr_line' id='line_1_5' title="bbox 1836 442 3389 516; baseline -0.005 -13"><span class='ocrx_word' id='word_1_15' title='bbox 1836 449 1936 504; x_wconf 68' lang='lat' dir='ltr'><strong>laac</strong></span> <span class='ocrx_word' id='word_1_16' title='bbox 1962 462 2096 501; x_wconf 91' lang='lat' dir='ltr'><strong>vero</strong></span> <span class='ocrx_word' id='word_1_17' title='bbox 2118 460 2344 501; x_wconf 83' lang='lat' dir='ltr'><strong>auream</strong></span> <span class='ocrx_word' id='word_1_18' title='bbox 2371 452 2579 500; x_wconf 90' lang='lat' dir='ltr'><strong>vestem</strong></span> <span class='ocrx_word' id='word_1_19' title='bbox 2611 458 2854 516; x_wconf 85' lang='lat' dir='ltr'><strong>purpura</strong></span> <span class='ocrx_word' id='word_1_20' title='bbox 2876 451 2932 499; x_wconf 90' lang='lat' dir='ltr'><strong>et</strong></span> <span class='ocrx_word' id='word_1_21' title='bbox 2962 442 3163 514; x_wconf 85' lang='lat' dir='ltr'><strong>lapillis</strong></span> <span class='ocrx_word' id='word_1_22' title='bbox 3187 442 3389 497; x_wconf 83' lang='lat' dir='ltr'><strong>indicis</strong></span> 
     </span>
    </p>
   </div>
   <div class='ocr_carea' id='block_1_6' title="bbox 134 530 1707 609">
    <p class='ocr_par' dir='ltr' id='par_1_6' title="bbox 134 530 1707 609">
     <span class='ocr_line' id='line_1_6' title="bbox 134 530 1707 609; baseline 0.001 -17"><span class='ocrx_word' id='word_1_23' title='bbox 134 537 517 609; x_wconf 77' lang='grc' dir='ltr'><strong>αλφεστάτους,</strong></span> <span class='ocrx_word' id='word_1_24' title='bbox 570 530 817 599; x_wconf 74' lang='grc' dir='ltr'><strong>ἅπαντας</strong></span> <span class='ocrx_word' id='word_1_25' title='bbox 854 550 943 588; x_wconf 66' lang='grc' dir='ltr'><strong>τε.</strong></span> <span class='ocrx_word' id='word_1_26' title='bbox 964 535 1093 598; x_wconf 82' lang='grc' dir='ltr'><strong>τοὺς</strong></span> <span class='ocrx_word' id='word_1_27' title='bbox 1158 535 1217 588; x_wconf 76' lang='grc' dir='ltr'><strong>ἑν</strong></span> <span class='ocrx_word' id='word_1_28' title='bbox 1267 535 1526 603; x_wconf 77' lang='grc' dir='ltr'><strong>ἁξιὼσεσι</strong></span> <span class='ocrx_word' id='word_1_29' title='bbox 1576 540 1707 609; x_wconf 76' lang='grc' dir='ltr'><strong>περὶ</strong></span> 
     </span>
    </p>
   </div>
   <div class='ocr_carea' id='block_1_7' title="bbox 132 627 1709 702">
    <p class='ocr_par' dir='ltr' id='par_1_7' title="bbox 132 627 1709 702">
     <span class='ocr_line' id='line_1_7' title="bbox 132 627 1709 702; baseline -0.001 -16"><span class='ocrx_word' id='word_1_30' title='bbox 132 632 235 702; x_wconf 80' lang='grc' dir='ltr'><strong>τὴν</strong></span> <span class='ocrx_word' id='word_1_31' title='bbox 260 629 423 699; x_wconf 80' lang='grc' dir='ltr'><strong>αὐλὴν</strong></span> <span class='ocrx_word' id='word_1_32' title='bbox 466 630 559 682; x_wconf 79' lang='grc' dir='ltr'><strong>καὶ</strong></span> <span class='ocrx_word' id='word_1_33' title='bbox 610 627 925 699; x_wconf 79' lang='grc' dir='ltr'><strong>στρατείαις</strong></span> <span class='ocrx_word' id='word_1_34' title='bbox 955 629 1328 701; x_wconf 68' lang='grc' dir='ltr'><strong>ἐναριθμίους,</strong></span> <span class='ocrx_word' id='word_1_35' title='bbox 1387 632 1596 701; x_wconf 80' lang='grc' dir='ltr'><strong>κηρούς</strong></span> <span class='ocrx_word' id='word_1_36' title='bbox 1647 648 1709 684; x_wconf 87' lang='grc' dir='ltr'><strong>τε</strong></span> 
     </span>
    </p>
   </div>
   <div class='ocr_carea' id='block_1_8' title="bbox 131 721 1712 796">
    <p class='ocr_par' dir='ltr' id='par_1_8' title="bbox 131 721 1712 796">
     <span class='ocr_line' id='line_1_8' title="bbox 131 721 1712 796; baseline -0.003 -16"><span class='ocrx_word' id='word_1_37' title='bbox 131 721 432 795; x_wconf 76' lang='grc' dir='ltr'><strong>γαμηλίους</strong></span> <span class='ocrx_word' id='word_1_38' title='bbox 462 721 829 787; x_wconf 82' lang='grc' dir='ltr'><strong>ὲξάπτοντας,</strong></span> <span class='ocrx_word' id='word_1_39' title='bbox 871 722 1308 796; x_wconf 75' lang='grc' dir='ltr'><strong>μεγαλοπρεπῶς</strong></span> <span class='ocrx_word' id='word_1_40' title='bbox 1345 741 1407 777; x_wconf 85' lang='grc' dir='ltr'><strong>τε</strong></span> <span class='ocrx_word' id='word_1_41' title='bbox 1444 723 1712 795; x_wconf 70' lang='grc' dir='ltr'><strong>ἐσταλμέ-</strong></span> 
     </span>
    </p>
   </div>
   <div class='ocr_carea' id='block_1_9' title="bbox 134 805 1711 885">
    <p class='ocr_par' dir='ltr' id='par_1_9' title="bbox 134 805 1711 885">
     <span class='ocr_line' id='line_1_9' title="bbox 134 805 1711 885; baseline -0.001 -16"><span class='ocrx_word' id='word_1_42' title='bbox 134 830 254 877; x_wconf 85' lang='grc' dir='ltr'><strong>νους</strong></span> <span class='ocrx_word' id='word_1_43' title='bbox 281 812 381 884; x_wconf 84' lang='grc'><strong>(7),</strong></span> <span class='ocrx_word' id='word_1_44' title='bbox 415 813 513 867; x_wconf 77' lang='grc' dir='ltr'><strong>καὶ</strong></span> <span class='ocrx_word' id='word_1_45' title='bbox 537 812 596 877; x_wconf 75' lang='grc' dir='ltr'><strong>ἐξ</strong></span> <span class='ocrx_word' id='word_1_46' title='bbox 631 805 707 866; x_wconf 84' lang='grc' dir='ltr'><strong>ὧν</strong></span> <span class='ocrx_word' id='word_1_47' title='bbox 737 809 1113 883; x_wconf 78' lang='grc' dir='ltr'><strong>γνωρίζοιντο,</strong></span> <span class='ocrx_word' id='word_1_48' title='bbox 1138 813 1234 867; x_wconf 76' lang='grc' dir='ltr'><strong>καὶ</strong></span> <span class='ocrx_word' id='word_1_49' title='bbox 1275 812 1375 885; x_wconf 76' lang='grc' dir='ltr'><strong>τὴν</strong></span> <span class='ocrx_word' id='word_1_50' title='bbox 1411 831 1711 885; x_wconf 82' lang='grc' dir='ltr'><strong>νυμφαγω-</strong></span> 
     </span>
    </p>
   </div>
   <div class='ocr_carea' id='block_1_10' title="bbox 132 904 1712 978">
    <p class='ocr_par' dir='ltr' id='par_1_10' title="bbox 132 904 1712 978">
     <span class='ocr_line' id='line_1_10' title="bbox 132 904 1712 978; baseline -0.001 -17"><span class='ocrx_word' id='word_1_51' title='bbox 132 908 230 977; x_wconf 80' lang='grc' dir='ltr'><strong>γδν</strong></span> <span class='ocrx_word' id='word_1_52' title='bbox 253 905 559 977; x_wconf 86' lang='grc' dir='ltr'><strong>πανήγυριν</strong></span> <span class='ocrx_word' id='word_1_53' title='bbox 595 904 992 977; x_wconf 81' lang='grc' dir='ltr'><strong>ἀνυμνοῦντας·</strong></span> <span class='ocrx_word' id='word_1_54' title='bbox 1022 905 1165 959; x_wconf 81' lang='grc' dir='ltr'><strong>ὥστε</strong></span> <span class='ocrx_word' id='word_1_55' title='bbox 1185 905 1288 977; x_wconf 81' lang='grc' dir='ltr'><strong>τῆς</strong></span> <span class='ocrx_word' id='word_1_56' title='bbox 1317 906 1544 978; x_wconf 82' lang='grc' dir='ltr'><strong>πομπῆς</strong></span> <span class='ocrx_word' id='word_1_57' title='bbox 1566 907 1712 961; x_wconf 73' lang='grc' dir='ltr'><strong>ὲκεί-</strong></span> 
     </span>
    </p>
   </div>
   <div class='ocr_carea' id='block_1_11' title="bbox 134 994 1708 1071">
    <p class='ocr_par' dir='ltr' id='par_1_11' title="bbox 134 994 1708 1071">
     <span class='ocr_line' id='line_1_11' title="bbox 134 994 1708 1071; baseline 0.001 -20"><span class='ocrx_word' id='word_1_58' title='bbox 134 1014 249 1068; x_wconf 85' lang='grc' dir='ltr'><strong>νης,</strong></span> <span class='ocrx_word' id='word_1_59' title='bbox 283 995 453 1067; x_wconf 63' lang='grc' dir='ltr'><strong>μηδὲν</strong></span> <span class='ocrx_word' id='word_1_60' title='bbox 481 994 592 1050; x_wconf 84' lang='grc' dir='ltr'><strong>τῶν</strong></span> <span class='ocrx_word' id='word_1_61' title='bbox 638 996 697 1049; x_wconf 83' lang='grc' dir='ltr'><strong>ὲν</strong></span> <span class='ocrx_word' id='word_1_62' title='bbox 733 994 1044 1067; x_wconf 82' lang='grc' dir='ltr'><strong>ἀνθρώποις</strong></span> <span class='ocrx_word' id='word_1_63' title='bbox 1085 998 1641 1071; x_wconf 79' lang='grc' dir='ltr'><strong>σεμνοπρεπέστερον</strong></span> <span class='ocrx_word' id='word_1_64' title='bbox 1673 998 1708 1070; x_wconf 74' lang='grc' dir='ltr'>ἢ</span> 
     </span>
    </p>
   </div>
   <div class='ocr_carea' id='block_1_12' title="bbox 133 1087 1711 1162">
    <p class='ocr_par' dir='ltr' id='par_1_12' title="bbox 133 1087 1711 1162">
     <span class='ocr_line' id='line_1_12' title="bbox 133 1087 1711 1162; baseline 0.001 -20"><span class='ocrx_word' id='word_1_65' title='bbox 133 1088 618 1161; x_wconf 77' lang='grc' dir='ltr'><strong>εὐδαιμονέστερον</strong></span> <span class='ocrx_word' id='word_1_66' title='bbox 665 1087 922 1158; x_wconf 77' lang='grc' dir='ltr'><strong>γενέσθαι</strong></span> <span class='ocrx_word' id='word_1_67' title='bbox 964 1087 1208 1146; x_wconf 83' lang='grc' dir='ltr'><strong>πώποτε.</strong></span> <span class='ocrx_word' id='word_1_68' title='bbox 1248 1091 1361 1145; x_wconf 76' lang='grc' dir='ltr'><strong>Καὶ</strong></span> <span class='ocrx_word' id='word_1_69' title='bbox 1405 1089 1711 1162; x_wconf 77' lang='grc' dir='ltr'><strong>Δαμόφιλος</strong></span> 
     </span>
    </p>
   </div>
   <div class='ocr_carea' id='block_1_13' title="bbox 134 1180 1713 1253">
    <p class='ocr_par' dir='ltr' id='par_1_13' title="bbox 134 1180 1713 1253">
     <span class='ocr_line' id='line_1_13' title="bbox 134 1180 1713 1253; baseline 0.003 -20"><span class='ocrx_word' id='word_1_70' title='bbox 134 1180 232 1252; x_wconf 74' lang='grc' dir='ltr'><strong>μέν</strong></span> <span class='ocrx_word' id='word_1_71' title='bbox 278 1197 418 1249; x_wconf 80' lang='grc' dir='ltr'><strong>φησι</strong></span> <span class='ocrx_word' id='word_1_72' title='bbox 451 1180 552 1251; x_wconf 87' lang='lat'><strong>(8),</strong></span> <span class='ocrx_word' id='word_1_73' title='bbox 580 1180 649 1235; x_wconf 82' lang='grc' dir='ltr'><strong>τὰ</strong></span> <span class='ocrx_word' id='word_1_74' title='bbox 683 1180 825 1235; x_wconf 83' lang='grc' dir='ltr'><strong>κατὰ</strong></span> <span class='ocrx_word' id='word_1_75' title='bbox 864 1180 1085 1251; x_wconf 83' lang='grc' dir='ltr'><strong>Ῥώμην</strong></span> <span class='ocrx_word' id='word_1_76' title='bbox 1114 1183 1471 1253; x_wconf 85' lang='grc' dir='ltr'><strong>ἀναγράφων,</strong></span> <span class='ocrx_word' id='word_1_77' title='bbox 1506 1183 1713 1238; x_wconf 82' lang='grc' dir='ltr'><strong>Πλούτ-</strong></span> 
     </span>
    </p>
   </div>
   <div class='ocr_carea' id='block_1_14' title="bbox 130 1270 1713 1345">
    <p class='ocr_par' dir='ltr' id='par_1_14' title="bbox 130 1270 1713 1345">
     <span class='ocr_line' id='line_1_14' title="bbox 130 1270 1713 1345; baseline 0.001 -20"><span class='ocrx_word' id='word_1_78' title='bbox 130 1288 290 1344; x_wconf 88' lang='grc' dir='ltr'><strong>αρχον</strong></span> <span class='ocrx_word' id='word_1_79' title='bbox 339 1270 434 1325; x_wconf 81' lang='grc' dir='ltr'><strong>τὸν</strong></span> <span class='ocrx_word' id='word_1_80' title='bbox 486 1270 775 1341; x_wconf 82' lang='grc' dir='ltr'><strong>Χαιρωνέα</strong></span> <span class='ocrx_word' id='word_1_81' title='bbox 807 1270 993 1341; x_wconf 84' lang='grc' dir='ltr'>σαφῶς</span> <span class='ocrx_word' id='word_1_82' title='bbox 1022 1272 1197 1326; x_wconf 81' lang='grc' dir='ltr'><strong>είπεῐν</strong></span> <span class='ocrx_word' id='word_1_83' title='bbox 1218 1272 1317 1345; x_wconf 89' lang='lat'><strong>(9),</strong></span> <span class='ocrx_word' id='word_1_84' title='bbox 1353 1273 1435 1327; x_wconf 85' lang='grc' dir='ltr'><strong>ὅτι</strong></span> <span class='ocrx_word' id='word_1_85' title='bbox 1458 1273 1547 1328; x_wconf 82' lang='grc' dir='ltr'><strong>διὰ</strong></span> <span class='ocrx_word' id='word_1_86' title='bbox 1576 1273 1713 1330; x_wconf 83' lang='grc' dir='ltr'><strong>ταύ-</strong></span> 
     </span>
    </p>
   </div>
   <div class='ocr_carea' id='block_1_15' title="bbox 132 1361 1713 1438">
    <p class='ocr_par' dir='ltr' id='par_1_15' title="bbox 132 1361 1713 1438">
     <span class='ocr_line' id='line_1_15' title="bbox 132 1361 1713 1438; baseline 0.003 -24"><span class='ocrx_word' id='word_1_87' title='bbox 132 1380 234 1434; x_wconf 82' lang='grc' dir='ltr'><strong>την</strong></span> <span class='ocrx_word' id='word_1_88' title='bbox 259 1361 430 1432; x_wconf 81' lang='grc' dir='ltr'><strong>μόνην</strong></span> <span class='ocrx_word' id='word_1_89' title='bbox 458 1362 786 1415; x_wconf 77' lang='grc' dir='ltr'><strong>ἐσπείσαντο</strong></span> <span class='ocrx_word' id='word_1_90' title='bbox 823 1363 960 1434; x_wconf 83' lang='grc' dir='ltr'><strong>πρὸς</strong></span> <span class='ocrx_word' id='word_1_91' title='bbox 1004 1363 1243 1435; x_wconf 79' lang='grc' dir='ltr'><strong>ἀλλήλας</strong></span> <span class='ocrx_word' id='word_1_92' title='bbox 1278 1364 1473 1438; x_wconf 81' lang='grc' dir='ltr'><strong>’Δρετή</strong></span> <span class='ocrx_word' id='word_1_93' title='bbox 1506 1383 1567 1419; x_wconf 85' lang='grc' dir='ltr'><strong>τε</strong></span> <span class='ocrx_word' id='word_1_94' title='bbox 1618 1367 1713 1421; x_wconf 77' lang='grc' dir='ltr'><strong>καὶ</strong></span> 
     </span>
    </p>
   </div>
   <div class='ocr_carea' id='block_1_16' title="bbox 136 1450 1713 1524">
    <p class='ocr_par' dir='ltr' id='par_1_16' title="bbox 136 1450 1713 1524">
     <span class='ocr_line' id='line_1_16' title="bbox 136 1450 1713 1524; baseline 0.003 -18"><span class='ocrx_word' id='word_1_95' title='bbox 136 1451 301 1521; x_wconf 81' lang='grc' dir='ltr'><strong>Τύχη.</strong></span> <span class='ocrx_word' id='word_1_96' title='bbox 347 1451 492 1520; x_wconf 83' lang='grc' dir='ltr'><strong>Ἐγὼ</strong></span> <span class='ocrx_word' id='word_1_97' title='bbox 528 1451 573 1504; x_wconf 88' lang='grc' dir='ltr'><strong>δ’</strong></span> <span class='ocrx_word' id='word_1_98' title='bbox 611 1450 677 1505; x_wconf 81' lang='grc' dir='ltr'><strong>ἂν</strong></span> <span class='ocrx_word' id='word_1_99' title='bbox 709 1453 876 1524; x_wconf 85' lang='grc' dir='ltr'><strong>φαίην</strong></span> <span class='ocrx_word' id='word_1_100' title='bbox 925 1452 1002 1518; x_wconf 88' lang='grc' dir='ltr'><strong>ῶς</strong></span> <span class='ocrx_word' id='word_1_101' title='bbox 1033 1452 1332 1508; x_wconf 80' lang='grc' dir='ltr'><strong>Θεοσέϐειά</strong></span> <span class='ocrx_word' id='word_1_102' title='bbox 1360 1472 1420 1508; x_wconf 88' lang='grc' dir='ltr'><strong>τε</strong></span> <span class='ocrx_word' id='word_1_103' title='bbox 1462 1457 1558 1510; x_wconf 70' lang='grc' dir='ltr'><strong>καὶ</strong></span> <span class='ocrx_word' id='word_1_104' title='bbox 1606 1454 1713 1509; x_wconf 83' lang='grc' dir='ltr'><strong>Εὐ-</strong></span> 
     </span>
    </p>
   </div>
   <div class='ocr_carea' id='block_1_17' title="bbox 132 1543 1716 1619">
    <p class='ocr_par' dir='ltr' id='par_1_17' title="bbox 132 1543 1716 1619">
     <span class='ocr_line' id='line_1_17' title="bbox 132 1543 1716 1619; baseline 0.004 -24"><span class='ocrx_word' id='word_1_105' title='bbox 132 1543 385 1613; x_wconf 84' lang='grc' dir='ltr'><strong>δαιμονία</strong></span> <span class='ocrx_word' id='word_1_106' title='bbox 424 1545 516 1597; x_wconf 73' lang='grc' dir='ltr'><strong>ἐπὶ</strong></span> <span class='ocrx_word' id='word_1_107' title='bbox 549 1545 844 1616; x_wconf 85' lang='grc' dir='ltr'><strong>Μαυρικίῳ</strong></span> <span class='ocrx_word' id='word_1_108' title='bbox 880 1546 1029 1618; x_wconf 82' lang='grc' dir='ltr'>μόνῳ</span> <span class='ocrx_word' id='word_1_109' title='bbox 1065 1545 1209 1601; x_wconf 77' lang='grc' dir='ltr'><strong>οὕτω</strong></span> <span class='ocrx_word' id='word_1_110' title='bbox 1236 1547 1585 1619; x_wconf 80' lang='grc' dir='ltr'><strong>συνηλθέτην,</strong></span> <span class='ocrx_word' id='word_1_111' title='bbox 1614 1548 1716 1619; x_wconf 79' lang='grc' dir='ltr'><strong>τῆς</strong></span> 
     </span>
    </p>
   </div>
   <div class='ocr_carea' id='block_1_18' title="bbox 131 1630 1715 1710">
    <p class='ocr_par' dir='ltr' id='par_1_18' title="bbox 131 1630 1715 1710">
     <span class='ocr_line' id='line_1_18' title="bbox 131 1630 1715 1710; baseline 0.005 -26"><span class='ocrx_word' id='word_1_112' title='bbox 131 1630 455 1696; x_wconf 77' lang='grc' dir='ltr'><strong>Θεοσεδείας</strong></span> <span class='ocrx_word' id='word_1_113' title='bbox 487 1634 828 1708; x_wconf 81' lang='grc' dir='ltr'><strong>βιασαμένης</strong></span> <span class='ocrx_word' id='word_1_114' title='bbox 851 1637 912 1689; x_wconf 81' lang='grc' dir='ltr'><strong>τὸ</strong></span> <span class='ocrx_word' id='word_1_115' title='bbox 945 1635 1237 1707; x_wconf 76' lang='grc' dir='ltr'><strong>Εῠδαιμον,</strong></span> <span class='ocrx_word' id='word_1_116' title='bbox 1263 1640 1358 1692; x_wconf 72' lang='grc' dir='ltr'><strong>καὶ</strong></span> <span class='ocrx_word' id='word_1_117' title='bbox 1380 1638 1715 1710; x_wconf 84' lang='grc' dir='ltr'><strong>περιτρέπε-</strong></span> 
     </span>
    </p>
   </div>
   <div class='ocr_carea' id='block_1_19' title="bbox 133 1721 1713 1800">
    <p class='ocr_par' dir='ltr' id='par_1_19' title="bbox 133 1721 1713 1800">
     <span class='ocr_line' id='line_1_19' title="bbox 133 1721 1713 1800; baseline 0.008 -27"><span class='ocrx_word' id='word_1_118' title='bbox 133 1721 258 1776; x_wconf 90' lang='grc' dir='ltr'><strong>σθαι</strong></span> <span class='ocrx_word' id='word_1_119' title='bbox 295 1725 645 1780; x_wconf 85' lang='grc' dir='ltr'><strong>παντάπασιν</strong></span> <span class='ocrx_word' id='word_1_120' title='bbox 673 1728 772 1781; x_wconf 82' lang='grc' dir='ltr'><strong>οὐκ</strong></span> <span class='ocrx_word' id='word_1_121' title='bbox 802 1726 1460 1800; x_wconf 63' lang='grc' dir='ltr'><strong>ὲνδούσης.ςἘσπούδακε</strong></span> <span class='ocrx_word' id='word_1_122' title='bbox 1502 1732 1559 1786; x_wconf 87' lang='grc' dir='ltr'><strong>δὲ</strong></span> <span class='ocrx_word' id='word_1_123' title='bbox 1602 1731 1713 1786; x_wconf 86' lang='grc' dir='ltr'><strong>λοι-</strong></span> 
     </span>
    </p>
   </div>
   <div class='ocr_carea' id='block_1_20' title="bbox 1810 537 3389 608">
    <p class='ocr_par' dir='ltr' id='par_1_20' title="bbox 1810 537 3389 608">
     <span class='ocr_line' id='line_1_20' title="bbox 1810 537 3389 608; baseline -0.006 -12"><span class='ocrx_word' id='word_1_124' title='bbox 1810 539 2148 604; x_wconf 72' lang='lat' dir='ltr'><strong>distinctam,</strong></span> <span class='ocrx_word' id='word_1_125' title='bbox 2185 548 2241 593; x_wconf 91' lang='lat' dir='ltr'><strong>et</strong></span> <span class='ocrx_word' id='word_1_126' title='bbox 2279 552 2512 593; x_wconf 80' lang='lat' dir='ltr'><strong>coronas</strong></span> <span class='ocrx_word' id='word_1_127' title='bbox 2540 552 2677 591; x_wconf 90' lang='lat' dir='ltr'><strong>auro</strong></span> <span class='ocrx_word' id='word_1_128' title='bbox 2699 537 2936 608; x_wconf 91' lang='lat' dir='ltr'><strong>plurimo</strong></span> <span class='ocrx_word' id='word_1_129' title='bbox 2968 545 3022 590; x_wconf 90' lang='lat' dir='ltr'><strong>et</strong></span> <span class='ocrx_word' id='word_1_130' title='bbox 3050 549 3389 606; x_wconf 85' lang='lat' dir='ltr'><strong>gemmarum</strong></span> 
     </span>
    </p>
   </div>
   <div class='ocr_carea' id='block_1_21' title="bbox 1809 627 3393 699">
    <p class='ocr_par' dir='ltr' id='par_1_21' title="bbox 1809 627 3393 699">
     <span class='ocr_line' id='line_1_21' title="bbox 1809 627 3393 699; baseline -0.003 -14"><span class='ocrx_word' id='word_1_131' title='bbox 1809 631 2077 686; x_wconf 82' lang='lat' dir='ltr'><strong>varietate</strong></span> <span class='ocrx_word' id='word_1_132' title='bbox 2119 645 2185 685; x_wconf 88' lang='lat' dir='ltr'><strong>ac</strong></span> <span class='ocrx_word' id='word_1_133' title='bbox 2229 630 2412 683; x_wconf 87' lang='lat' dir='ltr'><strong>nitore</strong></span> <span class='ocrx_word' id='word_1_134' title='bbox 2462 629 2803 685; x_wconf 90' lang='lat' dir='ltr'><strong>collucenles</strong></span> <span class='ocrx_word' id='word_1_135' title='bbox 2848 627 3084 699; x_wconf 66' lang='lat' dir='ltr'><strong>praebuit</strong></span> <span class='ocrx_word' id='word_1_136' title='bbox 3114 644 3128 680; x_wconf 90' lang='lat'><strong>:</strong></span> <span class='ocrx_word' id='word_1_137' title='bbox 3161 635 3393 680; x_wconf 88' lang='lat' dir='ltr'><strong>cunctos</strong></span> 
     </span>
    </p>
   </div>
   <div class='ocr_carea' id='block_1_22' title="bbox 1812 719 3392 793">
    <p class='ocr_par' dir='ltr' id='par_1_22' title="bbox 1812 719 3392 793">
     <span class='ocr_line' id='line_1_22' title="bbox 1812 719 3392 793; baseline -0.004 -16"><span class='ocrx_word' id='word_1_138' title='bbox 1812 722 1943 778; x_wconf 86' lang='lat' dir='ltr'><strong>item</strong></span> <span class='ocrx_word' id='word_1_139' title='bbox 1973 722 2067 792; x_wconf 88' lang='lat' dir='ltr'><strong>qui</strong></span> <span class='ocrx_word' id='word_1_140' title='bbox 2100 722 2156 777; x_wconf 89' lang='lat' dir='ltr'><strong>in</strong></span> <span class='ocrx_word' id='word_1_141' title='bbox 2184 722 2389 792; x_wconf 90' lang='lat' dir='ltr'><strong>palatio</strong></span> <span class='ocrx_word' id='word_1_142' title='bbox 2411 721 2705 793; x_wconf 80' lang='lat' dir='ltr'><strong>dignitates</strong></span> <span class='ocrx_word' id='word_1_143' title='bbox 2730 721 3015 792; x_wconf 78' lang='lat' dir='ltr'><strong>gerebant,</strong></span> <span class='ocrx_word' id='word_1_144' title='bbox 3048 730 3105 774; x_wconf 84' lang='lat' dir='ltr'><strong>et</strong></span> <span class='ocrx_word' id='word_1_145' title='bbox 3130 719 3223 788; x_wconf 87' lang='lat' dir='ltr'><strong>qui</strong></span> <span class='ocrx_word' id='word_1_146' title='bbox 3245 719 3392 772; x_wconf 86' lang='lat' dir='ltr'><strong>mili-</strong></span> 
     </span>
    </p>
   </div>
   <div class='ocr_carea' id='block_1_23' title="bbox 1812 811 3393 885">
    <p class='ocr_par' dir='ltr' id='par_1_23' title="bbox 1812 811 3393 885">
     <span class='ocr_line' id='line_1_23' title="bbox 1812 811 3393 885; baseline -0.003 -16"><span class='ocrx_word' id='word_1_147' title='bbox 1812 814 1903 870; x_wconf 63' lang='lat' dir='ltr'><strong>tiae</strong></span> <span class='ocrx_word' id='word_1_148' title='bbox 1934 814 2161 885; x_wconf 86' lang='lat' dir='ltr'><strong>ascripti</strong></span> <span class='ocrx_word' id='word_1_149' title='bbox 2188 822 2370 879; x_wconf 89' lang='lat' dir='ltr'><strong>erant,</strong></span> <span class='ocrx_word' id='word_1_150' title='bbox 2404 814 2683 883; x_wconf 80' lang='lat' dir='ltr'><strong>nuptiales</strong></span> <span class='ocrx_word' id='word_1_151' title='bbox 2711 813 2857 868; x_wconf 85' lang='lat' dir='ltr'><strong>faces</strong></span> <span class='ocrx_word' id='word_1_152' title='bbox 2887 811 3144 867; x_wconf 89' lang='lat' dir='ltr'><strong>manibus</strong></span> <span class='ocrx_word' id='word_1_153' title='bbox 3171 818 3393 882; x_wconf 86' lang='lat' dir='ltr'><strong>gestan-</strong></span> 
     </span>
    </p>
   </div>
   <div class='ocr_carea' id='block_1_24' title="bbox 1813 901 3395 978">
    <p class='ocr_par' dir='ltr' id='par_1_24' title="bbox 1813 901 3395 978">
     <span class='ocr_line' id='line_1_24' title="bbox 1813 901 3395 978; baseline -0.003 -17"><span class='ocrx_word' id='word_1_154' title='bbox 1813 914 1932 972; x_wconf 89' lang='lat' dir='ltr'><strong>tes,</strong></span> <span class='ocrx_word' id='word_1_155' title='bbox 1968 917 2026 963; x_wconf 90' lang='lat' dir='ltr'><strong>et</strong></span> <span class='ocrx_word' id='word_1_156' title='bbox 2062 906 2368 978; x_wconf 75' lang='lat' dir='ltr'><strong>magniﬁcis</strong></span> <span class='ocrx_word' id='word_1_157' title='bbox 2406 904 2631 960; x_wconf 81' lang='lat' dir='ltr'><strong>indutos</strong></span> <span class='ocrx_word' id='word_1_158' title='bbox 2664 904 2946 966; x_wconf 86' lang='lat' dir='ltr'><strong>vestibus,</strong></span> <span class='ocrx_word' id='word_1_159' title='bbox 2990 919 3102 974; x_wconf 90' lang='lat' dir='ltr'><strong>quo</strong></span> <span class='ocrx_word' id='word_1_160' title='bbox 3148 901 3395 973; x_wconf 87' lang='lat' dir='ltr'><strong>dignosci</strong></span> 
     </span>
    </p>
   </div>
   <div class='ocr_carea' id='block_1_25' title="bbox 1812 994 3397 1071">
    <p class='ocr_par' dir='ltr' id='par_1_25' title="bbox 1812 994 3397 1071">
     <span class='ocr_line' id='line_1_25' title="bbox 1812 994 3397 1071; baseline -0.005 -16"><span class='ocrx_word' id='word_1_161' title='bbox 1812 1007 2071 1070; x_wconf 86' lang='lat' dir='ltr'><strong>possent;</strong></span> <span class='ocrx_word' id='word_1_162' title='bbox 2110 999 2328 1071; x_wconf 85' lang='lat' dir='ltr'><strong>hymnis</strong></span> <span class='ocrx_word' id='word_1_163' title='bbox 2371 998 2611 1069; x_wconf 91' lang='lat' dir='ltr'><strong>denique</strong></span> <span class='ocrx_word' id='word_1_164' title='bbox 2648 1008 2703 1054; x_wconf 92' lang='lat' dir='ltr'><strong>et</strong></span> <span class='ocrx_word' id='word_1_165' title='bbox 2739 997 2969 1053; x_wconf 87' lang='lat' dir='ltr'><strong>canticis</strong></span> <span class='ocrx_word' id='word_1_166' title='bbox 3002 1011 3214 1066; x_wconf 61' lang='lat' dir='ltr'><strong>pompae</strong></span> <span class='ocrx_word' id='word_1_167' title='bbox 3248 994 3397 1048; x_wconf 91' lang='lat' dir='ltr'><strong>illius</strong></span> 
     </span>
    </p>
   </div>
   <div class='ocr_carea' id='block_1_26' title="bbox 1814 1088 3393 1160">
    <p class='ocr_par' dir='ltr' id='par_1_26' title="bbox 1814 1088 3393 1160">
     <span class='ocr_line' id='line_1_26' title="bbox 1814 1088 3393 1160; baseline -0.003 -15"><span class='ocrx_word' id='word_1_168' title='bbox 1814 1090 2170 1146; x_wconf 80' lang='lat' dir='ltr'><strong>festivitatem</strong></span> <span class='ocrx_word' id='word_1_169' title='bbox 2197 1090 2564 1147; x_wconf 83' lang='lat' dir='ltr'><strong>celebrantes.</strong></span> <span class='ocrx_word' id='word_1_170' title='bbox 2589 1090 2742 1145; x_wconf 80' lang='lat' dir='ltr'><strong>Adeo</strong></span> <span class='ocrx_word' id='word_1_171' title='bbox 2766 1099 2827 1144; x_wconf 91' lang='lat' dir='ltr'><strong>ut</strong></span> <span class='ocrx_word' id='word_1_172' title='bbox 2849 1098 3114 1160; x_wconf 88' lang='lat' dir='ltr'><strong>apparatu</strong></span> <span class='ocrx_word' id='word_1_173' title='bbox 3140 1088 3232 1143; x_wconf 92' lang='lat' dir='ltr'><strong>illo</strong></span> <span class='ocrx_word' id='word_1_174' title='bbox 3256 1088 3393 1141; x_wconf 86' lang='lat' dir='ltr'><strong>nihil</strong></span> 
     </span>
    </p>
   </div>
   <div class='ocr_carea' id='block_1_27' title="bbox 1814 1179 3393 1253">
    <p class='ocr_par' dir='ltr' id='par_1_27' title="bbox 1814 1179 3393 1253">
     <span class='ocr_line' id='line_1_27' title="bbox 1814 1179 3393 1253; baseline -0.004 -15"><span class='ocrx_word' id='word_1_175' title='bbox 1814 1198 2055 1253; x_wconf 88' lang='lat' dir='ltr'><strong>unquam</strong></span> <span class='ocrx_word' id='word_1_176' title='bbox 2089 1183 2361 1240; x_wconf 88' lang='lat' dir='ltr'><strong>illustrius</strong></span> <span class='ocrx_word' id='word_1_177' title='bbox 2393 1194 2489 1240; x_wconf 89' lang='lat' dir='ltr'><strong>aut</strong></span> <span class='ocrx_word' id='word_1_178' title='bbox 2519 1182 2734 1238; x_wconf 88' lang='lat' dir='ltr'><strong>beatius</strong></span> <span class='ocrx_word' id='word_1_179' title='bbox 2766 1181 2909 1235; x_wconf 89' lang='lat' dir='ltr'><strong>inter</strong></span> <span class='ocrx_word' id='word_1_180' title='bbox 2942 1180 3197 1235; x_wconf 86' lang='lat' dir='ltr'><strong>homines</strong></span> <span class='ocrx_word' id='word_1_181' title='bbox 3222 1179 3393 1233; x_wconf 81' lang='lat' dir='ltr'><strong>exsti-</strong></span> 
     </span>
    </p>
   </div>
   <div class='ocr_carea' id='block_1_28' title="bbox 1815 1272 3396 1346">
    <p class='ocr_par' dir='ltr' id='par_1_28' title="bbox 1815 1272 3396 1346">
     <span class='ocr_line' id='line_1_28' title="bbox 1815 1272 3396 1346; baseline -0.003 -16"><span class='ocrx_word' id='word_1_182' title='bbox 1815 1273 1965 1331; x_wconf 86' lang='lat' dir='ltr'><strong>terit.</strong></span> <span class='ocrx_word' id='word_1_183' title='bbox 2017 1274 2377 1345; x_wconf 82' lang='lat' dir='ltr'><strong>DamOphilus</strong></span> <span class='ocrx_word' id='word_1_184' title='bbox 2427 1273 2865 1346; x_wconf 56' lang='lat' dir='ltr'><strong>quidem,h55</strong></span> <span class='ocrx_word' id='word_1_185' title='bbox 2912 1274 2980 1329; x_wconf 90' lang='lat' dir='ltr'><strong>de</strong></span> <span class='ocrx_word' id='word_1_186' title='bbox 3037 1272 3172 1327; x_wconf 89' lang='lat' dir='ltr'><strong>urbe</strong></span> <span class='ocrx_word' id='word_1_187' title='bbox 3224 1272 3396 1326; x_wconf 80' lang='lat' dir='ltr'><strong>Roma</strong></span> 
     </span>
    </p>
   </div>
   <div class='ocr_carea' id='block_1_29' title="bbox 1817 1364 3399 1436">
    <p class='ocr_par' dir='ltr' id='par_1_29' title="bbox 1817 1364 3399 1436">
     <span class='ocr_line' id='line_1_29' title="bbox 1817 1364 3399 1436; baseline -0.004 -13"><span class='ocrx_word' id='word_1_188' title='bbox 1817 1366 2085 1433; x_wconf 85' lang='lat' dir='ltr'><strong>scribens,</strong></span> <span class='ocrx_word' id='word_1_189' title='bbox 2107 1368 2466 1423; x_wconf 86' lang='lat' dir='ltr'><strong>Plutarchum</strong></span> <span class='ocrx_word' id='word_1_190' title='bbox 2488 1368 2900 1424; x_wconf 89' lang='lat' dir='ltr'><strong>Cheronensem</strong></span> <span class='ocrx_word' id='word_1_191' title='bbox 2932 1366 3212 1436; x_wconf 84' lang='lat' dir='ltr'><strong>eleganter</strong></span> <span class='ocrx_word' id='word_1_192' title='bbox 3230 1364 3399 1418; x_wconf 77' lang='lat' dir='ltr'><strong>dixis-</strong></span> 
     </span>
    </p>
   </div>
   <div class='ocr_carea' id='block_1_30' title="bbox 1816 1458 3400 1529">
    <p class='ocr_par' dir='ltr' id='par_1_30' title="bbox 1816 1458 3400 1529">
     <span class='ocr_line' id='line_1_30' title="bbox 1816 1458 3400 1529; baseline -0.004 -14"><span class='ocrx_word' id='word_1_193' title='bbox 1816 1476 1876 1515; x_wconf 90' lang='lat' dir='ltr'><strong>se</strong></span> <span class='ocrx_word' id='word_1_194' title='bbox 1916 1459 2120 1524; x_wconf 80' lang='lat' dir='ltr'><strong>refert,</strong></span> <span class='ocrx_word' id='word_1_195' title='bbox 2165 1462 2329 1517; x_wconf 89' lang='lat' dir='ltr'><strong>unius</strong></span> <span class='ocrx_word' id='word_1_196' title='bbox 2372 1461 2524 1516; x_wconf 87' lang='lat' dir='ltr'><strong>urbis</strong></span> <span class='ocrx_word' id='word_1_197' title='bbox 2556 1462 2743 1515; x_wconf 84' lang='lat' dir='ltr'><strong>Romae</strong></span> <span class='ocrx_word' id='word_1_198' title='bbox 2775 1458 2985 1529; x_wconf 81' lang='lat' dir='ltr'><strong>gratia,</strong></span> <span class='ocrx_word' id='word_1_199' title='bbox 3020 1458 3289 1512; x_wconf 79' lang='lat' dir='ltr'><strong>Virtutem</strong></span> <span class='ocrx_word' id='word_1_200' title='bbox 3333 1470 3400 1510; x_wconf 90' lang='lat' dir='ltr'><strong>ac</strong></span> 
     </span>
    </p>
   </div>
   <div class='ocr_carea' id='block_1_31' title="bbox 1818 1546 3402 1623">
    <p class='ocr_par' dir='ltr' id='par_1_31' title="bbox 1818 1546 3402 1623">
     <span class='ocr_line' id='line_1_31' title="bbox 1818 1546 3402 1623; baseline -0.004 -17"><span class='ocrx_word' id='word_1_201' title='bbox 1818 1551 2117 1607; x_wconf 85' lang='lat' dir='ltr'><strong>Fortunam</strong></span> <span class='ocrx_word' id='word_1_202' title='bbox 2157 1561 2318 1623; x_wconf 89' lang='lat' dir='ltr'><strong>pacto</strong></span> <span class='ocrx_word' id='word_1_203' title='bbox 2357 1553 2501 1608; x_wconf 90' lang='lat' dir='ltr'><strong>inter</strong></span> <span class='ocrx_word' id='word_1_204' title='bbox 2547 1567 2605 1607; x_wconf 91' lang='lat' dir='ltr'><strong>se</strong></span> <span class='ocrx_word' id='word_1_205' title='bbox 2650 1551 2860 1606; x_wconf 64' lang='lat' dir='ltr'><strong>laedere</strong></span> <span class='ocrx_word' id='word_1_206' title='bbox 2907 1548 3249 1604; x_wconf 79' lang='lat' dir='ltr'><strong>convenisse.</strong></span> <span class='ocrx_word' id='word_1_207' title='bbox 3286 1546 3402 1616; x_wconf 85' lang='lat' dir='ltr'><strong>Ego</strong></span> 
     </span>
    </p>
   </div>
   <div class='ocr_carea' id='block_1_32' title="bbox 1820 1634 3400 1707">
    <p class='ocr_par' dir='ltr' id='par_1_32' title="bbox 1820 1634 3400 1707">
     <span class='ocr_line' id='line_1_32' title="bbox 1820 1634 3400 1707; baseline -0.005 -12"><span class='ocrx_word' id='word_1_208' title='bbox 1820 1657 1952 1697; x_wconf 90' lang='lat' dir='ltr'><strong>vero</strong></span> <span class='ocrx_word' id='word_1_209' title='bbox 2002 1642 2265 1707; x_wconf 67' lang='lat' dir='ltr'><strong>dixerim,</strong></span> <span class='ocrx_word' id='word_1_210' title='bbox 2321 1642 2587 1698; x_wconf 89' lang='lat' dir='ltr'><strong>Pietatem</strong></span> <span class='ocrx_word' id='word_1_211' title='bbox 2638 1657 2703 1697; x_wconf 88' lang='lat' dir='ltr'><strong>ac</strong></span> <span class='ocrx_word' id='word_1_212' title='bbox 2744 1639 3082 1695; x_wconf 84' lang='lat' dir='ltr'><strong>Felicitatem</strong></span> <span class='ocrx_word' id='word_1_213' title='bbox 3135 1634 3400 1691; x_wconf 86' lang='lat' dir='ltr'><strong>societate</strong></span> 
     </span>
    </p>
   </div>
   <div class='ocr_carea' id='block_1_33' title="bbox 1820 1726 3399 1789">
    <p class='ocr_par' dir='ltr' id='par_1_33' title="bbox 1820 1726 3399 1789">
     <span class='ocr_line' id='line_1_33' title="bbox 1820 1726 3399 1789; baseline -0.007 0"><span class='ocrx_word' id='word_1_214' title='bbox 1820 1734 1958 1789; x_wconf 87' lang='lat' dir='ltr'><strong>inita</strong></span> <span class='ocrx_word' id='word_1_215' title='bbox 1975 1733 2032 1788; x_wconf 89' lang='lat' dir='ltr'><strong>in</strong></span> <span class='ocrx_word' id='word_1_216' title='bbox 2054 1750 2164 1789; x_wconf 90' lang='lat' dir='ltr'><strong>uno</strong></span> <span class='ocrx_word' id='word_1_217' title='bbox 2182 1734 2448 1789; x_wconf 88' lang='lat' dir='ltr'><strong>Mauricio</strong></span> <span class='ocrx_word' id='word_1_218' title='bbox 2464 1734 2696 1789; x_wconf 87' lang='lat' dir='ltr'><strong>coivisse</strong></span> <span class='ocrx_word' id='word_1_219' title='bbox 2713 1747 2839 1787; x_wconf 90' lang='lat' dir='ltr'><strong>cum</strong></span> <span class='ocrx_word' id='word_1_220' title='bbox 2865 1731 3043 1785; x_wconf 87' lang='lat' dir='ltr'><strong>Pietas</strong></span> <span class='ocrx_word' id='word_1_221' title='bbox 3058 1726 3399 1782; x_wconf 85' lang='lat' dir='ltr'><strong>Felicitatem</strong></span> 
     </span>
    </p>
   </div>
   <div class='ocr_carea' id='block_1_34' title="bbox 130 1802 1729 1899">
    <p class='ocr_par' dir='ltr' id='par_1_34' title="bbox 130 1814 1710 1895">
     <span class='ocr_line' id='line_1_34' title="bbox 130 1814 1710 1895; baseline 0.008 -29"><span class='ocrx_word' id='word_1_222' title='bbox 130 1814 233 1867; x_wconf 80' lang='grc' dir='ltr'><strong>πδν</strong></span> <span class='ocrx_word' id='word_1_223' title='bbox 266 1815 366 1868; x_wconf 86' lang='grc' dir='ltr'><strong>οὐκ</strong></span> <span class='ocrx_word' id='word_1_224' title='bbox 404 1817 463 1869; x_wconf 81' lang='grc' dir='ltr'><strong>ὲν</strong></span> <span class='ocrx_word' id='word_1_225' title='bbox 491 1815 570 1887; x_wconf 82' lang='grc' dir='ltr'><strong>τῷ</strong></span> <span class='ocrx_word' id='word_1_226' title='bbox 613 1814 849 1888; x_wconf 82' lang='grc' dir='ltr'><strong>σώματι,</strong></span> <span class='ocrx_word' id='word_1_227' title='bbox 880 1817 1017 1873; x_wconf 81' lang='grc' dir='ltr'><strong>ἀλλὰ</strong></span> <span class='ocrx_word' id='word_1_228' title='bbox 1061 1819 1172 1891; x_wconf 84' lang='grc' dir='ltr'><strong>γὰρ</strong></span> <span class='ocrx_word' id='word_1_229' title='bbox 1217 1820 1315 1873; x_wconf 76' lang='grc' dir='ltr'><strong>καὶ</strong></span> <span class='ocrx_word' id='word_1_230' title='bbox 1363 1821 1421 1875; x_wconf 80' lang='grc' dir='ltr'><strong>ὲν</strong></span> <span class='ocrx_word' id='word_1_231' title='bbox 1463 1824 1531 1895; x_wconf 75' lang='grc' dir='ltr'><strong>τῇ</strong></span> <span class='ocrx_word' id='word_1_232' title='bbox 1565 1822 1710 1895; x_wconf 82' lang='grc' dir='ltr'>ψυχῇ</span> 
     </span>
    </p>
   </div>
   <div class='ocr_carea' id='block_1_35' title="bbox 1836 1802 3403 1899">
    <p class='ocr_par' dir='ltr' id='par_1_35' title="bbox 1836 1818 3403 1899">
     <span class='ocr_line' id='line_1_35' title="bbox 1836 1818 3403 1899; baseline -0.008 -16"><span class='ocrx_word' id='word_1_233' title='bbox 1836 1827 2152 1899; x_wconf 72' lang='lat' dir='ltr'><strong>subegisset,</strong></span> <span class='ocrx_word' id='word_1_234' title='bbox 2177 1843 2279 1883; x_wconf 88' lang='lat' dir='ltr'><strong>nec</strong></span> <span class='ocrx_word' id='word_1_235' title='bbox 2306 1843 2427 1882; x_wconf 91' lang='lat' dir='ltr'><strong>eam</strong></span> <span class='ocrx_word' id='word_1_236' title='bbox 2458 1826 2735 1881; x_wconf 89' lang='lat' dir='ltr'><strong>ullatenus</strong></span> <span class='ocrx_word' id='word_1_237' title='bbox 2760 1823 2903 1879; x_wconf 89' lang='lat' dir='ltr'><strong>elabi</strong></span> <span class='ocrx_word' id='word_1_238' title='bbox 2937 1828 3235 1892; x_wconf 83' lang='lat' dir='ltr'><strong>pateretur.</strong></span> <span class='ocrx_word' id='word_1_239' title='bbox 3275 1818 3403 1872; x_wconf 87' lang='lat' dir='ltr'><strong>Post</strong></span> 
     </span>
    </p>
   </div>
   <div class='ocr_carea' id='block_1_36' title="bbox 131 1905 1718 1983">
    <p class='ocr_par' dir='ltr' id='par_1_36' title="bbox 131 1905 1718 1983">
     <span class='ocr_line' id='line_1_36' title="bbox 131 1905 1718 1983; baseline 0.006 -23"><span class='ocrx_word' id='word_1_240' title='bbox 131 1905 525 1979; x_wconf 74' lang='grc' dir='ltr'><strong>περιϐαλέσθαι</strong></span> <span class='ocrx_word' id='word_1_241' title='bbox 552 1907 654 1979; x_wconf 78' lang='grc' dir='ltr'><strong>τὴν</strong></span> <span class='ocrx_word' id='word_1_242' title='bbox 681 1909 979 1981; x_wconf 83' lang='grc' dir='ltr'><strong>ἁλουργίδα</strong></span> <span class='ocrx_word' id='word_1_243' title='bbox 1008 1911 1107 1964; x_wconf 73' lang='grc' dir='ltr'><strong>καὶ</strong></span> <span class='ocrx_word' id='word_1_244' title='bbox 1138 1912 1227 1965; x_wconf 84' lang='grc' dir='ltr'><strong>τὸν</strong></span> <span class='ocrx_word' id='word_1_245' title='bbox 1282 1912 1568 1983; x_wconf 83' lang='grc' dir='ltr'><strong>στέφανον.</strong></span> <span class='ocrx_word' id='word_1_246' title='bbox 1600 1917 1718 1970; x_wconf 83' lang='grc' dir='ltr'><strong>Μό-</strong></span> 
     </span>
    </p>
   </div>
   <div class='ocr_carea' id='block_1_37' title="bbox 129 1999 1716 2074">
    <p class='ocr_par' dir='ltr' id='par_1_37' title="bbox 129 1999 1716 2074">
     <span class='ocr_line' id='line_1_37' title="bbox 129 1999 1716 2074; baseline 0.004 -20"><span class='ocrx_word' id='word_1_247' title='bbox 129 2016 227 2063; x_wconf 85' lang='grc' dir='ltr'><strong>νος</strong></span> <span class='ocrx_word' id='word_1_248' title='bbox 265 2000 371 2070; x_wconf 73' lang='grc' dir='ltr'><strong>γὰρ</strong></span> <span class='ocrx_word' id='word_1_249' title='bbox 421 1999 532 2053; x_wconf 86' lang='grc' dir='ltr'><strong>τῶν</strong></span> <span class='ocrx_word' id='word_1_250' title='bbox 580 1999 773 2071; x_wconf 84' lang='grc' dir='ltr'><strong>πρώην</strong></span> <span class='ocrx_word' id='word_1_251' title='bbox 809 2000 1076 2072; x_wconf 80' lang='grc' dir='ltr'><strong>βασιλέων</strong></span> <span class='ocrx_word' id='word_1_252' title='bbox 1112 2002 1309 2056; x_wconf 79' lang='grc' dir='ltr'><strong>ἑαυτοῦ</strong></span> <span class='ocrx_word' id='word_1_253' title='bbox 1342 2003 1716 2074; x_wconf 77' lang='grc' dir='ltr'><strong>βεϐασίλευκε⁸</strong></span> 
     </span>
    </p>
   </div>
   <div class='ocr_carea' id='block_1_38' title="bbox 129 2089 1717 2169">
    <p class='ocr_par' dir='ltr' id='par_1_38' title="bbox 129 2089 1717 2169">
     <span class='ocr_line' id='line_1_38' title="bbox 129 2089 1717 2169; baseline 0.005 -26"><span class='ocrx_word' id='word_1_254' title='bbox 129 2089 233 2143; x_wconf 74' lang='grc' dir='ltr'><strong>καὶ</strong></span> <span class='ocrx_word' id='word_1_255' title='bbox 257 2090 613 2162; x_wconf 80' lang='grc' dir='ltr'><strong>αὐτοκράτωρ</strong></span> <span class='ocrx_word' id='word_1_256' title='bbox 644 2089 815 2156; x_wconf 73' lang='grc' dir='ltr'><strong>ὅντως</strong></span> <span class='ocrx_word' id='word_1_257' title='bbox 858 2093 1171 2164; x_wconf 81' lang='grc' dir='ltr'><strong>γενόμενος,</strong></span> <span class='ocrx_word' id='word_1_258' title='bbox 1197 2093 1298 2166; x_wconf 80' lang='grc' dir='ltr'><strong>τὴν</strong></span> <span class='ocrx_word' id='word_1_259' title='bbox 1327 2095 1426 2164; x_wconf 84' lang='grc' dir='ltr'><strong>μὲν</strong></span> <span class='ocrx_word' id='word_1_260' title='bbox 1451 2096 1717 2169; x_wconf 75' lang='grc' dir='ltr'><strong>ὀχλοκρα-</strong></span> 
     </span>
    </p>
   </div>
   <div class='ocr_carea' id='block_1_39' title="bbox 132 2181 1718 2261">
    <p class='ocr_par' dir='ltr' id='par_1_39' title="bbox 132 2181 1718 2261">
     <span class='ocr_line' id='line_1_39' title="bbox 132 2181 1718 2261; baseline 0.006 -26"><span class='ocrx_word' id='word_1_261' title='bbox 132 2181 260 2236; x_wconf 85' lang='grc' dir='ltr'><strong>τίαν</strong></span> <span class='ocrx_word' id='word_1_262' title='bbox 314 2182 423 2236; x_wconf 82' lang='grc' dir='ltr'><strong>τῶν</strong></span> <span class='ocrx_word' id='word_1_263' title='bbox 455 2182 645 2237; x_wconf 88' lang='grc' dir='ltr'><strong>παθῶν</strong></span> <span class='ocrx_word' id='word_1_264' title='bbox 671 2183 736 2237; x_wconf 79' lang='grc' dir='ltr'><strong>ὲκ</strong></span> <span class='ocrx_word' id='word_1_265' title='bbox 760 2183 864 2255; x_wconf 85' lang='grc' dir='ltr'><strong>τῆς</strong></span> <span class='ocrx_word' id='word_1_266' title='bbox 895 2184 1101 2250; x_wconf 77' lang='grc' dir='ltr'><strong>οἰκείας</strong></span> <span class='ocrx_word' id='word_1_267' title='bbox 1128 2186 1491 2259; x_wconf 81' lang='grc' dir='ltr'><strong>ὲξενηλάτησε</strong></span> <span class='ocrx_word' id='word_1_268' title='bbox 1518 2188 1718 2261; x_wconf 59' lang='grc' dir='ltr'><strong>ψυχῆς</strong></span> 
     </span>
    </p>
   </div>
   <div class='ocr_carea' id='block_1_40' title="bbox 133 2273 1724 2352">
    <p class='ocr_par' dir='ltr' id='par_1_40' title="bbox 133 2273 1724 2352">
     <span class='ocr_line' id='line_1_40' title="bbox 133 2273 1724 2352; baseline 0.006 -26"><span class='ocrx_word' id='word_1_269' title='bbox 133 2274 566 2345; x_wconf 76' lang='grc' dir='ltr'><strong>ἀριστοκρατίαν</strong></span> <span class='ocrx_word' id='word_1_270' title='bbox 608 2273 667 2328; x_wconf 73' lang='grc' dir='ltr'><strong>δὲ</strong></span> <span class='ocrx_word' id='word_1_271' title='bbox 711 2276 772 2331; x_wconf 74' lang='grc' dir='ltr'><strong>ὲν</strong></span> <span class='ocrx_word' id='word_1_272' title='bbox 808 2277 923 2341; x_wconf 81' lang='grc' dir='ltr'><strong>τοῖς</strong></span> <span class='ocrx_word' id='word_1_273' title='bbox 963 2277 1158 2333; x_wconf 77' lang='grc' dir='ltr'><strong>ἑαυτοῦ</strong></span> <span class='ocrx_word' id='word_1_274' title='bbox 1232 2278 1516 2352; x_wconf 83' lang='grc' dir='ltr'><strong>λογισμοῖς</strong></span> <span class='ocrx_word' id='word_1_275' title='bbox 1560 2300 1724 2336; x_wconf 88' lang='grc' dir='ltr'><strong>κατα-</strong></span> 
     </span>
    </p>
   </div>
   <div class='ocr_carea' id='block_1_41' title="bbox 131 2363 1721 2445">
    <p class='ocr_par' dir='ltr' id='par_1_41' title="bbox 131 2363 1721 2445">
     <span class='ocr_line' id='line_1_41' title="bbox 131 2363 1721 2445; baseline 0.007 -29"><span class='ocrx_word' id='word_1_276' title='bbox 131 2364 498 2435; x_wconf 84' lang='grc' dir='ltr'><strong>στησάμενος,</strong></span> <span class='ocrx_word' id='word_1_277' title='bbox 532 2363 642 2429; x_wconf 82' lang='grc' dir='ltr'><strong>ζῶν</strong></span> <span class='ocrx_word' id='word_1_278' title='bbox 670 2364 877 2437; x_wconf 81' lang='grc' dir='ltr'><strong>ἀρετῆς</strong></span> <span class='ocrx_word' id='word_1_279' title='bbox 908 2367 1133 2440; x_wconf 82' lang='grc' dir='ltr'><strong>ἄγαλμα</strong></span> <span class='ocrx_word' id='word_1_280' title='bbox 1168 2370 1360 2424; x_wconf 78' lang='grc' dir='ltr'><strong>ἑαυτὸν</strong></span> <span class='ocrx_word' id='word_1_281' title='bbox 1391 2372 1721 2445; x_wconf 78' lang='grc' dir='ltr'><strong>παρέσχετο,</strong></span> 
     </span>
    </p>
   </div>
   <div class='ocr_carea' id='block_1_42' title="bbox 131 2458 1722 2536">
    <p class='ocr_par' dir='ltr' id='par_1_42' title="bbox 131 2458 1722 2536">
     <span class='ocr_line' id='line_1_42' title="bbox 131 2458 1722 2536; baseline 0.007 -27"><span class='ocrx_word' id='word_1_282' title='bbox 131 2458 277 2528; x_wconf 80' lang='grc' dir='ltr'><strong>πρὸς</strong></span> <span class='ocrx_word' id='word_1_283' title='bbox 312 2458 546 2530; x_wconf 84' lang='grc' dir='ltr'><strong>μίμησιν</strong></span> <span class='ocrx_word' id='word_1_284' title='bbox 588 2459 927 2514; x_wconf 74' lang='grc' dir='ltr'><strong>ἑκπαιδεὺων</strong></span> <span class='ocrx_word' id='word_1_285' title='bbox 978 2461 1039 2514; x_wconf 79' lang='grc' dir='ltr'><strong>τὸ</strong></span> <span class='ocrx_word' id='word_1_286' title='bbox 1098 2462 1358 2534; x_wconf 82' lang='grc' dir='ltr'><strong>ὑπήκοον.</strong></span> <span class='ocrx_word' id='word_1_287' title='bbox 1422 2465 1600 2536; x_wconf 80' lang='grc' dir='ltr'><strong>Ἀπερ</strong></span> <span class='ocrx_word' id='word_1_288' title='bbox 1660 2466 1722 2520; x_wconf 83' lang='grc' dir='ltr'><strong>οὐ</strong></span> 
     </span>
    </p>
   </div>
   <div class='ocr_carea' id='block_1_43' title="bbox 131 2551 1719 2628">
    <p class='ocr_par' dir='ltr' id='par_1_43' title="bbox 131 2551 1719 2628">
     <span class='ocr_line' id='line_1_43' title="bbox 131 2551 1719 2628; baseline 0.006 -25"><span class='ocrx_word' id='word_1_289' title='bbox 131 2551 275 2622; x_wconf 79' lang='grc' dir='ltr'><strong>πρὸς</strong></span> <span class='ocrx_word' id='word_1_290' title='bbox 310 2551 551 2606; x_wconf 81' lang='grc' dir='ltr'><strong>θωπείαν</strong></span> <span class='ocrx_word' id='word_1_291' title='bbox 590 2551 807 2623; x_wconf 72' lang='grc' dir='ltr'><strong>εἴρηταί</strong></span> <span class='ocrx_word' id='word_1_292' title='bbox 845 2570 956 2623; x_wconf 83' lang='grc' dir='ltr'><strong>μοι.</strong></span> <span class='ocrx_word' id='word_1_293' title='bbox 991 2554 1058 2608; x_wconf 86' lang='grc' dir='ltr'><strong>Τί</strong></span> <span class='ocrx_word' id='word_1_294' title='bbox 1101 2555 1210 2628; x_wconf 78' lang='grc' dir='ltr'><strong>γὰρ</strong></span> <span class='ocrx_word' id='word_1_295' title='bbox 1260 2558 1357 2611; x_wconf 75' lang='grc' dir='ltr'><strong>καὶ</strong></span> <span class='ocrx_word' id='word_1_296' title='bbox 1406 2556 1719 2625; x_wconf 80' lang='grc' dir='ltr'><strong>λελέξεται,</strong></span> 
     </span>
    </p>
   </div>
   <div class='ocr_carea' id='block_1_44' title="bbox 128 2634 1720 2722">
    <p class='ocr_par' dir='ltr' id='par_1_44' title="bbox 128 2634 1720 2722">
     <span class='ocr_line' id='line_1_44' title="bbox 128 2634 1720 2722; baseline 0.006 -27"><span class='ocrx_word' id='word_1_297' title='bbox 128 2634 456 2710; x_wconf 74' lang='grc' dir='ltr'><strong>ἀγνοοῦντος</strong></span> <span class='ocrx_word' id='word_1_298' title='bbox 508 2642 718 2695; x_wconf 76' lang='grc' dir='ltr'><strong>ἐκείνου</strong></span> <span class='ocrx_word' id='word_1_299' title='bbox 767 2644 838 2697; x_wconf 80' lang='grc' dir='ltr'><strong>τὰ</strong></span> <span class='ocrx_word' id='word_1_300' title='bbox 875 2646 1238 2717; x_wconf 75' lang='grc' dir='ltr'><strong>γραφόμενας</strong></span> <span class='ocrx_word' id='word_1_301' title='bbox 1272 2650 1618 2722; x_wconf 88' lang='grc' dir='ltr'><strong>παραστήσει</strong></span> <span class='ocrx_word' id='word_1_302' title='bbox 1659 2650 1720 2704; x_wconf 79' lang='grc' dir='ltr'><strong>δὲ</strong></span> 
     </span>
    </p>
   </div>
   <div class='ocr_carea' id='block_1_45' title="bbox 127 2732 1715 2813">
    <p class='ocr_par' dir='ltr' id='par_1_45' title="bbox 127 2732 1715 2813">
     <span class='ocr_line' id='line_1_45' title="bbox 127 2732 1715 2813; baseline 0.006 -26"><span class='ocrx_word' id='word_1_303' title='bbox 127 2734 289 2787; x_wconf 78' lang='grc' dir='ltr'><strong>ταῦθ’</strong></span> <span class='ocrx_word' id='word_1_304' title='bbox 316 2732 491 2813; x_wconf 66' lang='grc' dir='ltr'><strong>οὕτως</strong></span> <span class='ocrx_word' id='word_1_305' title='bbox 537 2733 703 2803; x_wconf 77' lang='grc' dir='ltr'><strong>ἔχειν,</strong></span> <span class='ocrx_word' id='word_1_306' title='bbox 739 2736 810 2790; x_wconf 86' lang='grc' dir='ltr'><strong>τά</strong></span> <span class='ocrx_word' id='word_1_307' title='bbox 835 2750 895 2790; x_wconf 87' lang='grc' dir='ltr'><strong>τε</strong></span> <span class='ocrx_word' id='word_1_308' title='bbox 947 2740 1013 2791; x_wconf 79' lang='grc' dir='ltr'><strong>ὲκ</strong></span> <span class='ocrx_word' id='word_1_309' title='bbox 1059 2738 1153 2792; x_wconf 72' lang='grc' dir='ltr'><strong>τοῦ</strong></span> <span class='ocrx_word' id='word_1_310' title='bbox 1188 2738 1325 2793; x_wconf 83' lang='grc' dir='ltr'><strong>Θεοῦ</strong></span> <span class='ocrx_word' id='word_1_311' title='bbox 1357 2739 1715 2813; x_wconf 82' lang='grc' dir='ltr'><strong>δεδωρημένα</strong></span> 
     </span>
    </p>
   </div>
   <div class='ocr_carea' id='block_1_46' title="bbox 128 2812 1715 2905">
    <p class='ocr_par' dir='ltr' id='par_1_46' title="bbox 128 2812 1715 2905">
     <span class='ocr_line' id='line_1_46' title="bbox 128 2812 1715 2905; baseline 0.006 -28"><span class='ocrx_word' id='word_1_312' title='bbox 128 2841 201 2892; x_wconf 84' lang='grc' dir='ltr'><strong>γε</strong></span> <span class='ocrx_word' id='word_1_313' title='bbox 245 2812 414 2895; x_wconf 77' lang='grc' dir='ltr'><strong>αὐτῷ.</strong></span> <span class='ocrx_word' id='word_1_314' title='bbox 442 2824 512 2879; x_wconf 80' lang='grc' dir='ltr'><strong>τά</strong></span> <span class='ocrx_word' id='word_1_315' title='bbox 546 2842 608 2878; x_wconf 89' lang='grc' dir='ltr'><strong>τε</strong></span> <span class='ocrx_word' id='word_1_316' title='bbox 658 2827 930 2892; x_wconf 88' lang='grc' dir='ltr'><strong>παντοίως</strong></span> <span class='ocrx_word' id='word_1_317' title='bbox 958 2830 1369 2901; x_wconf 82' lang='grc' dir='ltr'><strong>συνενεχθέντα,</strong></span> <span class='ocrx_word' id='word_1_318' title='bbox 1401 2831 1547 2905; x_wconf 74' lang='grc' dir='ltr'><strong>ἅπερ</strong></span> <span class='ocrx_word' id='word_1_319' title='bbox 1582 2835 1715 2905; x_wconf 80' lang='grc' dir='ltr'><strong>ἡμῖν</strong></span> 
     </span>
    </p>
   </div>
   <div class='ocr_carea' id='block_1_47' title="bbox 130 2916 1250 2987">
    <p class='ocr_par' dir='ltr' id='par_1_47' title="bbox 130 2916 1250 2987">
     <span class='ocr_line' id='line_1_47' title="bbox 130 2916 1250 2987; baseline 0.008 -20"><span class='ocrx_word' id='word_1_320' title='bbox 130 2916 579 2987; x_wconf 79' lang='grc' dir='ltr'><strong>ὁμολογουμένως</strong></span> <span class='ocrx_word' id='word_1_321' title='bbox 602 2920 660 2979; x_wconf 83' lang='grc' dir='ltr'><strong>ὲς</strong></span> <span class='ocrx_word' id='word_1_322' title='bbox 686 2918 776 2973; x_wconf 79' lang='grc' dir='ltr'><strong>τὸν</strong></span> <span class='ocrx_word' id='word_1_323' title='bbox 802 2918 937 2974; x_wconf 83' lang='grc' dir='ltr'><strong>Θεὸν</strong></span> <span class='ocrx_word' id='word_1_324' title='bbox 966 2921 1250 2977; x_wconf 76' lang='grc' dir='ltr'><strong>ἀνακτέον.</strong></span> 
     </span>
    </p>
   </div>
   <div class='ocr_carea' id='block_1_48' title="bbox 1818 1912 3398 1991">
    <p class='ocr_par' dir='ltr' id='par_1_48' title="bbox 1818 1912 3398 1991">
     <span class='ocr_line' id='line_1_48' title="bbox 1818 1912 3398 1991; baseline -0.011 -11"><span class='ocrx_word' id='word_1_325' title='bbox 1818 1924 1935 1979; x_wconf 75' lang='lat' dir='ltr'><strong>haec</strong></span> <span class='ocrx_word' id='word_1_326' title='bbox 1968 1922 2265 1978; x_wconf 82' lang='lat' dir='ltr'><strong>Mauricius</strong></span> <span class='ocrx_word' id='word_1_327' title='bbox 2286 1936 2511 1991; x_wconf 89' lang='lat' dir='ltr'><strong>operam</strong></span> <span class='ocrx_word' id='word_1_328' title='bbox 2539 1920 2713 1983; x_wconf 88' lang='lat' dir='ltr'><strong>dedit,</strong></span> <span class='ocrx_word' id='word_1_329' title='bbox 2740 1927 2801 1973; x_wconf 91' lang='lat' dir='ltr'><strong>ut</strong></span> <span class='ocrx_word' id='word_1_330' title='bbox 2834 1933 2943 1973; x_wconf 92' lang='lat' dir='ltr'><strong>non</strong></span> <span class='ocrx_word' id='word_1_331' title='bbox 2970 1929 3171 1984; x_wconf 84' lang='lat' dir='ltr'><strong>corpus</strong></span> <span class='ocrx_word' id='word_1_332' title='bbox 3199 1912 3398 1970; x_wconf 89' lang='lat' dir='ltr'><strong>solum,</strong></span> 
     </span>
    </p>
   </div>
   <div class='ocr_carea' id='block_1_49' title="bbox 1818 2008 3400 2079">
    <p class='ocr_par' dir='ltr' id='par_1_49' title="bbox 1818 2008 3400 2079">
     <span class='ocr_line' id='line_1_49' title="bbox 1818 2008 3400 2079; baseline -0.01 -11"><span class='ocrx_word' id='word_1_333' title='bbox 1818 2029 2011 2070; x_wconf 88' lang='lat' dir='ltr'><strong>verum</strong></span> <span class='ocrx_word' id='word_1_334' title='bbox 2042 2012 2207 2068; x_wconf 90' lang='lat' dir='ltr'><strong>etiam</strong></span> <span class='ocrx_word' id='word_1_335' title='bbox 2240 2012 2486 2066; x_wconf 88' lang='lat' dir='ltr'><strong>animum</strong></span> <span class='ocrx_word' id='word_1_336' title='bbox 2518 2008 2791 2079; x_wconf 89' lang='lat' dir='ltr'><strong>imperiali</strong></span> <span class='ocrx_word' id='word_1_337' title='bbox 2830 2021 3072 2077; x_wconf 90' lang='lat' dir='ltr'><strong>purpura</strong></span> <span class='ocrx_word' id='word_1_338' title='bbox 3112 2014 3169 2059; x_wconf 91' lang='lat' dir='ltr'><strong>et</strong></span> <span class='ocrx_word' id='word_1_339' title='bbox 3196 2015 3400 2057; x_wconf 91' lang='lat' dir='ltr'><strong>corona</strong></span> 
     </span>
    </p>
   </div>
   <div class='ocr_carea' id='block_1_50' title="bbox 1818 2097 3404 2169">
    <p class='ocr_par' dir='ltr' id='par_1_50' title="bbox 1818 2097 3404 2169">
     <span class='ocr_line' id='line_1_50' title="bbox 1818 2097 3404 2169; baseline -0.012 -8"><span class='ocrx_word' id='word_1_340' title='bbox 1818 2111 2135 2162; x_wconf 82' lang='lat' dir='ltr'><strong>exornaret.</strong></span> <span class='ocrx_word' id='word_1_341' title='bbox 2168 2102 2330 2159; x_wconf 90' lang='lat' dir='ltr'><strong>Solus</strong></span> <span class='ocrx_word' id='word_1_342' title='bbox 2369 2102 2515 2157; x_wconf 87' lang='lat' dir='ltr'><strong>enim</strong></span> <span class='ocrx_word' id='word_1_343' title='bbox 2552 2117 2620 2156; x_wconf 81' lang='lat' dir='ltr'><strong>ex</strong></span> <span class='ocrx_word' id='word_1_344' title='bbox 2670 2099 2738 2154; x_wconf 90' lang='lat' dir='ltr'><strong>iis</strong></span> <span class='ocrx_word' id='word_1_345' title='bbox 2784 2097 2875 2169; x_wconf 92' lang='lat' dir='ltr'><strong>qui</strong></span> <span class='ocrx_word' id='word_1_346' title='bbox 2913 2106 3074 2152; x_wconf 87' lang='lat' dir='ltr'><strong>antea</strong></span> <span class='ocrx_word' id='word_1_347' title='bbox 3105 2098 3404 2164; x_wconf 86' lang='lat' dir='ltr'><strong>regnarunt</strong></span> 
     </span>
    </p>
   </div>
   <div class='ocr_carea' id='block_1_51' title="bbox 1821 2186 3406 2267">
    <p class='ocr_par' dir='ltr' id='par_1_51' title="bbox 1821 2186 3406 2267">
     <span class='ocr_line' id='line_1_51' title="bbox 1821 2186 3406 2267; baseline -0.011 -15"><span class='ocrx_word' id='word_1_348' title='bbox 1821 2195 2270 2267; x_wconf 89' lang='lat' dir='ltr'><strong>imperatoribus,</strong></span> <span class='ocrx_word' id='word_1_349' title='bbox 2313 2194 2537 2249; x_wconf 90' lang='lat' dir='ltr'><strong>sibimet</strong></span> <span class='ocrx_word' id='word_1_350' title='bbox 2568 2195 2686 2263; x_wconf 90' lang='lat' dir='ltr'><strong>ipse</strong></span> <span class='ocrx_word' id='word_1_351' title='bbox 2720 2189 3033 2261; x_wconf 86' lang='lat' dir='ltr'><strong>imperavit.</strong></span> <span class='ocrx_word' id='word_1_352' title='bbox 3068 2187 3137 2242; x_wconf 87' lang='lat' dir='ltr'><strong>Et</strong></span> <span class='ocrx_word' id='word_1_353' title='bbox 3171 2186 3406 2253; x_wconf 81' lang='lat' dir='ltr'><strong>impera-</strong></span> 
     </span>
    </p>
   </div>
   <div class='ocr_carea' id='block_1_52' title="bbox 1821 2279 3404 2359">
    <p class='ocr_par' dir='ltr' id='par_1_52' title="bbox 1821 2279 3404 2359">
     <span class='ocr_line' id='line_1_52' title="bbox 1821 2279 3404 2359; baseline -0.01 -15"><span class='ocrx_word' id='word_1_354' title='bbox 1821 2296 1910 2344; x_wconf 88' lang='lat' dir='ltr'><strong>tor</strong></span> <span class='ocrx_word' id='word_1_355' title='bbox 1959 2288 2142 2359; x_wconf 89' lang='lat' dir='ltr'><strong>reipsa</strong></span> <span class='ocrx_word' id='word_1_356' title='bbox 2195 2288 2406 2353; x_wconf 89' lang='lat' dir='ltr'><strong>factus,</strong></span> <span class='ocrx_word' id='word_1_357' title='bbox 2457 2286 2735 2359; x_wconf 91' lang='lat' dir='ltr'><strong>plebeium</strong></span> <span class='ocrx_word' id='word_1_358' title='bbox 2788 2283 3009 2354; x_wconf 81' lang='lat' dir='ltr'><strong>quidem</strong></span> <span class='ocrx_word' id='word_1_359' title='bbox 3065 2279 3404 2335; x_wconf 85' lang='lat' dir='ltr'><strong>dominatum</strong></span> 
     </span>
    </p>
   </div>
   <div class='ocr_carea' id='block_1_53' title="bbox 1822 2367 3405 2449">
    <p class='ocr_par' dir='ltr' id='par_1_53' title="bbox 1822 2367 3405 2449">
     <span class='ocr_line' id='line_1_53' title="bbox 1822 2367 3405 2449; baseline -0.009 -16"><span class='ocrx_word' id='word_1_360' title='bbox 1822 2378 2299 2449; x_wconf 89' lang='lat' dir='ltr'><strong>perturbationum</strong></span> <span class='ocrx_word' id='word_1_361' title='bbox 2347 2394 2416 2433; x_wconf 85' lang='lat' dir='ltr'><strong>ex</strong></span> <span class='ocrx_word' id='word_1_362' title='bbox 2460 2378 2646 2433; x_wconf 88' lang='lat' dir='ltr'><strong>animo</strong></span> <span class='ocrx_word' id='word_1_363' title='bbox 2691 2390 2793 2431; x_wconf 89' lang='lat' dir='ltr'><strong>suo</strong></span> <span class='ocrx_word' id='word_1_364' title='bbox 2838 2370 3029 2444; x_wconf 88' lang='lat' dir='ltr'><strong>procul</strong></span> <span class='ocrx_word' id='word_1_365' title='bbox 3068 2367 3405 2424; x_wconf 84' lang='lat' dir='ltr'><strong>amandavit.</strong></span> 
     </span>
    </p>
   </div>
   <div class='ocr_carea' id='block_1_54' title="bbox 1824 2455 3439 2540">
    <p class='ocr_par' dir='ltr' id='par_1_54' title="bbox 1824 2455 3439 2540">
     <span class='ocr_line' id='line_1_54' title="bbox 1824 2455 3439 2540; baseline -0.011 -15"><span class='ocrx_word' id='word_1_366' title='bbox 1824 2467 2161 2540; x_wconf 89' lang='lat' dir='ltr'><strong>Optimatum</strong></span> <span class='ocrx_word' id='word_1_367' title='bbox 2192 2484 2324 2525; x_wconf 90' lang='lat' dir='ltr'><strong>vero</strong></span> <span class='ocrx_word' id='word_1_368' title='bbox 2355 2468 2726 2540; x_wconf 85' lang='lat' dir='ltr'><strong>principatum</strong></span> <span class='ocrx_word' id='word_1_369' title='bbox 2762 2464 2818 2519; x_wconf 91' lang='lat' dir='ltr'><strong>in</strong></span> <span class='ocrx_word' id='word_1_370' title='bbox 2850 2470 3034 2518; x_wconf 87' lang='lat' dir='ltr'><strong>mente</strong></span> <span class='ocrx_word' id='word_1_371' title='bbox 3066 2473 3163 2513; x_wconf 91' lang='lat' dir='ltr'><strong>sua</strong></span> <span class='ocrx_word' id='word_1_372' title='bbox 3194 2455 3408 2511; x_wconf 86' lang='lat' dir='ltr'><strong>consti-</strong></span> <span class='ocrx_word' id='word_1_373' title='bbox 3436 2456 3439 2459; x_wconf 85' lang='grc'><em>’</em></span> 
     </span>
    </p>
   </div>
   <div class='ocr_carea' id='block_1_55' title="bbox 1828 2555 3411 2633">
    <p class='ocr_par' dir='ltr' id='par_1_55' title="bbox 1828 2555 3411 2633">
     <span class='ocr_line' id='line_1_55' title="bbox 1828 2555 3411 2633; baseline -0.011 -14"><span class='ocrx_word' id='word_1_374' title='bbox 1828 2570 2014 2628; x_wconf 87' lang='lat' dir='ltr'><strong>tuens,</strong></span> <span class='ocrx_word' id='word_1_375' title='bbox 2040 2563 2225 2617; x_wconf 91' lang='lat' dir='ltr'><strong>vivum</strong></span> <span class='ocrx_word' id='word_1_376' title='bbox 2257 2562 2532 2633; x_wconf 88' lang='lat' dir='ltr'><strong>quoddam</strong></span> <span class='ocrx_word' id='word_1_377' title='bbox 2560 2559 2786 2616; x_wconf 88' lang='lat' dir='ltr'><strong>virtutis</strong></span> <span class='ocrx_word' id='word_1_378' title='bbox 2812 2555 3167 2613; x_wconf 84' lang='lat' dir='ltr'><strong>simulacrum</strong></span> <span class='ocrx_word' id='word_1_379' title='bbox 3192 2566 3250 2605; x_wconf 91' lang='lat' dir='ltr'><strong>se</strong></span> <span class='ocrx_word' id='word_1_380' title='bbox 3272 2564 3411 2619; x_wconf 75' lang='lat' dir='ltr'><strong>prae-</strong></span> 
     </span>
    </p>
   </div>
   <div class='ocr_carea' id='block_1_56' title="bbox 1826 2640 3407 2721">
    <p class='ocr_par' dir='ltr' id='par_1_56' title="bbox 1826 2640 3407 2721">
     <span class='ocr_line' id='line_1_56' title="bbox 1826 2640 3407 2721; baseline -0.011 -11"><span class='ocrx_word' id='word_1_381' title='bbox 1826 2655 1968 2721; x_wconf 87' lang='lat' dir='ltr'><strong>buit,</strong></span> <span class='ocrx_word' id='word_1_382' title='bbox 1994 2654 2247 2709; x_wconf 88' lang='lat' dir='ltr'><strong>subditos</strong></span> <span class='ocrx_word' id='word_1_383' title='bbox 2271 2669 2464 2709; x_wconf 92' lang='lat' dir='ltr'><strong>omnes</strong></span> <span class='ocrx_word' id='word_1_384' title='bbox 2504 2652 2572 2707; x_wconf 87' lang='lat' dir='ltr'><strong>ad</strong></span> <span class='ocrx_word' id='word_1_385' title='bbox 2617 2652 2703 2707; x_wconf 92' lang='lat' dir='ltr'><strong>sui</strong></span> <span class='ocrx_word' id='word_1_386' title='bbox 2735 2648 3097 2705; x_wconf 88' lang='lat' dir='ltr'><strong>imitationem</strong></span> <span class='ocrx_word' id='word_1_387' title='bbox 3126 2640 3407 2699; x_wconf 86' lang='lat' dir='ltr'><strong>erudiens.</strong></span> 
     </span>
    </p>
   </div>
   <div class='ocr_carea' id='block_1_57' title="bbox 1824 2738 3405 2817">
    <p class='ocr_par' dir='ltr' id='par_1_57' title="bbox 1824 2738 3405 2817">
     <span class='ocr_line' id='line_1_57' title="bbox 1824 2738 3405 2817; baseline -0.01 -15"><span class='ocrx_word' id='word_1_388' title='bbox 1824 2746 1956 2813; x_wconf 64' lang='lat' dir='ltr'><strong>Quae</strong></span> <span class='ocrx_word' id='word_1_389' title='bbox 1975 2747 2199 2817; x_wconf 89' lang='lat' dir='ltr'><strong>quidem</strong></span> <span class='ocrx_word' id='word_1_390' title='bbox 2223 2763 2332 2801; x_wconf 92' lang='lat' dir='ltr'><strong>non</strong></span> <span class='ocrx_word' id='word_1_391' title='bbox 2362 2744 2679 2801; x_wconf 88' lang='lat' dir='ltr'><strong>assentandi</strong></span> <span class='ocrx_word' id='word_1_392' title='bbox 2706 2742 2890 2799; x_wconf 91' lang='lat' dir='ltr'><strong>studio</strong></span> <span class='ocrx_word' id='word_1_393' title='bbox 2916 2758 2946 2796; x_wconf 92' lang='lat' dir='ltr'><strong>a</strong></span> <span class='ocrx_word' id='word_1_394' title='bbox 2970 2756 3056 2794; x_wconf 89' lang='lat' dir='ltr'><strong>me</strong></span> <span class='ocrx_word' id='word_1_395' title='bbox 3086 2738 3232 2792; x_wconf 83' lang='lat' dir='ltr'><strong>dicta</strong></span> <span class='ocrx_word' id='word_1_396' title='bbox 3257 2744 3405 2790; x_wconf 92' lang='lat' dir='ltr'><strong>sunt.</strong></span> 
     </span>
    </p>
   </div>
   <div class='ocr_carea' id='block_1_58' title="bbox 1820 2830 3412 2900">
    <p class='ocr_par' dir='ltr' id='par_1_58' title="bbox 1820 2830 3412 2900">
     <span class='ocr_line' id='line_1_58' title="bbox 1820 2830 3412 2900; baseline -0.01 -5"><span class='ocrx_word' id='word_1_397' title='bbox 1820 2838 1931 2895; x_wconf 88' lang='lat' dir='ltr'><strong>Cur</strong></span> <span class='ocrx_word' id='word_1_398' title='bbox 1960 2840 2108 2895; x_wconf 91' lang='lat' dir='ltr'><strong>enim</strong></span> <span class='ocrx_word' id='word_1_399' title='bbox 2134 2855 2201 2895; x_wconf 91' lang='lat' dir='ltr'><strong>eo</strong></span> <span class='ocrx_word' id='word_1_400' title='bbox 2226 2838 2458 2894; x_wconf 86' lang='lat' dir='ltr'><strong>consilio</strong></span> <span class='ocrx_word' id='word_1_401' title='bbox 2486 2838 2606 2893; x_wconf 70' lang='lat' dir='ltr'><strong>haec</strong></span> <span class='ocrx_word' id='word_1_402' title='bbox 2630 2837 2896 2900; x_wconf 89' lang='lat' dir='ltr'><strong>dicerem,</strong></span> <span class='ocrx_word' id='word_1_403' title='bbox 2922 2849 3048 2889; x_wconf 89' lang='lat' dir='ltr'><strong>cum</strong></span> <span class='ocrx_word' id='word_1_404' title='bbox 3078 2830 3167 2886; x_wconf 92' lang='lat' dir='ltr'><strong>ille</strong></span> <span class='ocrx_word' id='word_1_405' title='bbox 3199 2844 3265 2884; x_wconf 92' lang='lat' dir='ltr'><strong>ea</strong></span> <span class='ocrx_word' id='word_1_406' title='bbox 3289 2837 3412 2897; x_wconf 71' lang='lat' dir='ltr'><strong>qua:</strong></span> 
     </span>
    </p>
   </div>
   <div class='ocr_carea' id='block_1_59' title="bbox 1818 2919 3407 3002">
    <p class='ocr_par' dir='ltr' id='par_1_59' title="bbox 1818 2919 3407 3002">
     <span class='ocr_line' id='line_1_59' title="bbox 1818 2919 3407 3002; baseline -0.011 -15"><span class='ocrx_word' id='word_1_407' title='bbox 1818 2946 1849 2987; x_wconf 81' lang='lat' dir='ltr'><strong>a</strong></span> <span class='ocrx_word' id='word_1_408' title='bbox 1885 2947 1975 2987; x_wconf 87' lang='lat' dir='ltr'><strong>me</strong></span> <span class='ocrx_word' id='word_1_409' title='bbox 2010 2932 2350 2996; x_wconf 87' lang='lat' dir='ltr'><strong>scribuntur,</strong></span> <span class='ocrx_word' id='word_1_410' title='bbox 2392 2931 2612 3002; x_wconf 90' lang='lat' dir='ltr'><strong>penitus</strong></span> <span class='ocrx_word' id='word_1_411' title='bbox 2646 2928 2902 3002; x_wconf 84' lang='lat' dir='ltr'><strong>ignoret?</strong></span> <span class='ocrx_word' id='word_1_412' title='bbox 2937 2924 3045 2981; x_wconf 87' lang='lat' dir='ltr'><strong>Sed</strong></span> <span class='ocrx_word' id='word_1_413' title='bbox 3084 2938 3201 2977; x_wconf 89' lang='lat' dir='ltr'><strong>rem</strong></span> <span class='ocrx_word' id='word_1_414' title='bbox 3237 2919 3311 2973; x_wconf 91' lang='lat' dir='ltr'><strong>ita</strong></span> <span class='ocrx_word' id='word_1_415' title='bbox 3346 2933 3407 2972; x_wconf 91' lang='lat' dir='ltr'><strong>se</strong></span> 
     </span>
    </p>
   </div>
   <div class='ocr_carea' id='block_1_60' title="bbox 132 3009 3412 3091">
    <p class='ocr_par' dir='ltr' id='par_1_60' title="bbox 132 3009 3412 3091">
     <span class='ocr_line' id='line_1_60' title="bbox 132 3009 3412 3091; baseline 0.001 -25"><span class='ocrx_word' id='word_1_416' title='bbox 132 3009 362 3076; x_wconf 87' lang='lat' dir='ltr'><strong>habere,</strong></span> <span class='ocrx_word' id='word_1_417' title='bbox 395 3017 457 3064; x_wconf 93' lang='lat' dir='ltr'><strong>ut</strong></span> <span class='ocrx_word' id='word_1_418' title='bbox 482 3009 630 3076; x_wconf 79' lang='lat' dir='ltr'><strong>dixi,</strong></span> <span class='ocrx_word' id='word_1_419' title='bbox 656 3012 947 3082; x_wconf 87' lang='lat' dir='ltr'><strong>perspicue</strong></span> <span class='ocrx_word' id='word_1_420' title='bbox 979 3015 1301 3083; x_wconf 90' lang='lat' dir='ltr'><strong>ostendent,</strong></span> <span class='ocrx_word' id='word_1_421' title='bbox 1342 3024 1461 3072; x_wconf 89' lang='lat' dir='ltr'><strong>tum</strong></span> <span class='ocrx_word' id='word_1_422' title='bbox 1497 3033 1562 3074; x_wconf 89' lang='lat' dir='ltr'><strong>ea</strong></span> <span class='ocrx_word' id='word_1_423' title='bbox 1592 3035 1713 3089; x_wconf 65' lang='lat' dir='ltr'><strong>qua:</strong></span> <span class='ocrx_word' id='word_1_424' title='bbox 1756 3033 1885 3079; x_wconf 91' lang='lat' dir='ltr'><strong>sunt</strong></span> <span class='ocrx_word' id='word_1_425' title='bbox 1940 3026 2016 3081; x_wconf 92' lang='lat' dir='ltr'><strong>illi</strong></span> <span class='ocrx_word' id='word_1_426' title='bbox 2041 3026 2240 3082; x_wconf 90' lang='lat' dir='ltr'><strong>donata</strong></span> <span class='ocrx_word' id='word_1_427' title='bbox 2297 3026 2582 3091; x_wconf 87' lang='lat' dir='ltr'><strong>divinitus,</strong></span> <span class='ocrx_word' id='word_1_428' title='bbox 2608 3033 2721 3078; x_wconf 90' lang='lat' dir='ltr'><strong>tum</strong></span> <span class='ocrx_word' id='word_1_429' title='bbox 2745 3038 2808 3077; x_wconf 90' lang='lat' dir='ltr'><strong>ea</strong></span> <span class='ocrx_word' id='word_1_430' title='bbox 2832 3036 2955 3091; x_wconf 62' lang='lat' dir='ltr'><strong>quae</strong></span> <span class='ocrx_word' id='word_1_431' title='bbox 2978 3018 3150 3074; x_wconf 85' lang='lat' dir='ltr'><strong>variis</strong></span> <span class='ocrx_word' id='word_1_432' title='bbox 3170 3013 3412 3073; x_wconf 89' lang='lat' dir='ltr'><strong>subinde</strong></span> 
     </span>
    </p>
   </div>
   <div class='ocr_carea' id='block_1_61' title="bbox 135 3102 3086 3187">
    <p class='ocr_par' dir='ltr' id='par_1_61' title="bbox 135 3102 3086 3187">
     <span class='ocr_line' id='line_1_61' title="bbox 135 3102 3086 3187; baseline 0.002 -28"><span class='ocrx_word' id='word_1_433' title='bbox 135 3102 478 3174; x_wconf 88' lang='lat' dir='ltr'><strong>temporibus</strong></span> <span class='ocrx_word' id='word_1_434' title='bbox 534 3102 854 3159; x_wconf 89' lang='lat' dir='ltr'><strong>acciderunt</strong></span> <span class='ocrx_word' id='word_1_435' title='bbox 886 3120 901 3159; x_wconf 91' lang='lat'><strong>:</strong></span> <span class='ocrx_word' id='word_1_436' title='bbox 933 3120 1056 3176; x_wconf 70' lang='lat' dir='ltr'><strong>quae</strong></span> <span class='ocrx_word' id='word_1_437' title='bbox 1105 3107 1353 3178; x_wconf 90' lang='lat' dir='ltr'><strong>profecto</strong></span> <span class='ocrx_word' id='word_1_438' title='bbox 1375 3148 1392 3177; x_wconf 97' lang='lat'><strong>,</strong></span> <span class='ocrx_word' id='word_1_439' title='bbox 1414 3156 1425 3163; x_wconf 84' lang='lat'><strong>.</strong></span> <span class='ocrx_word' id='word_1_440' title='bbox 1448 3119 1510 3165; x_wconf 88' lang='lat' dir='ltr'><strong>ut</strong></span> <span class='ocrx_word' id='word_1_441' title='bbox 1571 3111 1717 3169; x_wconf 90' lang='lat' dir='ltr'><strong>inter</strong></span> <span class='ocrx_word' id='word_1_442' title='bbox 1754 3131 1947 3174; x_wconf 90' lang='lat' dir='ltr'><strong>omnes</strong></span> <span class='ocrx_word' id='word_1_443' title='bbox 1974 3127 2207 3185; x_wconf 90' lang='lat' dir='ltr'><strong>constat,</strong></span> <span class='ocrx_word' id='word_1_444' title='bbox 2239 3118 2352 3173; x_wconf 89' lang='lat' dir='ltr'><strong>Deo</strong></span> <span class='ocrx_word' id='word_1_445' title='bbox 2380 3124 2605 3187; x_wconf 87' lang='lat' dir='ltr'><strong>accepta</strong></span> <span class='ocrx_word' id='word_1_446' title='bbox 2635 3112 2830 3169; x_wconf 88' lang='lat' dir='ltr'><strong>referri</strong></span> <span class='ocrx_word' id='word_1_447' title='bbox 2857 3111 3086 3168; x_wconf 88' lang='lat' dir='ltr'><strong>debent.</strong></span> 
     </span>
    </p>
   </div>
   <div class='ocr_carea' id='block_1_62' title="bbox 729 3217 1786 3278">
    <p class='ocr_par' dir='ltr' id='par_1_62' title="bbox 729 3217 1786 3278">
     <span class='ocr_line' id='line_1_62' title="bbox 729 3217 1786 3278; baseline 0.008 -8"><span class='ocrx_word' id='word_1_448' title='bbox 729 3217 982 3273; x_wconf 76' lang='grc' dir='ltr'><strong>ΚΕΦΔΛ.</strong></span> <span class='ocrx_word' id='word_1_449' title='bbox 1032 3218 1105 3274; x_wconf 87' lang='lat' dir='ltr'><strong>B&#39;.</strong></span> <span class='ocrx_word' id='word_1_450' title='bbox 1743 3219 1786 3278; x_wconf 85' lang='lat' dir='ltr'><strong><em>C</em></strong></span> 
     </span>
    </p>
   </div>
   <div class='ocr_carea' id='block_1_63' title="bbox 137 3306 1715 3382">
    <p class='ocr_par' dir='ltr' id='par_1_63' title="bbox 137 3306 1715 3382">
     <span class='ocr_line' id='line_1_63' title="bbox 137 3306 1715 3382; baseline 0.004 -19"><span class='ocrx_word' id='word_1_451' title='bbox 137 3308 281 3377; x_wconf 82' lang='grc' dir='ltr'><strong>Περί</strong></span> <span class='ocrx_word' id='word_1_452' title='bbox 332 3306 817 3382; x_wconf 70' lang='grc' dir='ltr'><strong>Ἀλαμουνδᾴρου</strong></span> <span class='ocrx_word' id='word_1_453' title='bbox 881 3310 989 3382; x_wconf 66' lang='grc' dir='ltr'><strong>τοῦ</strong></span> <span class='ocrx_word' id='word_1_454' title='bbox 1024 3312 1378 3382; x_wconf 79' lang='grc' dir='ltr'><strong>Σαρακηνοῦ</strong></span> <span class='ocrx_word' id='word_1_455' title='bbox 1395 3352 1414 3381; x_wconf 89' lang='grc'><strong>,</strong></span> <span class='ocrx_word' id='word_1_456' title='bbox 1463 3315 1563 3369; x_wconf 81' lang='grc' dir='ltr'><strong>καί</strong></span> <span class='ocrx_word' id='word_1_457' title='bbox 1607 3315 1715 3371; x_wconf 83' lang='grc' dir='ltr'><strong>τοῦ</strong></span> 
     </span>
    </p>
   </div>
   <div class='ocr_carea' id='block_1_64' title="bbox 560 3378 1289 3452">
    <p class='ocr_par' dir='ltr' id='par_1_64' title="bbox 560 3378 1289 3452">
     <span class='ocr_line' id='line_1_64' title="bbox 560 3378 1289 3452; baseline 0.008 -19"><span class='ocrx_word' id='word_1_458' title='bbox 560 3378 696 3433; x_wconf 79' lang='grc' dir='ltr'><strong>υἱοῦ</strong></span> <span class='ocrx_word' id='word_1_459' title='bbox 721 3380 909 3435; x_wconf 82' lang='grc' dir='ltr'><strong>αὑτοῦ</strong></span> <span class='ocrx_word' id='word_1_460' title='bbox 941 3378 1289 3452; x_wconf 62' lang='grc' dir='ltr'><strong>Νααιὶάνού.</strong></span> 
     </span>
    </p>
   </div>
   <div class='ocr_carea' id='block_1_65' title="bbox 214 3462 1722 3548">
    <p class='ocr_par' dir='ltr' id='par_1_65' title="bbox 214 3462 1722 3548">
     <span class='ocr_line' id='line_1_65' title="bbox 214 3462 1722 3548; baseline 0.003 -22"><span class='ocrx_word' id='word_1_461' title='bbox 214 3462 389 3535; x_wconf 75' lang='grc' dir='ltr'><strong>οὗτος</strong></span> <span class='ocrx_word' id='word_1_462' title='bbox 416 3470 556 3543; x_wconf 78' lang='grc' dir='ltr'><strong>πρὸς</strong></span> <span class='ocrx_word' id='word_1_463' title='bbox 576 3474 691 3536; x_wconf 81' lang='grc' dir='ltr'><strong>τοῖς</strong></span> <span class='ocrx_word' id='word_1_464' title='bbox 716 3471 898 3536; x_wconf 79' lang='grc' dir='ltr'><strong>ἄλλοις</strong></span> <span class='ocrx_word' id='word_1_465' title='bbox 932 3473 1107 3528; x_wconf 76' lang='grc' dir='ltr'><strong>ἅπασι</strong></span> <span class='ocrx_word' id='word_1_466' title='bbox 1133 3474 1515 3542; x_wconf 79' lang='grc' dir='ltr'><strong>διεσπούδακε,</strong></span> <span class='ocrx_word' id='word_1_467' title='bbox 1555 3477 1722 3548; x_wconf 86' lang='grc' dir='ltr'><strong>μηδε-</strong></span> 
     </span>
    </p>
   </div>
   <div class='ocr_carea' id='block_1_66' title="bbox 146 3560 1730 3638">
    <p class='ocr_par' dir='ltr' id='par_1_66' title="bbox 146 3560 1730 3638">
     <span class='ocr_line' id='line_1_66' title="bbox 146 3560 1730 3638; baseline 0.005 -21"><span class='ocrx_word' id='word_1_468' title='bbox 146 3565 235 3628; x_wconf 86' lang='grc' dir='ltr'><strong>νδς</strong></span> <span class='ocrx_word' id='word_1_469' title='bbox 276 3564 390 3618; x_wconf 83' lang='grc' dir='ltr'><strong>τῶν</strong></span> <span class='ocrx_word' id='word_1_470' title='bbox 447 3563 719 3617; x_wconf 81' lang='grc' dir='ltr'><strong>ὑποδίκων</strong></span> <span class='ocrx_word' id='word_1_471' title='bbox 776 3568 844 3637; x_wconf 76' lang='grc' dir='ltr'><strong>τῇ</strong></span> <span class='ocrx_word' id='word_1_472' title='bbox 896 3564 1147 3638; x_wconf 74' lang='grc' dir='ltr'><strong>βασιλείᾳ</strong></span> <span class='ocrx_word' id='word_1_473' title='bbox 1189 3560 1333 3638; x_wconf 79' lang='grc' dir='ltr'><strong>αἷμα</strong></span> <span class='ocrx_word' id='word_1_474' title='bbox 1383 3569 1730 3626; x_wconf 83' lang='grc' dir='ltr'><strong>παντάπασιν</strong></span> 
     </span>
    </p>
   </div>
   <div class='ocr_carea' id='block_1_67' title="bbox 148 3655 1733 3730">
    <p class='ocr_par' dir='ltr' id='par_1_67' title="bbox 148 3655 1733 3730">
     <span class='ocr_line' id='line_1_67' title="bbox 148 3655 1733 3730; baseline 0.004 -21"><span class='ocrx_word' id='word_1_475' title='bbox 148 3656 360 3726; x_wconf 70' lang='grc' dir='ltr'><strong>ἐκχέαι.</strong></span> <span class='ocrx_word' id='word_1_476' title='bbox 414 3655 632 3725; x_wconf 81' lang='grc' dir='ltr'><strong>’Δμέλει</strong></span> <span class='ocrx_word' id='word_1_477' title='bbox 662 3656 954 3728; x_wconf 84' lang='grc' dir='ltr'><strong>τοιγαροῦν</strong></span> <span class='ocrx_word' id='word_1_478' title='bbox 987 3656 1111 3711; x_wconf 78' lang='grc' dir='ltr'><strong>οὔτε</strong></span> <span class='ocrx_word' id='word_1_479' title='bbox 1155 3657 1591 3730; x_wconf 82' lang='grc' dir='ltr'><strong>Ἀλαμούνδαρον</strong></span> <span class='ocrx_word' id='word_1_480' title='bbox 1622 3660 1733 3715; x_wconf 87' lang='grc' dir='ltr'><strong>τῶν</strong></span> 
     </span>
    </p>
   </div>
   <div class='ocr_carea' id='block_1_68' title="bbox 151 3747 1740 3823">
    <p class='ocr_par' dir='ltr' id='par_1_68' title="bbox 151 3747 1740 3823">
     <span class='ocr_line' id='line_1_68' title="bbox 151 3747 1740 3823; baseline 0.003 -21"><span class='ocrx_word' id='word_1_481' title='bbox 151 3747 452 3819; x_wconf 88' lang='grc' dir='ltr'><strong>Σκηνητῶν</strong></span> <span class='ocrx_word' id='word_1_482' title='bbox 498 3747 744 3819; x_wconf 76' lang='grc' dir='ltr'><strong>Ἀράϐων</strong></span> <span class='ocrx_word' id='word_1_483' title='bbox 770 3749 1094 3820; x_wconf 79' lang='grc' dir='ltr'><strong>ἡγούμενον,</strong></span> <span class='ocrx_word' id='word_1_484' title='bbox 1134 3749 1195 3803; x_wconf 84' lang='grc' dir='ltr'><strong>τό</strong></span> <span class='ocrx_word' id='word_1_485' title='bbox 1210 3767 1270 3804; x_wconf 85' lang='grc' dir='ltr'><strong>τε</strong></span> <span class='ocrx_word' id='word_1_486' title='bbox 1304 3751 1608 3823; x_wconf 88' lang='grc' dir='ltr'><strong>πολίτευμα</strong></span> <span class='ocrx_word' id='word_1_487' title='bbox 1642 3753 1740 3807; x_wconf 81' lang='grc' dir='ltr'><strong>αὑ-</strong></span> 
     </span>
    </p>
   </div>
   <div class='ocr_carea' id='block_1_69' title="bbox 150 3841 1739 3917">
    <p class='ocr_par' dir='ltr' id='par_1_69' title="bbox 150 3841 1739 3917">
     <span class='ocr_line' id='line_1_69' title="bbox 150 3841 1739 3917; baseline 0.003 -22"><span class='ocrx_word' id='word_1_488' title='bbox 150 3841 243 3896; x_wconf 84' lang='grc' dir='ltr'><strong>τόν</strong></span> <span class='ocrx_word' id='word_1_489' title='bbox 275 3859 338 3896; x_wconf 81' lang='grc' dir='ltr'><strong>τε</strong></span> <span class='ocrx_word' id='word_1_490' title='bbox 367 3842 798 3913; x_wconf 82' lang='grc' dir='ltr'><strong>καταπροδόντα,</strong></span> <span class='ocrx_word' id='word_1_491' title='bbox 827 3843 903 3908; x_wconf 85' lang='grc' dir='ltr'><strong>ὡς</strong></span> <span class='ocrx_word' id='word_1_492' title='bbox 926 3843 1022 3897; x_wconf 70' lang='grc' dir='ltr'><strong>καὶ</strong></span> <span class='ocrx_word' id='word_1_493' title='bbox 1045 3843 1251 3915; x_wconf 84' lang='grc' dir='ltr'><strong>πρόσθε</strong></span> <span class='ocrx_word' id='word_1_494' title='bbox 1283 3862 1375 3915; x_wconf 83' lang='grc' dir='ltr'><strong>μοι</strong></span> <span class='ocrx_word' id='word_1_495' title='bbox 1396 3845 1739 3917; x_wconf 82' lang='grc' dir='ltr'><strong>δεδιήγηται,</strong></span> 
     </span>
    </p>
   </div>
   <div class='ocr_carea' id='block_1_70' title="bbox 155 3933 1745 4007">
    <p class='ocr_par' dir='ltr' id='par_1_70' title="bbox 155 3933 1745 4007">
     <span class='ocr_line' id='line_1_70' title="bbox 155 3933 1745 4007; baseline 0.002 -17"><span class='ocrx_word' id='word_1_496' title='bbox 155 3934 359 3990; x_wconf 76' lang='grc' dir='ltr'><strong>ἀνεῖλεο</strong></span> <span class='ocrx_word' id='word_1_497' title='bbox 387 3933 554 4002; x_wconf 81' lang='grc' dir='ltr'><strong>μόνης</strong></span> <span class='ocrx_word' id='word_1_498' title='bbox 579 3935 636 3988; x_wconf 78' lang='grc' dir='ltr'><strong>δὲ</strong></span> <span class='ocrx_word' id='word_1_499' title='bbox 665 3935 830 4007; x_wconf 87' lang='grc' dir='ltr'><strong>νήσου</strong></span> <span class='ocrx_word' id='word_1_500' title='bbox 863 3935 1239 4006; x_wconf 86' lang='grc' dir='ltr'><strong>προσετίμησε</strong></span> <span class='ocrx_word' id='word_1_501' title='bbox 1275 3936 1373 3991; x_wconf 78' lang='grc' dir='ltr'><strong>σὺν</strong></span> <span class='ocrx_word' id='word_1_502' title='bbox 1396 3938 1620 4006; x_wconf 75' lang='grc' dir='ltr'><strong>γυναικὶ</strong></span> <span class='ocrx_word' id='word_1_503' title='bbox 1647 3938 1745 3993; x_wconf 75' lang='grc' dir='ltr'><strong>καὶ</strong></span> 
     </span>
    </p>
   </div>
   <div class='ocr_carea' id='block_1_71' title="bbox 156 4024 1739 4099">
    <p class='ocr_par' dir='ltr' id='par_1_71' title="bbox 156 4024 1739 4099">
     <span class='ocr_line' id='line_1_71' title="bbox 156 4024 1739 4099; baseline 0.005 -21"><span class='ocrx_word' id='word_1_504' title='bbox 156 4024 267 4079; x_wconf 92' lang='grc' dir='ltr'><strong>τῶν</strong></span> <span class='ocrx_word' id='word_1_505' title='bbox 297 4025 508 4079; x_wconf 89' lang='grc' dir='ltr'><strong>παίδων</strong></span> <span class='ocrx_word' id='word_1_506' title='bbox 535 4025 720 4090; x_wconf 74' lang='grc' dir='ltr'><strong>ἐνίοις,</strong></span> <span class='ocrx_word' id='word_1_507' title='bbox 754 4026 849 4081; x_wconf 73' lang='grc' dir='ltr'><strong>καὶ</strong></span> <span class='ocrx_word' id='word_1_508' title='bbox 880 4026 1019 4098; x_wconf 82' lang='grc' dir='ltr'><strong>πρὸς</strong></span> <span class='ocrx_word' id='word_1_509' title='bbox 1055 4028 1157 4099; x_wconf 81' lang='grc' dir='ltr'><strong>τήν</strong></span> <span class='ocrx_word' id='word_1_510' title='bbox 1188 4027 1431 4082; x_wconf 85' lang='grc' dir='ltr'><strong>Σικελῶν</strong></span> <span class='ocrx_word' id='word_1_511' title='bbox 1452 4028 1739 4097; x_wconf 70' lang='grc' dir='ltr'><strong>ἐξοικίσαι.</strong></span> 
     </span>
    </p>
   </div>
   <div class='ocr_carea' id='block_1_72' title="bbox 160 4119 1743 4196">
    <p class='ocr_par' dir='ltr' id='par_1_72' title="bbox 160 4119 1743 4196">
     <span class='ocr_line' id='line_1_72' title="bbox 160 4119 1743 4196; baseline 0.002 -23"><span class='ocrx_word' id='word_1_512' title='bbox 160 4119 470 4191; x_wconf 80' lang='grc' dir='ltr'><strong>Νααμάνην</strong></span> <span class='ocrx_word' id='word_1_513' title='bbox 507 4120 566 4175; x_wconf 73' lang='grc' dir='ltr'><strong>δὲ</strong></span> <span class='ocrx_word' id='word_1_514' title='bbox 606 4124 699 4175; x_wconf 74' lang='grc' dir='ltr'><strong>τὸν</strong></span> <span class='ocrx_word' id='word_1_515' title='bbox 728 4119 922 4175; x_wconf 84' lang='grc' dir='ltr'><strong>τούτου</strong></span> <span class='ocrx_word' id='word_1_516' title='bbox 952 4121 1140 4187; x_wconf 88' lang='grc' dir='ltr'><strong>παῖδα,</strong></span> <span class='ocrx_word' id='word_1_517' title='bbox 1181 4121 1393 4194; x_wconf 90' lang='grc' dir='ltr'><strong>μυρίων</strong></span> <span class='ocrx_word' id='word_1_518' title='bbox 1428 4123 1613 4178; x_wconf 83' lang='grc' dir='ltr'><strong>κακῶν</strong></span> <span class='ocrx_word' id='word_1_519' title='bbox 1646 4125 1743 4196; x_wconf 80' lang='grc' dir='ltr'><strong>ὲμ-</strong></span> 
     </span>
    </p>
   </div>
   <div class='ocr_carea' id='block_1_73' title="bbox 162 4212 1745 4288">
    <p class='ocr_par' dir='ltr' id='par_1_73' title="bbox 162 4212 1745 4288">
     <span class='ocr_line' id='line_1_73' title="bbox 162 4212 1745 4288; baseline 0.002 -20"><span class='ocrx_word' id='word_1_520' title='bbox 162 4212 453 4285; x_wconf 84' lang='grc' dir='ltr'><strong>πλήσαντα</strong></span> <span class='ocrx_word' id='word_1_521' title='bbox 483 4214 545 4268; x_wconf 82' lang='grc' dir='ltr'><strong>τὺ</strong></span> <span class='ocrx_word' id='word_1_522' title='bbox 581 4214 907 4285; x_wconf 79' lang='grc' dir='ltr'><strong>πολίτευμα,</strong></span> <span class='ocrx_word' id='word_1_523' title='bbox 931 4214 1188 4286; x_wconf 75' lang='grc' dir='ltr'><strong>Φοινίκην</strong></span> <span class='ocrx_word' id='word_1_524' title='bbox 1212 4231 1273 4269; x_wconf 83' lang='grc' dir='ltr'><strong>τε</strong></span> <span class='ocrx_word' id='word_1_525' title='bbox 1312 4215 1606 4288; x_wconf 79' lang='grc' dir='ltr'><strong>ἑκατέραν,</strong></span> <span class='ocrx_word' id='word_1_526' title='bbox 1630 4217 1745 4271; x_wconf 86' lang='grc' dir='ltr'><strong>Πα-</strong></span> 
     </span>
    </p>
   </div>
   <div class='ocr_carea' id='block_1_74' title="bbox 161 4306 1747 4379">
    <p class='ocr_par' dir='ltr' id='par_1_74' title="bbox 161 4306 1747 4379">
     <span class='ocr_line' id='line_1_74' title="bbox 161 4306 1747 4379; baseline 0.002 -17"><span class='ocrx_word' id='word_1_527' title='bbox 161 4307 444 4372; x_wconf 82' lang='grc' dir='ltr'><strong>λαιστίνας</strong></span> <span class='ocrx_word' id='word_1_528' title='bbox 469 4323 531 4361; x_wconf 85' lang='grc' dir='ltr'><strong>τε</strong></span> <span class='ocrx_word' id='word_1_529' title='bbox 575 4306 926 4379; x_wconf 79' lang='grc' dir='ltr'><strong>ληϊσάμενον,</strong></span> <span class='ocrx_word' id='word_1_530' title='bbox 986 4307 1083 4362; x_wconf 58' lang='grc' dir='ltr'><strong>καὶ⁸</strong></span> <span class='ocrx_word' id='word_1_531' title='bbox 1136 4308 1606 4379; x_wconf 83' lang='grc' dir='ltr'><strong>ἀνδραποδίσαντα</strong></span> <span class='ocrx_word' id='word_1_532' title='bbox 1655 4309 1747 4365; x_wconf 80' lang='grc' dir='ltr'><strong>διὰ</strong></span> 
     </span>
    </p>
   </div>
   <div class='ocr_carea' id='block_1_75' title="bbox 245 4464 1684 4541">
    <p class='ocr_par' dir='ltr' id='par_1_75' title="bbox 245 4464 1684 4541">
     <span class='ocr_line' id='line_1_75' title="bbox 245 4464 1684 4541; baseline 0.003 -19"><span class='ocrx_word' id='word_1_533' title='bbox 245 4475 275 4507; x_wconf 80' lang='grc' dir='ltr'><strong>ο</strong></span> <span class='ocrx_word' id='word_1_534' title='bbox 303 4465 503 4537; x_wconf 90' lang='lat' dir='ltr'><strong>Supra,</strong></span> <span class='ocrx_word' id='word_1_535' title='bbox 532 4465 632 4521; x_wconf 90' lang='lat' dir='ltr'><strong>lib.</strong></span> <span class='ocrx_word' id='word_1_536' title='bbox 666 4482 723 4531; x_wconf 88' lang='grc' dir='ltr'><strong>ν,</strong></span> <span class='ocrx_word' id='word_1_537' title='bbox 752 4481 875 4539; x_wconf 91' lang='lat' dir='ltr'><strong>cap.</strong></span> <span class='ocrx_word' id='word_1_538' title='bbox 904 4466 994 4522; x_wconf 75' lang='lat'><strong>20.</strong></span> <span class='ocrx_word' id='word_1_539' title='bbox 1040 4464 1061 4507; x_wconf 76' lang='grc' dir='ltr'><strong>ί</strong></span> <span class='ocrx_word' id='word_1_540' title='bbox 1092 4466 1215 4524; x_wconf 80' lang='lat' dir='ltr'><strong>Vid.</strong></span> <span class='ocrx_word' id='word_1_541' title='bbox 1243 4467 1408 4535; x_wconf 88' lang='lat' dir='ltr'><strong>infra,</strong></span> <span class='ocrx_word' id='word_1_542' title='bbox 1442 4483 1565 4541; x_wconf 87' lang='lat' dir='ltr'><strong>cap.</strong></span> <span class='ocrx_word' id='word_1_543' title='bbox 1590 4468 1684 4526; x_wconf 72' lang='lat'><strong>22.</strong></span> 
     </span>
    </p>
   </div>
   <div class='ocr_carea' id='block_1_76' title="bbox 2615 3227 2733 3284">
    <p class='ocr_par' dir='ltr' id='par_1_76' title="bbox 2615 3227 2733 3284">
     <span class='ocr_line' id='line_1_76' title="bbox 2615 3227 2733 3284; baseline -0.025 0"><span class='ocrx_word' id='word_1_544' title='bbox 2615 3270 2628 3284; x_wconf 94' lang='lat'><strong>.</strong></span> <span class='ocrx_word' id='word_1_545' title='bbox 2667 3227 2733 3282; x_wconf 86' lang='lat' dir='ltr'><strong>Il.</strong></span> 
     </span>
    </p>
   </div>
   <div class='ocr_carea' id='block_1_77' title="bbox 1824 3228 3407 3387">
    <p class='ocr_par' dir='ltr' id='par_1_77' title="bbox 1824 3228 3407 3387">
     <span class='ocr_line' id='line_1_77' title="bbox 2459 3228 2733 3291; baseline -0.033 0"><span class='ocrx_word' id='word_1_546' title='bbox 2459 3275 2466 3291; x_wconf 88' lang='lat'><strong>.</strong></span> <span class='ocrx_word' id='word_1_547' title='bbox 2521 3228 2628 3284; x_wconf 78' lang='lat' dir='ltr'><strong>AP.</strong></span> <span class='ocrx_word' id='word_1_548' title='bbox 2667 3228 2733 3282; x_wconf 89' lang='lat' dir='ltr'><strong>ll.</strong></span> 
     </span>
     <span class='ocr_line' id='line_1_78' title="bbox 1824 3228 3407 3387; baseline -0.007 -11"><span class='ocrx_word' id='word_1_549' title='bbox 1824 3321 1905 3377; x_wconf 81' lang='lat' dir='ltr'><strong>De</strong></span> <span class='ocrx_word' id='word_1_550' title='bbox 1931 3321 2298 3378; x_wconf 83' lang='lat' dir='ltr'><strong>Alamundaro</strong></span> <span class='ocrx_word' id='word_1_551' title='bbox 2324 3228 2615 3386; x_wconf 55' lang='lat' dir='ltr'><strong>Saracino,</strong></span> <span class='ocrx_word' id='word_1_552' title='bbox 2649 3327 2698 3372; x_wconf 76' lang='lat' dir='ltr'><strong>et</strong></span> <span class='ocrx_word' id='word_1_553' title='bbox 2728 3318 2792 3371; x_wconf 85' lang='lat' dir='ltr'><strong>de</strong></span> <span class='ocrx_word' id='word_1_554' title='bbox 2820 3316 2936 3385; x_wconf 81' lang='lat' dir='ltr'><strong>ﬁlio</strong></span> <span class='ocrx_word' id='word_1_555' title='bbox 2966 3316 3079 3387; x_wconf 77' lang='lat' dir='ltr'><strong>ejus</strong></span> <span class='ocrx_word' id='word_1_556' title='bbox 3105 3314 3407 3370; x_wconf 78' lang='lat' dir='ltr'><strong>Namnam.</strong></span> 
     </span>
    </p>
   </div>
   <div class='ocr_carea' id='block_1_78' title="bbox 1904 3467 3418 3540">
    <p class='ocr_par' dir='ltr' id='par_1_78' title="bbox 1904 3467 3418 3540">
     <span class='ocr_line' id='line_1_79' title="bbox 1904 3467 3418 3540; baseline -0.011 -4"><span class='ocrx_word' id='word_1_557' title='bbox 1904 3480 2109 3536; x_wconf 68' lang='lat' dir='ltr'><strong>Praeter</strong></span> <span class='ocrx_word' id='word_1_558' title='bbox 2137 3478 2272 3534; x_wconf 90' lang='lat' dir='ltr'><strong>alias</strong></span> <span class='ocrx_word' id='word_1_559' title='bbox 2305 3486 2487 3533; x_wconf 87' lang='lat' dir='ltr'><strong>autem</strong></span> <span class='ocrx_word' id='word_1_560' title='bbox 2521 3476 2789 3540; x_wconf 84' lang='lat' dir='ltr'><strong>virtutes,</strong></span> <span class='ocrx_word' id='word_1_561' title='bbox 2827 3472 2934 3527; x_wconf 83' lang='lat' dir='ltr'><strong>hoc</strong></span> <span class='ocrx_word' id='word_1_562' title='bbox 2965 3470 3040 3525; x_wconf 93' lang='lat' dir='ltr'><strong>illi</strong></span> <span class='ocrx_word' id='word_1_563' title='bbox 3081 3467 3418 3538; x_wconf 65' lang='lat' dir='ltr'><strong>prmcipuum</strong></span> 
     </span>
    </p>
   </div>
   <div class='ocr_carea' id='block_1_79' title="bbox 1837 3559 3419 3635">
    <p class='ocr_par' dir='ltr' id='par_1_79' title="bbox 1837 3559 3419 3635">
     <span class='ocr_line' id='line_1_80' title="bbox 1837 3559 3419 3635; baseline -0.011 -7"><span class='ocrx_word' id='word_1_564' title='bbox 1837 3571 2084 3628; x_wconf 90' lang='lat' dir='ltr'><strong>studium</strong></span> <span class='ocrx_word' id='word_1_565' title='bbox 2126 3571 2263 3635; x_wconf 90' lang='lat' dir='ltr'><strong>fuit,</strong></span> <span class='ocrx_word' id='word_1_566' title='bbox 2298 3579 2359 3625; x_wconf 91' lang='lat' dir='ltr'><strong>ut</strong></span> <span class='ocrx_word' id='word_1_567' title='bbox 2401 3569 2677 3625; x_wconf 86' lang='lat' dir='ltr'><strong>neminem</strong></span> <span class='ocrx_word' id='word_1_568' title='bbox 2707 3580 2899 3621; x_wconf 90' lang='lat' dir='ltr'><strong>eorum</strong></span> <span class='ocrx_word' id='word_1_569' title='bbox 2932 3563 3026 3633; x_wconf 91' lang='lat' dir='ltr'><strong>qui</strong></span> <span class='ocrx_word' id='word_1_570' title='bbox 3060 3562 3199 3617; x_wconf 62' lang='lat' dir='ltr'><strong>laesae</strong></span> <span class='ocrx_word' id='word_1_571' title='bbox 3250 3559 3419 3629; x_wconf 83' lang='lat' dir='ltr'><strong>maje-</strong></span> 
     </span>
    </p>
   </div>
   <div class='ocr_carea' id='block_1_80' title="bbox 1842 3651 3420 3726">
    <p class='ocr_par' dir='ltr' id='par_1_80' title="bbox 1842 3651 3420 3726">
     <span class='ocr_line' id='line_1_81' title="bbox 1842 3651 3420 3726; baseline -0.011 -6"><span class='ocrx_word' id='word_1_572' title='bbox 1842 3665 2001 3721; x_wconf 87' lang='lat' dir='ltr'><strong>statis</strong></span> <span class='ocrx_word' id='word_1_573' title='bbox 2033 3662 2279 3719; x_wconf 90' lang='lat' dir='ltr'><strong>accusati</strong></span> <span class='ocrx_word' id='word_1_574' title='bbox 2313 3669 2509 3726; x_wconf 90' lang='lat' dir='ltr'><strong>erant,</strong></span> <span class='ocrx_word' id='word_1_575' title='bbox 2550 3669 2798 3715; x_wconf 85' lang='lat' dir='ltr'><strong>extremo</strong></span> <span class='ocrx_word' id='word_1_576' title='bbox 2844 3653 3117 3726; x_wconf 90' lang='lat' dir='ltr'><strong>supplicio</strong></span> <span class='ocrx_word' id='word_1_577' title='bbox 3160 3651 3420 3706; x_wconf 86' lang='lat' dir='ltr'><strong>alliceret.</strong></span> 
     </span>
    </p>
   </div>
   <div class='ocr_carea' id='block_1_81' title="bbox 1844 3744 3421 3828">
    <p class='ocr_par' dir='ltr' id='par_1_81' title="bbox 1844 3744 3421 3828">
     <span class='ocr_line' id='line_1_82' title="bbox 1844 3744 3421 3828; baseline -0.011 -14"><span class='ocrx_word' id='word_1_578' title='bbox 1844 3757 2035 3828; x_wconf 86' lang='lat' dir='ltr'><strong>Itaque</strong></span> <span class='ocrx_word' id='word_1_579' title='bbox 2066 3772 2171 3812; x_wconf 90' lang='lat' dir='ltr'><strong>nec</strong></span> <span class='ocrx_word' id='word_1_580' title='bbox 2209 3754 2644 3812; x_wconf 83' lang='lat' dir='ltr'><strong>Alamundarum</strong></span> <span class='ocrx_word' id='word_1_581' title='bbox 2696 3751 3095 3807; x_wconf 85' lang='lat' dir='ltr'><strong>Saracenorum</strong></span> <span class='ocrx_word' id='word_1_582' title='bbox 3136 3744 3421 3816; x_wconf 78' lang='lat' dir='ltr'><strong>regulum,</strong></span> 
     </span>
    </p>
   </div>
   <div class='ocr_carea' id='block_1_82' title="bbox 1847 3836 3427 3921">
    <p class='ocr_par' dir='ltr' id='par_1_82' title="bbox 1847 3836 3427 3921">
     <span class='ocr_line' id='line_1_83' title="bbox 1847 3836 3427 3921; baseline -0.009 -18"><span class='ocrx_word' id='word_1_583' title='bbox 1847 3850 1941 3921; x_wconf 87' lang='lat' dir='ltr'><strong>qui</strong></span> <span class='ocrx_word' id='word_1_584' title='bbox 1981 3858 2038 3904; x_wconf 90' lang='lat' dir='ltr'><strong>et</strong></span> <span class='ocrx_word' id='word_1_585' title='bbox 2080 3848 2478 3921; x_wconf 87' lang='lat' dir='ltr'><strong>rempublicam</strong></span> <span class='ocrx_word' id='word_1_586' title='bbox 2526 3855 2583 3902; x_wconf 90' lang='lat' dir='ltr'><strong>et</strong></span> <span class='ocrx_word' id='word_1_587' title='bbox 2625 3847 2804 3916; x_wconf 90' lang='lat' dir='ltr'><strong>ipsum</strong></span> <span class='ocrx_word' id='word_1_588' title='bbox 2873 3839 3233 3902; x_wconf 80' lang='lat' dir='ltr'><strong>Mauricium,</strong></span> <span class='ocrx_word' id='word_1_589' title='bbox 3281 3836 3427 3891; x_wconf 91' lang='lat' dir='ltr'><strong>sicut</strong></span> 
     </span>
    </p>
   </div>
   <div class='ocr_carea' id='block_1_83' title="bbox 1850 3928 3424 4009">
    <p class='ocr_par' dir='ltr' id='par_1_83' title="bbox 1850 3928 3424 4009">
     <span class='ocr_line' id='line_1_84' title="bbox 1850 3928 3424 4009; baseline -0.01 -12"><span class='ocrx_word' id='word_1_590' title='bbox 1850 3950 2012 3997; x_wconf 90' lang='lat' dir='ltr'><strong>antea</strong></span> <span class='ocrx_word' id='word_1_591' title='bbox 2045 3937 2887 4009; x_wconf 77' lang='lat' dir='ltr'><strong>commemoravi°,prodiderat,</strong></span> <span class='ocrx_word' id='word_1_592' title='bbox 2913 3939 3089 3988; x_wconf 87' lang='lat' dir='ltr'><strong>morte</strong></span> <span class='ocrx_word' id='word_1_593' title='bbox 3126 3928 3379 3985; x_wconf 88' lang='lat' dir='ltr'><strong>multavit</strong></span> <span class='ocrx_word' id='word_1_594' title='bbox 3407 3944 3424 3983; x_wconf 89' lang='lat'><strong>:</strong></span> 
     </span>
    </p>
   </div>
   <div class='ocr_carea' id='block_1_84' title="bbox 1850 4027 3428 4099">
    <p class='ocr_par' dir='ltr' id='par_1_84' title="bbox 1850 4027 3428 4099">
     <span class='ocr_line' id='line_1_85' title="bbox 1850 4027 3428 4099; baseline -0.008 -11"><span class='ocrx_word' id='word_1_595' title='bbox 1850 4031 1946 4088; x_wconf 85' lang='lat' dir='ltr'><strong>sed</strong></span> <span class='ocrx_word' id='word_1_596' title='bbox 1977 4040 2188 4087; x_wconf 89' lang='lat' dir='ltr'><strong>tantum</strong></span> <span class='ocrx_word' id='word_1_597' title='bbox 2216 4032 2273 4087; x_wconf 91' lang='lat' dir='ltr'><strong>in</strong></span> <span class='ocrx_word' id='word_1_598' title='bbox 2303 4030 2538 4087; x_wconf 89' lang='lat' dir='ltr'><strong>insulam</strong></span> <span class='ocrx_word' id='word_1_599' title='bbox 2574 4027 2859 4099; x_wconf 87' lang='lat' dir='ltr'><strong>relegavit,</strong></span> <span class='ocrx_word' id='word_1_600' title='bbox 2891 4034 2948 4081; x_wconf 90' lang='lat' dir='ltr'><strong>et</strong></span> <span class='ocrx_word' id='word_1_601' title='bbox 2974 4040 3099 4080; x_wconf 89' lang='lat' dir='ltr'><strong>cum</strong></span> <span class='ocrx_word' id='word_1_602' title='bbox 3130 4037 3299 4078; x_wconf 80' lang='lat' dir='ltr'><strong>uxore</strong></span> <span class='ocrx_word' id='word_1_603' title='bbox 3328 4035 3428 4075; x_wconf 87' lang='lat' dir='ltr'><strong>sua</strong></span> 
     </span>
    </p>
   </div>
   <div class='ocr_carea' id='block_1_85' title="bbox 1850 4112 3425 4195">
    <p class='ocr_par' dir='ltr' id='par_1_85' title="bbox 1850 4112 3425 4195">
     <span class='ocr_line' id='line_1_86' title="bbox 1850 4112 3425 4195; baseline -0.008 -15"><span class='ocrx_word' id='word_1_604' title='bbox 1850 4134 2015 4195; x_wconf 90' lang='lat' dir='ltr'><strong>atque</strong></span> <span class='ocrx_word' id='word_1_605' title='bbox 2060 4123 2272 4194; x_wconf 89' lang='lat' dir='ltr'><strong>aliquot</strong></span> <span class='ocrx_word' id='word_1_606' title='bbox 2311 4122 2509 4180; x_wconf 89' lang='lat' dir='ltr'><strong>liberis</strong></span> <span class='ocrx_word' id='word_1_607' title='bbox 2537 4120 2779 4177; x_wconf 87' lang='lat' dir='ltr'><strong>Siciliam</strong></span> <span class='ocrx_word' id='word_1_608' title='bbox 2817 4118 3059 4174; x_wconf 89' lang='lat' dir='ltr'><strong>incolere</strong></span> <span class='ocrx_word' id='word_1_609' title='bbox 3090 4112 3351 4186; x_wconf 62' lang='lat' dir='ltr'><strong>pracepit</strong></span> <span class='ocrx_word' id='word_1_610' title='bbox 3380 4112 3425 4167; x_wconf 71' lang='grc' dir='ltr'><strong>ί.</strong></span> 
     </span>
    </p>
   </div>
   <div class='ocr_carea' id='block_1_86' title="bbox 1850 4205 3429 4288">
    <p class='ocr_par' dir='ltr' id='par_1_86' title="bbox 1850 4205 3429 4288">
     <span class='ocr_line' id='line_1_87' title="bbox 1850 4205 3429 4288; baseline -0.01 -14"><span class='ocrx_word' id='word_1_611' title='bbox 1850 4218 2181 4274; x_wconf 84' lang='lat' dir='ltr'><strong>Naamanem</strong></span> <span class='ocrx_word' id='word_1_612' title='bbox 2214 4232 2348 4272; x_wconf 91' lang='lat' dir='ltr'><strong>vero</strong></span> <span class='ocrx_word' id='word_1_613' title='bbox 2379 4216 2502 4288; x_wconf 83' lang='lat' dir='ltr'><strong>ejus</strong></span> <span class='ocrx_word' id='word_1_614' title='bbox 2535 4214 2731 4279; x_wconf 82' lang='lat' dir='ltr'><strong>filium,</strong></span> <span class='ocrx_word' id='word_1_615' title='bbox 2776 4212 2869 4284; x_wconf 92' lang='lat' dir='ltr'><strong>qui</strong></span> <span class='ocrx_word' id='word_1_616' title='bbox 2902 4208 3298 4281; x_wconf 89' lang='lat' dir='ltr'><strong>rempublicam</strong></span> <span class='ocrx_word' id='word_1_617' title='bbox 3341 4205 3429 4259; x_wconf 93' lang='lat' dir='ltr'><strong>in-</strong></span> 
     </span>
    </p>
   </div>
   <div class='ocr_carea' id='block_1_87' title="bbox 1850 4298 3435 4380">
    <p class='ocr_par' dir='ltr' id='par_1_87' title="bbox 1850 4298 3435 4380">
     <span class='ocr_line' id='line_1_88' title="bbox 1850 4298 3435 4380; baseline -0.009 -13"><span class='ocrx_word' id='word_1_618' title='bbox 1850 4309 2099 4367; x_wconf 89' lang='lat' dir='ltr'><strong>numeris</strong></span> <span class='ocrx_word' id='word_1_619' title='bbox 2123 4308 2284 4365; x_wconf 88' lang='lat' dir='ltr'><strong>malis</strong></span> <span class='ocrx_word' id='word_1_620' title='bbox 2312 4307 2641 4380; x_wconf 89' lang='lat' dir='ltr'><strong>repleverat,</strong></span> <span class='ocrx_word' id='word_1_621' title='bbox 2673 4313 2731 4363; x_wconf 91' lang='lat' dir='ltr'><strong>et</strong></span> <span class='ocrx_word' id='word_1_622' title='bbox 2758 4304 2853 4377; x_wconf 92' lang='lat' dir='ltr'><strong>qui</strong></span> <span class='ocrx_word' id='word_1_623' title='bbox 2888 4311 3177 4373; x_wconf 87' lang='lat' dir='ltr'><strong>utramque</strong></span> <span class='ocrx_word' id='word_1_624' title='bbox 3209 4298 3435 4355; x_wconf 61' lang='lat' dir='ltr'><strong>Phaeni-</strong></span> 
     </span>
    </p>
   </div>
   <div class='ocr_carea' id='block_1_88' title="bbox 1379 4608 2239 4668">
    <p class='ocr_par' dir='ltr' id='par_1_88' title="bbox 1379 4608 2239 4668">
     <span class='ocr_line' id='line_1_89' title="bbox 1379 4608 2239 4668; baseline 0 -2"><span class='ocrx_word' id='word_1_625' title='bbox 1379 4610 1647 4668; x_wconf 81' lang='lat' dir='ltr'><strong>VALESII</strong></span> <span class='ocrx_word' id='word_1_626' title='bbox 1682 4608 2127 4668; x_wconf 78' lang='lat' dir='ltr'><strong>ANNOTATION</strong></span> <span class='ocrx_word' id='word_1_627' title='bbox 2136 4609 2239 4666; x_wconf 88' lang='lat' dir='ltr'><strong>ES.</strong></span> 
     </span>
    </p>
   </div>
   <div class='ocr_carea' id='block_1_89' title="bbox 251 4695 1729 4792">
    <p class='ocr_par' dir='ltr' id='par_1_89' title="bbox 251 4709 1729 4792">
     <span class='ocr_line' id='line_1_90' title="bbox 251 4709 1729 4792; baseline 0.001 -29"><span class='ocrx_word' id='word_1_628' title='bbox 251 4710 326 4792; x_wconf 66' lang='grc' dir='ltr'><strong>ρ)</strong></span> <span class='ocrx_word' id='word_1_629' title='bbox 362 4709 941 4792; x_wconf 48' lang='grc' dir='ltr'><strong>Μεγαλοπρεπῶςφε</strong></span> <span class='ocrx_word' id='word_1_630' title='bbox 972 4709 1411 4792; x_wconf 53' lang='grc' dir='ltr'><strong>ἐσταλμέζους.</strong></span> <span class='ocrx_word' id='word_1_631' title='bbox 1460 4710 1621 4792; x_wconf 51' lang='lat' dir='ltr'><strong>Apud</strong></span> 
     </span>
    </p>
   </div>
   <div class='ocr_carea' id='block_1_90' title="bbox 1836 4695 3434 4792">
    <p class='ocr_par' dir='ltr' id='par_1_90' title="bbox 1850 4695 3434 4792">
     <span class='ocr_line' id='line_1_91' title="bbox 1850 4695 3434 4792; baseline -0.009 -27"><span class='ocrx_word' id='word_1_632' title='bbox 1850 4708 2239 4792; x_wconf 41' lang='lat' dir='ltr'><strong>ponam._.Fuit</strong></span> <span class='ocrx_word' id='word_1_633' title='bbox 2251 4706 2435 4792; x_wconf 56' lang='lat' dir='ltr'><strong>igitur</strong></span> <span class='ocrx_word' id='word_1_634' title='bbox 2473 4701 2985 4792; x_wconf 40' lang='lat' dir='ltr'><strong>Damophilulsuisgte,</strong></span> <span class='ocrx_word' id='word_1_635' title='bbox 3006 4695 3434 4792; x_wconf 39' lang='grc' dir='ltr'><strong>ἔρρε-προτιθέ-</strong></span> 
     </span>
    </p>
   </div>
   <div class='ocr_carea' id='block_1_91' title="bbox 170 4773 3433 4852">
    <p class='ocr_par' dir='ltr' id='par_1_91' title="bbox 170 4773 3433 4852">
     <span class='ocr_line' id='line_1_92' title="bbox 170 4773 3433 4852; baseline -0.007 -11"><span class='ocrx_word' id='word_1_636' title='bbox 170 4773 479 4852; x_wconf 77' lang='lat' dir='ltr'><strong>ecphorum</strong></span> <span class='ocrx_word' id='word_1_637' title='bbox 513 4780 569 4835; x_wconf 90' lang='lat' dir='ltr'><strong>in</strong></span> <span class='ocrx_word' id='word_1_638' title='bbox 597 4773 718 4851; x_wconf 71' lang='lat' dir='ltr'><strong>cap.</strong></span> <span class='ocrx_word' id='word_1_639' title='bbox 764 4773 916 4837; x_wconf 83' lang='lat' dir='ltr'><strong>8lib.</strong></span> <span class='ocrx_word' id='word_1_640' title='bbox 962 4797 1117 4848; x_wconf 80' lang='lat' dir='ltr'><strong>xvul,</strong></span> <span class='ocrx_word' id='word_1_641' title='bbox 1153 4773 1419 4839; x_wconf 75' lang='lat' dir='ltr'><strong>scribitur</strong></span> <span class='ocrx_word' id='word_1_642' title='bbox 1469 4773 1745 4850; x_wconf 77' lang='grc' dir='ltr'><strong>ὲᾶτεμμέ-</strong></span> <span class='ocrx_word' id='word_1_643' title='bbox 1818 4773 1962 4846; x_wconf 69' lang='grc' dir='ltr'><strong>τὶιιε,</strong></span> <span class='ocrx_word' id='word_1_644' title='bbox 2002 4778 2222 4852; x_wconf 79' lang='lat' dir='ltr'><strong>natione</strong></span> <span class='ocrx_word' id='word_1_645' title='bbox 2251 4773 2541 4852; x_wconf 76' lang='lat' dir='ltr'><strong>Bithynus,</strong></span> <span class='ocrx_word' id='word_1_646' title='bbox 2576 4773 2671 4846; x_wconf 87' lang='lat' dir='ltr'><strong>qui</strong></span> <span class='ocrx_word' id='word_1_647' title='bbox 2705 4789 2771 4852; x_wconf 56' lang='lat' dir='ltr'><strong>es</strong></span> <span class='ocrx_word' id='word_1_648' title='bbox 2797 4773 2958 4827; x_wconf 88' lang='lat' dir='ltr'><strong>libris</strong></span> <span class='ocrx_word' id='word_1_649' title='bbox 3006 4777 3257 4852; x_wconf 74' lang='lat' dir='ltr'><strong>veterum</strong></span> <span class='ocrx_word' id='word_1_650' title='bbox 3291 4773 3433 4852; x_wconf 69' lang='lat' dir='ltr'><strong>scri-</strong></span> 
     </span>
    </p>
   </div>
   <div class='ocr_carea' id='block_1_92' title="bbox 168 4851 1748 4922">
    <p class='ocr_par' dir='ltr' id='par_1_92' title="bbox 168 4851 1748 4922">
     <span class='ocr_line' id='line_1_93' title="bbox 168 4851 1748 4922; baseline -0.002 -14"><span class='ocrx_word' id='word_1_651' title='bbox 168 4851 325 4916; x_wconf 79' lang='grc' dir='ltr'><strong>νους,</strong></span> <span class='ocrx_word' id='word_1_652' title='bbox 373 4851 428 4905; x_wconf 93' lang='lat' dir='ltr'><strong>id</strong></span> <span class='ocrx_word' id='word_1_653' title='bbox 456 4859 561 4915; x_wconf 87' lang='lat' dir='ltr'><strong>est,</strong></span> <span class='ocrx_word' id='word_1_654' title='bbox 618 4862 895 4906; x_wconf 80' lang='lat' dir='ltr'><strong>coronatos</strong></span> <span class='ocrx_word' id='word_1_655' title='bbox 934 4868 952 4906; x_wconf 93' lang='lat'><strong><em>:</em></strong></span> <span class='ocrx_word' id='word_1_656' title='bbox 1000 4852 1148 4921; x_wconf 90' lang='lat' dir='ltr'><strong>quod</strong></span> <span class='ocrx_word' id='word_1_657' title='bbox 1199 4868 1312 4908; x_wconf 92' lang='lat' dir='ltr'><strong>non</strong></span> <span class='ocrx_word' id='word_1_658' title='bbox 1338 4853 1534 4922; x_wconf 91' lang='lat' dir='ltr'><strong>probo.</strong></span> <span class='ocrx_word' id='word_1_659' title='bbox 1557 4852 1748 4922; x_wconf 85' lang='lat' dir='ltr'><strong>Neque</strong></span> 
     </span>
    </p>
   </div>
   <div class='ocr_carea' id='block_1_93' title="bbox 170 4920 1747 4993">
    <p class='ocr_par' dir='ltr' id='par_1_93' title="bbox 170 4920 1747 4993">
     <span class='ocr_line' id='line_1_94' title="bbox 170 4920 1747 4993; baseline -0.003 -14"><span class='ocrx_word' id='word_1_660' title='bbox 170 4923 326 4993; x_wconf 87' lang='lat' dir='ltr'><strong>enim</strong></span> <span class='ocrx_word' id='word_1_661' title='bbox 391 4922 564 4993; x_wconf 82' lang='lat' dir='ltr'><strong>moris</strong></span> <span class='ocrx_word' id='word_1_662' title='bbox 623 4931 770 4993; x_wconf 86' lang='lat' dir='ltr'><strong>erat_</strong></span> <span class='ocrx_word' id='word_1_663' title='bbox 806 4922 957 4993; x_wconf 89' lang='lat' dir='ltr'><strong>apud</strong></span> <span class='ocrx_word' id='word_1_664' title='bbox 1010 4932 1262 4988; x_wconf 85' lang='lat' dir='ltr'><strong>veteres,</strong></span> <span class='ocrx_word' id='word_1_665' title='bbox 1320 4920 1467 4993; x_wconf 82' lang='lat' dir='ltr'><strong>quod</strong></span> <span class='ocrx_word' id='word_1_666' title='bbox 1524 4920 1747 4993; x_wconf 87' lang='lat' dir='ltr'><strong>quidem</strong></span> 
     </span>
    </p>
   </div>
   <div class='ocr_carea' id='block_1_94' title="bbox 175 4990 1753 5062">
    <p class='ocr_par' dir='ltr' id='par_1_94' title="bbox 175 4990 1753 5062">
     <span class='ocr_line' id='line_1_95' title="bbox 175 4990 1753 5062; baseline -0.002 -13"><span class='ocrx_word' id='word_1_667' title='bbox 175 4992 375 5055; x_wconf 88' lang='lat' dir='ltr'><strong>sciam,</strong></span> <span class='ocrx_word' id='word_1_668' title='bbox 409 5001 469 5045; x_wconf 90' lang='lat' dir='ltr'><strong>ut</strong></span> <span class='ocrx_word' id='word_1_669' title='bbox 497 4991 534 5045; x_wconf 92' lang='lat' dir='ltr'><strong>ii</strong></span> <span class='ocrx_word' id='word_1_670' title='bbox 560 4992 655 5060; x_wconf 92' lang='lat' dir='ltr'><strong>qui</strong></span> <span class='ocrx_word' id='word_1_671' title='bbox 706 4990 775 5045; x_wconf 90' lang='lat' dir='ltr'><strong>ad</strong></span> <span class='ocrx_word' id='word_1_672' title='bbox 805 4990 1029 5062; x_wconf 83' lang='lat' dir='ltr'><strong>nuptias</strong></span> <span class='ocrx_word' id='word_1_673' title='bbox 1076 4994 1254 5047; x_wconf 86' lang='lat' dir='ltr'><strong>vocati</strong></span> <span class='ocrx_word' id='word_1_674' title='bbox 1300 4990 1460 5048; x_wconf 78' lang='lat' dir='ltr'><strong>erant</strong></span> <span class='ocrx_word' id='word_1_675' title='bbox 1517 4990 1753 5047; x_wconf 63' lang='lat' dir='ltr'><strong>coronas</strong></span> 
     </span>
    </p>
   </div>
   <div class='ocr_carea' id='block_1_95' title="bbox 174 5062 1756 5134">
    <p class='ocr_par' dir='ltr' id='par_1_95' title="bbox 174 5062 1756 5134">
     <span class='ocr_line' id='line_1_96' title="bbox 174 5062 1756 5134; baseline -0.001 -16"><span class='ocrx_word' id='word_1_676' title='bbox 174 5071 459 5134; x_wconf 77' lang='lat' dir='ltr'><strong>gestarent</strong></span> <span class='ocrx_word' id='word_1_677' title='bbox 503 5062 735 5131; x_wconf 89' lang='lat' dir='ltr'><strong>perinde</strong></span> <span class='ocrx_word' id='word_1_678' title='bbox 790 5063 1107 5134; x_wconf 12' lang='lat' dir='ltr'><strong>acisponsi.</strong></span> <span class='ocrx_word' id='word_1_679' title='bbox 1168 5063 1378 5118; x_wconf 77' lang='lat' dir='ltr'><strong>Deinde</strong></span> <span class='ocrx_word' id='word_1_680' title='bbox 1418 5063 1583 5134; x_wconf 85' lang='lat' dir='ltr'><strong>verba</strong></span> <span class='ocrx_word' id='word_1_681' title='bbox 1631 5076 1756 5132; x_wconf 65' lang='lat' dir='ltr'><strong>quae</strong></span> 
     </span>
    </p>
   </div>
   <div class='ocr_carea' id='block_1_96' title="bbox 176 5131 1753 5204">
    <p class='ocr_par' dir='ltr' id='par_1_96' title="bbox 176 5131 1753 5204">
     <span class='ocr_line' id='line_1_97' title="bbox 176 5131 1753 5204; baseline 0.001 -19"><span class='ocrx_word' id='word_1_682' title='bbox 176 5131 432 5204; x_wconf 55' lang='lat' dir='ltr'><strong>proxime</strong></span> <span class='ocrx_word' id='word_1_683' title='bbox 495 5139 805 5204; x_wconf 58' lang='lat' dir='ltr'><strong>sequuntur</strong></span> <span class='ocrx_word' id='word_1_684' title='bbox 870 5131 1012 5188; x_wconf 86' lang='lat' dir='ltr'><strong>hanc</strong></span> <span class='ocrx_word' id='word_1_685' title='bbox 1087 5133 1428 5204; x_wconf 79' lang='lat' dir='ltr'><strong>scripturam</strong></span> <span class='ocrx_word' id='word_1_686' title='bbox 1488 5131 1753 5204; x_wconf 78' lang='lat' dir='ltr'><strong>refutant.</strong></span> 
     </span>
    </p>
   </div>
   <div class='ocr_carea' id='block_1_97' title="bbox 180 5201 1757 5285">
    <p class='ocr_par' dir='ltr' id='par_1_97' title="bbox 180 5201 1757 5285">
     <span class='ocr_line' id='line_1_98' title="bbox 180 5201 1757 5285; baseline -0.001 -28"><span class='ocrx_word' id='word_1_687' title='bbox 180 5201 598 5285; x_wconf 40' lang='lat' dir='ltr'><strong>subjicit&#39;enim</strong></span> <span class='ocrx_word' id='word_1_688' title='bbox 648 5203 916 5285; x_wconf 72' lang='lat' dir='ltr'><strong>Evagrius</strong></span> <span class='ocrx_word' id='word_1_689' title='bbox 934 5218 1039 5285; x_wconf 71' lang='lat' dir='ltr'><strong>eos</strong></span> <span class='ocrx_word' id='word_1_690' title='bbox 1084 5201 1291 5285; x_wconf 71' lang='lat' dir='ltr'><strong>idcirco</strong></span> <span class='ocrx_word' id='word_1_691' title='bbox 1331 5203 1619 5285; x_wconf 58' lang='lat' dir='ltr'><strong>magniﬁce</strong></span> <span class='ocrx_word' id='word_1_692' title='bbox 1658 5219 1757 5256; x_wconf 90' lang='lat' dir='ltr'><strong>ve-</strong></span> 
     </span>
    </p>
   </div>
   <div class='ocr_carea' id='block_1_98' title="bbox 179 5271 1757 5344">
    <p class='ocr_par' dir='ltr' id='par_1_98' title="bbox 179 5271 1757 5344">
     <span class='ocr_line' id='line_1_99' title="bbox 179 5271 1757 5344; baseline 0.001 -18"><span class='ocrx_word' id='word_1_693' title='bbox 179 5273 346 5326; x_wconf 89' lang='lat' dir='ltr'><strong>stitos</strong></span> <span class='ocrx_word' id='word_1_694' title='bbox 374 5271 572 5344; x_wconf 82' lang='lat' dir='ltr'><strong>fuisse.</strong></span> <span class='ocrx_word' id='word_1_695' title='bbox 595 5288 705 5342; x_wconf 91' lang='lat' dir='ltr'><strong>quo</strong></span> <span class='ocrx_word' id='word_1_696' title='bbox 736 5271 979 5344; x_wconf 86' lang='lat' dir='ltr'><strong>dignosci</strong></span> <span class='ocrx_word' id='word_1_697' title='bbox 1015 5272 1233 5328; x_wconf 82' lang='lat' dir='ltr'><strong>facilius</strong></span> <span class='ocrx_word' id='word_1_698' title='bbox 1261 5271 1505 5344; x_wconf 78' lang='lat' dir='ltr'><strong>possent.</strong></span> <span class='ocrx_word' id='word_1_699' title='bbox 1542 5274 1601 5327; x_wconf 88' lang='lat' dir='ltr'><strong>ld</strong></span> <span class='ocrx_word' id='word_1_700' title='bbox 1654 5288 1757 5327; x_wconf 89' lang='lat' dir='ltr'><strong>au-</strong></span> 
     </span>
    </p>
   </div>
   <div class='ocr_carea' id='block_1_99' title="bbox 182 5341 1761 5413">
    <p class='ocr_par' dir='ltr' id='par_1_99' title="bbox 182 5341 1761 5413">
     <span class='ocr_line' id='line_1_100' title="bbox 182 5341 1761 5413; baseline 0.004 -18"><span class='ocrx_word' id='word_1_701' title='bbox 182 5351 298 5396; x_wconf 91' lang='lat' dir='ltr'><strong>tem</strong></span> <span class='ocrx_word' id='word_1_702' title='bbox 323 5341 392 5413; x_wconf 87' lang='lat' dir='ltr'><strong>ad</strong></span> <span class='ocrx_word' id='word_1_703' title='bbox 422 5341 656 5397; x_wconf 87' lang='lat' dir='ltr'><strong>coronas</strong></span> <span class='ocrx_word' id='word_1_704' title='bbox 676 5341 872 5398; x_wconf 71' lang='lat' dir='ltr'><strong>referri</strong></span> <span class='ocrx_word' id='word_1_705' title='bbox 908 5358 1018 5397; x_wconf 88' lang='lat' dir='ltr'><strong>non</strong></span> <span class='ocrx_word' id='word_1_706' title='bbox 1058 5341 1277 5413; x_wconf 50' lang='lat' dir='ltr'><strong>potest;</strong></span> <span class='ocrx_word' id='word_1_707' title='bbox 1300 5344 1489 5413; x_wconf 88' lang='lat' dir='ltr'><strong>Neque</strong></span> <span class='ocrx_word' id='word_1_708' title='bbox 1518 5345 1665 5399; x_wconf 91' lang='lat' dir='ltr'><strong>enim</strong></span> <span class='ocrx_word' id='word_1_709' title='bbox 1690 5358 1761 5403; x_wconf 74' lang='lat' dir='ltr'><strong>ex</strong></span> 
     </span>
    </p>
   </div>
   <div class='ocr_carea' id='block_1_100' title="bbox 182 5411 1512 5484">
    <p class='ocr_par' dir='ltr' id='par_1_100' title="bbox 182 5411 1512 5484">
     <span class='ocr_line' id='line_1_101' title="bbox 182 5411 1512 5484; baseline 0.001 -17"><span class='ocrx_word' id='word_1_710' title='bbox 182 5411 413 5484; x_wconf 82' lang='lat' dir='ltr'><strong>coronis</strong></span> <span class='ocrx_word' id='word_1_711' title='bbox 433 5428 571 5482; x_wconf 91' lang='lat' dir='ltr'><strong>quas</strong></span> <span class='ocrx_word' id='word_1_712' title='bbox 586 5413 893 5484; x_wconf 85' lang='lat' dir='ltr'><strong>gestabant,</strong></span> <span class='ocrx_word' id='word_1_713' title='bbox 914 5411 1162 5484; x_wconf 86' lang='lat' dir='ltr'><strong>dignosci</strong></span> <span class='ocrx_word' id='word_1_714' title='bbox 1178 5411 1512 5483; x_wconf 81' lang='lat' dir='ltr'><strong>potuissent.</strong></span> 
     </span>
    </p>
   </div>
   <div class='ocr_carea' id='block_1_101' title="bbox 259 5482 1758 5553">
    <p class='ocr_par' dir='ltr' id='par_1_101' title="bbox 259 5482 1758 5553">
     <span class='ocr_line' id='line_1_102' title="bbox 259 5482 1758 5553; baseline 0.001 -18"><span class='ocrx_word' id='word_1_715' title='bbox 259 5482 338 5547; x_wconf 77' lang='lat'><strong>(8)</strong></span> <span class='ocrx_word' id='word_1_716' title='bbox 390 5482 727 5551; x_wconf 66' lang='grc' dir='ltr'><strong>Δαμόφιλος</strong></span> <span class='ocrx_word' id='word_1_717' title='bbox 768 5483 886 5553; x_wconf 81' lang='grc' dir='ltr'><strong>μέν</strong></span> <span class='ocrx_word' id='word_1_718' title='bbox 933 5482 1108 5552; x_wconf 53' lang='lat' dir='ltr'><strong>what.</strong></span> <span class='ocrx_word' id='word_1_719' title='bbox 1143 5482 1218 5538; x_wconf 82' lang='lat' dir='ltr'><strong>De</strong></span> <span class='ocrx_word' id='word_1_720' title='bbox 1274 5484 1379 5539; x_wconf 88' lang='lat' dir='ltr'><strong>hoc</strong></span> <span class='ocrx_word' id='word_1_721' title='bbox 1432 5482 1758 5553; x_wconf 75' lang='lat' dir='ltr'><strong>Damopbilo</strong></span> 
     </span>
    </p>
   </div>
   <div class='ocr_carea' id='block_1_102' title="bbox 190 5552 1759 5623">
    <p class='ocr_par' dir='ltr' id='par_1_102' title="bbox 190 5552 1759 5623">
     <span class='ocr_line' id='line_1_103' title="bbox 190 5552 1759 5623; baseline 0 -16"><span class='ocrx_word' id='word_1_722' title='bbox 190 5552 392 5607; x_wconf 91' lang='lat' dir='ltr'><strong>scribit</strong></span> <span class='ocrx_word' id='word_1_723' title='bbox 416 5553 612 5607; x_wconf 88' lang='lat' dir='ltr'><strong>Suidas</strong></span> <span class='ocrx_word' id='word_1_724' title='bbox 640 5553 695 5607; x_wconf 90' lang='lat' dir='ltr'><strong>in</strong></span> <span class='ocrx_word' id='word_1_725' title='bbox 727 5552 962 5619; x_wconf 80' lang='lat' dir='ltr'><strong>Lexico;</strong></span> <span class='ocrx_word' id='word_1_726' title='bbox 991 5570 1156 5623; x_wconf 90' lang='lat' dir='ltr'><strong>quem</strong></span> <span class='ocrx_word' id='word_1_727' title='bbox 1179 5555 1409 5610; x_wconf 82' lang='lat' dir='ltr'><strong>Vossius</strong></span> <span class='ocrx_word' id='word_1_728' title='bbox 1430 5554 1483 5607; x_wconf 90' lang='lat' dir='ltr'><strong>in</strong></span> <span class='ocrx_word' id='word_1_729' title='bbox 1537 5552 1636 5608; x_wconf 34' lang='lat' dir='ltr'><strong>lib’.</strong></span> <span class='ocrx_word' id='word_1_730' title='bbox 1681 5552 1759 5607; x_wconf 87' lang='lat' dir='ltr'><strong>De</strong></span> 
     </span>
    </p>
   </div>
   <div class='ocr_carea' id='block_1_103' title="bbox 192 5623 1761 5693">
    <p class='ocr_par' dir='ltr' id='par_1_103' title="bbox 192 5623 1761 5693">
     <span class='ocr_line' id='line_1_104' title="bbox 192 5623 1761 5693; baseline -0.001 -15"><span class='ocrx_word' id='word_1_731' title='bbox 192 5623 454 5678; x_wconf 71' lang='lat' dir='ltr'><strong>historicis</strong></span> <span class='ocrx_word' id='word_1_732' title='bbox 481 5624 674 5679; x_wconf 71' lang='lat' dir='ltr'><strong>Grarcis</strong></span> <span class='ocrx_word' id='word_1_733' title='bbox 704 5624 1021 5680; x_wconf 89' lang='lat' dir='ltr'><strong>describere</strong></span> <span class='ocrx_word' id='word_1_734' title='bbox 1038 5632 1347 5688; x_wconf 88' lang='lat' dir='ltr'><strong>contentus,</strong></span> <span class='ocrx_word' id='word_1_735' title='bbox 1367 5623 1505 5678; x_wconf 89' lang='lat' dir='ltr'><strong>nihil</strong></span> <span class='ocrx_word' id='word_1_736' title='bbox 1530 5633 1761 5693; x_wconf 70' lang='lat' dir='ltr'><strong>praeter-</strong></span> 
     </span>
    </p>
   </div>
   <div class='ocr_carea' id='block_1_104' title="bbox 187 5693 1759 5765">
    <p class='ocr_par' dir='ltr' id='par_1_104' title="bbox 187 5693 1759 5765">
     <span class='ocr_line' id='line_1_105' title="bbox 187 5693 1759 5765; baseline 0 -17"><span class='ocrx_word' id='word_1_737' title='bbox 187 5708 254 5748; x_wconf 87' lang='lat' dir='ltr'><strong>ea</strong></span> <span class='ocrx_word' id='word_1_738' title='bbox 274 5693 628 5765; x_wconf 70' lang='lat' dir='ltr'><strong>adjecit.Ego</strong></span> <span class='ocrx_word' id='word_1_739' title='bbox 644 5710 799 5759; x_wconf 90' lang='lat' dir='ltr'><strong>vero,</strong></span> <span class='ocrx_word' id='word_1_740' title='bbox 816 5710 943 5749; x_wconf 90' lang='lat' dir='ltr'><strong>cum</strong></span> <span class='ocrx_word' id='word_1_741' title='bbox 960 5695 1396 5765; x_wconf 84' lang='lat' dir='ltr'><strong>etpatriamejus</strong></span> <span class='ocrx_word' id='word_1_742' title='bbox 1411 5702 1467 5749; x_wconf 92' lang='lat' dir='ltr'><strong>et</strong></span> <span class='ocrx_word' id='word_1_743' title='bbox 1480 5693 1759 5765; x_wconf 85' lang='lat' dir='ltr'><strong>scribendi</strong></span> 
     </span>
    </p>
   </div>
   <div class='ocr_carea' id='block_1_105' title="bbox 192 5764 1758 5839">
    <p class='ocr_par' dir='ltr' id='par_1_105' title="bbox 192 5764 1758 5839">
     <span class='ocr_line' id='line_1_106' title="bbox 192 5764 1758 5839; baseline 0.003 -23"><span class='ocrx_word' id='word_1_744' title='bbox 192 5779 370 5834; x_wconf 86' lang='lat' dir='ltr'><strong>genus</strong></span> <span class='ocrx_word' id='word_1_745' title='bbox 397 5764 712 5833; x_wconf 86' lang='lat' dir='ltr'><strong>didicerim,</strong></span> <span class='ocrx_word' id='word_1_746' title='bbox 754 5766 809 5825; x_wconf 89' lang='lat' dir='ltr'><strong>in</strong></span> <span class='ocrx_word' id='word_1_747' title='bbox 843 5765 1075 5839; x_wconf 87' lang='lat' dir='ltr'><strong>gratiam</strong></span> <span class='ocrx_word' id='word_1_748' title='bbox 1130 5764 1505 5822; x_wconf 86' lang='lat' dir='ltr'><strong>studiosorum</strong></span> <span class='ocrx_word' id='word_1_749' title='bbox 1545 5764 1637 5822; x_wconf 86' lang='lat' dir='ltr'><strong>hic</strong></span> <span class='ocrx_word' id='word_1_750' title='bbox 1661 5778 1758 5836; x_wconf 88' lang='lat' dir='ltr'><strong>ap-</strong></span> 
     </span>
    </p>
   </div>
   <div class='ocr_carea' id='block_1_106' title="bbox 1856 4837 3437 4921">
    <p class='ocr_par' dir='ltr' id='par_1_106' title="bbox 1856 4837 3437 4921">
     <span class='ocr_line' id='line_1_107' title="bbox 1856 4837 3437 4921; baseline -0.009 -18"><span class='ocrx_word' id='word_1_751' title='bbox 1856 4837 2077 4921; x_wconf 76' lang='lat' dir='ltr'><strong>ptorum</strong></span> <span class='ocrx_word' id='word_1_752' title='bbox 2104 4848 2267 4921; x_wconf 86' lang='lat' dir='ltr'><strong>utiles</strong></span> <span class='ocrx_word' id='word_1_753' title='bbox 2283 4837 2547 4921; x_wconf 57' lang='lat' dir='ltr'><strong>quasdam</strong></span> <span class='ocrx_word' id='word_1_754' title='bbox 2567 4837 2914 4921; x_wconf 71' lang='lat' dir='ltr'><strong>narrationes</strong></span> <span class='ocrx_word' id='word_1_755' title='bbox 2937 4839 3317 4921; x_wconf 62' lang='lat' dir='ltr'><strong>e§cerpsit,_ut_</strong></span> <span class='ocrx_word' id='word_1_756' title='bbox 3336 4837 3437 4919; x_wconf 66' lang='lat' dir='ltr'><strong>do:</strong></span> 
     </span>
    </p>
   </div>
   <div class='ocr_carea' id='block_1_107' title="bbox 1858 4910 3440 4989">
    <p class='ocr_par' dir='ltr' id='par_1_107' title="bbox 1858 4910 3440 4989">
     <span class='ocr_line' id='line_1_108' title="bbox 1858 4910 3440 4989; baseline -0.012 -12"><span class='ocrx_word' id='word_1_757' title='bbox 1858 4910 1946 4977; x_wconf 70' lang='lat' dir='ltr'><strong>cet</strong></span> <span class='ocrx_word' id='word_1_758' title='bbox 1974 4920 2226 4976; x_wconf 85' lang='lat' dir='ltr'><strong>Julianus</strong></span> <span class='ocrx_word' id='word_1_759' title='bbox 2257 4910 2315 4974; x_wconf 78' lang='lat' dir='ltr'><strong>in</strong></span> <span class='ocrx_word' id='word_1_760' title='bbox 2344 4919 2683 4989; x_wconf 77' lang='lat' dir='ltr'><strong>Miwpogone</strong></span> <span class='ocrx_word' id='word_1_761' title='bbox 2714 4913 3058 4989; x_wconf 48' lang='grc' dir='ltr'><strong>ε-Δαμοφίὶέρ</strong></span> <span class='ocrx_word' id='word_1_762' title='bbox 3103 4910 3182 4989; x_wconf 70' lang='grc' dir='ltr'><strong>τῷ</strong></span> <span class='ocrx_word' id='word_1_763' title='bbox 3226 4910 3440 4989; x_wconf 59' lang='grc' dir='ltr'><strong>Ιξιουνῷ</strong></span> 
     </span>
    </p>
   </div>
   <div class='ocr_carea' id='block_1_108' title="bbox 1860 4962 3435 5061">
    <p class='ocr_par' dir='ltr' id='par_1_108' title="bbox 1860 4962 3435 5061">
     <span class='ocr_line' id='line_1_109' title="bbox 1860 4962 3435 5061; baseline -0.008 -19"><span class='ocrx_word' id='word_1_764' title='bbox 3099 4962 3435 5061; x_wconf 69' lang='grc' dir='ltr'><strong>δρεπόμενοξ</strong></span> 
     </span>
    </p>
   </div>
   <div class='ocr_carea' id='block_1_109' title="bbox 1858 5047 3439 5127">
    <p class='ocr_par' dir='ltr' id='par_1_109' title="bbox 1858 5047 3439 5127">
     <span class='ocr_line' id='line_1_110' title="bbox 1858 5047 3439 5127; baseline -0.008 -13"><span class='ocrx_word' id='word_1_765' title='bbox 1858 5061 1923 5114; x_wconf 81' lang='grc' dir='ltr'><strong>ὲκ</strong></span> <span class='ocrx_word' id='word_1_766' title='bbox 1956 5047 2067 5114; x_wconf 73' lang='grc' dir='ltr'><strong>τῶν</strong></span> <span class='ocrx_word' id='word_1_767' title='bbox 2100 5047 2338 5122; x_wconf 77' lang='grc' dir='ltr'><strong>πολλῶν,’</strong></span> <span class='ocrx_word' id='word_1_768' title='bbox 2364 5047 2654 5127; x_wconf 72' lang='grc' dir='ltr'><strong>εἰργάσατο</strong></span> <span class='ocrx_word' id='word_1_769' title='bbox 2678 5056 2869 5124; x_wconf 79' lang='grc' dir='ltr'><strong>λόγους</strong></span> <span class='ocrx_word' id='word_1_770' title='bbox 2892 5047 3145 5127; x_wconf 50' lang='lat' dir='ltr'><strong>astam:</strong></span> <span class='ocrx_word' id='word_1_771' title='bbox 3173 5047 3283 5122; x_wconf 75' lang='grc' dir='ltr'><strong>νέῳ</strong></span> <span class='ocrx_word' id='word_1_772' title='bbox 3314 5047 3439 5127; x_wconf 71' lang='grc' dir='ltr'><strong>εριλ-</strong></span> 
     </span>
    </p>
   </div>
   <div class='ocr_carea' id='block_1_110' title="bbox 1850 5120 3438 5255">
    <p class='ocr_par' dir='ltr' id='par_1_110' title="bbox 1850 5120 3438 5255">
     <span class='ocr_line' id='line_1_111' title="bbox 1850 5120 3438 5255; baseline -0.007 -71"><span class='ocrx_word' id='word_1_773' title='bbox 1850 5132 2005 5255; x_wconf 52' lang='grc' dir='ltr'><strong>ηκόῖρ</strong></span> <span class='ocrx_word' id='word_1_774' title='bbox 2060 5129 2157 5185; x_wconf 71' lang='grc' dir='ltr'><strong>καὶ</strong></span> <span class='ocrx_word' id='word_1_775' title='bbox 2213 5120 2603 5200; x_wconf 65' lang='grc' dir='ltr'><strong>πρεσϐυτέρῳ.</strong></span> <span class='ocrx_word' id='word_1_776' title='bbox 2664 5120 2830 5183; x_wconf 82' lang='lat' dir='ltr'><strong>Certe</strong></span> <span class='ocrx_word' id='word_1_777' title='bbox 2884 5120 3141 5181; x_wconf 80' lang='lat' dir='ltr'><strong>Julianus</strong></span> <span class='ocrx_word' id='word_1_778' title='bbox 3199 5120 3266 5177; x_wconf 89' lang='lat' dir='ltr'><strong>eo</strong></span> <span class='ocrx_word' id='word_1_779' title='bbox 3313 5120 3438 5202; x_wconf 74' lang='lat' dir='ltr'><strong>loco</strong></span> 
     </span>
     <span class='ocr_line' id='line_1_112' title="bbox 1855 5191 3436 5255; baseline -0.008 0"><span class='ocrx_word' id='word_1_780' title='bbox 1855 5216 1959 5255; x_wconf 89' lang='lat' dir='ltr'><strong>nro</strong></span> <span class='ocrx_word' id='word_1_781' title='bbox 1982 5209 2072 5255; x_wconf 77' lang='lat' dir='ltr'><strong>ert</strong></span> <span class='ocrx_word' id='word_1_782' title='bbox 2093 5201 2473 5255; x_wconf 88' lang='lat' dir='ltr'><strong>narrationem</strong></span> <span class='ocrx_word' id='word_1_783' title='bbox 2511 5198 2828 5255; x_wconf 79' lang='lat' dir='ltr'><strong>quamdam.</strong></span> <span class='ocrx_word' id='word_1_784' title='bbox 2867 5210 3031 5255; x_wconf 82' lang='lat' dir='ltr'><strong>quam</strong></span> <span class='ocrx_word' id='word_1_785' title='bbox 3073 5191 3436 5255; x_wconf 81' lang='lat' dir='ltr'><strong>Damophllus</strong></span> 
     </span>
    </p>
   </div>
   <div class='ocr_carea' id='block_1_111' title="bbox 1855 5191 3436 5284">
    <p class='ocr_par' dir='ltr' id='par_1_111' title="bbox 1855 5191 3436 5284">
     <span class='ocr_line' id='line_1_113' title="bbox 1855 5191 3436 5284; baseline -0.008 -28"><span class='ocrx_word' id='word_1_786' title='bbox 1855 5191 2072 5284; x_wconf 76' lang='lat' dir='ltr'><strong>profert</strong></span> <span class='ocrx_word' id='word_1_787' title='bbox 2085 5191 2828 5284; x_wconf 51' lang='lat' dir='ltr'><strong>narrationemlquamdam,</strong></span> <span class='ocrx_word' id='word_1_788' title='bbox 2847 5191 3436 5284; x_wconf 18' lang='lat' dir='ltr'><strong>Aquamjlamophilus</strong></span> 
     </span>
    </p>
   </div>
   <div class='ocr_carea' id='block_1_112' title="bbox 1856 5270 3438 5332">
    <p class='ocr_par' dir='ltr' id='par_1_112' title="bbox 1856 5270 3438 5332">
     <span class='ocr_line' id='line_1_114' title="bbox 1856 5270 3438 5332; baseline -0.009 -5"><span class='ocrx_word' id='word_1_789' title='bbox 1856 5270 1961 5327; x_wconf 85' lang='lat' dir='ltr'><strong>iste</strong></span> <span class='ocrx_word' id='word_1_790' title='bbox 1991 5287 2059 5327; x_wconf 83' lang='lat' dir='ltr'><strong>ex</strong></span> <span class='ocrx_word' id='word_1_791' title='bbox 2085 5271 2382 5326; x_wconf 90' lang='lat' dir='ltr'><strong>Plutarcho</strong></span> <span class='ocrx_word' id='word_1_792' title='bbox 2437 5270 2805 5325; x_wconf 72' lang='lat' dir='ltr'><strong>Cbaeronense</strong></span> <span class='ocrx_word' id='word_1_793' title='bbox 2834 5270 3209 5332; x_wconf 75' lang='lat' dir='ltr'><strong>excerpserat,</strong></span> <span class='ocrx_word' id='word_1_794' title='bbox 3236 5275 3438 5332; x_wconf 88' lang='lat' dir='ltr'><strong>quem-</strong></span> 
     </span>
    </p>
   </div>
   <div class='ocr_carea' id='block_1_113' title="bbox 1857 5338 3151 5415">
    <p class='ocr_par' dir='ltr' id='par_1_113' title="bbox 1857 5338 3151 5415">
     <span class='ocr_line' id='line_1_115' title="bbox 1857 5338 3151 5415; baseline -0.009 -17"><span class='ocrx_word' id='word_1_795' title='bbox 1857 5342 2155 5415; x_wconf 82' lang='lat' dir='ltr'><strong>admodum</strong></span> <span class='ocrx_word' id='word_1_796' title='bbox 2188 5341 2356 5415; x_wconf 73' lang='lat' dir='ltr'><strong>etiam</strong></span> <span class='ocrx_word' id='word_1_797' title='bbox 2379 5340 2659 5415; x_wconf 67' lang='lat' dir='ltr'><strong>Evagrius</strong></span> <span class='ocrx_word' id='word_1_798' title='bbox 2672 5347 2860 5415; x_wconf 78' lang='lat' dir='ltr'><strong>noster</strong></span> <span class='ocrx_word' id='word_1_799' title='bbox 2877 5338 2980 5391; x_wconf 90' lang='lat' dir='ltr'><strong>hoc</strong></span> <span class='ocrx_word' id='word_1_800' title='bbox 3008 5338 3151 5415; x_wconf 56' lang='lat' dir='ltr'><strong>loco;</strong></span> 
     </span>
    </p>
   </div>
   <div class='ocr_carea' id='block_1_114' title="bbox 1931 5409 3441 5482">
    <p class='ocr_par' dir='ltr' id='par_1_114' title="bbox 1931 5409 3441 5482">
     <span class='ocr_line' id='line_1_116' title="bbox 1931 5409 3441 5482; baseline -0.011 -13"><span class='ocrx_word' id='word_1_801' title='bbox 1931 5413 2010 5482; x_wconf 91' lang='lat'><strong>(9)</strong></span> <span class='ocrx_word' id='word_1_802' title='bbox 2049 5410 2262 5480; x_wconf 73' lang='grc' dir='ltr'><strong>Σαφῶς</strong></span> <span class='ocrx_word' id='word_1_803' title='bbox 2288 5409 2516 5482; x_wconf 9' lang='grc' dir='ltr'><strong>,εἰπεῖν-ξ</strong></span> <span class='ocrx_word' id='word_1_804' title='bbox 2540 5409 2753 5482; x_wconf 66' lang='lat' dir='ltr'><strong>Mallem</strong></span> <span class='ocrx_word' id='word_1_805' title='bbox 2795 5409 2977 5482; x_wconf 80' lang='lat' dir='ltr'><strong>legere</strong></span> <span class='ocrx_word' id='word_1_806' title='bbox 3013 5409 3213 5471; x_wconf 79' lang='grc' dir='ltr'><strong>σοφῶς,</strong></span> <span class='ocrx_word' id='word_1_807' title='bbox 3245 5414 3441 5482; x_wconf 64' lang='lat' dir='ltr'><strong>quem-</strong></span> 
     </span>
    </p>
   </div>
   <div class='ocr_carea' id='block_1_115' title="bbox 1866 5477 3441 5555">
    <p class='ocr_par' dir='ltr' id='par_1_115' title="bbox 1866 5477 3441 5555">
     <span class='ocr_line' id='line_1_117' title="bbox 1866 5477 3441 5555; baseline -0.01 -17"><span class='ocrx_word' id='word_1_808' title='bbox 1866 5477 2162 5538; x_wconf 82' lang='lat' dir='ltr'><strong>admodum</strong></span> <span class='ocrx_word' id='word_1_809' title='bbox 2194 5481 2391 5555; x_wconf 85' lang='lat' dir='ltr'><strong>legisse</strong></span> <span class='ocrx_word' id='word_1_810' title='bbox 2418 5480 2639 5555; x_wconf 79' lang='lat' dir='ltr'><strong>videtur</strong></span> <span class='ocrx_word' id='word_1_811' title='bbox 2676 5477 3238 5555; x_wconf 73' lang='lat' dir='ltr'><strong>_Ch_ristop_horsonus.</strong></span> <span class='ocrx_word' id='word_1_812' title='bbox 3270 5477 3441 5555; x_wconf 76' lang='lat' dir='ltr'><strong>Porro</strong></span> 
     </span>
    </p>
   </div>
   <div class='ocr_carea' id='block_1_116' title="bbox 1868 5546 3441 5623">
    <p class='ocr_par' dir='ltr' id='par_1_116' title="bbox 1868 5546 3441 5623">
     <span class='ocr_line' id='line_1_118' title="bbox 1868 5546 3441 5623; baseline -0.009 -15"><span class='ocrx_word' id='word_1_813' title='bbox 1868 5554 2023 5609; x_wconf 91' lang='lat' dir='ltr'><strong>locus</strong></span> <span class='ocrx_word' id='word_1_814' title='bbox 2046 5546 2328 5610; x_wconf 71' lang='lat' dir='ltr'><strong>Plutarchi</strong></span> <span class='ocrx_word' id='word_1_815' title='bbox 2351 5567 2516 5623; x_wconf 91' lang='lat' dir='ltr'><strong>quem</strong></span> <span class='ocrx_word' id='word_1_816' title='bbox 2541 5552 2632 5623; x_wconf 85' lang='lat' dir='ltr'><strong>hic</strong></span> <span class='ocrx_word' id='word_1_817' title='bbox 2655 5546 2917 5618; x_wconf 88' lang='lat' dir='ltr'><strong>designat</strong></span> <span class='ocrx_word' id='word_1_818' title='bbox 2940 5546 3231 5623; x_wconf 62' lang='lat' dir='ltr'><strong>Evagrius,</strong></span> <span class='ocrx_word' id='word_1_819' title='bbox 3260 5548 3441 5623; x_wconf 60' lang='lat' dir='ltr'><strong>exstat</strong></span> 
     </span>
    </p>
   </div>
   <div class='ocr_carea' id='block_1_117' title="bbox 1868 5612 3511 5696">
    <p class='ocr_par' dir='ltr' id='par_1_117' title="bbox 1868 5612 3511 5696">
     <span class='ocr_line' id='line_1_119' title="bbox 1868 5612 3511 5696; baseline -0.009 -17"><span class='ocrx_word' id='word_1_820' title='bbox 1868 5625 1939 5696; x_wconf 85' lang='lat' dir='ltr'><strong>in</strong></span> <span class='ocrx_word' id='word_1_821' title='bbox 1969 5625 2113 5682; x_wconf 89' lang='lat' dir='ltr'><strong>libro</strong></span> <span class='ocrx_word' id='word_1_822' title='bbox 2165 5626 2238 5681; x_wconf 87' lang='lat' dir='ltr'><strong>De</strong></span> <span class='ocrx_word' id='word_1_823' title='bbox 2292 5612 2507 5696; x_wconf 44' lang='lat' dir='ltr'><strong>for-tuna</strong></span> <span class='ocrx_word' id='word_1_824' title='bbox 2538 5612 2921 5684; x_wconf 64' lang='lat' dir='ltr'><strong>Romanorum,</strong></span> <span class='ocrx_word' id='word_1_825' title='bbox 2971 5612 3116 5673; x_wconf 75' lang='lat' dir='ltr'><strong>haud</strong></span> <span class='ocrx_word' id='word_1_826' title='bbox 3140 5612 3335 5686; x_wconf 89' lang='lat' dir='ltr'><strong>procul</strong></span> <span class='ocrx_word' id='word_1_827' title='bbox 3368 5618 3444 5665; x_wconf 80' lang='lat' dir='ltr'><strong>ab</strong></span> <span class='ocrx_word' id='word_1_828' title='bbox 3510 5674 3511 5677; x_wconf 25' lang='grc' dir='ltr'><strong>η</strong></span> 
     </span>
    </p>
   </div>
   <div class='ocr_carea' id='block_1_118' title="bbox 1868 5694 2047 5752">
    <p class='ocr_par' dir='ltr' id='par_1_118' title="bbox 1868 5694 2047 5752">
     <span class='ocr_line' id='line_1_120' title="bbox 1868 5694 2047 5752; baseline 0.017 -3"><span class='ocrx_word' id='word_1_829' title='bbox 1868 5694 2047 5752; x_wconf 86' lang='lat' dir='ltr'><strong>initio.</strong></span> 
     </span>
    </p>
   </div>
  </div>
