4018 6506
302 394 450 458 2853

1203 389 1587 453 msronns
1622 387 2216 449 ECCLESIASTiC/E
2254 368 2486 451 LIBER
2522 390 2625 452 γι.

3452 390 3593 455 2854

304 512 533 584 ηγορεῖν
552 507 647 564 τοῦ
679 507 869 581 ίερέως
893 506 1157 579 βούλοιτο,
1180 506 1396 579 δέχεται
1412 506 1631 579 γραφὰς
1662 506 1784 561 κατ’
1805 507 1904 561 αύ-

2025 507 2248 578 iegotia,
2303 508 2506 562 nedum
2569 507 2639 562 ad
2700 516 2907 563 tantam
2970 522 3087 563 rem
3154 514 3591 581 componendam

313 603 440 669 τοῦ,
476 602 615 675 πρός
644 618 792 665 τινος
829 599 1115 671 τραπέζης
1156 599 1439 671 ἀργυρίων
1472 600 1897 671 προεστηκότος,

305 696 576 766 λεγούσας
628 697 694 767 τῇ
749 711 811 748 τε
868 692 1050 765 οίκείᾳ
1078 691 1282 764 ἀδελφῇ
1318 691 1701 756 ὲπιπλακέναι,
1730 691 1903 764 ἑτέρῳ

308 790 469 862 ἀνδρὶ
496 791 769 843 συνοικεῖν
800 786 1060 859 λαχούσῃ.
1083 786 1310 857 Δέχεται
1336 786 1394 839 δὲ
1425 785 1519 839 καὶ
1539 784 1670 857 παρ’
1697 785 1903 855 ἑτέρων

308 881 571 937 τοιούτων
615 881 745 952 περ).
798 883 897 951 τῆς
925 877 1219 950 εὐετηρίας
1274 880 1376 949 τῆς
1422 877 1634 941 πόλεως
1668 877 1804 949 (18),
1827 878 1902 943 ὡς

309 976 480 1032 αὐτοῦ
504 974 709 1046 ταύτης
736 973 998 1037 πολλάκις
1045 972 1455 1044 λυμηναμένου.
1497 970 1609 1025 Καὶ
1643 972 1774 1042 περί
1801 971 1900 1041 μὲν

309 1069 416 1138 τῆς
450 1065 739 1138 εὐετηρίας
793 1065 893 1130 τὰς
925 1063 1225 1133 ἀπολογίας
1272 1063 1476 1118 ύπέδυο
1523 1063 1655 1136 περὶ
1696 1062 1755 1117 δὲ
1785 1060 1896 1115 τῶν

310 1160 511 1223 ἄλλων,
556 1157 782 1230 βασιλέα
811 1173 871 1211 τε
918 1157 1013 1212 καὶ
1072 1154 1293 1210 σύνοδον
1327 1155 1723 1211 ἐπεκαλέσατο.
1768 1152 1906 1226 Περὶ

309 1251 520 1305 τούτων
568 1249 667 1322 μὲν
707 1248 804 1303 οῦν
855 1248 992 1319 ἐμοῦ
1040 1247 1464 1321 παρεδρεύοντος
1486 1246 1598 1320 (19)
1629 1247 1724 1301 καὶ
1760 1263 1907 1318 παρ-

309 1342 469 1406 όντος
500 1357 565 1411 γε
598 1341 771 1413 αὐτῷ,
833 1340 980 1397 κατὰ
1001 1341 1101 1413 τὴν
1138 1340 1405 1412 βασιλέως
1432 1341 1626 1410 γέγονε
1648 1340 1748 1412 τὴν
1766 1340 1905 1393 ἀπο-

308 1436 501 1506 λογίαν
527 1435 760 1506 ύφέξων.
781 1436 891 1489 Καὶ
915 1435 1025 1489 τῶν
1056 1433 1363 1506 ἑκασταχοῦ
1393 1434 1753 1507 πατριαρχῶν
1772 1432 1906 1503 (20),

310 1527 427 1582 τῶν
460 1527 557 1600 μὲν
586 1527 655 1581 δι’
692 1527 927 1600 ἑαυτῶν,
962 1527 1077 1582 τῶν
1104 1526 1160 1581 δὲ
1196 1528 1291 1582 κα)⁵
1319 1526 1385 1580 δι’
1417 1526 1622 1599 ἐτέρων
1646 1528 1713 1598 τῇ
1744 1527 1912 1598 ζητήο

316 1637 405 1674 σει
435 1619 914 1692 παραγενομένων,
945 1618 1250 1692 προσέτιδὲ
1272 1619 1368 1674 καὶ
1395 1618 1496 1690 τῆς
1520 1619 1675 1691 ἱερᾶς
1705 1635 1907 1691 γερου-

320 1710 464 1775 σίας,
513 1712 607 1764 καὶ
672 1708 888 1763 πολλῶν
952 1709 1268 1764 ὁσιωτάτων
1323 1708 1761 1780 μητροπολιτῶν,
1810 1709 1912 1778 τῆς

317 1800 637 1865 ὑποθέσεως
691 1800 1145 1873 δοκιμασθείσης,
1199 1800 1339 1872 μετὰ
1402 1800 1636 1865 πολλοὺς
1688 1800 1910 1870 ἀγῶνας

2007 596 2261 652 idoneus.
2294 597 2487 668 ltaque
2521 613 2645 652 cum
2682 596 2876 652 urbem
2913 599 3151 654 tumultu
3186 616 3251 655 ac
3295 602 3471 657 turbis
3502 618 3592 658 re-

2006 689 2232 759 plesset,
2281 698 2337 744 ct
2386 689 2583 744 edictis
2622 690 2925 760 propositis
2970 690 3374 757 denuntiasset,
3424 694 3593 750 licere

2007 780 2183 836 cuivis
2215 781 2536 852 episcopum
2575 778 2870 846 'accusare,
2913 783 3160 839 libellum
3192 796 3383 841 contra
3411 801 3535 841 eum
3564 805 3595 842 a

2011 873 2246 944 quodam
2265 873 2590 946 argentaria:
2610 890 2812 930 mensae
2833 878 3130 946 prteposito
3151 878 3394 933 oblatum
3410 895 3597 935 susce—

2007 968 2090 1035 pit
2114 982 2127 1021 :
2161 981 2272 1035 quo
2300 965 2670 1021 accusabatur
2689 965 3011 1037 Gregorius,
3042 969 3189 1037 quod
3213 986 3338 1024 cum
3369 972 3596 1041 prepria

2010 1072 2202 1112 sorore
2243 1058 2402 1113 alteri
2448 1059 2568 1113 viro
2612 1068 2785 1129 nupta
2829 1075 2944 1115 rent
2987 1061 3294 1117 habuisset.
3341 1063 3597 1135 Suscepit

2008 1151 2174 1206 etiam
2221 1152 2604 1207 accusationes
2634 1152 2706 1206 ab
2752 1152 2876 1207 aliis
2922 1154 3169 1225 ejusdem
3200 1157 3389 1212 farina;
3420 1158 3598 1213 homi-

2009 1241 2177 1298 nibus
2218 1241 2286 1298 de
2327 1258 2463 1313 pace
2502 1258 2567 1298 ac
2613 1243 2995 1315 tranquilitate
3057 1246 3212 1300 urbis
3261 1246 3594 1314 Antiochiae,

2011 1335 2169 1403 quasi
2201 1334 2500 1407 Gregorius
2536 1351 2657 1392 eam
2693 1338 2898 1409 smpius
2928 1340 3328 1411 perturbasset.
3362 1343 3431 1396 At
3460 1341 3597 1397 Gre-

2011 1432 2220 1502 gorius,
2251 1431 2320 1486 de
2342 1414 2585 1487 crimine
2624 1433 2848 1503 quidem
2898 1435 3132 1490 turbata:
3168 1436 3321 1505 pacis
3344 1447 3596 1506 paratum

2013 1539 2071 1579 se
2098 1540 2219 1579 esse
2242 1525 2531 1593 respondit
2556 1541 2777 1581 causam
2809 1528 3013 1583 dicere.
3036 1530 3111 1583 De
3130 1529 3253 1584 aliis
3277 1546 3409 1585 vero
3431 1529 3600 1602 558

2016 1615 2118 1686 ipsi
2144 1617 2393 1687 objectis,
2422 1618 2492 1672 ad
2550 1618 2939 1690 imperatorem
2979 1630 3035 1676 et
3062 1621 3131 1676 ad
3166 1623 3433 1693 synodum
3466 1639 3598 1694 pro-

2012 1708 2249 1762 vocavit.
2283 1707 2365 1762 Me
2399 1708 2567 1779 igitur
2589 1708 2966 1764 consiliarium
2998 1720 3053 1765 et
3076 1710 3335 1765 comitem
3368 1711 3594 1779 habens,

2013 1799 2743 1872 venitConstantinopolim,
2767 1801 2856 1857 his
2884 1803 3333 1860 accusationibus
3366 1820 3598 1876 respon-

316 1894 541 1966 κρατεῖ·
579 1891 725 1946 ὥστε
752 1893 843 1946 τὸν
867 1894 1175 1967 κατήγορον
1199 1891 1415 1962 νεύροις
1442 1891 1764 1946 αίκισθέντα
1811 1893 1906 1945 καὶ

2025 1907 2195 1946 turus.
2223 1879 2476 1962 Cumque
2508 1908 2702 1947 omnes
2730 1894 2823 1963 qui
2850 1894 3057 1965 ubique
3084 1905 3215 1951 sunt
3241 1898 3595 1967 patriarchae.

316 1985 420 2056 τὴν
444 1984 598 2038 πόλιν
632 1983 1022 2055 περιαχθέντα,
1053 1968 1490 2058 ὲξτῗστρακισμοῦ
1524 1984 1907 2056 προστιμηθῆ-

317 2090 432 2127 ναι.
470 2072 751 2127 Ἐντεῦθεν
780 2073 874 2127 οὖν
914 2074 1167 2128 ἐπάνεισι
1210 2075 1349 2145 πρὸς
1396 2075 1489 2129 τὸν
1552 2076 1754 2128 οἰκεῖον
1783 2075 1911 2145 θρό-

318 2184 434 2232 νον,
464 2165 573 2221 τῶν
618 2166 1053 2239 στρατευμάτων
1114 2165 1544 2232 στασιαζόντων,
1579 2169 1677 2222 καὶ
1727 2167 1912 2221 ⁴Ιιιλιπ-

319 2256 488 2313 πικοῦ
517 2258 663 2330 ἀμφὶ
691 2258 921 2332 Βέροιαν
963 2260 1060 2314 καὶ
1103 2259 1351 2314 Χαλκίδα
1379 2260 1479 2322 τὰς
1510 2259 1697 2323 πόλεις
1731 2260 1912 2314 ὲνδια-

317 2351 623 2423 τρίϐοντος.

2013 1983 2211 2053 partim
2247 1998 2347 2053 per
2380 1998 2462 2049 se,
2493 1985 2698 2054 partim
2738 2001 2840 2055 per
2880 1986 3091 2057 legatos
3136 2002 3268 2042 suos
3307 1988 3598 2057 quaestioni

2011 2075 2366 2142 interessent,
2414 2086 2701 2133 senatores
2727 2076 2860 2133 item
2891 2079 3051 2134 urbis
3078 2080 3243 2151 regiae
3278 2090 3334 2135 et
3367 2098 3428 2135 ex
3462 2082 3596 2137 reli-

2010 2168 2337 2239 giosissimis
2390 2169 2832 2240 metropolitanis
2895 2173 3308 2243 quamplurimi,
3376 2177 3601 2246 negotio

2010 2260 2106 2314 diu
2159 2261 2505 2331 multumque
2577 2263 2933 2331 examinato;
2966 2265 3184 2319 tandem
3228 2273 3351 2335 post
3400 2268 3601 2322 multas

2011 2353 2264 2409 actiones
2299 2353 2597 2424 Gregorius
2618 2369 2837 2411 causam
2869 2355 3140 2411 obtinuit:
3172 2357 3310 2412 adeo
3336 2367 3396 2412 ut
3433 2373 3600 2413 accu-

319 2453 475 2501 sator
505 2446 695 2503 nervis
721 2461 918 2514 caesus,
960 2453 1018 2503 et
1069 2462 1169 2518 per
1213 2454 1384 2501 totam
1439 2446 1633 2501 urbem
1682 2445 2122 2513 circumductus,
2176 2448 2371 2503 exsilio
2436 2450 2786 2506 multaretur.
2842 2450 2972 2506 Inde
3013 2451 3179 2522 igitur
3201 2451 3499 2522 Gregorius
3529 2451 3596 2506 ad

319 2558 479 2601 suam
519 2541 706 2598 sedem
760 2554 1021 2596 reversus
1064 2546 1171 2605 est,
1218 2554 1330 2609 quo
1360 2547 1610 2609 tempore
1671 2538 1951 2593 exercitus
1988 2538 2222 2594 Romani
2276 2538 2333 2593 in
2376 2538 2604 2595 Oriente
2663 2540 3162 2609 tumultuabantur,
3231 2551 3288 2597 et
3327 2542 3599 2614 Philippi-

320 2651 428 2694 cus
462 2634 612 2692 circa
643 2632 811 2689 urbes
852 2633 1098 2688 Bermam
1125 2639 1182 2687 et
1218 2630 1542 2687 Chalcidem
1580 2645 1764 2687 moras
1783 2631 2001 2703 agebat.

927 2748 1183 2803 ΚΕΦΑΛ.
1214 2746 1299 2802 Il'.

343 2846 444 2912 Ὦς
477 2842 664 2898 πάλιν
714 2841 836 2899 ὑπὸ
883 2839 1155 2912 σεισμῶν
1216 2842 1255 2910 ἠ
1292 2841 1624 2910 Θεούπολις
1665 2841 1909 2899 ἔπαθεν.

402 2998 515 3054 Καὶ
541 2996 825 3068 τεσσάρων
845 2995 1250 3068 διαγενομένων
1286 2995 1475 3068 μηνῶν
1506 2996 1650 3069 μετὰ
1671 2998 1771 3071 τὴν
1814 2999 1917 3053 αὐ-

324 3090 428 3147 τοῦ
459 3089 668 3160 ἄφιξιν,
698 3089 819 3153 ἔτος
846 3088 1077 3161 ἕϐδομον
1108 3090 1204 3143 καὶ
1235 3090 1566 3162 τριακοστὸν
1594 3092 1690 3145 καὶ
1728 3091 1919 3159 ἑξακο-

325 3185 545 3238 σιοστὸν
570 3181 683 3254 (21)
713 3182 779 3255 (1)
839 3180 1290 3255 χρηματιζούσης
1336 3181 1711 3249 Θεουπόλεως,
1779 3184 1919 3256 μετὰ

2642 2745 2795 2803 CAP.
2832 2747 2976 2803 VIII.

2198 2836 2469 2905 Quomodo
2506 2839 2783 2897 Antiochia
2820 2848 2977 2894 terra:
2999 2839 3223 2894 motibus
3253 2840 3427 2894 denuo

2647 2919 2837 2964 vexata
2867 2920 2965 2964 est.

2094 3004 2227 3059 Post
2280 3002 2401 3074 ejus
2465 3011 2653 3058 autem
2710 3002 2974 3067 reditum,
3027 3012 3267 3073 quatuor
3320 3003 3607 3058 mensibus

2023 3093 2247 3164 elapsis,
2273 3109 2421 3149 anno
2454 3093 2614 3149 urbis
2656 3094 2964 3149 Antiochiae
2992 3096 3401 3150 sexcentesimo
3436 3094 3604 3150 trice-

2026 3185 2165 3241 simo
2188 3186 2446 3256 septimo,
2488 3193 2616 3257 post
2655 3201 2861 3240 annum
2903 3200 3074 3241 unum
3118 3201 3181 3241 ac
3204 3187 3605 3257 sexagesimum

1504 3297 1780 3354 VALESII
1830 3298 2388 3357 ANNOTATIONES.

557 3390 693 3475 ζιερί
738 3389 851 3475 τῆς
877 3389 1194 3475 cestimim:
1231 3389 1348 3475 τῆς
1378 3389 1649 3475 δήξεως..
1671 3391 1916 3475 Αιιηοιιω

2025 3399 2193 3475 petito
2233 3390 2614 3475 nominantur.
2644 3399 2772 3446 ante
2804 3390 3098 3475 episcopos
3133 3391 3475 3475 quiusynodo
3523 3392 3608 3450 in-

327 3459 675 3520 fer‘tili’tatem
700 3471 760 3517 et
785 3459 999 3531 copiam
1023 3462 1423 3531 interpretatur
1440 3459 1742 3516 Musculus.
1778 3460 1921 3515 Lan-

328 3551 437 3602 gus
466 3547 595 3589 vero
615 3540 672 3587 et
692 3531 1250 3602 Christophorsonus,
1282 3546 1474 3602 pacem
1495 3546 1561 3587 ac
1578 3531 1917 3587 felicitatem.

328 3603 496 3731 ger-(tie
527 3617 633 3658 vox
658 3601 929 3674 εὐετηρία
943 3612 1239 3672 utrumque
1269 3601 1564 3673 signiﬁcat,
1600 3611 1663 3657 ut
1685 3609 1920 3657 testatur

379 3692 434 3729 ui
477 3690 558 3730 as.

379 3690 558 3730 uiuas.

413 3745 528 3817 (19)
578 3742 762 3817 Ἐμοῦ
808 3742 1308 3817 παρεδρεύοντος.
1355 3741 1729 3817 Quod__hodie
1773 3742 1919 3813 apud

330 3813 441 3873 nos
485 3814 604 3869 ﬁeri
644 3813 796 3869 solet
833 3814 890 3868 in
929 3814 1314 3869 criminalibus
1355 3813 1600 3884 iudiciis,
1645 3822 1707 3869 ut
1745 3828 1840 3884 reo
1889 3829 1920 3869 a

326 3885 624 3959 iudicibus
641 3884 805 3959 detur
836 3884 1217 3959 iurisperitus,
1245 3883 1679 3959 quiiconsiiium
1700 3883 1922 3959 ,οἰ-ευδ-

334 3953 514 4028 gerat,
544 3955 628 4028 Aid
676 3955 807 4028 olim
842 3953 1085 4028 quoque
1134 3956 1201 4028 ini
1230 3953 1666 4028 ecclesiasticis
1695 3953 1921 4028 iudiciis

335 4023 649 4087 obtinuisse
673 4025 836 4096 docet
862 4023 953 4080 hic
985 4023 1207 4096 Evagrii
1229 4026 1405 4080 locus.
1438 4023 1741 4095 Gregorius
1766 4025 1915 4080 enim

336 4099 634 4169 episcopus
678 4095 1007 4162 Antiochiae,
1044 4095 1170 4169 cum
1208 4096 1265 4151 in
1296 4096 1495 4169 urbem
1538 4096 1746 4165 regiam
1786 4110 1920 4165 pro-

339 4166 705 4250 (miscere-tur,
742 4182 929 4222 coram
977 4168 1187 4250 synodo
1222 4166 1611 4250 episc0porum
1625 4173 1700 4250 ξι
1734 4180 1918 4247 coram

338 4238 693 4295 senatoribus
718 4252 940 4292 causam
965 4235 1217 4292 dicturus
1247 4235 1315 4292 de
1354 4235 1590 4294 incesto.
1625 4236 1919 4305 Evagrium

340 4309 745 4365 Scholasticum
780 4322 967 4363 secum
1003 4307 1251 4371 deduxit,
1305 4308 1401 4376 qui
1426 4306 1783 4361 consiliarius
1816 4306 1921 4377 ipsi

342 4388 401 4435 et
454 4394 702 4434 assessor
724 4388 890 4439 esset,
926 4387 984 4433 et
1001 4379 1294 4434 consilium
1318 4378 1422 4447 ipsi
1460 4385 1799 4447 suggereret,
1826 4378 1921 4433 ubi

341 4465 483 4520 opus
506 4458 673 4505 esset.
713 4448 772 4520 Id
809 4449 958 4503 enim
1004 4447 1280 4520 signiﬁcat
1327 4463 1432 4520 vox
1463 4447 1921 4520 _napsﬁpeﬁoyro;

341 4516 451 4575 hoc
487 4520 710 4589 quidem
764 4519 821 4574 in
861 4520 1002 4574 loco.
1057 4516 1329 4589 Caeterum
1360 4517 1417 4571 in
1450 4516 1582 4589 hac
1604 4516 1921 4589 narratione

341 4587 584 4660 Evagrii,
606 4590 777 4645 multa
814 4598 944 4660 sunt
964 4588 1330 4660 observanda.
1371 4587 1638 4660 Primum,
1667 4588 1815 4660 quod
1837 4589 1922 4660 ait

342 4658 672 4730 Gregorium
717 4659 1149 4730 Antiochensem
1198 4659 1519 4730 episcopum
1576 4658 1645 4713 de
1688 4658 1921 4730 crimine

2026 3462 2333 3517 terfuerant
2372 3480 2385 3517 :
2421 3461 2650 3532 perinde
2704 3477 2769 3517 ac
2814 3461 2871 3517 in
2904 3463 3008 3517 hoc
3049 3461 3267 3533 Evagrii
3295 3461 3423 3518 loco
3446 3479 3609 3520 sena-

2024 3542 2172 3588 tores
2190 3534 2553 3606 nominantur
2573 3542 2701 3588 ante
2727 3533 3181 3602 metropolitanos
3201 3551 3213 3586 :
3237 3534 3612 3606 subjiciuntur

2023 3611 2209 3657 tamen
2254 3603 2607 3673 patriarchis.

2093 3673 2205 3745 (20)
2233 3670 2356 3745 Τῷν
2375 3673 2717 3745 ἑκασταχοῦ
2734 3670 3133 3745 πατριαρκῶν.
3154 3674 3609 3731 Patriarcharum

2020 3743 2248 3799 nomine
2286 3744 2377 3818 hic
2408 3743 2719 3818 intelligere
2755 3744 3046 3818 debemus,
3084 3760 3193 3818 non
3228 3745 3408 3818 solum
3434 3748 3609 3818 majo-

2021 3830 2113 3869 res
2181 3814 2562 3885 patriarchas,
2600 3813 2675 3867 ’id
2726 3813 3603 3885 cst,7Constantinopolitanu‘m,

2019 3884 2453 3939 Alexandrinum
2500 3892 2556 3939 et
2635 3884 3221 3955 Hierosolymitanum,
3288 3884 3386 3940 sed
3436 3887 3605 3942 etiam

2022 3956 2269 4027 reliquos
2320 3956 2608 4027 primates,
2638 3956 2783 4027 isive
2831 3955 3281 4027 exarchos.llos
3313 3955 3461 4010 enim
3514 3974 3611 4027 pa-

2022 4024 2395 4081 triarcharum
2423 4024 3000 4098 vocabuloiinterdum
3033 4025 3285 4097 designat
3308 4024 3597 4098 Evagriiis,

2023 4103 2085 4149 ut
2116 4098 2375 4167 superius
2419 4096 2729 4167 observavi.
2760 4096 2923 4151 Certe
2948 4112 3051 4151 vox
3082 4096 3391 4167 ἑκασταχοῦ
3427 4096 3610 4153 tribus

2023 4166 2236 4237 tantum
2274 4166 2605 4237 patriarchis
2637 4167 2937 4237 convenire
2959 4182 3068 4219 non
3101 4176 3302 4237 potest.
3336 4168 3607 4223 (‘aeterum

2021 4235 2669 4308 Constantinopolitanus
2687 4236 2996 4308 patriarcha
3025 4235 3156 4292 tunc
3178 4246 3307 4299 crat
3330 4237 3606 4305 Joannes;

2023 4308 2126 4388 qui
2152 4323 2277 4362 cum
2320 4307 2731 4388 in’s_upradi_cta
2766 4307 2975 4388 synodo
3022 4308 3355 4388 mcumenici
3384 4310 3605 4388 titulum

2024 4378 2127 4449 sibi
2175 4378 2588 4449 assumpsisset,
2636 4378 2889 4449 Pelagius
2931 4379 3314 4449 papa,scripta
3366 4380 3434 4433 ad
3480 4396 3607 4435 eum

2023 4448 2280 4518 epistola,
2329 4447 2573 4518 graviter
2628 4464 2757 4503 eum
2788 4447 3120 4517 objurgavit,
3152 4458 3207 4503 et
3233 4460 3430 4504 cuncta
3458 4450 3607 4518 ejus-

2023 4466 2280 4518 eptsrora,
2327 4466 2573 4573 graviter
2628 4466 2757 4503 eum
2788 4466 3120 4517 oojurgavu,
3152 4466 3207 4503 et
3233 4466 3430 4504 cuncta
3458 4467 3487 4504 ε
3514 4467 3606 4506 us-

2022 4519 2161 4591 demi
2186 4535 2324 4591 syuo
2369 4521 2399 4591 ii
2426 4527 2603 4590 gesta,
2649 4519 2895 4591 exceptis
2923 4519 2993 4573 iis
3016 4534 3140 4591 qua:
3179 4519 3233 4573 in
3267 4534 3431 4575 causa
3469 4468 3606 4576 Gre-

2060 4590 2165 4643 orii
2184 4588 2579 4644 Antiochensis
2597 4588 2845 4659 episc0pi
2866 4599 2983 4643 acta
3007 4590 3247 4651 fuerant,
3273 4590 3606 4646 auctoritate

2060 4606 2165 4643 orn
2184 4606 2579 4644 Antiocuensm
2597 4606 2785 4659 episco
2831 4606 2983 4643 taeta
3007 4606 3247 4651 Inerant,
3273 4606 3605 4646 auctoritate

2024 4606 2085 4713 ᾗ.
2140 4661 2286 4715 Petri
2331 4659 2742 4731 inﬁrmavitaet
2771 4606 3064 4731 diaconum
3104 4675 3264 4731 suum
3312 4660 3419 4731 qui
3462 4662 3605 4731 apud

344 4729 544 4802 incesti
565 4740 883 4802 accusatum
921 4729 991 4784 ab
1024 4730 1261 4802 homine
1290 4729 1646 4802 laicoicoram
1673 4729 1919 4784 saeculari
1956 4747 1999 4802 ι)
2031 4730 2424 4802 imperatorem
2454 4729 2778 4802 Mauricium
2807 4729 3151 4802 apocrisiarii
3175 4745 3383 4802 munus
3410 4729 3607 4802 imple-

336 4800 551 4870 judice,
575 4801 644 4855 ad
691 4801 1080 4870 imperatorem
1106 4809 1165 4855 et
1197 4798 1265 4854 ad
1285 4798 1552 4870 synodum
1572 4814 1921 4869 provocasse.

346 4868 426 4949 ac
453 4870 522 4949 d_e
566 4868 958 4949 provocatione
989 4870 1215 4949 quidem
1235 4868 1332 4949 __ad
1379 4868 1788 4949 imperatorem,
1839 4871 1926 4924 vi-

347 4940 526 4996 denda
567 4939 661 4997 est
686 4942 919 5012 epistola
969 4939 1201 5012 concilii
1229 4939 1468 5012 Romani
1503 4939 1925 5012 adiGratianum

346 5011 676 5082 Augustum,
700 5008 863 5082 quam
886 5012 1100 5082 primus
1117 5011 1294 5066 edidit
1313 5009 1553 5082 Jacobits
1573 5008 1923 5082 Sirmundus.

346 5080 619 5138 Praeterea
646 5080 1052 5142 observandum
1087 5090 1173 5137 est
1196 5080 1343 5151 quod
1375 5080 1450 5135 ait
1478 5081 1766 5151 Evagrius,
1796 5097 1929 5136 cau-

346 5167 462 5207 sam
506 5151 755 5225 Gregorii
778 5152 1140 5225 disceptatam
1171 5152 1342 5206 fuisse
1380 5165 1567 5225 coram
1600 5152 1930 5225 patriarchis

348 5237 413 5276 ac
452 5221 1020 5287 nietro'politanis,'et
1061 5238 1249 5278 coram
1303 5221 1679 5277 senatoribus.
1725 5222 1817 5277 Sic
1868 5224 1923 5278 in

348 5291 559 5364 synodo
588 5291 1026 5349 Cbalcedonensi
1059 5292 1336 5364 episcopis
1367 5300 1424 5346 et
1454 5292 1816 5347 sacularibus
1837 5294 1927 5364 ju-

348 5361 568 5417 d’icibus
629 5364 791 5418 simul
858 5361 1367 5427 convenientibus,
1445 5377 1612 5417 causa
1674 5361 1926 5418 Dioscori

348 5431 708 5488 Alexandrini
746 5434 993 5504 episcopi
1043 5434 1289 5504 discussa
1338 5441 1395 5489 et
1431 5432 1679 5504 judicata
1709 5443 1817 5489 est.
1865 5434 1926 5489 ln

349 5517 457 5573 qua
490 5504 701 5576 synodo
744 5503 1128 5577 gloriosissimi
1147 5503 1366 5577 judices
1390 5503 1447 5559 et
1468 5514 1756 5560 senatores
1800 5520 1929 5577 per-

2032 4800 2148 4864 bat,
2190 4817 2315 4856 cum
2364 4800 2560 4855 eodem
2612 4800 2823 4854 Joanne
2868 4800 3066 4854 missas
3106 4800 3389 4855 celebrare
3421 4801 3609 4870 prohi-

2030 4871 2175 4936 buit,
2207 4882 2268 4927 ut
2292 4872 2455 4927 docet
2472 4870 2771 4941 Gregorius
2797 4870 3016 4941 papaiin
3044 4870 3316 4940 epistolis.
3363 4871 3608 4941 Epistola

2029 4941 2254 5012 quidem
2288 4941 2491 5013 Pelagii
2527 4940 2601 4996 ad
2628 4940 2892 4996 Joannem
2926 4940 3351 5013 Constantinop.
3405 4940 3508 4997 hac
3540 4942 3608 4997 de

2030 5028 2092 5084 re
2112 5013 2342 5084 scripta,
2368 5012 2532 5084 hedie
2553 5027 2666 5084 non
2691 5020 2887 5084 exstat.
2922 5012 3111 5084 Exstat
3138 5018 3348 5084 tantum
3378 5013 3611 5084 epistola

2029 5080 2278 5153 ejusdem
2318 5083 2529 5153 Pelagii
2567 5083 2635 5153 ad
2678 5082 2967 5153 universos
3009 5080 3254 5153 Orientis
3301 5080 3609 5153 episcopos,

2031 5152 2195 5223 qnam
2226 5152 2515 5216 Baronius,
2541 5152 2609 5207 ad
2661 5167 2867 5206 annum
2898 5152 3105 5208 Christi
3146 5152 3273 5218 587,
3320 5152 3612 5223 perperam

2027 5224 2243 5294 accepit
2291 5239 2392 5293 pro
2423 5223 2656 5294 epistola
2680 5223 2774 5294 illa
2801 5223 3002 5293 Pelagii
3038 5239 3192 5294 papae
3228 5224 3294 5278 ad
3318 5223 3611 5294 Joannem,

2029 5292 2192 5365 cujus
2218 5292 2501 5365 exemplar
2522 5292 2853 5365 Gregorius
2880 5292 3360 5365 Magnus'misisse
3384 5309 3443 5348 se
3473 5292 3616 5348 dicit

2028 5363 2112 5419 ad‘
2143 5364 2435 5435 Eulogium
2474 5363 2912 5435 Alexandrinum
2952 5363 3294 5434 episcopum.

2105 5436 2215 5505 (21)
2259 5432 2738 5505 Ἔτοςνέϐὃομον
2778 5434 2877 5487 καὶ
2933 5432 3317 5505 τριακοὸντύνν
3355 5432 3453 5505 καί
3521 5432 3619 5497 ἐε-

2036 5504 2427 5560 ακοσιοστόν.
2447 5504 2549 5559 llic
2571 5513 2694 5559 erat
2711 5519 2893 5560 annus
2917 5505 3123 5560 Christi
3142 5504 3266 5560 589.
3296 5504 3438 5561 Anni
3468 5508 3616 5559 enim

1807 5625 2199 5684 VARIORUM.

532 5716 708 5799 Ἔτος
735 5716 1009 5799 ἔϐδοιέρη,
1048 5726 1158 5799 e_t_c.
1191 5718 1466 5799 Evagrius
1488 5718 1684 5799 incipit
1716 5734 1923 5799 annum

354 5787 763 5843 Antiochenum
813 5804 844 5843 a
888 5788 1148 5843 Kalendis
1190 5788 1260 5845 Se
1304 5787 1554 5855 teinbris,
1585 5787 1824 5861 ideoque
1868 5792 1925 5846 in

355 5858 476 5915 eius
530 5860 808 5915 sententia
840 5874 1020 5915 annus
1067 5806 1447 5915 Antiochenus
1502 5861 1605 5915 657
1661 5860 1925 5915 Kalendis

355 5859 476 5929 ejus
530 5860 808 5915 sententia
840 5874 1020 5915 annus
1067 5859 1447 5917 Antiochenus
1502 5861 1605 5917 657
1661 5859 1925 5919 Kalendis

2035 5719 2319 5790 Septemb.
2349 5719 2480 5774 anni
2503 5718 2710 5776 Christi
2734 5716 2838 5790 588
2868 5716 3086 5790 initium
3105 5715 3395 5790 sumpsit;
3422 5721 3478 5769 et
3509 5720 3623 5790 ter-

2035 5784 2311 5873 rae'motus
2347 5790 2429 5873 de_
2460 5806 2589 5873 ηιιοΔ
2616 5789 2866 5873 loquitur
2920 5788 3224 5873 Evagrius,_
3256 5784 3457 5873 ultima

2036 5862 2247 5918 mensis
2270 5857 2531 5919 Octobris
2561 5857 2919 5918 Antiochiam
2949 5857 3249 5917 concussit.
3278 5857 3458 5925 Quare
3488 5869 3621 5928 syn-
