4018 6496
228 386 368 453 Ξὸτ

1154 380 1539 443 HISTORIA!
1575 376 2166 442 ECCLESIASTICM
2202 377 2434 439 LIBER
2468 374 2568 437 VI.

3335 371 3480 438 2858

227 501 368 571 ἥλω,
417 498 512 552 καὶ
561 497 638 561 ὡς
688 495 907 561 εἴκαζον
952 491 1084 547 ἔνιοι
1120 492 1201 562 τῷ
1230 492 1383 563 ἄρτῳ
1429 491 1803 561 τεκμαιρόμε-

1932 500 2118 543 ιιιτιθιιι
2162 486 2439 549 conversi,
2489 497 2595 539 nec
2632 493 2814 539 tamen
2847 480 3087 553 prolapsi
3120 490 3269 538 sunt.
3302 481 3485 538 Multa:

233 609 316 643 νοι
347 589 482 659 (26),
503 588 649 658 ἀμφὶ
673 588 773 650 τὰς
825 585 1089 656 ἑξήκοντα
1118 583 1365 654 χιλιάδας
1408 583 1806 653 παρανάλωσεν

229 683 266 735 ὁ
299 681 459 744 πόνος
484 673 661 744 οὗτος.
690 677 931 742 Σώζεται
950 672 1046 730 οὖν
1077 678 1106 730 ὁ
1161 675 1340 744 ἱερεὺς
1368 673 1669 744 ὑπέρτερον
1700 674 1810 728 πά⁶

234 790 338 843 σης
363 772 602 836 ἐλπίδος,
630 769 727 825 τοῦ
760 769 1108 837 καταγωγίου
1156 766 1474 836 σύμπαντος
1519 765 1808 821 πεπτωκό-

231 879 329 923 τος
360 860 488 915 ἔνθα
517 861 613 915 καὶ
645 859 811 923 αὐτὸς
857 857 1120 928 καθῆστο,
1151 856 1248 909 καὶ
1274 854 1501 925 μηδενὸς
1533 853 1596 908 τὸ
1629 853 1811 925 παρά.-

236 970 350 1007 παν
392 952 747 1015 διασωθέντος
775 952 810 1022 ἢ
840 950 999 1019 μόνον
1024 946 1071 980 ⁸⁸
1098 946 1209 1001 τῶν
1234 947 1375 1017 ἀμφ’
1427 944 1593 1001 αὐτὸν
1639 945 1810 1000 tario-

234 1059 383 1098 τωνο
408 1043 458 1095 οἱ
510 1041 605 1096 καὶ
634 1039 873 1111 φοράδην
897 1038 1213 1109 ἀνελόμενοι
1275 1036 1497 1107 (27)(ίί),
1531 1036 1623 1093 διά
1666 1052 1813 1099 τινος

239 1132 507 1187 καλωδίου
537 1130 868 1201 κατήγαγον,
912 1128 1103 1200 ἑτέρου
1134 1128 1363 1197 σεισμοῦ
1412 1126 1576 1185 τόπον
1628 1125 1813 1197 διορύ-

240 1224 459 1290 ξαντος,
503 1221 597 1276 καὶ
639 1222 750 1274 τῶν
800 1221 1060 1275 κινδύνων
1099 1220 1468 1289 ὑπεξήγαγον.
1492 1219 1602 1275 Καὶ
1624 1218 1814 1288 ἕτερον

237 1315 303 1369 δὲ
334 1317 521 1383 γέγονε
544 1316 610 1385 τῇ
644 1312 796 1366 πόλει
826 1311 1113 1382 σωτήριον,
1139 1310 1237 1365 τοῦ
1264 1309 1650 1383 φιλανθρώπου
1675 1308 1812 1363 Θεοῦ

240 1404 415 1474 φειδοῖ
443 1405 538 1475 τὴν
560 1402 790 1473 ἀπειλὴν
833 1400 1116 1473 θήξαντος,
1157 1401 1338 1473 κλάδῳ
1386 1419 1447 1459 τε
1479 1403 1666 1459 οἴκτου
1720 1402 1815 1454 καὶ

240 1496 395 1551 ἐλέου
420 1496 517 1567 τὴν
542 1492 817 1565 ἁμαρτίαν
847 1492 1305 1563 σωφρονίσαντος.
1354 1493 1546 1555 Οὐδεὶς
1570 1494 1679 1562 γὰρ
1722 1494 1817 1562 ὲμ-

245 1588 502 1659 πρησμὸς
528 1584 737 1653 γέγονε,
767 1582 1035 1655 τοσαύτης
1066 1585 1264 1654 φλογὸς
1296 1587 1398 1656 τὴν
1442 1584 1598 1639 πόλιν
1655 1601 1812 1655 περι-

242 1680 496 1752 εχούσης,
524 1672 588 1730 εκ
621 1693 682 1729 τε
709 1677 816 1730 τῶν
845 1678 1115 1750 ἐσχαριῖΝ,
1146 1678 1366 1735 καὶτῶν
1410 1677 1688 1750 δημοσίων
1720 1676 1815 1730 καὶ

248 1767 529 1825 ἰδιωτικῶν
562 1766 793 1837 λύχνων,
812 1768 1115 1823 ὀπτανείων
1147 1786 1232 1836 τε,
1275 1770 1513 1839 πνιγέων
1535 1785 1597 1821 τε
1624 1767 1692 1821 αὖ
1720 1768 1815 1823 καὶ

1910 595 2132 651 quoque
2152 593 2319 633 sacra:
2345 578 2513 643 ardes,
2531 584 2590 630 et
2612 590 2681 630 ex
2702 573 2942 644 publicis
2964 574 3196 628 lavacris
3224 574 3480 635 alterum,

1910 671 2043 725 illud
2079 671 2295 726 scilicet
2327 667 2475 739 quod
2516 682 2618 737 pro
2640 665 2875 736 singulis
2908 664 3036 719 anni
3069 664 3486 734 tempestatibus

1910 762 2151 818 divisum
2186 770 2326 827 erat,
2356 760 2610 816 eamdem
2638 757 3003 813 calamitatem
3027 771 3271 811 sensere.
3296 756 3486 811 Homi-

1910 868 2043 909 num
2073 867 2207 907 vero
2252 850 2551 907 multitudo
2589 847 3012 904 innumerabilis
3050 862 3119 901 eo
3166 856 3486 903 terrmmotu

1911 960 2175 1017 oppressa
2206 954 2315 1001 est.
2344 946 2523 1015 Atque
2569 952 2634 998 ut
2676 941 2930 998 nonnulli
2971 940 3359 1011 conﬁciebant,
3392 956 3489 994 ar-

1911 1045 2172 1107 gumento
2204 1036 2373 1092 ducto
2399 1053 2466 1091 ex
2498 1050 2715 1091 annona
2739 1033 2980 1105 publica,
3016 1033 3295 1103 sexaginta
3318 1032 3485 1086 circi-

1916 1139 2004 1185 ter
2030 1130 2315 1186 hominum
2357 1130 2528 1185 millia
2568 1144 2632 1185 ea
2665 1127 2819 1184 clade
2843 1127 3145 1198 perierunt.
3182 1125 3487 1196 Episcopus

1913 1240 2048 1279 vero
2075 1232 2275 1294 praeter
2315 1238 2469 1293 spem
2516 1236 2741 1278 omnem
2787 1220 3080 1277 incolumis
3126 1219 3321 1278 evasit.
3360 1234 3487 1274 cum

1915 1317 2262 1373 domicilium
2308 1316 2365 1371 in
2408 1331 2521 1386 quo
2564 1314 2791 1371 sedebat
2835 1314 3158 1376 corruisset,
3210 1326 3315 1368 nec
3344 1312 3488 1366 ullus

1914 1409 2148 1464 omnino
2179 1418 2429 1465 servatus
2458 1407 2652 1463 fuisset
2680 1416 2878 1478 praeter
2908 1421 3007 1463 eos
3034 1406 3130 1476 qui
3152 1405 3295 1461 circa
3336 1404 3489 1459 illum

1914 1501 2153 1557 stabant.
2200 1499 2304 1567 Qui
2331 1500 2554 1570 quidem
2578 1542 2593 1565 ,
2614 1514 2741 1555 cum
2771 1498 2914 1554 alius
2943 1507 3287 1553 terraimotus
3308 1497 3489 1552 locum

1914 1591 2244 1655 subruisset,
2267 1593 2586 1661 episcopum
2613 1590 2865 1647 humeris
2890 1590 3008 1647 suis
3032 1590 3361 1660 bajolantes,
3396 1604 3494 1659 per

1917 1682 2082 1755 560
2108 1682 2297 1738 funem
2328 1682 2693 1746 demiserunt,
2716 1690 2881 1751 atque
2914 1680 2989 1734 ita
3010 1694 3078 1735 ex
3104 1678 3351 1749 periculo
3379 1678 3493 1734 eri-

1916 1783 2174 1846 puerunt.
2192 1771 2352 1827 Aliud
2372 1781 2632 1842 praeterea
2642 1770 2920 1843 quidpiam
2935 1769 3213 1827 civitatem
3232 1767 3491 1829 servavit.

242 1860 564 1931 βαλανείων,
618 1861 712 1914 καὶ
741 1859 946 1932 ἑτέρων
977 1862 1318 1935 ἀναρίθμων.
1365 1861 1710 1933 Ἐλήφθησαν
1761 1861 1817 1914 δὲ

1932 1878 2045 1918 :um
2073 1862 2536 1917 clementissimus
2565 1860 2710 1916 Deus
2734 1860 2914 1914 minas
2946 1873 3075 1915 suas
3101 1857 3329 1912 lenitate
3351 1866 3492 1912 tem-

239 1951 476 2005 καὶτῶν
517 1951 811 2022 ἀξιολόγων
854 1952 1121 2019 πλεῖστοι,
1156 1953 1279 2027 μεθ’
1310 1948 1386 2008 ὦν
1410 1954 1507 2008 καὶ
1541 1952 1817 2026 Ἀστέριος

1932 1962 2193 2025 perasset,
2248 1962 2305 2010 et
2358 1953 2512 2024 virga
2559 1951 2931 2009 miserationis
2986 1965 3051 2006 ac
3104 1948 3497 2005 misericordiae

242 2042 411 2114 ἔργον
459 2042 567 2097 τῶν
613 2044 854 2116 σεισμῶν
885 2044 1098 2115 γέγονε.
1138 2045 1251 2102 Καὶ
1279 2045 1339 2100 τὸ
1374 2032 1476 2118 μὲν
1498 2045 1682 2110 ’πάθος
1716 2047 1815 2117 τῆς

1932 2055 2206 2116 peccatum
2233 2044 2421 2115 populi
2444 2043 2785 2115 castigasset.
2821 2042 3045 2099 Nullum
3068 2042 3217 2098 enim
3242 2050 3495 2097 exortum

243 2135 477 2199 πόλεως,
505 2136 783 2209 χρήμασιν
810 2137 840 2190 ὀ
869 2135 1124 2208 βασιλεὺς
1153 2138 1603 2211 παρεμυθήσατο.

1932 2146 2009 2192 est
2027 2136 2368 2202 incendium,
2404 2138 2657 2207 quamvis
2699 2136 2892 2206 ingens
2938 2134 3083 2205 ignis
3105 2133 3261 2205 copia
3290 2133 3495 2205 passim

246 2236 306 2290 in
344 2235 483 2292 urbe
514 2245 680 2303 esset,
725 2235 923 2308 partim
963 2251 1033 2291 ex
1066 2237 1226 2304 focis,
1262 2236 1461 2308 partim
1488 2252 1557 2291 ex
1590 2231 1828 2305 publicis
1864 2249 1928 2289 ac
1955 2234 2185 2305 privatis
2221 2231 2487 2294 lucernis.
2523 2247 2591 2287 ex
2653 2230 2857 2287 culinis
2898 2230 3028 2285 item
3061 2238 3119 2285 et
3182 2229 3497 2286 fornacibus

243 2341 316 2381 ac
344 2327 575 2393 balneis,
606 2328 840 2398 aliisque
871 2326 1178 2383 innumeris
1245 2327 1402 2384 locis.
1462 2325 1692 2383 Plurimi
1730 2341 1897 2396 porro
1936 2326 2178 2382 illustres
2223 2325 2330 2381 viri
2374 2340 2441 2382 eo
2474 2332 2791 2381 terrmmotu
2845 2323 3089 2394 oppressi
3135 2331 3302 2378 sunt:
3353 2321 3499 2376 inter

244 2434 391 2486 quos
413 2418 706 2474 fuitetiam
732 2418 1004 2475 Asterius.
1036 2417 1105 2475 Et
1131 2418 1274 2474 hanc
1333 2417 1556 2474 cuidem
1614 2416 1771 2473 urbis
1821 2417 2191 2473 calamitatem
2244 2417 2453 2473 solatus
2501 2425 2586 2473 est
2634 2416 2956 2486 imperator,
3000 2412 3365 2486 suppeditatis
3428 2428 3497 2468 ex

248 2510 388 2567 ﬁsco
409 2509 677 2582 pecuniis.

863 2626 1118 2681 ΚΕΦΑΛ.
1148 2624 1227 2680 Θ’.

266 2714 369 2783 Ὦς
414 2718 468 2771 οι
520 2717 810 2787 Βάρόαροι
849 2720 1260 2788 θαρῤήσαντες
1301 2716 1375 2785 τῇ
1407 2717 1515 2773 τοῦ
1563 2717 1830 2785 στρατοῦ

713 2789 973 2855 ασιλέως
1004 2788 1361 2851 ἀποστάσει,
1392 2790 1624 2856 τούτοις
1652 2803 1832 2856 προσ-

331 2789 479 2841 κατὰ
510 2788 616 2842 τοῦ

333 2856 616 2925 ϐαλόντες
642 2856 761 2914 om)
785 2859 1097 2929 Γερμανοῦ
1118 2857 1489 2927 ἡττήθησαν.

333 2966 411 3022 Τὰ
444 2968 498 3023 δὲ
520 2968 615 3022 τοῦ
653 2968 888 3040 στρατοῦ
922 2971 1319 3041 παραπλησίως
1348 2966 1494 3041 εἶχεν
1514 2986 1530 3003 ⁸
1572 2968 1713 3023 ὥστε
1736 2973 1831 3024 καὶ

249 3062 383 3123 τοὺς
406 3061 720 3133 ϐαρδάρους
750 3062 1280 3135 (ί)ὲπιστρατεῦσαι,
1334 3061 1691 3135 πειθομένους
1726 3081 1831 3135 μη-

2555 2622 2708 2679 CAP.
2774 2624 2864 2679 lx.

1927 2738 2197 2813 Quomodo
2222 2738 2467 2813 Barbari
2485 2738 2685 2813 fiducia
2727 2748 2941 2813 sumpta
2968 2756 3034 2795 ea:
3061 2756 3121 2795 eo
3149 2743 3289 2813 quod
3310 2742 3500 2799 milites

1993 2810 2058 2865 ab
2084 2811 2403 2881 imperatore
2432 2811 2761 2879 defecissent,
2803 2811 3010 2868 eosdem
3028 2810 3285 2885 aggressi,
3315 2831 3350 2869 α
3374 2814 3503 2872 Ger-

1996 2896 2156 2936 mano
2179 2889 2420 2953 superatt
2450 2890 2597 2938 sunt.

2005 2995 2297 3053 Exercitus
2324 3012 2460 3051 vero
2487 3011 2711 3067 semper
2738 2997 2796 3053 in
2825 2996 3017 3053 eadem
3048 2997 3359 3054 defectione
3374 3014 3501 3069 per-

1936 3087 2254 3143 severabat:
2291 3088 2429 3143 adeo
2470 3100 2532 3145 ut
2584 3088 2801 3146 barbari
2837 3104 2964 3145 cum
2995 3089 3171 3160 copiis
3208 3089 3266 3144 in
3302 3090 3505 3145 Roma-

249 3156 384 3209 δένα
454 3159 594 3226 σφᾶς
650 3157 920 3211 κωλύσειν
976 3157 1046 3212 τὰ
1098 3159 1401 3233 Βαρϐάρων
1463 3157 1824 3231 πράττοντας.

1937 3194 2133 3235 norum
2162 3180 2303 3236 fines
2323 3181 2714 3252 irrumperent,
2738 3156 3380 3251 persuasum-habentes.
3402 3199 3504 3237 ne-

265 3249 624 3315 ’Υπαντιὰζει
652 3249 709 3304 δὲ
729 3249 938 3315 τούτοις
959 3250 988 3305 ὁ
1004 3252 1284 3323 Γερμανὸς
1303 3249 1414 3323 (ἒὸ)
1439 3252 1535 3306 σὺν
1556 3253 1667 3315 τοῖς
1696 3252 1815 3321 ἀμφ

253 3342 445 3402 αὐτὸν,
495 3342 587 3396 καὶ
634 3343 780 3396 οὕτω
829 3343 1174 3413 κατακράτος
1218 3344 1468 3415 νικήσας,
1506 3343 1831 3414 διέφθειρεν,

255 3430 405 3485 ὥστε
437 3432 570 3503 μηδὲ
596 3433 937 3506 ἀγγελιώτην
956 3435 1370 3507 τῆς’συμφορᾶς
1417 3435 1651 3507 Πέρσαις
1701 3435 1833 3488 ὐπο-

256 3524 564 3595 λειφθῆναι.

899 3725 1148 3779 ΚΕΦΑΛ.
1180 3724 1237 3779 I'.

259 3817 407 3885 Περὶ
435 3816 547 3887 τῆς
580 3817 887 3887 ,βασιλέως
916 3820 1004 3885 είς
1051 3818 1195 3883 τοὺς
1230 3816 1581 3885 ἀποστάτας
1628 3819 1837 3887 φιλανθ

910 3887 1189 3957 θρωπίας.

334 3998 649 4069 Ἀμείϐεται
668 3998 769 4070 μὲν
792 3995 886 4053 οὖν
906 3999 1157 4072 βασιλεὺς
1168 4000 1260 4055 τὸν
1292 4000 1521 4073 στρατὸν
1538 4000 1834 4072 χρήμασιν.

1938 3273 2142 3327 minem
2213 3273 2361 3343 ipsos
2426 3273 2833 3343 prohibiturum
2879 3273 3178 3344 quominus
3221 3274 3509 3330 barbarico

1937 3378 2093 3417 more
2130 3372 2532 3434 grassarentur.
2582 3363 2687 3420 Sed
2747 3363 3053 3423 Germanus
3092 3380 3218 3421 cum
3258 3367 3507 3422 exercitu

1940 3454 2189 3508 Romano
2216 3454 2435 3509 obviam
2466 3453 2576 3510 illis
2605 3454 2906 3524 profectus,
2928 3454 3107 3511 victos
3127 3455 3207 3511 sic
3230 3455 3297 3512 ad
3330 3456 3505 3511 inter-

1943 3544 2232 3599 necionem
2266 3543 2489 3609 cecidit,
2543 3552 2603 3599 ut
2631 3560 2701 3600 ne
2744 3545 2972 3601 nuntius
3009 3547 3232 3616 quidem
3282 3548 3508 3604 relictus

1936 3633 2011 3689 sit
2044 3634 2140 3704 qui
2178 3633 2393 3689 cladem
2424 3634 2607 3691 Persis
2634 3636 3000 3692 renuntiaret.

2594 3746 2745 3801 CAP.
2772 3746 2840 3802 Χ.

2150 3837 2229 3892 De
2276 3839 2607 3909 imperatoris
2654 3839 2709 3892 in
2748 3835 2963 3893 rebelles
3001 3838 3294 3897 clementia.

2006 3996 2311 4067 Imperator
2348 4011 2483 4053 vero
2527 3999 2833 4056 exercitum
2864 4000 3088 4071 quidem
3134 3999 3383 4072 pecuniis
3418 3992 3523 4056 re;

1575 4136 1805 4207 unus
1842 4132 2248 4189 moriones.

340 4208 386 4239 ιε
408 4206 469 4261 c.
506 4205 571 4262 c.
602 4207 635 4277 ἦ
665 4206 863 4278 μόνων.

1440 4298 1709 4356 VALESII
1760 4296 2319 4356 ANNOTATIONES.

259 4395 811 4464 Christophorsonus
850 4409 981 4450 vero
1028 4394 1179 4448 hunc
1218 4393 1400 4448 locum
1438 4394 1509 4447 ita
1543 4394 1833 4463 exposuit.

264 4468 337 4520 Et
361 4477 642 4535 utrumque
665 4466 928 4534 publicum
960 4464 1229 4535 balneum,
1262 4464 1401 4533 quod
1424 4464 1622 4535 duobus
1650 4465 1833 4518 distin-

262 4539 366 4589 ctis
402 4533 725 4606 temperibtu
756 4537 994 4596 inservit.
1036 4534 1221 4606 eadem
1253 4536 1508 4603 oppressit
1537 4533 1839 4606 calamitas.

264 4607 385 4687 Ego
425 4604 556 4687 vero
586 4606 783 4659 horum
817 4606 1116 4687 verborum
1146 4604 1300 4687 hunc
1322 4619 1443 4687 esse
1477 4620 1698 4687 sensum
1726 4605 1843 4659 σκιε-

1938 4402 1995 4469 et
2033 4393 2378 4469 Alexandriae
2430 4410 2647 4469 annona
2689 4410 2762 4469 es
2794 4394 3019 4469 publico
3041 4395 3255 4469 civibus
3305 4412 3505 4469 eroga-

1940 4462 2125 4534 batur,
2151 4465 2223 4518 ita
2247 4481 2465 4534 quoque
2486 4462 3015 4519 Antiochia—factum
3033 4467 3203 4521 fuisse
3226 4462 3502 4525 existimo.

1940 4532 2073 4605 Erat
2102 4532 2581 4589 enim'Antiochia
2630 4550 2737 4590 una
2776 4550 2841 4589 ex
2881 4545 3121 4605 quatuor
3153 4539 3401 4594 maximis
3428 4540 3506 4595 cio

1941 4602 2467 4678 vitalibusimperii
2518 4605 2770 4678 Romani.
2817 4602 3029 4678 Ex'_his
3060 4606 3228 4676 igitur
3271 4611 3508 4678 panibus

265 4673 457 4750 stimo.
495 4676 612 4730 Duo
658 4684 816 4750 erant
863 4673 1179 4750 Aptiochite
1213 4674 1428 4743 publica
1478 4674 1711 4750 lavacra,
1736 4689 1843 4750 pro
1940 4675 2033 4743 qui
2081 4675 2331 4745 quotidie
2373 4678 2589 4746 erogari
2621 4676 2890 4750 solebant,
2916 4673 3223 4731 facile—erat
3249 4673 3507 4750 colligere

263 4746 401 4799 anni
434 4747 855 4815 tempestatibus
894 4744 1093 4815 divisa.
1121 4742 1366 4815 Alterum
1397 4743 1669 4807 :nstivum,
1700 4742 1840 4800 alte-

267 4831 394 4869 rum
424 4813 737 4871 hibernum.
758 4816 834 4870 Ex
856 4816 940 4869 his
974 4813 1186 4885 balneis
1215 4815 1449 4869 alterum
1491 4824 1651 4869 terra:
1681 4824 1834 4868 motu
1865 4817 1911 4873 ι)
1937 4813 2427 4884 Christophorsoni
2477 4818 2633 4885 sequi
2676 4832 2728 4869 m

268 4886 370 4940 illo
396 4886 673 4940 corruisse
702 4887 779 4940 ait
816 4884 1099 4955 Evagrius.

340 4956 454 5026 (26)
499 4958 581 5022 Τῷ
619 4955 775 5023 ἄρτῳ
824 4954 1287 5026 τεκμαιιώμεζποι.
1325 4954 1481 5026 llunc
1529 4954 1709 5026 locum
1760 4954 1834 5007 ita

263 5024 525 5095 exposuit
552 5026 1088 5096 Christophorsonus
1119 5043 1130 5077 :
1157 5024 1222 5077 Et
1250 5034 1305 5076 ut
1338 5025 1552 5093 quidam
1574 5025 1837 5096 conjectu—

268 5094 390 5149 ram
430 5114 496 5150 ea:
545 5114 682 5167 pane
714 5094 803 5167 qui
836 5098 887 5150 in
922 5106 1030 5167 tota
1062 5096 1270 5167 civitate
1304 5096 1538 5167 consumi
1578 5094 1728 5158 solet,
1756 5095 1837 5167 fa-

266 5169 439 5233 ciunt,
476 5164 581 5221 luet:
618 5164 1032 5236 lues'sexaginla
1061 5166 1329 5219 hominum
1367 5165 1535 5219 millia
1567 5166 1833 5236 exstinxit.

264 5237 401 5289 Mihi
446 5247 621 5292 tamen
676 5239 789 5291 haec
819 5236 1202 5305 interpretatio
1245 5252 1353 5289 non
1399 5235 1837 5306 placet.7Neque

262 5307 421 5361 enim
460 5322 522 5361 ea
576 5309 787 5361 ratione
832 5322 1124 5361 numerum
1173 5314 1515 5359 mortuorum
1562 5305 1688 5359 iniri
1739 5322 1838 5374 po-

264 5378 445 5431 tuisse
478 5378 755 5431 existimo.
804 5377 963 5431 Hunc
987 5377 1155 5446 igitur
1199 5377 1380 5446 locum
1412 5377 1487 5429 ita
1525 5376 1706 5429 tnalim
1739 5391 1836 5446 ex—

261 5462 499 5515 ponere.
551 5445 1024 5513 Quemadmodum
1080 5446 1285 5512 Romae,
1342 5445 1838 5515 Constantinopoli,

1941 4760 2233 4800 numerum
2258 4755 2626 4801 mortuorum.
2657 4746 2711 4800 Si
2743 4746 2868 4868 quis
2896 4756 3077 4801 tamen
3105 4746 3505 4817 expositionem

1941 4813 2427 4868 Christonhorsoni
2477 4818 2633 4868 senui
2676 4832 2763 4868 ma
2788 4817 2951 4868 uerit.
3009 4834 3119 4868 non
3179 4835 3505 4868 maannnom

2733 4827 2951 4890 aluerit,
3008 4834 3119 4871 non
3179 4835 3510 4890 magnopere

1940 4886 2279 4953 repugnabo.
2310 4886 2619 4939 Prmsertim
2644 4902 2766 4940 cum
2788 4887 2854 4940 de
2874 4902 3092 4942 annona
3113 4886 3329 4955 publica
3355 4886 3511 4945 u'rhis

1939 4955 2247 5034 Antiochia:
2290 4956 2503 5009 nullum
2553 4965 2732 5011 exstet
2780 4959 2988 5012 veteris
3023 4957 3319 5027 Scriptoris
3354 4964 3512 5015 testi-

1940 5038 2126 5076 monlu
2137 5040 2206 5078 ιιι.

2017 5094 2127 5169 (27)
2149 5165 2161 5169 _
2183 5093 2459 5169 ψορᾴδην
2491 5096 2883 5169 ᾀνελόμενοι.
2906 5097 3251 5169 Nicephorus
3297 5100 3507 5169 aliquot

1942 5164 2117 5239 verba
2149 5165 2778 5239 hioadjecit‘hocmodo
2802 5183 2830 5239 _:
2859 5164 3102 5237 Φοράδην
3126 5164 3221 5222 οὖν
3248 5169 3326 5238 τῷ
3348 5164 3509 5239 eicio-

1944 5233 2068 5308 ποδι
2093 5236 2429 5308 ῥινελόμενοι.
2463 5234 2619 5301 Quod
2668 5236 2853 5308 nescio
2881 5233 3069 5291 utrum
3097 5254 3163 5291 ex
3192 5233 3512 5308 conjectura

1944 5301 2239 5376 addiderit,
2262 5301 2339 5357 an
2372 5304 2426 5358 in
2452 5321 2555 5358 suo
2586 5306 2778 5359 codice
2806 5306 2879 5359 ita
2912 5308 3177 5376 scriptum
3210 5301 3505 5364 invenerit.

2018 5375 2128 5443 ('28)
2164 5376 2225 5427 '0
2256 5376 2581 5441 Γερμανός.
2608 5376 2683 5428 De
2711 5377 2812 5430 hac
2847 5375 3104 5431 Germani
3127 5378 3356 5433 victoria
3383 5381 3514 5433 stri-

1946 5446 2100 5511 ctim,
2125 5455 2183 5499 ut
2203 5445 2362 5511 solet,
2380 5444 2621 5514 loquitur
2634 5445 3073 5517 TheOphylactus
3094 5448 3147 5501 in
3172 5445 3272 5504 lib.
3290 5465 3367 5514 ιιι,
3388 5464 3437 5502 c.
3454 5449 3509 5504 5.

1700 5585 2089 5643 VARIORUM.

337 5682 412 5751 (lt)
455 5683 653 5756 Ol_2_cal
684 5683 970 5756 scaptioni:
995 5683 1367 5756 ἀνελόμενοι.
1406 5686 1719 5756 Legenoum
1777 5685 1836 5737 ὃν

260 5759 363 5805 καὶ
412 5754 653 5824 φοράδην
701 5756 788 5808 ἀν.
812 5785 882 5795 ——
904 5754 991 5809 W.
1025 5754 1238 5824 Lowru.

338 5824 403 5897 (ί)
441 5823 622 5879 Ὥστε
648 5825 747 5879 καὶ
784 5825 926 5891 τοὺς
949 5823 1312 5893 βαρϐάρους.
1346 5826 1471 5881 llzoc
1506 5835 1560 5883 ct
1591 5842 1710 5896 quae
1753 5841 1835 5881 se-

629 5922 902 5984 PATROL.
947 5924 1063 5985 Gn.
1109 5923 1260 5983 LXX
1273 5924 1440 5984 χνι.

1944 5692 2194 5757 quuntur
2236 5684 2305 5757 de
2335 5684 2591 5757 militum,
2638 5699 2806 5752 opera
2857 5684 3128 5757 Gregorii,
3184 5687 3513 5744 reconciliao

1946 5756 2117 5815 tione.
2170 5754 2366 5825 Pagius
2418 5756 2586 5809 refert
2636 5758 2702 5810 ad
2741 5772 2832 5810 an.
2883 5754 3003 5813 589.

3152 5926 3230 5988 90
