  <div class='ocr_page' id='page_1' title='image "/cluster/home/n/w/nwhite01/storage/ocr_20150623/86:2/hvd.32044012719696/560.png"; bbox 0 0 4018 6542; ppageno 0'>
   <div class='ocr_carea' id='block_1_1' title="bbox 286 399 420 466">
    <p class='ocr_par' dir='ltr' id='par_1_1' title="bbox 286 399 420 466">
     <span class='ocr_line' id='line_1_1' title="bbox 286 399 420 466; baseline -0.022 0"><span class='ocrx_word' id='word_1_1' title='bbox 286 399 420 466; x_wconf 78' lang='grc'><strong>2861</strong></span> 
     </span>
    </p>
   </div>
   <div class='ocr_carea' id='block_1_2' title="bbox 874 513 1271 573">
    <p class='ocr_par' dir='ltr' id='par_1_2' title="bbox 874 513 1271 573">
     <span class='ocr_line' id='line_1_2' title="bbox 874 513 1271 573; baseline -0.005 0"><span class='ocrx_word' id='word_1_2' title='bbox 874 519 1127 573; x_wconf 79' lang='grc' dir='ltr'><strong>ΚΕΦΔΛ.</strong></span> <span class='ocrx_word' id='word_1_3' title='bbox 1168 513 1271 571; x_wconf 79' lang='lat' dir='ltr'><strong>IB&#39;.</strong></span> 
     </span>
    </p>
   </div>
   <div class='ocr_carea' id='block_1_3' title="bbox 387 606 1775 681">
    <p class='ocr_par' dir='ltr' id='par_1_3' title="bbox 387 606 1775 681">
     <span class='ocr_line' id='line_1_3' title="bbox 387 606 1775 681; baseline -0.004 -16"><span class='ocrx_word' id='word_1_4' title='bbox 387 610 719 681; x_wconf 77' lang='grc' dir='ltr'>Δημηγορία</span> <span class='ocrx_word' id='word_1_5' title='bbox 756 609 1093 679; x_wconf 66' lang='lat' dir='ltr'><strong>I‘pnroplov</strong></span> <span class='ocrx_word' id='word_1_6' title='bbox 1141 609 1292 679; x_wconf 80' lang='grc' dir='ltr'>πρὸς</span> <span class='ocrx_word' id='word_1_7' title='bbox 1332 608 1439 662; x_wconf 82' lang='grc' dir='ltr'><strong>τὸν</strong></span> <span class='ocrx_word' id='word_1_8' title='bbox 1493 606 1775 675; x_wconf 72' lang='grc' dir='ltr'>στρατόν.</span> 
     </span>
    </p>
   </div>
   <div class='ocr_carea' id='block_1_4' title="bbox 374 714 1876 793">
    <p class='ocr_par' dir='ltr' id='par_1_4' title="bbox 374 714 1876 793">
     <span class='ocr_line' id='line_1_4' title="bbox 374 714 1876 793; baseline -0.007 -16"><span class='ocrx_word' id='word_1_9' title='bbox 374 723 516 791; x_wconf 83' lang='grc' dir='ltr'><strong>Ἐγὼ</strong></span> <span class='ocrx_word' id='word_1_10' title='bbox 557 723 677 793; x_wconf 84' lang='grc' dir='ltr'>μὲν,</span> <span class='ocrx_word' id='word_1_11' title='bbox 710 715 757 775; x_wconf 80' lang='grc' dir='ltr'><strong>ὦ</strong></span> <span class='ocrx_word' id='word_1_12' title='bbox 810 721 1004 793; x_wconf 78' lang='grc' dir='ltr'>ἄνδρες</span> <span class='ocrx_word' id='word_1_13' title='bbox 1053 722 1313 791; x_wconf 79' lang='grc' dir='ltr'>Ῥωμαῖοι</span> <span class='ocrx_word' id='word_1_14' title='bbox 1346 719 1445 789; x_wconf 85' lang='grc' dir='ltr'>τὴν</span> <span class='ocrx_word' id='word_1_15' title='bbox 1504 714 1876 787; x_wconf 80' lang='grc' dir='ltr'><strong>προσηγορίαν</strong></span> 
     </span>
    </p>
   </div>
   <div class='ocr_carea' id='block_1_5' title="bbox 291 806 1875 883">
    <p class='ocr_par' dir='ltr' id='par_1_5' title="bbox 291 806 1875 883">
     <span class='ocr_line' id='line_1_5' title="bbox 291 806 1875 883; baseline -0.007 -15"><span class='ocrx_word' id='word_1_16' title='bbox 291 815 387 868; x_wconf 78' lang='grc' dir='ltr'>καὶ</span> <span class='ocrx_word' id='word_1_17' title='bbox 416 814 484 867; x_wconf 83' lang='grc' dir='ltr'><strong>τά</strong></span> <span class='ocrx_word' id='word_1_18' title='bbox 504 812 830 883; x_wconf 83' lang='grc' dir='ltr'>πράγματα,</span> <span class='ocrx_word' id='word_1_19' title='bbox 864 811 1026 881; x_wconf 76' lang='grc' dir='ltr'>ᾤμην</span> <span class='ocrx_word' id='word_1_20' title='bbox 1056 812 1123 864; x_wconf 84' lang='grc' dir='ltr'>ὲκ</span> <span class='ocrx_word' id='word_1_21' title='bbox 1150 808 1385 863; x_wconf 81' lang='grc' dir='ltr'><strong>παλαιοῦ</strong></span> <span class='ocrx_word' id='word_1_22' title='bbox 1424 808 1524 878; x_wconf 83' lang='grc' dir='ltr'>τὴν</span> <span class='ocrx_word' id='word_1_23' title='bbox 1560 806 1713 877; x_wconf 83' lang='grc' dir='ltr'>ὑμῶν</span> <span class='ocrx_word' id='word_1_24' title='bbox 1740 806 1875 874; x_wconf 83' lang='grc' dir='ltr'>παρ’</span> 
     </span>
    </p>
   </div>
   <div class='ocr_carea' id='block_1_6' title="bbox 288 897 1874 981">
    <p class='ocr_par' dir='ltr' id='par_1_6' title="bbox 288 897 1874 981">
     <span class='ocr_line' id='line_1_6' title="bbox 288 897 1874 981; baseline -0.008 -17"><span class='ocrx_word' id='word_1_25' title='bbox 288 910 440 981; x_wconf 75' lang='grc' dir='ltr'>ἡμᾶς</span> <span class='ocrx_word' id='word_1_26' title='bbox 489 906 675 975; x_wconf 78' lang='grc' dir='ltr'>ἄφιξιν</span> <span class='ocrx_word' id='word_1_27' title='bbox 728 904 971 969; x_wconf 72' lang='grc' dir='ltr'>ἔσεσθαι,</span> <span class='ocrx_word' id='word_1_28' title='bbox 1028 902 1442 973; x_wconf 86' lang='grc' dir='ltr'>κοινωσομένων</span> <span class='ocrx_word' id='word_1_29' title='bbox 1495 900 1566 953; x_wconf 85' lang='grc' dir='ltr'>τὰ</span> <span class='ocrx_word' id='word_1_30' title='bbox 1610 897 1874 970; x_wconf 88' lang='grc' dir='ltr'>παρόντα,</span> 
     </span>
    </p>
   </div>
   <div class='ocr_carea' id='block_1_7' title="bbox 292 991 1877 1073">
    <p class='ocr_par' dir='ltr' id='par_1_7' title="bbox 292 991 1877 1073">
     <span class='ocr_line' id='line_1_7' title="bbox 292 991 1877 1073; baseline -0.008 -18"><span class='ocrx_word' id='word_1_31' title='bbox 292 1002 490 1073; x_wconf 84' lang='grc' dir='ltr'>βουλήν</span> <span class='ocrx_word' id='word_1_32' title='bbox 519 1016 578 1054; x_wconf 87' lang='grc' dir='ltr'><strong>τε</strong></span> <span class='ocrx_word' id='word_1_33' title='bbox 600 997 918 1069; x_wconf 76' lang='grc' dir='ltr'><strong>ληψομένων</strong></span> <span class='ocrx_word' id='word_1_34' title='bbox 945 997 1012 1068; x_wconf 78' lang='grc' dir='ltr'>ἢν</span> <span class='ocrx_word' id='word_1_35' title='bbox 1058 998 1093 1067; x_wconf 81' lang='grc' dir='ltr'><strong>ἠ</strong></span> <span class='ocrx_word' id='word_1_36' title='bbox 1124 995 1260 1067; x_wconf 79' lang='grc' dir='ltr'>πρὸς</span> <span class='ocrx_word' id='word_1_37' title='bbox 1289 994 1435 1063; x_wconf 83' lang='grc' dir='ltr'>ὑμᾶς</span> <span class='ocrx_word' id='word_1_38' title='bbox 1458 992 1504 1024; x_wconf 80' lang='grc'><strong><em>³⁸</em></strong></span> <span class='ocrx_word' id='word_1_39' title='bbox 1533 991 1717 1044; x_wconf 73' lang='grc' dir='ltr'>εὖνοια</span> <span class='ocrx_word' id='word_1_40' title='bbox 1746 1007 1877 1044; x_wconf 84' lang='grc' dir='ltr'>κατ-</span> 
     </span>
    </p>
   </div>
   <div class='ocr_carea' id='block_1_8' title="bbox 292 1082 1875 1161">
    <p class='ocr_par' dir='ltr' id='par_1_8' title="bbox 292 1082 1875 1161">
     <span class='ocr_line' id='line_1_8' title="bbox 292 1082 1875 1161; baseline -0.009 -14"><span class='ocrx_word' id='word_1_41' title='bbox 292 1092 711 1161; x_wconf 88' lang='grc' dir='ltr'>επαγγέλλεται,</span> <span class='ocrx_word' id='word_1_42' title='bbox 754 1093 866 1153; x_wconf 89' lang='grc' dir='ltr'>τοῖς</span> <span class='ocrx_word' id='word_1_43' title='bbox 898 1086 1263 1159; x_wconf 80' lang='grc' dir='ltr'>προλαϐοῦσιν</span> <span class='ocrx_word' id='word_1_44' title='bbox 1290 1086 1390 1139; x_wconf 82' lang='grc' dir='ltr'>οὐκ</span> <span class='ocrx_word' id='word_1_45' title='bbox 1420 1083 1742 1146; x_wconf 79' lang='grc' dir='ltr'><strong>ἐνδοιαστῶς</strong></span> <span class='ocrx_word' id='word_1_46' title='bbox 1784 1082 1875 1153; x_wconf 80' lang='grc' dir='ltr'><strong>βε-</strong></span> 
     </span>
    </p>
   </div>
   <div class='ocr_carea' id='block_1_9' title="bbox 291 1173 1877 1251">
    <p class='ocr_par' dir='ltr' id='par_1_9' title="bbox 291 1173 1877 1251">
     <span class='ocr_line' id='line_1_9' title="bbox 291 1173 1877 1251; baseline -0.008 -12"><span class='ocrx_word' id='word_1_47' title='bbox 291 1185 605 1247; x_wconf 75' lang='grc' dir='ltr'>ϐαιωθεῖσα,</span> <span class='ocrx_word' id='word_1_48' title='bbox 636 1184 723 1236; x_wconf 82' lang='grc' dir='ltr'>ὅτε</span> <span class='ocrx_word' id='word_1_49' title='bbox 756 1181 848 1233; x_wconf 85' lang='grc' dir='ltr'>τὸν</span> <span class='ocrx_word' id='word_1_50' title='bbox 889 1180 1078 1251; x_wconf 84' lang='grc' dir='ltr'>νηῒτην</span> <span class='ocrx_word' id='word_1_51' title='bbox 1117 1178 1271 1247; x_wconf 85' lang='grc' dir='ltr'>ὑμῶν</span> <span class='ocrx_word' id='word_1_52' title='bbox 1306 1176 1493 1230; x_wconf 83' lang='grc' dir='ltr'>κλόνον</span> <span class='ocrx_word' id='word_1_53' title='bbox 1523 1175 1634 1243; x_wconf 74' lang='grc'><strong>(52)</strong></span> <span class='ocrx_word' id='word_1_54' title='bbox 1663 1176 1758 1227; x_wconf 73' lang='grc' dir='ltr'>καὶ</span> <span class='ocrx_word' id='word_1_55' title='bbox 1786 1173 1877 1226; x_wconf 84' lang='grc' dir='ltr'>τὸν</span> 
     </span>
    </p>
   </div>
   <div class='ocr_carea' id='block_1_10' title="bbox 291 1264 1876 1339">
    <p class='ocr_par' dir='ltr' id='par_1_10' title="bbox 291 1264 1876 1339">
     <span class='ocr_line' id='line_1_10' title="bbox 291 1264 1876 1339; baseline -0.008 -9"><span class='ocrx_word' id='word_1_56' title='bbox 291 1275 543 1329; x_wconf 78' lang='grc' dir='ltr'>ἐντεῦθεν</span> <span class='ocrx_word' id='word_1_57' title='bbox 579 1273 758 1336; x_wconf 91' lang='grc' dir='ltr'>σάλον,</span> <span class='ocrx_word' id='word_1_58' title='bbox 808 1273 923 1332; x_wconf 85' lang='grc' dir='ltr'>τοῖς</span> <span class='ocrx_word' id='word_1_59' title='bbox 962 1269 1292 1339; x_wconf 77' lang='grc' dir='ltr'><strong>ἐπιτηδείοις</strong></span> <span class='ocrx_word' id='word_1_60' title='bbox 1350 1266 1691 1337; x_wconf 80' lang='grc' dir='ltr'>ὲδεξιούμην.</span> <span class='ocrx_word' id='word_1_61' title='bbox 1734 1264 1876 1318; x_wconf 79' lang='grc' dir='ltr'>Ἀλλ’</span> 
     </span>
    </p>
   </div>
   <div class='ocr_carea' id='block_1_11' title="bbox 293 1358 1874 1437">
    <p class='ocr_par' dir='ltr' id='par_1_11' title="bbox 293 1358 1874 1437">
     <span class='ocr_line' id='line_1_11' title="bbox 293 1358 1874 1437; baseline -0.008 -14"><span class='ocrx_word' id='word_1_62' title='bbox 293 1370 420 1423; x_wconf 75' lang='grc' dir='ltr'>ἐπεὶ</span> <span class='ocrx_word' id='word_1_63' title='bbox 447 1367 607 1437; x_wconf 87' lang='grc' dir='ltr'>μέχρι</span> <span class='ocrx_word' id='word_1_64' title='bbox 635 1364 786 1417; x_wconf 77' lang='grc' dir='ltr'>τοῦδε</span> <span class='ocrx_word' id='word_1_65' title='bbox 821 1362 1143 1433; x_wconf 79' lang='grc' dir='ltr'>παρῶπται,</span> <span class='ocrx_word' id='word_1_66' title='bbox 1176 1363 1306 1423; x_wconf 72' lang='grc' dir='ltr'>ἴσως</span> <span class='ocrx_word' id='word_1_67' title='bbox 1354 1360 1559 1413; x_wconf 67' lang='grc' dir='ltr'>ἄνωθεν</span> <span class='ocrx_word' id='word_1_68' title='bbox 1598 1360 1702 1413; x_wconf 84' lang='grc' dir='ltr'>οὐκ</span> <span class='ocrx_word' id='word_1_69' title='bbox 1730 1358 1874 1411; x_wconf 80' lang='grc' dir='ltr'>ἐνδο-</span> 
     </span>
    </p>
   </div>
   <div class='ocr_carea' id='block_1_12' title="bbox 295 1451 1878 1528">
    <p class='ocr_par' dir='ltr' id='par_1_12' title="bbox 295 1451 1878 1528">
     <span class='ocr_line' id='line_1_12' title="bbox 295 1451 1878 1528; baseline -0.006 -16"><span class='ocrx_word' id='word_1_70' title='bbox 295 1461 459 1528; x_wconf 81' lang='grc' dir='ltr'>σίμου</span> <span class='ocrx_word' id='word_1_71' title='bbox 514 1457 809 1525; x_wconf 77' lang='grc' dir='ltr'>γενομένου</span> <span class='ocrx_word' id='word_1_72' title='bbox 838 1495 855 1521; x_wconf 93' lang='grc'><strong>,</strong></span> <span class='ocrx_word' id='word_1_73' title='bbox 913 1455 1000 1507; x_wconf 83' lang='grc' dir='ltr'>ἵνα</span> <span class='ocrx_word' id='word_1_74' title='bbox 1048 1454 1254 1524; x_wconf 83' lang='grc' dir='ltr'><strong>Πέρσαι</strong></span> <span class='ocrx_word' id='word_1_75' title='bbox 1311 1456 1410 1524; x_wconf 72' lang='grc' dir='ltr'>μὲν</span> <span class='ocrx_word' id='word_1_76' title='bbox 1446 1452 1545 1522; x_wconf 83' lang='grc' dir='ltr'>τὴν</span> <span class='ocrx_word' id='word_1_77' title='bbox 1592 1451 1878 1520; x_wconf 79' lang='grc' dir='ltr'>Ῥωμαίων</span> 
     </span>
    </p>
   </div>
   <div class='ocr_carea' id='block_1_13' title="bbox 291 1544 1877 1618">
    <p class='ocr_par' dir='ltr' id='par_1_13' title="bbox 291 1544 1877 1618">
     <span class='ocr_line' id='line_1_13' title="bbox 291 1544 1877 1618; baseline -0.006 -13"><span class='ocrx_word' id='word_1_78' title='bbox 291 1553 477 1605; x_wconf 85' lang='grc' dir='ltr'>τέλεον</span> <span class='ocrx_word' id='word_1_79' title='bbox 524 1549 778 1618; x_wconf 79' lang='grc' dir='ltr'>ἀνδρείαν</span> <span class='ocrx_word' id='word_1_80' title='bbox 818 1547 1133 1616; x_wconf 77' lang='grc' dir='ltr'><strong>ἐκμάθοιεν,</strong></span> <span class='ocrx_word' id='word_1_81' title='bbox 1182 1546 1318 1616; x_wconf 76' lang='grc' dir='ltr'>πρὸς</span> <span class='ocrx_word' id='word_1_82' title='bbox 1356 1544 1569 1616; x_wconf 86' lang='grc' dir='ltr'>ἀνδρῶν</span> <span class='ocrx_word' id='word_1_83' title='bbox 1638 1545 1877 1613; x_wconf 87' lang='grc' dir='ltr'>ἀστρατ-</span> 
     </span>
    </p>
   </div>
   <div class='ocr_carea' id='block_1_14' title="bbox 296 1636 1878 1717">
    <p class='ocr_par' dir='ltr' id='par_1_14' title="bbox 296 1636 1878 1717">
     <span class='ocr_line' id='line_1_14' title="bbox 296 1636 1878 1717; baseline -0.004 -23"><span class='ocrx_word' id='word_1_84' title='bbox 296 1646 521 1717; x_wconf 82' lang='grc' dir='ltr'>ηγήτων</span> <span class='ocrx_word' id='word_1_85' title='bbox 559 1640 1057 1712; x_wconf 17' lang='grc' dir='ltr'>ἐκπολεμηθέντες,</span> <span class='ocrx_word' id='word_1_86' title='bbox 1091 1640 1125 1708; x_wconf 78' lang='grc' dir='ltr'><strong>ἡ</strong></span> <span class='ocrx_word' id='word_1_87' title='bbox 1175 1638 1233 1691; x_wconf 87' lang='grc' dir='ltr'><strong>δέ</strong></span> <span class='ocrx_word' id='word_1_88' title='bbox 1284 1653 1348 1707; x_wconf 89' lang='grc' dir='ltr'><strong>γε</strong></span> <span class='ocrx_word' id='word_1_89' title='bbox 1381 1636 1535 1706; x_wconf 83' lang='grc' dir='ltr'>ὑμῶν</span> <span class='ocrx_word' id='word_1_90' title='bbox 1572 1636 1878 1707; x_wconf 83' lang='grc' dir='ltr'>ἀκραιφνὴς</span> 
     </span>
    </p>
   </div>
   <div class='ocr_carea' id='block_1_15' title="bbox 297 1727 1877 1801">
    <p class='ocr_par' dir='ltr' id='par_1_15' title="bbox 297 1727 1877 1801">
     <span class='ocr_line' id='line_1_15' title="bbox 297 1727 1877 1801; baseline -0.006 -12"><span class='ocrx_word' id='word_1_91' title='bbox 297 1738 479 1790; x_wconf 75' lang='grc' dir='ltr'>εὔνοια</span> <span class='ocrx_word' id='word_1_92' title='bbox 528 1734 617 1786; x_wconf 81' lang='grc' dir='ltr'><strong>διὰ</strong></span> <span class='ocrx_word' id='word_1_93' title='bbox 658 1733 875 1787; x_wconf 88' lang='grc' dir='ltr'>πάντων</span> <span class='ocrx_word' id='word_1_94' title='bbox 907 1730 1255 1801; x_wconf 78' lang='grc' dir='ltr'>βεϐαιωθείη,</span> <span class='ocrx_word' id='word_1_95' title='bbox 1302 1728 1380 1799; x_wconf 84' lang='grc' dir='ltr'>τῷ</span> <span class='ocrx_word' id='word_1_96' title='bbox 1434 1728 1614 1799; x_wconf 83' lang='grc' dir='ltr'>καιρῷ</span> <span class='ocrx_word' id='word_1_97' title='bbox 1656 1727 1877 1798; x_wconf 86' lang='grc' dir='ltr'>βασανι-</span> 
     </span>
    </p>
   </div>
   <div class='ocr_carea' id='block_1_16' title="bbox 299 1819 1953 1923">
    <p class='ocr_par' dir='ltr' id='par_1_16' title="bbox 299 1819 1953 1923">
     <span class='ocr_line' id='line_1_16' title="bbox 299 1819 1953 1923; baseline -0.004 -45"><span class='ocrx_word' id='word_1_98' title='bbox 299 1828 489 1879; x_wconf 87' lang='grc' dir='ltr'>σθείσα</span> <span class='ocrx_word' id='word_1_99' title='bbox 516 1826 739 1887; x_wconf 73' lang='grc' dir='ltr'>καὶτοῖς</span> <span class='ocrx_word' id='word_1_100' title='bbox 765 1824 947 1895; x_wconf 74' lang='grc' dir='ltr'>ἔργοις</span> <span class='ocrx_word' id='word_1_101' title='bbox 978 1822 1391 1894; x_wconf 80' lang='grc' dir='ltr'>μαρτυρηθεῖσα</span> <span class='ocrx_word' id='word_1_102' title='bbox 1442 1820 1735 1891; x_wconf 84' lang='grc' dir='ltr'>(δεδείχατε</span> <span class='ocrx_word' id='word_1_103' title='bbox 1769 1819 1878 1888; x_wconf 75' lang='grc' dir='ltr'>γὰρ</span> <span class='ocrx_word' id='word_1_104' title='bbox 1910 1868 1953 1923; x_wconf 75' lang='grc' dir='ltr'>Β</span> 
     </span>
    </p>
   </div>
   <div class='ocr_carea' id='block_1_17' title="bbox 294 1912 1877 1986">
    <p class='ocr_par' dir='ltr' id='par_1_17' title="bbox 294 1912 1877 1986">
     <span class='ocr_line' id='line_1_17' title="bbox 294 1912 1877 1986; baseline -0.004 -16"><span class='ocrx_word' id='word_1_105' title='bbox 294 1918 375 1980; x_wconf 82' lang='grc' dir='ltr'>ὡς</span> <span class='ocrx_word' id='word_1_106' title='bbox 405 1919 452 1970; x_wconf 88' lang='grc' dir='ltr'><strong>εί</strong></span> <span class='ocrx_word' id='word_1_107' title='bbox 479 1917 572 1970; x_wconf 75' lang='grc' dir='ltr'>καὶ</span> <span class='ocrx_word' id='word_1_108' title='bbox 600 1917 734 1986; x_wconf 84' lang='grc' dir='ltr'>πρὸς</span> <span class='ocrx_word' id='word_1_109' title='bbox 776 1916 901 1979; x_wconf 78' lang='grc' dir='ltr'>τοὺς</span> <span class='ocrx_word' id='word_1_110' title='bbox 933 1916 1426 1986; x_wconf 81' lang='grc' dir='ltr'>στρατηγήσαντας</span> <span class='ocrx_word' id='word_1_111' title='bbox 1466 1913 1622 1983; x_wconf 83' lang='grc' dir='ltr'>ὑμῶν</span> <span class='ocrx_word' id='word_1_112' title='bbox 1653 1913 1752 1983; x_wconf 82' lang='grc' dir='ltr'>τὴν</span> <span class='ocrx_word' id='word_1_113' title='bbox 1783 1912 1877 1964; x_wconf 86' lang='grc' dir='ltr'><strong>λύ-</strong></span> 
     </span>
    </p>
   </div>
   <div class='ocr_carea' id='block_1_18' title="bbox 296 2004 1881 2080">
    <p class='ocr_par' dir='ltr' id='par_1_18' title="bbox 296 2004 1881 2080">
     <span class='ocr_line' id='line_1_18' title="bbox 296 2004 1881 2080; baseline -0.004 -18"><span class='ocrx_word' id='word_1_114' title='bbox 296 2029 411 2080; x_wconf 78' lang='grc' dir='ltr'><strong>πην</strong></span> <span class='ocrx_word' id='word_1_115' title='bbox 463 2008 850 2080; x_wconf 81' lang='grc' dir='ltr'>ὲκληρώσασθε</span> <span class='ocrx_word' id='word_1_116' title='bbox 878 2049 894 2075; x_wconf 93' lang='grc'><strong>,</strong></span> <span class='ocrx_word' id='word_1_117' title='bbox 939 2009 1092 2062; x_wconf 78' lang='grc' dir='ltr'>οὐδὲν</span> <span class='ocrx_word' id='word_1_118' title='bbox 1150 2008 1280 2077; x_wconf 85' lang='grc' dir='ltr'>ὑμῖν</span> <span class='ocrx_word' id='word_1_119' title='bbox 1338 2005 1433 2060; x_wconf 82' lang='grc' dir='ltr'>τοῦ</span> <span class='ocrx_word' id='word_1_120' title='bbox 1488 2004 1881 2074; x_wconf 86' lang='grc' dir='ltr'>πολιτεύματος</span> 
     </span>
    </p>
   </div>
   <div class='ocr_carea' id='block_1_19' title="bbox 296 2098 1882 2175">
    <p class='ocr_par' dir='ltr' id='par_1_19' title="bbox 296 2098 1882 2175">
     <span class='ocr_line' id='line_1_19' title="bbox 296 2098 1882 2175; baseline -0.004 -20"><span class='ocrx_word' id='word_1_121' title='bbox 296 2101 803 2175; x_wconf 77' lang='grc' dir='ltr'>προύργιαίτερον)⁶</span> <span class='ocrx_word' id='word_1_122' title='bbox 837 2101 971 2173; x_wconf 83' lang='grc' dir='ltr'>φέρε</span> <span class='ocrx_word' id='word_1_123' title='bbox 1009 2100 1105 2154; x_wconf 81' lang='grc' dir='ltr'><strong>νῦν</strong></span> <span class='ocrx_word' id='word_1_124' title='bbox 1134 2101 1263 2171; x_wconf 74' lang='grc' dir='ltr'>περὶ</span> <span class='ocrx_word' id='word_1_125' title='bbox 1292 2099 1400 2153; x_wconf 88' lang='grc' dir='ltr'><strong>τῶν</strong></span> <span class='ocrx_word' id='word_1_126' title='bbox 1437 2098 1725 2169; x_wconf 81' lang='grc' dir='ltr'>πρακτέων</span> <span class='ocrx_word' id='word_1_127' title='bbox 1755 2114 1882 2150; x_wconf 86' lang='grc' dir='ltr'>σκο-</span> 
     </span>
    </p>
   </div>
   <div class='ocr_carea' id='block_1_20' title="bbox 296 2188 1881 2265">
    <p class='ocr_par' dir='ltr' id='par_1_20' title="bbox 296 2188 1881 2265">
     <span class='ocr_line' id='line_1_20' title="bbox 296 2188 1881 2265; baseline -0.005 -14"><span class='ocrx_word' id='word_1_128' title='bbox 296 2199 586 2265; x_wconf 75' lang='grc' dir='ltr'>πήσωμεν·</span> <span class='ocrx_word' id='word_1_129' title='bbox 616 2194 878 2258; x_wconf 71' lang='grc' dir='ltr'>Βασιλεὺς</span> <span class='ocrx_word' id='word_1_130' title='bbox 908 2194 1053 2263; x_wconf 81' lang='grc' dir='ltr'>ὑμᾶς</span> <span class='ocrx_word' id='word_1_131' title='bbox 1082 2194 1495 2264; x_wconf 84' lang='grc' dir='ltr'>προσκαλεῖται,</span> <span class='ocrx_word' id='word_1_132' title='bbox 1526 2191 1745 2245; x_wconf 87' lang='grc' dir='ltr'>πάντων</span> <span class='ocrx_word' id='word_1_133' title='bbox 1769 2188 1881 2243; x_wconf 86' lang='grc' dir='ltr'><strong>τῶν</strong></span> 
     </span>
    </p>
   </div>
   <div class='ocr_carea' id='block_1_21' title="bbox 296 2282 1883 2357">
    <p class='ocr_par' dir='ltr' id='par_1_21' title="bbox 296 2282 1883 2357">
     <span class='ocr_line' id='line_1_21' title="bbox 296 2282 1883 2357; baseline -0.006 -16"><span class='ocrx_word' id='word_1_134' title='bbox 296 2286 664 2357; x_wconf 80' lang='grc' dir='ltr'>ἡγησαμένων</span> <span class='ocrx_word' id='word_1_135' title='bbox 700 2286 1003 2356; x_wconf 75' lang='grc' dir='ltr'>ἀμνηστίαν</span> <span class='ocrx_word' id='word_1_136' title='bbox 1044 2284 1622 2355; x_wconf 81' lang='grc' dir='ltr'>κατεπαγγελλόμενος</span> <span class='ocrx_word' id='word_1_137' title='bbox 1644 2321 1661 2347; x_wconf 90' lang='grc'><strong>,</strong></span> <span class='ocrx_word' id='word_1_138' title='bbox 1694 2282 1791 2353; x_wconf 76' lang='grc' dir='ltr'>τὴν</span> <span class='ocrx_word' id='word_1_139' title='bbox 1824 2283 1883 2346; x_wconf 82' lang='grc' dir='ltr'>ἐς</span> 
     </span>
    </p>
   </div>
   <div class='ocr_carea' id='block_1_22' title="bbox 295 2374 1882 2448">
    <p class='ocr_par' dir='ltr' id='par_1_22' title="bbox 295 2374 1882 2448">
     <span class='ocr_line' id='line_1_22' title="bbox 295 2374 1882 2448; baseline -0.001 -20"><span class='ocrx_word' id='word_1_140' title='bbox 295 2378 403 2448; x_wconf 79' lang='grc' dir='ltr'>τὴν</span> <span class='ocrx_word' id='word_1_141' title='bbox 430 2376 707 2431; x_wconf 79' lang='grc' dir='ltr'>πολιτείαν</span> <span class='ocrx_word' id='word_1_142' title='bbox 752 2376 909 2447; x_wconf 81' lang='grc' dir='ltr'>ὑμῶν</span> <span class='ocrx_word' id='word_1_143' title='bbox 944 2374 1184 2443; x_wconf 74' lang='grc' dir='ltr'>εὔνοιαν,</span> <span class='ocrx_word' id='word_1_144' title='bbox 1218 2377 1314 2430; x_wconf 72' lang='grc' dir='ltr'>καὶ</span> <span class='ocrx_word' id='word_1_145' title='bbox 1340 2375 1440 2445; x_wconf 84' lang='grc' dir='ltr'><strong>τὴν</strong></span> <span class='ocrx_word' id='word_1_146' title='bbox 1471 2376 1621 2445; x_wconf 88' lang='grc' dir='ltr'><strong>παρά</strong></span> <span class='ocrx_word' id='word_1_147' title='bbox 1656 2374 1746 2428; x_wconf 82' lang='grc' dir='ltr'>τὸν</span> <span class='ocrx_word' id='word_1_148' title='bbox 1781 2374 1882 2427; x_wconf 84' lang='grc' dir='ltr'>πόο</span> 
     </span>
    </p>
   </div>
   <div class='ocr_carea' id='block_1_23' title="bbox 297 2468 1881 2540">
    <p class='ocr_par' dir='ltr' id='par_1_23' title="bbox 297 2468 1881 2540">
     <span class='ocr_line' id='line_1_23' title="bbox 297 2468 1881 2540; baseline -0.001 -18"><span class='ocrx_word' id='word_1_149' title='bbox 297 2470 468 2540; x_wconf 78' lang='grc' dir='ltr'>λεμον</span> <span class='ocrx_word' id='word_1_150' title='bbox 492 2469 745 2539; x_wconf 81' lang='grc' dir='ltr'>ἀνδρείαν</span> <span class='ocrx_word' id='word_1_151' title='bbox 774 2471 831 2534; x_wconf 72' lang='grc' dir='ltr'><strong>ες</strong></span> <span class='ocrx_word' id='word_1_152' title='bbox 868 2469 1156 2540; x_wconf 81' lang='grc' dir='ltr'>ἱκετηρίαν</span> <span class='ocrx_word' id='word_1_153' title='bbox 1192 2471 1285 2523; x_wconf 69' lang='grc' dir='ltr'><strong>κα)⁸</strong></span> <span class='ocrx_word' id='word_1_154' title='bbox 1311 2468 1541 2531; x_wconf 82' lang='grc' dir='ltr'>θαλλοὺς</span> <span class='ocrx_word' id='word_1_155' title='bbox 1569 2468 1881 2537; x_wconf 56' lang='grc' dir='ltr'>δεξάμενος</span> 
     </span>
    </p>
   </div>
   <div class='ocr_carea' id='block_1_24' title="bbox 295 2560 1884 2633">
    <p class='ocr_par' dir='ltr' id='par_1_24' title="bbox 295 2560 1884 2633">
     <span class='ocr_line' id='line_1_24' title="bbox 295 2560 1884 2633; baseline -0.001 -19"><span class='ocrx_word' id='word_1_156' title='bbox 295 2562 476 2617; x_wconf 78' lang='grc' dir='ltr'>ταῦτα</span> <span class='ocrx_word' id='word_1_157' title='bbox 506 2562 628 2624; x_wconf 79' lang='grc' dir='ltr'>δοὺς</span> <span class='ocrx_word' id='word_1_158' title='bbox 651 2561 779 2631; x_wconf 83' lang='grc' dir='ltr'>ὑμῖν</span> <span class='ocrx_word' id='word_1_159' title='bbox 810 2560 911 2631; x_wconf 82' lang='grc' dir='ltr'>τῆς</span> <span class='ocrx_word' id='word_1_160' title='bbox 939 2562 1186 2631; x_wconf 76' lang='grc' dir='ltr'>ἀφέσεως</span> <span class='ocrx_word' id='word_1_161' title='bbox 1206 2561 1437 2633; x_wconf 82' lang='grc' dir='ltr'>ἐνέχυρα</span> <span class='ocrx_word' id='word_1_162' title='bbox 1460 2560 1678 2614; x_wconf 89' lang='grc' dir='ltr'>πάντων</span> <span class='ocrx_word' id='word_1_163' title='bbox 1706 2561 1884 2628; x_wconf 81' lang='grc' dir='ltr'>ἀσφα-</span> 
     </span>
    </p>
   </div>
   <div class='ocr_carea' id='block_1_25' title="bbox 297 2650 1887 2724">
    <p class='ocr_par' dir='ltr' id='par_1_25' title="bbox 297 2650 1887 2724">
     <span class='ocr_line' id='line_1_25' title="bbox 297 2650 1887 2724; baseline -0.003 -18"><span class='ocrx_word' id='word_1_164' title='bbox 297 2654 557 2717; x_wconf 82' lang='grc' dir='ltr'>λέστατα,</span> <span class='ocrx_word' id='word_1_165' title='bbox 586 2653 680 2706; x_wconf 88' lang='grc' dir='ltr'><strong>καί</strong></span> <span class='ocrx_word' id='word_1_166' title='bbox 711 2670 897 2723; x_wconf 85' lang='grc' dir='ltr'>φησιν,</span> <span class='ocrx_word' id='word_1_167' title='bbox 930 2653 1007 2717; x_wconf 85' lang='grc' dir='ltr'>ὼς</span> <span class='ocrx_word' id='word_1_168' title='bbox 1037 2654 1100 2705; x_wconf 76' lang='lat' dir='ltr'><strong>Ei</strong></span> <span class='ocrx_word' id='word_1_169' title='bbox 1122 2654 1151 2707; x_wconf 87' lang='grc' dir='ltr'><strong>ό</strong></span> <span class='ocrx_word' id='word_1_170' title='bbox 1179 2653 1309 2715; x_wconf 79' lang='grc' dir='ltr'>Θεὸς</span> <span class='ocrx_word' id='word_1_171' title='bbox 1330 2656 1396 2724; x_wconf 81' lang='grc' dir='ltr'>τῇ</span> <span class='ocrx_word' id='word_1_172' title='bbox 1426 2652 1608 2721; x_wconf 80' lang='grc' dir='ltr'>εὐνοίᾳ</span> <span class='ocrx_word' id='word_1_173' title='bbox 1640 2651 1701 2705; x_wconf 82' lang='grc' dir='ltr'>τὸ</span> <span class='ocrx_word' id='word_1_174' title='bbox 1726 2650 1887 2705; x_wconf 85' lang='grc' dir='ltr'>πλέον</span> 
     </span>
    </p>
   </div>
   <div class='ocr_carea' id='block_1_26' title="bbox 297 2744 1889 2816">
    <p class='ocr_par' dir='ltr' id='par_1_26' title="bbox 297 2744 1889 2816">
     <span class='ocr_line' id='line_1_26' title="bbox 297 2744 1889 2816; baseline -0.001 -17"><span class='ocrx_word' id='word_1_175' title='bbox 297 2746 525 2809; x_wconf 84' lang='grc' dir='ltr'>δέδωκε,</span> <span class='ocrx_word' id='word_1_176' title='bbox 564 2748 659 2798; x_wconf 78' lang='grc' dir='ltr'>καὶ</span> <span class='ocrx_word' id='word_1_177' title='bbox 690 2746 799 2797; x_wconf 87' lang='grc' dir='ltr'><strong>τῶν</strong></span> <span class='ocrx_word' id='word_1_178' title='bbox 844 2744 1177 2816; x_wconf 79' lang='grc' dir='ltr'>ἁμαρτάδων</span> <span class='ocrx_word' id='word_1_179' title='bbox 1212 2744 1571 2809; x_wconf 83' lang='grc' dir='ltr'>ὲξωσθεισῶν,</span> <span class='ocrx_word' id='word_1_180' title='bbox 1610 2744 1889 2815; x_wconf 76' lang='grc' dir='ltr'>ἡάνδρεία</span> 
     </span>
    </p>
   </div>
   <div class='ocr_carea' id='block_1_27' title="bbox 299 2838 1888 2909">
    <p class='ocr_par' dir='ltr' id='par_1_27' title="bbox 299 2838 1888 2909">
     <span class='ocr_line' id='line_1_27' title="bbox 299 2838 1888 2909; baseline -0.001 -18"><span class='ocrx_word' id='word_1_181' title='bbox 299 2838 551 2906; x_wconf 78' lang='grc' dir='ltr'>ὁιεφάνη,</span> <span class='ocrx_word' id='word_1_182' title='bbox 587 2839 764 2909; x_wconf 83' lang='grc' dir='ltr'>σαφὴς</span> <span class='ocrx_word' id='word_1_183' title='bbox 785 2838 1005 2908; x_wconf 76' lang='grc' dir='ltr'>ἔλεγχος</span> <span class='ocrx_word' id='word_1_184' title='bbox 1034 2839 1136 2909; x_wconf 81' lang='grc' dir='ltr'>τῆς</span> <span class='ocrx_word' id='word_1_185' title='bbox 1166 2839 1567 2909; x_wconf 85' lang='grc' dir='ltr'>συγχωρήσεως</span> <span class='ocrx_word' id='word_1_186' title='bbox 1597 2839 1888 2907; x_wconf 79' lang='grc' dir='ltr'>γενομένη,</span> 
     </span>
    </p>
   </div>
   <div class='ocr_carea' id='block_1_28' title="bbox 304 2928 1891 3002">
    <p class='ocr_par' dir='ltr' id='par_1_28' title="bbox 304 2928 1891 3002">
     <span class='ocr_line' id='line_1_28' title="bbox 304 2928 1891 3002; baseline 0.001 -21"><span class='ocrx_word' id='word_1_187' title='bbox 304 2930 429 2992; x_wconf 78' lang='grc' dir='ltr'><strong>πῶς</strong></span> <span class='ocrx_word' id='word_1_188' title='bbox 473 2930 570 3000; x_wconf 81' lang='grc' dir='ltr'><strong>οὐχ</strong></span> <span class='ocrx_word' id='word_1_189' title='bbox 603 2929 805 3000; x_wconf 72' lang='grc' dir='ltr'>ἕψομαι</span> <span class='ocrx_word' id='word_1_190' title='bbox 842 2932 908 3001; x_wconf 83' lang='grc' dir='ltr'><strong>τῇ</strong></span> <span class='ocrx_word' id='word_1_191' title='bbox 951 2928 1073 3002; x_wconf 78' lang='grc' dir='ltr'>θείᾳ</span> <span class='ocrx_word' id='word_1_192' title='bbox 1104 2930 1324 3000; x_wconf 87' lang='grc' dir='ltr'>κρίσει;</span> <span class='ocrx_word' id='word_1_193' title='bbox 1358 2929 1568 3000; x_wconf 83' lang='grc' dir='ltr'>Καρδία</span> <span class='ocrx_word' id='word_1_194' title='bbox 1622 2928 1891 3000; x_wconf 86' lang='grc' dir='ltr'>βασιλέως</span> 
     </span>
    </p>
   </div>
   <div class='ocr_carea' id='block_1_29' title="bbox 302 3016 1881 3095">
    <p class='ocr_par' dir='ltr' id='par_1_29' title="bbox 302 3016 1881 3095">
     <span class='ocr_line' id='line_1_29' title="bbox 302 3016 1881 3095; baseline 0.002 -20"><span class='ocrx_word' id='word_1_195' title='bbox 302 3025 369 3076; x_wconf 77' lang='grc' dir='ltr'>ἐν</span> <span class='ocrx_word' id='word_1_196' title='bbox 397 3023 537 3093; x_wconf 69' lang='grc' dir='ltr'>χειρὶ</span> <span class='ocrx_word' id='word_1_197' title='bbox 566 3022 722 3091; x_wconf 82' lang='grc' dir='ltr'>Θεοῦ,</span> <span class='ocrx_word' id='word_1_198' title='bbox 768 3023 862 3076; x_wconf 71' lang='grc' dir='ltr'>καὶ</span> <span class='ocrx_word' id='word_1_199' title='bbox 914 3016 975 3077; x_wconf 76' lang='grc' dir='ltr'><strong>οὗ</strong></span> <span class='ocrx_word' id='word_1_200' title='bbox 1024 3022 1089 3075; x_wconf 78' lang='grc' dir='ltr'>ἂν</span> <span class='ocrx_word' id='word_1_201' title='bbox 1118 3023 1247 3093; x_wconf 82' lang='grc' dir='ltr'>θέλῃ</span> <span class='ocrx_word' id='word_1_202' title='bbox 1280 3023 1419 3092; x_wconf 76' lang='grc'><strong>(55),</strong></span> <span class='ocrx_word' id='word_1_203' title='bbox 1456 3023 1629 3076; x_wconf 86' lang='grc' dir='ltr'>κλίνει</span> <span class='ocrx_word' id='word_1_204' title='bbox 1684 3023 1881 3095; x_wconf 76' lang='grc' dir='ltr'>αὐτὴν.</span> 
     </span>
    </p>
   </div>
   <div class='ocr_carea' id='block_1_30' title="bbox 342 3102 1889 3186">
    <p class='ocr_par' dir='ltr' id='par_1_30' title="bbox 342 3102 1889 3186">
     <span class='ocr_line' id='line_1_30' title="bbox 342 3102 1889 3186; baseline 0 -18"><span class='ocrx_word' id='word_1_205' title='bbox 342 3115 610 3178; x_wconf 77' lang='grc' dir='ltr'>Υπείξατέ</span> <span class='ocrx_word' id='word_1_206' title='bbox 658 3132 748 3184; x_wconf 92' lang='grc' dir='ltr'><strong>μοι</strong></span> <span class='ocrx_word' id='word_1_207' title='bbox 782 3113 898 3180; x_wconf 78' lang='grc' dir='ltr'>οὖν,</span> <span class='ocrx_word' id='word_1_208' title='bbox 953 3108 999 3168; x_wconf 82' lang='grc' dir='ltr'><strong>ὧ</strong></span> <span class='ocrx_word' id='word_1_209' title='bbox 1050 3114 1334 3185; x_wconf 84' lang='grc' dir='ltr'>Ῥωμαῖοι,</span> <span class='ocrx_word' id='word_1_210' title='bbox 1371 3102 1623 3184; x_wconf 65' lang='grc' dir='ltr'>τάχιστα·</span> <span class='ocrx_word' id='word_1_211' title='bbox 1659 3115 1757 3169; x_wconf 77' lang='grc' dir='ltr'>καὶ</span> <span class='ocrx_word' id='word_1_212' title='bbox 1814 3114 1889 3186; x_wconf 84' lang='grc' dir='ltr'>μὴ</span> 
     </span>
    </p>
   </div>
   <div class='ocr_carea' id='block_1_31' title="bbox 1246 392 2667 460">
    <p class='ocr_par' dir='ltr' id='par_1_31' title="bbox 1246 392 2667 460">
     <span class='ocr_line' id='line_1_31' title="bbox 1246 392 2667 460; baseline 0 -1"><span class='ocrx_word' id='word_1_213' title='bbox 1246 395 1632 460; x_wconf 69' lang='grc' dir='ltr'><strong>ΗῘΞΤΟΒΙΑΞ</strong></span> <span class='ocrx_word' id='word_1_214' title='bbox 1668 392 2260 458; x_wconf 72' lang='lat' dir='ltr'><strong>ECCLESIASTIC/E</strong></span> <span class='ocrx_word' id='word_1_215' title='bbox 2298 398 2530 459; x_wconf 82' lang='lat' dir='ltr'><strong>LIBER</strong></span> <span class='ocrx_word' id='word_1_216' title='bbox 2566 397 2667 459; x_wconf 84' lang='lat' dir='ltr'><strong>VI.</strong></span> 
     </span>
    </p>
   </div>
   <div class='ocr_carea' id='block_1_32' title="bbox 1894 513 1942 571">
    <p class='ocr_par' dir='ltr' id='par_1_32' title="bbox 1894 513 1942 571">
     <span class='ocr_line' id='line_1_32' title="bbox 1894 513 1942 571; baseline 0 0"><span class='ocrx_word' id='word_1_217' title='bbox 1894 513 1942 571; x_wconf 79' lang='grc' dir='ltr'><strong>Δ</strong></span> 
     </span>
    </p>
   </div>
   <div class='ocr_carea' id='block_1_33' title="bbox 3412 391 3554 457">
    <p class='ocr_par' dir='ltr' id='par_1_33' title="bbox 3412 391 3554 457">
     <span class='ocr_line' id='line_1_33' title="bbox 3412 391 3554 457; baseline 0 -2"><span class='ocrx_word' id='word_1_218' title='bbox 3412 391 3554 457; x_wconf 75' lang='grc'><strong>2862</strong></span> 
     </span>
    </p>
   </div>
   <div class='ocr_carea' id='block_1_34' title="bbox 2606 510 2915 568">
    <p class='ocr_par' dir='ltr' id='par_1_34' title="bbox 2606 510 2915 568">
     <span class='ocr_line' id='line_1_34' title="bbox 2606 510 2915 568; baseline -0.01 0"><span class='ocrx_word' id='word_1_219' title='bbox 2606 511 2760 568; x_wconf 86' lang='lat' dir='ltr'><strong>CAP.</strong></span> <span class='ocrx_word' id='word_1_220' title='bbox 2800 510 2915 566; x_wconf 83' lang='lat' dir='ltr'><strong>XII.</strong></span> 
     </span>
    </p>
   </div>
   <div class='ocr_carea' id='block_1_35' title="bbox 2333 605 3213 677">
    <p class='ocr_par' dir='ltr' id='par_1_35' title="bbox 2333 605 3213 677">
     <span class='ocr_line' id='line_1_35' title="bbox 2333 605 3213 677; baseline -0.006 -15"><span class='ocrx_word' id='word_1_221' title='bbox 2333 606 2571 677; x_wconf 80' lang='lat' dir='ltr'><strong>Gregorii</strong></span> <span class='ocrx_word' id='word_1_222' title='bbox 2596 606 2769 659; x_wconf 79' lang='lat' dir='ltr'><strong>oratio</strong></span> <span class='ocrx_word' id='word_1_223' title='bbox 2806 605 2875 660; x_wconf 88' lang='lat' dir='ltr'><strong>ad</strong></span> <span class='ocrx_word' id='word_1_224' title='bbox 2905 605 3213 659; x_wconf 68' lang='lat' dir='ltr'><strong>exercitum.</strong></span> 
     </span>
    </p>
   </div>
   <div class='ocr_carea' id='block_1_36' title="bbox 2049 714 3555 785">
    <p class='ocr_par' dir='ltr' id='par_1_36' title="bbox 2049 714 3555 785">
     <span class='ocr_line' id='line_1_36' title="bbox 2049 714 3555 785; baseline 0.002 -17"><span class='ocrx_word' id='word_1_225' title='bbox 2049 714 2162 785; x_wconf 85' lang='lat' dir='ltr'><strong>Ego</strong></span> <span class='ocrx_word' id='word_1_226' title='bbox 2195 714 2421 784; x_wconf 89' lang='lat' dir='ltr'><strong>quidem</strong></span> <span class='ocrx_word' id='word_1_227' title='bbox 2466 716 2869 779; x_wconf 78' lang='lat' dir='ltr'><strong>existimabam,</strong></span> <span class='ocrx_word' id='word_1_228' title='bbox 2903 716 3010 770; x_wconf 88' lang='lat' dir='ltr'><strong>viri</strong></span> <span class='ocrx_word' id='word_1_229' title='bbox 3039 725 3098 771; x_wconf 89' lang='lat' dir='ltr'><strong>et</strong></span> <span class='ocrx_word' id='word_1_230' title='bbox 3129 715 3355 771; x_wconf 84' lang='lat' dir='ltr'><strong>nomine</strong></span> <span class='ocrx_word' id='word_1_231' title='bbox 3382 725 3440 770; x_wconf 92' lang='lat' dir='ltr'><strong>et</strong></span> <span class='ocrx_word' id='word_1_232' title='bbox 3465 731 3555 771; x_wconf 89' lang='lat' dir='ltr'><strong>re-</strong></span> 
     </span>
    </p>
   </div>
   <div class='ocr_carea' id='block_1_37' title="bbox 1963 806 3557 878">
    <p class='ocr_par' dir='ltr' id='par_1_37' title="bbox 1963 806 3557 878">
     <span class='ocr_line' id='line_1_37' title="bbox 1963 806 3557 878; baseline 0.001 -18"><span class='ocrx_word' id='word_1_233' title='bbox 1963 806 2083 873; x_wconf 30' lang='lat' dir='ltr'><strong>.bus</strong></span> <span class='ocrx_word' id='word_1_234' title='bbox 2124 807 2261 878; x_wconf 87' lang='lat' dir='ltr'><strong>ipsis</strong></span> <span class='ocrx_word' id='word_1_235' title='bbox 2294 809 2548 873; x_wconf 85' lang='lat' dir='ltr'><strong>Romani,</strong></span> <span class='ocrx_word' id='word_1_236' title='bbox 2585 823 2684 863; x_wconf 88' lang='lat' dir='ltr'><strong>vos</strong></span> <span class='ocrx_word' id='word_1_237' title='bbox 2717 808 3044 878; x_wconf 86' lang='lat' dir='ltr'><strong>jampridem</strong></span> <span class='ocrx_word' id='word_1_238' title='bbox 3077 808 3145 862; x_wconf 92' lang='lat' dir='ltr'><strong>ad</strong></span> <span class='ocrx_word' id='word_1_239' title='bbox 3171 823 3259 863; x_wconf 88' lang='lat' dir='ltr'><strong>me</strong></span> <span class='ocrx_word' id='word_1_240' title='bbox 3292 818 3557 863; x_wconf 76' lang='lat' dir='ltr'><strong>venturos</strong></span> 
     </span>
    </p>
   </div>
   <div class='ocr_carea' id='block_1_38' title="bbox 1976 899 3555 969">
    <p class='ocr_par' dir='ltr' id='par_1_38' title="bbox 1976 899 3555 969">
     <span class='ocr_line' id='line_1_38' title="bbox 1976 899 3555 969; baseline -0.001 -16"><span class='ocrx_word' id='word_1_241' title='bbox 1976 913 2123 963; x_wconf 89' lang='lat' dir='ltr'><strong>esse,</strong></span> <span class='ocrx_word' id='word_1_242' title='bbox 2159 907 2273 953; x_wconf 93' lang='lat' dir='ltr'><strong>tum</strong></span> <span class='ocrx_word' id='word_1_243' title='bbox 2307 900 2376 953; x_wconf 93' lang='lat' dir='ltr'><strong>de</strong></span> <span class='ocrx_word' id='word_1_244' title='bbox 2408 900 2477 954; x_wconf 91' lang='lat' dir='ltr'><strong>iis</strong></span> <span class='ocrx_word' id='word_1_245' title='bbox 2515 914 2639 969; x_wconf 69' lang='lat' dir='ltr'><strong>qua:</strong></span> <span class='ocrx_word' id='word_1_246' title='bbox 2674 899 3010 964; x_wconf 89' lang='lat' dir='ltr'><strong>acciderant,</strong></span> <span class='ocrx_word' id='word_1_247' title='bbox 3040 913 3255 953; x_wconf 90' lang='lat' dir='ltr'><strong>mecum</strong></span> <span class='ocrx_word' id='word_1_248' title='bbox 3301 914 3555 953; x_wconf 80' lang='lat' dir='ltr'><strong>commu-</strong></span> 
     </span>
    </p>
   </div>
   <div class='ocr_carea' id='block_1_39' title="bbox 1977 991 3552 1062">
    <p class='ocr_par' dir='ltr' id='par_1_39' title="bbox 1977 991 3552 1062">
     <span class='ocr_line' id='line_1_39' title="bbox 1977 991 3552 1062; baseline 0.001 -18"><span class='ocrx_word' id='word_1_249' title='bbox 1977 991 2284 1055; x_wconf 89' lang='lat' dir='ltr'><strong>nicaturos,</strong></span> <span class='ocrx_word' id='word_1_250' title='bbox 2322 1001 2436 1045; x_wconf 90' lang='lat' dir='ltr'><strong>tum</strong></span> <span class='ocrx_word' id='word_1_251' title='bbox 2480 992 2751 1062; x_wconf 87' lang='lat' dir='ltr'><strong>ejusmodi</strong></span> <span class='ocrx_word' id='word_1_252' title='bbox 2785 1000 3048 1062; x_wconf 90' lang='lat' dir='ltr'><strong>capturos</strong></span> <span class='ocrx_word' id='word_1_253' title='bbox 3077 992 3370 1047; x_wconf 90' lang='lat' dir='ltr'><strong>consilium</strong></span> <span class='ocrx_word' id='word_1_254' title='bbox 3404 991 3552 1062; x_wconf 83' lang='lat' dir='ltr'><strong>quod</strong></span> 
     </span>
    </p>
   </div>
   <div class='ocr_carea' id='block_1_40' title="bbox 1978 1083 3553 1154">
    <p class='ocr_par' dir='ltr' id='par_1_40' title="bbox 1978 1083 3553 1154">
     <span class='ocr_line' id='line_1_40' title="bbox 1978 1083 3553 1154; baseline 0.003 -19"><span class='ocrx_word' id='word_1_255' title='bbox 1978 1098 2099 1137; x_wconf 90' lang='lat' dir='ltr'><strong>mea</strong></span> <span class='ocrx_word' id='word_1_256' title='bbox 2133 1098 2264 1154; x_wconf 85' lang='lat' dir='ltr'><strong>erga</strong></span> <span class='ocrx_word' id='word_1_257' title='bbox 2292 1099 2390 1138; x_wconf 81' lang='lat' dir='ltr'><strong>vos</strong></span> <span class='ocrx_word' id='word_1_258' title='bbox 2420 1083 2802 1139; x_wconf 89' lang='lat' dir='ltr'><strong>benevolentia</strong></span> <span class='ocrx_word' id='word_1_259' title='bbox 2828 1084 3142 1153; x_wconf 71' lang='lat' dir='ltr'><strong>pollicetur.</strong></span> <span class='ocrx_word' id='word_1_260' title='bbox 3173 1083 3305 1149; x_wconf 67' lang='lat' dir='ltr'><strong>Quae</strong></span> <span class='ocrx_word' id='word_1_261' title='bbox 3328 1084 3553 1153; x_wconf 87' lang='lat' dir='ltr'><strong>quidem</strong></span> 
     </span>
    </p>
   </div>
   <div class='ocr_carea' id='block_1_41' title="bbox 1978 1175 3557 1244">
    <p class='ocr_par' dir='ltr' id='par_1_41' title="bbox 1978 1175 3557 1244">
     <span class='ocr_line' id='line_1_41' title="bbox 1978 1175 3557 1244; baseline 0 -14"><span class='ocrx_word' id='word_1_262' title='bbox 1978 1176 2357 1244; x_wconf 79' lang='lat' dir='ltr'><strong>Superioribus</strong></span> <span class='ocrx_word' id='word_1_263' title='bbox 2387 1175 2581 1231; x_wconf 78' lang='lat' dir='ltr'><strong>officiis</strong></span> <span class='ocrx_word' id='word_1_264' title='bbox 2611 1175 2915 1231; x_wconf 75' lang='lat' dir='ltr'><strong>certissime</strong></span> <span class='ocrx_word' id='word_1_265' title='bbox 2950 1176 3271 1231; x_wconf 85' lang='lat' dir='ltr'><strong>confirmata</strong></span> <span class='ocrx_word' id='word_1_266' title='bbox 3300 1184 3405 1241; x_wconf 87' lang='lat' dir='ltr'><strong>est,</strong></span> <span class='ocrx_word' id='word_1_267' title='bbox 3426 1187 3557 1231; x_wconf 90' lang='lat' dir='ltr'><strong>tunc</strong></span> 
     </span>
    </p>
   </div>
   <div class='ocr_carea' id='block_1_42' title="bbox 1979 1268 3554 1339">
    <p class='ocr_par' dir='ltr' id='par_1_42' title="bbox 1979 1268 3554 1339">
     <span class='ocr_line' id='line_1_42' title="bbox 1979 1268 3554 1339; baseline 0.002 -20"><span class='ocrx_word' id='word_1_268' title='bbox 1979 1282 2104 1320; x_wconf 92' lang='lat' dir='ltr'><strong>cum</strong></span> <span class='ocrx_word' id='word_1_269' title='bbox 2145 1268 2395 1321; x_wconf 87' lang='lat' dir='ltr'><strong>navalem</strong></span> <span class='ocrx_word' id='word_1_270' title='bbox 2438 1278 2685 1323; x_wconf 86' lang='lat' dir='ltr'><strong>vestrum</strong></span> <span class='ocrx_word' id='word_1_271' title='bbox 2730 1270 3050 1333; x_wconf 87' lang='lat' dir='ltr'><strong>tumultum,</strong></span> <span class='ocrx_word' id='word_1_272' title='bbox 3084 1278 3143 1324; x_wconf 89' lang='lat' dir='ltr'><strong>et</strong></span> <span class='ocrx_word' id='word_1_273' title='bbox 3173 1277 3554 1339; x_wconf 84' lang='lat' dir='ltr'><strong>tempestatem</strong></span> 
     </span>
    </p>
   </div>
   <div class='ocr_carea' id='block_1_43' title="bbox 1980 1357 3557 1422">
    <p class='ocr_par' dir='ltr' id='par_1_43' title="bbox 1980 1357 3557 1422">
     <span class='ocr_line' id='line_1_43' title="bbox 1980 1357 3557 1422; baseline 0.003 -11"><span class='ocrx_word' id='word_1_274' title='bbox 1980 1357 2108 1412; x_wconf 89' lang='lat' dir='ltr'><strong>inde</strong></span> <span class='ocrx_word' id='word_1_275' title='bbox 2158 1358 2485 1422; x_wconf 84' lang='lat' dir='ltr'><strong>excitatam,</strong></span> <span class='ocrx_word' id='word_1_276' title='bbox 2528 1360 2712 1414; x_wconf 82' lang='lat' dir='ltr'><strong>missis</strong></span> <span class='ocrx_word' id='word_1_277' title='bbox 2764 1361 3043 1415; x_wconf 88' lang='lat' dir='ltr'><strong>alimentis</strong></span> <span class='ocrx_word' id='word_1_278' title='bbox 3088 1360 3400 1417; x_wconf 84' lang='lat' dir='ltr'><strong>sublevavi.</strong></span> <span class='ocrx_word' id='word_1_279' title='bbox 3448 1360 3557 1416; x_wconf 88' lang='lat' dir='ltr'><strong>Sed</strong></span> 
     </span>
    </p>
   </div>
   <div class='ocr_carea' id='block_1_44' title="bbox 1978 1449 3559 1521">
    <p class='ocr_par' dir='ltr' id='par_1_44' title="bbox 1978 1449 3559 1521">
     <span class='ocr_line' id='line_1_44' title="bbox 1978 1449 3559 1521; baseline 0.004 -19"><span class='ocrx_word' id='word_1_280' title='bbox 1978 1449 2241 1518; x_wconf 91' lang='lat' dir='ltr'><strong>quoniam</strong></span> <span class='ocrx_word' id='word_1_281' title='bbox 2273 1450 2541 1506; x_wconf 83' lang='lat' dir='ltr'><strong>hactenus</strong></span> <span class='ocrx_word' id='word_1_282' title='bbox 2571 1450 2625 1504; x_wconf 92' lang='lat' dir='ltr'><strong>id</strong></span> <span class='ocrx_word' id='word_1_283' title='bbox 2655 1452 2962 1521; x_wconf 87' lang='lat' dir='ltr'><strong>neglectum</strong></span> <span class='ocrx_word' id='word_1_284' title='bbox 2988 1461 3092 1516; x_wconf 90' lang='lat' dir='ltr'><strong>est,</strong></span> <span class='ocrx_word' id='word_1_285' title='bbox 3114 1453 3300 1507; x_wconf 90' lang='lat' dir='ltr'><strong>divina</strong></span> <span class='ocrx_word' id='word_1_286' title='bbox 3324 1452 3559 1508; x_wconf 82' lang='lat' dir='ltr'><strong>fortasse</strong></span> 
     </span>
    </p>
   </div>
   <div class='ocr_carea' id='block_1_45' title="bbox 1979 1540 3559 1611">
    <p class='ocr_par' dir='ltr' id='par_1_45' title="bbox 1979 1540 3559 1611">
     <span class='ocr_line' id='line_1_45' title="bbox 1979 1540 3559 1611; baseline 0.004 -18"><span class='ocrx_word' id='word_1_287' title='bbox 1979 1540 2324 1610; x_wconf 84' lang='lat' dir='ltr'><strong>providentia</strong></span> <span class='ocrx_word' id='word_1_288' title='bbox 2359 1542 2481 1611; x_wconf 89' lang='lat' dir='ltr'><strong>ejus</strong></span> <span class='ocrx_word' id='word_1_289' title='bbox 2516 1542 2596 1595; x_wconf 88' lang='lat' dir='ltr'><strong>rei</strong></span> <span class='ocrx_word' id='word_1_290' title='bbox 2624 1542 2837 1611; x_wconf 89' lang='lat' dir='ltr'><strong>copiam</strong></span> <span class='ocrx_word' id='word_1_291' title='bbox 2868 1542 3093 1597; x_wconf 87' lang='lat' dir='ltr'><strong>minime</strong></span> <span class='ocrx_word' id='word_1_292' title='bbox 3127 1544 3425 1609; x_wconf 88' lang='lat' dir='ltr'><strong>tribuente,</strong></span> <span class='ocrx_word' id='word_1_293' title='bbox 3444 1554 3559 1599; x_wconf 90' lang='lat' dir='ltr'><strong>tum</strong></span> 
     </span>
    </p>
   </div>
   <div class='ocr_carea' id='block_1_46' title="bbox 1980 1632 3560 1705">
    <p class='ocr_par' dir='ltr' id='par_1_46' title="bbox 1980 1632 3560 1705">
     <span class='ocr_line' id='line_1_46' title="bbox 1980 1632 3560 1705; baseline 0.003 -19"><span class='ocrx_word' id='word_1_294' title='bbox 1980 1640 2043 1686; x_wconf 90' lang='lat' dir='ltr'><strong>ut</strong></span> <span class='ocrx_word' id='word_1_295' title='bbox 2064 1632 2241 1687; x_wconf 64' lang='lat' dir='ltr'><strong>Persa)</strong></span> <span class='ocrx_word' id='word_1_296' title='bbox 2266 1648 2298 1687; x_wconf 93' lang='lat' dir='ltr'><strong>a</strong></span> <span class='ocrx_word' id='word_1_297' title='bbox 2337 1632 2473 1687; x_wconf 89' lang='lat' dir='ltr'><strong>viris</strong></span> <span class='ocrx_word' id='word_1_298' title='bbox 2500 1633 2640 1689; x_wconf 90' lang='lat' dir='ltr'><strong>duce</strong></span> <span class='ocrx_word' id='word_1_299' title='bbox 2671 1635 2951 1690; x_wconf 86' lang='lat' dir='ltr'><strong>destitutis</strong></span> <span class='ocrx_word' id='word_1_300' title='bbox 2983 1636 3248 1705; x_wconf 88' lang='lat' dir='ltr'><strong>superati,</strong></span> <span class='ocrx_word' id='word_1_301' title='bbox 3278 1637 3560 1692; x_wconf 83' lang='lat' dir='ltr'><strong>Romano-</strong></span> 
     </span>
    </p>
   </div>
   <div class='ocr_carea' id='block_1_47' title="bbox 1981 1726 3562 1799">
    <p class='ocr_par' dir='ltr' id='par_1_47' title="bbox 1981 1726 3562 1799">
     <span class='ocr_line' id='line_1_47' title="bbox 1981 1726 3562 1799; baseline 0.003 -19"><span class='ocrx_word' id='word_1_302' title='bbox 1981 1742 2103 1780; x_wconf 91' lang='lat' dir='ltr'><strong>rum</strong></span> <span class='ocrx_word' id='word_1_303' title='bbox 2153 1726 2537 1782; x_wconf 83' lang='lat' dir='ltr'><strong>fortitudinem</strong></span> <span class='ocrx_word' id='word_1_304' title='bbox 2592 1728 2813 1797; x_wconf 89' lang='lat' dir='ltr'><strong>penitus</strong></span> <span class='ocrx_word' id='word_1_305' title='bbox 2864 1730 3273 1799; x_wconf 85' lang='lat' dir='ltr'><strong>perspicerent,</strong></span> <span class='ocrx_word' id='word_1_306' title='bbox 3326 1740 3443 1785; x_wconf 85' lang='lat' dir='ltr'><strong>tum</strong></span> <span class='ocrx_word' id='word_1_307' title='bbox 3501 1740 3562 1785; x_wconf 89' lang='lat' dir='ltr'><strong>ut</strong></span> 
     </span>
    </p>
   </div>
   <div class='ocr_carea' id='block_1_48' title="bbox 1980 1819 3563 1895">
    <p class='ocr_par' dir='ltr' id='par_1_48' title="bbox 1980 1819 3563 1895">
     <span class='ocr_line' id='line_1_48' title="bbox 1980 1819 3563 1895; baseline 0.003 -22"><span class='ocrx_word' id='word_1_308' title='bbox 1980 1827 2164 1874; x_wconf 86' lang='lat' dir='ltr'><strong>vestra</strong></span> <span class='ocrx_word' id='word_1_309' title='bbox 2202 1819 2257 1874; x_wconf 89' lang='lat' dir='ltr'><strong>in</strong></span> <span class='ocrx_word' id='word_1_310' title='bbox 2286 1820 2683 1890; x_wconf 88' lang='lat' dir='ltr'><strong>rempublicam</strong></span> <span class='ocrx_word' id='word_1_311' title='bbox 2713 1822 2928 1877; x_wconf 91' lang='lat' dir='ltr'><strong>sincera</strong></span> <span class='ocrx_word' id='word_1_312' title='bbox 2951 1821 3335 1878; x_wconf 88' lang='lat' dir='ltr'><strong>benevolentia</strong></span> <span class='ocrx_word' id='word_1_313' title='bbox 3363 1840 3563 1895; x_wconf 86' lang='lat' dir='ltr'><strong>oppor-</strong></span> 
     </span>
    </p>
   </div>
   <div class='ocr_carea' id='block_1_49' title="bbox 1983 1915 3562 1987">
    <p class='ocr_par' dir='ltr' id='par_1_49' title="bbox 1983 1915 3562 1987">
     <span class='ocr_line' id='line_1_49' title="bbox 1983 1915 3562 1987; baseline 0.004 -22"><span class='ocrx_word' id='word_1_314' title='bbox 1983 1921 2116 1966; x_wconf 83' lang='lat' dir='ltr'><strong>tuno</strong></span> <span class='ocrx_word' id='word_1_315' title='bbox 2155 1920 2400 1982; x_wconf 87' lang='lat' dir='ltr'><strong>tempore</strong></span> <span class='ocrx_word' id='word_1_316' title='bbox 2428 1915 2708 1983; x_wconf 82' lang='lat' dir='ltr'><strong>explorata</strong></span> <span class='ocrx_word' id='word_1_317' title='bbox 2744 1924 2800 1969; x_wconf 89' lang='lat' dir='ltr'><strong>et</strong></span> <span class='ocrx_word' id='word_1_318' title='bbox 2826 1915 2994 1970; x_wconf 91' lang='lat' dir='ltr'><strong>rebus</strong></span> <span class='ocrx_word' id='word_1_319' title='bbox 3029 1916 3163 1986; x_wconf 87' lang='lat' dir='ltr'><strong>ipsis</strong></span> <span class='ocrx_word' id='word_1_320' title='bbox 3185 1917 3562 1987; x_wconf 87' lang='lat' dir='ltr'><strong>comprobata,</strong></span> 
     </span>
    </p>
   </div>
   <div class='ocr_carea' id='block_1_50' title="bbox 1983 2004 3565 2080">
    <p class='ocr_par' dir='ltr' id='par_1_50' title="bbox 1983 2004 3565 2080">
     <span class='ocr_line' id='line_1_50' title="bbox 1983 2004 3565 2080; baseline 0.006 -23"><span class='ocrx_word' id='word_1_321' title='bbox 1983 2004 2241 2060; x_wconf 89' lang='lat' dir='ltr'><strong>omnibus</strong></span> <span class='ocrx_word' id='word_1_322' title='bbox 2278 2004 2458 2061; x_wconf 90' lang='lat' dir='ltr'><strong>modis</strong></span> <span class='ocrx_word' id='word_1_323' title='bbox 2488 2005 2932 2063; x_wconf 85' lang='lat' dir='ltr'><strong>conﬁrmaretur.</strong></span> <span class='ocrx_word' id='word_1_324' title='bbox 2967 2008 3263 2080; x_wconf 87' lang='lat' dir='ltr'><strong>Perspicue</strong></span> <span class='ocrx_word' id='word_1_325' title='bbox 3291 2010 3438 2065; x_wconf 90' lang='lat' dir='ltr'><strong>enim</strong></span> <span class='ocrx_word' id='word_1_326' title='bbox 3470 2011 3565 2066; x_wconf 90' lang='lat' dir='ltr'><strong>de-</strong></span> 
     </span>
    </p>
   </div>
   <div class='ocr_carea' id='block_1_51' title="bbox 1983 2096 3567 2158">
    <p class='ocr_par' dir='ltr' id='par_1_51' title="bbox 1983 2096 3567 2158">
     <span class='ocr_line' id='line_1_51' title="bbox 1983 2096 3567 2158; baseline 0.005 -9"><span class='ocrx_word' id='word_1_327' title='bbox 1983 2096 2223 2152; x_wconf 88' lang='lat' dir='ltr'><strong>claratis.</strong></span> <span class='ocrx_word' id='word_1_328' title='bbox 2253 2096 2385 2151; x_wconf 90' lang='lat' dir='ltr'><strong>licet</strong></span> <span class='ocrx_word' id='word_1_329' title='bbox 2415 2098 2683 2153; x_wconf 88' lang='lat' dir='ltr'><strong>adversus</strong></span> <span class='ocrx_word' id='word_1_330' title='bbox 2711 2098 2882 2155; x_wconf 85' lang='lat' dir='ltr'><strong>duces</strong></span> <span class='ocrx_word' id='word_1_331' title='bbox 2907 2109 3120 2155; x_wconf 89' lang='lat' dir='ltr'><strong>vestros</strong></span> <span class='ocrx_word' id='word_1_332' title='bbox 3139 2116 3335 2156; x_wconf 88' lang='lat' dir='ltr'><strong>causas</strong></span> <span class='ocrx_word' id='word_1_333' title='bbox 3355 2102 3567 2158; x_wconf 80' lang='lat' dir='ltr'><strong>doloris</strong></span> 
     </span>
    </p>
   </div>
   <div class='ocr_carea' id='block_1_52' title="bbox 1983 2189 3570 2263">
    <p class='ocr_par' dir='ltr' id='par_1_52' title="bbox 1983 2189 3570 2263">
     <span class='ocr_line' id='line_1_52' title="bbox 1983 2189 3570 2263; baseline 0.005 -21"><span class='ocrx_word' id='word_1_334' title='bbox 1983 2203 2048 2243; x_wconf 89' lang='lat' dir='ltr'><strong>ac</strong></span> <span class='ocrx_word' id='word_1_335' title='bbox 2078 2189 2374 2244; x_wconf 88' lang='lat' dir='ltr'><strong>simultatis</strong></span> <span class='ocrx_word' id='word_1_336' title='bbox 2402 2189 2677 2255; x_wconf 83' lang='lat' dir='ltr'><strong>habeatis,</strong></span> <span class='ocrx_word' id='word_1_337' title='bbox 2707 2191 2845 2247; x_wconf 88' lang='lat' dir='ltr'><strong>nihil</strong></span> <span class='ocrx_word' id='word_1_338' title='bbox 2878 2201 3058 2249; x_wconf 88' lang='lat' dir='ltr'><strong>tamen</strong></span> <span class='ocrx_word' id='word_1_339' title='bbox 3102 2193 3384 2263; x_wconf 86' lang='lat' dir='ltr'><strong>republica</strong></span> <span class='ocrx_word' id='word_1_340' title='bbox 3425 2196 3570 2251; x_wconf 87' lang='lat' dir='ltr'><strong>anti-</strong></span> 
     </span>
    </p>
   </div>
   <div class='ocr_carea' id='block_1_53' title="bbox 1983 2279 3569 2354">
    <p class='ocr_par' dir='ltr' id='par_1_53' title="bbox 1983 2279 3569 2354">
     <span class='ocr_line' id='line_1_53' title="bbox 1983 2279 3569 2354; baseline 0.004 -22"><span class='ocrx_word' id='word_1_341' title='bbox 1983 2279 2148 2349; x_wconf 86' lang='lat' dir='ltr'><strong>quius</strong></span> <span class='ocrx_word' id='word_1_342' title='bbox 2184 2280 2345 2334; x_wconf 87' lang='lat' dir='ltr'><strong>vobis</strong></span> <span class='ocrx_word' id='word_1_343' title='bbox 2385 2296 2529 2335; x_wconf 87' lang='lat' dir='ltr'><strong>essc.</strong></span> <span class='ocrx_word' id='word_1_344' title='bbox 2578 2281 2737 2335; x_wconf 89' lang='lat' dir='ltr'><strong>Nunc</strong></span> <span class='ocrx_word' id='word_1_345' title='bbox 2788 2282 2955 2351; x_wconf 81' lang='lat' dir='ltr'><strong>igitur</strong></span> <span class='ocrx_word' id='word_1_346' title='bbox 3001 2283 3135 2352; x_wconf 93' lang='lat' dir='ltr'><strong>quid</strong></span> <span class='ocrx_word' id='word_1_347' title='bbox 3179 2285 3452 2354; x_wconf 82' lang='lat' dir='ltr'><strong>agendum</strong></span> <span class='ocrx_word' id='word_1_348' title='bbox 3495 2285 3569 2339; x_wconf 88' lang='lat' dir='ltr'><strong>sit</strong></span> 
     </span>
    </p>
   </div>
   <div class='ocr_carea' id='block_1_54' title="bbox 1985 2371 3570 2447">
    <p class='ocr_par' dir='ltr' id='par_1_54' title="bbox 1985 2371 3570 2447">
     <span class='ocr_line' id='line_1_54' title="bbox 1985 2371 3570 2447; baseline 0.004 -20"><span class='ocrx_word' id='word_1_349' title='bbox 1985 2371 2419 2427; x_wconf 89' lang='lat' dir='ltr'><strong>consideremus.</strong></span> <span class='ocrx_word' id='word_1_350' title='bbox 2449 2373 2650 2428; x_wconf 88' lang='lat' dir='ltr'><strong>Invitat</strong></span> <span class='ocrx_word' id='word_1_351' title='bbox 2672 2390 2772 2429; x_wconf 92' lang='lat' dir='ltr'><strong>nos</strong></span> <span class='ocrx_word' id='word_1_352' title='bbox 2799 2374 3119 2445; x_wconf 84' lang='lat' dir='ltr'><strong>imperator,</strong></span> <span class='ocrx_word' id='word_1_353' title='bbox 3150 2377 3397 2431; x_wconf 91' lang='lat' dir='ltr'><strong>omnium</strong></span> <span class='ocrx_word' id='word_1_354' title='bbox 3431 2392 3570 2447; x_wconf 60' lang='lat' dir='ltr'><strong>prato</strong></span> 
     </span>
    </p>
   </div>
   <div class='ocr_carea' id='block_1_55' title="bbox 1989 2466 3569 2537">
    <p class='ocr_par' dir='ltr' id='par_1_55' title="bbox 1989 2466 3569 2537">
     <span class='ocr_line' id='line_1_55' title="bbox 1989 2466 3569 2537; baseline 0.001 -16"><span class='ocrx_word' id='word_1_355' title='bbox 1989 2466 2280 2521; x_wconf 88' lang='lat' dir='ltr'><strong>teritorum</strong></span> <span class='ocrx_word' id='word_1_356' title='bbox 2309 2467 2647 2522; x_wconf 85' lang='lat' dir='ltr'><strong>oblivionem</strong></span> <span class='ocrx_word' id='word_1_357' title='bbox 2670 2467 3002 2537; x_wconf 87' lang='lat' dir='ltr'><strong>promittens</strong></span> <span class='ocrx_word' id='word_1_358' title='bbox 3026 2485 3041 2522; x_wconf 88' lang='lat'><strong>:</strong></span> <span class='ocrx_word' id='word_1_359' title='bbox 3073 2480 3315 2523; x_wconf 89' lang='lat' dir='ltr'><strong>vestram</strong></span> <span class='ocrx_word' id='word_1_360' title='bbox 3344 2469 3398 2523; x_wconf 91' lang='lat' dir='ltr'><strong>in</strong></span> <span class='ocrx_word' id='word_1_361' title='bbox 3426 2484 3569 2525; x_wconf 74' lang='lat' dir='ltr'><strong>rem-</strong></span> 
     </span>
    </p>
   </div>
   <div class='ocr_carea' id='block_1_56' title="bbox 1988 2559 3567 2637">
    <p class='ocr_par' dir='ltr' id='par_1_56' title="bbox 1988 2559 3567 2637">
     <span class='ocr_line' id='line_1_56' title="bbox 1988 2559 3567 2637; baseline 0.002 -24"><span class='ocrx_word' id='word_1_362' title='bbox 1988 2559 2266 2629; x_wconf 88' lang='lat' dir='ltr'><strong>publicam</strong></span> <span class='ocrx_word' id='word_1_363' title='bbox 2289 2560 2757 2623; x_wconf 86' lang='lat' dir='ltr'><strong>benevolentiam,</strong></span> <span class='ocrx_word' id='word_1_364' title='bbox 2788 2569 2846 2615; x_wconf 90' lang='lat' dir='ltr'><strong>et</strong></span> <span class='ocrx_word' id='word_1_365' title='bbox 2873 2560 2926 2614; x_wconf 93' lang='lat' dir='ltr'><strong>in</strong></span> <span class='ocrx_word' id='word_1_366' title='bbox 2951 2560 3141 2629; x_wconf 55' lang='lat' dir='ltr'><strong>praelia</strong></span> <span class='ocrx_word' id='word_1_367' title='bbox 3160 2560 3567 2637; x_wconf 81' lang='lat' dir='ltr'><strong>fortitudinem,</strong></span> 
     </span>
    </p>
   </div>
   <div class='ocr_carea' id='block_1_57' title="bbox 1992 2654 3569 2724">
    <p class='ocr_par' dir='ltr' id='par_1_57' title="bbox 1992 2654 3569 2724">
     <span class='ocr_line' id='line_1_57' title="bbox 1992 2654 3569 2724; baseline 0.001 -18"><span class='ocrx_word' id='word_1_368' title='bbox 1992 2662 2250 2722; x_wconf 87' lang='lat' dir='ltr'><strong>tanquam</strong></span> <span class='ocrx_word' id='word_1_369' title='bbox 2283 2669 2465 2708; x_wconf 89' lang='lat' dir='ltr'><strong>ramos</strong></span> <span class='ocrx_word' id='word_1_370' title='bbox 2497 2668 2561 2707; x_wconf 90' lang='lat' dir='ltr'><strong>ac</strong></span> <span class='ocrx_word' id='word_1_371' title='bbox 2594 2654 2867 2707; x_wconf 86' lang='lat' dir='ltr'><strong>verbenas</strong></span> <span class='ocrx_word' id='word_1_372' title='bbox 2890 2654 3199 2723; x_wconf 90' lang='lat' dir='ltr'><strong>supplicum</strong></span> <span class='ocrx_word' id='word_1_373' title='bbox 3227 2654 3569 2724; x_wconf 90' lang='lat' dir='ltr'><strong>suspiciens:</strong></span> 
     </span>
    </p>
   </div>
   <div class='ocr_carea' id='block_1_58' title="bbox 1990 2744 3571 2815">
    <p class='ocr_par' dir='ltr' id='par_1_58' title="bbox 1990 2744 3571 2815">
     <span class='ocr_line' id='line_1_58' title="bbox 1990 2744 3571 2815; baseline 0.001 -17"><span class='ocrx_word' id='word_1_374' title='bbox 1990 2752 2048 2798; x_wconf 89' lang='lat' dir='ltr'><strong>et</strong></span> <span class='ocrx_word' id='word_1_375' title='bbox 2094 2744 2450 2815; x_wconf 64' lang='lat' dir='ltr'><strong>indulgentia:</strong></span> <span class='ocrx_word' id='word_1_376' title='bbox 2486 2744 2649 2815; x_wconf 67' lang='grc'><strong>462</strong></span> <span class='ocrx_word' id='word_1_377' title='bbox 2680 2760 2792 2799; x_wconf 63' lang='lat' dir='ltr'><strong>sua:</strong></span> <span class='ocrx_word' id='word_1_378' title='bbox 2823 2744 3053 2815; x_wconf 82' lang='lat' dir='ltr'><strong>pignora</strong></span> <span class='ocrx_word' id='word_1_379' title='bbox 3095 2746 3342 2800; x_wconf 90' lang='lat' dir='ltr'><strong>omnium</strong></span> <span class='ocrx_word' id='word_1_380' title='bbox 3374 2746 3571 2801; x_wconf 87' lang='lat' dir='ltr'><strong>certis-</strong></span> 
     </span>
    </p>
   </div>
   <div class='ocr_carea' id='block_1_59' title="bbox 1994 2835 3574 2899">
    <p class='ocr_par' dir='ltr' id='par_1_59' title="bbox 1994 2835 3574 2899">
     <span class='ocr_line' id='line_1_59' title="bbox 1994 2835 3574 2899; baseline 0.003 -10"><span class='ocrx_word' id='word_1_381' title='bbox 1994 2835 2130 2889; x_wconf 86' lang='lat' dir='ltr'><strong>sima</strong></span> <span class='ocrx_word' id='word_1_382' title='bbox 2163 2835 2321 2890; x_wconf 88' lang='lat' dir='ltr'><strong>vobis</strong></span> <span class='ocrx_word' id='word_1_383' title='bbox 2351 2836 2585 2899; x_wconf 89' lang='lat' dir='ltr'><strong>donans,</strong></span> <span class='ocrx_word' id='word_1_384' title='bbox 2634 2851 2761 2890; x_wconf 82' lang='lat' dir='ltr'><strong>Clllll</strong></span> <span class='ocrx_word' id='word_1_385' title='bbox 2798 2838 2870 2891; x_wconf 83' lang='lat' dir='ltr'><strong>ita</strong></span> <span class='ocrx_word' id='word_1_386' title='bbox 2904 2837 3042 2892; x_wconf 83' lang='lat' dir='ltr'><strong>dicit</strong></span> <span class='ocrx_word' id='word_1_387' title='bbox 3070 2856 3083 2891; x_wconf 88' lang='lat'><strong>:</strong></span> <span class='ocrx_word' id='word_1_388' title='bbox 3117 2839 3164 2893; x_wconf 91' lang='lat' dir='ltr'><strong>si</strong></span> <span class='ocrx_word' id='word_1_389' title='bbox 3200 2840 3346 2894; x_wconf 90' lang='lat' dir='ltr'><strong>Deus</strong></span> <span class='ocrx_word' id='word_1_390' title='bbox 3374 2848 3574 2894; x_wconf 68' lang='lat' dir='ltr'><strong>vestra:</strong></span> 
     </span>
    </p>
   </div>
   <div class='ocr_carea' id='block_1_60' title="bbox 1994 2926 3574 2993">
    <p class='ocr_par' dir='ltr' id='par_1_60' title="bbox 1994 2926 3574 2993">
     <span class='ocr_line' id='line_1_60' title="bbox 1994 2926 3574 2993; baseline 0.003 -14"><span class='ocrx_word' id='word_1_391' title='bbox 1994 2926 2050 2979; x_wconf 93' lang='lat' dir='ltr'><strong>in</strong></span> <span class='ocrx_word' id='word_1_392' title='bbox 2078 2926 2476 2993; x_wconf 90' lang='lat' dir='ltr'><strong>rempublicam</strong></span> <span class='ocrx_word' id='word_1_393' title='bbox 2510 2927 2912 2984; x_wconf 64' lang='lat' dir='ltr'><strong>benevolentia:</strong></span> <span class='ocrx_word' id='word_1_394' title='bbox 2946 2929 3233 2983; x_wconf 87' lang='lat' dir='ltr'><strong>victoriam</strong></span> <span class='ocrx_word' id='word_1_395' title='bbox 3275 2931 3574 2992; x_wconf 88' lang='lat' dir='ltr'><strong>concessit,</strong></span> 
     </span>
    </p>
   </div>
   <div class='ocr_carea' id='block_1_61' title="bbox 1993 3018 3576 3093">
    <p class='ocr_par' dir='ltr' id='par_1_61' title="bbox 1993 3018 3576 3093">
     <span class='ocr_line' id='line_1_61' title="bbox 1993 3018 3576 3093; baseline 0.004 -19"><span class='ocrx_word' id='word_1_396' title='bbox 1993 3026 2050 3074; x_wconf 90' lang='lat' dir='ltr'><strong>et</strong></span> <span class='ocrx_word' id='word_1_397' title='bbox 2077 3018 2324 3089; x_wconf 89' lang='lat' dir='ltr'><strong>depulsis</strong></span> <span class='ocrx_word' id='word_1_398' title='bbox 2364 3020 2625 3090; x_wconf 89' lang='lat' dir='ltr'><strong>peccatis,</strong></span> <span class='ocrx_word' id='word_1_399' title='bbox 2663 3019 2930 3075; x_wconf 83' lang='lat' dir='ltr'><strong>fortitudo</strong></span> <span class='ocrx_word' id='word_1_400' title='bbox 2962 3031 3141 3076; x_wconf 89' lang='lat' dir='ltr'><strong>vestra</strong></span> <span class='ocrx_word' id='word_1_401' title='bbox 3190 3024 3383 3086; x_wconf 77' lang='lat' dir='ltr'><strong>eluxit,</strong></span> <span class='ocrx_word' id='word_1_402' title='bbox 3427 3025 3576 3093; x_wconf 85' lang='lat' dir='ltr'><strong>quod</strong></span> 
     </span>
    </p>
   </div>
   <div class='ocr_carea' id='block_1_62' title="bbox 1995 3112 3576 3187">
    <p class='ocr_par' dir='ltr' id='par_1_62' title="bbox 1995 3112 3576 3187">
     <span class='ocr_line' id='line_1_62' title="bbox 1995 3112 3576 3187; baseline 0.002 -21"><span class='ocrx_word' id='word_1_403' title='bbox 1995 3112 2365 3166; x_wconf 89' lang='lat' dir='ltr'><strong>certissimum</strong></span> <span class='ocrx_word' id='word_1_404' title='bbox 2398 3124 2482 3167; x_wconf 89' lang='lat' dir='ltr'><strong>est</strong></span> <span class='ocrx_word' id='word_1_405' title='bbox 2510 3124 2896 3183; x_wconf 79' lang='lat' dir='ltr'><strong>argumentum</strong></span> <span class='ocrx_word' id='word_1_406' title='bbox 2929 3114 3157 3172; x_wconf 72' lang='lat' dir='ltr'><strong>indultae</strong></span> <span class='ocrx_word' id='word_1_407' title='bbox 3186 3115 3395 3170; x_wconf 69' lang='lat' dir='ltr'><strong>venite:</strong></span> <span class='ocrx_word' id='word_1_408' title='bbox 3433 3133 3576 3187; x_wconf 84' lang='lat' dir='ltr'><strong>quo-</strong></span> 
     </span>
    </p>
   </div>
   <div class='ocr_carea' id='block_1_63' title="bbox 305 3204 1886 3282">
    <p class='ocr_par' dir='ltr' id='par_1_63' title="bbox 305 3206 1885 3279">
     <span class='ocr_line' id='line_1_63' title="bbox 305 3206 1885 3279; baseline 0 -19"><span class='ocrx_word' id='word_1_409' title='bbox 305 3206 742 3276; x_wconf 85' lang='grc' dir='ltr'>καταπροδῶμεν</span> <span class='ocrx_word' id='word_1_410' title='bbox 769 3207 861 3259; x_wconf 87' lang='grc' dir='ltr'>τὸν</span> <span class='ocrx_word' id='word_1_411' title='bbox 892 3208 1135 3278; x_wconf 86' lang='grc' dir='ltr'>παρόντα</span> <span class='ocrx_word' id='word_1_412' title='bbox 1164 3207 1377 3278; x_wconf 83' lang='grc' dir='ltr'>καιρὸν,</span> <span class='ocrx_word' id='word_1_413' title='bbox 1412 3208 1545 3278; x_wconf 84' lang='grc' dir='ltr'>μηδὲ</span> <span class='ocrx_word' id='word_1_414' title='bbox 1570 3207 1885 3279; x_wconf 83' lang='grc' dir='ltr'>παρολισθί-</span> 
     </span>
    </p>
   </div>
   <div class='ocr_carea' id='block_1_64' title="bbox 1987 3204 3578 3282">
    <p class='ocr_par' dir='ltr' id='par_1_64' title="bbox 1996 3204 3578 3279">
     <span class='ocr_line' id='line_1_64' title="bbox 1996 3204 3578 3279; baseline 0.003 -20"><span class='ocrx_word' id='word_1_415' title='bbox 1996 3205 2161 3259; x_wconf 89' lang='lat' dir='ltr'><strong>modo</strong></span> <span class='ocrx_word' id='word_1_416' title='bbox 2189 3205 2302 3274; x_wconf 85' lang='lat' dir='ltr'><strong>ipse</strong></span> <span class='ocrx_word' id='word_1_417' title='bbox 2331 3204 2426 3259; x_wconf 89' lang='lat' dir='ltr'><strong>Dei</strong></span> <span class='ocrx_word' id='word_1_418' title='bbox 2457 3205 2837 3276; x_wconf 60' lang='lat' dir='ltr'><strong>prae-judicium</strong></span> <span class='ocrx_word' id='word_1_419' title='bbox 2866 3222 2978 3261; x_wconf 89' lang='lat' dir='ltr'><strong>non</strong></span> <span class='ocrx_word' id='word_1_420' title='bbox 3017 3209 3265 3277; x_wconf 84' lang='lat' dir='ltr'><strong>sequar?</strong></span> <span class='ocrx_word' id='word_1_421' title='bbox 3291 3207 3400 3263; x_wconf 84' lang='lat' dir='ltr'><strong>Cor</strong></span> <span class='ocrx_word' id='word_1_422' title='bbox 3431 3211 3578 3279; x_wconf 81' lang='lat' dir='ltr'><strong>regis</strong></span> 
     </span>
    </p>
   </div>
   <div class='ocr_carea' id='block_1_65' title="bbox 308 3296 1886 3371">
    <p class='ocr_par' dir='ltr' id='par_1_65' title="bbox 308 3296 1886 3370">
     <span class='ocr_line' id='line_1_65' title="bbox 308 3296 1886 3370; baseline -0.001 -18"><span class='ocrx_word' id='word_1_423' title='bbox 308 3316 397 3353; x_wconf 84' lang='grc' dir='ltr'><strong>σοι</strong></span> <span class='ocrx_word' id='word_1_424' title='bbox 426 3298 739 3368; x_wconf 84' lang='grc' dir='ltr'>διαμάρτων</span> <span class='ocrx_word' id='word_1_425' title='bbox 761 3297 828 3352; x_wconf 84' lang='grc'><strong>³⁷.</strong></span> <span class='ocrx_word' id='word_1_426' title='bbox 848 3299 1013 3352; x_wconf 84' lang='grc' dir='ltr'>Μισεῖ</span> <span class='ocrx_word' id='word_1_427' title='bbox 1039 3298 1145 3369; x_wconf 84' lang='grc' dir='ltr'>γὰρ</span> <span class='ocrx_word' id='word_1_428' title='bbox 1175 3296 1493 3370; x_wconf 85' lang='grc' dir='ltr'>κρατεῖσθαι</span> <span class='ocrx_word' id='word_1_429' title='bbox 1523 3297 1836 3369; x_wconf 86' lang='grc' dir='ltr'>διαδραμὼν</span> <span class='ocrx_word' id='word_1_430' title='bbox 1869 3339 1886 3367; x_wconf 90' lang='grc'><strong>,</strong></span> 
     </span>
    </p>
   </div>
   <div class='ocr_carea' id='block_1_66' title="bbox 1987 3296 3578 3371">
    <p class='ocr_par' dir='ltr' id='par_1_66' title="bbox 1993 3298 3578 3371">
     <span class='ocr_line' id='line_1_66' title="bbox 1993 3298 3578 3371; baseline 0.003 -19"><span class='ocrx_word' id='word_1_431' title='bbox 1993 3298 2051 3353; x_wconf 92' lang='lat' dir='ltr'><strong>in</strong></span> <span class='ocrx_word' id='word_1_432' title='bbox 2093 3312 2258 3352; x_wconf 91' lang='lat' dir='ltr'><strong>manu</strong></span> <span class='ocrx_word' id='word_1_433' title='bbox 2304 3298 2401 3353; x_wconf 90' lang='lat' dir='ltr'><strong>Dei</strong></span> <span class='ocrx_word' id='word_1_434' title='bbox 2450 3308 2557 3362; x_wconf 88' lang='lat' dir='ltr'><strong>est,</strong></span> <span class='ocrx_word' id='word_1_435' title='bbox 2608 3306 2665 3353; x_wconf 90' lang='lat' dir='ltr'><strong>et</strong></span> <span class='ocrx_word' id='word_1_436' title='bbox 2715 3314 3049 3370; x_wconf 89' lang='lat' dir='ltr'><strong>quocunque</strong></span> <span class='ocrx_word' id='word_1_437' title='bbox 3115 3301 3354 3356; x_wconf 88' lang='lat' dir='ltr'><strong>voluerit</strong></span> <span class='ocrx_word' id='word_1_438' title='bbox 3400 3301 3578 3371; x_wconf 89' lang='lat' dir='ltr'><strong>Deus,</strong></span> 
     </span>
    </p>
   </div>
   <div class='ocr_carea' id='block_1_67' title="bbox 308 3388 1886 3465">
    <p class='ocr_par' dir='ltr' id='par_1_67' title="bbox 308 3388 1886 3461">
     <span class='ocr_line' id='line_1_67' title="bbox 308 3388 1886 3461; baseline -0.002 -17"><span class='ocrx_word' id='word_1_439' title='bbox 308 3391 409 3446; x_wconf 79' lang='grc' dir='ltr'><strong>καὶ</strong></span> <span class='ocrx_word' id='word_1_440' title='bbox 463 3389 652 3461; x_wconf 81' lang='grc' dir='ltr'>ὥσπερ</span> <span class='ocrx_word' id='word_1_441' title='bbox 702 3389 1027 3458; x_wconf 79' lang='grc' dir='ltr'>ἀγανακτῶν</span> <span class='ocrx_word' id='word_1_442' title='bbox 1055 3390 1137 3443; x_wconf 84' lang='grc' dir='ltr'><strong>ὅτι</strong></span> <span class='ocrx_word' id='word_1_443' title='bbox 1182 3406 1246 3458; x_wconf 90' lang='grc' dir='ltr'><strong>γε</strong></span> <span class='ocrx_word' id='word_1_444' title='bbox 1298 3388 1569 3461; x_wconf 84' lang='grc' dir='ltr'>παρώφθη</span> <span class='ocrx_word' id='word_1_445' title='bbox 1598 3430 1613 3455; x_wconf 94' lang='grc'><strong>,</strong></span> <span class='ocrx_word' id='word_1_446' title='bbox 1648 3389 1886 3460; x_wconf 84' lang='grc' dir='ltr'>δύσληπ-</span> 
     </span>
    </p>
   </div>
   <div class='ocr_carea' id='block_1_68' title="bbox 1987 3388 3581 3465">
    <p class='ocr_par' dir='ltr' id='par_1_68' title="bbox 1992 3389 3581 3465">
     <span class='ocr_line' id='line_1_68' title="bbox 1992 3389 3581 3465; baseline 0.003 -20"><span class='ocrx_word' id='word_1_447' title='bbox 1992 3390 2128 3445; x_wconf 92' lang='lat' dir='ltr'><strong>illud</strong></span> <span class='ocrx_word' id='word_1_448' title='bbox 2156 3390 2406 3445; x_wconf 90' lang='lat' dir='ltr'><strong>inclinat.</strong></span> <span class='ocrx_word' id='word_1_449' title='bbox 2453 3389 2845 3461; x_wconf 89' lang='lat' dir='ltr'><strong>Obtemperate</strong></span> <span class='ocrx_word' id='word_1_450' title='bbox 2883 3392 3069 3463; x_wconf 89' lang='lat' dir='ltr'><strong>itaque</strong></span> <span class='ocrx_word' id='word_1_451' title='bbox 3116 3394 3251 3448; x_wconf 90' lang='lat' dir='ltr'><strong>mihi</strong></span> <span class='ocrx_word' id='word_1_452' title='bbox 3290 3410 3457 3465; x_wconf 85' lang='lat' dir='ltr'><strong>quam</strong></span> <span class='ocrx_word' id='word_1_453' title='bbox 3501 3398 3581 3451; x_wconf 92' lang='lat' dir='ltr'><strong>ci-</strong></span> 
     </span>
    </p>
   </div>
   <div class='ocr_carea' id='block_1_69' title="bbox 309 3478 1886 3554">
    <p class='ocr_par' dir='ltr' id='par_1_69' title="bbox 309 3478 1886 3554">
     <span class='ocr_line' id='line_1_69' title="bbox 309 3478 1886 3554; baseline -0.004 -17"><span class='ocrx_word' id='word_1_454' title='bbox 309 3501 405 3546; x_wconf 85' lang='grc' dir='ltr'><strong>τος</strong></span> <span class='ocrx_word' id='word_1_455' title='bbox 451 3482 563 3554; x_wconf 74' lang='grc'><strong>(54)</strong></span> <span class='ocrx_word' id='word_1_456' title='bbox 614 3478 755 3535; x_wconf 76' lang='grc' dir='ltr'>εἶναι</span> <span class='ocrx_word' id='word_1_457' title='bbox 800 3481 1056 3548; x_wconf 81' lang='grc' dir='ltr'>καθάπαξ</span> <span class='ocrx_word' id='word_1_458' title='bbox 1086 3481 1188 3534; x_wconf 77' lang='grc' dir='ltr'>οὐκ</span> <span class='ocrx_word' id='word_1_459' title='bbox 1226 3481 1501 3551; x_wconf 84' lang='grc' dir='ltr'>ἀνέχεται.</span> <span class='ocrx_word' id='word_1_460' title='bbox 1531 3481 1886 3552; x_wconf 70' lang='grc' dir='ltr'>κληρονομή-</span> 
     </span>
    </p>
   </div>
   <div class='ocr_carea' id='block_1_70' title="bbox 1987 3478 3578 3554">
    <p class='ocr_par' dir='ltr' id='par_1_70' title="bbox 1990 3483 3578 3547">
     <span class='ocr_line' id='line_1_70' title="bbox 1990 3483 3578 3547; baseline 0.004 -9"><span class='ocrx_word' id='word_1_461' title='bbox 1990 3484 2222 3547; x_wconf 86' lang='lat' dir='ltr'><strong>tissime,</strong></span> <span class='ocrx_word' id='word_1_462' title='bbox 2258 3483 2487 3539; x_wconf 83' lang='lat' dir='ltr'><strong>Romani</strong></span> <span class='ocrx_word' id='word_1_463' title='bbox 2530 3501 2544 3536; x_wconf 90' lang='lat'><strong>:</strong></span> <span class='ocrx_word' id='word_1_464' title='bbox 2584 3500 2685 3541; x_wconf 91' lang='lat' dir='ltr'><strong>nec</strong></span> <span class='ocrx_word' id='word_1_465' title='bbox 2731 3486 3077 3542; x_wconf 89' lang='lat' dir='ltr'><strong>occasionem</strong></span> <span class='ocrx_word' id='word_1_466' title='bbox 3128 3489 3288 3545; x_wconf 91' lang='lat' dir='ltr'><strong>nobis</strong></span> <span class='ocrx_word' id='word_1_467' title='bbox 3338 3490 3578 3546; x_wconf 82' lang='lat' dir='ltr'><strong>oblatam</strong></span> 
     </span>
    </p>
   </div>
   <div class='ocr_carea' id='block_1_71' title="bbox 312 3568 1886 3654">
    <p class='ocr_par' dir='ltr' id='par_1_71' title="bbox 312 3568 1886 3653">
     <span class='ocr_line' id='line_1_71' title="bbox 312 3568 1886 3653; baseline -0.003 -25"><span class='ocrx_word' id='word_1_468' title='bbox 312 3591 466 3653; x_wconf 61' lang='lat'><strong>6316‘</strong></span> <span class='ocrx_word' id='word_1_469' title='bbox 489 3568 584 3627; x_wconf 82' lang='grc' dir='ltr'>οὖν</span> <span class='ocrx_word' id='word_1_470' title='bbox 633 3575 760 3637; x_wconf 72' lang='grc' dir='ltr'>τοὺς</span> <span class='ocrx_word' id='word_1_471' title='bbox 818 3573 1062 3645; x_wconf 88' lang='grc' dir='ltr'>πατέρας</span> <span class='ocrx_word' id='word_1_472' title='bbox 1115 3574 1212 3641; x_wconf 84' lang='grc' dir='ltr'>τῆς</span> <span class='ocrx_word' id='word_1_473' title='bbox 1246 3573 1523 3645; x_wconf 79' lang='grc' dir='ltr'>εὐηκοῖας,</span> <span class='ocrx_word' id='word_1_474' title='bbox 1558 3572 1749 3642; x_wconf 83' lang='grc' dir='ltr'>ὥσπερ</span> <span class='ocrx_word' id='word_1_475' title='bbox 1793 3571 1886 3641; x_wconf 82' lang='grc' dir='ltr'>τῆς</span> 
     </span>
    </p>
   </div>
   <div class='ocr_carea' id='block_1_72' title="bbox 1987 3568 3579 3654">
    <p class='ocr_par' dir='ltr' id='par_1_72' title="bbox 1995 3577 3579 3654">
     <span class='ocr_line' id='line_1_72' title="bbox 1995 3577 3579 3654; baseline 0.004 -23"><span class='ocrx_word' id='word_1_476' title='bbox 1995 3577 2360 3640; x_wconf 88' lang='lat' dir='ltr'><strong>dimittamus,</strong></span> <span class='ocrx_word' id='word_1_477' title='bbox 2415 3593 2520 3634; x_wconf 92' lang='lat' dir='ltr'><strong>nec</strong></span> <span class='ocrx_word' id='word_1_478' title='bbox 2566 3578 2709 3649; x_wconf 75' lang='lat' dir='ltr'><strong>elabi</strong></span> <span class='ocrx_word' id='word_1_479' title='bbox 2760 3580 3054 3650; x_wconf 86' lang='lat' dir='ltr'><strong>patiamur.</strong></span> <span class='ocrx_word' id='word_1_480' title='bbox 3106 3582 3241 3637; x_wconf 88' lang='lat' dir='ltr'><strong>Nam</strong></span> <span class='ocrx_word' id='word_1_481' title='bbox 3285 3592 3579 3654; x_wconf 86' lang='lat' dir='ltr'><strong>postquam</strong></span> 
     </span>
    </p>
   </div>
   <div class='ocr_carea' id='block_1_73' title="bbox 312 3663 1886 3747">
    <p class='ocr_par' dir='ltr' id='par_1_73' title="bbox 312 3663 1886 3735">
     <span class='ocr_line' id='line_1_73' title="bbox 312 3663 1886 3735; baseline -0.003 -16"><span class='ocrx_word' id='word_1_482' title='bbox 312 3665 567 3734; x_wconf 83' lang='grc' dir='ltr'>ἀνδρείας</span> <span class='ocrx_word' id='word_1_483' title='bbox 601 3663 1105 3734; x_wconf 75' lang='grc' dir='ltr'>ἐκληρονομήσατε,</span> <span class='ocrx_word' id='word_1_484' title='bbox 1139 3663 1227 3717; x_wconf 84' lang='grc' dir='ltr'><strong>ἴνα</strong></span> <span class='ocrx_word' id='word_1_485' title='bbox 1257 3664 1346 3718; x_wconf 88' lang='grc' dir='ltr'><strong>διά</strong></span> <span class='ocrx_word' id='word_1_486' title='bbox 1374 3664 1591 3718; x_wconf 85' lang='grc' dir='ltr'>πάντων</span> <span class='ocrx_word' id='word_1_487' title='bbox 1630 3665 1886 3735; x_wconf 82' lang='grc' dir='ltr'>Ῥωμαῖοι</span> 
     </span>
    </p>
   </div>
   <div class='ocr_carea' id='block_1_74' title="bbox 1987 3663 3581 3747">
    <p class='ocr_par' dir='ltr' id='par_1_74' title="bbox 1994 3672 3581 3747">
     <span class='ocr_line' id='line_1_74' title="bbox 1994 3672 3581 3747; baseline 0.004 -20"><span class='ocrx_word' id='word_1_488' title='bbox 1994 3672 2271 3742; x_wconf 79' lang='lat' dir='ltr'><strong>effugerit,</strong></span> <span class='ocrx_word' id='word_1_489' title='bbox 2297 3672 2692 3742; x_wconf 90' lang='lat' dir='ltr'><strong>comprehendi</strong></span> <span class='ocrx_word' id='word_1_490' title='bbox 2722 3688 2783 3729; x_wconf 90' lang='lat' dir='ltr'><strong>se</strong></span> <span class='ocrx_word' id='word_1_491' title='bbox 2818 3689 2933 3728; x_wconf 91' lang='lat' dir='ltr'><strong>non</strong></span> <span class='ocrx_word' id='word_1_492' title='bbox 2955 3674 3164 3745; x_wconf 88' lang='lat' dir='ltr'><strong>patitur</strong></span> <span class='ocrx_word' id='word_1_493' title='bbox 3189 3694 3203 3730; x_wconf 87' lang='lat'><strong>:</strong></span> <span class='ocrx_word' id='word_1_494' title='bbox 3229 3687 3289 3732; x_wconf 90' lang='lat' dir='ltr'><strong>et</strong></span> <span class='ocrx_word' id='word_1_495' title='bbox 3314 3678 3471 3747; x_wconf 89' lang='lat' dir='ltr'><strong>quasi</strong></span> <span class='ocrx_word' id='word_1_496' title='bbox 3496 3678 3581 3733; x_wconf 88' lang='lat' dir='ltr'><strong>in-</strong></span> 
     </span>
    </p>
   </div>
   <div class='ocr_carea' id='block_1_75' title="bbox 311 3755 1886 3840">
    <p class='ocr_par' dir='ltr' id='par_1_75' title="bbox 311 3755 1886 3829">
     <span class='ocr_line' id='line_1_75' title="bbox 311 3755 1886 3829; baseline -0.003 -16"><span class='ocrx_word' id='word_1_497' title='bbox 311 3759 585 3829; x_wconf 82' lang='grc' dir='ltr'>δειχθῆτε,</span> <span class='ocrx_word' id='word_1_498' title='bbox 626 3756 722 3811; x_wconf 81' lang='grc' dir='ltr'>καὶ</span> <span class='ocrx_word' id='word_1_499' title='bbox 755 3756 944 3827; x_wconf 75' lang='grc' dir='ltr'>μηδεὶς</span> <span class='ocrx_word' id='word_1_500' title='bbox 995 3756 1148 3827; x_wconf 85' lang='grc' dir='ltr'>ὑμῶν</span> <span class='ocrx_word' id='word_1_501' title='bbox 1197 3756 1401 3826; x_wconf 77' lang='grc' dir='ltr'>ἀψηται</span> <span class='ocrx_word' id='word_1_502' title='bbox 1434 3755 1645 3826; x_wconf 85' lang='grc' dir='ltr'>μῶμος,</span> <span class='ocrx_word' id='word_1_503' title='bbox 1683 3756 1717 3826; x_wconf 83' lang='grc' dir='ltr'>ἢ</span> <span class='ocrx_word' id='word_1_504' title='bbox 1743 3774 1886 3809; x_wconf 79' lang='grc' dir='ltr'>νενο·</span> 
     </span>
    </p>
   </div>
   <div class='ocr_carea' id='block_1_76' title="bbox 1987 3755 3581 3840">
    <p class='ocr_par' dir='ltr' id='par_1_76' title="bbox 1998 3765 3581 3840">
     <span class='ocr_line' id='line_1_76' title="bbox 1998 3765 3581 3840; baseline 0.004 -21"><span class='ocrx_word' id='word_1_505' title='bbox 1998 3765 2164 3835; x_wconf 84' lang='lat' dir='ltr'><strong>digne</strong></span> <span class='ocrx_word' id='word_1_506' title='bbox 2191 3766 2373 3820; x_wconf 90' lang='lat' dir='ltr'><strong>ferens</strong></span> <span class='ocrx_word' id='word_1_507' title='bbox 2400 3766 2547 3836; x_wconf 92' lang='lat' dir='ltr'><strong>quod</strong></span> <span class='ocrx_word' id='word_1_508' title='bbox 2579 3767 2833 3837; x_wconf 87' lang='lat' dir='ltr'><strong>neglecta</strong></span> <span class='ocrx_word' id='word_1_509' title='bbox 2858 3767 3049 3833; x_wconf 89' lang='lat' dir='ltr'><strong>fuerit,</strong></span> <span class='ocrx_word' id='word_1_510' title='bbox 3079 3785 3362 3840; x_wconf 88' lang='lat' dir='ltr'><strong>nunquam</strong></span> <span class='ocrx_word' id='word_1_511' title='bbox 3399 3788 3458 3829; x_wconf 89' lang='lat' dir='ltr'><strong>se</strong></span> <span class='ocrx_word' id='word_1_512' title='bbox 3494 3773 3581 3827; x_wconf 84' lang='lat' dir='ltr'><strong>bis</strong></span> 
     </span>
    </p>
   </div>
   <div class='ocr_carea' id='block_1_77' title="bbox 315 3846 1886 3930">
    <p class='ocr_par' dir='ltr' id='par_1_77' title="bbox 315 3846 1886 3919">
     <span class='ocr_line' id='line_1_77' title="bbox 315 3846 1886 3919; baseline -0.002 -15"><span class='ocrx_word' id='word_1_513' title='bbox 315 3850 617 3919; x_wconf 83' lang='grc' dir='ltr'>θευμένους</span> <span class='ocrx_word' id='word_1_514' title='bbox 667 3849 812 3919; x_wconf 83' lang='grc' dir='ltr'>ὑμᾶς</span> <span class='ocrx_word' id='word_1_515' title='bbox 862 3850 1059 3913; x_wconf 84' lang='grc' dir='ltr'>παῖδας</span> <span class='ocrx_word' id='word_1_516' title='bbox 1110 3849 1282 3919; x_wconf 80' lang='grc' dir='ltr'>δείξῃ.</span> <span class='ocrx_word' id='word_1_517' title='bbox 1317 3846 1454 3901; x_wconf 83' lang='grc' dir='ltr'><strong>Ὑπὸ</strong></span> <span class='ocrx_word' id='word_1_518' title='bbox 1502 3850 1614 3912; x_wconf 85' lang='grc' dir='ltr'>τοῖς</span> <span class='ocrx_word' id='word_1_519' title='bbox 1669 3848 1886 3912; x_wconf 80' lang='grc' dir='ltr'>ὑπάτοις</span> 
     </span>
    </p>
   </div>
   <div class='ocr_carea' id='block_1_78' title="bbox 1987 3846 3583 3930">
    <p class='ocr_par' dir='ltr' id='par_1_78' title="bbox 1998 3854 3583 3930">
     <span class='ocr_line' id='line_1_78' title="bbox 1998 3854 3583 3930; baseline 0.005 -20"><span class='ocrx_word' id='word_1_520' title='bbox 1998 3856 2119 3925; x_wconf 88' lang='lat' dir='ltr'><strong>capi</strong></span> <span class='ocrx_word' id='word_1_521' title='bbox 2149 3855 2301 3910; x_wconf 91' lang='lat' dir='ltr'><strong>sinit.</strong></span> <span class='ocrx_word' id='word_1_522' title='bbox 2336 3854 2591 3910; x_wconf 67' lang='lat' dir='ltr'><strong>llaaredes</strong></span> <span class='ocrx_word' id='word_1_523' title='bbox 2615 3865 2791 3911; x_wconf 90' lang='lat' dir='ltr'><strong>estote</strong></span> <span class='ocrx_word' id='word_1_524' title='bbox 2817 3857 3151 3915; x_wconf 73' lang='lat' dir='ltr'><strong>obedientia:</strong></span> <span class='ocrx_word' id='word_1_525' title='bbox 3183 3862 3452 3930; x_wconf 83' lang='lat' dir='ltr'><strong>majorum</strong></span> <span class='ocrx_word' id='word_1_526' title='bbox 3483 3879 3583 3918; x_wconf 83' lang='lat' dir='ltr'><strong>ve-</strong></span> 
     </span>
    </p>
   </div>
   <div class='ocr_carea' id='block_1_79' title="bbox 317 3939 1886 4019">
    <p class='ocr_par' dir='ltr' id='par_1_79' title="bbox 317 3939 1886 4011">
     <span class='ocr_line' id='line_1_79' title="bbox 317 3939 1886 4011; baseline 0 -16"><span class='ocrx_word' id='word_1_527' title='bbox 317 3941 418 3995; x_wconf 78' lang='grc' dir='ltr'>καὶ</span> <span class='ocrx_word' id='word_1_528' title='bbox 452 3940 731 4011; x_wconf 72' lang='grc' dir='ltr'>βασιλεῦσι</span> <span class='ocrx_word' id='word_1_529' title='bbox 755 3942 1099 4010; x_wconf 76' lang='grc' dir='ltr'>ταττόμενοι,</span> <span class='ocrx_word' id='word_1_530' title='bbox 1134 3942 1183 3995; x_wconf 84' lang='grc' dir='ltr'>οἳ</span> <span class='ocrx_word' id='word_1_531' title='bbox 1216 3942 1360 4011; x_wconf 82' lang='grc' dir='ltr'>ὑμᾶς</span> <span class='ocrx_word' id='word_1_532' title='bbox 1391 3939 1683 4009; x_wconf 75' lang='grc' dir='ltr'>φύσαντες,</span> <span class='ocrx_word' id='word_1_533' title='bbox 1716 3942 1886 3995; x_wconf 77' lang='grc' dir='ltr'>πειθοῖ</span> 
     </span>
    </p>
   </div>
   <div class='ocr_carea' id='block_1_80' title="bbox 1987 3939 3581 4019">
    <p class='ocr_par' dir='ltr' id='par_1_80' title="bbox 1998 3947 3581 4019">
     <span class='ocr_line' id='line_1_80' title="bbox 1998 3947 3581 4019; baseline 0.004 -17"><span class='ocrx_word' id='word_1_534' title='bbox 1998 3957 2265 4012; x_wconf 90' lang='lat' dir='ltr'><strong>strorum,</strong></span> <span class='ocrx_word' id='word_1_535' title='bbox 2305 3947 2448 4002; x_wconf 90' lang='lat' dir='ltr'><strong>sicut</strong></span> <span class='ocrx_word' id='word_1_536' title='bbox 2486 3947 2836 4004; x_wconf 85' lang='lat' dir='ltr'><strong>fortitudinis</strong></span> <span class='ocrx_word' id='word_1_537' title='bbox 2866 3964 3059 4005; x_wconf 91' lang='lat' dir='ltr'><strong>eorum</strong></span> <span class='ocrx_word' id='word_1_538' title='bbox 3092 3950 3340 4007; x_wconf 67' lang='lat' dir='ltr'><strong>haeredes</strong></span> <span class='ocrx_word' id='word_1_539' title='bbox 3377 3953 3581 4019; x_wconf 86' lang='lat' dir='ltr'><strong>fuistis,</strong></span> 
     </span>
    </p>
   </div>
   <div class='ocr_carea' id='block_1_81' title="bbox 318 4030 1897 4104">
    <p class='ocr_par' dir='ltr' id='par_1_81' title="bbox 318 4030 1897 4104">
     <span class='ocr_line' id='line_1_81' title="bbox 318 4030 1897 4104; baseline 0.003 -22"><span class='ocrx_word' id='word_1_540' title='bbox 318 4031 419 4082; x_wconf 77' lang='grc' dir='ltr'><strong>καὶ</strong></span> <span class='ocrx_word' id='word_1_541' title='bbox 474 4030 698 4102; x_wconf 79' lang='grc' dir='ltr'>ἀνδρείᾳ</span> <span class='ocrx_word' id='word_1_542' title='bbox 743 4030 804 4083; x_wconf 83' lang='grc' dir='ltr'>τὸ</span> <span class='ocrx_word' id='word_1_543' title='bbox 852 4032 1169 4101; x_wconf 78' lang='grc' dir='ltr'>οἰκούμενον</span> <span class='ocrx_word' id='word_1_544' title='bbox 1221 4031 1370 4085; x_wconf 77' lang='grc' dir='ltr'>ἅπαν</span> <span class='ocrx_word' id='word_1_545' title='bbox 1428 4032 1897 4104; x_wconf 85' lang='grc' dir='ltr'>προσεκτήσαντο.</span> 
     </span>
    </p>
   </div>
   <div class='ocr_carea' id='block_1_82' title="bbox 318 4122 1902 4195">
    <p class='ocr_par' dir='ltr' id='par_1_82' title="bbox 318 4122 1902 4195">
     <span class='ocr_line' id='line_1_82' title="bbox 318 4122 1902 4195; baseline 0.001 -18"><span class='ocrx_word' id='word_1_546' title='bbox 318 4122 561 4186; x_wconf 75' lang='grc' dir='ltr'>Μάλλιος</span> <span class='ocrx_word' id='word_1_547' title='bbox 595 4124 972 4195; x_wconf 77' lang='grc' dir='ltr'>Τουρκουᾶτος</span> <span class='ocrx_word' id='word_1_548' title='bbox 1003 4124 1095 4175; x_wconf 75' lang='grc' dir='ltr'>τὸν</span> <span class='ocrx_word' id='word_1_549' title='bbox 1134 4124 1299 4177; x_wconf 85' lang='grc' dir='ltr'>παῖδα</span> <span class='ocrx_word' id='word_1_550' title='bbox 1351 4124 1702 4193; x_wconf 83' lang='grc' dir='ltr'>στεφανώσας</span> <span class='ocrx_word' id='word_1_551' title='bbox 1756 4127 1902 4180; x_wconf 85' lang='grc' dir='ltr'>ἀνεῖ-</span> 
     </span>
    </p>
   </div>
   <div class='ocr_carea' id='block_1_83' title="bbox 317 4196 1901 4288">
    <p class='ocr_par' dir='ltr' id='par_1_83' title="bbox 317 4196 1901 4288">
     <span class='ocr_line' id='line_1_83' title="bbox 317 4196 1901 4288; baseline 0.003 -21"><span class='ocrx_word' id='word_1_552' title='bbox 317 4216 437 4277; x_wconf 84' lang='grc' dir='ltr'>λεν,</span> <span class='ocrx_word' id='word_1_553' title='bbox 488 4216 884 4286; x_wconf 82' lang='grc' dir='ltr'>ἀνδρισάμενον</span> <span class='ocrx_word' id='word_1_554' title='bbox 917 4218 1035 4287; x_wconf 84' lang='grc' dir='ltr'>μὲν,</span> <span class='ocrx_word' id='word_1_555' title='bbox 1086 4216 1462 4287; x_wconf 87' lang='grc' dir='ltr'>ἀπειθήσαντα</span> <span class='ocrx_word' id='word_1_556' title='bbox 1513 4196 1592 4271; x_wconf 82' lang='grc' dir='ltr'>δέ.</span> <span class='ocrx_word' id='word_1_557' title='bbox 1641 4219 1762 4271; x_wconf 88' lang='grc' dir='ltr'><strong>Τῶν</strong></span> <span class='ocrx_word' id='word_1_558' title='bbox 1792 4218 1901 4288; x_wconf 85' lang='grc' dir='ltr'><strong>γὰρ</strong></span> 
     </span>
    </p>
   </div>
   <div class='ocr_carea' id='block_1_84' title="bbox 319 4308 1903 4379">
    <p class='ocr_par' dir='ltr' id='par_1_84' title="bbox 319 4308 1903 4379">
     <span class='ocr_line' id='line_1_84' title="bbox 319 4308 1903 4379; baseline 0.002 -17"><span class='ocrx_word' id='word_1_559' title='bbox 319 4308 643 4377; x_wconf 84' lang='grc' dir='ltr'>ἀγαγόντων</span> <span class='ocrx_word' id='word_1_560' title='bbox 697 4308 951 4379; x_wconf 76' lang='grc' dir='ltr'>εὐϐουλίᾳ</span> <span class='ocrx_word' id='word_1_561' title='bbox 974 4309 1088 4379; x_wconf 77' lang='lat'><strong>(35)</strong></span> <span class='ocrx_word' id='word_1_562' title='bbox 1142 4308 1373 4362; x_wconf 74' lang='grc' dir='ltr'>καὶτῶν</span> <span class='ocrx_word' id='word_1_563' title='bbox 1413 4310 1695 4379; x_wconf 79' lang='grc' dir='ltr'>ἀγομένων</span> <span class='ocrx_word' id='word_1_564' title='bbox 1719 4313 1903 4365; x_wconf 81' lang='grc' dir='ltr'>εὐπει-</span> 
     </span>
    </p>
   </div>
   <div class='ocr_carea' id='block_1_85' title="bbox 320 4399 1901 4472">
    <p class='ocr_par' dir='ltr' id='par_1_85' title="bbox 320 4399 1901 4472">
     <span class='ocr_line' id='line_1_85' title="bbox 320 4399 1901 4472; baseline 0.005 -21"><span class='ocrx_word' id='word_1_565' title='bbox 320 4399 466 4472; x_wconf 72' lang='grc' dir='ltr'>θείᾳ,</span> <span class='ocrx_word' id='word_1_566' title='bbox 528 4401 739 4470; x_wconf 81' lang='grc' dir='ltr'>μεγάλα</span> <span class='ocrx_word' id='word_1_567' title='bbox 796 4400 1106 4470; x_wconf 79' lang='grc' dir='ltr'>πεφύκασιν</span> <span class='ocrx_word' id='word_1_568' title='bbox 1166 4402 1350 4469; x_wconf 84' lang='grc' dir='ltr'>ἀγαθά</span> <span class='ocrx_word' id='word_1_569' title='bbox 1440 4404 1901 4472; x_wconf 75' lang='grc' dir='ltr'>κατεργάζεσθαι.</span> 
     </span>
    </p>
   </div>
   <div class='ocr_carea' id='block_1_86' title="bbox 321 4496 1906 4570">
    <p class='ocr_par' dir='ltr' id='par_1_86' title="bbox 321 4496 1906 4570">
     <span class='ocr_line' id='line_1_86' title="bbox 321 4496 1906 4570; baseline 0.005 -21"><span class='ocrx_word' id='word_1_570' title='bbox 321 4496 563 4568; x_wconf 76' lang='grc' dir='ltr'>Θάτερον</span> <span class='ocrx_word' id='word_1_571' title='bbox 594 4497 654 4549; x_wconf 74' lang='grc' dir='ltr'>δὲ</span> <span class='ocrx_word' id='word_1_572' title='bbox 682 4496 775 4550; x_wconf 76' lang='grc' dir='ltr'>τοὺ</span> <span class='ocrx_word' id='word_1_573' title='bbox 812 4497 1001 4569; x_wconf 78' lang='grc' dir='ltr'>ἐτέρου</span> <span class='ocrx_word' id='word_1_574' title='bbox 1043 4497 1297 4565; x_wconf 68' lang='grc' dir='ltr'>γνοεῦον,</span> <span class='ocrx_word' id='word_1_575' title='bbox 1327 4499 1553 4570; x_wconf 86' lang='grc' dir='ltr'>χωλεύει</span> <span class='ocrx_word' id='word_1_576' title='bbox 1582 4518 1641 4555; x_wconf 87' lang='grc' dir='ltr'><strong>τε</strong></span> <span class='ocrx_word' id='word_1_577' title='bbox 1686 4502 1783 4555; x_wconf 75' lang='grc' dir='ltr'>καὶ</span> <span class='ocrx_word' id='word_1_578' title='bbox 1815 4521 1906 4557; x_wconf 88' lang='grc' dir='ltr'>πε-</span> 
     </span>
    </p>
   </div>
   <div class='ocr_carea' id='block_1_87' title="bbox 2001 4038 3580 4110">
    <p class='ocr_par' dir='ltr' id='par_1_87' title="bbox 2001 4038 3580 4110">
     <span class='ocr_line' id='line_1_87' title="bbox 2001 4038 3580 4110; baseline 0.003 -16"><span class='ocrx_word' id='word_1_579' title='bbox 2001 4048 2063 4094; x_wconf 88' lang='lat' dir='ltr'><strong>ut</strong></span> <span class='ocrx_word' id='word_1_580' title='bbox 2101 4053 2199 4093; x_wconf 89' lang='lat' dir='ltr'><strong>vos</strong></span> <span class='ocrx_word' id='word_1_581' title='bbox 2236 4038 2512 4093; x_wconf 85' lang='lat' dir='ltr'><strong>Romanos</strong></span> <span class='ocrx_word' id='word_1_582' title='bbox 2549 4038 2924 4110; x_wconf 90' lang='lat' dir='ltr'><strong>undecunque</strong></span> <span class='ocrx_word' id='word_1_583' title='bbox 2976 4040 3305 4108; x_wconf 84' lang='lat' dir='ltr'><strong>ostendatis,</strong></span> <span class='ocrx_word' id='word_1_584' title='bbox 3336 4058 3441 4099; x_wconf 92' lang='lat' dir='ltr'><strong>nec</strong></span> <span class='ocrx_word' id='word_1_585' title='bbox 3467 4044 3580 4099; x_wconf 86' lang='lat' dir='ltr'><strong>ulla</strong></span> 
     </span>
    </p>
   </div>
   <div class='ocr_carea' id='block_1_88' title="bbox 2001 4133 3583 4208">
    <p class='ocr_par' dir='ltr' id='par_1_88' title="bbox 2001 4133 3583 4208">
     <span class='ocr_line' id='line_1_88' title="bbox 2001 4133 3583 4208; baseline 0.003 -20"><span class='ocrx_word' id='word_1_586' title='bbox 2001 4133 2453 4203; x_wconf 88' lang='lat' dir='ltr'><strong>reprehensionis</strong></span> <span class='ocrx_word' id='word_1_587' title='bbox 2473 4141 2601 4187; x_wconf 85' lang='lat' dir='ltr'><strong>nota</strong></span> <span class='ocrx_word' id='word_1_588' title='bbox 2627 4134 2838 4188; x_wconf 89' lang='lat' dir='ltr'><strong>nomini</strong></span> <span class='ocrx_word' id='word_1_589' title='bbox 2865 4143 3054 4189; x_wconf 91' lang='lat' dir='ltr'><strong>vestro</strong></span> <span class='ocrx_word' id='word_1_590' title='bbox 3078 4136 3349 4200; x_wconf 89' lang='lat' dir='ltr'><strong>inuratur,</strong></span> <span class='ocrx_word' id='word_1_591' title='bbox 3372 4152 3583 4208; x_wconf 89' lang='lat' dir='ltr'><strong>vosque</strong></span> 
     </span>
    </p>
   </div>
   <div class='ocr_carea' id='block_1_89' title="bbox 2003 4226 3584 4299">
    <p class='ocr_par' dir='ltr' id='par_1_89' title="bbox 2003 4226 3584 4299">
     <span class='ocr_line' id='line_1_89' title="bbox 2003 4226 3584 4299; baseline 0.002 -17"><span class='ocrx_word' id='word_1_592' title='bbox 2003 4228 2312 4298; x_wconf 81' lang='lat' dir='ltr'><strong>degeneres</strong></span> <span class='ocrx_word' id='word_1_593' title='bbox 2359 4242 2481 4283; x_wconf 88' lang='lat' dir='ltr'><strong>esse</strong></span> <span class='ocrx_word' id='word_1_594' title='bbox 2531 4227 2674 4282; x_wconf 87' lang='lat' dir='ltr'><strong>filios</strong></span> <span class='ocrx_word' id='word_1_595' title='bbox 2726 4236 2940 4297; x_wconf 83' lang='lat' dir='ltr'><strong>arguat.</strong></span> <span class='ocrx_word' id='word_1_596' title='bbox 2980 4226 3214 4299; x_wconf 79' lang='lat' dir='ltr'><strong>Majores</strong></span> <span class='ocrx_word' id='word_1_597' title='bbox 3258 4230 3427 4285; x_wconf 87' lang='lat' dir='ltr'><strong>vestri</strong></span> <span class='ocrx_word' id='word_1_598' title='bbox 3479 4231 3584 4285; x_wconf 89' lang='lat' dir='ltr'><strong>sub</strong></span> 
     </span>
    </p>
   </div>
   <div class='ocr_carea' id='block_1_90' title="bbox 2004 4320 3582 4390">
    <p class='ocr_par' dir='ltr' id='par_1_90' title="bbox 2004 4320 3582 4390">
     <span class='ocr_line' id='line_1_90' title="bbox 2004 4320 3582 4390; baseline 0.002 -15"><span class='ocrx_word' id='word_1_599' title='bbox 2004 4321 2298 4375; x_wconf 87' lang='lat' dir='ltr'><strong>consulum</strong></span> <span class='ocrx_word' id='word_1_600' title='bbox 2331 4329 2495 4389; x_wconf 91' lang='lat' dir='ltr'><strong>atque</strong></span> <span class='ocrx_word' id='word_1_601' title='bbox 2531 4320 2933 4389; x_wconf 89' lang='lat' dir='ltr'><strong>imperatorum</strong></span> <span class='ocrx_word' id='word_1_602' title='bbox 2966 4320 3235 4390; x_wconf 84' lang='lat' dir='ltr'><strong>regimine</strong></span> <span class='ocrx_word' id='word_1_603' title='bbox 3271 4323 3582 4390; x_wconf 89' lang='lat' dir='ltr'><strong>constituti,</strong></span> 
     </span>
    </p>
   </div>
   <div class='ocr_carea' id='block_1_91' title="bbox 2008 4409 3585 4487">
    <p class='ocr_par' dir='ltr' id='par_1_91' title="bbox 2008 4409 3585 4487">
     <span class='ocr_line' id='line_1_91' title="bbox 2008 4409 3585 4487; baseline 0.004 -22"><span class='ocrx_word' id='word_1_604' title='bbox 2008 4410 2325 4465; x_wconf 84' lang='lat' dir='ltr'><strong>obedientia</strong></span> <span class='ocrx_word' id='word_1_605' title='bbox 2354 4426 2419 4465; x_wconf 92' lang='lat' dir='ltr'><strong>ac</strong></span> <span class='ocrx_word' id='word_1_606' title='bbox 2459 4409 2785 4465; x_wconf 86' lang='lat' dir='ltr'><strong>fortitudine</strong></span> <span class='ocrx_word' id='word_1_607' title='bbox 2810 4410 3001 4465; x_wconf 88' lang='lat' dir='ltr'><strong>orbem</strong></span> <span class='ocrx_word' id='word_1_608' title='bbox 3033 4420 3310 4468; x_wconf 89' lang='lat' dir='ltr'><strong>terrarum</strong></span> <span class='ocrx_word' id='word_1_609' title='bbox 3350 4416 3585 4487; x_wconf 84' lang='lat' dir='ltr'><strong>subege-</strong></span> 
     </span>
    </p>
   </div>
   <div class='ocr_carea' id='block_1_92' title="bbox 2005 4503 3586 4577">
    <p class='ocr_par' dir='ltr' id='par_1_92' title="bbox 2005 4503 3586 4577">
     <span class='ocr_line' id='line_1_92' title="bbox 2005 4503 3586 4577; baseline 0.003 -18"><span class='ocrx_word' id='word_1_610' title='bbox 2005 4513 2159 4559; x_wconf 88' lang='lat' dir='ltr'><strong>runt.</strong></span> <span class='ocrx_word' id='word_1_611' title='bbox 2185 4503 2422 4558; x_wconf 82' lang='lat' dir='ltr'><strong>Manlius</strong></span> <span class='ocrx_word' id='word_1_612' title='bbox 2451 4503 2765 4574; x_wconf 89' lang='lat' dir='ltr'><strong>Torquatus</strong></span> <span class='ocrx_word' id='word_1_613' title='bbox 2798 4503 2972 4559; x_wconf 87' lang='lat' dir='ltr'><strong>filium</strong></span> <span class='ocrx_word' id='word_1_614' title='bbox 3005 4519 3191 4571; x_wconf 89' lang='lat' dir='ltr'><strong>suum,</strong></span> <span class='ocrx_word' id='word_1_615' title='bbox 3235 4507 3331 4577; x_wconf 89' lang='lat' dir='ltr'><strong>qui</strong></span> <span class='ocrx_word' id='word_1_616' title='bbox 3367 4507 3586 4565; x_wconf 83' lang='lat' dir='ltr'><strong>fortiter</strong></span> 
     </span>
    </p>
   </div>
   <div class='ocr_carea' id='block_1_93' title="bbox 1589 4641 2265 4701">
    <p class='ocr_par' dir='ltr' id='par_1_93' title="bbox 1589 4641 2265 4701">
     <span class='ocr_line' id='line_1_93' title="bbox 1589 4641 2265 4701; baseline 0.01 -7"><span class='ocrx_word' id='word_1_617' title='bbox 1589 4641 1820 4697; x_wconf 67' lang='lat' dir='ltr'><strong>VARUS</strong></span> <span class='ocrx_word' id='word_1_618' title='bbox 1862 4643 2265 4701; x_wconf 76' lang='lat' dir='ltr'><strong>LECTIONES.</strong></span> 
     </span>
    </p>
   </div>
   <div class='ocr_carea' id='block_1_94' title="bbox 401 4734 837 4805">
    <p class='ocr_par' dir='ltr' id='par_1_94' title="bbox 401 4734 837 4805">
     <span class='ocr_line' id='line_1_94' title="bbox 401 4734 837 4805; baseline -0.009 -11"><span class='ocrx_word' id='word_1_619' title='bbox 401 4735 445 4768; x_wconf 77' lang='grc'><strong>³⁸</strong></span> <span class='ocrx_word' id='word_1_620' title='bbox 474 4735 538 4793; x_wconf 84' lang='lat' dir='ltr'><strong>C.</strong></span> <span class='ocrx_word' id='word_1_621' title='bbox 570 4734 633 4792; x_wconf 87' lang='lat' dir='ltr'><strong>C.</strong></span> <span class='ocrx_word' id='word_1_622' title='bbox 672 4735 837 4805; x_wconf 73' lang='grc' dir='ltr'>ὑμᾶς.</span> 
     </span>
    </p>
   </div>
   <div class='ocr_carea' id='block_1_95' title="bbox 915 4733 1910 4809">
    <p class='ocr_par' dir='ltr' id='par_1_95' title="bbox 915 4733 1910 4809">
     <span class='ocr_line' id='line_1_95' title="bbox 915 4733 1910 4809; baseline 0.01 -24"><span class='ocrx_word' id='word_1_623' title='bbox 915 4735 959 4766; x_wconf 86' lang='grc'><strong>³⁷</strong></span> <span class='ocrx_word' id='word_1_624' title='bbox 990 4733 1380 4807; x_wconf 78' lang='grc' dir='ltr'>παρελησθήσῃ</span> <span class='ocrx_word' id='word_1_625' title='bbox 1409 4736 1910 4809; x_wconf 88' lang='grc' dir='ltr'>διαμαρτανόντων.</span> 
     </span>
    </p>
   </div>
   <div class='ocr_carea' id='block_1_96' title="bbox 1506 4870 2401 4930">
    <p class='ocr_par' dir='ltr' id='par_1_96' title="bbox 1506 4870 2401 4930">
     <span class='ocr_line' id='line_1_96' title="bbox 1506 4870 2401 4930; baseline 0.006 -6"><span class='ocrx_word' id='word_1_626' title='bbox 1506 4870 1779 4926; x_wconf 79' lang='lat' dir='ltr'><strong>VALESII</strong></span> <span class='ocrx_word' id='word_1_627' title='bbox 1834 4872 2401 4930; x_wconf 83' lang='lat' dir='ltr'><strong>ANNOTATIONES.</strong></span> 
     </span>
    </p>
   </div>
   <div class='ocr_carea' id='block_1_97' title="bbox 368 4951 3397 5040">
    <p class='ocr_par' dir='ltr' id='par_1_97' title="bbox 368 4951 3397 5040">
     <span class='ocr_line' id='line_1_97' title="bbox 368 4951 3397 5040; baseline 0.005 -29"><span class='ocrx_word' id='word_1_628' title='bbox 368 4951 371 4953; x_wconf 64' lang='grc'><em>’</em></span> <span class='ocrx_word' id='word_1_629' title='bbox 398 4958 511 5032; x_wconf 75' lang='lat'><strong>(32)</strong></span> <span class='ocrx_word' id='word_1_630' title='bbox 533 4958 803 5040; x_wconf 49' lang='lat' dir='ltr'><strong>“(ire-for</strong></span> <span class='ocrx_word' id='word_1_631' title='bbox 824 4961 1037 5027; x_wconf 80' lang='grc' dir='ltr'>νηΐτην</span> <span class='ocrx_word' id='word_1_632' title='bbox 1069 4959 1236 5029; x_wconf 82' lang='grc' dir='ltr'>ὑμῶν</span> <span class='ocrx_word' id='word_1_633' title='bbox 1260 4963 1506 5040; x_wconf 47' lang='grc' dir='ltr'>κλόνον.</span> <span class='ocrx_word' id='word_1_634' title='bbox 1539 4964 1900 5040; x_wconf 69' lang='lat' dir='ltr'><strong>N_esc_io_qui_d</strong></span> <span class='ocrx_word' id='word_1_635' title='bbox 1927 4969 1978 5029; x_wconf 82' lang='grc' dir='ltr'><strong>ι)</strong></span> <span class='ocrx_word' id='word_1_636' title='bbox 2004 4967 2102 5040; x_wconf 79' lang='lat' dir='ltr'><strong>Dei</strong></span> <span class='ocrx_word' id='word_1_637' title='bbox 2124 4984 2160 5040; x_wconf 88' lang='lat'><strong>;_</strong></span> <span class='ocrx_word' id='word_1_638' title='bbox 2187 4968 2234 5023; x_wconf 89' lang='lat' dir='ltr'><strong>si</strong></span> <span class='ocrx_word' id='word_1_639' title='bbox 2270 4968 2422 5040; x_wconf 88' lang='lat' dir='ltr'><strong>illam</strong></span> <span class='ocrx_word' id='word_1_640' title='bbox 2459 4966 2516 5021; x_wconf 91' lang='lat' dir='ltr'><strong>in</strong></span> <span class='ocrx_word' id='word_1_641' title='bbox 2563 4968 2868 5040; x_wconf 57' lang='lat' dir='ltr'><strong>egemplari</strong></span> <span class='ocrx_word' id='word_1_642' title='bbox 2918 4978 3023 5025; x_wconf 91' lang='lat' dir='ltr'><strong>suo</strong></span> <span class='ocrx_word' id='word_1_643' title='bbox 3074 4971 3397 5040; x_wconf 87' lang='lat' dir='ltr'><strong>reperisset.</strong></span> 
     </span>
    </p>
   </div>
   <div class='ocr_carea' id='block_1_98' title="bbox 325 5029 1899 5100">
    <p class='ocr_par' dir='ltr' id='par_1_98' title="bbox 325 5029 1899 5100">
     <span class='ocr_line' id='line_1_98' title="bbox 325 5029 1899 5100; baseline 0.001 -12"><span class='ocrx_word' id='word_1_644' title='bbox 325 5029 622 5088; x_wconf 54' lang='lat' dir='ltr'><strong>de&#39;navali</strong></span> <span class='ocrx_word' id='word_1_645' title='bbox 675 5031 1048 5084; x_wconf 82' lang='lat' dir='ltr'><strong>Romanorum</strong></span> <span class='ocrx_word' id='word_1_646' title='bbox 1080 5046 1261 5100; x_wconf 82' lang='lat' dir='ltr'><strong>pugna</strong></span> <span class='ocrx_word' id='word_1_647' title='bbox 1289 5033 1379 5086; x_wconf 89' lang='lat' dir='ltr'><strong>hic</strong></span> <span class='ocrx_word' id='word_1_648' title='bbox 1411 5035 1708 5089; x_wconf 88' lang='lat' dir='ltr'><strong>somniavit</strong></span> <span class='ocrx_word' id='word_1_649' title='bbox 1738 5029 1899 5090; x_wconf 86' lang='lat' dir='ltr'><strong>Chri-</strong></span> 
     </span>
    </p>
   </div>
   <div class='ocr_carea' id='block_1_99' title="bbox 324 5100 1903 5174">
    <p class='ocr_par' dir='ltr' id='par_1_99' title="bbox 324 5100 1903 5174">
     <span class='ocr_line' id='line_1_99' title="bbox 324 5100 1903 5174; baseline 0.003 -17"><span class='ocrx_word' id='word_1_650' title='bbox 324 5101 751 5174; x_wconf 86' lang='lat' dir='ltr'><strong>stophorsonus.</strong></span> <span class='ocrx_word' id='word_1_651' title='bbox 788 5100 974 5169; x_wconf 89' lang='lat' dir='ltr'><strong>Neque</strong></span> <span class='ocrx_word' id='word_1_652' title='bbox 999 5103 1145 5155; x_wconf 89' lang='lat' dir='ltr'><strong>enim</strong></span> <span class='ocrx_word' id='word_1_653' title='bbox 1168 5102 1399 5174; x_wconf 84' lang='lat' dir='ltr'><strong>Romani</strong></span> <span class='ocrx_word' id='word_1_654' title='bbox 1426 5120 1494 5158; x_wconf 90' lang='lat' dir='ltr'><strong>eo</strong></span> <span class='ocrx_word' id='word_1_655' title='bbox 1525 5114 1771 5174; x_wconf 85' lang='lat' dir='ltr'><strong>tempore</strong></span> <span class='ocrx_word' id='word_1_656' title='bbox 1800 5122 1903 5161; x_wconf 86' lang='lat' dir='ltr'><strong>na-</strong></span> 
     </span>
    </p>
   </div>
   <div class='ocr_carea' id='block_1_100' title="bbox 328 5172 1903 5245">
    <p class='ocr_par' dir='ltr' id='par_1_100' title="bbox 328 5172 1903 5245">
     <span class='ocr_line' id='line_1_100' title="bbox 328 5172 1903 5245; baseline 0.003 -19"><span class='ocrx_word' id='word_1_657' title='bbox 328 5172 521 5245; x_wconf 85' lang='lat' dir='ltr'><strong>valem_</strong></span> <span class='ocrx_word' id='word_1_658' title='bbox 555 5186 793 5239; x_wconf 81' lang='lat' dir='ltr'><strong>pugnam</strong></span> <span class='ocrx_word' id='word_1_659' title='bbox 816 5174 1255 5245; x_wconf 30' lang='lat' dir='ltr'><strong>Acommiserant,</strong></span> <span class='ocrx_word' id='word_1_660' title='bbox 1286 5172 1385 5245; x_wconf 82' lang='lat' dir='ltr'><strong>sed</strong></span> <span class='ocrx_word' id='word_1_661' title='bbox 1432 5172 1683 5230; x_wconf 81' lang='lat' dir='ltr'><strong>terrestri</strong></span> <span class='ocrx_word' id='word_1_662' title='bbox 1713 5177 1903 5245; x_wconf 65' lang='lat' dir='ltr'><strong>praelio</strong></span> 
     </span>
    </p>
   </div>
   <div class='ocr_carea' id='block_1_101' title="bbox 304 5240 1903 5315">
    <p class='ocr_par' dir='ltr' id='par_1_101' title="bbox 304 5240 1903 5315">
     <span class='ocr_line' id='line_1_101' title="bbox 304 5240 1903 5315; baseline 0.006 -23"><span class='ocrx_word' id='word_1_663' title='bbox 304 5258 460 5315; x_wconf 73' lang='lat' dir='ltr'><strong>:cum</strong></span> <span class='ocrx_word' id='word_1_664' title='bbox 480 5243 677 5315; x_wconf 53' lang='lat' dir='ltr'><strong>Persis</strong></span> <span class='ocrx_word' id='word_1_665' title='bbox 701 5240 1077 5315; x_wconf 80' lang='lat' dir='ltr'><strong>conflixerant.</strong></span> <span class='ocrx_word' id='word_1_666' title='bbox 1112 5242 1438 5313; x_wconf 87' lang='lat' dir='ltr'><strong>Metaphora</strong></span> <span class='ocrx_word' id='word_1_667' title='bbox 1464 5246 1631 5315; x_wconf 82' lang='lat' dir='ltr'><strong>igitur</strong></span> <span class='ocrx_word' id='word_1_668' title='bbox 1656 5240 1789 5301; x_wconf 76' lang='lat' dir='ltr'><strong>usus</strong></span> <span class='ocrx_word' id='word_1_669' title='bbox 1816 5255 1903 5301; x_wconf 83' lang='lat' dir='ltr'><strong>est</strong></span> 
     </span>
    </p>
   </div>
   <div class='ocr_carea' id='block_1_102' title="bbox 328 5312 1901 5385">
    <p class='ocr_par' dir='ltr' id='par_1_102' title="bbox 328 5312 1901 5385">
     <span class='ocr_line' id='line_1_102' title="bbox 328 5312 1901 5385; baseline 0.004 -19"><span class='ocrx_word' id='word_1_670' title='bbox 328 5312 439 5366; x_wconf 91' lang='lat' dir='ltr'><strong>hoc</strong></span> <span class='ocrx_word' id='word_1_671' title='bbox 480 5313 602 5365; x_wconf 91' lang='lat' dir='ltr'><strong>loco</strong></span> <span class='ocrx_word' id='word_1_672' title='bbox 628 5313 897 5381; x_wconf 83' lang='lat' dir='ltr'><strong>Evagrius</strong></span> <span class='ocrx_word' id='word_1_673' title='bbox 942 5323 1135 5385; x_wconf 81' lang='lat' dir='ltr'><strong>noster</strong></span> <span class='ocrx_word' id='word_1_674' title='bbox 1172 5330 1185 5365; x_wconf 90' lang='lat'><strong>:</strong></span> <span class='ocrx_word' id='word_1_675' title='bbox 1225 5312 1281 5385; x_wconf 77' lang='lat' dir='ltr'><strong>et</strong></span> <span class='ocrx_word' id='word_1_676' title='bbox 1309 5312 1746 5385; x_wconf 46' lang='lat' dir='ltr'><strong>castra&#39;quidcm</strong></span> <span class='ocrx_word' id='word_1_677' title='bbox 1789 5317 1901 5371; x_wconf 85' lang='lat' dir='ltr'><strong>Ro—</strong></span> 
     </span>
    </p>
   </div>
   <div class='ocr_carea' id='block_1_103' title="bbox 325 5382 1901 5458">
    <p class='ocr_par' dir='ltr' id='par_1_103' title="bbox 325 5382 1901 5458">
     <span class='ocr_line' id='line_1_103' title="bbox 325 5382 1901 5458; baseline 0.006 -23"><span class='ocrx_word' id='word_1_678' title='bbox 325 5397 618 5458; x_wconf 78' lang='lat' dir='ltr'><strong>manorum</strong></span> <span class='ocrx_word' id='word_1_679' title='bbox 664 5391 950 5451; x_wconf 87' lang='lat' dir='ltr'><strong>comparat</strong></span> <span class='ocrx_word' id='word_1_680' title='bbox 986 5382 1155 5437; x_wconf 89' lang='lat' dir='ltr'><strong>navi:</strong></span> <span class='ocrx_word' id='word_1_681' title='bbox 1188 5382 1687 5458; x_wconf 45' lang='lat' dir='ltr'><strong>seditionem—vero</strong></span> <span class='ocrx_word' id='word_1_682' title='bbox 1735 5403 1901 5458; x_wconf 91' lang='lat' dir='ltr'><strong>quam</strong></span> 
     </span>
    </p>
   </div>
   <div class='ocr_carea' id='block_1_104' title="bbox 326 5453 1454 5525">
    <p class='ocr_par' dir='ltr' id='par_1_104' title="bbox 326 5453 1454 5525">
     <span class='ocr_line' id='line_1_104' title="bbox 326 5453 1454 5525; baseline 0.004 -19"><span class='ocrx_word' id='word_1_683' title='bbox 326 5453 730 5525; x_wconf 74' lang='lat' dir='ltr'><strong>excitaverant,</strong></span> <span class='ocrx_word' id='word_1_684' title='bbox 784 5462 1069 5525; x_wconf 82' lang='lat' dir='ltr'><strong>comparat</strong></span> <span class='ocrx_word' id='word_1_685' title='bbox 1115 5456 1454 5525; x_wconf 87' lang='lat' dir='ltr'><strong>tempestati.</strong></span> 
     </span>
    </p>
   </div>
   <div class='ocr_carea' id='block_1_105' title="bbox 400 5521 1906 5594">
    <p class='ocr_par' dir='ltr' id='par_1_105' title="bbox 400 5521 1906 5594">
     <span class='ocr_line' id='line_1_105' title="bbox 400 5521 1906 5594; baseline 0.006 -20"><span class='ocrx_word' id='word_1_686' title='bbox 400 5523 513 5594; x_wconf 73' lang='grc'><strong>(35)</strong></span> <span class='ocrx_word' id='word_1_687' title='bbox 554 5521 683 5588; x_wconf 86' lang='grc' dir='ltr'>Πῶς</span> <span class='ocrx_word' id='word_1_688' title='bbox 705 5525 816 5591; x_wconf 85' lang='grc' dir='ltr'><strong>οὐχ</strong></span> <span class='ocrx_word' id='word_1_689' title='bbox 841 5523 1059 5592; x_wconf 72' lang='grc' dir='ltr'>ἕψομαι</span> <span class='ocrx_word' id='word_1_690' title='bbox 1088 5523 1160 5591; x_wconf 79' lang='grc' dir='ltr'>τῇ</span> <span class='ocrx_word' id='word_1_691' title='bbox 1197 5521 1324 5593; x_wconf 70' lang='grc' dir='ltr'>θείᾳ</span> <span class='ocrx_word' id='word_1_692' title='bbox 1354 5524 1431 5579; x_wconf 82' lang='grc' dir='ltr'><strong>ἂν</strong></span> <span class='ocrx_word' id='word_1_693' title='bbox 1478 5525 1646 5594; x_wconf 77' lang='grc' dir='ltr'>θέλῃ.</span> <span class='ocrx_word' id='word_1_694' title='bbox 1702 5528 1906 5584; x_wconf 84' lang='lat' dir='ltr'><strong>Deerat</strong></span> 
     </span>
    </p>
   </div>
   <div class='ocr_carea' id='block_1_106' title="bbox 326 5592 1902 5666">
    <p class='ocr_par' dir='ltr' id='par_1_106' title="bbox 326 5592 1902 5666">
     <span class='ocr_line' id='line_1_106' title="bbox 326 5592 1902 5666; baseline 0.005 -22"><span class='ocrx_word' id='word_1_695' title='bbox 326 5592 439 5666; x_wconf 62' lang='lat' dir='ltr'><strong>hoc</strong></span> <span class='ocrx_word' id='word_1_696' title='bbox 482 5593 605 5666; x_wconf 87' lang='lat' dir='ltr'><strong>loco</strong></span> <span class='ocrx_word' id='word_1_697' title='bbox 651 5594 863 5664; x_wconf 90' lang='lat' dir='ltr'><strong>integra</strong></span> <span class='ocrx_word' id='word_1_698' title='bbox 910 5595 1087 5666; x_wconf 79' lang='lat' dir='ltr'><strong>linea,</strong></span> <span class='ocrx_word' id='word_1_699' title='bbox 1127 5592 1303 5665; x_wconf 89' lang='lat' dir='ltr'><strong>quam</strong></span> <span class='ocrx_word' id='word_1_700' title='bbox 1338 5611 1405 5650; x_wconf 81' lang='lat' dir='ltr'><strong>ex</strong></span> <span class='ocrx_word' id='word_1_701' title='bbox 1460 5592 1669 5666; x_wconf 84' lang='lat' dir='ltr'><strong>optimo</strong></span> <span class='ocrx_word' id='word_1_702' title='bbox 1709 5598 1902 5653; x_wconf 90' lang='lat' dir='ltr'><strong>codice</strong></span> 
     </span>
    </p>
   </div>
   <div class='ocr_carea' id='block_1_107' title="bbox 326 5662 1902 5735">
    <p class='ocr_par' dir='ltr' id='par_1_107' title="bbox 326 5662 1902 5735">
     <span class='ocr_line' id='line_1_107' title="bbox 326 5662 1902 5735; baseline 0.005 -20"><span class='ocrx_word' id='word_1_703' title='bbox 326 5662 652 5735; x_wconf 68' lang='lat' dir='ltr'><strong>Florentino</strong></span> <span class='ocrx_word' id='word_1_704' title='bbox 674 5662 946 5733; x_wconf 83' lang='lat' dir='ltr'><strong>supplevi.</strong></span> <span class='ocrx_word' id='word_1_705' title='bbox 978 5662 1183 5719; x_wconf 87' lang='lat' dir='ltr'><strong>Eadem</strong></span> <span class='ocrx_word' id='word_1_706' title='bbox 1207 5682 1429 5735; x_wconf 90' lang='lat' dir='ltr'><strong>quoque</strong></span> <span class='ocrx_word' id='word_1_707' title='bbox 1451 5662 1647 5721; x_wconf 54' lang='lat' dir='ltr'><strong>la&#39;cuna</strong></span> <span class='ocrx_word' id='word_1_708' title='bbox 1681 5669 1902 5723; x_wconf 89' lang='lat' dir='ltr'><strong>videtur</strong></span> 
     </span>
    </p>
   </div>
   <div class='ocr_carea' id='block_1_108' title="bbox 325 5733 1899 5806">
    <p class='ocr_par' dir='ltr' id='par_1_108' title="bbox 325 5733 1899 5806">
     <span class='ocr_line' id='line_1_108' title="bbox 325 5733 1899 5806; baseline 0.006 -21"><span class='ocrx_word' id='word_1_709' title='bbox 325 5733 503 5786; x_wconf 86' lang='lat' dir='ltr'><strong>fuisse</strong></span> <span class='ocrx_word' id='word_1_710' title='bbox 538 5733 688 5806; x_wconf 82' lang='lat' dir='ltr'><strong>ineo</strong></span> <span class='ocrx_word' id='word_1_711' title='bbox 722 5734 916 5789; x_wconf 92' lang='lat' dir='ltr'><strong>codice</strong></span> <span class='ocrx_word' id='word_1_712' title='bbox 948 5750 1059 5805; x_wconf 92' lang='lat' dir='ltr'><strong>quo</strong></span> <span class='ocrx_word' id='word_1_713' title='bbox 1085 5733 1737 5806; x_wconf 26' lang='lat' dir='ltr'><strong>usus&#39;est‘Nicephorus.</strong></span> <span class='ocrx_word' id='word_1_714' title='bbox 1790 5739 1899 5795; x_wconf 88' lang='lat' dir='ltr'><strong>Ne-</strong></span> 
     </span>
    </p>
   </div>
   <div class='ocr_carea' id='block_1_109' title="bbox 328 5803 1899 5883">
    <p class='ocr_par' dir='ltr' id='par_1_109' title="bbox 328 5803 1899 5883">
     <span class='ocr_line' id='line_1_109' title="bbox 328 5803 1899 5883; baseline 0.006 -28"><span class='ocrx_word' id='word_1_715' title='bbox 328 5818 441 5883; x_wconf 83' lang='lat' dir='ltr'><strong>que</strong></span> <span class='ocrx_word' id='word_1_716' title='bbox 473 5803 624 5857; x_wconf 91' lang='lat' dir='ltr'><strong>enim</strong></span> <span class='ocrx_word' id='word_1_717' title='bbox 658 5803 1124 5883; x_wconf 28' lang='lat' dir='ltr'><strong>omissurus’erat</strong></span> <span class='ocrx_word' id='word_1_718' title='bbox 1144 5807 1462 5883; x_wconf 65' lang='lat' dir='ltr'><strong>prmclaram</strong></span> <span class='ocrx_word' id='word_1_719' title='bbox 1494 5803 1899 5883; x_wconf 24' lang='lat' dir='ltr'><strong>illam‘senten-</strong></span> 
     </span>
    </p>
   </div>
   <div class='ocr_carea' id='block_1_110' title="bbox 330 5876 1895 5951">
    <p class='ocr_par' dir='ltr' id='par_1_110' title="bbox 330 5876 1895 5951">
     <span class='ocr_line' id='line_1_110' title="bbox 330 5876 1895 5951; baseline 0.006 -23"><span class='ocrx_word' id='word_1_720' title='bbox 330 5876 465 5929; x_wconf 86' lang='lat' dir='ltr'><strong>tiam</strong></span> <span class='ocrx_word' id='word_1_721' title='bbox 497 5890 606 5946; x_wconf 89' lang='lat' dir='ltr'><strong>qua</strong></span> <span class='ocrx_word' id='word_1_722' title='bbox 635 5891 769 5933; x_wconf 90' lang='lat' dir='ltr'><strong>usus</strong></span> <span class='ocrx_word' id='word_1_723' title='bbox 801 5884 922 5934; x_wconf 88' lang='lat' dir='ltr'><strong>erat</strong></span> <span class='ocrx_word' id='word_1_724' title='bbox 954 5877 1250 5935; x_wconf 80' lang='lat' dir='ltr'><strong>Mauricius</strong></span> <span class='ocrx_word' id='word_1_725' title='bbox 1286 5898 1300 5931; x_wconf 88' lang='lat'><strong>:</strong></span> <span class='ocrx_word' id='word_1_726' title='bbox 1336 5876 1440 5933; x_wconf 87' lang='lat' dir='ltr'><strong>Cor</strong></span> <span class='ocrx_word' id='word_1_727' title='bbox 1476 5880 1610 5951; x_wconf 77' lang='lat' dir='ltr'><strong>regis</strong></span> <span class='ocrx_word' id='word_1_728' title='bbox 1643 5881 1697 5935; x_wconf 84' lang='lat' dir='ltr'><strong>in</strong></span> <span class='ocrx_word' id='word_1_729' title='bbox 1733 5898 1895 5937; x_wconf 72' lang='lat' dir='ltr'><strong>tuanu</strong></span> 
     </span>
    </p>
   </div>
   <div class='ocr_carea' id='block_1_111' title="bbox 2077 5036 3586 5111">
    <p class='ocr_par' dir='ltr' id='par_1_111' title="bbox 2077 5036 3586 5111">
     <span class='ocr_line' id='line_1_111' title="bbox 2077 5036 3586 5111; baseline 0.007 -19"><span class='ocrx_word' id='word_1_730' title='bbox 2077 5037 2188 5107; x_wconf 72' lang='grc'><strong>(54)</strong></span> <span class='ocrx_word' id='word_1_731' title='bbox 2236 5036 2572 5111; x_wconf 65' lang='grc' dir='ltr'>Παρὼερθη,</span> <span class='ocrx_word' id='word_1_732' title='bbox 2597 5036 2970 5111; x_wconf 59' lang='grc' dir='ltr'>δύσληπτος.</span> <span class='ocrx_word' id='word_1_733' title='bbox 3026 5040 3085 5095; x_wconf 81' lang='lat' dir='ltr'><strong>In</strong></span> <span class='ocrx_word' id='word_1_734' title='bbox 3132 5036 3342 5111; x_wconf 78' lang='lat' dir='ltr'><strong>optimo</strong></span> <span class='ocrx_word' id='word_1_735' title='bbox 3393 5044 3586 5102; x_wconf 87' lang='lat' dir='ltr'><strong>codice</strong></span> 
     </span>
    </p>
   </div>
   <div class='ocr_carea' id='block_1_112' title="bbox 2001 5107 3586 5188">
    <p class='ocr_par' dir='ltr' id='par_1_112' title="bbox 2001 5107 3586 5188">
     <span class='ocr_line' id='line_1_112' title="bbox 2001 5107 3586 5188; baseline 0.005 -26"><span class='ocrx_word' id='word_1_736' title='bbox 2001 5108 2327 5188; x_wconf 61' lang='lat' dir='ltr'><strong>Florentino</strong></span> <span class='ocrx_word' id='word_1_737' title='bbox 2371 5115 2529 5188; x_wconf 81' lang='lat' dir='ltr'><strong>_totus</strong></span> <span class='ocrx_word' id='word_1_738' title='bbox 2558 5107 2652 5163; x_wconf 91' lang='lat' dir='ltr'><strong>hic</strong></span> <span class='ocrx_word' id='word_1_739' title='bbox 2688 5111 2846 5188; x_wconf 74' lang='lat' dir='ltr'><strong>locus</strong></span> <span class='ocrx_word' id='word_1_740' title='bbox 2870 5107 3183 5188; x_wconf 59' lang='lat' dir='ltr'><strong>italegitur&#39;</strong></span> <span class='ocrx_word' id='word_1_741' title='bbox 3213 5129 3228 5167; x_wconf 88' lang='lat'><strong>:</strong></span> <span class='ocrx_word' id='word_1_742' title='bbox 3263 5114 3371 5188; x_wconf 61' lang='grc' dir='ltr'>Καὶ</span> <span class='ocrx_word' id='word_1_743' title='bbox 3397 5114 3586 5188; x_wconf 83' lang='grc' dir='ltr'>ὥσπερ</span> 
     </span>
    </p>
   </div>
   <div class='ocr_carea' id='block_1_113' title="bbox 2004 5178 3588 5252">
    <p class='ocr_par' dir='ltr' id='par_1_113' title="bbox 2004 5178 3588 5252">
     <span class='ocr_line' id='line_1_113' title="bbox 2004 5178 3588 5252; baseline 0.006 -22"><span class='ocrx_word' id='word_1_744' title='bbox 2004 5179 2332 5252; x_wconf 73' lang='grc' dir='ltr'>ἀγανακτῶν</span> <span class='ocrx_word' id='word_1_745' title='bbox 2368 5178 2452 5252; x_wconf 71' lang='grc' dir='ltr'><strong>ότι</strong></span> <span class='ocrx_word' id='word_1_746' title='bbox 2481 5194 2545 5245; x_wconf 88' lang='grc' dir='ltr'><strong>γε</strong></span> <span class='ocrx_word' id='word_1_747' title='bbox 2576 5179 2881 5252; x_wconf 66' lang='grc' dir='ltr'>παρώφθη,</span> <span class='ocrx_word' id='word_1_748' title='bbox 2911 5178 3219 5252; x_wconf 72' lang='grc' dir='ltr'>δύσληπτος</span> <span class='ocrx_word' id='word_1_749' title='bbox 3276 5180 3419 5238; x_wconf 76' lang='grc' dir='ltr'>εἶναι</span> <span class='ocrx_word' id='word_1_750' title='bbox 3452 5178 3588 5240; x_wconf 81' lang='grc' dir='ltr'>καθ’-</span> 
     </span>
    </p>
   </div>
   <div class='ocr_carea' id='block_1_114' title="bbox 2003 5247 3587 5325">
    <p class='ocr_par' dir='ltr' id='par_1_114' title="bbox 2003 5247 3587 5325">
     <span class='ocr_line' id='line_1_114' title="bbox 2003 5247 3587 5325; baseline 0.006 -24"><span class='ocrx_word' id='word_1_751' title='bbox 2003 5248 2152 5325; x_wconf 70' lang='grc' dir='ltr'>ἅπαξ</span> <span class='ocrx_word' id='word_1_752' title='bbox 2171 5252 2271 5325; x_wconf 80' lang='grc' dir='ltr'>οὐκ</span> <span class='ocrx_word' id='word_1_753' title='bbox 2294 5248 2569 5325; x_wconf 65' lang='grc' dir='ltr'>ἀνέχεται.</span> <span class='ocrx_word' id='word_1_754' title='bbox 2590 5247 3154 5325; x_wconf 48' lang='grc' dir='ltr'><strong>ῼριὶῐῐιβίάιιηιηιόᾲο</strong></span> <span class='ocrx_word' id='word_1_755' title='bbox 3175 5254 3469 5325; x_wconf 79' lang='lat' dir='ltr'><strong>disiunctis</strong></span> <span class='ocrx_word' id='word_1_756' title='bbox 3492 5273 3587 5311; x_wconf 84' lang='lat' dir='ltr'><strong>v0-</strong></span> 
     </span>
    </p>
   </div>
   <div class='ocr_carea' id='block_1_115' title="bbox 1998 5318 3587 5402">
    <p class='ocr_par' dir='ltr' id='par_1_115' title="bbox 1998 5318 3587 5402">
     <span class='ocr_line' id='line_1_115' title="bbox 1998 5318 3587 5402; baseline 0.005 -28"><span class='ocrx_word' id='word_1_757' title='bbox 1998 5320 2163 5402; x_wconf 72' lang='lat' dir='ltr'><strong>cibus</strong></span> <span class='ocrx_word' id='word_1_758' title='bbox 2193 5321 2446 5402; x_wconf 54' lang='lat' dir='ltr'><strong>legamus</strong></span> <span class='ocrx_word' id='word_1_759' title='bbox 2494 5318 2575 5382; x_wconf 78' lang='grc' dir='ltr'><strong>δὶς</strong></span> <span class='ocrx_word' id='word_1_760' title='bbox 2604 5318 2840 5399; x_wconf 71' lang='grc' dir='ltr'>ληπτός,</span> <span class='ocrx_word' id='word_1_761' title='bbox 2879 5318 3367 5402; x_wconf 44' lang='lat' dir='ltr'><strong>quemadmodum</strong></span> <span class='ocrx_word' id='word_1_762' title='bbox 3381 5327 3587 5397; x_wconf 84' lang='lat' dir='ltr'><strong>legitur</strong></span> 
     </span>
    </p>
   </div>
   <div class='ocr_carea' id='block_1_116' title="bbox 2006 5388 3587 5471">
    <p class='ocr_par' dir='ltr' id='par_1_116' title="bbox 2006 5388 3587 5471">
     <span class='ocr_line' id='line_1_116' title="bbox 2006 5388 3587 5471; baseline 0.006 -28"><span class='ocrx_word' id='word_1_763' title='bbox 2006 5391 2150 5471; x_wconf 79' lang='lat' dir='ltr'><strong>apud</strong></span> <span class='ocrx_word' id='word_1_764' title='bbox 2199 5388 2577 5471; x_wconf 48' lang='lat' dir='ltr'><strong>Nicephorum</strong></span> <span class='ocrx_word' id='word_1_765' title='bbox 2617 5388 2672 5444; x_wconf 86' lang='lat' dir='ltr'><strong>in</strong></span> <span class='ocrx_word' id='word_1_766' title='bbox 2704 5405 2842 5471; x_wconf 83' lang='lat' dir='ltr'><strong>_cap.</strong></span> <span class='ocrx_word' id='word_1_767' title='bbox 2874 5388 2958 5471; x_wconf 65' lang='lat' dir='ltr'><strong>j5</strong></span> <span class='ocrx_word' id='word_1_768' title='bbox 3136 5410 3288 5471; x_wconf 61' lang='lat' dir='ltr'><strong>xviii.</strong></span> <span class='ocrx_word' id='word_1_769' title='bbox 3324 5388 3587 5471; x_wconf 69' lang='lat' dir='ltr'><strong>Facéssat</strong></span> 
     </span>
    </p>
   </div>
   <div class='ocr_carea' id='block_1_117' title="bbox 2007 5459 3585 5587">
    <p class='ocr_par' dir='ltr' id='par_1_117' title="bbox 2007 5459 3585 5587">
     <span class='ocr_line' id='line_1_117' title="bbox 2007 5459 3585 5563; baseline 0.006 -50"><span class='ocrx_word' id='word_1_770' title='bbox 2007 5460 2175 5563; x_wconf 63' lang='lat' dir='ltr'><strong>igitur</strong></span> <span class='ocrx_word' id='word_1_771' title='bbox 2225 5459 2823 5543; x_wconf 66' lang='lat' dir='ltr'><strong>Christophorsoniet</strong></span> <span class='ocrx_word' id='word_1_772' title='bbox 2872 5463 3063 5518; x_wconf 90' lang='lat' dir='ltr'><strong>Savilii</strong></span> <span class='ocrx_word' id='word_1_773' title='bbox 3113 5464 3456 5535; x_wconf 89' lang='lat' dir='ltr'><strong>conjectura,</strong></span> <span class='ocrx_word' id='word_1_774' title='bbox 3488 5469 3585 5537; x_wconf 91' lang='lat' dir='ltr'><strong>qui</strong></span> 
     </span>
     <span class='ocr_line' id='line_1_118' title="bbox 2009 5532 3014 5587; baseline 0.004 -4"><span class='ocrx_word' id='word_1_775' title='bbox 2009 5547 2274 5587; x_wconf 54' lang='lat' dir='ltr'><strong>summa:</strong></span> <span class='ocrx_word' id='word_1_776' title='bbox 2308 5532 2415 5586; x_wconf 91' lang='lat' dir='ltr'><strong>hoc</strong></span> <span class='ocrx_word' id='word_1_777' title='bbox 2466 5532 2591 5585; x_wconf 93' lang='lat' dir='ltr'><strong>loco</strong></span> <span class='ocrx_word' id='word_1_778' title='bbox 2626 5533 3014 5587; x_wconf 78' lang='lat' dir='ltr'><strong>restituebant.</strong></span> 
     </span>
    </p>
   </div>
   <div class='ocr_carea' id='block_1_118' title="bbox 2009 5547 3014 5594">
    <p class='ocr_par' dir='ltr' id='par_1_118' title="bbox 2009 5547 3014 5594">
     <span class='ocr_line' id='line_1_119' title="bbox 2009 5547 3014 5594; baseline 0.006 -12"><span class='ocrx_word' id='word_1_779' title='bbox 2009 5547 2274 5594; x_wconf 67' lang='grc' dir='ltr'>εωιηπτος</span> <span class='ocrx_word' id='word_1_780' title='bbox 2308 5547 2415 5586; x_wconf 93' lang='lat' dir='ltr'><strong>noc</strong></span> <span class='ocrx_word' id='word_1_781' title='bbox 2466 5547 2591 5585; x_wconf 85' lang='lat' dir='ltr'><strong>IOCO</strong></span> <span class='ocrx_word' id='word_1_782' title='bbox 2626 5547 3014 5588; x_wconf 80' lang='lat' dir='ltr'><strong>resutuebant.</strong></span> 
     </span>
    </p>
   </div>
   <div class='ocr_carea' id='block_1_119' title="bbox 2081 5568 3585 5673">
    <p class='ocr_par' dir='ltr' id='par_1_119' title="bbox 2081 5568 3585 5673">
     <span class='ocr_line' id='line_1_120' title="bbox 2081 5568 3585 5673; baseline 0.007 -19"><span class='ocrx_word' id='word_1_783' title='bbox 2081 5568 3181 5673; x_wconf 56' lang='grc' dir='ltr'><strong>ῐὲξὲῖἲῶέῗγῖἀρνᾶζααὲςῒέἓαῗῖοἳξὲἕὸυλίᾳ.</strong></span> <span class='ocrx_word' id='word_1_784' title='bbox 3213 5602 3585 5664; x_wconf 89' lang='lat' dir='ltr'><strong>Scribendum</strong></span> 
     </span>
    </p>
   </div>
   <div class='ocr_carea' id='block_1_120' title="bbox 2006 5672 3583 5745">
    <p class='ocr_par' dir='ltr' id='par_1_120' title="bbox 2006 5672 3583 5745">
     <span class='ocr_line' id='line_1_121' title="bbox 2006 5672 3583 5745; baseline 0.004 -20"><span class='ocrx_word' id='word_1_785' title='bbox 2006 5681 2091 5745; x_wconf 79' lang='lat' dir='ltr'><strong>est</strong></span> <span class='ocrx_word' id='word_1_786' title='bbox 2137 5673 2334 5745; x_wconf 74' lang='lat' dir='ltr'><strong>prpcul</strong></span> <span class='ocrx_word' id='word_1_787' title='bbox 2387 5672 2561 5745; x_wconf 86' lang='lat' dir='ltr'><strong>dubio</strong></span> <span class='ocrx_word' id='word_1_788' title='bbox 2609 5673 2888 5745; x_wconf 79' lang='grc' dir='ltr'>εὐϐουλία,</span> <span class='ocrx_word' id='word_1_789' title='bbox 2932 5685 2989 5728; x_wconf 93' lang='lat' dir='ltr'><strong>et</strong></span> <span class='ocrx_word' id='word_1_790' title='bbox 3024 5676 3192 5743; x_wconf 90' lang='lat' dir='ltr'><strong>paulo</strong></span> <span class='ocrx_word' id='word_1_791' title='bbox 3225 5682 3350 5745; x_wconf 89' lang='lat' dir='ltr'><strong>post</strong></span> <span class='ocrx_word' id='word_1_792' title='bbox 3393 5677 3583 5731; x_wconf 79' lang='grc' dir='ltr'>εὐπεί-</span> 
     </span>
    </p>
   </div>
   <div class='ocr_carea' id='block_1_121' title="bbox 2006 5741 3584 5829">
    <p class='ocr_par' dir='ltr' id='par_1_121' title="bbox 2006 5741 3584 5829">
     <span class='ocr_line' id='line_1_122' title="bbox 2006 5741 3584 5829; baseline 0.008 -36"><span class='ocrx_word' id='word_1_793' title='bbox 2006 5741 2381 5829; x_wconf 60' lang='grc' dir='ltr'>θειαοὺξςιυο</span> <span class='ocrx_word' id='word_1_794' title='bbox 2414 5744 2756 5829; x_wconf 76' lang='lat' dir='ltr'><strong>subscripta.</strong></span> <span class='ocrx_word' id='word_1_795' title='bbox 2793 5744 2866 5829; x_wconf 44' lang='lat' dir='ltr'><strong>Id.</strong></span> <span class='ocrx_word' id='word_1_796' title='bbox 2896 5741 3047 5829; x_wconf 68' lang='lat' dir='ltr'><strong>enim</strong></span> <span class='ocrx_word' id='word_1_797' title='bbox 3100 5741 3388 5829; x_wconf 65' lang='lat' dir='ltr'><strong>postulant</strong></span> <span class='ocrx_word' id='word_1_798' title='bbox 3426 5747 3584 5829; x_wconf 66' lang='lat' dir='ltr'><strong>leges</strong></span> 
     </span>
    </p>
   </div>
   <div class='ocr_carea' id='block_1_122' title="bbox 2003 5814 3584 5888">
    <p class='ocr_par' dir='ltr' id='par_1_122' title="bbox 2003 5814 3584 5888">
     <span class='ocr_line' id='line_1_123' title="bbox 2003 5814 3584 5888; baseline 0.008 -26"><span class='ocrx_word' id='word_1_799' title='bbox 2003 5814 2413 5888; x_wconf 71' lang='lat' dir='ltr'><strong>grammaticm;</strong></span> <span class='ocrx_word' id='word_1_800' title='bbox 2451 5824 2619 5887; x_wconf 89' lang='lat' dir='ltr'><strong>atque</strong></span> <span class='ocrx_word' id='word_1_801' title='bbox 2667 5815 2744 5872; x_wconf 88' lang='lat' dir='ltr'><strong>ita</strong></span> <span class='ocrx_word' id='word_1_802' title='bbox 2792 5816 2962 5873; x_wconf 89' lang='lat' dir='ltr'><strong>etiam</strong></span> <span class='ocrx_word' id='word_1_803' title='bbox 3009 5814 3214 5888; x_wconf 88' lang='lat' dir='ltr'><strong>legitur</strong></span> <span class='ocrx_word' id='word_1_804' title='bbox 3244 5817 3390 5882; x_wconf 75' lang='lat' dir='ltr'><strong>apud</strong></span> <span class='ocrx_word' id='word_1_805' title='bbox 3423 5814 3584 5879; x_wconf 68' lang='lat' dir='ltr'><strong>Nice-</strong></span> 
     </span>
    </p>
   </div>
   <div class='ocr_carea' id='block_1_123' title="bbox 1957 5882 2260 5975">
    <p class='ocr_par' dir='ltr' id='par_1_123' title="bbox 1957 5882 2260 5975">
     <span class='ocr_line' id='line_1_124' title="bbox 1957 5882 2260 5975; baseline 0.013 -39"><span class='ocrx_word' id='word_1_806' title='bbox 1957 5955 1977 5975; x_wconf 50' lang='lat'><em>.</em></span> <span class='ocrx_word' id='word_1_807' title='bbox 2003 5882 2260 5952; x_wconf 84' lang='lat' dir='ltr'><strong>phorum.</strong></span> 
     </span>
    </p>
   </div>
  </div>
