4018 6502
269 401 424 468 2865

1198 401 1581 464 HISTORI/E
1619 399 2208 464 ECCLESIASTICIE
2247 401 2481 462 LIBER
2515 401 2619 464 VI.

2871 275 2892 308 δ

3423 399 3568 465 2866

275 515 477 567 λοιντο.
535 510 974 584 Μεταπέμπεται
1042 513 1335 585 τοιγαροῦν
1407 513 1739 569 Φιλιππικὸν
1809 515 1854 567 ὲκ

1975 512 2113 568 Cum
2141 515 2456 578 universos,
2493 513 2607 569 duo
2629 511 2855 570 circiter
2879 509 3170 569 hominum
3199 511 3396 579 millia,
3422 514 3567 570 toris

273 605 483 676 Ταρσῷ
510 606 608 676 τῆς
635 605 894 670 Κιλικίας
917 603 1197 675 διάγοντα,
1228 606 1592 678 ὲπειγόμενόν
1635 624 1696 660 τε
1727 604 1870 659 κατὰ

273 699 381 768 τὴν
399 696 662 768 βασιλέως
675 696 810 769 (38),
831 697 1200 771 ἀναγαγὼντῇ
1224 699 1469 772 βασιλείᾳ
1488 699 1612 771 περὶ
1639 699 1874 762 τούτων,

275 790 497 854 στείλας
537 807 598 844 τε
636 791 734 845 καὶ
761 790 863 856 τὰς
897 793 1051 863 παρὰ
1085 792 1181 846 τοῦ
1237 793 1470 864 στρατοῦ
1504 793 1639 864 περὶ
1672 793 1868 845 Φιλιπ-

270 881 443 935 πικοῦ
471 881 706 954 δεήσεις.
743 883 1056 939 ’Υπαντῶσι
1091 885 1274 939 τοίνυν
1298 885 1378 957 τῷ
1395 884 1704 956 Φιλιππικῷ
1728 885 1869 940 κατὰ

267 976 375 1045 τὴν
433 975 814 1034 Θεουπολιτῶν
855 979 1134 1051 γενομένῳ
1157 1020 1176 1045 ,
1225 980 1322 1033 καὶ
1358 979 1490 1042 τοὺς
1524 977 1867 1049 ἠξιωμένους

265 1072 377 1142 τῆς
399 1071 554 1138 θείας
581 1073 1010 1144 παλιγγενεσίας
1057 1075 1118 1140 ές
1159 1075 1398 1130 ἱκετείαν
1425 1073 1868 1147 προσλαϐόμενοι

266 1167 714 1236 προσπίπτουσιν
747 1168 940 1240 αὐτῷ*
969 1170 1065 1224 καὶ¹
1103 1170 1287 1236 δεξιὰς
1324 1169 1638 1240 ἀμνηστίας
1675 1167 1868 1222 λαϐόν-

262 1275 383 1322 τες.
416 1259 514 1312 σὺν
555 1258 708 1330 αὐτῷ
749 1260 852 1324 τὰς
879 1262 1336 1333 ὲπιστρατεύσεις
1366 1262 1671 1316 ποιοῦνται.
1707 1258 1869 1314 Οὓτω

267 1348 376 1417 μὲν
404 1347 469 1420 δὴ
497 1352 925 1423 προκεχωρήκει
955 1352 1160 1408 ταῦτα.

1979 603 2034 660 in
2060 605 2306 676 gramine
2331 605 2688 661 tumultuarie
2711 605 3032 676 compositis
3056 621 3212 661 coma
3234 606 3564 676 excepisset,

1978 697 2250 768 postridie
2287 697 2514 753 domum
2561 713 2818 755 reversus
2857 709 2962 754 est.
3017 699 3306 755 Placuerat
3355 710 3567 768 autem,

1979 801 2041 846 ut
2073 791 2280 847 milites
2311 808 2422 862 quo
2452 792 2507 846 in
2536 793 2660 848 loco
2697 793 2924 858 vellent,
2971 791 3026 846 in
3077 807 3250 847 unum
3298 792 3565 849 conveni-

1977 893 2122 938 rent.
2173 883 2472 956 Gregorius
2519 885 2686 956 igitur
2736 884 3104 955 Philippicum
3155 887 3393 940 accersit
3445 887 3562 957 qui,

1979 985 2095 1032 tum
2145 977 2294 1046 apud
2340 976 2575 1032 Tarsum
2621 977 2814 1033 urbem
2864 977 3070 1034 Cilicia:
3109 980 3459 1045 morabatur,
3507 991 3565 1038 et

1969 1068 2503 1140 Constantinopolim
2549 1070 2958 1140 quamprimum
3001 1070 3274 1142 proﬁcisci
3310 1071 3562 1141 parabat.

1970 1165 2145 1221 Porro
2182 1163 2252 1220 de
2280 1164 2369 1220 his
2401 1163 2571 1220 rebus
2598 1163 2668 1218 ad
2701 1164 3092 1234 imperatorem
3135 1165 3344 1230 retulit,
3378 1165 3564 1221 missis

1969 1257 2138 1312 etiam
2159 1256 2657 1328 supplicationibus
2681 1257 2941 1321 militum,
2964 1258 3168 1328 quibus
3190 1257 3560 1329 Philippicnm

1971 1349 2172 1406 ducem
2213 1350 2593 1423 postulabant.
2633 1349 2770 1407 Cum
2810 1366 2941 1422 ergo
2984 1351 3329 1422 Philippicns
3364 1349 3562 1405 Antio-

263 1443 455 1500 chiam
484 1447 751 1515 venisset,
777 1449 984 1505 milites
1010 1449 1127 1505 illic
1155 1448 1207 1504 ei
1235 1458 1582 1506 occurrunt:
1614 1459 1672 1506 et
1701 1451 1770 1506 iis
1800 1449 1898 1522 qui
1934 1449 2136 1506 divinae
2174 1445 2612 1517 regenerationis
2647 1445 2927 1502 lavacrum
2994 1443 3282 1516 promeriti
3319 1444 3559 1508 fuerant,

262 1538 338 1592 ad
373 1540 796 1610 supplicandum
827 1557 930 1614 pro
968 1542 1388 1614 seassumptis,
1423 1542 1490 1598 ad
1558 1559 1736 1616 genua
1805 1543 1924 1616 ejus
1982 1539 2377 1613 procumbunt.
2433 1539 2538 1607 Qui
2587 1555 2714 1596 cum
2780 1539 2972 1595 dextra
3039 1540 3164 1594 data
3224 1539 3561 1593 oblivionem

264 1637 680 1706 praeteritorum
728 1639 813 1696 eis
858 1640 1272 1708 conﬁrmasset,
1321 1641 1530 1699 milites
1576 1657 1688 1697 una
1734 1657 1866 1698 cum
1921 1640 2019 1696 illo
2083 1640 2140 1695 in
2169 1639 2586 1711 expeditionem
2622 1636 2856 1710 profecti
2890 1645 3041 1694 sunt.
3083 1636 3263 1706 Atque
3293 1637 3409 1692 lnec
3431 1637 3560 1707 qni-

263 1734 396 1789 dem
424 1734 572 1791 hunc
605 1734 660 1791 in
683 1735 910 1793 modum
932 1752 1278 1808 processere.

848 1869 1106 1924 ΚΕΦΑΛ.
1163 1870 1263 1925 1Δ¹.

397 1959 540 2030 amt
569 1959 682 2030 τῆς
724 1959 1010 2030 ἁλώσεως
1055 1962 1570 2032 Μαρτυροπόλεως
1612 1963 1714 2034 (n).

336 2076 531 2142 Σίττας
585 2077 644 2131 δέ
696 2094 783 2143 τις
844 2077 955 2133 τῶν
991 2079 1051 2133 ὲν
1112 2079 1541 2151 Μαρτυροπόλει
1587 2079 1859 2152 δεκαδάρ-

256 2188 375 2240 χων
408 2169 547 2241 (39),
579 2169 716 2242 πρός
762 2187 886 2225 τινα
923 2171 1034 2225 τῶν
1079 2171 1271 2227 αὐτόθι
1313 2171 1729 2244 στρατιωτικῶν
1757 2172 1858 2244 ἀρ·-

256 2264 468 2335 χὰντων
520 2263 809 2336 λυπηθεὶς,
863 2265 1310 2338 καταπροδίδωσι
1359 2267 1462 2338 τὴν
1521 2266 1696 2331 πόλιν,
1755 2265 1858 2337 τὴν

253 2355 552 2427 ἀπόλειψιν
576 2357 688 2411 τῶν
712 2356 1110 2429 ἐγκαθημένων
1145 2359 1317 2430 αὐτὴν
1356 2359 1470 2430 (40)
1505 2359 1856 2430 στρατιωτῶν

253 2449 634 2520 ἐπιτηρήσαςο
664 2450 760 2503 καὶ
794 2449 953 2521 λόχον
998 2451 1275 2521 Περσικὸν
1310 2452 1424 2524 (41)
1465 2451 1541 2515 ὡς
1581 2450 1854 2521 Ῥωμαῖον

253 2542 597 2610 είσαγαγὼν,
616 2542 716 2614 τὴν
741 2542 898 2597 πόλιν
930 2545 1217 2615 κατέσχεν,
1247 2544 1678 2618 ὲπικαιροτάτην
1720 2544 1854 2598 Ῥω-

255 2629 446 2699 μαίοις
484 2629 864 2685 καθεστῶσανο
907 2633 978 2688 τὰ
1013 2633 1113 2703 μὲν
1145 2633 1316 2689 πολλὰ
1342 2634 1453 2689 τῶν
1478 2635 1720 2703 γυναίων
1741 2634 1852 2687 τῶν

254 2721 638 2795 σφριγῶντων,
680 2725 814 2779 εῐσω
852 2728 1154 2800 κρατήσας·
1193 2726 1444 2793 ἅπαντας
1485 2727 1543 2782 δὲ
1591 2727 1721 2793 τοὺς
1755 2727 1850 2782 όιλ-

254 2815 388 2880 λους
437 2817 611 2888 χωρὶς
662 2819 822 2872 ἐνίων
879 2820 1110 2874 οίκετῶν
1157 2820 1440 2889 ἐξελάσας.
1487 2821 1709 2887 Εὐθέως
1749 2819 1850 2893 μὲν

252 2903 354 2964 οὖν
389 2911 418 2964 ό
459 2910 788 2977 Φιλιππικδς
829 2910 997 2966 αὐτοῦ
1039 2912 1141 2984 τὴν
1193 2910 1383 2967 ἔλασιν
1427 2912 1670 2966 ἐποιεῖτο
1694 2953 1709 2978 ,
1751 2913 1848 2965 καὶ

2489 1865 2655 1940 464
2685 1865 2839 1923 CAP.
2879 1865 3021 1923 xxv.

2261 1960 2537 2028 Quomodo
2564 1967 2722 2030 capta
2747 1960 2815 2013 ait
2842 1957 3246 2030 Martyropolis.

2031 2080 2247 2138 Interea
2277 2078 2446 2136 Sittas
2489 2076 2738 2149 quidam,
2783 2075 2878 2146 qui
2911 2075 3154 2131 decanus
3195 2083 3315 2131 erat
3349 2075 3550 2149 Marty-

1959 2170 2160 2242 ropoli,
2204 2169 2459 2242 injuriam
2505 2167 2612 2223 sibi
2656 2166 2862 2222 illatam
2892 2181 2923 2222 a
2953 2166 3191 2236 quodam
3230 2182 3297 2221 ex
3338 2168 3550 2225 militiae

1957 2262 2270 2318 rectoribus
2315 2276 2458 2334 aegre
2501 2259 2707 2326 ferens,
2755 2258 2949 2314 urbem
2990 2259 3243 2314 hostibus
3278 2261 3548 2330 prodidit,

1957 2353 2254 2410 observato
2283 2363 2532 2424 tempore
2559 2367 2672 2423 quo
2709 2351 2915 2406 milites
2944 2350 3274 2421 praesidiarii
3304 2368 3372 2406 ex
3406 2353 3547 2410 urbe

1955 2444 2325 2501 discesserant
2361 2463 2374 2499 :
2404 2443 2826 2513 introductaque
2852 2443 3142 2498 Persarum
3166 2445 3418 2510 cohorte,
3451 2462 3548 2516 pe-

1954 2537 2112 2592 rinde
2160 2553 2224 2593 ac
2265 2537 2312 2592 si
2352 2552 2417 2592 ea
2458 2537 2835 2590 Romanorum
2877 2535 3082 2590 cohors
3128 2546 3299 2600 esset,
3347 2538 3546 2594 urbem

1952 2631 2245 2700 occupavit
2291 2629 2594 2684 admodum
2625 2637 2994 2699 opportunam
3048 2628 3334 2685 Romanis.
3371 2632 3439 2686 Et
3471 2647 3543 2687 ex

1946 2722 2265 2794 junioribus
2303 2721 2526 2792 quidem
2558 2719 2797 2787 feminis,
2828 2719 3123 2792 plerasque
3163 2722 3307 2776 intra
3340 2723 3540 2778 urbem

1952 2815 2220 2870 retinuit:
2257 2815 2502 2884 reliquos
2545 2823 2735 2868 autem
2776 2828 2991 2880 omnes,
3041 2817 3292 2886 exceptis
3324 2817 3540 2888 aliquot

1949 2908 2210 2972 servulis,
2264 2908 2446 2981 ejecit.
2497 2907 2800 2965 Confestim
2854 2908 3028 2979 igitur
3077 2909 3418 2980 Philippicus
3467 2926 3536 2964 eo

251 2999 642 3074 περικαθήσας
680 3001 727 3034 ³⁸
769 3001 871 3073 τὴν
911 3001 1074 3055 πόλιν
1105 3000 1441 3073 ἐπολιόρκει,
1465 3001 1619 3056 οὐδὲν
1654 3002 1764 3055 τῶν
1787 3003 1846 3066 ές

1959 2999 2249 3069 profectus,
2303 2999 2499 3055 urbem
2542 2999 2833 3055 obsidione
2879 2999 3072 3062 cinxit,
3125 3001 3340 3056 tametsi
3395 3001 3536 3056 nihil

251 3092 582 3166 πολιορκίαν
635 3093 960 3164 ἐπιτηδείων
1010 3093 1172 3164 ἔχων·
1222 3094 1374 3164 ὅμως
1422 3094 1467 3147 δ’
1505 3092 1602 3148 οὖν
1639 3093 1705 3146 ἐκ
1733 3092 1846 3147 τῶν

1959 3107 2141 3148 eorum
2174 3107 2297 3163 quae
2345 3091 2414 3146 ad
2464 3092 2813 3148 obsidionem
2867 3093 3176 3148 necessaria
3226 3102 3376 3158 sunt,
3429 3095 3536 3167 ipsi

251 3183 548 3254 παρόντων
592 3183 744 3256 αὑτῷ
770 3183 1087 3256 διεμάχετο,
1134 3183 1230 3239 καί
1260 3203 1421 3250 τινας
1450 3184 1720 3256 διώρυχας
1749 3186 1844 3255 ὲρ-

1959 3193 2291 3256 suppeteret.
2328 3184 2704 3240 Nihilominus
2749 3185 2818 3240 iis
2855 3199 2978 3254 qua
3006 3185 3076 3239 ad
3111 3200 3334 3241 manum
3372 3198 3541 3244 erant

248 3274 587 3346 γασὰμενος,
617 3273 801 3345 ῥίπτει
827 3274 938 3327 τῶν
969 3273 1194 3346 πύργων
1214 3274 1331 3329 ἕνα.
1361 3274 1438 3328 Ού
1472 3275 1582 3347 μὴν
1607 3274 1708 3346 τὴν
1752 3275 1848 3327 πό-

1959 3286 2136 3342 utens,
2167 3277 2363 3332 urbem
2388 3277 2748 3347 oppugnavit,
2792 3278 3044 3346 actisque
3073 3279 3404 3348 quibusdam
3435 3298 3529 3337 en-

249 3364 340 3420 λιν
369 3367 624 3438 ἐξίσχυσε
651 3367 1084 3440 περιστήσεσθαι
1109 3367 1208 3441 (0),
1246 3366 1358 3422 τῶν
1398 3367 1626 3438 Περσῶν
1659 3369 1843 3422 διανυ-

251 3459 674 3529 κτερευσάντων
700 3501 716 3527 ,
756 3459 854 3514 καὶ
907 3459 969 3514 τδ
1005 3459 1299 3524 πεπτωκὸς
1350 3458 1844 3530 κατασφαλισαμέ-

249 3567 381 3604 νων.
431 3550 523 3614 Ὠς
561 3550 618 3605 δὲ
664 3553 835 3624 συχνὰ
877 3552 1317 3624 προσϐάλλοντες
1352 3553 1402 3606 oi
1457 3552 1722 3624 Ῥωμαῖοι
1764 3553 1844 3624 τῷ

247 3642 446 3713 τείχει,
494 3643 868 3715 ἀπεκρούοντο
900 3645 920 3717 (
947 3646 1222 3700 ἐπίσκοπα
1275 3646 1383 3718 γὰρ
1414 3645 1474 3714 ἐξ
1513 3646 1843 3718 ὑπερδεξιῶν

246 3735 486 3805 ἐφέρετο
516 3737 640 3790 κατ’
670 3737 852 3791 αὐτῶν
883 3738 952 3795 τὰ
1001 3737 1154 3809 βέλη,
1193 3739 1290 3792 καὶ
1318 3739 1480 3795 πλέον
1509 3739 1842 3794 ἐϐλάπτοντο

243 3825 280 3895 ἢ
327 3826 455 3890 τοὺς
505 3825 652 3880 ἔνδον
678 3825 957 3894 ἐλύπουν),
1014 3829 1204 3885 λύουσι
1227 3831 1328 3905 τὴν
1365 3833 1703 3906 πολιορκίαν
1746 3834 1841 3888 καὶ

245 3917 486 3989 σμικρὸν
510 3918 852 3984 διαστάντες,
885 3923 1404 3991 στρατοπεδεύονται
1440 3926 1622 3998 μόνον,
1664 3927 1725 3980 τὸ
1761 3925 1838 4000 μὴ

246 4009 476 4080 ἐτέρους
499 4011 863 4084 προστεθῆναι
897 4013 1138 4085 Πέρσας,
1186 4017 1601 4092 ἐπιτηροῦντες.
1631 4019 1838 4074 Κελεύ-

247 4119 426 4174 σμασι
445 4103 502 4160 δδ
531 4105 862 4178 Μαυρικίου,
887 4104 984 4161 καὶ
1024 4107 1326 4182 Γρηγόριος
1356 4113 1669 4182 ἀφικνεῖται
1699 4111 1837 4183 πρὸς

1946 3370 2150 3426 uiculis
2198 3358 2366 3425 unam
2410 3385 2479 3424 ex
2512 3369 2760 3424 turribus
2789 3369 3010 3440 dejecit.
3046 3369 3153 3426 Sed
3191 3387 3317 3427 cum
3352 3374 3534 3430 Persa:

1948 3471 2061 3518 tota
2088 3471 2247 3518 nocte
2281 3461 2586 3528 insomnes,
2627 3461 2683 3517 id
2713 3462 2860 3532 quod
2894 3464 3200 3535 collapsum
3232 3465 3414 3521 fuerat
3445 3466 3531 3522 in-

1945 3564 2310 3622 staurassent,
2367 3555 2561 3610 urbem
2614 3570 2934 3628 expugnare
2985 3574 3095 3612 non
3140 3559 3340 3628 potuit.
3391 3561 3529 3616 Cum

1944 3649 2115 3721 igitur
2159 3648 2391 3704 Romani
2431 3649 2634 3705 crebro
2668 3666 2888 3705 murum
2919 3651 3122 3717 adorti,
3172 3652 3394 3708 assidue
3438 3671 3529 3709 re-

1943 3739 2320 3811 pellerentnr;
2368 3740 2473 3795 tela
2519 3739 2668 3795 enim
2709 3755 2778 3795 ex
2829 3741 3117 3810 superiore
3164 3743 3286 3796 loco
3333 3744 3387 3797 in
3428 3758 3528 3799 eos

1942 3833 2133 3899 missa,
2182 3847 2312 3888 raro
2362 3848 2393 3888 a
2439 3849 2608 3903 scopo
2660 3832 3012 3899 aberrabant,
3050 3835 3122 3888 ita
3160 3844 3219 3890 ut
3253 3836 3357 3906 ipsi
3401 3836 3527 3905 plus

1941 3923 2262 3981 detrimenti
2313 3925 2634 3995 acciperent
2684 3941 2850 3996 quam
2909 3925 3168 3982 hostibus
3215 3927 3522 3994 inferrent;

1939 4017 2284 4074 obsidionem
2317 4017 2626 4073 solverunt.
2665 4018 2745 4074 Ac
2771 4018 3059 4090 paululum
3094 4019 3222 4075 inde
3263 4019 3526 4092 digressi,

1939 4110 2312 4168 castrametati
2365 4120 2517 4178 sunt,
2555 4111 2613 4168 id
2651 4127 2822 4167 unum
2867 4111 3106 4168 sollicite
3139 4112 3520 4178 observantes,

1563 4269 1644 4326 VA
1656 4270 1798 4329 RlA‘}
1834 4267 2242 4324 LECTIONES.

323 4377 366 4408 ⁸⁵³
393 4377 455 4433 C.
481 4376 543 4434 C.
587 4379 1010 4454 παρακαθήσας.

1447 4502 1718 4563 VALESll
1749 4504 2308 4566 ANNOTATIONES.

316 4632 430 4716 (5?)
479 4634 902 4716 ’ἔπειπίμενάν
932 4655 999 4693 τε
1035 4638 1185 4716 και-εὶ
1215 4641 1338 4716 τὴν
1368 4642 1693 4716 βασιλέως.
1714 4644 1830 4716 7A9-
1855 4643 1909 4703 D
1936 4643 2036 4716 κοῦ
2061 4643 2374 4716 ,τάγματος
2423 4644 2807 4716 καθεστηκώς.
2859 4645 2924 4701 Hi
2970 4663 3000 4702 a
3051 4648 3266 4705 Latinis
3315 4649 3512 4707 decani

238 4706 997 4784 senu_tior__Cbristophorsono
1042 4719 1100 4764 et
1131 4706 1377 4784 Savilio,‘
1408 4714 1505 4783 qui
1538 4706 1664 4784 post
1714 4715 1832 4770 haec

239 4776 416 4830 verba
436 4776 852 4854 distinctionem
877 4783 1408 4854 apposuernnt.Est
1428 4776 1579 4838 enim
1602 4799 1831 4854 prorsus

239 4847 576 4923 necessaria.
600 4848 709 4904 Sed
729 4860 792 4923 _e_t
809 4847 1090 4923 ante—illos
1113 4852 1459 4923 Nieephorns
1481 4847 1628 4909 hunc
1646 4855 1828 4910 locum

239 4916 694 4996 ita_distinx_erat_.
729 4921 1150 4996 M_eliu_s‘tamen
1181 4916 1528 4995 Nicephorus
1558 4925 1827 4996 scriptum

237 4986 414 5060 habet
453 4989 592 5060 πρὸς
623 4991 722 5060 τὴν
759 4991 1050 5060 βασιλέως.

314 5058 429 5128 (39)
475 5059 606 5135 Τῶν-
638 5058 710 5135 ἐκ
739 5059 1194 5135 Μαρτυροπρλει
1240 5063 1567 5135 δεκάρχων.
1603 5066 1830 5122 Rectius

239 5128 298 5183 in
332 5132 723 5204 manuscriptis
746 5128 1032 5189 codicibus
1064 5128 1470 5191 Florentino-et
1510 5136 1826 5194 Telleriano

237 5201 511 5286 scribitur
532 5201 905 5286 δεκαδάρχων,
935 5205 1404 5286 quemadmodum
1425 5206 1592 5286 etiam
1617 5208 1821 5264 Vulco-

237 5270 368 5348 bins
396 5288 462 5328 ac
477 5272 716 5348 S_avilins
737 5270 802 5329 in'
822 5270 1074 5348 margine
1095 5292 1319 5348 suorum
1345 5276 1601 5333 codicum
1631 5294 1822 5334 emen-

237 5342 464 5417 darnnt.
494 5342 844 5417 Nicephorus
873 5346 928 5400 in
951 5342 1077 5417 cap.
1105 5347 1170 5402 17
1192 5348 1291 5403 lib.
1317 5363 1465 5415 xvm,
1499 5348 1651 5404 hunc
1678 5351 1819 5405 Eva-

234 5413 340 5482 grii
371 5415 554 5470 locum
582 5413 657 5471 ita
686 5417 913 5487 exponit
949 5434 965 5472 :
1004 5413 1234 5482 Ᾰεκάδος
1273 5413 1458 5493 ἄρχων
1495 5437 1816 5491 στρατιωτι-

1932 4715 2286 4780 dicebantnr,
2316 4731 2429 4772 non
2453 4725 2640 4772 autem
2660 4715 3028 4782 decuriones,
3057 4731 3119 4774 nt
3149 4721 3430 4776 Muscnlus
3460 4731 3520 4778 ct

1931 4785 2486 4857 Christophorsonus
2512 4787 2974 4857 interpretantur.
3010 4790 3271 4846 Testatur
3305 4791 3359 4845 id
3407 4790 3515 4847 Ve-

1931 4856 2117 4928 getius
2145 4857 2202 4928 in
2224 4858 2409 4928 cap.r8
2433 4856 2534 4914 lib.
2565 4873 2626 4928 in,
2648 4856 2818 4928 agens
2849 4859 2919 4913 de
2949 4862 3373 4917 centurionibus
3395 4862 3514 4919 sive

1931 4927 2522 4994 ordinariisaErant,
2571 4927 2775 4998 inquit,
2825 4930 3014 4984 decani
3062 4932 3209 4986 denis
3261 4931 3514 4990 militibus

1931 4998 2227 5070 prquositi,
2262 5001 2352 5070 qui
2376 5017 2518 5054 nunc
2550 5009 2711 5070 caput
2755 5004 3088 5056 contubernii
3125 5013 3406 5060 vocantur.

2002 5069 2113 5140 (i0)
2159 5068 2282 5140 Τῶν
2341 5068 2768 5140 ἐγκαθημένων
2831 5070 3045 5138 αὑτήν.
3094 5075 3289 5130 Procul
3341 5075 3514 5130 dubio

1931 5138 2288 5262 scribendum
2314 5150 2400 5197 est
2425 5138 2587 5212 αύτῇζ
2612 5140 2706 5198 Sic
2731 5142 2882 5198 enim
2911 5142 2999 5198 lex
3022 5147 3380 5216 grammatica
3413 5164 3513 5216 po-

1931 5220 2016 5262 stu
2045 5220 2121 5262 at.

1928 5220 2121 5265 stulat.

1999 5280 2113 5348 (41)
2156 5280 2352 5349 Λόχον
2393 5285 2710 5357 Περσικόν.
2756 5285 3200 5357 Quadringentos
3255 5285 3514 5342 homines

1922 5360 2206 5477 pigmaltps,
2265 5361 2327 5406 ut
2391 5354 2590 5411 scribit
2639 5354 3122 5430 Theophylact'ns,
3194 5357 3251 5413 in
3317 5374 3440 5428 cap.
3478 5357 3512 5413 5

1946 5437 2021 5476 lD.
2057 5437 2137 5476 Ill.

1685 5573 2072 5635 VARIORUM.

306 5679 716 5774 ('El,_"€8_’£'79
742 5686 1025 5774 éﬁ‘imc
1043 5690 1578 5774 ,Μαρῑιξροξτότιεειξςο
1603 5691 1779 5774 Nam

1987 5693 2060 5763 (ο)
2093 5696 2174 5770 οὐ
2194 5698 2322 5764 μὴν
2342 5697 2457 5764 τὴν
2480 5700 2663 5752 πόλιν
2689 5699 2986 5769 ἐξίσχυσε
3011 5700 3502 5770 περιστήσεσθαι.

228 5753 472 5839 ῖοβίξιίε,
495 5753 1122 5839 ur_b3;'erat_r.\rmeniaz-
1143 5753 1370 5839 'Maj'oris
1489 5753 1807 5839 prhanine
1917 5753 2755 5839 LugendumHtapéorﬁaaaOat:
2785 5753 2894 5839 qua
2924 5753 3334 5828 vocei'nsnsest
3367 5753 3504 5826 Etsi

229 5826 607 5902 tractu,jnx_ta
630 5827 960 5897 Nymphium
996 5826 1248 5897 ﬂuvium,
1300 5832 1356 5886 in
1407 5826 1809 5902 Mesopotamiae

229 5896 498 5951 conﬁnio.
547 5896 846 5956 lituorum.

1924 5838 2077 5906 grins
2127 5837 2190 5891 ad
2231 5837 2394 5894 tinent
2431 5839 2646 5909 capitis.
2680 5841 2765 5896 W.
2804 5837 3028 5897 Lowrn.
