  <div class='ocr_page' id='page_1' title='image "/cluster/home/n/w/nwhite01/storage/ocr_20150623/86:2/hvd.32044012719696/563.png"; bbox 0 0 3908 6522; ppageno 0'>
   <div class='ocr_carea' id='block_1_1' title="bbox 546 425 687 492">
    <p class='ocr_par' dir='ltr' id='par_1_1' title="bbox 546 425 687 492">
     <span class='ocr_line' id='line_1_1' title="bbox 546 425 687 492; baseline 0 -1"><span class='ocrx_word' id='word_1_1' title='bbox 546 425 687 492; x_wconf 76' lang='grc'><strong>2867</strong></span> 
     </span>
    </p>
   </div>
   <div class='ocr_carea' id='block_1_2' title="bbox 1756 416 2639 487">
    <p class='ocr_par' dir='ltr' id='par_1_2' title="bbox 1756 416 2639 487">
     <span class='ocr_line' id='line_1_2' title="bbox 1756 416 2639 487; baseline 0.003 -3"><span class='ocrx_word' id='word_1_2' title='bbox 1756 416 2068 486; x_wconf 78' lang='lat' dir='ltr'><strong>EVAGRII</strong></span> <span class='ocrx_word' id='word_1_3' title='bbox 2110 424 2597 487; x_wconf 74' lang='lat' dir='ltr'><strong>SCHOLASTICI</strong></span> <span class='ocrx_word' id='word_1_4' title='bbox 2634 428 2639 431; x_wconf 77' lang='grc'><em>’</em></span> 
     </span>
    </p>
   </div>
   <div class='ocr_carea' id='block_1_3' title="bbox 3650 439 3763 505">
    <p class='ocr_par' dir='ltr' id='par_1_3' title="bbox 3650 439 3763 505">
     <span class='ocr_line' id='line_1_3' title="bbox 3650 439 3763 505; baseline 0 0"><span class='ocrx_word' id='word_1_5' title='bbox 3650 439 3763 505; x_wconf 72' lang='grc'><strong>2868</strong></span> 
     </span>
    </p>
   </div>
   <div class='ocr_carea' id='block_1_4' title="bbox 546 538 2112 619">
    <p class='ocr_par' dir='ltr' id='par_1_4' title="bbox 546 538 2112 610">
     <span class='ocr_line' id='line_1_4' title="bbox 546 538 2112 610; baseline -0.004 -13"><span class='ocrx_word' id='word_1_6' title='bbox 546 559 617 599; x_wconf 89' lang='lat' dir='ltr'><strong>ne</strong></span> <span class='ocrx_word' id='word_1_7' title='bbox 665 539 847 595; x_wconf 90' lang='lat' dir='ltr'><strong>Persis</strong></span> <span class='ocrx_word' id='word_1_8' title='bbox 878 539 972 610; x_wconf 85' lang='lat' dir='ltr'><strong>qui</strong></span> <span class='ocrx_word' id='word_1_9' title='bbox 1005 538 1219 594; x_wconf 85' lang='lat' dir='ltr'><strong>obsessi</strong></span> <span class='ocrx_word' id='word_1_10' title='bbox 1270 548 1459 605; x_wconf 86' lang='lat' dir='ltr'><strong>erant,</strong></span> <span class='ocrx_word' id='word_1_11' title='bbox 1510 540 1620 594; x_wconf 89' lang='lat' dir='ltr'><strong>ulla</strong></span> <span class='ocrx_word' id='word_1_12' title='bbox 1672 538 2112 593; x_wconf 82' lang='lat' dir='ltr'><strong>submitterentm</strong></span> 
     </span>
    </p>
   </div>
   <div class='ocr_carea' id='block_1_5' title="bbox 2219 538 3761 619">
    <p class='ocr_par' dir='ltr' id='par_1_5' title="bbox 2234 540 3761 619">
     <span class='ocr_line' id='line_1_5' title="bbox 2234 540 3761 619; baseline 0.01 -28"><span class='ocrx_word' id='word_1_13' title='bbox 2234 540 2294 592; x_wconf 84' lang='grc' dir='ltr'><strong>τδ</strong></span> <span class='ocrx_word' id='word_1_14' title='bbox 2355 541 2735 612; x_wconf 85' lang='grc' dir='ltr'><strong>στρατόπεδον,</strong></span> <span class='ocrx_word' id='word_1_15' title='bbox 2795 542 2886 595; x_wconf 71' lang='grc' dir='ltr'><strong>καὶ</strong></span> <span class='ocrx_word' id='word_1_16' title='bbox 2941 543 3117 596; x_wconf 83' lang='grc' dir='ltr'>πείθει</span> <span class='ocrx_word' id='word_1_17' title='bbox 3172 544 3308 616; x_wconf 61' lang='grc' dir='ltr'><strong>πρὸς</strong></span> <span class='ocrx_word' id='word_1_18' title='bbox 3357 546 3453 618; x_wconf 83' lang='grc' dir='ltr'><strong>τὴν</strong></span> <span class='ocrx_word' id='word_1_19' title='bbox 3498 544 3761 619; x_wconf 64' lang='grc' dir='ltr'><strong>πολιορκίαν</strong></span> 
     </span>
    </p>
   </div>
   <div class='ocr_carea' id='block_1_6' title="bbox 545 630 2135 702">
    <p class='ocr_par' dir='ltr' id='par_1_6' title="bbox 545 630 2135 702">
     <span class='ocr_line' id='line_1_6' title="bbox 545 630 2135 702; baseline 0 -15"><span class='ocrx_word' id='word_1_20' title='bbox 545 633 773 688; x_wconf 80' lang='lat' dir='ltr'><strong>auxilia.</strong></span> <span class='ocrx_word' id='word_1_21' title='bbox 795 632 997 687; x_wconf 84' lang='lat' dir='ltr'><strong>Verum</strong></span> <span class='ocrx_word' id='word_1_22' title='bbox 1022 631 1179 702; x_wconf 87' lang='lat' dir='ltr'><strong>jussu</strong></span> <span class='ocrx_word' id='word_1_23' title='bbox 1198 631 1550 701; x_wconf 77' lang='lat' dir='ltr'><strong>imperatoris</strong></span> <span class='ocrx_word' id='word_1_24' title='bbox 1567 631 1817 685; x_wconf 74' lang='lat' dir='ltr'><strong>Mauricii</strong></span> <span class='ocrx_word' id='word_1_25' title='bbox 1837 630 2135 701; x_wconf 72' lang='lat' dir='ltr'><strong>Gregorius</strong></span> 
     </span>
    </p>
   </div>
   <div class='ocr_carea' id='block_1_7' title="bbox 544 722 2133 795">
    <p class='ocr_par' dir='ltr' id='par_1_7' title="bbox 544 722 2133 795">
     <span class='ocr_line' id='line_1_7' title="bbox 544 722 2133 795; baseline -0.003 -15"><span class='ocrx_word' id='word_1_26' title='bbox 544 725 613 780; x_wconf 84' lang='lat' dir='ltr'><strong>ad</strong></span> <span class='ocrx_word' id='word_1_27' title='bbox 653 725 959 781; x_wconf 84' lang='lat' dir='ltr'><strong>exercitum</strong></span> <span class='ocrx_word' id='word_1_28' title='bbox 995 725 1259 795; x_wconf 88' lang='lat' dir='ltr'><strong>perrexit,</strong></span> <span class='ocrx_word' id='word_1_29' title='bbox 1286 724 1449 795; x_wconf 90' lang='lat' dir='ltr'><strong>eique</strong></span> <span class='ocrx_word' id='word_1_30' title='bbox 1479 723 1754 795; x_wconf 75' lang='lat' dir='ltr'><strong>persuasit</strong></span> <span class='ocrx_word' id='word_1_31' title='bbox 1784 732 1845 777; x_wconf 91' lang='lat' dir='ltr'><strong>ut</strong></span> <span class='ocrx_word' id='word_1_32' title='bbox 1865 722 1931 776; x_wconf 93' lang='lat' dir='ltr'><strong>ad</strong></span> <span class='ocrx_word' id='word_1_33' title='bbox 1956 738 2133 791; x_wconf 88' lang='lat' dir='ltr'><strong>oppu-</strong></span> 
     </span>
    </p>
   </div>
   <div class='ocr_carea' id='block_1_8' title="bbox 544 817 2133 891">
    <p class='ocr_par' dir='ltr' id='par_1_8' title="bbox 544 817 2133 891">
     <span class='ocr_line' id='line_1_8' title="bbox 544 817 2133 891; baseline -0.003 -17"><span class='ocrx_word' id='word_1_34' title='bbox 544 819 820 891; x_wconf 86' lang='lat' dir='ltr'><strong>gnandam</strong></span> <span class='ocrx_word' id='word_1_35' title='bbox 865 819 1062 876; x_wconf 84' lang='lat' dir='ltr'><strong>urbem</strong></span> <span class='ocrx_word' id='word_1_36' title='bbox 1094 828 1488 875; x_wconf 80' lang='lat' dir='ltr'><strong>reverteretur.</strong></span> <span class='ocrx_word' id='word_1_37' title='bbox 1518 818 1721 873; x_wconf 81' lang='lat' dir='ltr'><strong>Milites</strong></span> <span class='ocrx_word' id='word_1_38' title='bbox 1747 827 1927 872; x_wconf 86' lang='lat' dir='ltr'><strong>tamen</strong></span> <span class='ocrx_word' id='word_1_39' title='bbox 1957 817 2133 871; x_wconf 88' lang='lat' dir='ltr'><strong>nihilo</strong></span> 
     </span>
    </p>
   </div>
   <div class='ocr_carea' id='block_1_9' title="bbox 540 910 2131 985">
    <p class='ocr_par' dir='ltr' id='par_1_9' title="bbox 540 910 2131 985">
     <span class='ocr_line' id='line_1_9' title="bbox 540 910 2131 985; baseline -0.002 -17"><span class='ocrx_word' id='word_1_40' title='bbox 540 914 668 985; x_wconf 83' lang='lat' dir='ltr'><strong>plus</strong></span> <span class='ocrx_word' id='word_1_41' title='bbox 697 930 860 984; x_wconf 90' lang='lat' dir='ltr'><strong>quam</strong></span> <span class='ocrx_word' id='word_1_42' title='bbox 888 923 1051 968; x_wconf 85' lang='lat' dir='ltr'><strong>antea</strong></span> <span class='ocrx_word' id='word_1_43' title='bbox 1093 912 1359 983; x_wconf 87' lang='lat' dir='ltr'><strong>perﬁcere</strong></span> <span class='ocrx_word' id='word_1_44' title='bbox 1390 920 1711 983; x_wconf 89' lang='lat' dir='ltr'><strong>potuerunt,</strong></span> <span class='ocrx_word' id='word_1_45' title='bbox 1750 926 1874 966; x_wconf 92' lang='lat' dir='ltr'><strong>cum</strong></span> <span class='ocrx_word' id='word_1_46' title='bbox 1918 910 2131 965; x_wconf 91' lang='lat' dir='ltr'><strong>bellicis</strong></span> 
     </span>
    </p>
   </div>
   <div class='ocr_carea' id='block_1_10' title="bbox 541 1003 2132 1077">
    <p class='ocr_par' dir='ltr' id='par_1_10' title="bbox 541 1003 2132 1077">
     <span class='ocr_line' id='line_1_10' title="bbox 541 1003 2132 1077; baseline -0.002 -16"><span class='ocrx_word' id='word_1_47' title='bbox 541 1006 815 1062; x_wconf 86' lang='lat' dir='ltr'><strong>machinis</strong></span> <span class='ocrx_word' id='word_1_48' title='bbox 854 1006 1059 1077; x_wconf 88' lang='lat' dir='ltr'><strong>quibus</strong></span> <span class='ocrx_word' id='word_1_49' title='bbox 1106 1004 1273 1060; x_wconf 86' lang='lat' dir='ltr'><strong>urbes</strong></span> <span class='ocrx_word' id='word_1_50' title='bbox 1312 1003 1617 1075; x_wconf 84' lang='lat' dir='ltr'><strong>expugnari</strong></span> <span class='ocrx_word' id='word_1_51' title='bbox 1660 1004 1860 1069; x_wconf 87' lang='lat' dir='ltr'><strong>solent,</strong></span> <span class='ocrx_word' id='word_1_52' title='bbox 1909 1003 2132 1073; x_wconf 87' lang='lat' dir='ltr'><strong>penitus</strong></span> 
     </span>
    </p>
   </div>
   <div class='ocr_carea' id='block_1_11' title="bbox 541 1095 2131 1167">
    <p class='ocr_par' dir='ltr' id='par_1_11' title="bbox 541 1095 2131 1167">
     <span class='ocr_line' id='line_1_11' title="bbox 541 1095 2131 1167; baseline -0.004 -13"><span class='ocrx_word' id='word_1_53' title='bbox 541 1097 1009 1163; x_wconf 87' lang='lat' dir='ltr'><strong>destituerentur.</strong></span> <span class='ocrx_word' id='word_1_54' title='bbox 1043 1098 1231 1167; x_wconf 88' lang='lat' dir='ltr'><strong>Itaque</strong></span> <span class='ocrx_word' id='word_1_55' title='bbox 1256 1098 1537 1153; x_wconf 83' lang='lat' dir='ltr'><strong>exercitus</strong></span> <span class='ocrx_word' id='word_1_56' title='bbox 1558 1096 1779 1167; x_wconf 88' lang='lat' dir='ltr'><strong>quidem</strong></span> <span class='ocrx_word' id='word_1_57' title='bbox 1805 1095 1872 1150; x_wconf 90' lang='lat' dir='ltr'><strong>ad</strong></span> <span class='ocrx_word' id='word_1_58' title='bbox 1898 1095 2131 1149; x_wconf 88' lang='lat' dir='ltr'><strong>hiberna</strong></span> 
     </span>
    </p>
   </div>
   <div class='ocr_carea' id='block_1_12' title="bbox 541 1187 2128 1261">
    <p class='ocr_par' dir='ltr' id='par_1_12' title="bbox 541 1187 2128 1261">
     <span class='ocr_line' id='line_1_12' title="bbox 541 1187 2128 1261; baseline -0.005 -12"><span class='ocrx_word' id='word_1_59' title='bbox 541 1192 806 1251; x_wconf 74' lang='lat' dir='ltr'><strong>dimissus</strong></span> <span class='ocrx_word' id='word_1_60' title='bbox 858 1200 963 1247; x_wconf 90' lang='lat' dir='ltr'><strong>est.</strong></span> <span class='ocrx_word' id='word_1_61' title='bbox 1003 1191 1063 1245; x_wconf 89' lang='lat' dir='ltr'><strong>ln</strong></span> <span class='ocrx_word' id='word_1_62' title='bbox 1102 1190 1368 1261; x_wconf 75' lang='lat' dir='ltr'><strong>proximis</strong></span> <span class='ocrx_word' id='word_1_63' title='bbox 1418 1199 1601 1245; x_wconf 88' lang='lat' dir='ltr'><strong>autem</strong></span> <span class='ocrx_word' id='word_1_64' title='bbox 1647 1188 1889 1243; x_wconf 89' lang='lat' dir='ltr'><strong>castellis</strong></span> <span class='ocrx_word' id='word_1_65' title='bbox 1930 1187 2128 1243; x_wconf 82' lang='lat' dir='ltr'><strong>crebra</strong></span> 
     </span>
    </p>
   </div>
   <div class='ocr_carea' id='block_1_13' title="bbox 540 1280 2128 1354">
    <p class='ocr_par' dir='ltr' id='par_1_13' title="bbox 540 1280 2128 1354">
     <span class='ocr_line' id='line_1_13' title="bbox 540 1280 2128 1354; baseline -0.004 -15"><span class='ocrx_word' id='word_1_66' title='bbox 540 1284 736 1340; x_wconf 84' lang='lat' dir='ltr'><strong>relicta</strong></span> <span class='ocrx_word' id='word_1_67' title='bbox 781 1292 913 1339; x_wconf 89' lang='lat' dir='ltr'><strong>sunt</strong></span> <span class='ocrx_word' id='word_1_68' title='bbox 953 1281 1191 1337; x_wconf 90' lang='lat' dir='ltr'><strong>militum</strong></span> <span class='ocrx_word' id='word_1_69' title='bbox 1236 1281 1512 1354; x_wconf 60' lang='lat' dir='ltr'><strong>praesidia,</strong></span> <span class='ocrx_word' id='word_1_70' title='bbox 1557 1296 1627 1335; x_wconf 91' lang='lat' dir='ltr'><strong>ne</strong></span> <span class='ocrx_word' id='word_1_71' title='bbox 1667 1280 2128 1350; x_wconf 83' lang='lat' dir='ltr'><strong>supervenientes</strong></span> 
     </span>
    </p>
   </div>
   <div class='ocr_carea' id='block_1_14' title="bbox 538 1372 2127 1445">
    <p class='ocr_par' dir='ltr' id='par_1_14' title="bbox 538 1372 2127 1445">
     <span class='ocr_line' id='line_1_14' title="bbox 538 1372 2127 1445; baseline -0.003 -14"><span class='ocrx_word' id='word_1_72' title='bbox 538 1377 729 1432; x_wconf 73' lang='lat' dir='ltr'><strong>Persa!</strong></span> <span class='ocrx_word' id='word_1_73' title='bbox 786 1374 1038 1430; x_wconf 89' lang='lat' dir='ltr'><strong>clanculo</strong></span> <span class='ocrx_word' id='word_1_74' title='bbox 1104 1374 1299 1429; x_wconf 87' lang='lat' dir='ltr'><strong>urbem</strong></span> <span class='ocrx_word' id='word_1_75' title='bbox 1355 1373 1801 1445; x_wconf 82' lang='lat' dir='ltr'><strong>ingrederentur.</strong></span> <span class='ocrx_word' id='word_1_76' title='bbox 1862 1372 2127 1442; x_wconf 89' lang='lat' dir='ltr'><strong>Sequenti</strong></span> 
     </span>
    </p>
   </div>
   <div class='ocr_carea' id='block_1_15' title="bbox 536 1466 2129 1533">
    <p class='ocr_par' dir='ltr' id='par_1_15' title="bbox 536 1466 2129 1533">
     <span class='ocr_line' id='line_1_15' title="bbox 536 1466 2129 1533; baseline -0.004 -8"><span class='ocrx_word' id='word_1_77' title='bbox 536 1477 741 1533; x_wconf 68' lang='lat' dir='ltr'><strong>aestate,</strong></span> <span class='ocrx_word' id='word_1_78' title='bbox 778 1482 905 1523; x_wconf 92' lang='lat' dir='ltr'><strong>cum</strong></span> <span class='ocrx_word' id='word_1_79' title='bbox 951 1467 1227 1523; x_wconf 89' lang='lat' dir='ltr'><strong>exercitus</strong></span> <span class='ocrx_word' id='word_1_80' title='bbox 1268 1466 1643 1520; x_wconf 85' lang='lat' dir='ltr'><strong>Romanorum</strong></span> <span class='ocrx_word' id='word_1_81' title='bbox 1693 1466 1751 1520; x_wconf 91' lang='lat' dir='ltr'><strong>in</strong></span> <span class='ocrx_word' id='word_1_82' title='bbox 1793 1480 1963 1520; x_wconf 92' lang='lat' dir='ltr'><strong>unum</strong></span> <span class='ocrx_word' id='word_1_83' title='bbox 2012 1466 2129 1521; x_wconf 87' lang='lat' dir='ltr'><strong>col-</strong></span> 
     </span>
    </p>
   </div>
   <div class='ocr_carea' id='block_1_16' title="bbox 536 1558 2127 1629">
    <p class='ocr_par' dir='ltr' id='par_1_16' title="bbox 536 1558 2127 1629">
     <span class='ocr_line' id='line_1_16' title="bbox 536 1558 2127 1629; baseline -0.003 -12"><span class='ocrx_word' id='word_1_84' title='bbox 536 1564 714 1617; x_wconf 82' lang='lat' dir='ltr'><strong>lectus</strong></span> <span class='ocrx_word' id='word_1_85' title='bbox 756 1569 923 1627; x_wconf 88' lang='lat' dir='ltr'><strong>esset,</strong></span> <span class='ocrx_word' id='word_1_86' title='bbox 968 1568 1023 1615; x_wconf 89' lang='lat' dir='ltr'><strong>et</strong></span> <span class='ocrx_word' id='word_1_87' title='bbox 1072 1560 1253 1619; x_wconf 61' lang='lat' dir='ltr'><strong>Persas</strong></span> <span class='ocrx_word' id='word_1_88' title='bbox 1298 1558 1706 1629; x_wconf 85' lang='lat' dir='ltr'><strong>expeditionem</strong></span> <span class='ocrx_word' id='word_1_89' title='bbox 1751 1558 2127 1628; x_wconf 87' lang='lat' dir='ltr'><strong>suscepissent</strong></span> 
     </span>
    </p>
   </div>
   <div class='ocr_carea' id='block_1_17' title="bbox 535 1651 2127 1722">
    <p class='ocr_par' dir='ltr' id='par_1_17' title="bbox 535 1651 2127 1722">
     <span class='ocr_line' id='line_1_17' title="bbox 535 1651 2127 1722; baseline -0.004 -13"><span class='ocrx_word' id='word_1_90' title='bbox 535 1654 800 1709; x_wconf 85' lang='lat' dir='ltr'><strong>adversus</strong></span> <span class='ocrx_word' id='word_1_91' title='bbox 826 1654 1123 1719; x_wconf 82' lang='lat' dir='ltr'><strong>Romanos,</strong></span> <span class='ocrx_word' id='word_1_92' title='bbox 1150 1652 1297 1707; x_wconf 87' lang='lat' dir='ltr'><strong>circa</strong></span> <span class='ocrx_word' id='word_1_93' title='bbox 1333 1651 1744 1722; x_wconf 66' lang='lat' dir='ltr'><strong>hlarterpolim</strong></span> <span class='ocrx_word' id='word_1_94' title='bbox 1770 1651 1953 1721; x_wconf 82' lang='lat' dir='ltr'><strong>gravis</strong></span> <span class='ocrx_word' id='word_1_95' title='bbox 1978 1666 2127 1706; x_wconf 90' lang='lat' dir='ltr'><strong>eom-</strong></span> 
     </span>
    </p>
   </div>
   <div class='ocr_carea' id='block_1_18' title="bbox 536 1742 2124 1816">
    <p class='ocr_par' dir='ltr' id='par_1_18' title="bbox 536 1742 2124 1816">
     <span class='ocr_line' id='line_1_18' title="bbox 536 1742 2124 1816; baseline -0.003 -16"><span class='ocrx_word' id='word_1_96' title='bbox 536 1747 705 1801; x_wconf 89' lang='lat' dir='ltr'><strong>missa</strong></span> <span class='ocrx_word' id='word_1_97' title='bbox 773 1754 859 1799; x_wconf 90' lang='lat' dir='ltr'><strong>est</strong></span> <span class='ocrx_word' id='word_1_98' title='bbox 914 1760 1117 1816; x_wconf 86' lang='lat' dir='ltr'><strong>pugna.</strong></span> <span class='ocrx_word' id='word_1_99' title='bbox 1166 1743 1418 1815; x_wconf 89' lang='lat' dir='ltr'><strong>Cumque</strong></span> <span class='ocrx_word' id='word_1_100' title='bbox 1472 1743 1818 1813; x_wconf 89' lang='lat' dir='ltr'><strong>Philippicus</strong></span> <span class='ocrx_word' id='word_1_101' title='bbox 1868 1742 2124 1812; x_wconf 89' lang='lat' dir='ltr'><strong>superior</strong></span> 
     </span>
    </p>
   </div>
   <div class='ocr_carea' id='block_1_19' title="bbox 531 1835 2122 1910">
    <p class='ocr_par' dir='ltr' id='par_1_19' title="bbox 531 1835 2122 1910">
     <span class='ocr_line' id='line_1_19' title="bbox 531 1835 2122 1910; baseline -0.003 -17"><span class='ocrx_word' id='word_1_102' title='bbox 531 1842 748 1905; x_wconf 82' lang='lat' dir='ltr'><strong>fuisset,</strong></span> <span class='ocrx_word' id='word_1_103' title='bbox 782 1840 1049 1910; x_wconf 88' lang='lat' dir='ltr'><strong>multique</strong></span> <span class='ocrx_word' id='word_1_104' title='bbox 1080 1840 1282 1905; x_wconf 65' lang='lat' dir='ltr'><strong>Persae,</strong></span> <span class='ocrx_word' id='word_1_105' title='bbox 1320 1848 1377 1894; x_wconf 89' lang='lat' dir='ltr'><strong>et</strong></span> <span class='ocrx_word' id='word_1_106' title='bbox 1411 1837 1560 1895; x_wconf 89' lang='lat' dir='ltr'><strong>inter</strong></span> <span class='ocrx_word' id='word_1_107' title='bbox 1590 1838 1691 1893; x_wconf 89' lang='lat' dir='ltr'><strong>bos</strong></span> <span class='ocrx_word' id='word_1_108' title='bbox 1717 1837 1974 1907; x_wconf 89' lang='lat' dir='ltr'><strong>princeps</strong></span> <span class='ocrx_word' id='word_1_109' title='bbox 2000 1835 2122 1906; x_wconf 83' lang='lat' dir='ltr'><strong>qui-</strong></span> 
     </span>
    </p>
   </div>
   <div class='ocr_carea' id='block_1_20' title="bbox 530 1930 2118 2002">
    <p class='ocr_par' dir='ltr' id='par_1_20' title="bbox 530 1930 2118 2002">
     <span class='ocr_line' id='line_1_20' title="bbox 530 1930 2118 2002; baseline -0.003 -13"><span class='ocrx_word' id='word_1_110' title='bbox 530 1935 655 1989; x_wconf 87' lang='lat' dir='ltr'><strong>dam</strong></span> <span class='ocrx_word' id='word_1_111' title='bbox 710 1934 1047 1989; x_wconf 76' lang='lat' dir='ltr'><strong>fortissimus</strong></span> <span class='ocrx_word' id='word_1_112' title='bbox 1098 1933 1153 1987; x_wconf 90' lang='lat' dir='ltr'><strong>in</strong></span> <span class='ocrx_word' id='word_1_113' title='bbox 1202 1931 1395 2002; x_wconf 72' lang='lat' dir='ltr'><strong>praalio</strong></span> <span class='ocrx_word' id='word_1_114' title='bbox 1445 1930 1769 1995; x_wconf 81' lang='lat' dir='ltr'><strong>cecidisset,</strong></span> <span class='ocrx_word' id='word_1_115' title='bbox 1820 1930 2118 1989; x_wconf 87' lang='lat' dir='ltr'><strong>Persarum</strong></span> 
     </span>
    </p>
   </div>
   <div class='ocr_carea' id='block_1_21' title="bbox 532 2024 2110 2096">
    <p class='ocr_par' dir='ltr' id='par_1_21' title="bbox 532 2024 2110 2096">
     <span class='ocr_line' id='line_1_21' title="bbox 532 2024 2110 2096; baseline -0.001 -17"><span class='ocrx_word' id='word_1_116' title='bbox 532 2036 715 2083; x_wconf 85' lang='lat' dir='ltr'><strong>tamen</strong></span> <span class='ocrx_word' id='word_1_117' title='bbox 766 2026 1062 2083; x_wconf 90' lang='lat' dir='ltr'><strong>multitudo</strong></span> <span class='ocrx_word' id='word_1_118' title='bbox 1107 2042 1218 2080; x_wconf 90' lang='lat' dir='ltr'><strong>non</strong></span> <span class='ocrx_word' id='word_1_119' title='bbox 1257 2024 1661 2080; x_wconf 90' lang='lat' dir='ltr'><strong>contemnenda</strong></span> <span class='ocrx_word' id='word_1_120' title='bbox 1704 2025 2110 2096; x_wconf 87' lang='lat' dir='ltr'><strong>Martyropolim</strong></span> 
     </span>
    </p>
   </div>
   <div class='ocr_carea' id='block_1_22' title="bbox 532 2116 2110 2188">
    <p class='ocr_par' dir='ltr' id='par_1_22' title="bbox 532 2116 2110 2188">
     <span class='ocr_line' id='line_1_22' title="bbox 532 2116 2110 2188; baseline 0 -15"><span class='ocrx_word' id='word_1_121' title='bbox 532 2120 777 2187; x_wconf 81' lang='lat' dir='ltr'><strong>ingressa</strong></span> <span class='ocrx_word' id='word_1_122' title='bbox 816 2127 924 2182; x_wconf 83' lang='lat' dir='ltr'><strong>est,</strong></span> <span class='ocrx_word' id='word_1_123' title='bbox 960 2118 1014 2172; x_wconf 88' lang='lat' dir='ltr'><strong>id</strong></span> <span class='ocrx_word' id='word_1_124' title='bbox 1058 2116 1207 2188; x_wconf 87' lang='lat' dir='ltr'><strong>quod</strong></span> <span class='ocrx_word' id='word_1_125' title='bbox 1252 2117 1489 2172; x_wconf 83' lang='lat' dir='ltr'><strong>maxime</strong></span> <span class='ocrx_word' id='word_1_126' title='bbox 1534 2117 1643 2176; x_wconf 90' lang='lat' dir='ltr'><strong>illis</strong></span> <span class='ocrx_word' id='word_1_127' title='bbox 1673 2117 1860 2175; x_wconf 88' lang='lat' dir='ltr'><strong>studio</strong></span> <span class='ocrx_word' id='word_1_128' title='bbox 1906 2117 2110 2173; x_wconf 83' lang='lat' dir='ltr'><strong>fuerat.</strong></span> 
     </span>
    </p>
   </div>
   <div class='ocr_carea' id='block_1_23' title="bbox 527 2210 2111 2285">
    <p class='ocr_par' dir='ltr' id='par_1_23' title="bbox 527 2210 2111 2285">
     <span class='ocr_line' id='line_1_23' title="bbox 527 2210 2111 2285; baseline 0.001 -21"><span class='ocrx_word' id='word_1_129' title='bbox 527 2210 737 2267; x_wconf 81' lang='lat' dir='ltr'><strong>Exinde</strong></span> <span class='ocrx_word' id='word_1_130' title='bbox 779 2211 1011 2269; x_wconf 82' lang='lat' dir='ltr'><strong>Romani</strong></span> <span class='ocrx_word' id='word_1_131' title='bbox 1056 2210 1124 2266; x_wconf 91' lang='lat' dir='ltr'><strong>ab</strong></span> <span class='ocrx_word' id='word_1_132' title='bbox 1154 2211 1444 2272; x_wconf 89' lang='lat' dir='ltr'><strong>obsidione</strong></span> <span class='ocrx_word' id='word_1_133' title='bbox 1476 2212 1699 2285; x_wconf 88' lang='lat' dir='ltr'><strong>quidem</strong></span> <span class='ocrx_word' id='word_1_134' title='bbox 1743 2211 1898 2267; x_wconf 89' lang='lat' dir='ltr'><strong>urbis</strong></span> <span class='ocrx_word' id='word_1_135' title='bbox 1938 2211 2111 2266; x_wconf 86' lang='lat' dir='ltr'><strong>absti-</strong></span> 
     </span>
    </p>
   </div>
   <div class='ocr_carea' id='block_1_24' title="bbox 2236 632 3762 706">
    <p class='ocr_par' dir='ltr' id='par_1_24' title="bbox 2236 632 3762 706">
     <span class='ocr_line' id='line_1_24' title="bbox 2236 632 3762 706; baseline 0.006 -22"><span class='ocrx_word' id='word_1_136' title='bbox 2236 632 2574 687; x_wconf 73' lang='grc' dir='ltr'><strong>ἐπανελθεῖν.</strong></span> <span class='ocrx_word' id='word_1_137' title='bbox 2601 632 2676 685; x_wconf 81' lang='grc' dir='ltr'><strong>Οὐ</strong></span> <span class='ocrx_word' id='word_1_138' title='bbox 2714 633 2822 704; x_wconf 80' lang='grc' dir='ltr'><strong>μήν</strong></span> <span class='ocrx_word' id='word_1_139' title='bbox 2866 651 2919 685; x_wconf 89' lang='grc' dir='ltr'><strong>τι</strong></span> <span class='ocrx_word' id='word_1_140' title='bbox 2964 634 3127 687; x_wconf 83' lang='grc' dir='ltr'>πλέον</span> <span class='ocrx_word' id='word_1_141' title='bbox 3175 635 3564 706; x_wconf 80' lang='grc' dir='ltr'><strong>ἐξεργάσασθαι</strong></span> <span class='ocrx_word' id='word_1_142' title='bbox 3602 634 3688 692; x_wconf 75' lang='grc' dir='ltr'><strong>οἷοί</strong></span> <span class='ocrx_word' id='word_1_143' title='bbox 3719 659 3762 695; x_wconf 83' lang='grc' dir='ltr'><strong>τε</strong></span> 
     </span>
    </p>
   </div>
   <div class='ocr_carea' id='block_1_25' title="bbox 2235 726 3759 799">
    <p class='ocr_par' dir='ltr' id='par_1_25' title="bbox 2235 726 3759 799">
     <span class='ocr_line' id='line_1_25' title="bbox 2235 726 3759 799; baseline 0.002 -19"><span class='ocrx_word' id='word_1_144' title='bbox 2235 726 2517 795; x_wconf 87' lang='grc' dir='ltr'><strong>γεγόνασι,</strong></span> <span class='ocrx_word' id='word_1_145' title='bbox 2566 726 2795 796; x_wconf 82' lang='grc' dir='ltr'><strong>μηδενὸς</strong></span> <span class='ocrx_word' id='word_1_146' title='bbox 2827 726 2939 779; x_wconf 84' lang='grc' dir='ltr'><strong>τῶν</strong></span> <span class='ocrx_word' id='word_1_147' title='bbox 2991 727 3289 781; x_wconf 76' lang='grc' dir='ltr'><strong>ἐλεπόλεων</strong></span> <span class='ocrx_word' id='word_1_148' title='bbox 3338 731 3585 799; x_wconf 83' lang='grc' dir='ltr'>μηχανῶν</span> <span class='ocrx_word' id='word_1_149' title='bbox 3624 732 3759 796; x_wconf 66' lang='grc' dir='ltr'><strong>ὂντας,</strong></span> 
     </span>
    </p>
   </div>
   <div class='ocr_carea' id='block_1_26' title="bbox 2238 815 3761 891">
    <p class='ocr_par' dir='ltr' id='par_1_26' title="bbox 2238 815 3761 891">
     <span class='ocr_line' id='line_1_26' title="bbox 2238 815 3761 891; baseline 0.005 -22"><span class='ocrx_word' id='word_1_150' title='bbox 2238 815 2400 869; x_wconf 83' lang='grc' dir='ltr'>Ὅθεν</span> <span class='ocrx_word' id='word_1_151' title='bbox 2425 815 2701 869; x_wconf 80' lang='grc' dir='ltr'><strong>διαλύεται</strong></span> <span class='ocrx_word' id='word_1_152' title='bbox 2754 817 2854 886; x_wconf 78' lang='grc' dir='ltr'><strong>μὲν</strong></span> <span class='ocrx_word' id='word_1_153' title='bbox 2884 819 2914 870; x_wconf 83' lang='grc' dir='ltr'><strong>ό</strong></span> <span class='ocrx_word' id='word_1_154' title='bbox 2948 819 3183 889; x_wconf 81' lang='grc' dir='ltr'><strong>στρατὸς</strong></span> <span class='ocrx_word' id='word_1_155' title='bbox 3226 820 3590 891; x_wconf 81' lang='grc' dir='ltr'><strong>διαχειμάσων</strong></span> <span class='ocrx_word' id='word_1_156' title='bbox 3610 839 3621 851; x_wconf 88' lang='grc'><strong>·</strong></span> <span class='ocrx_word' id='word_1_157' title='bbox 3650 826 3696 887; x_wconf 80' lang='grc' dir='ltr'><strong>ἐς</strong></span> <span class='ocrx_word' id='word_1_158' title='bbox 3718 828 3761 877; x_wconf 70' lang='grc' dir='ltr'><strong>δὲ</strong></span> 
     </span>
    </p>
   </div>
   <div class='ocr_carea' id='block_1_27' title="bbox 2232 908 3760 985">
    <p class='ocr_par' dir='ltr' id='par_1_27' title="bbox 2232 908 3760 985">
     <span class='ocr_line' id='line_1_27' title="bbox 2232 908 3760 985; baseline 0.005 -23"><span class='ocrx_word' id='word_1_159' title='bbox 2232 909 2300 962; x_wconf 83' lang='grc' dir='ltr'><strong>τὰ</strong></span> <span class='ocrx_word' id='word_1_160' title='bbox 2344 908 2612 978; x_wconf 84' lang='grc' dir='ltr'><strong>σύνεγγυς</strong></span> <span class='ocrx_word' id='word_1_161' title='bbox 2659 909 2918 981; x_wconf 81' lang='grc' dir='ltr'><strong>φρούρια,</strong></span> <span class='ocrx_word' id='word_1_162' title='bbox 2952 913 3146 982; x_wconf 79' lang='grc' dir='ltr'><strong>συχναὶ</strong></span> <span class='ocrx_word' id='word_1_163' title='bbox 3186 914 3427 984; x_wconf 72' lang='grc' dir='ltr'><strong>φρουραὶ</strong></span> <span class='ocrx_word' id='word_1_164' title='bbox 3469 915 3760 985; x_wconf 75' lang='grc' dir='ltr'><strong>καταλιμπά-</strong></span> 
     </span>
    </p>
   </div>
   <div class='ocr_carea' id='block_1_28' title="bbox 2232 1002 3760 1075">
    <p class='ocr_par' dir='ltr' id='par_1_28' title="bbox 2232 1002 3760 1075">
     <span class='ocr_line' id='line_1_28' title="bbox 2232 1002 3760 1075; baseline 0.005 -21"><span class='ocrx_word' id='word_1_165' title='bbox 2232 1018 2438 1067; x_wconf 88' lang='grc' dir='ltr'><strong>νονται,</strong></span> <span class='ocrx_word' id='word_1_166' title='bbox 2476 1002 2564 1055; x_wconf 77' lang='grc' dir='ltr'><strong>ἵνα</strong></span> <span class='ocrx_word' id='word_1_167' title='bbox 2621 1002 2697 1074; x_wconf 79' lang='grc' dir='ltr'><strong>μὴ</strong></span> <span class='ocrx_word' id='word_1_168' title='bbox 2742 1002 2998 1066; x_wconf 85' lang='grc' dir='ltr'><strong>λαθόντες</strong></span> <span class='ocrx_word' id='word_1_169' title='bbox 3031 1005 3242 1075; x_wconf 83' lang='grc' dir='ltr'><strong>Πέρσαι</strong></span> <span class='ocrx_word' id='word_1_170' title='bbox 3296 1008 3363 1075; x_wconf 84' lang='grc' dir='ltr'><strong>τῇ</strong></span> <span class='ocrx_word' id='word_1_171' title='bbox 3410 1006 3555 1059; x_wconf 82' lang='grc' dir='ltr'><strong>πόλει</strong></span> <span class='ocrx_word' id='word_1_172' title='bbox 3582 1009 3760 1061; x_wconf 70' lang='grc' dir='ltr'><strong>ἐπεσελ-</strong></span> 
     </span>
    </p>
   </div>
   <div class='ocr_carea' id='block_1_29' title="bbox 2231 1095 3759 1169">
    <p class='ocr_par' dir='ltr' id='par_1_29' title="bbox 2231 1095 3759 1169">
     <span class='ocr_line' id='line_1_29' title="bbox 2231 1095 3759 1169; baseline 0.003 -21"><span class='ocrx_word' id='word_1_173' title='bbox 2231 1096 2387 1149; x_wconf 85' lang='grc' dir='ltr'><strong>θωσι.</strong></span> <span class='ocrx_word' id='word_1_174' title='bbox 2426 1095 2537 1149; x_wconf 84' lang='grc' dir='ltr'><strong>Καὶ</strong></span> <span class='ocrx_word' id='word_1_175' title='bbox 2573 1096 2718 1150; x_wconf 84' lang='grc' dir='ltr'><strong>κατὰ</strong></span> <span class='ocrx_word' id='word_1_176' title='bbox 2748 1095 2810 1150; x_wconf 84' lang='grc' dir='ltr'><strong>τὸ</strong></span> <span class='ocrx_word' id='word_1_177' title='bbox 2849 1097 2979 1167; x_wconf 78' lang='grc' dir='ltr'><strong>ἑξῆς</strong></span> <span class='ocrx_word' id='word_1_178' title='bbox 3001 1098 3059 1150; x_wconf 75' lang='grc' dir='ltr'><strong>δὲ</strong></span> <span class='ocrx_word' id='word_1_179' title='bbox 3101 1096 3282 1169; x_wconf 81' lang='grc' dir='ltr'><strong>θέρος,</strong></span> <span class='ocrx_word' id='word_1_180' title='bbox 3312 1096 3668 1168; x_wconf 78' lang='grc' dir='ltr'><strong>ἀθροισθέντος</strong></span> <span class='ocrx_word' id='word_1_181' title='bbox 3688 1100 3759 1153; x_wconf 77' lang='grc' dir='ltr'><strong>τοῦ</strong></span> 
     </span>
    </p>
   </div>
   <div class='ocr_carea' id='block_1_30' title="bbox 2230 1187 3759 1259">
    <p class='ocr_par' dir='ltr' id='par_1_30' title="bbox 2230 1187 3759 1259">
     <span class='ocr_line' id='line_1_30' title="bbox 2230 1187 3759 1259; baseline 0.002 -19"><span class='ocrx_word' id='word_1_182' title='bbox 2230 1187 2663 1259; x_wconf 78' lang='grc' dir='ltr'><strong>στρατεύματος,</strong></span> <span class='ocrx_word' id='word_1_183' title='bbox 2710 1187 2807 1240; x_wconf 78' lang='grc' dir='ltr'><strong>καὶ</strong></span> <span class='ocrx_word' id='word_1_184' title='bbox 2841 1187 3071 1259; x_wconf 87' lang='grc' dir='ltr'><strong>Περσῶν</strong></span> <span class='ocrx_word' id='word_1_185' title='bbox 3114 1189 3639 1256; x_wconf 75' lang='grc' dir='ltr'><strong>ἐπιστρατευσάντων</strong></span> <span class='ocrx_word' id='word_1_186' title='bbox 3659 1230 3673 1253; x_wconf 93' lang='grc'><strong>,</strong></span> <span class='ocrx_word' id='word_1_187' title='bbox 3695 1193 3759 1257; x_wconf 81' lang='grc' dir='ltr'><strong>γί-</strong></span> 
     </span>
    </p>
   </div>
   <div class='ocr_carea' id='block_1_31' title="bbox 2228 1279 3757 1353">
    <p class='ocr_par' dir='ltr' id='par_1_31' title="bbox 2228 1279 3757 1353">
     <span class='ocr_line' id='line_1_31' title="bbox 2228 1279 3757 1353; baseline 0.003 -21"><span class='ocrx_word' id='word_1_188' title='bbox 2228 1297 2414 1349; x_wconf 87' lang='grc' dir='ltr'><strong>γνεται</strong></span> <span class='ocrx_word' id='word_1_189' title='bbox 2449 1279 2549 1351; x_wconf 86' lang='grc' dir='ltr'><strong>μὲν</strong></span> <span class='ocrx_word' id='word_1_190' title='bbox 2583 1280 2730 1350; x_wconf 78' lang='grc' dir='ltr'><strong>ἀμφὶ</strong></span> <span class='ocrx_word' id='word_1_191' title='bbox 2758 1280 3185 1351; x_wconf 88' lang='grc' dir='ltr'><strong>Μαρτυρόπολιν</strong></span> <span class='ocrx_word' id='word_1_192' title='bbox 3217 1280 3370 1351; x_wconf 82' lang='grc' dir='ltr'><strong>μάχη</strong></span> <span class='ocrx_word' id='word_1_193' title='bbox 3404 1283 3645 1353; x_wconf 78' lang='grc' dir='ltr'><strong>καρτερὰ.</strong></span> <span class='ocrx_word' id='word_1_194' title='bbox 3677 1285 3757 1336; x_wconf 76' lang='grc' dir='ltr'><strong>Καὶ</strong></span> 
     </span>
    </p>
   </div>
   <div class='ocr_carea' id='block_1_32' title="bbox 2228 1372 3756 1447">
    <p class='ocr_par' dir='ltr' id='par_1_32' title="bbox 2228 1372 3756 1447">
     <span class='ocr_line' id='line_1_32' title="bbox 2228 1372 3756 1447; baseline 0.001 -22"><span class='ocrx_word' id='word_1_195' title='bbox 2228 1373 2288 1425; x_wconf 81' lang='grc' dir='ltr'><strong>τὸ</strong></span> <span class='ocrx_word' id='word_1_196' title='bbox 2312 1372 2477 1426; x_wconf 82' lang='grc' dir='ltr'><strong>πλέον</strong></span> <span class='ocrx_word' id='word_1_197' title='bbox 2504 1374 2803 1444; x_wconf 73' lang='grc' dir='ltr'><strong>ἐσχηκότος</strong></span> <span class='ocrx_word' id='word_1_198' title='bbox 2840 1372 3195 1437; x_wconf 78' lang='grc' dir='ltr'><strong>Φιλιππικοῦ,</strong></span> <span class='ocrx_word' id='word_1_199' title='bbox 3230 1374 3330 1427; x_wconf 80' lang='grc' dir='ltr'><strong>καὶ</strong></span> <span class='ocrx_word' id='word_1_200' title='bbox 3347 1373 3550 1427; x_wconf 79' lang='grc' dir='ltr'>πολλῶν</span> <span class='ocrx_word' id='word_1_201' title='bbox 3579 1376 3756 1447; x_wconf 79' lang='grc' dir='ltr'><strong>Περσῶν</strong></span> 
     </span>
    </p>
   </div>
   <div class='ocr_carea' id='block_1_33' title="bbox 2228 1463 3756 1537">
    <p class='ocr_par' dir='ltr' id='par_1_33' title="bbox 2228 1463 3756 1537">
     <span class='ocr_line' id='line_1_33' title="bbox 2228 1463 3756 1537; baseline 0.003 -20"><span class='ocrx_word' id='word_1_202' title='bbox 2228 1465 2621 1530; x_wconf 85' lang='grc' dir='ltr'><strong>πεπτωκότων,</strong></span> <span class='ocrx_word' id='word_1_203' title='bbox 2657 1464 2774 1526; x_wconf 78' lang='grc' dir='ltr'><strong>ἑνὸς</strong></span> <span class='ocrx_word' id='word_1_204' title='bbox 2804 1464 2986 1535; x_wconf 80' lang='grc' dir='ltr'><strong>ἥρωος</strong></span> <span class='ocrx_word' id='word_1_205' title='bbox 3018 1463 3347 1535; x_wconf 76' lang='grc' dir='ltr'><strong>ἑσσηθέντος</strong></span> <span class='ocrx_word' id='word_1_206' title='bbox 3396 1465 3549 1535; x_wconf 80' lang='grc' dir='ltr'><strong>ἱκανὴ</strong></span> <span class='ocrx_word' id='word_1_207' title='bbox 3594 1467 3756 1537; x_wconf 69' lang='grc' dir='ltr'><strong>πληθὺς</strong></span> 
     </span>
    </p>
   </div>
   <div class='ocr_carea' id='block_1_34' title="bbox 2228 1558 3752 1629">
    <p class='ocr_par' dir='ltr' id='par_1_34' title="bbox 2228 1558 3752 1629">
     <span class='ocr_line' id='line_1_34' title="bbox 2228 1558 3752 1629; baseline 0.001 -17"><span class='ocrx_word' id='word_1_208' title='bbox 2228 1558 2459 1629; x_wconf 83' lang='grc' dir='ltr'><strong>Περσῶν</strong></span> <span class='ocrx_word' id='word_1_209' title='bbox 2498 1558 2857 1612; x_wconf 81' lang='grc' dir='ltr'><strong>ὲσπέπτωκεν</strong></span> <span class='ocrx_word' id='word_1_210' title='bbox 2890 1561 2951 1612; x_wconf 84' lang='grc' dir='ltr'><strong>ὲν</strong></span> <span class='ocrx_word' id='word_1_211' title='bbox 2980 1558 3427 1629; x_wconf 87' lang='grc' dir='ltr'><strong>Μαρτυροπόλει,</strong></span> <span class='ocrx_word' id='word_1_212' title='bbox 3462 1560 3489 1612; x_wconf 86' lang='grc' dir='ltr'><strong>ὃ</strong></span> <span class='ocrx_word' id='word_1_213' title='bbox 3530 1560 3611 1612; x_wconf 74' lang='grc' dir='ltr'><strong>καὶ</strong></span> <span class='ocrx_word' id='word_1_214' title='bbox 3634 1561 3752 1628; x_wconf 77' lang='grc' dir='ltr'><strong>μάλι-</strong></span> 
     </span>
    </p>
   </div>
   <div class='ocr_carea' id='block_1_35' title="bbox 2228 1648 3753 1721">
    <p class='ocr_par' dir='ltr' id='par_1_35' title="bbox 2228 1648 3753 1721">
     <span class='ocr_line' id='line_1_35' title="bbox 2228 1648 3753 1721; baseline 0 -18"><span class='ocrx_word' id='word_1_215' title='bbox 2228 1667 2330 1704; x_wconf 89' lang='grc' dir='ltr'><strong>στα</strong></span> <span class='ocrx_word' id='word_1_216' title='bbox 2360 1648 2756 1721; x_wconf 81' lang='grc' dir='ltr'><strong>διεσπουδὰσθη</strong></span> <span class='ocrx_word' id='word_1_217' title='bbox 2804 1649 3013 1714; x_wconf 79' lang='grc' dir='ltr'><strong>αὐτοῖς.</strong></span> <span class='ocrx_word' id='word_1_218' title='bbox 3054 1649 3343 1703; x_wconf 83' lang='grc' dir='ltr'><strong>Ἐντεῦθεν</strong></span> <span class='ocrx_word' id='word_1_219' title='bbox 3368 1650 3657 1721; x_wconf 76' lang='grc' dir='ltr'><strong>πολιορκεῖν</strong></span> <span class='ocrx_word' id='word_1_220' title='bbox 3682 1653 3753 1721; x_wconf 79' lang='grc' dir='ltr'><strong>μὲν</strong></span> 
     </span>
    </p>
   </div>
   <div class='ocr_carea' id='block_1_36' title="bbox 2223 1744 3749 1815">
    <p class='ocr_par' dir='ltr' id='par_1_36' title="bbox 2223 1744 3749 1815">
     <span class='ocr_line' id='line_1_36' title="bbox 2223 1744 3749 1815; baseline 0.001 -18"><span class='ocrx_word' id='word_1_221' title='bbox 2223 1746 2273 1797; x_wconf 79' lang='grc' dir='ltr'><strong>οἱ</strong></span> <span class='ocrx_word' id='word_1_222' title='bbox 2315 1744 2579 1813; x_wconf 80' lang='grc' dir='ltr'><strong>Ῥωμαῖοι</strong></span> <span class='ocrx_word' id='word_1_223' title='bbox 2626 1744 2729 1814; x_wconf 81' lang='grc' dir='ltr'><strong>τὴν</strong></span> <span class='ocrx_word' id='word_1_224' title='bbox 2768 1744 2926 1797; x_wconf 85' lang='grc' dir='ltr'><strong>πόλιν</strong></span> <span class='ocrx_word' id='word_1_225' title='bbox 2955 1744 3306 1811; x_wconf 81' lang='grc' dir='ltr'><strong>ἀπέγνωσαν.</strong></span> <span class='ocrx_word' id='word_1_226' title='bbox 3340 1745 3489 1814; x_wconf 81' lang='grc' dir='ltr'><strong>Μηδὲ</strong></span> <span class='ocrx_word' id='word_1_227' title='bbox 3514 1745 3612 1815; x_wconf 83' lang='grc' dir='ltr'><strong>γὰρ</strong></span> <span class='ocrx_word' id='word_1_228' title='bbox 3633 1746 3749 1799; x_wconf 69' lang='grc' dir='ltr'><strong>δυνά-</strong></span> 
     </span>
    </p>
   </div>
   <div class='ocr_carea' id='block_1_37' title="bbox 2226 1831 3747 1907">
    <p class='ocr_par' dir='ltr' id='par_1_37' title="bbox 2226 1831 3747 1907">
     <span class='ocr_line' id='line_1_37' title="bbox 2226 1831 3747 1907; baseline 0.001 -19"><span class='ocrx_word' id='word_1_229' title='bbox 2226 1853 2316 1907; x_wconf 92' lang='grc' dir='ltr'><strong>μει</strong></span> <span class='ocrx_word' id='word_1_230' title='bbox 2358 1835 2566 1906; x_wconf 82' lang='grc' dir='ltr'><strong>ταύτην</strong></span> <span class='ocrx_word' id='word_1_231' title='bbox 2586 1831 2697 1888; x_wconf 79' lang='grc' dir='ltr'><strong>οἷόν</strong></span> <span class='ocrx_word' id='word_1_232' title='bbox 2741 1854 2803 1889; x_wconf 91' lang='grc' dir='ltr'><strong>τε</strong></span> <span class='ocrx_word' id='word_1_233' title='bbox 2843 1836 3327 1907; x_wconf 76' lang='grc' dir='ltr'><strong>παραστήσασθαιο</strong></span> <span class='ocrx_word' id='word_1_234' title='bbox 3369 1836 3555 1905; x_wconf 81' lang='grc' dir='ltr'><strong>ἑτέραν</strong></span> <span class='ocrx_word' id='word_1_235' title='bbox 3584 1836 3634 1889; x_wconf 83' lang='grc' dir='ltr'><strong>δὲ</strong></span> <span class='ocrx_word' id='word_1_236' title='bbox 3657 1838 3747 1889; x_wconf 81' lang='grc' dir='ltr'><strong>ἀντ-</strong></span> 
     </span>
    </p>
   </div>
   <div class='ocr_carea' id='block_1_38' title="bbox 2222 1928 3747 2001">
    <p class='ocr_par' dir='ltr' id='par_1_38' title="bbox 2222 1928 3747 2001">
     <span class='ocr_line' id='line_1_38' title="bbox 2222 1928 3747 2001; baseline -0.001 -20"><span class='ocrx_word' id='word_1_237' title='bbox 2222 1931 2485 1983; x_wconf 85' lang='grc' dir='ltr'><strong>ανιστῶσι</strong></span> <span class='ocrx_word' id='word_1_238' title='bbox 2521 1930 2679 1983; x_wconf 85' lang='grc' dir='ltr'><strong>πόλιν</strong></span> <span class='ocrx_word' id='word_1_239' title='bbox 2707 1928 2816 1982; x_wconf 82' lang='grc' dir='ltr'><strong>ἀπὸ</strong></span> <span class='ocrx_word' id='word_1_240' title='bbox 2845 1929 3076 1982; x_wconf 75' lang='grc' dir='ltr'><strong>σταδίων</strong></span> <span class='ocrx_word' id='word_1_241' title='bbox 3107 1928 3270 1993; x_wconf 78' lang='grc' dir='ltr'><strong>ἑπτὰ,</strong></span> <span class='ocrx_word' id='word_1_242' title='bbox 3306 1928 3399 1980; x_wconf 77' lang='grc' dir='ltr'><strong>ἐπὶ</strong></span> <span class='ocrx_word' id='word_1_243' title='bbox 3446 1928 3513 1982; x_wconf 78' lang='grc' dir='ltr'><strong>τὰ</strong></span> <span class='ocrx_word' id='word_1_244' title='bbox 3535 1928 3668 2001; x_wconf 77' lang='grc' dir='ltr'><strong>δρεια</strong></span> <span class='ocrx_word' id='word_1_245' title='bbox 3683 1931 3747 1981; x_wconf 74' lang='grc' dir='ltr'><strong>καὶ</strong></span> 
     </span>
    </p>
   </div>
   <div class='ocr_carea' id='block_1_39' title="bbox 2222 2022 3746 2094">
    <p class='ocr_par' dir='ltr' id='par_1_39' title="bbox 2222 2022 3746 2094">
     <span class='ocr_line' id='line_1_39' title="bbox 2222 2022 3746 2094; baseline -0.001 -20"><span class='ocrx_word' id='word_1_246' title='bbox 2222 2023 2566 2094; x_wconf 78' lang='grc' dir='ltr'><strong>ὲρυμνότερα</strong></span> <span class='ocrx_word' id='word_1_247' title='bbox 2624 2022 2801 2093; x_wconf 86' lang='grc' dir='ltr'><strong>μέρη,</strong></span> <span class='ocrx_word' id='word_1_248' title='bbox 2851 2022 2929 2086; x_wconf 84' lang='grc' dir='ltr'><strong>ὡς</strong></span> <span class='ocrx_word' id='word_1_249' title='bbox 2967 2023 3037 2076; x_wconf 88' lang='grc' dir='ltr'><strong>ἂν</strong></span> <span class='ocrx_word' id='word_1_250' title='bbox 3083 2022 3467 2092; x_wconf 75' lang='grc' dir='ltr'><strong>ἐπιτεχνήσεις</strong></span> <span class='ocrx_word' id='word_1_251' title='bbox 3512 2023 3649 2084; x_wconf 80' lang='grc' dir='ltr'><strong>τινὰς</strong></span> <span class='ocrx_word' id='word_1_252' title='bbox 3682 2024 3746 2075; x_wconf 77' lang='grc' dir='ltr'><strong>καὶ</strong></span> 
     </span>
    </p>
   </div>
   <div class='ocr_carea' id='block_1_40' title="bbox 2220 2112 3744 2186">
    <p class='ocr_par' dir='ltr' id='par_1_40' title="bbox 2220 2112 3744 2186">
     <span class='ocr_line' id='line_1_40' title="bbox 2220 2112 3744 2186; baseline -0.003 -15"><span class='ocrx_word' id='word_1_253' title='bbox 2220 2116 2699 2186; x_wconf 76' lang='grc' dir='ltr'><strong>ἀντεπιχειρήσεις</strong></span> <span class='ocrx_word' id='word_1_254' title='bbox 2734 2116 2993 2168; x_wconf 84' lang='grc' dir='ltr'><strong>ποιοῖντο.</strong></span> <span class='ocrx_word' id='word_1_255' title='bbox 3026 2115 3137 2167; x_wconf 78' lang='grc' dir='ltr'><strong>Καὶ</strong></span> <span class='ocrx_word' id='word_1_256' title='bbox 3167 2112 3347 2167; x_wconf 78' lang='grc' dir='ltr'><strong>ταῦτα</strong></span> <span class='ocrx_word' id='word_1_257' title='bbox 3377 2114 3473 2184; x_wconf 86' lang='grc' dir='ltr'><strong>μὲν</strong></span> <span class='ocrx_word' id='word_1_258' title='bbox 3499 2112 3744 2185; x_wconf 79' lang='grc' dir='ltr'><strong>θερίζοντες</strong></span> 
     </span>
    </p>
   </div>
   <div class='ocr_carea' id='block_1_41' title="bbox 2217 2207 3401 2280">
    <p class='ocr_par' dir='ltr' id='par_1_41' title="bbox 2217 2207 3401 2280">
     <span class='ocr_line' id='line_1_41' title="bbox 2217 2207 3401 2280; baseline 0.003 -18"><span class='ocrx_word' id='word_1_259' title='bbox 2217 2209 2511 2280; x_wconf 78' lang='grc' dir='ltr'><strong>ἔπραττον,</strong></span> <span class='ocrx_word' id='word_1_260' title='bbox 2546 2207 2625 2279; x_wconf 85' lang='grc' dir='ltr'><strong>τῷ</strong></span> <span class='ocrx_word' id='word_1_261' title='bbox 2656 2208 2712 2261; x_wconf 83' lang='grc' dir='ltr'><strong>δὲ</strong></span> <span class='ocrx_word' id='word_1_262' title='bbox 2744 2207 2975 2279; x_wconf 84' lang='grc' dir='ltr'><strong>χειμῶνι</strong></span> <span class='ocrx_word' id='word_1_263' title='bbox 3007 2207 3282 2262; x_wconf 81' lang='grc' dir='ltr'><strong>διελύοντο</strong></span> <span class='ocrx_word' id='word_1_264' title='bbox 3306 2208 3401 2279; x_wconf 84' lang='lat' dir='ltr'><strong>(p).</strong></span> 
     </span>
    </p>
   </div>
   <div class='ocr_carea' id='block_1_42' title="bbox 526 2302 3745 2378">
    <p class='ocr_par' dir='ltr' id='par_1_42' title="bbox 526 2302 3745 2378">
     <span class='ocr_line' id='line_1_42' title="bbox 526 2302 3745 2378; baseline -0.003 -17"><span class='ocrx_word' id='word_1_265' title='bbox 526 2306 768 2362; x_wconf 88' lang='lat' dir='ltr'><strong>nendum</strong></span> <span class='ocrx_word' id='word_1_266' title='bbox 819 2307 926 2364; x_wconf 90' lang='lat' dir='ltr'><strong>sibi</strong></span> <span class='ocrx_word' id='word_1_267' title='bbox 980 2323 1104 2365; x_wconf 81' lang='lat' dir='ltr'><strong>esse</strong></span> <span class='ocrx_word' id='word_1_268' title='bbox 1151 2318 1509 2365; x_wconf 91' lang='lat' dir='ltr'><strong>censuerunt.</strong></span> <span class='ocrx_word' id='word_1_269' title='bbox 1590 2309 1781 2378; x_wconf 86' lang='lat' dir='ltr'><strong>Neque</strong></span> <span class='ocrx_word' id='word_1_270' title='bbox 1856 2308 2006 2363; x_wconf 92' lang='lat' dir='ltr'><strong>enim</strong></span> <span class='ocrx_word' id='word_1_271' title='bbox 2052 2306 2170 2361; x_wconf 85' lang='lat' dir='ltr'><strong>fieri</strong></span> <span class='ocrx_word' id='word_1_272' title='bbox 2209 2322 2371 2375; x_wconf 90' lang='lat' dir='ltr'><strong>posse</strong></span> <span class='ocrx_word' id='word_1_273' title='bbox 2416 2314 2476 2359; x_wconf 90' lang='lat' dir='ltr'><strong>ut</strong></span> <span class='ocrx_word' id='word_1_274' title='bbox 2518 2318 2639 2359; x_wconf 91' lang='lat' dir='ltr'><strong>eam</strong></span> <span class='ocrx_word' id='word_1_275' title='bbox 2681 2302 2734 2356; x_wconf 92' lang='lat' dir='ltr'><strong>vi</strong></span> <span class='ocrx_word' id='word_1_276' title='bbox 2779 2310 3183 2373; x_wconf 80' lang='lat' dir='ltr'><strong>expugnarent.</strong></span> <span class='ocrx_word' id='word_1_277' title='bbox 3230 2303 3470 2357; x_wconf 86' lang='lat' dir='ltr'><strong>Alteram</strong></span> <span class='ocrx_word' id='word_1_278' title='bbox 3505 2308 3663 2354; x_wconf 90' lang='lat' dir='ltr'><strong>autem</strong></span> <span class='ocrx_word' id='word_1_279' title='bbox 3681 2314 3745 2351; x_wconf 81' lang='lat' dir='ltr'><strong>ur-</strong></span> 
     </span>
    </p>
   </div>
   <div class='ocr_carea' id='block_1_43' title="bbox 525 2396 3745 2476">
    <p class='ocr_par' dir='ltr' id='par_1_43' title="bbox 525 2396 3745 2476">
     <span class='ocr_line' id='line_1_43' title="bbox 525 2396 3745 2476; baseline -0.003 -18"><span class='ocrx_word' id='word_1_280' title='bbox 525 2398 651 2458; x_wconf 81' lang='lat' dir='ltr'><strong>bem</strong></span> <span class='ocrx_word' id='word_1_281' title='bbox 699 2404 754 2462; x_wconf 91' lang='lat' dir='ltr'><strong>in</strong></span> <span class='ocrx_word' id='word_1_282' title='bbox 798 2404 1064 2461; x_wconf 89' lang='lat' dir='ltr'><strong>montosis</strong></span> <span class='ocrx_word' id='word_1_283' title='bbox 1107 2414 1164 2460; x_wconf 92' lang='lat' dir='ltr'><strong>et</strong></span> <span class='ocrx_word' id='word_1_284' title='bbox 1208 2406 1603 2461; x_wconf 86' lang='lat' dir='ltr'><strong>munitioribus</strong></span> <span class='ocrx_word' id='word_1_285' title='bbox 1658 2406 1823 2471; x_wconf 90' lang='lat' dir='ltr'><strong>locis,</strong></span> <span class='ocrx_word' id='word_1_286' title='bbox 1881 2415 2092 2476; x_wconf 88' lang='lat' dir='ltr'><strong>septem</strong></span> <span class='ocrx_word' id='word_1_287' title='bbox 2130 2402 2293 2475; x_wconf 60' lang='lat'><strong>565</strong></span> <span class='ocrx_word' id='word_1_288' title='bbox 2356 2401 2551 2458; x_wconf 87' lang='lat' dir='ltr'><strong>stadiis</strong></span> <span class='ocrx_word' id='word_1_289' title='bbox 2601 2399 3003 2471; x_wconf 81' lang='lat' dir='ltr'><strong>aMartyropoli</strong></span> <span class='ocrx_word' id='word_1_290' title='bbox 3031 2406 3448 2462; x_wconf 87' lang='lat' dir='ltr'><strong>exstruxerunt,</strong></span> <span class='ocrx_word' id='word_1_291' title='bbox 3478 2407 3535 2451; x_wconf 90' lang='lat' dir='ltr'><strong>ut</strong></span> <span class='ocrx_word' id='word_1_292' title='bbox 3582 2396 3745 2451; x_wconf 74' lang='lat' dir='ltr'><strong>insidiis</strong></span> 
     </span>
    </p>
   </div>
   <div class='ocr_carea' id='block_1_44' title="bbox 522 2496 3740 2572">
    <p class='ocr_par' dir='ltr' id='par_1_44' title="bbox 522 2496 3740 2572">
     <span class='ocr_line' id='line_1_44' title="bbox 522 2496 3740 2572; baseline -0.001 -18"><span class='ocrx_word' id='word_1_293' title='bbox 522 2508 689 2568; x_wconf 90' lang='lat' dir='ltr'><strong>atque</strong></span> <span class='ocrx_word' id='word_1_294' title='bbox 737 2499 1165 2556; x_wconf 87' lang='lat' dir='ltr'><strong>excursionibus</strong></span> <span class='ocrx_word' id='word_1_295' title='bbox 1202 2516 1324 2556; x_wconf 90' lang='lat' dir='ltr'><strong>eam</strong></span> <span class='ocrx_word' id='word_1_296' title='bbox 1368 2501 1712 2559; x_wconf 87' lang='lat' dir='ltr'><strong>infestarent.</strong></span> <span class='ocrx_word' id='word_1_297' title='bbox 1738 2502 1807 2557; x_wconf 89' lang='lat' dir='ltr'><strong>Et</strong></span> <span class='ocrx_word' id='word_1_298' title='bbox 1834 2502 1954 2557; x_wconf 63' lang='lat' dir='ltr'><strong>hate</strong></span> <span class='ocrx_word' id='word_1_299' title='bbox 1986 2502 2209 2572; x_wconf 88' lang='lat' dir='ltr'><strong>quidem</strong></span> <span class='ocrx_word' id='word_1_300' title='bbox 2258 2500 2451 2555; x_wconf 67' lang='lat' dir='ltr'><strong>aestivo</strong></span> <span class='ocrx_word' id='word_1_301' title='bbox 2518 2508 2763 2567; x_wconf 90' lang='lat' dir='ltr'><strong>tempore</strong></span> <span class='ocrx_word' id='word_1_302' title='bbox 2804 2497 2946 2553; x_wconf 84' lang='lat' dir='ltr'><strong>facta</strong></span> <span class='ocrx_word' id='word_1_303' title='bbox 2999 2511 3128 2553; x_wconf 82' lang='lat' dir='ltr'><strong>sunt</strong></span> <span class='ocrx_word' id='word_1_304' title='bbox 3172 2514 3205 2552; x_wconf 87' lang='lat' dir='ltr'><strong>a</strong></span> <span class='ocrx_word' id='word_1_305' title='bbox 3274 2496 3545 2551; x_wconf 85' lang='lat' dir='ltr'><strong>Romanis.</strong></span> <span class='ocrx_word' id='word_1_306' title='bbox 3599 2496 3740 2551; x_wconf 78' lang='lat' dir='ltr'><strong>Hieme</strong></span> 
     </span>
    </p>
   </div>
   <div class='ocr_carea' id='block_1_45' title="bbox 522 2593 1401 2652">
    <p class='ocr_par' dir='ltr' id='par_1_45' title="bbox 522 2593 1401 2652">
     <span class='ocr_line' id='line_1_45' title="bbox 522 2593 1401 2652; baseline 0.007 -6"><span class='ocrx_word' id='word_1_307' title='bbox 522 2608 659 2647; x_wconf 83' lang='lat' dir='ltr'><strong>vero</strong></span> <span class='ocrx_word' id='word_1_308' title='bbox 696 2593 961 2650; x_wconf 86' lang='lat' dir='ltr'><strong>dimissus</strong></span> <span class='ocrx_word' id='word_1_309' title='bbox 988 2604 1074 2651; x_wconf 87' lang='lat' dir='ltr'><strong>est</strong></span> <span class='ocrx_word' id='word_1_310' title='bbox 1100 2597 1401 2652; x_wconf 83' lang='lat' dir='ltr'><strong>exercitus.</strong></span> 
     </span>
    </p>
   </div>
   <div class='ocr_carea' id='block_1_46' title="bbox 1159 2709 1479 2767">
    <p class='ocr_par' dir='ltr' id='par_1_46' title="bbox 1159 2709 1479 2767">
     <span class='ocr_line' id='line_1_46' title="bbox 1159 2709 1479 2767; baseline 0.006 -2"><span class='ocrx_word' id='word_1_311' title='bbox 1159 2709 1313 2765; x_wconf 86' lang='lat' dir='ltr'><strong>CAP.</strong></span> <span class='ocrx_word' id='word_1_312' title='bbox 1363 2710 1479 2767; x_wconf 77' lang='lat' dir='ltr'><strong>XV.</strong></span> 
     </span>
    </p>
   </div>
   <div class='ocr_carea' id='block_1_47' title="bbox 524 2796 2117 2877">
    <p class='ocr_par' dir='ltr' id='par_1_47' title="bbox 524 2796 2117 2877">
     <span class='ocr_line' id='line_1_47' title="bbox 524 2796 2117 2877; baseline 0.006 -25"><span class='ocrx_word' id='word_1_313' title='bbox 524 2796 602 2853; x_wconf 80' lang='lat' dir='ltr'><strong>De</strong></span> <span class='ocrx_word' id='word_1_314' title='bbox 648 2798 977 2855; x_wconf 72' lang='lat' dir='ltr'><strong>Comentiolo</strong></span> <span class='ocrx_word' id='word_1_315' title='bbox 1034 2804 1291 2877; x_wconf 72' lang='lat' dir='ltr'><strong>magistro</strong></span> <span class='ocrx_word' id='word_1_316' title='bbox 1343 2803 1601 2877; x_wconf 61' lang='lat' dir='ltr'><strong>militum,</strong></span> <span class='ocrx_word' id='word_1_317' title='bbox 1653 2813 1703 2858; x_wconf 85' lang='lat' dir='ltr'><strong>et</strong></span> <span class='ocrx_word' id='word_1_318' title='bbox 1741 2805 1805 2859; x_wconf 84' lang='lat' dir='ltr'><strong>de</strong></span> <span class='ocrx_word' id='word_1_319' title='bbox 1843 2823 2117 2877; x_wconf 72' lang='lat' dir='ltr'><strong>expugna-</strong></span> 
     </span>
    </p>
   </div>
   <div class='ocr_carea' id='block_1_48' title="bbox 1026 2874 1609 2930">
    <p class='ocr_par' dir='ltr' id='par_1_48' title="bbox 1026 2874 1609 2930">
     <span class='ocr_line' id='line_1_48' title="bbox 1026 2874 1609 2930; baseline 0.002 -3"><span class='ocrx_word' id='word_1_320' title='bbox 1026 2875 1165 2928; x_wconf 83' lang='lat' dir='ltr'><strong>tione</strong></span> <span class='ocrx_word' id='word_1_321' title='bbox 1192 2874 1397 2928; x_wconf 77' lang='lat' dir='ltr'><strong>castelli</strong></span> <span class='ocrx_word' id='word_1_322' title='bbox 1424 2874 1609 2930; x_wconf 81' lang='lat' dir='ltr'><strong>chas.</strong></span> 
     </span>
    </p>
   </div>
   <div class='ocr_carea' id='block_1_49' title="bbox 592 2984 2109 3064">
    <p class='ocr_par' dir='ltr' id='par_1_49' title="bbox 592 2984 2109 3064">
     <span class='ocr_line' id='line_1_49' title="bbox 592 2984 2109 3064; baseline 0.007 -25"><span class='ocrx_word' id='word_1_323' title='bbox 592 2984 830 3041; x_wconf 83' lang='lat' dir='ltr'><strong>Mittitur</strong></span> <span class='ocrx_word' id='word_1_324' title='bbox 869 2989 1099 3057; x_wconf 88' lang='lat' dir='ltr'><strong>posthac</strong></span> <span class='ocrx_word' id='word_1_325' title='bbox 1127 2989 1197 3044; x_wconf 86' lang='lat' dir='ltr'><strong>ab</strong></span> <span class='ocrx_word' id='word_1_326' title='bbox 1230 2989 1565 3060; x_wconf 86' lang='lat' dir='ltr'><strong>imperatore</strong></span> <span class='ocrx_word' id='word_1_327' title='bbox 1599 2990 1982 3047; x_wconf 88' lang='lat' dir='ltr'><strong>Comentiolus</strong></span> <span class='ocrx_word' id='word_1_328' title='bbox 2014 3010 2109 3064; x_wconf 87' lang='lat' dir='ltr'><strong>ge-</strong></span> 
     </span>
    </p>
   </div>
   <div class='ocr_carea' id='block_1_50' title="bbox 519 3079 2111 3156">
    <p class='ocr_par' dir='ltr' id='par_1_50' title="bbox 519 3079 2111 3156">
     <span class='ocr_line' id='line_1_50' title="bbox 519 3079 2111 3156; baseline 0.006 -24"><span class='ocrx_word' id='word_1_329' title='bbox 519 3092 654 3133; x_wconf 88' lang='lat' dir='ltr'><strong>nere</strong></span> <span class='ocrx_word' id='word_1_330' title='bbox 703 3079 908 3145; x_wconf 80' lang='lat' dir='ltr'><strong>Thrax,</strong></span> <span class='ocrx_word' id='word_1_331' title='bbox 939 3082 1033 3150; x_wconf 89' lang='lat' dir='ltr'><strong>qui</strong></span> <span class='ocrx_word' id='word_1_332' title='bbox 1063 3082 1373 3152; x_wconf 77' lang='lat' dir='ltr'><strong>Philippica</strong></span> <span class='ocrx_word' id='word_1_333' title='bbox 1404 3083 1459 3137; x_wconf 92' lang='lat' dir='ltr'><strong>in</strong></span> <span class='ocrx_word' id='word_1_334' title='bbox 1492 3085 1807 3155; x_wconf 88' lang='lat' dir='ltr'><strong>magisteria</strong></span> <span class='ocrx_word' id='word_1_335' title='bbox 1839 3094 2111 3156; x_wconf 86' lang='lat' dir='ltr'><strong>potestate</strong></span> 
     </span>
    </p>
   </div>
   <div class='ocr_carea' id='block_1_51' title="bbox 518 3167 2107 3245">
    <p class='ocr_par' dir='ltr' id='par_1_51' title="bbox 518 3167 2107 3245">
     <span class='ocr_line' id='line_1_51' title="bbox 518 3167 2107 3245; baseline 0.006 -23"><span class='ocrx_word' id='word_1_336' title='bbox 518 3167 867 3223; x_wconf 69' lang='lat' dir='ltr'><strong>succederet.</strong></span> <span class='ocrx_word' id='word_1_337' title='bbox 914 3169 1016 3224; x_wconf 82' lang='lat' dir='ltr'><strong>Hic</strong></span> <span class='ocrx_word' id='word_1_338' title='bbox 1058 3170 1358 3227; x_wconf 82' lang='lat' dir='ltr'><strong>fortissime</strong></span> <span class='ocrx_word' id='word_1_339' title='bbox 1388 3188 1515 3228; x_wconf 92' lang='lat' dir='ltr'><strong>eum</strong></span> <span class='ocrx_word' id='word_1_340' title='bbox 1542 3174 1727 3229; x_wconf 87' lang='lat' dir='ltr'><strong>Persis</strong></span> <span class='ocrx_word' id='word_1_341' title='bbox 1759 3191 2107 3245; x_wconf 89' lang='lat' dir='ltr'><strong>congressus,</strong></span> 
     </span>
    </p>
   </div>
   <div class='ocr_carea' id='block_1_52' title="bbox 520 3264 2109 3338">
    <p class='ocr_par' dir='ltr' id='par_1_52' title="bbox 520 3264 2109 3338">
     <span class='ocr_line' id='line_1_52' title="bbox 520 3264 2109 3338; baseline 0.006 -25"><span class='ocrx_word' id='word_1_342' title='bbox 520 3274 647 3314; x_wconf 84' lang='lat' dir='ltr'><strong>cum</strong></span> <span class='ocrx_word' id='word_1_343' title='bbox 692 3275 800 3313; x_wconf 91' lang='lat' dir='ltr'><strong>una</strong></span> <span class='ocrx_word' id='word_1_344' title='bbox 851 3276 976 3315; x_wconf 92' lang='lat' dir='ltr'><strong>cum</strong></span> <span class='ocrx_word' id='word_1_345' title='bbox 1008 3276 1153 3331; x_wconf 79' lang='lat' dir='ltr'><strong>equo</strong></span> <span class='ocrx_word' id='word_1_346' title='bbox 1180 3278 1425 3332; x_wconf 63' lang='lat' dir='ltr'><strong>praeceps</strong></span> <span class='ocrx_word' id='word_1_347' title='bbox 1468 3264 1715 3333; x_wconf 90' lang='lat' dir='ltr'><strong>dejectus</strong></span> <span class='ocrx_word' id='word_1_348' title='bbox 1756 3276 1923 3332; x_wconf 87' lang='lat' dir='ltr'><strong>esset,</strong></span> <span class='ocrx_word' id='word_1_349' title='bbox 1969 3283 2109 3338; x_wconf 88' lang='lat' dir='ltr'><strong>pene</strong></span> 
     </span>
    </p>
   </div>
   <div class='ocr_carea' id='block_1_53' title="bbox 517 3350 2107 3429">
    <p class='ocr_par' dir='ltr' id='par_1_53' title="bbox 517 3350 2107 3429">
     <span class='ocr_line' id='line_1_53' title="bbox 517 3350 2107 3429; baseline 0.007 -25"><span class='ocrx_word' id='word_1_350' title='bbox 517 3350 828 3415; x_wconf 84' lang='lat' dir='ltr'><strong>interierat,</strong></span> <span class='ocrx_word' id='word_1_351' title='bbox 870 3352 977 3407; x_wconf 92' lang='lat' dir='ltr'><strong>nisi</strong></span> <span class='ocrx_word' id='word_1_352' title='bbox 1025 3354 1251 3422; x_wconf 90' lang='lat' dir='ltr'><strong>quidam</strong></span> <span class='ocrx_word' id='word_1_353' title='bbox 1279 3370 1347 3409; x_wconf 88' lang='lat' dir='ltr'><strong>ex</strong></span> <span class='ocrx_word' id='word_1_354' title='bbox 1380 3356 1714 3411; x_wconf 87' lang='lat' dir='ltr'><strong>satellitibus</strong></span> <span class='ocrx_word' id='word_1_355' title='bbox 1754 3358 1931 3427; x_wconf 87' lang='lat' dir='ltr'><strong>ipsum</strong></span> <span class='ocrx_word' id='word_1_356' title='bbox 1963 3376 2107 3429; x_wconf 90' lang='lat' dir='ltr'><strong>equo</strong></span> 
     </span>
    </p>
   </div>
   <div class='ocr_carea' id='block_1_54' title="bbox 514 3443 2105 3523">
    <p class='ocr_par' dir='ltr' id='par_1_54' title="bbox 514 3443 2105 3523">
     <span class='ocr_line' id='line_1_54' title="bbox 514 3443 2105 3523; baseline 0.006 -24"><span class='ocrx_word' id='word_1_357' title='bbox 514 3443 688 3499; x_wconf 90' lang='lat' dir='ltr'><strong>funali</strong></span> <span class='ocrx_word' id='word_1_358' title='bbox 742 3444 1059 3516; x_wconf 91' lang='lat' dir='ltr'><strong>impositum</strong></span> <span class='ocrx_word' id='word_1_359' title='bbox 1091 3462 1158 3501; x_wconf 84' lang='lat' dir='ltr'><strong>ex</strong></span> <span class='ocrx_word' id='word_1_360' title='bbox 1189 3448 1382 3519; x_wconf 68' lang='lat' dir='ltr'><strong>praelia</strong></span> <span class='ocrx_word' id='word_1_361' title='bbox 1426 3450 1802 3507; x_wconf 87' lang='lat' dir='ltr'><strong>subduxisset.</strong></span> <span class='ocrx_word' id='word_1_362' title='bbox 1850 3452 2105 3523; x_wconf 84' lang='lat' dir='ltr'><strong>Superati</strong></span> 
     </span>
    </p>
   </div>
   <div class='ocr_carea' id='block_1_55' title="bbox 515 3537 2103 3611">
    <p class='ocr_par' dir='ltr' id='par_1_55' title="bbox 515 3537 2103 3611">
     <span class='ocr_line' id='line_1_55' title="bbox 515 3537 2103 3611; baseline 0.008 -22"><span class='ocrx_word' id='word_1_363' title='bbox 515 3537 877 3595; x_wconf 86' lang='lat' dir='ltr'><strong>nihilominus</strong></span> <span class='ocrx_word' id='word_1_364' title='bbox 910 3540 1113 3606; x_wconf 67' lang='lat' dir='ltr'><strong>Persae,</strong></span> <span class='ocrx_word' id='word_1_365' title='bbox 1138 3542 1415 3597; x_wconf 88' lang='lat' dir='ltr'><strong>universis</strong></span> <span class='ocrx_word' id='word_1_366' title='bbox 1444 3542 1682 3599; x_wconf 87' lang='lat' dir='ltr'><strong>ducibus</strong></span> <span class='ocrx_word' id='word_1_367' title='bbox 1712 3546 1828 3599; x_wconf 89' lang='lat' dir='ltr'><strong>suis</strong></span> <span class='ocrx_word' id='word_1_368' title='bbox 1863 3547 2103 3611; x_wconf 90' lang='lat' dir='ltr'><strong>amissis,</strong></span> 
     </span>
    </p>
   </div>
   <div class='ocr_carea' id='block_1_56' title="bbox 517 3631 2108 3708">
    <p class='ocr_par' dir='ltr' id='par_1_56' title="bbox 517 3631 2108 3708">
     <span class='ocr_line' id='line_1_56' title="bbox 517 3631 2108 3708; baseline 0.007 -25"><span class='ocrx_word' id='word_1_369' title='bbox 517 3631 700 3700; x_wconf 86' lang='lat' dir='ltr'><strong>fugam</strong></span> <span class='ocrx_word' id='word_1_370' title='bbox 728 3633 1108 3702; x_wconf 85' lang='lat' dir='ltr'><strong>arripuerunt,</strong></span> <span class='ocrx_word' id='word_1_371' title='bbox 1134 3643 1190 3689; x_wconf 89' lang='lat' dir='ltr'><strong>et</strong></span> <span class='ocrx_word' id='word_1_372' title='bbox 1216 3635 1446 3690; x_wconf 88' lang='lat' dir='ltr'><strong>Nisibim</strong></span> <span class='ocrx_word' id='word_1_373' title='bbox 1477 3652 1536 3691; x_wconf 90' lang='lat' dir='ltr'><strong>se</strong></span> <span class='ocrx_word' id='word_1_374' title='bbox 1566 3648 1926 3708; x_wconf 86' lang='lat' dir='ltr'><strong>receperunt:</strong></span> <span class='ocrx_word' id='word_1_375' title='bbox 1955 3656 2108 3694; x_wconf 86' lang='lat' dir='ltr'><strong>eum-</strong></span> 
     </span>
    </p>
   </div>
   <div class='ocr_carea' id='block_1_57' title="bbox 513 3725 2105 3796">
    <p class='ocr_par' dir='ltr' id='par_1_57' title="bbox 513 3725 2105 3796">
     <span class='ocr_line' id='line_1_57' title="bbox 513 3725 2105 3796; baseline 0.004 -18"><span class='ocrx_word' id='word_1_376' title='bbox 513 3740 623 3794; x_wconf 88' lang='lat' dir='ltr'><strong>que</strong></span> <span class='ocrx_word' id='word_1_377' title='bbox 648 3725 715 3779; x_wconf 87' lang='lat' dir='ltr'><strong>ad</strong></span> <span class='ocrx_word' id='word_1_378' title='bbox 738 3742 918 3796; x_wconf 88' lang='lat' dir='ltr'><strong>regem</strong></span> <span class='ocrx_word' id='word_1_379' title='bbox 947 3742 1109 3781; x_wconf 88' lang='lat' dir='ltr'><strong>suum</strong></span> <span class='ocrx_word' id='word_1_380' title='bbox 1140 3729 1343 3783; x_wconf 85' lang='lat' dir='ltr'><strong>reverti</strong></span> <span class='ocrx_word' id='word_1_381' title='bbox 1370 3728 1597 3784; x_wconf 89' lang='lat' dir='ltr'><strong>minime</strong></span> <span class='ocrx_word' id='word_1_382' title='bbox 1619 3729 1923 3785; x_wconf 88' lang='lat' dir='ltr'><strong>auderent:</strong></span> <span class='ocrx_word' id='word_1_383' title='bbox 1953 3746 2105 3785; x_wconf 90' lang='lat' dir='ltr'><strong>mor-</strong></span> 
     </span>
    </p>
   </div>
   <div class='ocr_carea' id='block_1_58' title="bbox 514 3819 2104 3890">
    <p class='ocr_par' dir='ltr' id='par_1_58' title="bbox 514 3819 2104 3890">
     <span class='ocr_line' id='line_1_58' title="bbox 514 3819 2104 3890; baseline 0.005 -17"><span class='ocrx_word' id='word_1_384' title='bbox 514 3828 629 3873; x_wconf 81' lang='lat' dir='ltr'><strong>tem</strong></span> <span class='ocrx_word' id='word_1_385' title='bbox 682 3819 830 3874; x_wconf 88' lang='lat' dir='ltr'><strong>enim</strong></span> <span class='ocrx_word' id='word_1_386' title='bbox 882 3820 1017 3890; x_wconf 91' lang='lat' dir='ltr'><strong>ipsis</strong></span> <span class='ocrx_word' id='word_1_387' title='bbox 1064 3822 1307 3877; x_wconf 88' lang='lat' dir='ltr'><strong>minatus</strong></span> <span class='ocrx_word' id='word_1_388' title='bbox 1356 3822 1560 3889; x_wconf 81' lang='lat' dir='ltr'><strong>fuerat,</strong></span> <span class='ocrx_word' id='word_1_389' title='bbox 1608 3823 1715 3878; x_wconf 88' lang='lat' dir='ltr'><strong>nisi</strong></span> <span class='ocrx_word' id='word_1_390' title='bbox 1764 3825 1934 3880; x_wconf 90' lang='lat' dir='ltr'><strong>duces</strong></span> <span class='ocrx_word' id='word_1_391' title='bbox 1973 3842 2104 3881; x_wconf 90' lang='lat' dir='ltr'><strong>suos</strong></span> 
     </span>
    </p>
   </div>
   <div class='ocr_carea' id='block_1_59' title="bbox 513 3912 2104 3983">
    <p class='ocr_par' dir='ltr' id='par_1_59' title="bbox 513 3912 2104 3983">
     <span class='ocr_line' id='line_1_59' title="bbox 513 3912 2104 3983; baseline 0.003 -16"><span class='ocrx_word' id='word_1_392' title='bbox 513 3912 694 3967; x_wconf 84' lang='lat' dir='ltr'><strong>salvos</strong></span> <span class='ocrx_word' id='word_1_393' title='bbox 738 3920 904 3983; x_wconf 87' lang='lat' dir='ltr'><strong>atque</strong></span> <span class='ocrx_word' id='word_1_394' title='bbox 937 3914 1246 3969; x_wconf 90' lang='lat' dir='ltr'><strong>incolumes</strong></span> <span class='ocrx_word' id='word_1_395' title='bbox 1293 3914 1656 3971; x_wconf 88' lang='lat' dir='ltr'><strong>reducerent:</strong></span> <span class='ocrx_word' id='word_1_396' title='bbox 1690 3917 1806 3972; x_wconf 93' lang='lat' dir='ltr'><strong>illic</strong></span> <span class='ocrx_word' id='word_1_397' title='bbox 1837 3918 2104 3973; x_wconf 89' lang='lat' dir='ltr'><strong>adversus</strong></span> 
     </span>
    </p>
   </div>
   <div class='ocr_carea' id='block_1_60' title="bbox 512 3999 2103 4078">
    <p class='ocr_par' dir='ltr' id='par_1_60' title="bbox 512 3999 2103 4078">
     <span class='ocr_line' id='line_1_60' title="bbox 512 3999 2103 4078; baseline 0.007 -23"><span class='ocrx_word' id='word_1_398' title='bbox 512 3999 860 4063; x_wconf 82' lang='lat' dir='ltr'><strong>llormisdam</strong></span> <span class='ocrx_word' id='word_1_399' title='bbox 890 4006 1332 4078; x_wconf 88' lang='lat' dir='ltr'><strong>conjurationem</strong></span> <span class='ocrx_word' id='word_1_400' title='bbox 1366 4008 1578 4072; x_wconf 91' lang='lat' dir='ltr'><strong>ineunt,</strong></span> <span class='ocrx_word' id='word_1_401' title='bbox 1614 4016 1839 4065; x_wconf 78' lang='lat' dir='ltr'><strong>auctore</strong></span> <span class='ocrx_word' id='word_1_402' title='bbox 1868 4010 2103 4065; x_wconf 81' lang='lat' dir='ltr'><strong>Varamo</strong></span> 
     </span>
    </p>
   </div>
   <div class='ocr_carea' id='block_1_61' title="bbox 512 4097 2103 4172">
    <p class='ocr_par' dir='ltr' id='par_1_61' title="bbox 512 4097 2103 4172">
     <span class='ocr_line' id='line_1_61' title="bbox 512 4097 2103 4172; baseline 0.006 -22"><span class='ocrx_word' id='word_1_403' title='bbox 512 4097 780 4167; x_wconf 86' lang='lat' dir='ltr'><strong>magistro</strong></span> <span class='ocrx_word' id='word_1_404' title='bbox 814 4098 1051 4154; x_wconf 90' lang='lat' dir='ltr'><strong>militum</strong></span> <span class='ocrx_word' id='word_1_405' title='bbox 1081 4100 1229 4170; x_wconf 91' lang='lat' dir='ltr'><strong>apud</strong></span> <span class='ocrx_word' id='word_1_406' title='bbox 1265 4102 1482 4169; x_wconf 81' lang='lat' dir='ltr'><strong>Persas,</strong></span> <span class='ocrx_word' id='word_1_407' title='bbox 1525 4102 1619 4172; x_wconf 90' lang='lat' dir='ltr'><strong>qui</strong></span> <span class='ocrx_word' id='word_1_408' title='bbox 1651 4105 1814 4172; x_wconf 89' lang='lat' dir='ltr'><strong>paulo</strong></span> <span class='ocrx_word' id='word_1_409' title='bbox 1841 4112 1999 4158; x_wconf 89' lang='lat' dir='ltr'><strong>antea</strong></span> <span class='ocrx_word' id='word_1_410' title='bbox 2034 4120 2103 4159; x_wconf 87' lang='lat' dir='ltr'><strong>ex</strong></span> 
     </span>
    </p>
   </div>
   <div class='ocr_carea' id='block_1_62' title="bbox 512 4187 2100 4257">
    <p class='ocr_par' dir='ltr' id='par_1_62' title="bbox 512 4187 2100 4257">
     <span class='ocr_line' id='line_1_62' title="bbox 512 4187 2100 4257; baseline 0.004 -16"><span class='ocrx_word' id='word_1_411' title='bbox 512 4187 705 4257; x_wconf 68' lang='lat' dir='ltr'><strong>praelio</strong></span> <span class='ocrx_word' id='word_1_412' title='bbox 733 4188 1000 4246; x_wconf 88' lang='lat' dir='ltr'><strong>adversus</strong></span> <span class='ocrx_word' id='word_1_413' title='bbox 1026 4190 1237 4246; x_wconf 87' lang='lat' dir='ltr'><strong>Turcos</strong></span> <span class='ocrx_word' id='word_1_414' title='bbox 1272 4207 1379 4247; x_wconf 94' lang='lat' dir='ltr'><strong>una</strong></span> <span class='ocrx_word' id='word_1_415' title='bbox 1405 4208 1530 4248; x_wconf 91' lang='lat' dir='ltr'><strong>cum</strong></span> <span class='ocrx_word' id='word_1_416' title='bbox 1558 4193 1675 4247; x_wconf 90' lang='lat' dir='ltr'><strong>suis</strong></span> <span class='ocrx_word' id='word_1_417' title='bbox 1710 4192 1971 4249; x_wconf 90' lang='lat' dir='ltr'><strong>redierat.</strong></span> <span class='ocrx_word' id='word_1_418' title='bbox 2010 4195 2100 4248; x_wconf 86' lang='lat' dir='ltr'><strong>ln-</strong></span> 
     </span>
    </p>
   </div>
   <div class='ocr_carea' id='block_1_63' title="bbox 511 4279 2102 4356">
    <p class='ocr_par' dir='ltr' id='par_1_63' title="bbox 511 4279 2102 4356">
     <span class='ocr_line' id='line_1_63' title="bbox 511 4279 2102 4356; baseline 0.006 -24"><span class='ocrx_word' id='word_1_419' title='bbox 511 4287 668 4339; x_wconf 83' lang='lat' dir='ltr'><strong>terea</strong></span> <span class='ocrx_word' id='word_1_420' title='bbox 706 4279 1089 4341; x_wconf 89' lang='lat' dir='ltr'><strong>Comentiolus</strong></span> <span class='ocrx_word' id='word_1_421' title='bbox 1130 4282 1542 4356; x_wconf 84' lang='lat' dir='ltr'><strong>Martyropolim</strong></span> <span class='ocrx_word' id='word_1_422' title='bbox 1595 4284 1879 4351; x_wconf 91' lang='lat' dir='ltr'><strong>obsidens,</strong></span> <span class='ocrx_word' id='word_1_423' title='bbox 1923 4287 2102 4341; x_wconf 81' lang='lat' dir='ltr'><strong>maxi-</strong></span> 
     </span>
    </p>
   </div>
   <div class='ocr_carea' id='block_1_64' title="bbox 511 4372 2100 4450">
    <p class='ocr_par' dir='ltr' id='par_1_64' title="bbox 511 4372 2100 4450">
     <span class='ocr_line' id='line_1_64' title="bbox 511 4372 2100 4450; baseline 0.004 -20"><span class='ocrx_word' id='word_1_424' title='bbox 511 4387 661 4435; x_wconf 80' lang='lat' dir='ltr'><strong>mam</strong></span> <span class='ocrx_word' id='word_1_425' title='bbox 692 4372 921 4444; x_wconf 83' lang='lat' dir='ltr'><strong>quidem</strong></span> <span class='ocrx_word' id='word_1_426' title='bbox 949 4376 1235 4447; x_wconf 87' lang='lat' dir='ltr'><strong>copiarum</strong></span> <span class='ocrx_word' id='word_1_427' title='bbox 1270 4386 1485 4448; x_wconf 87' lang='lat' dir='ltr'><strong>partem</strong></span> <span class='ocrx_word' id='word_1_428' title='bbox 1515 4378 1630 4435; x_wconf 90' lang='lat' dir='ltr'><strong>illic</strong></span> <span class='ocrx_word' id='word_1_429' title='bbox 1659 4378 1885 4450; x_wconf 90' lang='lat' dir='ltr'><strong>reliquit</strong></span> <span class='ocrx_word' id='word_1_430' title='bbox 1922 4397 1938 4437; x_wconf 89' lang='lat'><strong>:</strong></span> <span class='ocrx_word' id='word_1_431' title='bbox 1982 4380 2100 4450; x_wconf 86' lang='lat' dir='ltr'><strong>ipse</strong></span> 
     </span>
    </p>
   </div>
   <div class='ocr_carea' id='block_1_65' title="bbox 2802 2713 3209 2767">
    <p class='ocr_par' dir='ltr' id='par_1_65' title="bbox 2802 2713 3209 2767">
     <span class='ocr_line' id='line_1_65' title="bbox 2802 2713 3209 2767; baseline 0.002 -1"><span class='ocrx_word' id='word_1_432' title='bbox 2802 2713 3055 2766; x_wconf 71' lang='grc' dir='ltr'><strong>ΚΕΦΔΛ.</strong></span> <span class='ocrx_word' id='word_1_433' title='bbox 3106 2713 3209 2767; x_wconf 70' lang='lat' dir='ltr'><strong>IFI&#39;.</strong></span> 
     </span>
    </p>
   </div>
   <div class='ocr_carea' id='block_1_66' title="bbox 2220 2803 3737 2877">
    <p class='ocr_par' dir='ltr' id='par_1_66' title="bbox 2220 2803 3737 2877">
     <span class='ocr_line' id='line_1_66' title="bbox 2220 2803 3737 2877; baseline -0.005 -16"><span class='ocrx_word' id='word_1_434' title='bbox 2220 2807 2361 2877; x_wconf 75' lang='grc' dir='ltr'><strong>Περὶ</strong></span> <span class='ocrx_word' id='word_1_435' title='bbox 2398 2806 2509 2876; x_wconf 83' lang='grc' dir='ltr'><strong>τῆς</strong></span> <span class='ocrx_word' id='word_1_436' title='bbox 2541 2808 2909 2877; x_wconf 71' lang='grc' dir='ltr'><strong>στρατηγίας</strong></span> <span class='ocrx_word' id='word_1_437' title='bbox 2942 2808 3372 2874; x_wconf 76' lang='grc' dir='ltr'><strong>Κομεντιόλου,</strong></span> <span class='ocrx_word' id='word_1_438' title='bbox 3402 2804 3495 2858; x_wconf 77' lang='grc' dir='ltr'><strong>καὶ</strong></span> <span class='ocrx_word' id='word_1_439' title='bbox 3518 2803 3737 2864; x_wconf 71' lang='grc' dir='ltr'><strong>ἁλώσεως</strong></span> 
     </span>
    </p>
   </div>
   <div class='ocr_carea' id='block_1_67' title="bbox 2818 2875 3213 2942">
    <p class='ocr_par' dir='ltr' id='par_1_67' title="bbox 2818 2875 3213 2942">
     <span class='ocr_line' id='line_1_67' title="bbox 2818 2875 3213 2942; baseline -0.005 -11"><span class='ocrx_word' id='word_1_440' title='bbox 2818 2875 2938 2931; x_wconf 80' lang='grc' dir='ltr'><strong>τῶν</strong></span> <span class='ocrx_word' id='word_1_441' title='bbox 2967 2879 3213 2942; x_wconf 78' lang='grc' dir='ltr'><strong>Ὅκὸιις.</strong></span> 
     </span>
    </p>
   </div>
   <div class='ocr_carea' id='block_1_68' title="bbox 2288 2987 3732 3063">
    <p class='ocr_par' dir='ltr' id='par_1_68' title="bbox 2288 2987 3732 3063">
     <span class='ocr_line' id='line_1_68' title="bbox 2288 2987 3732 3063; baseline -0.007 -15"><span class='ocrx_word' id='word_1_442' title='bbox 2288 2993 2402 3048; x_wconf 77' lang='grc' dir='ltr'><strong>Καὶ</strong></span> <span class='ocrx_word' id='word_1_443' title='bbox 2434 2992 2717 3063; x_wconf 82' lang='grc' dir='ltr'><strong>πέμπεται</strong></span> <span class='ocrx_word' id='word_1_444' title='bbox 2754 2990 2856 3063; x_wconf 83' lang='grc' dir='ltr'><strong>τῆς</strong></span> <span class='ocrx_word' id='word_1_445' title='bbox 2888 2989 3189 3061; x_wconf 81' lang='grc' dir='ltr'><strong>ἡγεμονίας</strong></span> <span class='ocrx_word' id='word_1_446' title='bbox 3220 2988 3463 3061; x_wconf 81' lang='grc' dir='ltr'><strong>διάδοχος</strong></span> <span class='ocrx_word' id='word_1_447' title='bbox 3481 2987 3549 3061; x_wconf 87' lang='lat' dir='ltr'><strong>(q)</strong></span> <span class='ocrx_word' id='word_1_448' title='bbox 3570 2987 3732 3053; x_wconf 80' lang='grc' dir='ltr'><strong>Κομεν-</strong></span> 
     </span>
    </p>
   </div>
   <div class='ocr_carea' id='block_1_69' title="bbox 2217 3078 3729 3157">
    <p class='ocr_par' dir='ltr' id='par_1_69' title="bbox 2217 3078 3729 3157">
     <span class='ocr_line' id='line_1_69' title="bbox 2217 3078 3729 3157; baseline 0 -19"><span class='ocrx_word' id='word_1_449' title='bbox 2217 3084 2413 3149; x_wconf 86' lang='grc' dir='ltr'><strong>τίολος,</strong></span> <span class='ocrx_word' id='word_1_450' title='bbox 2444 3085 2596 3157; x_wconf 79' lang='grc' dir='ltr'><strong>Θρᾲξ</strong></span> <span class='ocrx_word' id='word_1_451' title='bbox 2622 3084 2798 3153; x_wconf 88' lang='grc' dir='ltr'><strong>γένος·</strong></span> <span class='ocrx_word' id='word_1_452' title='bbox 2824 3084 2885 3148; x_wconf 78' lang='grc' dir='ltr'><strong>ὃς</strong></span> <span class='ocrx_word' id='word_1_453' title='bbox 2914 3085 3181 3156; x_wconf 81' lang='grc' dir='ltr'><strong>κράτιστα</strong></span> <span class='ocrx_word' id='word_1_454' title='bbox 3204 3085 3436 3155; x_wconf 83' lang='grc' dir='ltr'><strong>Πέρσαις</strong></span> <span class='ocrx_word' id='word_1_455' title='bbox 3461 3078 3729 3148; x_wconf 76' lang='grc' dir='ltr'><strong>συνεπλάκη.</strong></span> 
     </span>
    </p>
   </div>
   <div class='ocr_carea' id='block_1_70' title="bbox 2216 3172 3730 3251">
    <p class='ocr_par' dir='ltr' id='par_1_70' title="bbox 2216 3172 3730 3251">
     <span class='ocr_line' id='line_1_70' title="bbox 2216 3172 3730 3251; baseline -0.007 -17"><span class='ocrx_word' id='word_1_456' title='bbox 2216 3180 2311 3234; x_wconf 75' lang='grc' dir='ltr'><strong>καὶ</strong></span> <span class='ocrx_word' id='word_1_457' title='bbox 2348 3179 2546 3251; x_wconf 83' lang='grc' dir='ltr'><strong>μικροῦ</strong></span> <span class='ocrx_word' id='word_1_458' title='bbox 2575 3179 2667 3233; x_wconf 85' lang='grc' dir='ltr'><strong>τὸν</strong></span> <span class='ocrx_word' id='word_1_459' title='bbox 2701 3178 2818 3249; x_wconf 86' lang='grc' dir='ltr'><strong>βίον</strong></span> <span class='ocrx_word' id='word_1_460' title='bbox 2865 3178 3209 3251; x_wconf 81' lang='grc' dir='ltr'><strong>κατέστρεψε</strong></span> <span class='ocrx_word' id='word_1_461' title='bbox 3260 3179 3358 3231; x_wconf 83' lang='grc' dir='ltr'><strong>σὺν</strong></span> <span class='ocrx_word' id='word_1_462' title='bbox 3398 3178 3487 3230; x_wconf 71' lang='grc' dir='ltr'><strong>καὶ</strong></span> <span class='ocrx_word' id='word_1_463' title='bbox 3527 3173 3595 3244; x_wconf 77' lang='grc' dir='ltr'><strong>τῷ</strong></span> <span class='ocrx_word' id='word_1_464' title='bbox 3622 3172 3730 3239; x_wconf 75' lang='grc' dir='ltr'><strong>ἵππῳ</strong></span> 
     </span>
    </p>
   </div>
   <div class='ocr_carea' id='block_1_71' title="bbox 2217 3262 3729 3343">
    <p class='ocr_par' dir='ltr' id='par_1_71' title="bbox 2217 3262 3729 3343">
     <span class='ocr_line' id='line_1_71' title="bbox 2217 3262 3729 3343; baseline -0.008 -18"><span class='ocrx_word' id='word_1_465' title='bbox 2217 3270 2609 3343; x_wconf 76' lang='grc' dir='ltr'><strong>καταρραγεὶς,</strong></span> <span class='ocrx_word' id='word_1_466' title='bbox 2663 3271 2713 3324; x_wconf 74' lang='grc' dir='ltr'><strong>εἰ</strong></span> <span class='ocrx_word' id='word_1_467' title='bbox 2748 3270 2824 3341; x_wconf 88' lang='grc' dir='ltr'><strong>μή</strong></span> <span class='ocrx_word' id='word_1_468' title='bbox 2867 3287 2950 3333; x_wconf 87' lang='grc' dir='ltr'><strong>τις</strong></span> <span class='ocrx_word' id='word_1_469' title='bbox 2987 3270 3097 3323; x_wconf 85' lang='grc' dir='ltr'><strong>τῶν</strong></span> <span class='ocrx_word' id='word_1_470' title='bbox 3125 3270 3441 3342; x_wconf 80' lang='grc' dir='ltr'><strong>δορυφόρων</strong></span> <span class='ocrx_word' id='word_1_471' title='bbox 3475 3268 3527 3321; x_wconf 78' lang='grc' dir='ltr'><strong>ἐν</strong></span> <span class='ocrx_word' id='word_1_472' title='bbox 3550 3284 3637 3320; x_wconf 90' lang='grc' dir='ltr'><strong>τινι</strong></span> <span class='ocrx_word' id='word_1_473' title='bbox 3654 3262 3729 3315; x_wconf 77' lang='grc' dir='ltr'><strong>τῶν</strong></span> 
     </span>
    </p>
   </div>
   <div class='ocr_carea' id='block_1_72' title="bbox 2212 3350 3728 3435">
    <p class='ocr_par' dir='ltr' id='par_1_72' title="bbox 2212 3350 3728 3435">
     <span class='ocr_line' id='line_1_72' title="bbox 2212 3350 3728 3435; baseline -0.007 -19"><span class='ocrx_word' id='word_1_474' title='bbox 2212 3364 2469 3435; x_wconf 80' lang='grc' dir='ltr'><strong>παρόχων</strong></span> <span class='ocrx_word' id='word_1_475' title='bbox 2488 3362 2673 3415; x_wconf 82' lang='grc' dir='ltr'><strong>ἵππων</strong></span> <span class='ocrx_word' id='word_1_476' title='bbox 2704 3361 2818 3431; x_wconf 66' lang='grc' dir='ltr'><strong>(ιιι)</strong></span> <span class='ocrx_word' id='word_1_477' title='bbox 2865 3361 3220 3426; x_wconf 73' lang='grc' dir='ltr'><strong>ἐπιϐιϐάσας,</strong></span> <span class='ocrx_word' id='word_1_478' title='bbox 3252 3362 3352 3432; x_wconf 80' lang='grc' dir='ltr'><strong>τῆς</strong></span> <span class='ocrx_word' id='word_1_479' title='bbox 3402 3359 3563 3431; x_wconf 79' lang='grc' dir='ltr'><strong>μάχης</strong></span> <span class='ocrx_word' id='word_1_480' title='bbox 3611 3350 3728 3417; x_wconf 55' lang='lat' dir='ltr'><strong>6mg-</strong></span> 
     </span>
    </p>
   </div>
   <div class='ocr_carea' id='block_1_73' title="bbox 2212 3446 3722 3527">
    <p class='ocr_par' dir='ltr' id='par_1_73' title="bbox 2212 3446 3722 3527">
     <span class='ocr_line' id='line_1_73' title="bbox 2212 3446 3722 3527; baseline -0.003 -19"><span class='ocrx_word' id='word_1_481' title='bbox 2212 3454 2681 3525; x_wconf 82' lang='grc' dir='ltr'><strong>ήγαγε.Φεύγουσι</strong></span> <span class='ocrx_word' id='word_1_482' title='bbox 2703 3455 2748 3508; x_wconf 85' lang='grc' dir='ltr'><strong>δ’</strong></span> <span class='ocrx_word' id='word_1_483' title='bbox 2768 3449 2862 3508; x_wconf 83' lang='grc' dir='ltr'><strong>οὖν</strong></span> <span class='ocrx_word' id='word_1_484' title='bbox 2882 3456 2931 3508; x_wconf 84' lang='grc' dir='ltr'><strong>οἱ</strong></span> <span class='ocrx_word' id='word_1_485' title='bbox 2960 3455 3357 3524; x_wconf 81' lang='grc' dir='ltr'><strong>περισωθέντες</strong></span> <span class='ocrx_word' id='word_1_486' title='bbox 3368 3452 3613 3527; x_wconf 77' lang='grc' dir='ltr'><strong>τροπάδην</strong></span> <span class='ocrx_word' id='word_1_487' title='bbox 3628 3446 3722 3518; x_wconf 67' lang='grc'><strong>(45).</strong></span> 
     </span>
    </p>
   </div>
   <div class='ocr_carea' id='block_1_74' title="bbox 2213 3539 3725 3617">
    <p class='ocr_par' dir='ltr' id='par_1_74' title="bbox 2213 3539 3725 3617">
     <span class='ocr_line' id='line_1_74' title="bbox 2213 3539 3725 3617; baseline -0.008 -18"><span class='ocrx_word' id='word_1_488' title='bbox 2213 3547 2425 3609; x_wconf 82' lang='grc' dir='ltr'><strong>πάντας</strong></span> <span class='ocrx_word' id='word_1_489' title='bbox 2456 3547 2588 3609; x_wconf 80' lang='grc' dir='ltr'><strong>τοὺς</strong></span> <span class='ocrx_word' id='word_1_490' title='bbox 2627 3545 2928 3617; x_wconf 82' lang='grc' dir='ltr'><strong>σφετέρους</strong></span> <span class='ocrx_word' id='word_1_491' title='bbox 2968 3545 3255 3616; x_wconf 70' lang='grc' dir='ltr'><strong>ἡγεμόνας</strong></span> <span class='ocrx_word' id='word_1_492' title='bbox 3290 3539 3725 3603; x_wconf 75' lang='grc' dir='ltr'><strong>ἀποϐαλόντες,κιὶ</strong></span> 
     </span>
    </p>
   </div>
   <div class='ocr_carea' id='block_1_75' title="bbox 2210 3630 3723 3711">
    <p class='ocr_par' dir='ltr' id='par_1_75' title="bbox 2210 3630 3723 3711">
     <span class='ocr_line' id='line_1_75' title="bbox 2210 3630 3723 3711; baseline -0.005 -18"><span class='ocrx_word' id='word_1_493' title='bbox 2210 3642 2355 3693; x_wconf 82' lang='grc' dir='ltr'><strong>κατὰ</strong></span> <span class='ocrx_word' id='word_1_494' title='bbox 2408 3641 2508 3711; x_wconf 86' lang='grc' dir='ltr'><strong>τὴν</strong></span> <span class='ocrx_word' id='word_1_495' title='bbox 2566 3641 2787 3694; x_wconf 79' lang='grc' dir='ltr'><strong>Νίσιϐιν</strong></span> <span class='ocrx_word' id='word_1_496' title='bbox 2826 3639 3206 3705; x_wconf 77' lang='grc' dir='ltr'><strong>διασώζονται·</strong></span> <span class='ocrx_word' id='word_1_497' title='bbox 3264 3639 3359 3693; x_wconf 77' lang='grc' dir='ltr'><strong>καὶ</strong></span> <span class='ocrx_word' id='word_1_498' title='bbox 3394 3637 3487 3707; x_wconf 85' lang='grc' dir='ltr'><strong>τὴν</strong></span> <span class='ocrx_word' id='word_1_499' title='bbox 3529 3633 3639 3705; x_wconf 80' lang='grc' dir='ltr'><strong>πρὸς</strong></span> <span class='ocrx_word' id='word_1_500' title='bbox 3660 3630 3723 3681; x_wconf 76' lang='grc' dir='ltr'><strong>τὸν</strong></span> 
     </span>
    </p>
   </div>
   <div class='ocr_carea' id='block_1_76' title="bbox 2213 3720 3723 3800">
    <p class='ocr_par' dir='ltr' id='par_1_76' title="bbox 2213 3720 3723 3800">
     <span class='ocr_line' id='line_1_76' title="bbox 2213 3720 3723 3800; baseline -0.013 -13"><span class='ocrx_word' id='word_1_501' title='bbox 2213 3729 2363 3799; x_wconf 80' lang='grc' dir='ltr'>σφῶν</span> <span class='ocrx_word' id='word_1_502' title='bbox 2392 3730 2618 3800; x_wconf 87' lang='grc' dir='ltr'><strong>βασιλέα</strong></span> <span class='ocrx_word' id='word_1_503' title='bbox 2640 3729 2873 3794; x_wconf 83' lang='grc' dir='ltr'><strong>δεδιότες</strong></span> <span class='ocrx_word' id='word_1_504' title='bbox 2902 3729 3185 3783; x_wconf 81' lang='grc' dir='ltr'><strong>ἐπάνοδον·</strong></span> <span class='ocrx_word' id='word_1_505' title='bbox 3218 3729 3443 3783; x_wconf 84' lang='grc' dir='ltr'><strong>θάνατον</strong></span> <span class='ocrx_word' id='word_1_506' title='bbox 3477 3726 3571 3795; x_wconf 76' lang='grc' dir='ltr'><strong>γὰρ</strong></span> <span class='ocrx_word' id='word_1_507' title='bbox 3591 3720 3723 3775; x_wconf 71' lang='grc' dir='ltr'><strong>αὐτοῖς</strong></span> 
     </span>
    </p>
   </div>
   <div class='ocr_carea' id='block_1_77' title="bbox 2210 3810 3721 3894">
    <p class='ocr_par' dir='ltr' id='par_1_77' title="bbox 2210 3810 3721 3894">
     <span class='ocr_line' id='line_1_77' title="bbox 2210 3810 3721 3894; baseline -0.006 -18"><span class='ocrx_word' id='word_1_508' title='bbox 2210 3824 2522 3892; x_wconf 78' lang='grc' dir='ltr'><strong>ἠπειλήκει,</strong></span> <span class='ocrx_word' id='word_1_509' title='bbox 2550 3825 2599 3876; x_wconf 76' lang='grc' dir='ltr'><strong>εἰ</strong></span> <span class='ocrx_word' id='word_1_510' title='bbox 2635 3824 2710 3893; x_wconf 82' lang='grc' dir='ltr'><strong>μὴ</strong></span> <span class='ocrx_word' id='word_1_511' title='bbox 2766 3825 2895 3887; x_wconf 81' lang='grc' dir='ltr'><strong>τοὺς</strong></span> <span class='ocrx_word' id='word_1_512' title='bbox 2919 3824 3196 3894; x_wconf 80' lang='grc' dir='ltr'><strong>ἡγεμόνας</strong></span> <span class='ocrx_word' id='word_1_513' title='bbox 3240 3820 3573 3876; x_wconf 83' lang='grc' dir='ltr'><strong>διασώσωσιν·</strong></span> <span class='ocrx_word' id='word_1_514' title='bbox 3603 3810 3721 3869; x_wconf 72' lang='grc' dir='ltr'><strong>αὖτιιῦ</strong></span> 
     </span>
    </p>
   </div>
   <div class='ocr_carea' id='block_1_78' title="bbox 2210 3901 3719 3990">
    <p class='ocr_par' dir='ltr' id='par_1_78' title="bbox 2210 3901 3719 3990">
     <span class='ocr_line' id='line_1_78' title="bbox 2210 3901 3719 3990; baseline -0.025 1"><span class='ocrx_word' id='word_1_515' title='bbox 2210 3920 2309 3990; x_wconf 78' lang='grc' dir='ltr'><strong>τὴν</strong></span> <span class='ocrx_word' id='word_1_516' title='bbox 2344 3918 2484 3973; x_wconf 80' lang='grc' dir='ltr'>κατά</span> <span class='ocrx_word' id='word_1_517' title='bbox 2524 3916 2816 3990; x_wconf 80' lang='grc' dir='ltr'><strong>Ὀρμίσδου</strong></span> <span class='ocrx_word' id='word_1_518' title='bbox 2851 3915 3143 3987; x_wconf 86' lang='grc' dir='ltr'><strong>τυραννίδα</strong></span> <span class='ocrx_word' id='word_1_519' title='bbox 3198 3914 3505 3985; x_wconf 84' lang='grc' dir='ltr'><strong>μελετῶσιν,</strong></span> <span class='ocrx_word' id='word_1_520' title='bbox 3544 3907 3624 3978; x_wconf 68' lang='grc' dir='ltr'><strong>ἤδη</strong></span> <span class='ocrx_word' id='word_1_521' title='bbox 3657 3901 3719 3955; x_wconf 71' lang='grc' dir='ltr'><strong>καὶ</strong></span> 
     </span>
    </p>
   </div>
   <div class='ocr_carea' id='block_1_79' title="bbox 2211 3993 3717 4080">
    <p class='ocr_par' dir='ltr' id='par_1_79' title="bbox 2211 3993 3717 4080">
     <span class='ocr_line' id='line_1_79' title="bbox 2211 3993 3717 4080; baseline -0.009 -16"><span class='ocrx_word' id='word_1_522' title='bbox 2211 4010 2474 4080; x_wconf 79' lang='grc' dir='ltr'><strong>Βαράμου</strong></span> <span class='ocrx_word' id='word_1_523' title='bbox 2506 4007 2818 4078; x_wconf 84' lang='grc' dir='ltr'><strong>στρατηγοῦ</strong></span> <span class='ocrx_word' id='word_1_524' title='bbox 2861 4006 3088 4078; x_wconf 82' lang='grc' dir='ltr'><strong>Περσῶν</strong></span> <span class='ocrx_word' id='word_1_525' title='bbox 3129 4006 3292 4059; x_wconf 75' lang='grc' dir='ltr'><strong>τοῦτο</strong></span> <span class='ocrx_word' id='word_1_526' title='bbox 3322 4000 3628 4075; x_wconf 83' lang='grc' dir='ltr'><strong>βουλεύοντος</strong></span> <span class='ocrx_word' id='word_1_527' title='bbox 3652 3993 3717 4045; x_wconf 75' lang='grc' dir='ltr'><strong>σὺν</strong></span> 
     </span>
    </p>
   </div>
   <div class='ocr_carea' id='block_1_80' title="bbox 2208 4086 3715 4173">
    <p class='ocr_par' dir='ltr' id='par_1_80' title="bbox 2208 4086 3715 4173">
     <span class='ocr_line' id='line_1_80' title="bbox 2208 4086 3715 4173; baseline -0.008 -16"><span class='ocrx_word' id='word_1_528' title='bbox 2208 4107 2322 4168; x_wconf 79' lang='grc' dir='ltr'><strong>τοῖς</strong></span> <span class='ocrx_word' id='word_1_529' title='bbox 2358 4102 2499 4173; x_wconf 80' lang='grc' dir='ltr'><strong>ἀμφ’</strong></span> <span class='ocrx_word' id='word_1_530' title='bbox 2524 4102 2719 4168; x_wconf 82' lang='grc' dir='ltr'><strong>αὑτὸν,</strong></span> <span class='ocrx_word' id='word_1_531' title='bbox 2766 4102 2833 4155; x_wconf 79' lang='grc' dir='ltr'><strong>ἐκ</strong></span> <span class='ocrx_word' id='word_1_532' title='bbox 2876 4100 2976 4171; x_wconf 82' lang='grc' dir='ltr'><strong>τῆς</strong></span> <span class='ocrx_word' id='word_1_533' title='bbox 3019 4100 3129 4153; x_wconf 84' lang='grc' dir='ltr'><strong>τῶν</strong></span> <span class='ocrx_word' id='word_1_534' title='bbox 3175 4099 3436 4170; x_wconf 79' lang='grc' dir='ltr'><strong>Τούρκων</strong></span> <span class='ocrx_word' id='word_1_535' title='bbox 3470 4086 3715 4163; x_wconf 74' lang='grc' dir='ltr'><strong>συμπλοκῆς</strong></span> 
     </span>
    </p>
   </div>
   <div class='ocr_carea' id='block_1_81' title="bbox 2208 4185 3711 4273">
    <p class='ocr_par' dir='ltr' id='par_1_81' title="bbox 2208 4185 3711 4273">
     <span class='ocr_line' id='line_1_81' title="bbox 2208 4185 3711 4273; baseline -0.009 -24"><span class='ocrx_word' id='word_1_536' title='bbox 2208 4195 2551 4259; x_wconf 76' lang='grc' dir='ltr'><strong>ἐπανιόντος.</strong></span> <span class='ocrx_word' id='word_1_537' title='bbox 2596 4195 2686 4248; x_wconf 88' lang='grc' dir='ltr'>Ἐν</span> <span class='ocrx_word' id='word_1_538' title='bbox 2719 4193 2897 4264; x_wconf 86' lang='grc' dir='ltr'><strong>τούτῳ</strong></span> <span class='ocrx_word' id='word_1_539' title='bbox 2933 4193 2991 4247; x_wconf 82' lang='grc' dir='ltr'><strong>δὲ</strong></span> <span class='ocrx_word' id='word_1_540' title='bbox 3024 4192 3386 4262; x_wconf 82' lang='grc' dir='ltr'><strong>Κομεντίολος</strong></span> <span class='ocrx_word' id='word_1_541' title='bbox 3430 4189 3519 4258; x_wconf 78' lang='grc' dir='ltr'><strong>τὴν</strong></span> <span class='ocrx_word' id='word_1_542' title='bbox 3546 4185 3711 4273; x_wconf 51' lang='lat' dir='ltr'><strong>Magi”:</strong></span> 
     </span>
    </p>
   </div>
   <div class='ocr_carea' id='block_1_82' title="bbox 2210 4271 3711 4359">
    <p class='ocr_par' dir='ltr' id='par_1_82' title="bbox 2210 4271 3711 4359">
     <span class='ocr_line' id='line_1_82' title="bbox 2210 4271 3711 4359; baseline -0.012 -16"><span class='ocrx_word' id='word_1_543' title='bbox 2210 4287 2432 4359; x_wconf 85' lang='grc' dir='ltr'><strong>ρόπολιν</strong></span> <span class='ocrx_word' id='word_1_544' title='bbox 2495 4286 2963 4359; x_wconf 82' lang='grc' dir='ltr'><strong>περικαθήμενος,</strong></span> <span class='ocrx_word' id='word_1_545' title='bbox 3004 4286 3131 4349; x_wconf 80' lang='grc' dir='ltr'><strong>τοὺς</strong></span> <span class='ocrx_word' id='word_1_546' title='bbox 3193 4284 3299 4353; x_wconf 84' lang='grc' dir='ltr'><strong>μὲν</strong></span> <span class='ocrx_word' id='word_1_547' title='bbox 3356 4279 3561 4339; x_wconf 82' lang='grc' dir='ltr'><strong>πολλοὺς</strong></span> <span class='ocrx_word' id='word_1_548' title='bbox 3594 4271 3711 4326; x_wconf 68' lang='grc' dir='ltr'><strong>αὑτοῦ</strong></span> 
     </span>
    </p>
   </div>
   <div class='ocr_carea' id='block_1_83' title="bbox 2207 4360 3710 4445">
    <p class='ocr_par' dir='ltr' id='par_1_83' title="bbox 2207 4360 3710 4445">
     <span class='ocr_line' id='line_1_83' title="bbox 2207 4360 3710 4445; baseline -0.013 -13"><span class='ocrx_word' id='word_1_549' title='bbox 2207 4378 2555 4433; x_wconf 76' lang='grc' dir='ltr'><strong>καταλείπειο</strong></span> <span class='ocrx_word' id='word_1_550' title='bbox 2586 4377 2753 4443; x_wconf 83' lang='grc' dir='ltr'><strong>αὐτὸς</strong></span> <span class='ocrx_word' id='word_1_551' title='bbox 2783 4377 2840 4431; x_wconf 83' lang='grc' dir='ltr'><strong>δὲ</strong></span> <span class='ocrx_word' id='word_1_552' title='bbox 2864 4377 2961 4431; x_wconf 82' lang='grc' dir='ltr'><strong>σὺν</strong></span> <span class='ocrx_word' id='word_1_553' title='bbox 2997 4376 3091 4431; x_wconf 83' lang='grc' dir='ltr'><strong>καί</strong></span> <span class='ocrx_word' id='word_1_554' title='bbox 3124 4391 3271 4429; x_wconf 87' lang='grc' dir='ltr'><strong>τισιν</strong></span> <span class='ocrx_word' id='word_1_555' title='bbox 3310 4371 3591 4445; x_wconf 71' lang='grc' dir='ltr'><strong>ἀριστίνδην</strong></span> <span class='ocrx_word' id='word_1_556' title='bbox 3609 4360 3710 4414; x_wconf 78' lang='grc' dir='ltr'><strong>ἐκλε-</strong></span> 
     </span>
    </p>
   </div>
   <div class='ocr_carea' id='block_1_84' title="bbox 1719 4534 2587 4593">
    <p class='ocr_par' dir='ltr' id='par_1_84' title="bbox 1719 4534 2587 4593">
     <span class='ocr_line' id='line_1_84' title="bbox 1719 4534 2587 4593; baseline 0.002 -3"><span class='ocrx_word' id='word_1_557' title='bbox 1719 4534 1994 4592; x_wconf 81' lang='lat' dir='ltr'><strong>VALESII</strong></span> <span class='ocrx_word' id='word_1_558' title='bbox 2025 4534 2587 4593; x_wconf 76' lang='lat' dir='ltr'><strong>ANNOTATIONES.</strong></span> 
     </span>
    </p>
   </div>
   <div class='ocr_carea' id='block_1_85' title="bbox 584 4642 2102 4732">
    <p class='ocr_par' dir='ltr' id='par_1_85' title="bbox 584 4642 2102 4732">
     <span class='ocr_line' id='line_1_85' title="bbox 584 4642 2102 4732; baseline 0.001 0"><span class='ocrx_word' id='word_1_559' title='bbox 584 4642 865 4732; x_wconf 42' lang='lat' dir='ltr'><strong>(PM?!</strong></span> <span class='ocrx_word' id='word_1_560' title='bbox 902 4644 1024 4732; x_wconf 69' lang='grc' dir='ltr'><strong>τῶν</strong></span> <span class='ocrx_word' id='word_1_561' title='bbox 1064 4648 1607 4732; x_wconf 66' lang='grc' dir='ltr'><strong>παρδκωι.τεξπωτ;</strong></span> <span class='ocrx_word' id='word_1_562' title='bbox 1659 4649 1950 4732; x_wconf 50' lang='lat' dir='ltr'><strong>lissam</strong></span> <span class='ocrx_word' id='word_1_563' title='bbox 1999 4650 2102 4707; x_wconf 73' lang='lat' dir='ltr'><strong>hac</strong></span> 
     </span>
    </p>
   </div>
   <div class='ocr_carea' id='block_1_86' title="bbox 513 4719 2102 4849">
    <p class='ocr_par' dir='ltr' id='par_1_86' title="bbox 513 4719 2102 4849">
     <span class='ocr_line' id='line_1_86' title="bbox 513 4719 2102 4791; baseline 0.003 -21"><span class='ocrx_word' id='word_1_564' title='bbox 513 4730 645 4770; x_wconf 72' lang='lat' dir='ltr'><strong>voce</strong></span> <span class='ocrx_word' id='word_1_565' title='bbox 668 4719 941 4785; x_wconf 86' lang='lat' dir='ltr'><strong>Evagrius</strong></span> <span class='ocrx_word' id='word_1_566' title='bbox 957 4731 1145 4787; x_wconf 90' lang='lat' dir='ltr'><strong>supra,</strong></span> <span class='ocrx_word' id='word_1_567' title='bbox 1165 4734 1286 4788; x_wconf 91' lang='lat' dir='ltr'><strong>cap.</strong></span> <span class='ocrx_word' id='word_1_568' title='bbox 1308 4720 1341 4773; x_wconf 72' lang='grc'><strong>4</strong></span> <span class='ocrx_word' id='word_1_569' title='bbox 1362 4719 1528 4789; x_wconf 86' lang='lat' dir='ltr'><strong>hujus</strong></span> <span class='ocrx_word' id='word_1_570' title='bbox 1544 4719 1697 4785; x_wconf 91' lang='lat' dir='ltr'><strong>libri,</strong></span> <span class='ocrx_word' id='word_1_571' title='bbox 1717 4720 1809 4774; x_wconf 90' lang='lat' dir='ltr'><strong>ubi</strong></span> <span class='ocrx_word' id='word_1_572' title='bbox 1831 4720 2102 4791; x_wconf 84' lang='lat' dir='ltr'><strong>interpre-</strong></span> 
     </span>
     <span class='ocr_line' id='line_1_87' title="bbox 513 4785 2099 4849; baseline 0.004 -7"><span class='ocrx_word' id='word_1_573' title='bbox 513 4796 598 4842; x_wconf 88' lang='lat' dir='ltr'><strong>tes</strong></span> <span class='ocrx_word' id='word_1_574' title='bbox 637 4785 1021 4842; x_wconf 87' lang='lat' dir='ltr'><strong>vehicularem</strong></span> <span class='ocrx_word' id='word_1_575' title='bbox 1075 4797 1133 4842; x_wconf 92' lang='lat' dir='ltr'><strong>et</strong></span> <span class='ocrx_word' id='word_1_576' title='bbox 1180 4791 1493 4843; x_wconf 89' lang='lat' dir='ltr'><strong>vectarium</strong></span> <span class='ocrx_word' id='word_1_577' title='bbox 1539 4806 1743 4849; x_wconf 84' lang='lat' dir='ltr'><strong>equum</strong></span> <span class='ocrx_word' id='word_1_578' title='bbox 1798 4791 2099 4849; x_wconf 79' lang='lat' dir='ltr'><strong>utrobique</strong></span> 
     </span>
    </p>
   </div>
   <div class='ocr_carea' id='block_1_87' title="bbox 512 4796 2094 4931">
    <p class='ocr_par' dir='ltr' id='par_1_87' title="bbox 512 4796 2094 4931">
     <span class='ocr_line' id='line_1_88' title="bbox 512 4796 2094 4861; baseline 0.004 -19"><span class='ocrx_word' id='word_1_579' title='bbox 512 4796 598 4842; x_wconf 89' lang='lat' dir='ltr'><strong>tes</strong></span> <span class='ocrx_word' id='word_1_580' title='bbox 637 4796 1021 4842; x_wconf 82' lang='lat' dir='ltr'><strong>vehtcularem</strong></span> <span class='ocrx_word' id='word_1_581' title='bbox 1075 4797 1133 4842; x_wconf 92' lang='lat' dir='ltr'><strong>et</strong></span> <span class='ocrx_word' id='word_1_582' title='bbox 1180 4796 1493 4843; x_wconf 89' lang='lat' dir='ltr'><strong>vectarium</strong></span> <span class='ocrx_word' id='word_1_583' title='bbox 1539 4806 1743 4860; x_wconf 88' lang='lat' dir='ltr'><strong>equum</strong></span> <span class='ocrx_word' id='word_1_584' title='bbox 1798 4796 2094 4861; x_wconf 88' lang='lat' dir='ltr'><strong>utrobique</strong></span> 
     </span>
     <span class='ocr_line' id='line_1_89' title="bbox 514 4858 2094 4931; baseline 0.003 -18"><span class='ocrx_word' id='word_1_585' title='bbox 514 4860 973 4931; x_wconf 63' lang='lat' dir='ltr'><strong>interpretantur.</strong></span> <span class='ocrx_word' id='word_1_586' title='bbox 1042 4858 1391 4931; x_wconf 77' lang='lat' dir='ltr'><strong>Nicephorus</strong></span> <span class='ocrx_word' id='word_1_587' title='bbox 1423 4876 1558 4914; x_wconf 91' lang='lat' dir='ltr'><strong>vero</strong></span> <span class='ocrx_word' id='word_1_588' title='bbox 1618 4861 1673 4915; x_wconf 93' lang='lat' dir='ltr'><strong>in</strong></span> <span class='ocrx_word' id='word_1_589' title='bbox 1722 4876 1843 4931; x_wconf 89' lang='lat' dir='ltr'><strong>cap.</strong></span> <span class='ocrx_word' id='word_1_590' title='bbox 1897 4862 1964 4916; x_wconf 79' lang='grc'><strong>18</strong></span> <span class='ocrx_word' id='word_1_591' title='bbox 1998 4864 2094 4918; x_wconf 93' lang='lat' dir='ltr'><strong>lib.</strong></span> 
     </span>
    </p>
   </div>
   <div class='ocr_carea' id='block_1_88' title="bbox 2212 4641 3697 4723">
    <p class='ocr_par' dir='ltr' id='par_1_88' title="bbox 2212 4641 3697 4723">
     <span class='ocr_line' id='line_1_90' title="bbox 2212 4641 3697 4723; baseline -0.01 -15"><span class='ocrx_word' id='word_1_592' title='bbox 2212 4653 2478 4710; x_wconf 86' lang='lat' dir='ltr'><strong>terfectus</strong></span> <span class='ocrx_word' id='word_1_593' title='bbox 2516 4652 2736 4719; x_wconf 87' lang='lat' dir='ltr'><strong>fuisset,</strong></span> <span class='ocrx_word' id='word_1_594' title='bbox 2778 4652 2835 4707; x_wconf 91' lang='lat' dir='ltr'><strong>in</strong></span> <span class='ocrx_word' id='word_1_595' title='bbox 2888 4652 3060 4707; x_wconf 89' lang='lat' dir='ltr'><strong>alium</strong></span> <span class='ocrx_word' id='word_1_596' title='bbox 3094 4668 3301 4723; x_wconf 89' lang='lat' dir='ltr'><strong>equum</strong></span> <span class='ocrx_word' id='word_1_597' title='bbox 3326 4641 3697 4723; x_wconf 38' lang='lat' dir='ltr'><strong>conscenderet“;</strong></span> 
     </span>
    </p>
   </div>
   <div class='ocr_carea' id='block_1_89' title="bbox 2279 4710 3698 4795">
    <p class='ocr_par' dir='ltr' id='par_1_89' title="bbox 2279 4710 3698 4795">
     <span class='ocr_line' id='line_1_91' title="bbox 2279 4710 3698 4795; baseline -0.027 7"><span class='ocrx_word' id='word_1_598' title='bbox 2279 4724 2391 4795; x_wconf 59' lang='grc'><strong>(4⁵)</strong></span> <span class='ocrx_word' id='word_1_599' title='bbox 2432 4727 2502 4779; x_wconf 65' lang='grc' dir='ltr'><em>οἱ</em></span> <span class='ocrx_word' id='word_1_600' title='bbox 2529 4710 2965 4795; x_wconf 72' lang='grc' dir='ltr'><strong>περισὲυθέντες</strong></span> <span class='ocrx_word' id='word_1_601' title='bbox 3001 4710 3346 4795; x_wconf 16' lang='grc' dir='ltr'><strong>,τροὰάδῃη</strong></span> <span class='ocrx_word' id='word_1_602' title='bbox 3396 4718 3535 4795; x_wconf 79' lang='lat' dir='ltr'><strong>Hunc</strong></span> <span class='ocrx_word' id='word_1_603' title='bbox 3573 4710 3698 4795; x_wconf 38' lang='lat' dir='ltr'><strong>locst&quot;</strong></span> 
     </span>
    </p>
   </div>
   <div class='ocr_carea' id='block_1_90' title="bbox 2206 4785 3697 4871">
    <p class='ocr_par' dir='ltr' id='par_1_90' title="bbox 2206 4785 3697 4871">
     <span class='ocr_line' id='line_1_92' title="bbox 2206 4785 3697 4871; baseline -0.012 -16"><span class='ocrx_word' id='word_1_604' title='bbox 2206 4785 2445 4871; x_wconf 65' lang='lat' dir='ltr'><strong>egregie</strong></span> <span class='ocrx_word' id='word_1_605' title='bbox 2473 4785 2616 4871; x_wconf 70' lang='lat' dir='ltr'><strong>mihi</strong></span> <span class='ocrx_word' id='word_1_606' title='bbox 2636 4794 2832 4871; x_wconf 60' lang='lat' dir='ltr'><strong>videor</strong></span> <span class='ocrx_word' id='word_1_607' title='bbox 2880 4785 3195 4871; x_wconf 75' lang='lat' dir='ltr'><strong>restituisse</strong></span> <span class='ocrx_word' id='word_1_608' title='bbox 3246 4785 3350 4848; x_wconf 76' lang='lat' dir='ltr'><strong>hoc</strong></span> <span class='ocrx_word' id='word_1_609' title='bbox 3394 4785 3575 4871; x_wconf 73' lang='lat' dir='ltr'><strong>modo:</strong></span> 
     </span>
    </p>
   </div>
   <div class='ocr_carea' id='block_1_91' title="bbox 2204 4855 3693 4935">
    <p class='ocr_par' dir='ltr' id='par_1_91' title="bbox 2204 4855 3693 4935">
     <span class='ocr_line' id='line_1_93' title="bbox 2204 4855 3693 4935; baseline 0.002 -18"><span class='ocrx_word' id='word_1_610' title='bbox 2204 4855 2369 4929; x_wconf 75' lang='grc' dir='ltr'><strong>γὸυσῖ</strong></span> <span class='ocrx_word' id='word_1_611' title='bbox 2402 4867 2460 4920; x_wconf 86' lang='grc' dir='ltr'><strong>δὲ</strong></span> <span class='ocrx_word' id='word_1_612' title='bbox 2494 4862 2589 4918; x_wconf 81' lang='grc' dir='ltr'><strong>οὖν</strong></span> <span class='ocrx_word' id='word_1_613' title='bbox 2637 4866 2689 4919; x_wconf 84' lang='grc' dir='ltr'><strong>οί</strong></span> <span class='ocrx_word' id='word_1_614' title='bbox 2722 4865 2931 4935; x_wconf 85' lang='grc' dir='ltr'><strong>Πέρσαι</strong></span> <span class='ocrx_word' id='word_1_615' title='bbox 2968 4864 3293 4935; x_wconf 81' lang='grc' dir='ltr'><strong>ὲσσηθέντες</strong></span> <span class='ocrx_word' id='word_1_616' title='bbox 3314 4856 3579 4935; x_wconf 24' lang='grc' dir='ltr'><strong>τροῆπάίῖηγν</strong></span> 
     </span>
    </p>
   </div>
   <div class='ocr_carea' id='block_1_92' title="bbox 508 4925 3693 5006">
    <p class='ocr_par' dir='ltr' id='par_1_92' title="bbox 508 4925 3693 5006">
     <span class='ocr_line' id='line_1_94' title="bbox 508 4925 3693 5006; baseline 0.003 -27"><span class='ocrx_word' id='word_1_617' title='bbox 508 4925 675 5006; x_wconf 56' lang='lat' dir='ltr'><strong>xvm,</strong></span> <span class='ocrx_word' id='word_1_618' title='bbox 709 4927 858 5006; x_wconf 83' lang='lat' dir='ltr'><strong>hunc</strong></span> <span class='ocrx_word' id='word_1_619' title='bbox 898 4929 1120 5006; x_wconf 78' lang='lat' dir='ltr'><strong>Evagrii</strong></span> <span class='ocrx_word' id='word_1_620' title='bbox 1164 4925 1347 5006; x_wconf 65' lang='lat' dir='ltr'><strong>locum</strong></span> <span class='ocrx_word' id='word_1_621' title='bbox 1373 4931 1731 5006; x_wconf 63' lang='lat' dir='ltr'><strong>describens,</strong></span> <span class='ocrx_word' id='word_1_622' title='bbox 1760 4925 2094 5006; x_wconf 65' lang='lat' dir='ltr'><strong>vocabulum</strong></span> <span class='ocrx_word' id='word_1_623' title='bbox 2202 4925 2370 4992; x_wconf 86' lang='lat' dir='ltr'><strong>Certe</strong></span> <span class='ocrx_word' id='word_1_624' title='bbox 2412 4936 2644 4991; x_wconf 91' lang='lat' dir='ltr'><strong>verbum</strong></span> <span class='ocrx_word' id='word_1_625' title='bbox 2683 4925 3454 5006; x_wconf 59' lang='grc' dir='ltr'><strong>περίσωθέντεςήιμὶῑοίηὸάο</strong></span> <span class='ocrx_word' id='word_1_626' title='bbox 3495 4925 3569 5006; x_wconf 65' lang='grc' dir='ltr'><strong>Ιιξς</strong></span> <span class='ocrx_word' id='word_1_627' title='bbox 3603 4930 3693 5006; x_wconf 53' lang='grc' dir='ltr'><strong>βίβξν</strong></span> 
     </span>
    </p>
   </div>
   <div class='ocr_carea' id='block_1_93' title="bbox 512 4984 2112 5076">
    <p class='ocr_par' dir='ltr' id='par_1_93' title="bbox 512 4984 2095 5076">
     <span class='ocr_line' id='line_1_95' title="bbox 512 4984 2095 5076; baseline 0.008 -30"><span class='ocrx_word' id='word_1_628' title='bbox 512 4984 772 5076; x_wconf 49' lang='grc' dir='ltr'><strong>παρέχων</strong></span> <span class='ocrx_word' id='word_1_629' title='bbox 799 4999 873 5052; x_wconf 88' lang='lat' dir='ltr'><strong>ita</strong></span> <span class='ocrx_word' id='word_1_630' title='bbox 909 4984 1165 5076; x_wconf 45' lang='lat' dir='ltr'><strong>expauit.</strong></span> <span class='ocrx_word' id='word_1_631' title='bbox 1199 5001 1311 5076; x_wconf 45' lang='grc' dir='ltr'><strong>Ἑνὶ</strong></span> <span class='ocrx_word' id='word_1_632' title='bbox 1323 4984 1443 5076; x_wconf 70' lang='grc' dir='ltr'><strong>τῶν</strong></span> 
     </span>
    </p>
   </div>
   <div class='ocr_carea' id='block_1_94' title="bbox 2219 4984 3687 5076">
    <p class='ocr_par' dir='ltr' id='par_1_94' title="bbox 2219 4984 3687 5076">
     <span class='ocr_line' id='line_1_96' title="bbox 2219 4984 3687 5076; baseline -0.006 -16"><span class='ocrx_word' id='word_1_633' title='bbox 2219 4984 2373 5061; x_wconf 42' lang='lat' dir='ltr'><strong>alii;</strong></span> <span class='ocrx_word' id='word_1_634' title='bbox 2416 4984 2810 5076; x_wconf 62' lang='grc' dir='ltr'><strong>Νἷᾱιῖίῗεὲίἷιῖί</strong></span> <span class='ocrx_word' id='word_1_635' title='bbox 2823 4984 2955 5075; x_wconf 64' lang='grc' dir='ltr'><strong>’ᾁίίῖ</strong></span> <span class='ocrx_word' id='word_1_636' title='bbox 2972 4984 3377 5076; x_wconf 53' lang='grc' dir='ltr'><strong>’έὲιῖνέἶιῖᾝυῇιζ</strong></span> <span class='ocrx_word' id='word_1_637' title='bbox 3387 4984 3403 5076; x_wconf 53' lang='grc' dir='ltr'><em>ς</em></span> <span class='ocrx_word' id='word_1_638' title='bbox 3418 4984 3687 5076; x_wconf 53' lang='grc' dir='ltr'><strong>ειηιιιίυείιξ·</strong></span> 
     </span>
    </p>
   </div>
   <div class='ocr_carea' id='block_1_95' title="bbox 510 5059 2112 5147">
    <p class='ocr_par' dir='ltr' id='par_1_95' title="bbox 510 5059 2094 5147">
     <span class='ocr_line' id='line_1_97' title="bbox 510 5059 2094 5147; baseline 0.007 -29"><span class='ocrx_word' id='word_1_639' title='bbox 510 5059 863 5147; x_wconf 60' lang='grc' dir='ltr'><strong>ὲπὶδίδάσας,</strong></span> <span class='ocrx_word' id='word_1_640' title='bbox 1038 5069 1218 5140; x_wconf 83' lang='grc' dir='ltr'><strong>μάχης</strong></span> <span class='ocrx_word' id='word_1_641' title='bbox 1255 5070 1447 5147; x_wconf 74' lang='grc' dir='ltr'><strong>ἐξῆγε.</strong></span> <span class='ocrx_word' id='word_1_642' title='bbox 1476 5072 1531 5127; x_wconf 92' lang='lat' dir='ltr'><strong>Id</strong></span> <span class='ocrx_word' id='word_1_643' title='bbox 1565 5059 1676 5136; x_wconf 73' lang='lat' dir='ltr'><strong>est,</strong></span> <span class='ocrx_word' id='word_1_644' title='bbox 1705 5059 1828 5127; x_wconf 67' lang='grc' dir='ltr'><strong>’Νἰδὶ</strong></span> <span class='ocrx_word' id='word_1_645' title='bbox 1876 5076 2094 5145; x_wconf 82' lang='lat' dir='ltr'><strong>quidam</strong></span> 
     </span>
    </p>
   </div>
   <div class='ocr_carea' id='block_1_96' title="bbox 2219 5059 3685 5147">
    <p class='ocr_par' dir='ltr' id='par_1_96' title="bbox 2219 5059 3685 5147">
     <span class='ocr_line' id='line_1_98' title="bbox 2219 5059 3685 5147; baseline -0.001 -17"><span class='ocrx_word' id='word_1_646' title='bbox 2843 5059 3245 5145; x_wconf 68' lang='grc' dir='ltr'><strong>περισωθέντες</strong></span> <span class='ocrx_word' id='word_1_647' title='bbox 3297 5059 3399 5128; x_wconf 80' lang='lat' dir='ltr'><strong>dici</strong></span> <span class='ocrx_word' id='word_1_648' title='bbox 3443 5059 3685 5147; x_wconf 44' lang='grc' dir='ltr'><strong>ρᾷξῌέζξξηξ</strong></span> 
     </span>
    </p>
   </div>
   <div class='ocr_carea' id='block_1_97' title="bbox 512 5137 2101 5215">
    <p class='ocr_par' dir='ltr' id='par_1_97' title="bbox 512 5137 2101 5215">
     <span class='ocr_line' id='line_1_99' title="bbox 512 5137 2101 5215; baseline 0.007 -27"><span class='ocrx_word' id='word_1_649' title='bbox 512 5152 578 5215; x_wconf 73' lang='lat' dir='ltr'><strong>ea:</strong></span> <span class='ocrx_word' id='word_1_650' title='bbox 609 5137 927 5215; x_wconf 64' lang='lat' dir='ltr'><strong>satellitibus</strong></span> <span class='ocrx_word' id='word_1_651' title='bbox 954 5137 1217 5215; x_wconf 58' lang='lat' dir='ltr'><strong>inanem</strong></span> <span class='ocrx_word' id='word_1_652' title='bbox 1240 5159 1303 5196; x_wconf 74' lang='lat' dir='ltr'><strong>ea:</strong></span> <span class='ocrx_word' id='word_1_653' title='bbox 1333 5137 1478 5213; x_wconf 71' lang='lat' dir='ltr'><strong>equis</strong></span> <span class='ocrx_word' id='word_1_654' title='bbox 1525 5147 1616 5215; x_wconf 84' lang='lat' dir='ltr'><strong>qui</strong></span> <span class='ocrx_word' id='word_1_655' title='bbox 1652 5155 1764 5215; x_wconf 81' lang='lat' dir='ltr'><strong>post</strong></span> <span class='ocrx_word' id='word_1_656' title='bbox 1798 5137 1916 5199; x_wconf 69' lang='lat' dir='ltr'><strong>eunt</strong></span> <span class='ocrx_word' id='word_1_657' title='bbox 1943 5147 2101 5199; x_wconf 84' lang='lat' dir='ltr'><strong>duce-</strong></span> 
     </span>
    </p>
   </div>
   <div class='ocr_carea' id='block_1_98' title="bbox 2194 5127 3685 5219">
    <p class='ocr_par' dir='ltr' id='par_1_98' title="bbox 2194 5127 3685 5219">
     <span class='ocr_line' id='line_1_100' title="bbox 2194 5127 3685 5219; baseline -0.008 -19"><span class='ocrx_word' id='word_1_658' title='bbox 2194 5127 2744 5219; x_wconf 58' lang='grc' dir='ltr'><strong>ἓίιῖέιὶὶωῖιῖιῆῑεῖιῖἷιί</strong></span> <span class='ocrx_word' id='word_1_659' title='bbox 2751 5127 3175 5219; x_wconf 58' lang='lat' dir='ltr'><strong>pervenissent.</strong></span> <span class='ocrx_word' id='word_1_660' title='bbox 3190 5127 3382 5219; x_wconf 63' lang='lat' dir='ltr'><strong>linque</strong></span> <span class='ocrx_word' id='word_1_661' title='bbox 3411 5127 3571 5219; x_wconf 70' lang='lat' dir='ltr'><strong>subdit</strong></span> <span class='ocrx_word' id='word_1_662' title='bbox 3594 5127 3685 5219; x_wconf 48' lang='grc' dir='ltr'><strong>ξιξ</strong></span> 
     </span>
    </p>
   </div>
   <div class='ocr_carea' id='block_1_99' title="bbox 512 5206 2112 5288">
    <p class='ocr_par' dir='ltr' id='par_1_99' title="bbox 512 5206 2102 5288">
     <span class='ocr_line' id='line_1_101' title="bbox 512 5206 2102 5288; baseline 0.008 -28"><span class='ocrx_word' id='word_1_663' title='bbox 512 5206 956 5288; x_wconf 79' lang='lat' dir='ltr'><strong>bantur;_ipsum</strong></span> <span class='ocrx_word' id='word_1_664' title='bbox 1006 5206 1675 5288; x_wconf 52' lang='lat' dir='ltr'><strong>imposuisset.&#39;Soleban&#39;t</strong></span> <span class='ocrx_word' id='word_1_665' title='bbox 1716 5217 1873 5288; x_wconf 82' lang='lat' dir='ltr'><strong>enim</strong></span> <span class='ocrx_word' id='word_1_666' title='bbox 1930 5217 2102 5272; x_wconf 84' lang='lat' dir='ltr'><strong>duces</strong></span> 
     </span>
    </p>
   </div>
   <div class='ocr_carea' id='block_1_100' title="bbox 2219 5206 3688 5288">
    <p class='ocr_par' dir='ltr' id='par_1_100' title="bbox 2219 5206 3688 5288">
     <span class='ocr_line' id='line_1_102' title="bbox 2219 5206 3688 5288; baseline -0.012 -17"><span class='ocrx_word' id='word_1_667' title='bbox 2219 5206 2367 5285; x_wconf 62' lang='lat' dir='ltr'><strong>:rius,</strong></span> <span class='ocrx_word' id='word_1_668' title='bbox 2391 5221 2533 5273; x_wconf 80' lang='grc' dir='ltr'><strong>κατὰ</strong></span> <span class='ocrx_word' id='word_1_669' title='bbox 2554 5220 2654 5286; x_wconf 84' lang='grc' dir='ltr'><strong>τὴν</strong></span> <span class='ocrx_word' id='word_1_670' title='bbox 2686 5206 2904 5272; x_wconf 74' lang='grc' dir='ltr'><strong>Νίσιϐιν</strong></span> <span class='ocrx_word' id='word_1_671' title='bbox 2938 5206 3313 5282; x_wconf 77' lang='grc' dir='ltr'><strong>διασώζονταιῖ</strong></span> <span class='ocrx_word' id='word_1_672' title='bbox 3344 5209 3688 5288; x_wconf 17' lang='grc' dir='ltr'><strong>Ριιοᾳνοοοὲξρξᾶ</strong></span> 
     </span>
    </p>
   </div>
   <div class='ocr_carea' id='block_1_101' title="bbox 510 5278 2112 5362">
    <p class='ocr_par' dir='ltr' id='par_1_101' title="bbox 510 5278 2098 5362">
     <span class='ocr_line' id='line_1_103' title="bbox 510 5278 2098 5362; baseline 0.006 -31"><span class='ocrx_word' id='word_1_673' title='bbox 510 5292 637 5338; x_wconf 84' lang='lat' dir='ltr'><strong>eum</strong></span> <span class='ocrx_word' id='word_1_674' title='bbox 697 5278 767 5362; x_wconf 77' lang='lat' dir='ltr'><strong>ad</strong></span> <span class='ocrx_word' id='word_1_675' title='bbox 804 5278 1623 5362; x_wconf 52' lang='lat' dir='ltr'><strong>&#39;pugnam&#39;proficiscerentur,</strong></span> <span class='ocrx_word' id='word_1_676' title='bbox 1677 5286 1867 5362; x_wconf 79' lang='lat' dir='ltr'><strong>plures</strong></span> <span class='ocrx_word' id='word_1_677' title='bbox 1912 5303 2098 5362; x_wconf 87' lang='lat' dir='ltr'><strong>secum</strong></span> 
     </span>
    </p>
   </div>
   <div class='ocr_carea' id='block_1_102' title="bbox 2219 5278 3636 5362">
    <p class='ocr_par' dir='ltr' id='par_1_102' title="bbox 2219 5278 3636 5362">
     <span class='ocr_line' id='line_1_104' title="bbox 2219 5278 3636 5362; baseline -0.004 -21"><span class='ocrx_word' id='word_1_678' title='bbox 2219 5278 2419 5362; x_wconf 45' lang='grc' dir='ltr'><strong>τάδηνη</strong></span> <span class='ocrx_word' id='word_1_679' title='bbox 2445 5278 2791 5362; x_wconf 82' lang='lat' dir='ltr'><strong>Nicephorus</strong></span> <span class='ocrx_word' id='word_1_680' title='bbox 2845 5278 3136 5362; x_wconf 43' lang='lat' dir='ltr'><strong>reposuit&#39;</strong></span> <span class='ocrx_word' id='word_1_681' title='bbox 3162 5280 3540 5359; x_wconf 71' lang='grc' dir='ltr'><strong>προτροπάδην,</strong></span> <span class='ocrx_word' id='word_1_682' title='bbox 3585 5281 3636 5336; x_wconf 72' lang='grc' dir='ltr'><strong>(Ιυ</strong></span> 
     </span>
    </p>
   </div>
   <div class='ocr_carea' id='block_1_103' title="bbox 510 5349 2100 5427">
    <p class='ocr_par' dir='ltr' id='par_1_103' title="bbox 510 5349 2100 5427">
     <span class='ocr_line' id='line_1_105' title="bbox 510 5349 2100 5427; baseline 0.005 -23"><span class='ocrx_word' id='word_1_683' title='bbox 510 5364 687 5420; x_wconf 88' lang='lat' dir='ltr'><strong>equos</strong></span> <span class='ocrx_word' id='word_1_684' title='bbox 723 5349 954 5417; x_wconf 76' lang='lat' dir='ltr'><strong>ducere,</strong></span> <span class='ocrx_word' id='word_1_685' title='bbox 990 5360 1055 5406; x_wconf 93' lang='lat' dir='ltr'><strong>ut</strong></span> <span class='ocrx_word' id='word_1_686' title='bbox 1104 5349 1149 5413; x_wconf 65' lang='lat' dir='ltr'><strong>Si</strong></span> <span class='ocrx_word' id='word_1_687' title='bbox 1181 5356 1324 5411; x_wconf 88' lang='lat' dir='ltr'><strong>forte</strong></span> <span class='ocrx_word' id='word_1_688' title='bbox 1356 5372 1539 5426; x_wconf 84' lang='lat' dir='ltr'><strong>equus</strong></span> <span class='ocrx_word' id='word_1_689' title='bbox 1565 5349 1981 5427; x_wconf 54' lang='lat' dir='ltr'><strong>quo&#39;sedcbant</strong></span> <span class='ocrx_word' id='word_1_690' title='bbox 2016 5360 2100 5412; x_wconf 90' lang='lat' dir='ltr'><strong>in-</strong></span> 
     </span>
    </p>
   </div>
   <div class='ocr_carea' id='block_1_104' title="bbox 2197 5360 2628 5432">
    <p class='ocr_par' dir='ltr' id='par_1_104' title="bbox 2197 5360 2628 5432">
     <span class='ocr_line' id='line_1_106' title="bbox 2197 5360 2628 5432; baseline 0.005 -18"><span class='ocrx_word' id='word_1_691' title='bbox 2197 5368 2285 5415; x_wconf 86' lang='lat' dir='ltr'><strong>est</strong></span> <span class='ocrx_word' id='word_1_692' title='bbox 2331 5360 2628 5432; x_wconf 86' lang='lat' dir='ltr'><strong>vulgatius.</strong></span> 
     </span>
    </p>
   </div>
   <div class='ocr_carea' id='block_1_105' title="bbox 1975 5518 2360 5583">
    <p class='ocr_par' dir='ltr' id='par_1_105' title="bbox 1975 5518 2360 5583">
     <span class='ocr_line' id='line_1_107' title="bbox 1975 5518 2360 5583; baseline 0 -10"><span class='ocrx_word' id='word_1_693' title='bbox 1975 5518 2360 5583; x_wconf 79' lang='lat' dir='ltr'><strong>VAlllORUM.</strong></span> 
     </span>
    </p>
   </div>
   <div class='ocr_carea' id='block_1_106' title="bbox 588 5621 2100 5704">
    <p class='ocr_par' dir='ltr' id='par_1_106' title="bbox 588 5621 2100 5704">
     <span class='ocr_line' id='line_1_108' title="bbox 588 5621 2100 5704; baseline 0.009 -28"><span class='ocrx_word' id='word_1_694' title='bbox 588 5622 668 5704; x_wconf 69' lang='grc' dir='ltr'><strong>(ρ)</strong></span> <span class='ocrx_word' id='word_1_695' title='bbox 703 5621 793 5704; x_wconf 57' lang='grc' dir='ltr'><strong>[ᾧ</strong></span> <span class='ocrx_word' id='word_1_696' title='bbox 820 5624 1164 5704; x_wconf 25' lang='grc' dir='ltr'><strong>δερχειμῶνίι</strong></span> <span class='ocrx_word' id='word_1_697' title='bbox 1191 5628 1528 5704; x_wconf 72' lang='grc' dir='ltr'><strong>διελύοντο.</strong></span> <span class='ocrx_word' id='word_1_698' title='bbox 1565 5631 1647 5704; x_wconf 77' lang='lat' dir='ltr'><strong>Ex</strong></span> <span class='ocrx_word' id='word_1_699' title='bbox 1675 5631 1771 5704; x_wconf 85' lang='lat' dir='ltr'><strong>bis</strong></span> <span class='ocrx_word' id='word_1_700' title='bbox 1790 5632 1979 5688; x_wconf 88' lang='lat' dir='ltr'><strong>verbis</strong></span> <span class='ocrx_word' id='word_1_701' title='bbox 2004 5650 2100 5704; x_wconf 90' lang='lat' dir='ltr'><strong>ap-</strong></span> 
     </span>
    </p>
   </div>
   <div class='ocr_carea' id='block_1_107' title="bbox 515 5695 2099 5773">
    <p class='ocr_par' dir='ltr' id='par_1_107' title="bbox 515 5695 2099 5773">
     <span class='ocr_line' id='line_1_109' title="bbox 515 5695 2099 5773; baseline 0.009 -29"><span class='ocrx_word' id='word_1_702' title='bbox 515 5698 677 5761; x_wconf 82' lang='lat' dir='ltr'><strong>paret</strong></span> <span class='ocrx_word' id='word_1_703' title='bbox 719 5695 1433 5773; x_wconf 28' lang='lat' dir='ltr'><strong>Evagrium‘uexistimasse,</strong></span> <span class='ocrx_word' id='word_1_704' title='bbox 1476 5703 1729 5772; x_wconf 64' lang='lat' dir='ltr'><strong>praelium</strong></span> <span class='ocrx_word' id='word_1_705' title='bbox 1760 5702 1867 5759; x_wconf 91' lang='lat' dir='ltr'><strong>hoc</strong></span> <span class='ocrx_word' id='word_1_706' title='bbox 1917 5695 2099 5773; x_wconf 73' lang='lat' dir='ltr'><strong>capite</strong></span> 
     </span>
    </p>
   </div>
   <div class='ocr_carea' id='block_1_108' title="bbox 513 5770 2098 5843">
    <p class='ocr_par' dir='ltr' id='par_1_108' title="bbox 513 5770 2098 5843">
     <span class='ocr_line' id='line_1_110' title="bbox 513 5770 2098 5843; baseline 0.011 -30"><span class='ocrx_word' id='word_1_707' title='bbox 513 5774 901 5843; x_wconf 71' lang='lat' dir='ltr'><strong>memoratum,</strong></span> <span class='ocrx_word' id='word_1_708' title='bbox 933 5778 989 5824; x_wconf 91' lang='lat' dir='ltr'><strong>et</strong></span> <span class='ocrx_word' id='word_1_709' title='bbox 1018 5770 1155 5843; x_wconf 76' lang='lat' dir='ltr'><strong>illud</strong></span> <span class='ocrx_word' id='word_1_710' title='bbox 1179 5772 1328 5841; x_wconf 92' lang='lat' dir='ltr'><strong>quod</strong></span> <span class='ocrx_word' id='word_1_711' title='bbox 1362 5774 1418 5828; x_wconf 91' lang='lat' dir='ltr'><strong>in</strong></span> <span class='ocrx_word' id='word_1_712' title='bbox 1444 5770 1697 5843; x_wconf 81' lang='lat' dir='ltr'><strong>sequenti</strong></span> <span class='ocrx_word' id='word_1_713' title='bbox 1725 5784 1933 5835; x_wconf 85' lang='lat' dir='ltr'><strong>narrat.</strong></span> <span class='ocrx_word' id='word_1_714' title='bbox 1962 5770 2098 5830; x_wconf 69' lang='lat' dir='ltr'><strong>duo~</strong></span> 
     </span>
    </p>
   </div>
   <div class='ocr_carea' id='block_1_109' title="bbox 515 5831 2094 5913">
    <p class='ocr_par' dir='ltr' id='par_1_109' title="bbox 515 5831 2094 5913">
     <span class='ocr_line' id='line_1_111' title="bbox 515 5831 2094 5913; baseline 0.007 -25"><span class='ocrx_word' id='word_1_715' title='bbox 515 5831 1093 5913; x_wconf 72' lang='lat' dir='ltr'><strong>bus_diversis_annis</strong></span> <span class='ocrx_word' id='word_1_716' title='bbox 1137 5831 1311 5897; x_wconf 81' lang='lat' dir='ltr'><strong>fuisse</strong></span> <span class='ocrx_word' id='word_1_717' title='bbox 1360 5831 1539 5913; x_wconf 47' lang='lat' dir='ltr'><strong>gesta.-</strong></span> <span class='ocrx_word' id='word_1_718' title='bbox 1584 5845 1626 5898; x_wconf 85' lang='grc' dir='ltr'>Ε</span> <span class='ocrx_word' id='word_1_719' title='bbox 1672 5855 1863 5900; x_wconf 88' lang='lat' dir='ltr'><strong>contra</strong></span> <span class='ocrx_word' id='word_1_720' title='bbox 1912 5831 2094 5899; x_wconf 79' lang='lat' dir='ltr'><strong>Theo-</strong></span> 
     </span>
    </p>
   </div>
   <div class='ocr_carea' id='block_1_110' title="bbox 2203 5598 3683 5700">
    <p class='ocr_par' dir='ltr' id='par_1_110' title="bbox 2203 5598 3683 5700">
     <span class='ocr_line' id='line_1_112' title="bbox 2203 5598 3683 5700; baseline -0.005 -10"><span class='ocrx_word' id='word_1_721' title='bbox 2203 5651 2350 5691; x_wconf 91' lang='lat' dir='ltr'><strong>anno</strong></span> <span class='ocrx_word' id='word_1_722' title='bbox 2398 5633 2651 5691; x_wconf 87' lang='lat' dir='ltr'><strong>confecta</strong></span> <span class='ocrx_word' id='word_1_723' title='bbox 2698 5634 2870 5689; x_wconf 87' lang='lat' dir='ltr'><strong>fuisse</strong></span> <span class='ocrx_word' id='word_1_724' title='bbox 2921 5651 2935 5687; x_wconf 87' lang='lat'><strong>:</strong></span> <span class='ocrx_word' id='word_1_725' title='bbox 2980 5634 3067 5689; x_wconf 90' lang='lat' dir='ltr'><strong>cui</strong></span> <span class='ocrx_word' id='word_1_726' title='bbox 3119 5632 3431 5700; x_wconf 74' lang='lat' dir='ltr'><strong>suffragatur</strong></span> <span class='ocrx_word' id='word_1_727' title='bbox 3464 5598 3683 5684; x_wconf 61' lang='grc' dir='ltr'><strong>Ρθείυδτίδ</strong></span> 
     </span>
    </p>
   </div>
   <div class='ocr_carea' id='block_1_111' title="bbox 2200 5700 3498 5767">
    <p class='ocr_par' dir='ltr' id='par_1_111' title="bbox 2200 5700 3498 5767">
     <span class='ocr_line' id='line_1_113' title="bbox 2200 5700 3498 5767; baseline -0.012 -6"><span class='ocrx_word' id='word_1_728' title='bbox 2200 5721 2333 5761; x_wconf 90' lang='lat' dir='ltr'><strong>ann.</strong></span> <span class='ocrx_word' id='word_1_729' title='bbox 2375 5705 2502 5767; x_wconf 80' lang='lat'><strong>590.</strong></span> <span class='ocrx_word' id='word_1_730' title='bbox 2541 5722 2598 5760; x_wconf 90' lang='lat' dir='ltr'><strong>n.</strong></span> <span class='ocrx_word' id='word_1_731' title='bbox 2643 5705 2715 5760; x_wconf 70' lang='lat'><strong>25</strong></span> <span class='ocrx_word' id='word_1_732' title='bbox 2742 5716 2798 5760; x_wconf 88' lang='lat' dir='ltr'><strong>et</strong></span> <span class='ocrx_word' id='word_1_733' title='bbox 2836 5705 2961 5765; x_wconf 74' lang='lat'><strong>592.</strong></span> <span class='ocrx_word' id='word_1_734' title='bbox 2998 5722 3057 5759; x_wconf 91' lang='lat' dir='ltr'><strong>n.</strong></span> <span class='ocrx_word' id='word_1_735' title='bbox 3098 5705 3151 5760; x_wconf 91' lang='grc'><strong>5.</strong></span> <span class='ocrx_word' id='word_1_736' title='bbox 3184 5704 3271 5758; x_wconf 84' lang='lat' dir='ltr'><strong>W.</strong></span> <span class='ocrx_word' id='word_1_737' title='bbox 3305 5700 3498 5754; x_wconf 76' lang='lat' dir='ltr'><strong>Lemn.</strong></span> 
     </span>
    </p>
   </div>
   <div class='ocr_carea' id='block_1_112' title="bbox 2272 5742 3737 5846">
    <p class='ocr_par' dir='ltr' id='par_1_112' title="bbox 2272 5742 3737 5846">
     <span class='ocr_line' id='line_1_114' title="bbox 2272 5742 3737 5846; baseline 0.001 -16"><span class='ocrx_word' id='word_1_738' title='bbox 2272 5742 2349 5846; x_wconf 62' lang='grc' dir='ltr'><strong>(ἐφ’)</strong></span> <span class='ocrx_word' id='word_1_739' title='bbox 2375 5742 2807 5844; x_wconf 55' lang='grc' dir='ltr'><strong>’ἓέῥῷίὲἰὶοέ</strong></span> <span class='ocrx_word' id='word_1_740' title='bbox 2836 5742 3238 5831; x_wconf 52' lang='grc' dir='ltr'><strong>υᾶιῖἱιιέιῖιῶιιίἑ</strong></span> <span class='ocrx_word' id='word_1_741' title='bbox 3259 5742 3679 5846; x_wconf 58' lang='grc' dir='ltr'><strong>ἐυιποιειιυξεξῖζζ</strong></span> <span class='ocrx_word' id='word_1_742' title='bbox 3729 5794 3737 5808; x_wconf 72' lang='grc' dir='ltr'><strong>ο</strong></span> 
     </span>
    </p>
   </div>
   <div class='ocr_carea' id='block_1_113' title="bbox 2198 5818 3677 5917">
    <p class='ocr_par' dir='ltr' id='par_1_113' title="bbox 2198 5818 3677 5917">
     <span class='ocr_line' id='line_1_115' title="bbox 2223 5818 3677 5874; baseline -0.023 -26"><span class='ocrx_word' id='word_1_743' title='bbox 2223 5848 2233 5858; x_wconf 76' lang='grc'><strong>,</strong></span> <span class='ocrx_word' id='word_1_744' title='bbox 2272 5818 2348 5859; x_wconf 69' lang='grc' dir='ltr'><strong>ιᾞ</strong></span> <span class='ocrx_word' id='word_1_745' title='bbox 2388 5818 2807 5844; x_wconf 68' lang='grc' dir='ltr'><strong>--νν-ν--νηνν</strong></span> <span class='ocrx_word' id='word_1_746' title='bbox 2859 5818 3389 5868; x_wconf 26' lang='grc' dir='ltr'><strong>νυ...ι.....,,...,ἳ---η</strong></span> <span class='ocrx_word' id='word_1_747' title='bbox 3414 5818 3457 5832; x_wconf 34' lang='grc' dir='ltr'><strong>νυ</strong></span> <span class='ocrx_word' id='word_1_748' title='bbox 3570 5818 3677 5874; x_wconf 48' lang='lat' dir='ltr'><strong>idum</strong></span> 
     </span>
     <span class='ocr_line' id='line_1_116' title="bbox 2198 5840 3567 5917; baseline -0.016 -13"><span class='ocrx_word' id='word_1_749' title='bbox 2198 5849 2407 5917; x_wconf 74' lang='lat' dir='ltr'><strong>lippico</strong></span> <span class='ocrx_word' id='word_1_750' title='bbox 2441 5847 2509 5901; x_wconf 91' lang='lat' dir='ltr'><strong>ad</strong></span> <span class='ocrx_word' id='word_1_751' title='bbox 2546 5848 2749 5902; x_wconf 88' lang='lat' dir='ltr'><strong>bellum</strong></span> <span class='ocrx_word' id='word_1_752' title='bbox 2821 5858 3013 5903; x_wconf 83' lang='lat' dir='ltr'><strong>contra</strong></span> <span class='ocrx_word' id='word_1_753' title='bbox 3077 5848 3268 5903; x_wconf 75' lang='lat' dir='ltr'><strong>Persas</strong></span> <span class='ocrx_word' id='word_1_754' title='bbox 3324 5840 3567 5910; x_wconf 68' lang='lat' dir='ltr'><strong>pet-seque!</strong></span> 
     </span>
    </p>
   </div>
   <div class='ocr_carea' id='block_1_114' title="bbox 513 5904 2754 5989">
    <p class='ocr_par' dir='ltr' id='par_1_114' title="bbox 513 5904 2754 5989">
     <span class='ocr_line' id='line_1_117' title="bbox 513 5904 2754 5989; baseline 0.004 -24"><span class='ocrx_word' id='word_1_755' title='bbox 513 5904 827 5977; x_wconf 73' lang='lat' dir='ltr'><strong>pltylactus,</strong></span> <span class='ocrx_word' id='word_1_756' title='bbox 859 5910 955 5967; x_wconf 84' lang='lat' dir='ltr'><strong>lib.</strong></span> <span class='ocrx_word' id='word_1_757' title='bbox 990 5928 1043 5978; x_wconf 88' lang='lat' dir='ltr'><strong>v,</strong></span> <span class='ocrx_word' id='word_1_758' title='bbox 1076 5928 1193 5984; x_wconf 85' lang='lat' dir='ltr'><strong>cap.</strong></span> <span class='ocrx_word' id='word_1_759' title='bbox 1238 5916 1323 5982; x_wconf 84' lang='grc'><strong>15,</strong></span> <span class='ocrx_word' id='word_1_760' title='bbox 1358 5904 1523 5973; x_wconf 58' lang='lat' dir='ltr'><strong>tradit</strong></span> <span class='ocrx_word' id='word_1_761' title='bbox 1554 5933 1617 5973; x_wconf 90' lang='lat' dir='ltr'><strong>ea</strong></span> <span class='ocrx_word' id='word_1_762' title='bbox 1649 5936 1759 5974; x_wconf 90' lang='lat' dir='ltr'><strong>uno</strong></span> <span class='ocrx_word' id='word_1_763' title='bbox 1787 5917 2093 5989; x_wconf 84' lang='lat' dir='ltr'><strong>eodemque</strong></span> <span class='ocrx_word' id='word_1_764' title='bbox 2198 5904 2345 5975; x_wconf 71' lang='lat' dir='ltr'><strong>anno</strong></span> <span class='ocrx_word' id='word_1_765' title='bbox 2383 5919 2505 5976; x_wconf 82' lang='lat'><strong>590.</strong></span> <span class='ocrx_word' id='word_1_766' title='bbox 2543 5918 2754 5975; x_wconf 60' lang='lat' dir='ltr'><strong>Paetus.</strong></span> 
     </span>
    </p>
   </div>
  </div>
