4018 6530
198 400 346 467 2373

1128 404 1514 470 HISTORIA!
1550 402 2139 467 ECCLESIASTICE
2178 407 2410 469 LIBER
2447 408 2546 470 VI.

3325 406 3466 470 2874

200 520 341 591 ἡμῖν
368 513 459 591 ἦν,
499 518 543 591 ἢ
565 518 659 574 διὰ
686 520 898 576 πολλῶν
930 521 1030 593 μὲν
1055 520 1234 575 πόνων
1263 519 1325 573 τὸ
1371 518 1671 591 μαρτύριον
1706 516 1785 571 δι·

1915 519 2121 588 pirans,
2156 520 2303 591 apud
2345 532 2446 575 nos
2477 518 2698 574 mansit.
2731 517 2863 585 Qua:
2895 534 2927 573 a
2966 518 3256 585 Persarum
3296 521 3469 592 magis

199 613 506 683 ινέγκασα,
536 611 650 667 τῶν
704 612 895 683 μάγων
942 611 1170 683 Περσῶν
1207 611 1376 680 αὐτὴν
1422 608 1787 680 αίκζομένων,

204 704 471 778 μεγάλων
507 703 567 759 δὲ
609 704 914 777 τεραστίων
962 704 1189 777 ἐργάτις
1228 701 1497 774 γενομένη
1519 719 1533 732 ·
1582 697 1651 772 ἦς
1697 699 1793 754 τὸν

206 798 331 868 βίον
347 797 630 871 ἀνέγραψε
653 796 926 869 Στέφανος
941 798 971 853 ὁ
996 795 1265 868 πρότερος
1283 793 1582 858 ἐπίσκοπος
1616 792 1791 865 Ἱερα-

199 892 447 956 πόλεως.
564 946 567 953 ,
1159 912 1162 919 α

790 1008 1048 1066 ΚΕΦΑΔ.
1078 1012 1213 1067 KA'.

198 1101 355 1174 Περι
380 1097 469 1159 ὧν
495 1104 730 1173 ἔπεμψε
779 1105 1059 1176 Χοσρόης
1104 1103 1504 1176 ἀναθημάτων
1521 1102 1603 1172 τῷ
1647 1102 1795 1174 ἁγίῳ

755 1174 1011 1245 μάρτυρι
1021 1174 1263 1246 Σεργίῳ.

312 1287 358 1346 0
380 1290 439 1345 δὲ
465 1289 719 1363 Χοσρᾶης
736 1289 1014 1362 ἐγκρατὴς
1033 1289 1143 1345 τῶν
1159 1288 1376 1344 οἰκείων
1398 1286 1684 1360 βασιλείων
1703 1302 1796 1356 γε·

196 1383 467 1454 νόμενος,
518 1383 730 1456 πέμπει
761 1381 1049 1456 Γρηγορίῳ
1084 1381 1343 1453 σταυρὸν,
1381 1380 1571 1452 χρυσῷ
1616 1377 1797 1449 πολλῷ

199 1476 311 1528 καὶ
360 1474 534 1537 λίθοις
579 1472 788 1546 τιμίοις
837 1472 1241 1545 ἐξησκημένον,
1290 1471 1431 1543 πρὸς
1488 1470 1655 1541 τιμὴν
1700 1466 1797 1523 τοῦ

199 1567 518 1640 ἀθλοφόροι)
570 1564 847 1639 μάρτυρος
878 1565 1108 1638 Σεργίου
1140 1580 1157 1597 ο
1178 1564 1239 1621 δν
1264 1564 1499 1637 ἀνέθηκε
1534 1563 1633 1633 μὲν
1664 1563 1798 1616 Θεο-

199 1656 366 1727 δὼρα
403 1653 788 1711 ’1ουστινιανοῦ
801 1652 1039 1727 γαμετὴ,
1068 1654 1328 1728 ὲληῖσατο
1354 1652 1410 1707 δὲ
1429 1651 1677 1723 Χοσρόης
1699 1650 1800 1704 σὺν

201 1750 314 1802 καὶ
349 1752 467 1811 τοῖς
496 1748 679 1810 ἄλλοις
723 1746 1057 1820 κειμηλίοις,
1101 1746 1179 1811 ὡς
1215 1744 1318 1818 ἢδη
1374 1761 1465 1817 μοι
1491 1743 1797 1815 ἀφήγηται.

1888 610 2131 681 graviter
2190 612 2547 675 excruciata,
2618 610 2947 666 diuturnum
3013 619 3072 665 et
3132 611 3468 667 laboriosum

1889 700 2211 771 martyrium
2232 700 2480 772 pertulit,
2506 699 2789 770 multaque
2818 698 3083 754 miracula
3107 701 3466 770 perpetravit.

1889 796 2063 850 Porro
2119 797 2239 867 ejus
2294 796 2464 850 vitam
2525 794 2749 864 scripsit
2801 793 3116 865 Stephanus
3169 793 3469 865 antiquior,

1889 888 2183 958 episcopus
2220 885 2686 958 Hierapolitanus.

2399 1012 2567 1085 aes
2611 1011 2766 1069 CAP.
2812 1009 2957 1065 XXI.

1892 1106 1975 1162 De
2040 1106 2276 1162 donariis
2343 1122 2463 1178 qua:
2546 1104 2797 1178 ϐήσετο-εδ
2860 1102 3022 1178 misit
3097 1101 3169 1155 ad
3230 1108 3475 1155 sanctum

2388 1184 2680 1249 martyrem
2716 1174 2984 1246 Sergium.

1961 1289 2233 1346 Caeterum
2282 1288 2558 1344 Cbosrocs
2616 1303 2743 1342 eum
2791 1301 3023 1357 regnum
3102 1298 3262 1340 suum
3311 1296 3475 1336 recu-

1895 1390 2162 1453 perasset,
2192 1396 2414 1436 crucem
2446 1362 2589 1435 auro.
2619 1381 2796 1435 multo
2826 1388 2879 1434 et
2912 1377 3171 1448 pretiosis
3200 1374 3478 1443 lapidibus

1895 1482 2236 1537 exornatam,
2260 1473 2316 1528 in
2339 1474 2607 1527 honorem
2632 1470 2984 1526 invictissimi
3013 1467 3275 1538 martyris
3301 1465 3477 1535 Sergii

1896 1567 1966 1623 ad
1997 1566 2321 1639 Gregorium
2350 1565 2501 1620 misit
2527 1578 2542 1618 :
2573 1580 2737 1633 quam
2774 1561 3067 1617 'l‘heodora
3091 1558 3313 1628 quidem
3341 1573 3481 1610 uxor

1896 1659 2193 1718 Iustiniani
2226 1658 2405 1715 eidem
2438 1658 2664 1728 martyri
2702 1655 3097 1711 dedicaverath
3142 1671 3156 1707 :
3207 1651 3482 1706 Cbosrocs

1897 1768 2030 1808 vero
2056 1766 2164 1807 una
2184 1764 2309 1807 cum
2343 1749 2467 1806 aliis
2495 1748 2773 1805 thesauris
2800 1747 3134 1817 diripuerat,
3162 1744 3307 1799 sicut
3334 1759 3364 1797 a
3393 1758 3481 1797 me

205 1839 437 1911 Πέμπει
464 1839 522 1894 δὲ
556 1838 652 1895 xui.
665 1837 857 1910 ἕτερον
884 1838 1118 1910 σταυρὸν
1146 1835 1408 1909 χρυσοῦν,
1438 1835 1534 1891 καὶ
1555 1835 1797 1905 ἐπέγρα-

1912 1845 2153 1916 ιιιροτίιιε
2181 1851 2668 1900 commemoratum
2700 1848 2805 1895 est.
2839 1839 3015 1894 Aliam
3046 1844 3313 1907 praeterea
3348 1849 3478 1888 cru-

204 1932 317 2001 ψεν
341 1936 371 1987 ὁ
392 1931 646 2003 Χοσρόης
664 1929 744 2003 τῷ
779 1929 1001 2003 σταυρῷ
1041 1928 1311 2001 Ἐλλήνων
1341 1929 1634 2002 γράμμασι
1648 1926 1796 1980 τάδε’

207 2028 425 2082 Τοῦτον
455 2026 549 2080 τὸν
572 2026 807 2098 σταυρὸν
821 2024 935 2097 ἑγὼ
957 2024 1208 2099 Χοσρόης
1238 2024 1493 2097 βασιλεὺς
1509 2020 1796 2095 βασιλέων,

209 2122 331 2186 υίὸς
373 2122 690 2194 Ὅρμίσδου,
740 2122 831 2178 ὅτε
888 2122 955 2178 ὲκ
994 2120 1310 2194 διαδολικῆς
1361 2116 1642 2192 ἐνεργείας
1703 2118 1800 2172 καὶ

218 2214 565 2284 κακουργίας
596 2211 692 2268 τοῦ
733 2213 1167 2285 δυστυχεστάτου
1220 2211 1503 2284 Βαράμου,
1546 2209 1643 2264 καὶ
1691 2208 1800 2263 τῶν

214 2306 318 2359 σὺν
358 2302 513 2377 αὑτῷ
556 2304 965 2378 καϐαλλαρίων,
1004 2305 1086 2369 είς
1111 2303 1422 2376 Ῥωμανίαν
1459 2300 1797 2372 ἀπήλθομεν,

216 2400 313 2452 καὶ
346 2396 438 2452 διὰ
466 2397 528 2452 τδ
554 2398 817 2469 ἔρχεσθαι
875 2399 970 2452 τὸν
1012 2398 1251 2469 δυστυχῆ
1292 2395 1627 2466 Ζαδεσπρὰμ
1663 2392 1801 2463 μετά

216 2490 461 2562 στρατοῦ
484 2490 596 2562 (ιθ)
623 2493 704 2556 είς
732 2491 833 2563 τὴν
861 2490 1081 2546 Νίσιδιν
1121 2491 1217 2545 ἐπὶ
1248 2490 1310 2544 τὸ
1352 2490 1624 2561 ὑποσῦραι
1673 2486 1802 2549 τοὺς

217 2580 627 2654 καΰαλλαρίους
652 2582 747 2638 τοῦ
780 2582 982 2657 μέρους
1019 2582 1115 2638 τοῦ
1150 2583 1340 2637 Νίσιϐι
1363 2584 1443 2647 είς
1474 2580 1535 2635 τὸ
1568 2579 1802 2651 ἀντᾶραι

217 2676 315 2729 καὶ
364 2675 712 2747 καταρῤάξαι
739 2674 877 2749 (50),
908 2675 1239 2748 ἐπέμψαμεν
1272 2675 1368 2729 καὶ
1404 2675 1567 2745 ἡμεῖς
1594 2670 1803 2726 κασαλ-

219 2767 431 2838 λαρίοις
463 2768 603 2838 μετὰ
628 2768 889 2840 ἄρχοντος
917 2769 1001 2832 είς
1045 2768 1106 2823 τὸ
1142 2767 1390 2841 Χαρχάς.
1420 2768 1530 2822 Καὶ
1568 2764 1659 2818 διὰ
1702 2762 1803 2833 τῆς

220 2860 395 2932 τύχης
419 2860 513 2915 τοῦ
545 2860 701 2931 ἁγίου
727 2862 954 2933 Σεργίου
992 2861 1087 2917 τοῦ
1115 2862 1437 2917 πανσέπτου
1467 2860 1564 2915 καὶ
1589 2859 1801 2929 ὄνομα·

223 2951 376 3016 στοῦ,
431 2951 622 3023 ἐπειδὴ
678 2952 997 3025 ἠκούσαμεν
1054 2953 1255 3025 δοτῆρα
1308 2948 1452 3007 εἶναι
1497 2950 1659 3006 αὐτὸν
1696 2950 1805 3003 τῶν

223 3047 523 3115 αἰτήσεων,
558 3044 617 3100 ὲν
651 3043 729 3117 τῷ
763 3045 967 3117 πρώτῳ
1019 3045 1130 3099 ἔτει
1180 3045 1279 3117 τῆς
1312 3044 1586 3116 βασιλείας
1624 3042 1804 3113 ἡμῶν,

227 3140 364 3209 μηνὶ
400 3136 750 3211 Ἰαννουαρίῳ
785 3136 1011 3210 ἑϐδόμῃ,
1036 3136 1363 3209 ᾐτησάμεθα
1397 3136 1474 3200 ὡς
1502 3120 1597 3189 ἐὰν
1621 3136 1669 3188 oi
1705 3152 1804 3187 κα-

1904 1953 2023 1993 cem
2081 1949 2305 1991 auream
2360 1934 2507 1989 idem
2578 1930 2854 1988 Cbosrocs
2918 1928 3089 1993 misit,
3134 1927 3224 1983 cui
3282 1924 3484 1981 litteris

1900 2030 2105 2086 Gra-cis
2137 2029 2254 2083 haec
2282 2023 2605 2098 inscripsit:
2638 2024 2752 2095 Ego
2803 2023 3076 2079 Cbosrocs
3135 2035 3232 2075 rex
3268 2032 3482 2088 regum,

1902 2122 2047 2178 ﬁlius
2114 2119 2453 2187 llormisdaa,
2512 2134 2624 2189 quo
2685 2128 2934 2186 tempore
2998 2128 3101 2184 per
3154 2111 3481 2167 diabolicain

1902 2212 2279 2285 operationem
2330 2218 2387 2267 et
2432 2209 2699 2265 malitiam
2751 2203 3115 2261 infelicissimi
3155 2201 3376 2257 Varami
3422 2208 3482 2255 et

1901 2304 2149 2374 equitum
2177 2302 2273 2373 qui
2312 2316 2423 2356 una
2474 2315 2603 2355 cum
2645 2299 2743 2354 illo
2774 2307 2963 2362 erant,
3005 2294 3073 2350 ad
3106 2295 3481 2349 Romanorum

1901 2396 2171 2452 ditionem
2218 2410 2307 2451 me
2358 2393 2568 2449 contuli
2602 2410 2616 2446 :
2649 2398 2707 2447 et
2752 2388 3012 2460 quoniam
3067 2385 3486 2441 infelicissimus

1902 2490 2232 2559 Zadespram
2264 2502 2392 2543 cum
2421 2484 2667 2541 exercitu
2698 2482 2933 2539 Nisibim
2964 2480 3263 2555 advenerat
3284 2517 3298 2541 ,
3330 2476 3486 2532 solli-
3600 2478 3601 2481 “

1904 2584 2174 2639 citaturus
2203 2581 2421 2651 equites
2452 2576 2747 2634 Nisibenos
2788 2586 2850 2631 ut
2890 2590 2922 2629 a
2974 2574 3137 2629 nobis
3186 2570 3489 2627 deficerent

1904 2690 2113 2744 nosque
2144 2679 2556 2744 oppugnarent;
2587 2685 2690 2725 nos
2726 2654 2954 2739 'quoque
2988 2666 3206 2735 equites
3237 2663 3490 2718 misimus

1904 2768 1972 2823 ad
2005 2766 2270 2837 oppidum
2296 2765 2581 2822 Charchas
2611 2777 2718 2817 una
2759 2776 2883 2815 cum
2920 2759 3083 2814 duce.
3116 2758 3184 2812 Et
3224 2756 3488 2827 quoniam

1903 2859 2256 2914 audieramus
2284 2857 2658 2912 venerabilem
2692 2868 2756 2908 ac
2783 2851 3203 2908 celeberrimum
3235 2856 3486 2903 sanctum

1906 2952 2157 3023 Sergium
2190 2958 2388 3008 cuncta
2423 2949 2611 3020 largiri
2646 2964 2769 3018 qua:
2794 2946 2864 3001 ab
2888 2945 3008 3015 ipso
3033 2944 3482 3015 postularentur;

1905 3062 2050 3103 anno
2108 3045 2287 3117 primo
2348 3043 2502 3116 regni
2558 3042 2774 3105 nostri,
2840 3040 2930 3095 die
2991 3039 3227 3108 septimo
3284 3035 3494 3090 mensis

1904 3144 2176 3209 Januarii,
2202 3159 2301 3214 per
2333 3142 2554 3213 genium
2584 3138 2830 3211 ejusdem
2862 3136 3037 3192 sancti
3069 3133 3493 3204 postulavimus,

226 3230 514 3301 ϐαλλάριοι
548 3229 797 3299 σφάξωσι
825 3229 918 3283 τὸν
964 3228 1316 3301 Ζαδεσπρὰμ,
1348 3229 1382 3298 ἢ
1412 3227 1806 3299 χειρώσωνται,

1912 3236 2253 3306 pollicentes,
2271 3233 2317 3288 si
2337 3232 2554 3303 equites
2574 3230 2751 3285 nostri
2773 3228 3108 3299 Zadespram
3136 3224 3492 3289 occidissent,

227 3320 467 3393 σταυρὸν
507 3319 746 3392 χρυσοῦν
784 3320 1020 3374 διάλιθον
1051 3322 1130 3384 είς
1160 3320 1250 3373 τὸν
1291 3314 1439 3373 οἷκον
1481 3317 1644 3374 αὑτοῦ
1665 3321 1810 3388 πέμ-

227 3429 411 3481 πομεν
437 3412 528 3466 διὰ
577 3411 641 3467 τὸ
679 3412 988 3467 πάνσεπτον
1015 3412 1181 3468 αὑτοῦ
1206 3411 1506 3484 δνομαοκαὶ
1520 3414 1585 3483 τῇ
1616 3412 1811 3484 ὲννάτῃ

230 3504 324 3560 τοῦ
353 3506 732 3580 Φευρουαρίου
762 3504 929 3579 μηνὸς
961 3504 1060 3577 τὴν
1088 3506 1333 3577 κεφαλὴν
1362 3505 1457 3560 τοῦ
1482 3504 1813 3576 Ζαδεσπρὰμ

230 3599 473 3670 ἧνεγκαν
502 3598 598 3653 ἐπὶ
649 3598 827 3671 ἡμῶν.
868 3595 1248 3669 Ἐπιτυχόντες
1294 3597 1387 3651 οὖν
1430 3601 1531 3669 τῆς
1575 3599 1813 3669 δεήσεως

230 3691 415 3761 ἡμῶν,
446 3689 536 3744 διὰ
591 3690 656 3745 τὸ
695 3690 931 3746 ἕκαστον
986 3689 1355 3761 ἀναμφίὸολον
1406 3684 1563 3753 εἶναι,
1622 3690 1702 3753 είς
1750 3689 1814 3742 τὸ

239 3784 557 3839 πάνσεπτον
583 3783 751 3839 αὐτοῦ
778 3784 951 3855 ὄνομα
968 3785 1157 3838 τοῦτον
1174 3782 1269 3839 τὸν
1301 3782 1533 3853 σταυρὸν
1557 3783 1650 3837 τὸν
1682 3783 1814 3852 παρ’

227 3875 392 3946 ἡμῶν
413 3878 724 3947 γενόμενον,
752 3877 890 3948 μετὰ
912 3877 1009 3931 τοῦ
1027 3877 1372 3947 πεμφθέντος
1403 3875 1638 3947 σταυροῦ
1665 3875 1815 3947 παρὰ

240 3966 626 4022 Ἰουστινιανοῦ
677 3966 948 4040 βασιλέως
985 3970 1276 4041 Ῥωμαίων
1307 3970 1390 4033 είς
1429 3968 1520 4023 τὸν
1542 3964 1690 4023 οἶκον
1721 3971 1818 4022 αὐ·-

226 4058 351 4125 τοῦ,
385 4058 589 4133 καὶτῷ
628 4059 810 4135 καιρῷ
842 4064 945 4132 τῆς
978 4061 1206 4133 ἀμιξίας
1255 4060 1365 4116 τῶν
1394 4062 1488 4117 δύο
1532 4062 1816 4116 πολιτειῶν

228 4153 551 4224 ἐνεχθέντος
582 4154 823 4211 ἐνταῦθα
873 4156 1028 4227 παρὰ
1062 4154 1305 4227 Χοσρόου
1346 4156 1610 4225 βασιλέως
1660 4155 1817 4226 βασι-

227 4245 394 4312 λέων,
430 4246 549 4301 υίοῦ
580 4247 860 4315 Καὸἀδου,
897 4247 994 4302 τοῦ
1020 4249 1295 4322 ἡμετέρου
1326 4250 1555 4322 πατρὸς,
1584 4250 1678 4303 καὶ
1721 4249 1814 4303 εὑ-

236 4339 496 4411 ρεθέντος
524 4342 583 4394 ὲν
611 4342 726 4405 τοῖς
758 4341 1072 4414 ἡμετέροις,
1123 4341 1452 4413 ἐπέμψαμεν
1491 4343 1548 4396 ὲν
1576 4341 1654 4413 τῷ
1681 4342 1816 4413 οῐκῳ

229 4430 331 4483 τοῦ
360 4431 519 4499 ἁγίου
546 4433 863 4487 πανσέπτου
918 4432 1170 4504 Σεργίου.
1206 4435 1317 4488 Καὶ
1346 4435 1574 4499 τούτους
1619 4434 1815 4508 γνώμῃ

229 4525 547 4595 Μαυρικίου
582 4523 848 4597 βασιλέως
876 4526 1179 4599 Γρηγόριος
1204 4528 1389 4583 λαϐὼν
1427 4528 1567 4599 μετὰ
1612 4529 1814 4598 πολλῆς

231 4620 470 4687 πομπῆς
498 4619 557 4683 ἐς
587 4619 679 4673 τὸν
694 4613 1002 4692 ἱερὺνεοῐκον
1018 4619 1113 4673 τοῦ
1145 4620 1418 4693 μάρτυρος
1444 4620 1814 4679 ἀνατέθεικεν.

233 4715 315 4764 υὺ
350 4711 491 4781 μετὰ
516 4713 651 4767 πολὺ
679 4713 737 4767 δὲ
768 4714 864 4767 καὶ
891 4714 1057 4785 ἕτερα
1077 4712 1331 4784 πέπομφε
1354 4714 1504 4784 δῶρα
1528 4714 1816 4785 όΧοσρὸης

230 4802 344 4853 ἀνὰ
389 4800 480 4852 τὸν
511 4800 673 4855 αὑτὸν
707 4802 852 4872 ἱερὸν
884 4802 1044 4864 νεὼν,
1080 4803 1390 4875 ἐπιγράψας
1416 4804 1510 4857 ἐπὶ
1537 4804 1722 4857 δίσκου
1752 4807 1818 4859 ὲκ

232 4890 444 4962 χρυσοῦ
492 4895 886 4964 πεποιημένου,
927 4893 1191 4966 Ἑλληνίδι
1236 4899 1388 4968 φωνῇ
1438 4896 1632 4950 ταῦτα’
1675 4897 1818 4967 Ἐγὼ

233 4985 488 5057 Χοςρὸης
539 4986 796 5058 βασιλεὺς
845 4987 1111 5059 βασιλέων
1139 4988 1255 5054 υἱὸς
1292 4989 1607 5062 Ὀρμίσδου,
1641 4992 1711 5047 τὰ
1758 4992 1819 5047 ὲν

306 5141 339 5182 ιι
372 5140 496 5199 Lib.
529 5159 605 5210 Iv,
638 5158 689 5199 c.
721 5144 811 5201 28.

1911 3339 2006 3384 aut
2054 3336 2202 3383 certe
2247 3327 2436 3382 vivum
2486 3325 2793 3395 cepissent,
2845 3337 2947 3377 nos
2988 3335 3209 3377 crucem
3266 3333 3493 3373 auream

1910 3423 2111 3493 lapillis
2150 3421 2464 3476 distinctam
2490 3418 2556 3473 ad
2586 3420 2705 3489 ejus
2734 3416 2907 3471 aedem
2940 3414 3208 3469 missuros
3239 3427 3383 3475 esse,
3418 3410 3492 3464 ob

1912 3515 2285 3572 venerandum
2324 3514 2444 3585 ejus
2474 3528 2698 3572 nomen.
2744 3510 2903 3565 Nono
2948 3516 3131 3562 autem
3163 3505 3253 3560 die
3287 3502 3497 3558 mensis

1913 3608 2195 3665 Februarii
2221 3608 2437 3677 equites
2477 3605 2650 3659 nostri
2680 3612 2848 3672 caput
2885 3601 3133 3673 ejusdem
3159 3598 3495 3666 Zadespram

1911 3705 2111 3795 ad‘nos
2140 3700 2465 3756 attulerunt.
2484 3697 2607 3753 Voti
2650 3696 2818 3767 igitur
2841 3694 3017 3749 nostri
3036 3700 3316 3761 compotes
3342 3688 3495 3752 facti,

1911 3774 2021 3865 qu‘o
2054 3808 2142 3848 res
2168 3789 2457 3846 manifesta
2477 3787 2736 3842 omnibus
2764 3785 2877 3849 fiat,
2905 3798 3009 3837 nec
3036 3781 3182 3835 ullus
3204 3774 3494 3833 dubitandi

1912 3886 2068 3942 locus
2100 3885 2467 3953 relinquatur,
2508 3879 2563 3933 in
2598 3873 3074 3933 venerandissimo
3108 3872 3229 3943 ejus
3269 3868 3496 3923 nomine

1913 3994 2135 4034 crucem
2159 3977 2303 4030 hanc
2333 3990 2363 4029 a
2394 3972 2556 4029 nobis
2584 3972 2804 4036 factam,
2832 3984 2939 4023 una
2971 3982 3097 4021 eum
3126 3980 3189 4018 ea
3215 3978 3336 4034 qum
3364 3962 3497 4015 olim

1913 4074 1982 4129 ab
2012 4074 2345 4142 imperatore
2373 4069 2745 4123 Romanorum
2778 4062 3092 4119 Justiniano
3137 4058 3204 4113 ad
3246 4055 3495 4127 ejusdem

1914 4166 2088 4237 Sergii
2139 4165 2311 4220 aedem
2354 4160 2521 4216 missa
2562 4168 2689 4214 est:
2727 4165 2919 4227 postea
2970 4169 3104 4209 vero
3157 4150 3303 4205 bello
3351 4149 3499 4203 inter

1914 4256 2052 4311 duas
2081 4254 2426 4325 respublicas
2478 4257 2670 4305 exorto
2717 4265 2747 4303 a
2791 4246 3034 4303 Chosroe
3083 4240 3323 4298 Cabadis
3362 4238 3494 4303 filio,

1914 4357 2069 4417 patre
2113 4355 2303 4400 nostro
2360 4343 2470 4397 huc
2508 4341 2702 4406 allata,
2758 4346 2814 4392 et
2858 4334 2915 4389 in
2966 4331 3244 4389 thesauris
3290 4329 3499 4383 nostris

1914 4447 2132 4507 reperta
2154 4446 2259 4502 est,
2284 4434 2534 4490 misimus
2561 4432 2618 4485 in
2644 4429 2817 4486 aedem
2837 4423 3293 4483 venerandissimi
3322 4420 3499 4475 sancti

1918 4528 2115 4599 Sergii.
2167 4528 2276 4583 Has
2317 4542 2512 4582 cruces
2553 4523 2850 4595 Gregorius
2898 4537 3010 4576 non
3057 4521 3177 4575 sine
3225 4531 3497 4572 consensu

1921 4621 2274 4692 imperatoris
2307 4618 2554 4673 Mauricii
2592 4633 2717 4671 eum
2766 4614 3089 4684 accepisset,
3134 4627 3258 4668 cum
3292 4608 3500 4681 ingenti

1921 4729 2122 4786 pompa
2166 4713 2222 4767 in
2266 4711 2499 4767 ecclesia
2544 4708 2721 4763 sancti
2756 4705 3010 4778 martyris
3047 4702 3342 4760 dedicavit.
3390 4699 3503 4755 Nec

1924 4805 2098 4860 multo
2139 4810 2263 4874 post
2304 4802 2449 4856 idem
2487 4800 2763 4855 Cbosrocs
2802 4797 2909 4852 alia
2951 4810 3174 4866 quoque
3239 4793 3383 4847 dona
3431 4791 3502 4845 ad

1923 4896 2175 4953 eamdem
2222 4893 2512 4949 ecclesiam
2561 4890 2747 4955 misit,
2796 4897 2853 4944 et
2894 4888 2950 4942 in
2995 4901 3166 4941 aureo
3201 4884 3354 4939 disco
3388 4883 3505 4937 hzec

1923 4992 2115 5049 Graeco
2145 5005 2404 5048 sermone
2430 4988 2598 5062 jussit
2628 4983 2893 5043 inscribi:
2924 4982 3039 5053 Ego
3105 4978 3380 5035 Cbosrocs
3411 4993 3506 5031 rex

1437 5259 1705 5316 VALESII
1735 5259 2295 5318 ANNOTATIONLS.

232 5373 387 5453 citur
434 5386 467 5426 a
490 5371 802 5454 Nicephoro
828 5374 889 5454 in
912 5388 1032 5444 cap.
1057 5374 1153 5454 25,
1179 5372 1279 5454 lib_.
1322 5389 1471 5454 xviii,
1507 5373 1602 5454 ubi
1643 5375 1814 5454 vitam

232 5444 900 5524 ejusacnmartyriumet
921 5451 1223 5524 res__gestas
1250 5444 1493 5524 breviter
1524 5446 1810 5524 describit,

233 5513 387 5595 sicut
406 5528 437 5568 a
464 5510 745 5595 Stephano
765 5510 1174 5595 Hierapolitano
1193 5516 1476 5595 episcopo,
1497 5517 1591 5587 qui
1611 5515 1813 5595 librum

234 5582 308 5665 de
339 5584 461 5665 ejus
502 5583 626 5639 Vita
665 5582 1017 5665 conscripsit,
1046 5582 1356 5656 acceperat.
1388 5582 1473 5665 E_x
1505 5582 1617 5656 quo
1648 5587 1817 5665 etiam

234 5653 530 5728 discimus,
548 5669 737 5728 quam
763 5656 836 5711 ob
858 5653 1110 5728 feausam
1149 5653 1357 5728 martyr
1398 5653 1819 5728 vivehsappel-

234 5723 389 5805 letur
428 5724 499 5779 ab
546 5723 801 5805 Evagrio.
857 5726 995 5805 Nam
1050 5737 1174 5805 post
1204 5723 1529 5805 martyrium
1584 5723 1818 5805 diu-su-

236 5802 456 5920 Eerstes
512 5794 687 5862 vixit,
715 5794 1177 5878 quemadmodum
1215 5794 1413 5853 scribit
1452 5798 1819 5869 Nicephorus.

290 5881 379 5920 Ius
399 5865 546 5920 diem
581 5869 817 5920 natalem
847 5868 1019 5920 Graec:
1046 5868 1331 5920 celebrant
1351 5868 1647 5920 undecimo
1666 5870 1819 5920 Julii.

281 5866 379 5936 jus
399 5865 546 5922 diem
581 5865 817 5924 natalem
847 5868 1019 5925 Grmci
1046 5868 1331 5926 celebrant
1351 5865 1647 5927 undecimo
1666 5870 1820 5938 Julii,

1923 5384 1987 5430 ut
2012 5374 2216 5445 legitur
2246 5373 2329 5445 in,
2346 5370 2684 5445 Μετιιῄοῃὶο.⁸
2710 5369 2973 5445 Ejusdem
3016 5362 3509 5445 sancttemulieris

1921 5434 2260 5501 mentionem
2307 5444 2440 5501 facit
2479 5434 3169 5514 Theophyl'aetus‘incap.
3221 5436 3288 5492 12
3448 5449 3503 5485 v.

1991 5516 2104 5597 (ρθ)
2126 5514 2506 5597 ΔΖᾳρεσπμξιμ
2517 5504 2670 5583 μετᾶ
2693 5504 2987 5597 ’ῥηντρατοιξἶ
3012 5510 3072 5564 In
3098 5504 3241 5597 libro
3260 5524 3302 5597 v‘
3323 5504 3367 5597 '1;
3374 5506 3507 5558 beo-

1913 5574 2161 5658 ptha'cti
2199 5574 2658 5666 Simocattie'cap.
2687 5574 3085 5661 i5,'scribitu_r,
3117 5579 3207 5633 διὰ
3252 5578 3312 5657 τέ)
3344 5574 3503 5646 ἔρχε-

1916 5658 2041 5712 σθαι
2067 5658 2159 5710 τὸν
2183 5658 2422 5726 δυστυχη
2449 5653 2840 5726 Ζαδεσπράτην
2864 5654 2929 5706 ἐκ
2952 5669 3048 5704 του
3078 5665 3331 5721 στρατου,
3365 5657 3503 5709 etc.,

1920 5728 2069 5799 quod
2109 5728 2286 5797 magis
2322 5728 2516 5799 probo.

1990 5799 2103 5869 (50)
2148 5788 2260 5852 Kal
2291 5788 2680 5865 κὶιταρῤώξαι.
2715 5794 2872 5866 Apud
2911 5794 2951 5849 Τ
2958 5792 3386 5865 licopbylactum
3425 5788 3522 5865 ιον,

1921 5872 2069 5940 gitur
2114 5869 2434 5939 και-ταράξαι.
