4018 6512
223 426 377 490 2377

1158 436 1541 497 IIISTORI/E
1580 434 2168 496 ECCLESIASTIC/E
2208 433 2436 496 LIBER
2476 420 2575 498 νί.

3365 427 3508 492 2878

229 543 457 613 χρυσᾶ’
492 543 587 595 καὶ
617 543 924 614 ἀμφίθυρον
958 546 1214 599 Οὺννικὸν
1244 547 1358 618 (54)
1395 549 1812 619 κεκοσμημένον

1934 564 2065 602 aero
2114 548 2277 603 altari
2331 548 2624 619 deligatur,
2655 555 2712 601 et
2750 545 3099 601 tlturibulum
3138 562 3151 597 :
3190 551 3390 597 cuncta
3436 559 3505 597 ex

228 637 477 709 χρυσίῳ,
510 637 607 691 καὶ
643 636 713 691 τὰ
746 637 1090 707 ἀπομένοντα
1116 638 1213 709 τῆς
1273 641 1441 711 τιμῆς
1496 640 1817 712 μιλιαρήσια

223 726 387 783 εἶναι
442 730 536 783 τοῦ
565 730 724 799 ἁγίου
780 748 875 783 σου
901 732 1073 794 οίκου,
1107 731 1196 787 ἵνα
1227 732 1317 785 διὰ
1345 734 1444 804 τῆς
1469 733 1640 804 τύχης
1698 751 1818 800 σου,

224 822 393 888 ἇγιε,
413 824 494 886 είς
519 824 716 887 πάντα,
746 822 1041 895 ἐξαιρέτως
1071 823 1128 878 δὲ
1152 826 1232 888 εἰς
1257 825 1357 891 τὴν
1375 826 1592 896 αῐτησιν
1618 826 1822 898 ταύτην

224 913 410 989 ἔλθῃς
444 916 522 979 είς
543 916 643 988 τὴν
670 916 923 986 βοήθειάν
951 934 1054 987 μου
1092 918 1189 971 καὶ
1220 918 1410 989 Σιρῆς,
1440 922 1535 972 καὶ
1555 918 1584 971 ὃ
1614 918 1703 972 διὰ
1724 920 1824 991 τῆς

224 1006 348 1076 σῆς
382 1007 679 1079 πρεσϐείας
707 1008 930 1078 γέγονεν
960 1012 1113 1082 ἡμῖν,
1153 1009 1232 1082 τῷ
1258 1008 1399 1064 ἐλέει
1426 1008 1528 1080 τῆς
1555 1011 1656 1079 σῆς
1682 1011 1823 1078 ἀγα-

223 1098 495 1169 θότητος,
527 1099 621 1153 καὶ
648 1100 726 1171 τῷ
754 1098 1022 1172 θελήματι
1058 1119 1161 1173 μου
1192 1103 1287 1156 καὶ
1326 1102 1492 1174 Σιρῆς
1515 1103 1597 1166 είς
1620 1101 1825 1155 τέλειον

221 1189 487 1262 προέλθῃ
510 1206 526 1220 ·
580 1190 668 1244 ἵνα
703 1190 860 1259 κάγὼ
894 1192 989 1245 καὶ
1021 1192 1154 1263 Σιρὴ
1202 1192 1299 1246 καί⁸
1337 1192 1543 1255 πάντες
1577 1192 1626 1245 οἱ
1663 1193 1722 1244 ὲν
1745 1190 1824 1262 τῷ

221 1283 458 1353 κόσμῳ,
490 1284 570 1348 είς
622 1282 721 1357 τὴν
777 1286 878 1356 σὴν
908 1285 1138 1357 δύναμιν
1166 1285 1499 1355 ὲλπίζωμεν,
1530 1287 1623 1339 καὶ
1652 1287 1734 1350 είς
1762 1285 1824 1339 σὲ

220 1374 323 1427 ἔτι
366 1376 738 1444 πιστεύωμεν.
771 1377 957 1439 Ταῦτα
989 1379 1056 1432 τὰ
1090 1380 1241 1449 παρά
1268 1378 1509 1451 Χοσρόου
1541 1378 1826 1448 ἀναθήμα-

221 1483 307 1518 τα
350 1466 521 1533 λέγει,
553 1466 707 1522 οὐδὲν
754 1468 855 1537 τῆς
894 1469 1125 1540 Βαλαὰμ
1163 1469 1503 1541 προφητείας
1527 1469 1823 1541 ἀπᾴδοντα,

220 1551 336 1605 τοῦ
386 1554 767 1626 φιλανθρώπου
802 1557 938 1611 θεοῦ
962 1559 1150 1627 σαφῶς
1194 1560 1671 1630 οίκονομήσαντος,
1707 1558 1825 1612 Ἐλ-

222 1644 421 1713 λήνων
452 1646 700 1716 γλώσσας
731 1650 976 1721 σωτήρια
1012 1650 1345 1721 φθέγξασθαι
1374 1652 1618 1721 ῥήματα.

1918 655 2072 694 auro.
2109 639 2302 694 Velum
2336 647 2601 709 praaterea
2637 636 2950 691 llunnicum
2983 650 3121 689 auro
3153 641 3502 687 exornatum.

1917 730 2082 803 470
2112 730 2215 797 Qui
2249 747 2380 786 vero
2401 745 2467 786 ex
2500 728 2821 800 supradicto
2849 726 3030 797 pretio
3059 724 3259 795 reliqui
3297 724 3507 778 fuerint

1920 824 2309 886 milliarenses,
2356 838 2453 878 eos
2494 822 2563 877 ad
2597 837 2809 877 sacram
2846 820 3019 876 aedem
3054 827 3205 873 tuam
3250 817 3508 872 volumus

1922 916 2200 986 pertinere
2224 933 2239 970 :
2269 927 2329 971 ut
2354 932 2452 986 per
2474 916 2695 986 genium
2723 923 2905 978 tuum,
2935 913 3023 967 vir
3050 921 3259 972 sancte,
3289 908 3507 965 cunctis

1926 1010 1983 1064 in
2032 1010 2221 1076 rebus,
2255 1009 2352 1064 sed
2387 1009 2658 1079 praecipue
2704 1008 2760 1062 in
2802 1008 2908 1063 hac
2951 1005 3221 1076 petitione
3272 1003 3405 1061 mihi
3449 1010 3508 1057 et

1927 1100 2062 1157 Sirae
2097 1102 2363 1155 auxilium
2412 1101 2593 1166 feras;
2641 1109 2698 1155 et
2744 1098 2891 1170 quod
2951 1096 3350 1153 intercessione
3411 1102 3508 1150 tua

1925 1193 2089 1248 nobis
2111 1192 2361 1264 contigit,
2394 1192 2448 1246 id
2477 1191 2857 1247 misericordia
2890 1188 3251 1261 benignitatis
3278 1198 3406 1252 tute,
3437 1202 3507 1240 ex

1926 1285 2218 1355 utriusque
2250 1295 2500 1340 nostrum
2530 1283 2803 1339 sententia
2834 1282 2903 1337 ad
2945 1282 3342 1353 perfectionem
3383 1294 3509 1348 per-

1925 1378 2131 1432 veniat.
2168 1376 2286 1444 Quo
2318 1377 2528 1431 scilicet
2556 1392 2658 1448 ego
2694 1384 2750 1431 et
2785 1376 2929 1441 Sira,
2965 1374 3264 1444 cunctique
3295 1379 3507 1427 morta-

1926 1470 2029 1534 les,
2059 1470 2112 1523 in
2158 1469 2404 1539 potentia
2440 1480 2532 1523 tua
2565 1484 2718 1539 spem
2752 1484 2815 1524 ac
2850 1467 3106 1523 fiduciam
3149 1466 3505 1529 collocemus,

1924 1570 2092 1632 atque
2122 1561 2176 1615 in
2207 1570 2261 1617 te
2290 1562 2606 1617 credamus.
2641 1562 2765 1615 Haec
2796 1568 2924 1617 sunt
2954 1575 3076 1629 quae
3109 1559 3166 1612 in
3197 1555 3445 1612 donariis
3474 1570 3506 1609 a

1928 1652 2173 1708 Chosroe
2224 1653 2563 1708 transmissis
2579 1652 3029 1716 continebantur,
3054 1668 3085 1706 ιι
3106 1650 3339 1705 Balaami
3363 1664 3503 1718 pra»

220 1738 488 1794 dictione
509 1740 647 1796 nihil
672 1741 1059 1813 discrepantia.
1118 1743 1364 1815 Benigno
1428 1744 1642 1801 scilicet
1679 1745 1790 1801 Deo
1817 1744 1893 1801 ita
1921 1761 2011 1802 res
2035 1761 2161 1802 cum
2183 1761 2396 1803 summa
2418 1745 2710 1811 prudentia
2733 1746 3111 1817 dispensante,
3134 1753 3195 1800 ut
3219 1742 3507 1815 gentilium

223 1838 445 1910 linguae
471 1838 732 1895 salutaria
770 1839 1046 1896 interdum
1073 1840 1356 1910 proferant
1386 1841 1577 1898 verba.

818 1934 1072 1988 ΚΕΦΑΛ.
1106 1933 1236 1989 KB'.

522 2024 661 2094 Περὶ
701 2024 1025 2095 Νααμάνου
1051 2024 1157 2080 τοῦ
1184 2026 1564 2095 Σαρακηνοῦ.

310 2116 450 2169 Τότε
483 2118 578 2170 καὶ
601 2117 904 2187 Νααμάνης
927 2115 1036 2170 τῶν
1063 2116 1276 2189 ἐχθρῶν
1303 2117 1598 2188 Σκηνητῶν
1624 2116 1829 2188 φύλαρ-

230 2225 359 2277 χος,
392 2208 672 2277 ἐξάγιστος
694 2208 786 2261 καὶ
814 2208 1137 2281 παμμίαρος
1164 2208 1389 2279 Ἕλλην,
1406 2209 1482 2271 ὡς
1508 2209 1604 2264 καὶ
1618 2208 1831 2279 ἀνθρώ-

232 2318 384 2364 πους
411 2302 689 2374 αὐτοχειρὶ
735 2302 1064 2371 σφαγιάζειν
1114 2303 1230 2365 τοῖς
1289 2302 1459 2356 αὑτοῦ
1507 2301 1827 2372 δαιμονίοις,

230 2394 322 2465 τῷ
356 2395 500 2465 ἁγίῳ
528 2395 805 2467 προσῆλθε
835 2395 1199 2467 βαπτίσματι,
1230 2395 1323 2450 τὸν
1344 2395 1511 2460 ὅντως
1536 2396 1667 2465 ὓλην
1698 2414 1829 2466 χρυ-

235 2490 347 2561 σῆν
384 2489 708 2560 Ἀφροδίτην
752 2490 886 2561 πυρὶ
932 2486 1123 2559 τήξας,
1160 2491 1255 2543 καὶ
1308 2492 1541 2561 πτωχοῖς
1593 2489 1827 2553 διαδοὺς,

234 2583 340 2636 καὶ
374 2584 587 2645 πάντας
615 2583 743 2645 τοὺς
773 2581 909 2651 ἀμφ’
939 2581 1106 2635 αὐτὸν
1152 2581 1232 2653 τῷ
1284 2580 1402 2651 Θεῷ
1436 2579 1826 2653 προσαγαγών.

251 2672 317 2726 ὐ
347 2672 407 2726 δέ
428 2688 492 2741 γε
536 2672 838 2743 Γρηγόριος
872 2671 1104 2743 νεύμασι
1131 2672 1234 2744 τῆς
1286 2672 1566 2743 βασιλείας
1596 2676 1734 2745 μετά
1767 2673 1829 2726 τὸ

241 2761 433 2815 δοῦναι
459 2762 589 2826 τοὺς
617 2762 859 2833 Χοσρόου
895 2765 1184 2835 σταυροὺς,
1213 2760 1313 2826 τὰς
1344 2765 1697 2835 πανερήμους
1717 2764 1827 2817 τῶν

244 2853 557 2922 λεγομένων
579 2854 840 2924 Λιμητῶν
883 2854 1242 2925 περινοστῶν,
1278 2856 1335 2909 ὲν
1364 2849 1446 2919 οἷς
1481 2856 1716 2927 μάλιστα
1755 2857 1827 2912 τά

241 2945 491 3015 Σευήρου
539 2946 809 3016 δόγματα,
850 2946 944 3000 καὶ
987 2947 1158 3001 πολλά
1203 2948 1443 3019 φρούρια
1476 2948 1580 3018 (ιι),
1608 2950 1703 3003 καὶ
1735 2949 1827 3002 κό-

1850 1935 1902 1998 Β

2534 1928 2686 1987 CAP.
2720 1928 2887 1985 XXII.

2350 2023 2427 2078 De
2462 2024 2747 2079 Naamane
2793 2023 3082 2079 Saracena.

1996 2116 2102 2172 Per
2132 2116 2275 2171 idem
2316 2125 2565 2186 tempus,
2613 2117 2920 2170 Naamanes
2947 2130 3169 2185 quoque
3201 2115 3508 2171 Saraceno-

1926 2225 2049 2265 rum
2081 2209 2324 2265 hostium
2353 2192 2682 2263 l’hilarcbus
2706 2249 2720 2273 ,
2757 2209 3059 2263 sceleratus
3097 2217 3264 2280 atque
3296 2210 3510 2265 abomi-

1927 2303 2144 2359 nandus
2172 2301 2395 2373 gentilis
2421 2343 2436 2367 ,
2473 2301 2613 2355 adeo
2637 2310 2698 2357 ut
2733 2302 2983 2357 homines
3011 2318 3109 2357 sua
3142 2303 3317 2373 ipsius
3343 2319 3508 2358 manu

1925 2394 2036 2449 diis
2064 2393 2181 2449 suis
2200 2393 2533 2457 immolaret,
2562 2392 2631 2447 ad
2657 2408 2873 2447 sacrum
2898 2392 3230 2462 baptismum
3253 2394 3509 2460 accessit,

1924 2495 1982 2541 et
2020 2502 2151 2541 vere
2178 2500 2398 2539 auream
2432 2485 2701 2540 Venerem
2728 2524 2743 2548 ,
2792 2484 2996 2554 quippe
3025 2500 3147 2554 qua:
3178 2485 3317 2540 nihil
3358 2485 3510 2541 aliud
3594 2478 3596 2481 ’

1923 2587 2071 2634 esset
2090 2594 2253 2648 quam
2280 2577 2400 2632 auri
2424 2592 2622 2642 massa,
2648 2578 2773 2647 igne
2794 2577 3144 2647 liquefactam
3174 2579 3516 2649 pauperibus

1925 2671 2246 2737 distribuit,
2281 2680 2339 2725 et
2372 2679 2602 2724 cunctos
2634 2669 2729 2739 qui
2761 2684 2887 2724 cum
2924 2669 3043 2739 ipso
3087 2678 3276 2735 erant,
3309 2671 3378 2725 ad
3414 2671 3511 2726 Dei

1930 2763 2139 2819 cultum
2176 2762 2436 2817 traduxit.
2471 2764 2542 2816 At
2589 2761 2910 2832 Gregorius,
2955 2769 3247 2832 postquam
3281 2762 3513 2819 donaria

1930 2871 1963 2910 a
2005 2854 2250 2910 Cbosroe
2296 2855 2464 2910 missa
2492 2854 2834 2915 dedicasset,
2865 2854 3217 2924 imperatoris
3239 2856 3512 2926 permissu

1930 2948 2283 3005 solitudinem
2302 2948 2565 3005 Limitum
2588 2961 2910 3019 peragrans,
2928 2947 3025 3002 ubi
3048 2946 3239 3003 Severi
3258 2948 3515 3020 dogmata

1454 3065 1724 3122 VALESll
1766 3065 2329 3124 ANNOTATIONES.

317 3159 435 3228 (54)
474 3158 581 3212 Kal
612 3158 950 3233 ᾀμφζῼ-ιιρογ
1000 3162 1278 3215 Οὺνικόν.
1317 3161 1651 3231 Interpretes
1690 3163 1832 3218 hunc

1941 3163 2350 3218 διαστέλλεσθαι
2388 3163 2480 3217 τὸν
2508 3161 2739 3233 οὐρανὸν
2777 3159 3008 3233 ἄνῳθεν,
3038 3168 3143 3216 etc.
3174 3159 3232 3233 id
3268 3170 3372 3233 est,
3425 3160 3512 3218 Ita

241 3230 432 3285 locum
480 3245 588 3283 non
639 3230 997 3294 intellexisse,
1051 3246 1118 3285 ex
1166 3247 1357 3285 eorum
1392 3230 1647 3288 versione
1694 3235 1830 3289 satis

244 3308 498 3371 apparet.
526 3300 617 3353 Sic
638 3301 786 3354 enim
810 3302 973 3355 ambo
1000 3311 1307 3366 verterunt,
1338 3312 1394 3357 et
1416 3304 1631 3356 unicum
1656 3306 1831 3357 utrin-

247 3389 347 3445 gue
386 3379 650 3445 apertum.
706 3371 787 3445 lta
818 3388 1037 3441 quoque
1090 3372 1337 3427 Raderus
1385 3374 1479 3443 qui
1541 3374 1833 3445 Theopliy-

246 3440 451 3497 laetum
503 3440 698 3495 Latine
760 3440 1156 3510 interpretatus
1192 3451 1298 3505 est,
1355 3440 1459 3498 nisi
1493 3444 1640 3510 quod
1680 3440 1832 3498 Hun-

236 3515 425 3585 .nicum
450 3511 657 3585 _habet,
690 3521 747 3567 ut
792 3513 992 3585 legitur
1021 3516 1075 3566 in
1100 3512 1288 3567 Cra-co
1318 3511 1710 3585 Tlteophylacti
1741 3532 1834 3570 co-

252 3584 398 3637 dice.
450 3581 672 3651 Langus
717 3594 903 3637 autem
957 3584 1232 3653 interpres
1287 3581 1587 3653 Nicephori
1638 3602 1832 3641 vocem

250 3654 762 3725 Graecamﬁretinuit
791 3654 894 3707 hoc
927 3655 1111 3708 modo.
1142 3655 1211 3708 Et
1244 3657 1635 3725 amphithyrum
1681 3656 1833 3711 [Iun-

254 3725 457 3796 nicum.
491 3724 559 3777 Et
588 3724 837 3793 subjecto
861 3725 1072 3779 scholio
1101 3724 1455 3796 hancivo’cem
1488 3736 1561 3781 ita
1584 3729 1829 3796 exponit.

251 3793 461 3848 Iudicio
498 3811 609 3847 meo
638 3812 903 3860 carceres,
933 3797 1041 3848 sive
1070 3795 1294 3850 cancelli
1317 3808 1459 3860 sunt,
1482 3793 1833 3853 sacratiorem

254 3882 367 3920 ara:
401 3881 638 3918 mensam
667 3865 746 3919 vel
780 3868 1189 3929 circumdantes,
1236 3866 1316 3921 vel
1356 3868 1610 3937 populum
1648 3869 1712 3922 ab
1771 3886 1834 3923 ea

254 3946 495 4008 arcentes
521 3952 537 3989 :
569 3937 625 3988 in
649 3953 873 4006 quorum
894 3946 1047 4005 parte
1076 3945 1302 4008 utraque
1322 3939 1500 4008 janua
1526 3942 1615 4003 sit,
1639 3947 1689 3992 et
1714 3940 1834 3994 adi-

257 4015 343 4079 tus
395 4007 621 4079 adeam
655 4010 832 4079 ferens
870 4008 1043 4079 operis
1088 4006 1337 4062 Hunnici.
1389 4009 1495 4065 Sed
1544 4025 1678 4079 pace
1730 4010 1834 4064 viri

257 4024 343 4058 ιιιδ
397 4024 465 4059 αα
503 4024 621 4058 eam
655 4024 832 4076 icrens
870 4024 1043 4130 egeris
1088 4024 1337 4062 uunmci.
1389 4024 1495 4065 bed
1544 4025 1678 4079 pace
1730 4027 1834 4064 vm

256 4076 408 4129 docti
440 4076 646 4130 dictum
693 4076 785 4149 sit,
828 4092 898 4149 vo
941 4078 986 4131 is
1021 4078 1186 4148 hujus
1217 4079 1673 4149 signiﬁcationem
1721 4097 1834 4135 non

256 4157 358 4221 est
370 4156 681 4221 assecutus.
726 4146 900 4221 Graeci
932 4146 1218 4221 apcPlO'upa
1264 4146 1537 4205 vocabant
1566 4150 1684 4205 vela
1734 4167 1835 4221 pro

258 4217 472 4273 foribus
494 4216 807 4288 pendentia.
834 4218 915 4272 lta
942 4216 1364 4288 Chrysostomus
1407 4222 1464 4276 in
1499 4216 1835 4277 homilia'84

259 4288 317 4344 in
359 4288 698 4361 Matthmum,
742 4288 815 4361 de
862 4288 1133 4361 Zacchteo
1154 4292 1385 4361 loquens
1414 4291 1507 4361 qui
1542 4293 1834 4347 Dominum

259 4358 522 4433 convivio
564 4359 782 4433 excepit
820 4360 988 4433 :i'Ojce
1025 4358 1249 4433 ἔμελλεν
1281 4364 1361 4425 εἰς
1408 4358 1577 4433 αὐτὴν
1606 4363 1834 4416 είσιέναι

257 4431 307 4502 δέ
333 4428 589 4502 Χριστὸς,
650 4429 768 4502 πῶς
812 4430 984 4501 αὐτὴν
1029 4428 1303 4502 ἐκόσμησε
1352 4428 1557 4495 ἐκεῖνος
1589 4435 1699 4498 ςυύ
1727 4437 1798 4502 γά

260 4500 464 4587 ἔδραμε
500 4500 638 4570 πρὸς
667 4501 828 4587 nolite“
854 4500 1123 4587 γείτρνας,
1164 4500 1467 4574 ήὰμφίθυρα
1520 4504 1689 4587 altth
1740 4500 1835 4587 καλ
1870 4534 1911 4587 D

261 4571 553 4642 καθέδρας,
596 4570 907 4642 καὶᾼβάθρα
937 4570 996 4635 ἐξ
1025 4570 1314 4637 ἐλέφαντος
1359 4570 1726 4642 πεποιημένα.
1776 4575 1834 4629 ld

260 4650 365 4714 est,
411 4641 649 4695 Zaccluei
684 4640 895 4714 domum
926 4643 1244 4714 cogitatione
1282 4640 1581 4714 ingredere,
1612 4653 1660 4697 et
1710 4663 1838 4699 con-

258 4713 619 4785 sidcra,_cum
660 4711 889 4785 audisset
919 4711 1185 4785 Christum
1216 4714 1272 4767 in
1303 4711 1422 4767 eam
1452 4716 1837 4785 ingressurum,

260 4783 516 4853 quomodo
545 4800 662 4835 eam
692 4784 919 4836 ornavit.
949 4783 1069 4835 Non
1091 4785 1234 4837 enim
1260 4783 1525 4838 curriculo
1552 4786 1620 4838 ad
1646 4789 1840 4840 vicinos

260 4854 546 4914 contendit,
566 4854 705 4914 vela,
729 4854 894 4916 sedes,
915 4853 1165 4908 subsellia
1200 4864 1544 4909 mutuaturus
1590 4857 1841 4911 eburnea.

262 4922 351 4997 _Sic
370 4934 426 4979 et
454 4926 508 4978 in
532 4924 793 4979 Ecclesiis
826 4924 1262 4997 Christianorum
1289 4926 1408 4980 vela
1425 4936 1697 4997 erantpro
1713 4928 1845 4981 lori-

260 4992 386 5067 bus,
438 5005 499 5047 ut
552 5004 784 5067 testatur
831 4996 1033 5064 Epipli.
1078 4996 1133 5048 in
1180 4997 1341 5065 epist.
1377 4992 1614 5066 quadani
1670 5015 1834 5067 quam

260 5064 627 5137 Hieronymus
648 5066 840 5119 Latine
871 5064 1267 5136 interpretatus
1292 5064 1410 5121 est:
1435 5068 1504 5122 Et
1536 5079 1595 5123 ut
1622 5064 1702 5123 ad'
1719 5086 1832 5123 rem

260 5137 488 5206 propius
504 5137 857 5209 accedamus,
893 5138 957 5209 in
978 5137 1096 5206 ipso
1113 5137 1271 5209 altari
1291 5140 1408 5191 vela
1426 5147 1606 5202 erant,
1635 5140 1837 5209 quibus

258 5207 633 5280 fores_altaris
655 5208 771 5280 sive
811 5208 964 5280 chori
997 5208 1344 5277 tegebantur.
1376 5210 1624 5280 Cumque
1652 5207 1835 5265 {sacer-

258 5277 362 5330 dos
398 5277 803 5332 Eucharistiam
856 5278 1101 5332 facturus
1149 5289 1315 5343 esset,
1371 5296 1434 5333 ea
1469 5277 1590 5334 vela
1646 5282 1835 5335 reduci

258 5347 533 5421 solebant,
581 5350 908 5421 utpopulus
952 5365 1107 5421 sacra
1167 5351 1427 5420 mysteria
1478 5368 1507 5406 e
1540 5352 1836 5421 longinquo

259 5419 622 5491 conspiceret.
668 5420 987 5491 lditestatur
1011 5419 1517 5491 ChrysoStomusin
1554 5419 1778 5475 hoinilia
1812 5422 1846 5473 5

259 5489 314 5543 in
336 5490 625 5561 epistolam
647 5490 712 5544 ad
731 5489 1016 5561 Ephesios,
1038 5489 1327 5546 bisverbis
1351 5490 1537 5545 εΟὗτω
1557 5492 1620 5561 δὴ
1639 5492 1735 5546 mi
1762 5494 1847 5545 ἐν·

258 5559 433 5631 capita.
483 5559 861 5631 ἐκφερομένης
915 5562 1016 5625 τῆς
1075 5562 1266 5625 θυσίας
1319 5562 1416 5614 καὶ
1465 5563 1556 5615 τοῦ
1604 5559 1843 5631 Χριστοῦ

259 5630 580 5701 τεθυμένον,
613 5630 741 5683 ὅταν
770 5631 1007 5694 ἀκούοις,
1040 5632 1332 5701 Δεηθῶμεν
1382 5632 1582 5696 πάντες
1624 5633 1841 5699 κοινῶς,

260 5700 388 5756 ὃταν
449 5701 563 5772 ἴδῃς
593 5701 932 5772 ἀνελκόμενα
984 5704 1051 5755 τὰ
1096 5700 1402 5774 ἀμφίϐυρα,
1460 5704 1580 5758 τότε
1622 5705 1843 5775 νόμισον

1941 3237 2261 3306 Ιιὶείᾳιιοᾳιιε
2296 3252 2417 3288 cum
2448 3230 2664 3306 offertur
2690 3231 3035 3300 sacriﬁcium,
3080 3239 3134 3306 et
3165 3230 3401 3306 Christus
3420 3250 3514 3287 sa-

1933 3303 2206 3373 criﬁcatur
2233 3312 2281 3359 et
2311 3307 2418 3359 ovis
2442 3303 2719 3377 Dominica
2734 3318 2756 3377 A:
2777 3313 2990 3377 quando
3008 3303 3272 3377 audieris:
3292 3303 3515 3377 Oremus

1934 3372 2113 3430 omnes
2138 3378 2299 3431 simul
2328 3376 2578 3447 :quando
2603 3372 2795 3447 videris
2810 3372 2986 3427 reduci
3011 3389 3129 3443 qua:
3150 3375 3206 3426 in
3231 3374 3374 3447 ostiis
3392 3389 3517 3429 sunt

1933 3449 2192 3511 cortinas,
2223 3456 2346 3501 tunc
2377 3445 2621 3501 existima
2645 3445 2832 3500 caelum
2875 3460 3100 3513 superne
3139 3445 3357 3514 aperiri,
3385 3454 3499 3499 etc.

1933 3517 2034 3572 Ubi
2056 3518 2213 3572 vides
2231 3533 2425 3572 vocem
2453 3516 2737 3587 ἁμφίθυρα
2759 3514 2900 3587 sumi
2927 3530 3027 3587 pro
3054 3514 3188 3568 velis
3212 3529 3336 3587 qua!
3357 3515 3518 3587 ostiis

1938 3588 2132 3643 altaris
2177 3589 2426 3658 apposita
2485 3585 2676 3641 erant.
2701 3587 2777 3658 De
2817 3585 2908 3658 his
2932 3585 3095 3658 etiam
3124 3585 3276 3658 velis
3309 3586 3516 3658 mentio

1936 3659 1998 3710 lit
2027 3658 2080 3712 in
2106 3654 2291 3714 vetere
2311 3667 2464 3713 carta
2485 3656 2801 3712 donationis
2830 3656 3090 3710 Ecclesia:
3113 3654 3517 3709 Cornutianen-

1934 3728 2032 3793 sis,
2073 3745 2238 3799 quam
2274 3730 2489 3798 primus
2522 3729 2575 3782 in
2606 3726 2998 3799 lucemgedidit
3028 3728 3268 3799 Joannes
3313 3726 3517 3781 Suarc—

1935 3799 2071 3854 sius.
2089 3795 2176 3854 Ὲι
2212 3795 2308 3869 pro
2354 3815 2465 3853 ara:
2497 3815 2593 3852 ora
2632 3795 3142 3869 velagTramoserica
3193 3796 3315 3850 alba
3352 3814 3516 3851 auro-

1934 3868 2088 3924 clava
2118 3870 2176 3933 2,
2211 3867 2327 3923 vela
2347 3870 2547 3923 blattea
2577 3867 2865 3921 auraclava
2895 3868 3350 3937 peragandata‘i,
3380 3876 3514 3930 etc.,

1939 3949 1995 3995 et
2034 3940 2197 4004 infra,
2238 3940 2352 3994 vela
2384 3940 2524 3993 linea
2573 3938 2947 4008 paragaudata
2993 3938 3208 3991 Persica
3238 3936 3518 3992 clavatura

1934 4010 2271 4065 collomelina
2310 4012 2532 4081 prasina
2562 4010 2618 4073 ἓ,
2661 4007 2779 4081 vela
2810 4008 2950 4081 linea
2985 4008 3519 4081 paragiiudatal’er»

1934 4083 2043 4135 sica
2070 4078 2349 4136 clavatar—a
2403 4080 2776 4135 leacorhodina
2830 4079 2951 4132 duo.
3001 4079 3067 4132 Et
3109 4094 3302 4132 rursus
3352 4078 3514 4133 infra.

1935 4153 2071 4206 Item
2101 4164 2226 4206 ante
2254 4154 2428 4223 regias
2451 4149 2695 4223 Basiliam
2718 4150 2832 4223 vela
2864 4149 3001 4223 linea
3027 4148 3285 4223 plumata
3304 4149 3518 4218 majora

1933 4223 2062 4293 ﬁssa
2108 4219 2328 4277 numero
2373 4225 2499 4277 tria.
2544 4221 2683 4275 Item
2718 4220 2836 4273 vela
2871 4219 3012 4273 tinea
3051 4222 3346 4293 pura‘tria,
3394 4228 3521 4274 ante

1936 4290 2308 4349 consistorium
2336 4294 2511 4348 velum
2549 4293 2746 4346 lineam
2776 4307 2970 4355 purum
3004 4307 3187 4345 unum.
3216 4290 3283 4344 In
3313 4307 3519 4361 pronao

1936 4365 2110 4419 velum
2138 4365 2339 4437 lineam
2370 4380 2564 4437 parum
2609 4378 2809 4437 unum;
2854 4371 2903 4415 et
2930 4362 3075 4437 intra
3106 4361 3391 4416 Basilicam
3424 4379 3520 4431 pro

1937 4438 2220 4507 particibus
2250 4431 2380 4491 vela'
2410 4436 2551 4507 linea
2584 4431 2824 4507 rosulata
2864 4448 2974 4486 seat.
3020 4432 3087 4507 Et
3136 4445 3259 4487 ante
3285 4441 3516 4507 secreta-

1928 4503 2081 4560 ~rium
2113 4506 2193 4560 vel
2236 4505 2504 4560 curricula
2549 4504 2666 4558 vela
2717 4503 2858 4574 linea
2896 4503 3136 4558 rosulata
3167 4503 3391 4574 pensilia
3426 4504 3521 4574 ha-

1939 4578 2119 4631 bentia
2141 4594 2295 4631 arcus
2326 4577 2378 4630 2.
2406 4578 2576 4644 Quem
2598 4576 2781 4629 locum
2808 4573 2935 4627 ideo
2959 4573 3235 4644 integrum
3264 4573 3518 4643 ascripsi,

1942 4657 2001 4702 ut
2057 4647 2340 4702 studiosus
2419 4650 2590 4702 lector
2654 4644 2955 4715 intelligat,
3015 4660 3180 4715 quam
3232 4644 3521 4715 multiplex

1939 4719 2071 4773 olim
2123 4717 2293 4772 fuerit
2338 4734 2472 4773 usus
2502 4717 2753 4771 velorum
2790 4713 2858 4769 in'
2880 4713 3132 4771 Ecclesia
3162 4733 3175 4768 :
3206 4724 3262 4769 et
3296 4723 3357 4767 ut
3409 4713 3519 4767 sci-

1942 4804 2130 4844 remus
2177 4788 2309 4856 quid
2341 4797 2492 4844 esset
2537 4788 2593 4841 in
2646 4788 2751 4842 hoc
2789 4784 3006 4856 Evagrii
3037 4788 3161 4840 loco
3204 4784 3519 4856 Hunnicum

1940 4860 2146 4913 velum.
2176 4855 2312 4913 Nam
2352 4869 2412 4913 ut
2456 4859 2682 4913 Persica
2730 4859 2851 4912 vela
2885 4855 3016 4911 olim
3059 4857 3113 4910 iu
3147 4857 3324 4926 pretio
3352 4855 3521 4909 fuisse

1943 4930 2113 4984 doces
2145 4931 2260 4984 haec
2294 4940 2443 4985 earta
2490 4928 2828 4991 donationis,
2874 4928 2953 4982 sic
2998 4926 3247 4980 llunnica
3299 4942 3522 4995 quoque

1940 5001 2059 5054 vela
2118 5001 2394 5070 praecipue
2443 4999 2993 5070 commendabantur.
3034 4998 3225 5070 Porro
3258 4997 3326 5052 de
3366 4997 3523 5070 velis

1942 5068 2181 5125 Persicis
2229 5068 2475 5140 loquitur
2529 5070 2698 5125 etiam
2751 5069 3087 5124 Scholiastes
3134 5068 3523 5137 Aristophanis

1942 5142 2010 5195 ad
2047 5141 2226 5195 (lanas
2257 5160 2270 5195 :
2307 5141 2778 5210 Παραπετάσμασι
2805 5144 2925 5201 ταῖς
2971 5141 3198 5208 σκηναῖς
3240 5142 3354 5201 τοῖς
3384 5140 3525 5210 Περ-

1945 5216 2116 5271 σικοῖς
2167 5209 2371 5282 βήλοις,
2395 5208 2440 5282 ἢ
2489 5208 2825 5282 βηλοθύροις.
2858 5210 3199 5282 Dicebantur
3230 5210 3377 5264 enim
3415 5208 3521 5261 hu-

1937 5282 2179 5352 jusmodi
2224 5281 2349 5336 vela
2396 5281 2701 5352 βηλόθυρα,
2744 5297 2812 5336 eo
2843 5281 2990 5349 quod
3024 5281 3236 5352 foribus
3267 5294 3522 5352 appensa

1942 5348 2148 5416 essent,
2195 5361 2256 5406 ut
2305 5348 2472 5423 supra
2515 5348 2644 5405 dixi.
2682 5348 3027 5423 Quillielmus
3059 5348 3524 5423 Bibliothecarins

1944 5423 2001 5476 in
2034 5423 2154 5477 Vita
2187 5416 2452 5491 Stephani
2489 5423 2651 5478 sexti.
2684 5421 2917 5477 Contulit
2962 5423 3017 5475 in
3063 5422 3245 5491 eadem
3289 5416 3522 5491 Basilica

1942 5489 2304 5563 apostolorum
2337 5495 2601 5547 cortinam
2623 5494 2818 5545 lineam
2840 5509 3025 5555 unam,
3050 5490 3325 5563 veloﬁthyra
3354 5489 3521 5541 serica

1943 5561 2049 5617 tria
2078 5566 2133 5618 in
2168 5567 2390 5619 circuitu
2420 5566 2632 5619 altaris.
2662 5563 2740 5616 Ex
2765 5578 2873 5632 quo
2894 5572 3120 5633 apparet
3153 5561 3448 5633 βηλόθυρον
3468 5568 3526 5616 et

1941 5636 2253 5707 ἀμφίθυρον
2286 5636 2434 5692 idem
2481 5635 2815 5707 signiﬁcare.

1714 5818 2099 5877 νΑιιιοιιυΜ.

329 5910 407 5981 (ιι)
443 5907 545 5963 Ἐν
576 5903 665 5976 οἷς
689 5908 955 5980 μάλιστα
987 5913 1053 5966 ta
1073 5911 1341 5983 Σευιξρου
1366 5913 1628 5986 domum
1660 5915 1719 5949 "
1742 5917 1832 5971 real

1934 5918 2079 5972 αἱ.ῐά
2112 5916 2386 5986 φρούρια.
2431 5914 2648 5972 Excidit
2674 5915 2818 5971 linea
2856 5914 3090 5986 integra,
3127 5919 3185 5967 ut
3216 5910 3451 5969 videtur.
