4018 6524
550 392 698 460 2879

1774 400 2087 463 EVAGRII
2121 400 2608 463 SCHOLASTICI

3689 394 3811 461 2880

554 505 837 578 vigebant,
887 505 956 562 iis
989 505 1045 563 in
1092 507 1229 564 locis
1281 508 1653 567 ecclesiastica
1697 512 1948 582 dogmata
1997 528 2137 583 pra:-

2248 515 2426 584 μαςδθ,
2461 510 2797 584 μοναστήριά
2818 526 2876 561 τε
2911 508 3005 562 καὶ
3034 505 3207 576 φυλὰς
3240 504 3593 574 ὁλοκλήρους
3625 508 3686 575 τῇ
3708 507 3809 561 Ἕκ,

556 596 801 651 dicavit:
831 597 1114 667 multaque
1159 600 1378 654 castella
1408 611 1464 655 et
1500 602 1650 656 vicos
1697 611 1864 672 atque
1896 605 2137 677 integras

559 688 759 755 tribus,
784 699 841 744 et
869 690 1222 755 monasteria,
1252 692 1325 747 ad
1352 693 1653 749 Ecclesiam
1677 694 1778 752 Dei
1814 696 2058 753 adduxit.

1056 805 1215 877 471
1261 807 1412 863 CAP.
1452 808 1643 863 XXIII.

701 894 782 951 De
814 896 961 951 obitu
992 899 1166 953 sancti
1198 897 1477 985 Synwortis
1511 899 1716 973 Stylita:
1743 902 1999 974 junioris.

636 1068 841 1127 Eodem
873 1080 1120 1144 tempore
1151 1090 1278 1130 cum
1310 1076 1607 1147 Gregorius
1635 1086 1886 1134 sanctum
1913 1078 2141 1151 Symeo-

561 1178 691 1220 nem
731 1165 920 1220 lethali
953 1167 1147 1222 morbo
1190 1177 1493 1238 aegrotare,
1547 1186 1636 1226 me
1680 1171 1957 1227 indicante
1993 1172 2142 1228 didi-

561 1257 755 1323 cisset,
786 1257 857 1313 ad
903 1274 1031 1314 eum
1083 1261 1371 1317 confestim
1419 1264 1686 1328 excurrit,
1740 1273 1801 1321 ut
1852 1275 2143 1337 postrema:

565 1350 915 1407 salutationis
949 1351 1190 1409 oiIicium
1230 1354 1282 1410 ei
1314 1354 1622 1412 exhiberet.
1657 1356 1858 1413 Verum
1908 1358 1961 1413 id
1994 1359 2141 1429 quod

563 1442 858 1513 cupiebat,
890 1445 1152 1515 consequi
1196 1462 1307 1500 non
1334 1448 1532 1517 potuit.
1574 1449 1745 1505 Porro
1784 1449 1875 1506 hic
1906 1450 2143 1522 Symeon

566 1545 796 1590 cunctos
825 1534 911 1590 sui
941 1536 1205 1606 temporis
1237 1540 1496 1594 mortales
1514 1539 1715 1597 virtute
1737 1542 1900 1613 longe
1923 1557 2148 1610 supera-

567 1630 666 1685 vit.
702 1630 916 1702 Quippe
946 1648 978 1689 a
1016 1634 1223 1689 teneris
1270 1636 1583 1706 unguiculis
1621 1652 1876 1708 asperum
1920 1640 2142 1695 vivendi

566 1739 741 1793 genus
792 1723 848 1779 in
879 1725 1134 1783 columna
1164 1728 1478 1785 excoluerat
1510 1745 1525 1785 :
1553 1730 1690 1786 adeo
1724 1739 1787 1786 ut
1838 1731 2033 1788 dentes
2085 1732 2144 1788 in

567 1815 841 1871 columnae
919 1817 1155 1872 statione
1222 1818 1326 1888 ipsi
1394 1823 1747 1877 mutaverint.
1819 1823 2141 1881 Columnam
2179 1862 2220 1920 Β

567 1917 751 1961 autem
806 1908 1129 1963 conscendit
1184 1910 1500 1979 huiusmodi
1549 1927 1735 1967 causa.
1798 1913 1935 1969 Cum
1997 1924 2144 1971 esset

568 1998 867 2053 admodum
912 2008 1103 2054 tenera
1148 2001 1332 2056 adhuc
1374 2010 1535 2059 aetate
1562 2042 1579 2068 ,
1631 2003 1829 2062 ludens
1856 2015 1912 2061 et
1942 2008 2147 2064 saltans

568 2106 667 2160 per
698 2094 902 2147 montis
919 2091 1049 2163 juga
1083 2093 1401 2150 oberrabat.
1430 2095 1679 2168 Cumque
1713 2098 1771 2154 in
1802 2099 2032 2170 pardum
2060 2101 2147 2156 in-

571 2178 829 2246 cidisset,
894 2197 1088 2237 zonam
1153 2184 1295 2239 collo
1351 2186 1471 2256 ejus
1524 2187 1735 2259 injecit,
1797 2198 1854 2245 et
1908 2189 2147 2247 belluam

569 2269 773 2328 innata:
820 2272 1056 2331 feritatis
1103 2277 1364 2344 oblitam,
1413 2279 1571 2349 quasi
1617 2279 1739 2335 loro
1784 2282 2031 2346 trahens,
2078 2284 2147 2339 ad

569 2366 968 2422 monasterium
1019 2383 1182 2423 suum
1238 2370 1486 2426 deduxit.
1541 2373 1696 2440 Quod
1747 2376 2150 2446 contemplatus

569 2457 832 2530 magister
863 2460 1004 2531 eius,
1032 2461 1126 2531 qui
1167 2461 1222 2517 in
1264 2465 1524 2520 columna
1560 2467 1731 2520 vitam
1764 2467 1978 2537 agebat,
2011 2484 2148 2538 pue-

570 2566 693 2605 rum
726 2552 1086 2624 interrogavit
1112 2555 1374 2624 quidnam
1400 2558 1506 2614 hoc
1532 2568 1696 2614 esset.
1721 2559 1815 2615 Ille
1840 2559 2000 2615 felem
2028 2576 2149 2617 esse

570 2642 882 2712 respondit,
913 2660 1082 2715 quem
1109 2646 1275 2716 vulgo
1304 2656 1509 2702 cattam
1535 2648 1841 2704 nominant.
1871 2649 2049 2719 Atque
2081 2667 2148 2706 ex

570 2735 678 2789 hoc
730 2735 874 2792 facto
922 2737 1296 2808 conjecturam
1340 2740 1564 2809 capiens
1595 2742 1771 2811 qualis
1801 2752 2149 2814 quantusque

569 2825 809 2897 Symeon
841 2826 896 2883 in
929 2827 1151 2884 virtutis
1183 2828 1370 2884 studio
1398 2828 1620 2885 futurus
1652 2841 1819 2895 esset,
1856 2831 1914 2887 in
1938 2833 2149 2888 colum-

569 2935 699 2974 nam
721 2936 849 2975 emn
876 2920 1119 2976 admisit.
1144 2920 1260 2989 Qua
1287 2922 1341 2977 in
1367 2923 1644 2989 columna,
1677 2934 1734 2980 et
1758 2924 1815 2980 iu
1834 2925 2005 2982 altera
2028 2942 2151 2997 quae

568 3021 655 3067 est
694 3012 751 3066 in
802 3028 1018 3068 summo
1064 3015 1268 3070 montis
1315 3016 1551 3079 vertice,
1600 3024 1725 3073 octo
1765 3033 1829 3073 ac
1871 3019 2153 3089 sexaginta

568 3104 751 3173 exegit
771 3119 944 3158 annos
973 3121 987 3158 :
1021 3105 1171 3160 omni
1201 3106 1390 3178 gratia:
1422 3123 1623 3180 genere
1652 3108 1907 3164 donatus.
1937 3100 2150 3182 Quippe

2239 606 2436 677 alqui;
2463 604 2786 675 προσήγαγε
2811 600 2906 655 τοῦ
2936 600 3100 654 Θεοῦ.

2828 795 3085 852 ΚΕΦΔΛ.
3116 795 3242 851 Kl".

2238 892 2379 963 Περὶ
2426 888 2538 960 τῆς
2579 888 3030 974 τελερτῆςποῦ
3077 888 3149 970 ἐς
3186 889 3392 974 ἁγίοις
3436 887 3688 958 Συμεὼν
3726 894 3812 947 τοῦ

2715 961 3012 1016 Στυπτου
3040 961 3149 1015 τοῦ
3173 961 3348 1015 νέου.

2322 1080 2414 1135 Ἐν
2444 1078 2621 1150 τούτῳ
2652 1077 2711 1132 δὲ
2752 1076 3045 1149 Συμεώνου
3076 1074 3173 1131 τοῦ
3202 1077 3260 1131 ἐν
3284 1075 3471 1140 ὁσίοις
3497 1075 3602 1148 τὴν
3627 1078 3715 1132 ἐπὶ
3738 1079 3815 1135 θά-

2241 1188 2401 1226 νατον
2429 1173 2787 1242 νοσήσαντος,
2819 1169 2956 1240 ἐμοῦ
2986 1168 3057 1225 τὰ
3083 1168 3217 1241 περὶ
3238 1168 3453 1223 τούτου
3478 1168 3811 1242 μηνύσαντος,

2243 1262 2491 1335 ἐκτρέχει
2512 1262 2833 1334 Γρηγόριος,
2859 1260 3053 1316 τοῦτον
3074 1260 3143 1315 τά
3164 1261 3473 1315 τελευταῖα
3497 1268 3813 1319 κατασπείσο-

2177 1430 2181 1435 .
2247 1370 2429 1426 μενος
2461 1354 2523 1409 ού
2556 1354 2667 1426 μὴν
2692 1349 3017 1423 ἐτυχεν.Ἦν
3044 1353 3102 1407 δέ
3130 1370 3196 1422 γε
3221 1355 3251 1408 ὁ
3280 1352 3602 1425 Συμεώνης
3627 1358 3813 1414 πάντων

2243 1444 2353 1501 τῶν
2399 1446 2521 1499 κατ’
2554 1443 2716 1500 αὑτὸν
2750 1444 3057 1517 ἀνθρώπων
3100 1445 3200 1516 τὴν
3232 1446 3452 1519 ἀρετὴν
3485 1447 3811 1518 ἐξοχώτατος,

2244 1536 2306 1602 ἐξ
2347 1536 2574 1591 ἀπαλῶν
2628 1537 2739 1590 τῶν
2784 1536 2995 1608 ὀνύχων
3015 1576 3037 1605 ,
3080 1536 3175 1592 τὸν
3204 1538 3303 1591 ἐπὶ
3332 1538 3528 1601 κεονος
3555 1540 3813 1596 διαθλεύων

2247 1629 2381 1701 βίον·
2409 1630 2485 1693 ὡς
2512 1630 2608 1686 καὶ
2633 1629 2761 1694 τοὺς
2786 1629 3004 1694 ὀδόντας
3030 1629 3199 1686 αὐτοῦ
3225 1630 3533 1702 διήλλαξεν
3548 1634 3658 1705 (55)
3687 1637 3738 1689 ἐν
3758 1639 3808 1708 τῇ

2247 1722 2441 1779 στάσει
2483 1722 2579 1779 τοῦ
2623 1722 2827 1787 κίονος.
2880 1722 3121 1795 Ἀνὴκθη
3155 1723 3215 1779 δὲ
3260 1724 3416 1780 κατά
3450 1725 3550 1779 τὸν
3576 1725 3738 1796 κίονα,
3766 1729 3809 1794 ἐξ

2248 1812 2426 1876 αἰτίας
2466 1812 2707 1867 τοιᾶσδεο
2743 1812 2866 1865 Ἔτι
2915 1811 3165 1882 σμικρὰν
3205 1812 3421 1883 κομιδῇ
3481 1819 3585 1884 τὴν
3630 1813 3807 1883 ἠλικίαν

2246 1905 2419 1974 ἄγων,
2444 1903 2713 1976 κουρίζων
2740 1920 2802 1957 τε
2831 1903 2925 1957 καὶ
2953 1903 3249 1975 ἀλλόμενος
3276 1904 3392 1959 ἀνά
3416 1904 3520 1968 τὰς
3545 1906 3806 1970 κολωνὰς“

2244 1998 2339 2053 τοῦ
2365 1998 2525 2068 ὅρους
2554 1996 2796 2069 περιῄει.
2828 1997 2945 2053 Καὶ
2968 1995 3289 2069 περιτυχὼν
3315 1997 3520 2068 πάρδῳ
3546 1996 3625 2067 τῷ
3646 1998 3801 2067 ϐηρίῳ,

2245 2089 2344 2161 τὴν
2372 2089 2550 2161 ζώνην
2583 2091 2715 2159 περὶ
2741 2089 2942 2161 αὐχένα
2973 2089 3192 2160 βάλλει,
3226 2090 3327 2145 καὶ
3355 2091 3431 2146 ἐκ
3455 2090 3688 2160 ῥυτῆρος
3708 2086 3803 2161 ἦγε,

2246 2182 2344 2254 τῆς
2374 2182 2590 2250 φύσεως
2621 2181 3051 2254 ἐπιλαθόμενον,
3079 2182 3178 2237 καὶ
3207 2183 3317 2239 ἀνά
3341 2182 3417 2237 τὸ
3431 2183 3635 2237 οίκεῖον
3663 2182 3801 2253 ἤγαγε

2247 2276 2684 2347 φροντιστήριον.
2718 2276 2895 2347 Ὅπερ
2926 2275 3182 2347 ἑωρακὼς
3214 2277 3247 2332 ὁ
3273 2274 3481 2329 τοῦτον
3517 2275 3803 2347 μαθητεύωη

2245 2366 2413 2432 αὐτὸς
2459 2366 2554 2421 ἐπὶ
2599 2366 2693 2421 τοῦ
2741 2368 2920 2435 κίονος
2955 2367 3161 2435 ἑστὼς,
3206 2369 3555 2426 ἐπυνθάνετο
3582 2368 3632 2422 τί
3658 2370 3718 2423 ἂν
3738 2370 3800 2440 εἴη

2246 2458 2430 2513 τοῦτο.
2468 2458 2528 2513 '0
2557 2457 2616 2511 δὲ
2646 2458 2753 2528 ἔφη
2784 2460 3038 2531 αἴλουρον
3062 2453 3239 2527 εἶναι,
3274 2459 3348 2531 ἢν
3379 2460 3591 2514 κάτταν
3633 2461 3665 2530 ἡ
3704 2476 3799 2513 σνν-

2247 2550 2407 2623 ἡθεια
2428 2550 2601 2619 λέγει.
2636 2541 2916 2604 Ἐντεῦθεῦ
2945 2550 3370 2623 τεκμηράμενος
3426 2550 3655 2620 πηλίκος
3680 2549 3796 2604 ἔσται

2247 2645 2348 2714 τὴν
2377 2646 2614 2717 ἀρετὴν,
2659 2644 2752 2698 ἐπὶ⁸
2781 2643 2875 2697 τοῦ
2906 2644 3083 2709 κίονος
3108 2645 3417 2716 ἀνήγαγεν.
3467 2645 3559 2698 Ἐν
3586 2643 3737 2713 τούτῳ
3757 2644 3799 2697 δὲ

2249 2737 2326 2805 τῷ
2369 2737 2539 2803 κίονι,
2587 2737 2684 2790 καὶ
2731 2738 2790 2789 ἐν
2837 2736 3013 2807 ἑτέρῳ
3048 2736 3222 2801 ἐστὼς
3257 2737 3537 2792 ἀνωτάτω
3565 2737 3653 2791 τοῦ
3675 2737 3797 2808 ὅρους

2250 2829 2598 2900 ἀκρωρείας,
2631 2827 2777 2884 ὀκτὼ
2809 2830 2907 2885 καὶ⁸
2934 2830 3197 2902 ἐξήκοντα
3229 2829 3468 2884 διετέλει
3495 2830 3705 2902 χρόνους
3722 2830 3795 2899 (ι),

2251 2919 2437 2990 πάσης
2463 2917 2688 2991 χάριτος
2720 2919 3027 2991 ἠξιωμένος
3054 2919 3184 2991 περί
3212 2936 3273 2974 τε
3302 2920 3411 2993 τὴν
3436 2920 3549 2972 τῶν
3572 2919 3795 2988 δαιμόνων

2250 3013 2438 3068 ἐλασιν
2460 3054 2477 3080 ,
2528 3013 2830 3086 ἀκούμενός
2870 3030 2933 3067 τε
2978 3014 3158 3068 πᾶσαν
3189 3013 3352 3067 νόσον
3397 3013 3498 3067 καὶ
3527 3013 3691 3065 πᾶσαν
3714 3028 3794 3077 μα-

2251 3108 2484 3174 λακίαν,
2525 3105 2779 3179 προορῶν
2810 3124 2869 3160 τε
2918 3106 2995 3169 ὡς
3024 3105 3271 3178 παρόντα
3302 3106 3377 3160 τά
3411 3104 3683 3176 μέλλοντα.
3724 3104 3794 3165 Ὃς

568 3196 662 3265 qui
706 3204 763 3251 et
809 3196 1084 3254 daemones
1116 3198 1394 3270 abigeret,
1423 3209 1480 3256 et
1513 3201 1736 3257 morbos
1763 3216 1828 3256 ac
1859 3201 2150 3273 languores

2255 3202 2351 3256 καὶ
2400 3198 2685 3271 Γρηγορίῳ
2731 3198 3092 3270 προειρήκει,
3142 3197 3303 3252 αὑτὸν
3342 3198 3447 3268 μὲν
3488 3197 3564 3269 μὴ
3587 3195 3704 3266 όρᾷν
3725 3194 3792 3245 τὸν

566 3304 761 3345 omnes
793 3300 1030 3356 sanaret,
1058 3302 1117 3348 et
1146 3292 1333 3349 futura
1351 3295 1579 3365 perinde
1604 3311 1669 3351 ac
1690 3295 1981 3366 praesentia
2012 3311 2153 3367 pra:-

567 3378 804 3436 videret.
856 3382 1125 3455 Gregorio
1173 3393 1324 3439 certe
1382 3385 1676 3455 praedixit,
1728 3402 1855 3441 eum
1913 3396 2151 3443 mortem

568 3472 793 3543 quidem
842 3474 1014 3544 ipsius
1060 3475 1310 3531 visurum
1352 3492 1463 3531 non
1497 3492 1663 3533 esse:
1694 3494 1817 3549 quae
1861 3495 1993 3537 vero
2026 3489 2154 3553 post

569 3578 805 3624 mortem
841 3569 1029 3626 futura
1073 3580 1280 3635 essent,
1328 3570 1730 3643 ignoraturum.
1764 3572 2012 3644 Cumque
2048 3589 2153 3645 ego

569 3661 788 3715 amissis
810 3661 999 3718 liberis
1019 3663 1158 3719 meis
1178 3663 1235 3718 in
1253 3663 1436 3719 varias
1454 3663 1814 3735 cogitationes
1834 3665 2148 3734 diducerer,

568 3764 627 3808 et
656 3755 801 3825 apud
837 3771 924 3811 me
952 3771 1258 3826 quaererem
1290 3755 1423 3826 quid
1453 3772 1631 3813 causae
1652 3765 1822 3824 esset,
1853 3774 1950 3814 cur
1975 3759 2152 3830 genti-

569 3845 719 3903 libus
746 3846 951 3917 quibus
972 3848 1130 3904 multi
1166 3858 1297 3905 sunt
1324 3851 1508 3917 liberi,
1542 3849 1688 3905 idem
1711 3866 1824 3906 non
1849 3862 2148 3930 evenerat:

569 3940 824 4009 quamvis
842 3940 1050 3995 nemini
1073 3957 1300 4011 prorsus
1320 3943 1704 4014 cogitationem
1731 3943 1872 3999 hanc
1898 3945 2151 4015 aperuis-

570 4047 709 4095 sem,
730 4032 820 4087 ille
842 4040 1025 4086 tamen
1049 4032 1411 4103 cogitationes
1425 4033 1593 4089 animi
1614 4033 1723 4089 mei
1744 4034 2150 4105 introspiciens,

570 4124 793 4194 scripsit
821 4124 887 4180 ad
921 4140 1008 4179 me
1038 4133 1099 4179 ut
1124 4125 1192 4180 ab
1218 4125 1305 4181 his
1336 4125 1767 4196 cogitationibus
1795 4127 2151 4195 abstinerem,

571 4214 778 4284 quippe
816 4230 940 4286 quae
987 4213 1415 4284 haudquaquam
1457 4215 1741 4285 placerent
1784 4216 1919 4270 Deo.
1972 4216 2152 4285 idem,

569 4312 699 4360 cum
745 4307 901 4361 uxori
946 4306 1233 4378 cujusdam
1277 4322 1347 4362 ex
1387 4306 1525 4362 meis
1569 4307 1999 4364 amanuensibus
2031 4318 2157 4382 post

2259 3291 2425 3346 αὑτοῦ
2457 3290 2707 3356 θάνατον,
2738 3289 2810 3344 τὰ
2836 3290 2894 3344 δὲ
2925 3290 3043 3361 μετ’
3067 3290 3230 3345 αὑτὸν
3256 3291 3506 3359 ἀγνοεῖν.
3559 3286 3728 3358 Κὰμοῦ
3752 3285 3791 3338 δὲ

2258 3383 2551 3455 λογισμοὺς
2582 3383 2866 3453 θεωρήσας
2896 3382 2990 3435 ἐπὶ
3015 3383 3222 3436 τέκνων
3250 3381 3522 3453 ἀποϐολῇ,
3541 3380 3627 3434 καὶ
3648 3379 3791 3432 διαπο-

2261 3476 2528 3549 ρουμένου
2572 3474 2626 3529 τί
2666 3473 2732 3544 δή
2764 3490 2897 3528 ποτε
2921 3472 3152 3544 Ἕλλησι
3178 3472 3536 3533 πολυτέκνοις
3564 3472 3619 3528 οὐ
3644 3471 3789 3539 vim:

2258 3567 2466 3633 ταῦτα,
2515 3566 2611 3621 καὶ
2658 3565 2799 3638 πρὸς
2837 3566 3044 3637 μηδένα
3070 3565 3133 3620 τὸ
3162 3565 3432 3637 παράπαν
3460 3562 3786 3631 ὲξαγαγόποτν

2256 3659 2614 3730 γεγράφηκεν
2662 3659 2923 3729 ἐκστῆναι
2968 3656 3175 3711 τούτων
3227 3656 3307 3720 ὡς
3353 3656 3457 3711 οὐκ
3489 3654 3702 3727 ἀρέσκον
3734 3648 3790 3717 τῷ

2257 3752 2377 3824 Θεῷ
2410 3750 2547 3823 (56).
2588 3751 2699 3806 Kal.
2729 3750 2988 3819 γυναικὸς
3016 3748 3073 3803 δέ
3102 3766 3248 3812 τινος
3277 3749 3393 3802 τῶν
3418 3743 3787 3818 ὑπογραφόντων

2261 3861 2383 3917 μοι,
2438 3844 2561 3897 ἐπεὶ
2593 3843 2656 3898 τὸ
2684 3843 2829 3912 γάλα
2853 3841 3089 3911 τεκούσῃ
3118 3840 3423 3908 κεκώλυτο,
3459 3840 3551 3894 καὶ
3577 3831 3787 3906 περὶτῶν

2258 3937 2505 4009 ἐσχάτων
2552 3937 2613 3990 τὸ
2656 3936 2856 4008 βρέφος
2899 3935 3275 3999 ἐκινδύνευεν,
3312 3933 3525 3996 ἐπιθεὶς
3552 3930 3643 4000 τὴν
3666 3928 3782 3997 χεῖρα

2255 4033 2324 4103 τῇ
2356 4030 2507 4105 δεξιᾷ
2537 4030 2765 4100 τάνδρὸς
2787 4070 2803 4094 ,
2840 4028 3113 4099 ἐπέτρεπε
3139 4026 3353 4099 ταύτην
3382 4028 3500 4088 ταῖς
3524 4023 3693 4092 θηλιῖς
3714 4016 3783 4083 τῆς

2255 4123 2517 4193 γυναικὸς
2545 4121 2853 4177 ἐπιϐαλεῖν.
2875 4121 3052 4193 Ὅπερ
3081 4118 3272 4193 ἐπειδὴ
3306 4119 3604 4187 πέπρακεν,
3626 4108 3779 4166 εὐθέως

2254 4215 2333 4279 ὡς
2360 4216 2423 4269 ἔκ
2445 4231 2591 4279 τινος
2613 4214 2797 4285 πηγῆς
2822 4212 2991 4285 ἥλατο
3016 4211 3079 4265 τδ
3104 4210 3265 4281 γάλα,
3300 4210 3381 4275 ὡς
3405 4210 3498 4264 καὶ
3520 4204 3611 4277 τὴν
3629 4200 3780 4268 ἐσθῆτα

2256 4306 2354 4360 τοῦ
2382 4306 2607 4376 γυναίου
2638 4304 2942 4377 ἐμπλῆσαι.
2994 4304 3104 4358 Καὶ
3142 4302 3437 4374 παιδαρίου
3467 4300 3522 4353 δὲ
3552 4294 3681 4366 παρά
3701 4288 3778 4342 τῶν

573 4406 792 4467 partum
812 4437 831 4463 ,
863 4397 948 4455 lac
981 4397 1329 4454 obstructum
1357 4405 1524 4465 esset,
1554 4405 1611 4453 et
1634 4396 1816 4455 infans
1846 4398 1905 4454 in
1941 4378 2150 4456 summa

2264 4398 2662 4453 συνοδοιπόρων
2714 4395 3143 4468 ἐπιλελησμένου
3199 4394 3391 4466 πόρῤω
3442 4391 3549 4444 τῶν
3590 4378 3773 4440 νυκτῶν,

1832 4538 2066 4597 VARI/Ii
2099 4538 2507 4599 LECTIONES.

679 4609 701 4641 °
725 4607 789 4667 C.
819 4607 884 4666 C.
914 4608 1132 4682 κώμας.
1207 4609 1254 4643 ⁶¹
1289 4608 1353 4667 C.
1381 4609 1446 4668 C.
1481 4609 1751 4674 κάλωνας.

1775 4701 2046 4759 VALESll
2084 4699 2648 4761 ANNO'I‘ATIONES.

646 4799 760 4869 (55)
808 4797 906 4866 Ὠς
948 4815 1047 4853 και
1079 4798 1226 4865 τοὺς
1245 4797 1497 4869 ὀδόντας
1519 4795 1740 4869 αὐτοὺς
1789 4795 2146 4869 διήλλᾳξξγ.

574 4866 733 4949 llunc
758 4870 1081 4949 locum_una
1116 4867 1493 4949 vocejnserta
1529 4867 1737 4949 optime
1765 4867 2022 4949 exposuit
2052 4867 2152 4949 Ni-

573 4941 891 5017 cephorus:
928 4940 1109 5017 A610;
1126 4956 1189 5017 γε
1201 4938 1481 5017 pip‘éxeg
1495 4937 1685 5017 τοῦτον
1728 4938 1836 5017 κα)ἰ
1850 4938 1978 5017 τούς
2004 4937 2153 5017 πρῲτ

574 5006 704 5073 τους
751 5011 969 5074 ὀδόντας
1006 5006 1293 5077 διαλλάξαι
1324 5006 1486 5078 ἐν’τῇ
1529 5008 1715 5060 στάσει
1742 5006 1839 5060 τοῦ
1866 5006 2063 5070 κίονος.
2093 5006 2153 5062 Id

574 5090 683 5145 est,
705 5090 783 5161 _ut
811 5082 979 5161 vertit
1004 5080 1224 5161 Langus
1252 5099 1267 5135 :
1300 5078 1998 5161 Perhibetur‘saneprimos
2027 5077 2158 5161 den-

587 5158 665 5205 tes
699 5153 755 5207 in
781 5150 1045 5207 columna:
1064 5146 1292 5207 stitione
1318 5157 1570 5205 mutasse.
1607 5146 1671 5203 1n
1694 5146 1922 5219 optimis
1951 5148 2133 5204 codici

2255 4797 2362 4854 bus
2390 4798 2713 4855 Florentino
2735 4808 2792 4854 et
2829 4798 3142 4855 Tellerlano
3179 4796 3345 4851 αὐτοῦ
3398 4790 3660 4851 scribitur,
3686 4792 3760 4835 non

2254 4869 2602 4947 αὐτούςηιψί
2660 4885 2762 4947 vox
2778 4869 2944 4947 αὐτοῦ
2976 4870 3201 4947 ponitur
3230 4882 3351 4947 pro_
3366 4866 3497 4920 ἐκεῖ.
3587 4919 3747 4947 -Δ-Δη

2329 4928 2472 5011 (56)"
2490 4939 2589 5007 Ὠς
2617 4943 2729 4993 οὐκ
2760 4928 3026 5009 ἀρέσκὸν
3044 4939 3126 5005 τῷ
3155 4928 3306 5011 Θεῖῖ)...
3328 4936 3498 5007 Leges
3522 4928 3763 5011 gramm}:

2258 4996 2348 5065 αἱ
2369 4996 2674 5080 postulant,
2704 5019 2765 5065 ut
2796 4996 3143 5081 ἀρεσκόντων
3179 4996 3506 5065 scribamus.
3524 4996 3761 5058 ῬΙ-πεώδη

2260 5080 2411 5135 enim
2442 5081 2704 5151 ἐκστῆναι
2732 5080 2958 5135 τούτων.

2026 5268 2413 5329 VARIORUM.

574 5365 665 5421 W.
701 5367 919 5423 Lowrn.
985 5368 1298 5440 Stephanus
1350 5369 1482 5440 legit
1509 5369 1578 5422 τὰ
1632 5369 1873 5440 Σευηρου
1911 5368 2153 5439 δίγματα

575 5440 926 5511 κατεκράιει,
972 5441 1041 5511 τὰ
1074 5440 1505 5510 ἐκκλησιαστικά
1546 5440 1824 5511 προύτίθει
1856 5440 2101 5511 δόγματα
2132 5456 2146 5469 ·

520 5529 524 5533 ⁴
575 5524 707 5582 quae
745 5510 914 5565 verba
965 5510 1213 5568 Valesius
1237 5511 1469 5582 legerat,
1507 5520 1569 5567 ut
1595 5510 1664 5567 ex
1698 5510 2154 5582 interpretatione

574 5580 701 5635 eius
748 5590 999 5635 apparet.

606 5596 724 5720 με)
748 5596 1085 5707 magian!
1120 5652 1417 5719 ἐξήκοντα
1441 5652 1716 5721 χρόνους.
1754 5651 1955 5779 Panius
1980 5650 2152 5722 conji-

606 5720 658 5774 :it
684 5721 1009 5779 Svmeonem
1050 5724 1242 5779 fuisse.
1270 5739 1398 5778 cum
1441 5725 1511 5777 ab
1544 5724 1818 5779 eremitai
1855 5727 2058 5779 oannel
2094 5724 2151 5778 in

579 5720 658 5774 cit
684 5721 1009 5790 Symeonem
1050 5724 1242 5791 fuisse,
1270 5739 1398 5778 cum
1441 5720 1511 5777 ab
1544 5724 1776 5779 eremita
1802 5720 2058 5793 (Joanne)
2085 5720 2151 5778 in

580 5792 1181 5864 columnamrcceptus
1220 5804 1326 5858 est,
1354 5804 1413 5849 et
1437 5794 1505 5849 ad
1537 5794 2004 5864 septuagesimum
2042 5792 2154 5849 ter-

582 5862 720 5916 tium
773 5863 953 5921 aetatis
998 5862 1201 5921 annum
1231 5866 1395 5921 vitam
1425 5862 1769 5935 produxisse.
1800 5866 1938 5924 Cum
1968 5874 2153 5922 autem

2258 5370 2411 5441 juxta
2437 5365 2807 5455 lficepho‘rum
2832 5348 3764 5455 magistrurgz‘yitm.

2261 5422 2615 5495 natusiuerit
2654 5437 2893 5508 Symeon
2922 5422 3089 5491 "anno
3119 5422 3245 5515 521,

2260 5494 2435 5566 annos
2493 5517 2621 5563 ante
2668 5494 2828 5563 terra:
2879 5517 3090 5561 motum
3126 5494 3585 5574 qui'Antiocbiatn
3615 5494 3762 5563 33'3"."

2262 5597 2403 5605 _.._..
2429 5580 2538 5605 Iron
2598 5579 2641 5605 ..ε
2675 5579 2741 5605 *τι
2769 5594 2939 5605 mu”...
2974 5576 3171 5605 ..ενι-ιο
3222 5588 3369 5605 mni-ﬁ
3398 5568 3510 5605 nine
3536 5550 3762 5605 mCIdCU“

2260 5558 2643 5642 Ξῆἱίόὶῖοῐιζέῑ
2672 5558 2742 5633 =13
2757 5558 3194 5651 magnas,
3222 5588 3370 5651 mors
3397 5558 3762 5651 gu‘sjgggaetg'gg

2262 5667 2468 5706 annum
2503 5636 2629 5732 SQS,
2656 5664 2765 5719 quo
2788 5664 2936 5702 anno
2963 5645 3269 5741 Gregorius
3290 5636 3753 5741 ιξιςξ

2260 5738 2462 5791 scopus
2500 5707 2688 5805 etiain'
2713 5707 3107 5805 mortuushest:
3121 5717 3215 5798 qui
3244 5730 3354 5770 non

2260 5773 2523 5848 {.{éaﬁém'
2561 5773 2724 5858 obiit,
2747 5773 2806 5843 ut
2848 5773 2931 5846 ait
2963 5773 3228 5859 Evagrius
3271 5801 3386 5855 cap.
3438 5773 3671 5842 sequenti.
3697 5773 3754 5805 "-

2262 5864 2476 5919 Lowm.
