4018 6510
563 350 705 414 2887

1868 339 2196 405 HENBICI
2232 340 2535 403 VALESII

3689 347 3797 416 2888

566 473 669 521 est.
704 463 982 518 Reversus
1005 470 1134 533 post
1156 462 1275 517 haec
1304 459 1652 516 Antiochiam
1684 459 2151 533 Martyrius,_cum
2181 461 2226 517 Α
2256 456 2364 533 Sed
2390 472 2538 533 tcum
2585 457 2851 533 Apamenl
2889 457 3160 533 Joannem
3193 457 3523 529 episcopum
3554 458 3798 523 admittere

569 535 872 591 seditiones
906 549 971 588 ac
1004 530 1239 588 dissidia
1286 533 1539 602 quotidie
1573 532 1763 597 augeri
1803 530 2152 602 animadver—

571 615 744 671 teret,
791 612 849 659 et
880 604 1156 659 Zenonem
1183 601 1506 673 magistrum
1530 602 1762 661 militiis.
1798 613 1979 673 spreta
2009 601 2151 673 Lero-

571 677 658 732 nis
680 676 1079 731 constitutione
1110 716 1125 737 ,
1162 672 1377 729 Fulloni
1410 676 1612 736 favere,
1644 672 1698 727 in
1724 672 1944 742 publico
1966 672 2153 728 Eccle-

569 748 666 802 siaa
722 755 998 802 conventu
1054 746 1233 816 palam
1287 745 1609 816 episcopatu
1644 758 1787 816 sese
1838 742 2149 816 abdicavit,

571 827 788 872 retenta
833 813 1200 872 nihilominus
1241 813 1347 871 sibi
1380 814 1678 870 sacerdotii
1708 813 1997 884 dignitate.
2033 814 2153 880 Quo

571 889 740 949 facto,
760 890 958 943 Petrus
983 888 1142 943 Fullo
1169 888 1224 942 in
1248 885 1651 942 Antiochenam
1678 886 1867 939 sedem
1892 894 2153 954 tanquam

571 960 805 1015 vacuam
841 959 1075 1014 insiluit.
1124 958 1255 1025 Quae
1289 974 1414 1013 cum
1446 955 1768 1012 Gennadius
1796 956 2156 1026 comperisset

571 1030 674 1085 CP.
710 1031 1044 1100 episcopus,
1103 1040 1302 1085 cuncta
1352 1027 1524 1083 Leoni
1563 1026 1810 1098 Augusto
1855 1026 2152 1100 nuntiavit.

574 1097 879 1171 Imperator
906 1097 1061 1165 vero,
1096 1101 1184 1155 his
1210 1101 1378 1155 rebus
1401 1097 1742 1171 commotus.
1754 1097 2024 1171 synodum
2046 1098 2159 1167 epi-

574 1169 867 1242 scoporum
903 1171 1209 1226 Antiochiae
1243 1171 1362 1225 fieri
1392 1169 1688 1240 prmeepit,
1730 1169 1785 1242 in
1819 1183 1925 1242 qua
1961 1169 2158 1242 Petrus

579 1240 735 1296 Fullo
768 1243 1054 1312 depositus
1084 1250 1168 1297 est
1198 1258 1261 1296 ac
1292 1242 1620 1312 damnatus,
1653 1240 1797 1312 etin
1828 1240 1948 1307 ejus
1973 1240 2156 1312 locum

574 1309 869 1367 ordinatus
898 1322 985 1368 est
1015 1313 1290 1375 Julianus,
1322 1322 1383 1367 ut
1413 1310 1666 1366 scribunt
1696 1311 2024 1366 Theodorus
2049 1309 2156 1364 Le-

575 1392 697 1438 ctor
731 1395 789 1439 et
822 1384 1210 1453 Theophanes.
1249 1383 1419 1438 Porro
1456 1382 1761 1453 imperator
1789 1382 1900 1435 Leo
1930 1382 2159 1453 Petrum

577 1455 902 1520 Fulloncm,
957 1450 1206 1526 synodali
1260 1450 1549 1526 sententia
1589 1452 1945 1526 damnatum,
1972 1450 2159 1526 Oasim

576 1526 632 1580 in
676 1526 936 1581 exsilium
988 1522 1270 1595 deportari
1312 1524 1513 1595 jussit,
1556 1533 1616 1579 ut
1655 1532 1891 1595 testatur
1918 1522 2159 1595 Aeacius

574 1592 1221 1677 Constantinopolitanus
1276 1592 1573 1677 episoopus
1653 1595 1706 1677 in
1743 1666 1758 1677 _
1794 1594 2037 1677 epistola~
2091 1592 2159 1677 ad

578 1667 922 1736 Simplicium
943 1664 1171 1737 papam,
1198 1664 1325 1736 quae
1348 1664 1587 1722 refertur
1611 1682 1641 1721 a
1662 1664 1879 1721 Gelasio
1901 1665 1955 1721 in
1990 1664 2160 1722 Gestis

579 1738 642 1791 de
695 1740 903 1791 nomine
944 1738 1141 1792 Acacii.
1226 1737 1401 1807 Hujus
1448 1737 1695 1807 epistola:
1762 1737 1934 1791 verba
1978 1751 2161 1807 operae

577 1808 819 1873 pretium
848 1808 1020 1862 fuerit
1053 1808 1144 1863 hic
1173 1806 1584 1878 appohereiEx
1617 1809 1684 1861 iis
1705 1807 1850 1861 enim
1878 1806 2159 1878 colligitur

579 1878 634 1932 id
670 1879 815 1948 quod
849 1878 1110 1949 superius
1137 1876 1272 1943 disi,
1305 1880 1530 1933 Petrum
1558 1879 1845 1949 Fullonem
1875 1878 1930 1932 in
1951 1876 2162 1949 synodo

577 1947 709 2004 esse
730 1947 1074 2004 damnatum.
1111 1949 1205 2007 Sic
1235 1950 1403 2019 igitur
1433 1950 1657 2005 habent.
1688 1948 1789 2003 Cui
1819 1949 1949 2003 dum
1976 1947 2163 2003 Acacii

577 2021 783 2088 scripta
837 2021 1149 2089 legeremus
1202 2036 1325 2090 qua:
1374 2020 1442 2075 de
1490 2021 1658 2076 Petro
1707 2028 1765 2074 et
1803 2020 2015 2075 Joanne
2052 2020 2166 2073 An—

578 2091 852 2145 tiochenis
864 2090 1108 2155 miserat,
1121 2106 1381 2147 excessus
1397 2090 1584 2145 Acacii
1602 2092 1768 2146 etiam
1785 2091 1840 2145 in
1880 2090 1985 2145 hac
1999 2104 2165 2145 causa

576 2162 931 2230 gravissimos
978 2161 1368 2231 deprehendit.
1436 2162 1533 2216 Illo
1559 2162 1710 2218 enim
1776 2170 2024 2232 tempore
2053 2176 2165 2231 quo

579 2233 648 2286 de
676 2232 841 2285 Petro
866 2232 1238 2287 Alexandrino
1261 2232 1524 2288 damnato
1552 2234 1843 2296 retulerat,
1870 2248 1979 2286 non
2004 2232 2165 2302 longe

578 2312 707 2373 post
738 2304 905 2373 etiam
940 2303 1009 2357 de
1036 2303 1203 2357 Petro
1232 2312 1289 2357 et
1316 2303 1525 2358 Joanne
1554 2305 1855 2373 scripserat
1890 2321 1902 2355 :
1939 2302 2164 2358 Petrum

580 2373 725 2445 apud
761 2372 1303 2445 Constantinopolim
1356 2372 1758 2445 monasterium
1793 2373 2163 2445 gubernasse;

582 2444 677 2499 sed
715 2444 819 2499 hoc
850 2452 1079 2514 propter
1106 2444 1340 2498 crimina
1370 2444 1669 2508 derelicto,
1699 2444 2053 2501 Antiochiam
2082 2444 2167 2497 fu-

581 2514 769 2586 gisse.
808 2515 887 2569 lbi
920 2514 1079 2586 puiso
1108 2514 1366 2585 Martyrio
1424 2516 1700 2572 catholico
1730 2517 2030 2586 episcopo,
2068 2530 2167 2585 per

583 2584 873 2639 haereticos
922 2584 1110 2640 sedem
1156 2584 1330 2655 ipsius
1380 2601 1724 2655 occupasse;
1768 2584 2167 2654 continuoque

582 2655 904 2727 damnatum
933 2695 948 2717 ,
1004 2671 1035 2709 a
1062 2655 1263 2727 Leone
1304 2666 1437 2709 tunc
1468 2657 1721 2727 principe
1755 2657 1820 2711 ad
1845 2655 2164 2711 Oasitanum

581 2726 838 2779 exsilium
871 2726 1329 2797 essedirectum.
1349 2727 1424 2781 De
1448 2742 1559 2796 quo
1585 2729 1819 2797 lapsum,
1850 2727 2161 2783 Constanti-

584 2797 831 2864 nopolim
870 2796 1142 2859 rediisse,
1194 2812 1260 2852 ac
1304 2796 1528 2852 dedisse
1576 2798 1738 2852 tidem
1788 2797 1935 2867 quod
1983 2798 2166 2853 nullas

585 2867 821 2938 ulterius
875 2868 1069 2938 turoas
1115 2867 1296 2923 facere
1338 2883 1569 2938 prorsus
1607 2868 1859 2924 auderet.
1912 2867 2038 2923 Haec
2082 2877 2167 2924 est

583 2937 762 3008 prima
798 2937 943 2991 Petri
973 2936 1219 2993 Fullonis
1248 2936 1553 2994 damnatio.
1608 2938 1783 3006 Quam
1817 2940 1864 2995 si
1894 2940 2021 3008 quis
2052 2954 2165 2993 non

585 3011 641 3090 in
668 3008 891 3090 synodo-
911 3008 980 3061 ab
1009 3009 1287 3090 episcopis
1315 3008 1514 3090 factam
1546 3025 1679 3090 esse.
1699 3011 2026 3090 contendat,
2065 3009 2164 3090 sed

584 3078 653 3133 ab
702 3078 819 3149 ipso
871 3079 1057 3133 Leone
1105 3080 1352 3150 Augusto
1375 3121 1391 3144 ,
1443 3081 1489 3135 is
1516 3080 1832 3136 meminisse
1859 3081 2025 3135 debet
2053 3080 2168 3150 epi-

586 3164 785 3219 scopos
848 3165 1132 3219 nunquam
1190 3151 1386 3205 solitos
1438 3167 1559 3206 esse
1613 3152 1669 3205 in
1718 3151 1972 3206 exsilium
2021 3151 2164 3205 mitti

585 3236 616 3275 a
640 3220 973 3275 Christianis
1001 3220 1429 3291 imperatoribus
1454 3263 1469 3285 ,
1505 3222 1615 3277 nisi
1644 3230 1772 3292 post
1795 3222 2169 3277 damnationis

584 3292 917 3362 sententiam
944 3291 999 3345 in
1024 3307 1120 3345 eos
1146 3292 1389 3362 legitime
1416 3291 1709 3362 prolatam.
1735 3291 1827 3347 Sic
1848 3293 2166 3357 Photinum,

584 3361 915 3435 Nestorium
957 3361 1396 3435 ac_D_iosCorum
1416 3361 1430 3362 7'
1454 3363 1688 3435 legimus
1735 3378 1861 3435 esse
1898 3364 2171 3435 relegatos

586 3441 712 3500 post
746 3432 1325 3557 synodaleljudicium,
1363 3444 1425 3489 ut
1450 3432 1699 3490 omittam
1728 3434 1922 3489 Arium
1948 3432 2171 3506 presby-

586 3514 786 3557 terum.
824 3502 986 3557 Ccrte
1064 3504 1308 3557 iberatus
1338 3503 1395 3557 in
1422 3519 1544 3557 can.
1574 3504 1640 3557 l8
1668 3502 1953 3557 Breviarii.
1986 3507 2169 3557 locum

586 3502 787 3557 terum.
824 3502 986 3558 Certe
1016 3502 1308 3559 Liberatus
1338 3503 1395 3558 in
1422 3519 1544 3573 cap.
1574 3504 1640 3559 l8
1668 3502 1963 3571 Breviarii,
1986 3502 2169 3561 locum

586 3573 735 3628 hunc
782 3589 850 3629 ex
883 3573 1115 3644 epistola
1152 3574 1337 3629 Acacii
1383 3575 1743 3642 describens,
1798 3575 2004 3632 diserte
2033 3576 2173 3631 dicit

586 3644 811 3699 Petrum
874 3645 944 3700 ab
994 3644 1269 3715 episcopis
1314 3662 1437 3701 esse
1482 3646 1837 3714 damnatum,
1878 3655 1935 3703 et
1969 3647 2172 3702 Leonis

587 3715 825 3785 imperio
882 3715 936 3770 in
982 3715 1169 3771 Oasim
1225 3716 1602 3785 deportatum.
1657 3718 1931 3773 Caeterum
1974 3719 2172 3774 Petrus

584 3784 741 3857 Fullo
763 3786 817 3840 in
842 3786 945 3841 hac
966 3786 1127 3857 primi
1144 3784 1497 3857 episcopatus
1514 3788 1844 3844 Antiocheni
1865 3790 2170 3856 invasione,

586 3803 617 3840 ι*
632 3803 741 3841 uno
763 3803 817 3840 in
844 3803 1127 3910 nachmn
1144 3803 1497 3857 episcopatus
1514 3803 1844 3844 Antiocuem
1865 3806 2170 3856 mvasmne,

586 3856 741 3927 brevi
789 3857 949 3911 admo
993 3872 1081 3909 um
1139 3868 1384 3927 tempore
1450 3860 1662 3915 sedisse
1724 3860 1967 3916 videtur.
2035 3861 2171 3915 Nam

587 3926 641 3980 in
667 3928 901 4002 cpistola
924 3927 1107 4002 Acacii
1130 3928 1197 3982 ad
1218 3926 1563 3997 Simplicium
1588 3947 1807 4001 papam,
1830 3932 1990 4002 cujus
2004 3932 2173 3987 verba

589 3998 848 4073 superius
883 4000 1052 4073 relata
1088 4008 1250 4062 sunt,
1298 4011 1424 4073 post
1446 3998 1759 4073 abreptum
1792 3998 2171 4073 episcopatum

586 4069 852 4123 continuo
881 4069 1174 4125 damnatus
1200 4086 1320 4125 esse
1349 4069 1575 4126 dicitur.

1251 4180 1403 4236 CAP.
1441 4182 1510 4238 II.

661 4270 793 4346 Post
816 4280 1050 4346 mortem
1076 4271 1282 4346 Leonis
1307 4271 1563 4343 Augusti,
1594 4273 1745 4330 Zeno
1774 4274 1843 4330 de
1873 4290 1984 4345 quo
2009 4290 2176 4346 supra

589 4339 851 4405 diximus,
886 4342 1137 4418 a_Lcone
1165 4343 1278 4396 lilio
1303 4339 1748 4418 siio'coronatus,
1785 4339 2007 4418 imperii
2033 4339 2177 4418 regi-

589 4428 715 4465 men
753 4412 988 4481 accepit.
1032 4413 1302 4489 seduno}:
1331 4414 1649 4489 Basiliscus,
1686 4412 2176 4489 tyrannideiabr'e-

590 4492 684 4552 pta
708 4524 722 4547 ,
759 4497 885 4559 cum
918 4482 1310 4559 cum‘Ariadne
1341 4486 1574 4559 conjuge
1610 4487 1665 4541 in
1689 4482 1955 4542 Isauriam
1984 4487 2169 4559 fugere

589 4552 880 4629 compulit.
918 4552 995 4629 Ita
1026 4554 1323 4629 Basiliscus
1355 4552 1498 4629 citra
1514 4552 1840 4627 sanguinem
1876 4552 2168 4629 imperium

590 4623 1055 4701 adeptus,_statim
1082 4625 1347 4701 adversus
1369 4623 1875 4701 Chalcedonensem
1902 4623 2169 4701 sy'nodum

590 4694 893 4774 insurreitit
914 4735 928 4757 ,
969 4698 1402 4774 etnpromuigata
1422 4699 1717 4774 sanctione
1731 4768 1743 4774 _
1759 4694 2009 4774 eamdem
2041 4718 2171 4774 syn-

588 4765 753 4841 odum
790 4764 859 4819 ab
891 4766 1162 4841 omnibus
1172 4764 1466 4841 episcopis
1497 4767 1746 4841 damnari
1775 4764 2171 4841 princepit.'Ac

590 4835 831 4904 primum
862 4836 1088 4905 quidem
1120 4835 1473 4892 Timotheum
1495 4837 1748 4894 AEIurum
1775 4835 1849 4895 ab
1870 4835 2063 4898 exsilio
2088 4861 2173 4899 re-

589 4906 823 4960 vocavit.
863 4907 1085 4961 Petrum
1117 4907 1321 4962 deinde
1350 4908 1633 4964 Fullonem
1666 4910 1783 4965 sedi
1815 4928 1927 4967 sua:
1953 4915 2170 4970 restitui

587 4976 774 5053 jussit,
808 4987 867 5031 ut
892 4978 1114 5053 tradunt
1140 4978 1469 5053 Theodorus
1486 4980 1683 5053 Lector
1704 4991 1766 5053 et
1783 4981 2168 5053 Theophanes.

592 5046 807 5112 Quibus
853 5049 1032 5126 rebus
1060 5050 1325 5126 acceptis,
1359 5050 1615 5126 Julianus
1643 5046 2029 5126 Antiochensis
2053 5056 2172 5126 epi-

593 5131 794 5197 scopus
821 5117 972 5197 gravi
1001 5117 1506 5197 dolore—perculsus
1537 5122 1983 5197 interiitoPetrus
2006 5117 2174 5197 igitur

592 5188 750 5241 Fullo
786 5204 915 5264 cuin
942 5188 1341 5259 Antiochenam
1367 5194 1555 5249 sedem
1589 5195 1822 5264 praesule
1849 5211 1949 5251 suo
1978 5188 2172 5252 vidua-

596 5261 1057 5337 tam_reporisset,
1094 5275 1214 5315 eam
1251 5263 1454 5337 iterum
1486 5261 1795 5337 occupavit.
1827 5265 1903 5322 Ac
1930 5268 2169 5337 primum

594 5329 816 5410 quidem
848 5330 1117 5410 Joannem
1147 5335 1464 5410 quemdam,
1502 5337 1596 5410 qui
1623 5329 1872 5410 synodali
1897 5329 2170 5395 sententia

595 5403 883 5470 depositus
924 5403 1142 5471 fuerat,
1166 5403 1838 5478 ’episcopuin'Apa'menis
1872 5410 2167 5468 ordinavit.

2252 529 2583 592 noluissent,
2610 529 2871 594 Joannes,
2896 529 3244 583 Antiochiam
3270 544 3557 595 reversus,
3580 533 3799 593 adversus

2250 605 2476 660 Petrum
2535 608 2817 655 auctorem
2870 600 3225 669 episcopatus
3262 600 3351 654 sui
3402 599 3708 658 insurrexit.
3751 608 3797 663 Et

2250 674 2481 728 collecta
2515 672 2907 741 episcoporum
2942 669 3304 725 Orientalium
3342 672 3590 741 synodo,
3623 673 3795 734 Petrum

2248 760 2282 799 e
2311 743 2441 798 sede
2469 757 2567 797 sua
2591 741 2934 813 deturbavit.
2970 742 3089 812 Ipse
3123 742 3196 813 in_
3222 743 3345 813 ejus
3362 743 3559 813 locum
3583 745 3797 803 suﬂectus

2253 815 2421 870 trium
2468 812 2696 867 circiter
2741 811 3014 867 mensium
3056 811 3660 882 spatio'episcopatum
3687 818 3795 873 obti-

2252 886 2395 950 nuit,
2412 892 2475 959 ut
2492 882 3034 959 tradit'l‘heophanes
3056 881 3110 937 in
3144 881 3425 959 Chronico.
3461 881 3795 959 Joannetigitur

2293 967 2381 1012 ost
2406 955 2688 1010 trimestre
2710 954 2949 1024 spatium
2979 953 3252 1024 deposito,
3288 956 3576 1009 communi
3601 953 3797 1017 orienta-

2278 1031 2392 1101 ium
2435 1023 2823 1101 episcoporum
2871 1023 3518 1101 Sﬂﬂragi°__siep_h‘£999
3557 1029 3797 1101 (ἷΡίεθθΡυε

2254 1094 2563 1155 Antiochiae
2606 1094 2895 1150 ordinatur
2938 1094 3088 1151 anno
3120 1094 3330 1152 Christi
3375 1097 3505 1152 578.
3561 1094 3658 1165 Qui
3703 1094 3795 1158 mox

2256 1168 2545 1242 synodicas
2566 1167 2780 1242 litteras
2802 1167 2870 1221 ad
2891 1168 3151 1242 Acacium
3169 1166 3795 1242 Cons_t_anti_nopolitanum

2255 1237 2578 1311 episcopum
2608 1237 3027 1311 misit,_quibus
3061 1238 3110 1311 ei
3141 1246 3198 1293 et
3224 1237 3633 1311 ordinationem
3658 1258 3792 1309 suam,

2256 1308 2314 1368 et
2341 1311 2751 1383 damnationem
2786 1309 2934 1383 Petri
2966 1324 3029 1364 ac
3057 1308 3286 1383 Joannis
3310 1308 3641 1383 Antiocheni
3670 1308 3795 1383 signié

2260 1382 2480 1437 ficabat.
2517 1381 2615 1436 His
2640 1379 2843 1451 litteris
2872 1380 3117 1451 acceptis
3140 1379 3274 1451 (ϐξ),
3310 1380 3550 1434 Aeacius
3578 1379 3797 1451 synodum

2259 1454 2657 1524 episcoporum
2694 1448 2788 1524 qui
2841 1460 2972 1524 tunc
3010 1448 3155 1505 forte
3175 1448 3671 1524 _Constantinopoli
3708 1473 3793 1511 mo

2261 1520 2526 1579 rabantur
2555 1520 2799 1590 collegit.
2833 1529 2890 1576 et
2920 1521 3145 1578 Petrqu
3175 1520 3470 1576 Fullonem
3502 1520 3795 1582 ac’Joannem

2261 1611 2425 1667 supra
2458 1600 2852 1667 memoratum,
2888 1607 2998 1667 una
3030 1607 3155 1667 cum
3186 1592 3629 1667 Pauloquodam
3657 1595 3793 1667 Ephe-

2261 1661 2493 1729 siorum,
2522 1664 2578 1719 ni
2608 1663 2790 1735 fallor,
2822 1664 3093 1735 episcopo~
3119 1661 3432 1735 damnavit.
3486 1664 3660 1735 Deque
3686 1661 3793 1725 ἐπε

2263 1736 2479 1792 litteras
2515 1734 2738 1805 scripsit
2786 1732 3247 1805 ad'_Siniplicium
3294 1749 3521 1805 papam,
3559 1732 3725 1805 petens
3749 1742 3794 1793 ab

2192 1808 2233 1862 Β
2260 1807 2561 1877 apostolica
2592 1803 2745 1871 sede,
2764 1815 2827 1877 ut
2856 1803 2901 1860 si
2933 1803 3075 1860 forte
3105 1803 3171 1859 ad
3196 1819 3318 1877 eam
3348 1803 3708 1877 confugerent.
3725 1825 3794 1865 nec

2266 1875 2384 1932 visu
2434 1878 2633 1947 dignos
2670 1892 2765 1931 eos
2795 1876 3065 1939 haberet;
3103 1885 3161 1931 et
3190 1875 3236 1930 si
3270 1876 3318 1931 si
3346 1876 3462 1947 jam
3493 1875 3712 1946 aliquam
3735 1880 3790 1935 in-

2265 1944 2603 2020 dulgentiam
2638 1946 2867 2003 forsitan
2897 1947 3326 2020 impetrassent,
3348 1944 3708 2020 irritam—esse
3728 1952 3790 2005 de-

2265 2018 2398 2075 bere
2431 2019 2707 2075 aﬂirmans
2729 2058 2744 2083 ,
2799 2034 2903 2074 nec
2934 2033 3126 2090 eorum
3158 2018 3547 2090 paenitentiam
3580 2020 3790 2090 recipien-

2265 2090 2390 2145 dam
2414 2106 2554 2146 essc.
2593 2090 2766 2160 Hujus
2789 2089 3039 2160 epistola:
3067 2088 3259 2160 verba,
3287 2088 3439 2143 haud
3458 2100 3604 2143 certe
3626 2088 3789 2145 sensum

2266 2161 2448 2230 ipsum
2500 2159 2689 2217 refert
2713 2159 2964 2215 Gelasius
2998 2159 3052 2213 in
3085 2159 3257 2215 Cestis
3282 2160 3348 2212 de
3402 2161 3614 2214 nomine
3642 2161 3790 2215 Acarii.

2263 2232 2515 2287 Meminit
2542 2233 2709 2288 etiam
2740 2232 2987 2301 ejusdem
3015 2230 3266 2302 epistola
3293 2230 3482 2302 Acacii
3528 2230 3592 2285 ad
3621 2230 3788 2302 Simplia

2266 2304 2411 2359 cium
2436 2303 2687 2359 Gelasius
2709 2300 2848 2372 papa
2872 2302 2927 2356 in
2946 2301 3179 2372 epistola
3203 2300 3269 2355 ad
3286 2301 3607 2372 Orientales
3625 2302 3699 2357 his
3710 2300 3788 2357 vrr-

2265 2373 2354 2429 bis
2404 2390 2417 2428 :
2462 2374 2563 2428 Hic
2591 2370 2903 2427 aute'm’ille
2935 2370 3012 2426 est
3042 2370 3230 2426 Petrus
3257 2370 3644 2433 Antiocheam,
3682 2390 3789 2433 quea

2266 2461 2361 2499 nec
2408 2461 2501 2514 per
2549 2445 2913 2515 pwnitentiam
2954 2442 3025 2497 ad
3067 2444 3499 2515 communionem
3537 2442 3789 2515 catholicon:

2266 2513 2430 2584 recipi
2476 2513 2637 2569 etiam
2671 2531 2704 2568 α
2729 2514 2850 2568 sede
2874 2513 3163 2584 apostolica
3196 2515 3438 2584 poposcit
3467 2513 3688 2567 Aeacius.
3717 2514 3789 2567 Sed

2266 2534 2371 2569 rec:
2410 2534 2428 2570 ι
2476 2534 2637 2569 etiam
2671 2534 2704 2568 ll
2729 2534 2850 2568 δεαε
2874 2534 3163 2584 αροδιοιιεα
3196 2534 3438 2584 ροροδσιι
3467 2534 3688 2567 Αεασιῑιδ.
3717 2534 3788 2567 δρα

2265 2594 2323 2641 et
2372 2534 2523 2641 geli}:
2570 2598 2709 2655 papa
2760 2584 2814 2639 in
2856 2583 3090 2655 epistola
3120 2600 3287 2655 qnam
3317 2584 3549 2654 scripsit
3575 2585 3788 2640 universis

2267 2653 2719 2712 archimandritis
2751 2664 2807 2708 et
2838 2653 3124 2709 monachis
3155 2653 3630 2724 Constantinopoli
3658 2664 3702 2710 et
3722 2671 3787 2724 per

2265 2726 2578 2799 Bithyniam
2622 2725 3057 2799 consistentibus
3081 2766 3096 2787 ,
3149 2726 3404 2799 ejusdem
3439 2726 3670 2795 epistola:
3705 2741 3784 2799 ine-

2267 2796 2429 2852 mini't
2481 2797 2556 2851 ita
2605 2796 2798 2851 dicens
2852 2815 2866 2851 :
2916 2796 3194 2867 Adjectum
3242 2798 3413 2851 etiam
3452 2806 3573 2849 tunc
3597 2814 3696 2849 cum
3715 2797 3783 2849 ista

2265 2870 2322 2922 in
2359 2870 3129 2938 examinationgtractantur,
3166 2868 3308 2938 quod
3338 2868 3560 2922 Aeacius
3588 2867 3785 2921 Joannem

2265 2938 2420 2993 illum
2445 2939 2722 3009 Tyriorum
2740 2935 2987 2993 Ecclesia:
3000 2935 3187 3009 fecerit
3200 2938 3507 3009 prmidere,
3521 2939 3605 3007 qui
3619 2938 3786 3005 Apame-

2265 3012 2349 3065 nis
2381 3029 2413 3065 a
2443 3008 2596 3064 Petro
2626 3009 2963 3064 Antiocheam
2988 3008 3237 3064 Ecclesia:
3263 3018 3499 3080 tyranno
3532 3009 3779 3078 [νεωτερί-

2266 3098 2452 3151 scapus
2481 3081 2786 3146 ordinatus,
2822 3080 2915 3133 sed
2942 3080 3157 3134 minime
3182 3079 3446 3151 receptus,
3478 3079 3669 3149 proprio
3686 3079 3783 3131 ordi-

2191 3169 2236 3232 ρ
2270 3150 2457 3232 natare
2486 3150 2702 3232 depuiso
2722 3192 2735 3214 ,
2771 3151 3011 3232 eomdem
3033 3152 3349 3232 sedeninoii
3378 3150 3549 3232 timuit
3571 3164 3780 3232 occupore.

2271 3221 2412 3288 Quos
2457 3232 2582 3275 tunc
2622 3223 2893 3293 hypocrita
2925 3221 3146 3293 Aeacius
3187 3223 3263 3275 ita
3300 3222 3427 3290 fecit
3466 3220 3529 3274 ab
3560 3219 3780 3293 apostoiics

2268 3293 2386 3347 sede
2411 3289 2699 3357 damnari,
2718 3300 2775 3344 ut
2801 3293 2879 3345 his
2904 3292 3065 3345 etiam
3090 3289 3521 3345 Christianorum
3540 3290 3780 3344 vocabulum

2272 3362 2552 3418 tolleretur
2569 3404 2585 3429 ,
2622 3364 2936 3433 quodigesta
2956 3362 3109 3433 apud
3131 3378 3251 3433 eum
3274 3363 3460 3416 habita
3478 3362 3778 3433 niani/extant.

2270 3434 2348 3505 Ex
2395 3434 2597 3505 quibus
2630 3430 2815 3505 verbis
2863 3430 3141 3505 coliigitur
3180 3432 3412 3505 Petrum
3454 3431 3707 3505 Fullonem
3744 3430 3779 3483 in

2270 3501 2880 3576 Constantinopolitano
2906 3501 3115 3576 synodo
3143 3502 3213 3558 ab
3239 3503 3446 3560 Acacio
3475 3516 3589 3576 esse
3613 3501 3779 3576 damna:

2271 3585 2411 3633 tum.
2442 3576 2569 3631 Haec
2588 3570 2737 3630 enim
2758 3573 2925 3645 verba
2935 3570 3149 3630 'Felicis
3172 3590 3352 3645 papae,
3383 3575 3524 3645 quod
3540 3580 3667 3645 gesta
3684 3570 3780 3645 opai

2248 3664 2392 3715 deum
2441 3645 2619 3699 habita
2672 3644 3055 3716 manifestam,
3111 3642 3338 3699 nonnisi
3387 3642 3455 3700 de
3498 3642 3781 3768 si'nodalibus

2274 3716 2501 3768 intelligi
2552 3724 2806 3768 possunt.
2862 3715 3136 3768 Caeterum
3188 3714 3245 3768 in
3288 3715 3492 3768 iisdem
3554 3722 3705 3768 uteris
3738 3710 3779 3764 ad

2274 3716 2501 3787 intelligi
2552 3710 2833 3787 possuntf
2862 3715 3136 3771 Caeterum
3188 3714 3245 3770 in
3288 3715 3492 3787 iisdem
3527 3710 3779 3787 iitteris_ad

2275 3781 2621 3859 Simplicium
2645 3786 3104 3859 papamAcacius
3135 3788 3298 3859 etiam
3326 3787 3400 3859 de
3425 3784 3584 3859 Paulo
3604 3781 3779 3859 quodut

2274 3850 2581 3923 retulerat,
2637 3850 2914 3913 tit-didici
2963 3873 3029 3912 ex
3078 3858 3311 3928 epistola
3350 3850 3704 3928 Celasiinpapa:
3737 3850 3779 3905 ad

2273 3930 2572 3985 orientales
2592 3969 2607 3993 ,
2653 3944 2778 3999 qua:
2810 3928 2889 3984 sic
2917 3928 3083 3985 habet
3112 3925 3143 3983 ἐ
3188 3927 3343 3995 Quos
3376 3928 3422 3983 si
3451 3942 3481 3981 a
3509 3925 3605 3980 fide
3630 3926 3777 3999 integri

2275 3996 2775 4072 communioncque
2801 3999 3072 4072 catholica
3105 4000 3381 4072 putaretis
3405 4012 3601 4059 errare,
3621 3996 3676 4049 ad
3692 4007 3778 4072 apo-

2274 4072 2523 4127 stolicam
2558 4071 2764 4129 sedem.
2797 4071 3101 4126 secundum
3127 4071 3263 4125 scita
3291 4072 3585 4141 majorum.
3608 4071 3777 4141 _et_sncut

2275 4150 2602 4212 semperest
2623 4142 2851 4209 factum,
2877 4143 3087 4212 referre
3111 4135 3419 4197 debuistis:
3438 4140 3574 4212 sicut
3592 4136 3649 4212 de
3665 4135 3775 4189 Petro

2274 4205 2679 4275 Alexandrino,
2724 4212 2810 4268 vel
2839 4205 2925 4268 'de
2957 4213 3304 4268 Antiocheno
3334 4213 3515 4276 Petro,
3536 4205 3773 4281 deleamic

2276 4290 2333 4337 et
2377 4282 2547 4337 Paulo
2594 4282 2793 4339 fecisse
2834 4294 3176 4339 monstratur
3216 4284 3469 4339 Aeacius.
3527 4277 3637 4351 Sed
3664 4282 3705 4329 et
3740 4277 3772 4351 in

2278 4352 2689 4425 Commonitorio
2720 4355 2790 4408 ad
2808 4353 3086 4416 Faustum.
3111 4355 3359 4425 ejusdem
3383 4350 3534 4425 Pauli
3553 4347 3773 4425 etJoannis

2279 4424 2622 4497 mentionem
2652 4423 2804 4480 facit.
2840 4425 2990 4497 Quos
3017 4426 3086 4482 ab
3116 4417 3418 4497 apostolica
3446 4421 3567 4478 sedc
3592 4417 3770 4497 damnari

2278 4509 2344 4549 ac
2371 4494 2572 4564 deponi
2599 4494 2730 4551 fecit
2753 4495 3003 4551 Aeacius.
3031 4494 3203 4562 Quein
3235 4496 3407 4550 etiam
3428 4494 3769 4564 prmeeptioncm

2277 4564 2427 4620 sedis
2442 4552 2768 4635 apostolica:
2795 4552 3117 4621 exsecuttim
3143 4567 3337 4629 fuisse,
3372 4552 3566 4635 ibidem
3586 4552 3655 4635 ait
3666 4552 3769 4609 Gela-

2277 4635 2414 4691 sius.
2449 4627 2717 4706 Equidem
2754 4652 2862 4691 non
2888 4637 3082 4692 dubito
3121 4638 3255 4707 quin
3293 4627 3385 4692 hic
3416 4634 3605 4707 Paulus
3628 4627 3681 4681 de
3700 4634 3769 4707 {ipf

2276 4693 2539 4778 Acacium
2596 4707 2662 4761 ad
2711 4707 3057 4777 Simplicium
3098 4693 3294 4778 papam
3346 4704 3591 4778 rettulisse
3634 4693 3767 4778 scrib"

2276 4776 2552 4860 Celasius:
2575 4778 2646 4860 sit
2666 4768 3320 4860 Ephesinus'episeopus;
3348 4777 3441 4848 (Ιιιί
3464 4768 3765 4860 άυίηξιᾞξῗῗῖ

2278 4848 2403 4902 dam
2462 4837 2940 4905 crimina'exutus
2978 4837 3762 4919 luisset'episcopatg_.33$???

2281 4929 2300 4974 t
2341 4921 2495 4974 ranni
2515 4919 2856 4989 temporibus
2879 4921 3170 4976 restitutus
3186 4908 3367 4974 fuerat
3385 4908 3481 4988 per
3495 4908 3760 4978 Timmheutn

2274 4936 2526 5045 {Eurum
2548 5000 2605 5045 et
2622 4992 2851 5045 Paulum
2865 4991 3174 5045 Antiochea
3184 5007 3273 5045 um
3290 4989 3612 5045 eniscooum.
3628 4987 3759 5045 ιιιεεεν

2368 5006 2526 5045 urum
2548 5000 2605 5045 et
2622 4987 2851 5046 Paulum
2865 4991 3174 5048 Antiochea
3184 5007 3273 5045 um
3290 4987 3759 5059 episcopumultlscff

2276 5042 2359 5132 bit
2378 5042 3026 5132 mylag‘ia‘iar‘aiii;
3042 5042 3173 5132 ei};
3188 5042 3399 5118 sua;
3436 5042 3757 5132 pineam}:

2275 5131 2393 5204 cius
2416 5118 2579 5202 papa,
2601 5134 2842 5204 acceptis
2856 5118 3043 5189 Acacii
3066 5134 3100 5187 li
3112 5118 3291 5197 iteris,
3312 5128 3573 5204 inquibus
3587 5122 3644 5176 de
3659 5118 3758 5204 ῐξεξξθ

2275 5212 2333 5256 ct
2356 5198 2568 5257 Joanne
2597 5198 2959 5260 Antiochenis
2990 5204 3290 5267 retulerat,
3331 5198 3761 5269 continuo_re_§P°,“'

2277 5272 2357 5346 dit
2385 5288 2484 5327 eos
2513 5289 2543 5326 a
2571 5289 2629 5329 se
2657 5274 2945 5346 damnatos
2971 5291 3094 5331 esse
3121 5252 3464 5346 significans,
3498 5275 3551 5346 ot
3567 5264 3625 5320 ab
3643 5252 3765 5346 Egi:

2278 5344 2374 5416 sia:
2430 5345 2822 5416 communione
2878 5324 3199 5416 praecisos.0
3223 5347 3293 5401 Et
3346 5324 3564 5416 epistola

2278 5414 2549 5485 Simplicii
2583 5415 2652 5471 ad
2681 5402 2943 5472 Acacium
2967 5458 2983 5485 ,
3016 5433 3083 5472 ea
3111 5417 3179 5473 de
3209 5432 3269 5472 re
3295 5402 3512 5484 scripta,
3538 5402 3671 5462 hodie
3692 5402 3765 5447 ηυη

2203 4523 2245 4578 ο

2166 5570 2391 5627 NOT/E.

668 5672 1129 5755 t65)_Hislitteri_s
1154 5680 1432 5755 acceptis,
1472 5688 1583 5755 etc.
1618 5681 1817 5755 Pagius
1864 5685 2061 5755 probat
2107 5702 2174 5742 ex

595 5743 826 5824 epistula
859 5743 1129 5824 Simplicii
1154 5749 1254 5805 PP.
1288 5743 1356 5805 ab
1386 5743 1669 5807 Holstcuio
1695 5743 1946 5824 primum
2000 5758 2172 5823 edita,

598 5818 741 5874 hanc
760 5816 1030 5887 synodum
1062 5817 1541 5893 Constantinopoli
1591 5816 1760 5882 fuisse
1808 5816 2171 5897 celebratam,

2285 5697 2581 5785 ﬁnieftuam
2660 5706 2909 5785 .oannes
2969 5692 3296 5785 'A‘paincnus‘
3342 5690 3464 5749 sede
3495 5674 3761 5785 52130302":

2284 5738 2535 5839 tljziqc'tus
2586 5738 2930 5821 εεέἑιῖᾜίᾶ.
2969 5738 3300 5839 βέέὲἱὶὶὶῖἒιῖι
3342 5738 3597 5820 5113.477,
3632 5738 3716 5798 ut

2288 5829 2372 5886 W.
2395 5830 2609 5888 Lowru.
