4018 6538
221 366 393 432 2893

1552 372 2189 436 OBSERVATIONES.

3356 379 3460 441 289
3473 376 3497 441 ἱ

219 494 354 554 que
385 477 703 554 frequenter
731 476 991 554 inculcat,
1025 479 1246 554 gloriari
1264 481 1650 554 solitumesse
1682 482 1819 536 Aca-
1858 488 1899 544 Α
1928 498 2073 548 esse,
2110 497 2179 554 ne
2200 479 2283 536 sic
2317 480 2540 550 quidem
2570 495 2601 534 a
2632 479 2755 554 falsi
2795 490 2923 536 nota
2950 491 3006 537 et
3036 484 3347 554 suspicione
3370 488 3499 544 libe.

225 547 421 609 cium.
459 547 608 619 quod
638 548 800 619 Petro
824 547 1192 616 Antiocheno,
1228 551 1279 605 id
1312 560 1397 605 est
1423 551 1663 614 Fulloni,
1685 567 1826 606 nun-

228 634 417 689 quam
450 618 842 691 communione
887 622 1134 675 sociatus
1179 622 1397 677 fuisset.
1430 621 1578 676 idem
1605 636 1825 691 quoque

230 688 488 761 testatur
522 688 979 761 inepistolahw,
1033 691 1101 745 ad
1164 691 1453 761 episcOpos
1498 688 1821 746 Dardaniae:

232 758 373 823 Qua
415 758 612 831 synodo
658 757 1040 831 Calendiouem
1095 757 1231 814 idem
1267 757 1461 831 expelli
1503 761 1624 830 fecit
1684 761 1823 815 Aca-

234 827 811 901 ciuslvNihilominus
853 831 1272 901 eidemPetrum
1334 827 1451 886 tam
1482 827 1825 901 manifestum

154 926 159 929 ν
233 900 580 970 Ιιωνειὶοωη,
642 908 699 953 ut
747 901 913 954 eidem
956 900 1141 970 palam
1184 919 1278 955 nec
1327 918 1382 955 se
1432 900 1827 955 communicare

237 969 625 1042 praetenderet,
676 986 789 1042 sua
833 969 1019 1042 passus
1042 979 1119 1042 est
1150 972 1493 1042 dispositione
1526 970 1823 1042 _substitu_i.

238 1038 351 1110 Sic
372 1039 520 1092 enim
557 1039 713 1110 locus
735 1038 840 1094 ille
854 1040 1181 1095 scribendos
1210 1038 1438 1107 e'st.Quo
1469 1040 1637 1110 igitur
1659 1039 1825 1093 modo

238 1109 473 1163 litteras
522 1108 591 1162 ab
634 1124 700 1162 eo
742 1111 955 1179 accepit
1004 1112 1256 1175 Aeacius,
1289 1121 1384 1166 aut
1409 1110 1477 1164 ad
1495 1108 1625 1165 eum
1653 1109 1822 1173 misit,

240 1179 660 1261 fratremjllum
694 1180 1009 1261 appellans?
1038 1180 1129 1234 Sic
1154 1183 1301 1261 enim
1338 1182 1573 1261 legimus
1625 1179 1680 1233 in
1715 1179 1826 1248 epi-

240 1250 401 1302 stola
449 1248 537 1301 illa
582 1248 763 1302 Acacii
798 1249 866 1303 ad
909 1250 1132 1303 Petrum
1163 1248 1470 1306 Fullonem.
1516 1250 1823 1313 Postremo,

240 1318 393 1391 quid
418 1318 658 1391 i_ne_ptiu_s
676 1327 760 1391 est
778 1320 858 1391 iis
886 1318 1094 1391 verbis
1125 1337 1246 1390 quae
1282 1322 1542 1391 leguntur
1590 1321 1647 1375 in
1710 1318 1827 1388 epi-

241 1388 399 1458 stola
426 1389 460 1440 5
487 1387 678 1442 Felicis
710 1389 819 1458 (69)
844 1404 1004 1458 papa:
1031 1389 1098 1443 ad
1124 1387 1379 1445 eumdem
1403 1387 1825 1457 Fullonem,q’ua

242 1457 631 1529 damnationis
692 1457 1021 1513 sententiam
1098 1460 1153 1515 in
1212 1477 1339 1516 eum
1415 1468 1745 1529 contorquet
1806 1475 1821 1512 :

245 1526 474 1582 Etenim
513 1528 581 1580 sit
610 1528 666 1580 in
720 1537 770 1581 te
809 1530 917 1583 hac
943 1529 1054 1593 lixa
1083 1530 1357 1585 damnatio
1384 1549 1417 1585 a
1456 1547 1557 1596 me,
1581 1526 1645 1583 εί
1663 1530 1728 1583 ab
1746 1530 1824 1583 his

244 1599 351 1666 qui
393 1598 484 1650 sub
533 1614 615 1651 me
664 1601 930 1671 constituti
979 1601 1305 1671 episcopales
1332 1601 1478 1655 sedes
1529 1600 1826 1671 gubernare

246 1677 573 1729 noscuntur,
623 1677 671 1722 et
728 1669 916 1722 Acacio
946 1669 1549 1733 Constantinopolitano}
1579 1669 1827 1725 Ecclesia

247 1748 496 1812 past-ore,
550 1748 600 1791 et
666 1739 1043 1812 uenerabilibus
1097 1743 1347 1811 episcopis
1388 1743 1500 1812 ejus
1545 1741 1664 1812 juri
1702 1739 1827 1793 sub-

243 1808 438 1876 jectis,
471 1815 726 1878 tanquam
754 1816 801 1861 et
829 1810 955 1875 ipsis
986 1808 1198 1865 minime
1231 1808 1689 1874 consentientibus,
1714 1818 1823 1864 etc.

252 1878 437 1932 Multa
515 1887 663 1951 sunt;
718 1881 772 1933 in
828 1880 916 1951 his
987 1882 1176 1936 verbis
1242 1897 1366 1951 qua:
1436 1880 1659 1936 tolerari
1719 1894 1832 1951 non

255 1956 520 2021 possunt:
577 1948 761 2002 Primo
820 1949 968 2003 enim
1032 1951 1122 2005 hic
1186 1948 1308 2006 mos
1355 1967 1464 2005 non
1495 1959 1617 2006 erat
1644 1948 1833 2021 ponti-

256 2017 446 2099 ticum.
490 2018 886 2103 Romanorum,
928 2030 995 2103 ut_
1034 2022 1418 2103 episcoporum
1444 2022 1539 2103 qui
1576 2017 1833 2102 unacum

254 2087 401 2155 ipsis
434 2087 503 2159 in
542 2088 748 2159 synodo
794 2087 1178 2153 consederant,
1226 2087 1282 2145 in
1324 2087 1563 2146 decretis
1614 2090 1730 2146 suis
1771 2102 1837 2142 ac

254 2158 583 2213 sententiis
608 2160 942 2213 mentionem
981 2162 1145 2215 ullam
1189 2161 1454 2215 facerent.
1492 2161 1656 2217 Certe
1694 2159 1836 2213 hanc

254 2229 723 2299 consuetudinem
769 2230 937 2284 fuisse
984 2230 1303 2299 pontificum
1332 2228 1704 2286 Romanorum
1736 2228 1838 2283 Fe-

255 2298 341 2350 lix
369 2298 486 2366 ipse
524 2307 754 2353 testatur
794 2299 848 2353 in
891 2298 1123 2369 epiStola
1173 2301 1416 2356 secunda
1443 2302 1511 2356 ad
1545 2301 1835 2355 universos

256 2370 620 2439 presbyteros
665 2378 721 2422 et
775 2371 1233 2426 archimandritas
1272 2369 1746 2439 Constantinopoli
1778 2376 1836 2421 et

260 2453 370 2513 per
412 2438 721 2513 Bithyniam
755 2441 1108 2513 constitutos,
1170 2442 1256 2496 his
1322 2442 1543 2513 verbis:
1579 2438 1833 2513 Quotiens

254 2508 414 2562 intra
468 2509 684 2562 Italiam
720 2520 931 2578 propter
978 2510 1353 2565 ecclesiasticas
1415 2508 1626 2574 causas,
1651 2508 1838 2578 praci-

254 2594 371 2647 pue
420 2578 564 2645 ﬁdei,
596 2576 916 2649 colliguntur
946 2580 1146 2634 domini
1186 2582 1501 2645 sacerdotes,
1522 2576 1837 2649 consuetudo

262 2649 531 2701 retinetur
572 2657 628 2701 ut
680 2647 943 2703 successor
1004 2653 1292 2721 praasulum
1347 2654 1483 2721 sedis
1532 2647 1838 2721 apostolica:

263 2734 336 2771 ea:
376 2735 603 2787 persona
662 2729 970 2774 cunctorum
1005 2719 1193 2775 'totius
1250 2720 1426 2776 Italia:
1478 2719 1834 2779 sacerdotum,

247 2789 430 2858 juxta
475 2788 894 2860 sollicitudinem,
920 2790 1280 2846 Ecclesiarmn
1311 2794 1407 2847 sibi
1461 2796 1839 2860 competentiam

264 2855 467 2912 cuncta
526 2862 833 2917 constituat.
868 2859 1011 2927 Quid
1055 2862 1202 2929 quod
1256 2863 1515 2916 Acacium
1579 2855 1685 2914 sibi
1742 2855 1839 2910 ad-

259 2929 473 2999 jungit.
518 2930 675 2999 quasi
721 2931 842 2999 ejus
896 2931 1221 2985 sententiam
1260 2932 1312 2986 in
1338 2930 1649 2987 damnando
1675 2929 1840 2999 Petro

266 2997 624 3053 Antiocheno
647 2997 869 3054 secutus
887 3016 1005 3054 esse
1030 3001 1314 3056 videatur:
1340 3004 1540 3056 omissa
1562 2997 1839 3054 mentione

264 3068 546 3137 Simplicii
590 3087 758 3138 papte.
788 3086 820 3123 a
848 3086 958 3139 quo
987 3071 1129 3125 idem
1169 3072 1363 3125 Petrus
1384 3072 1476 3125 diu
1508 3081 1635 3124 ante
1660 3069 1841 3139 fuerat

1933 554 2063 607 rari.
2090 552 2225 607 Nam
2250 567 2371 621 qua:
2395 566 2560 622 supra
2588 550 2879 622 attulimus
2926 550 3250 622 argumenta
3274 558 3340 610 ad
3373 574 3475 614 con

1931 620 2281 695 vincendam:
2306 635 2497 695 earum
2522 620 2845 695 falsitatem,
2885 622 2939 675 in
2971 620 3497 695 utramquepartem

1930 695 2135 748 valent.
2165 692 2233 745 Et
2266 692 2382 746 haec
2404 690 2629 762 quidem
2664 692 2932 762 adversus
2963 690 3225 762 epistolas
3256 690 3375 751 illas
3404 715 3498 753 su-

1931 779 2031 836 pra
2070 770 2403 836 memoratas
2427 761 2573 836 dicta
2603 759 2896 836 sulliciant.
2921 759 3106 836 “Nunc
3153 764 3221 819 ad
3264 768 3502 836 synodos

1934 830 2079 902 ipsas
2135 830 2440 902 veniamus,
2474 831 3143 902 Constantinopolitanam
3189 830 3400 891 scilicet
3441 855 3504 893 ac

1933 900 2253 958 Romanam.
2312 900 2420 954 llas
2473 901 2744 955 Baronius
2770 916 3009 970 eumque
3041 915 3265 958 secutus
3291 903 3500 969 Binius.

1929 974 2199 1045 adversus
2230 971 2454 1025 Petrum
2504 970 2784 1045 Fullonem
2827 973 3233 1045 Antiochenum
3288 979 3503 1045 episco.

1934 1059 2060 1113 pum
2094 1042 2357 1113 collectas
2389 1055 2532 1113 esse
2561 1039 2773 1113 dicunt
2797 1056 2942 1113 anno
2981 1043 3184 1098 Christi
3212 1039 3336 1109 485,
3373 1064 3504 1103 cum

1932 1109 2111 1168 sulatu
2140 1109 2324 1181 Fausti
2351 1110 2455 1181 viri
2488 1109 2798 1181 clarissimi.
2828 1111 2993 1181 Atqui
3021 1113 3217 1169 Petrus
3254 1115 3408 1170 Fullo
3437 1134 3504 1172 eo

1932 1197 2076 1237 anno
2108 1178 2351 1233 nondum
2381 1179 2779 1235 Antiochenam
2810 1178 2999 1236 sedem
3036 1182 3329 1241 invaserat.
3367 1186 3501 1243 Nam

1930 1250 2195 1307 Calendio
2219 1265 2317 1319 per
2340 1250 2449 1321 vim
2486 1260 2557 1321 et
2574 1250 2916 1321 calumniam
2939 1252 3221 1321 depositus
3249 1268 3333 1311 est
3357 1274 3502 1311 anno

1932 1329 2220 1398 sequente,
2275 1319 2369 1389 qui
2421 1320 2524 1374 luit
2554 1320 2756 1398 Christi
2808 1322 2933 1385 484,
2962 1319 3259 1398 statimque
3298 1328 3351 1381 in
3385 1330 3505 1398 ejus

1932 1393 2113 1446 locum
2162 1391 2358 1444 Petrus
2382 1399 2465 1444 est
2489 1391 2835 1460 subrogatus,
2862 1400 2919 1445 ut
2950 1407 3016 1445 ex
3034 1391 3359 1451 certissimis
3414 1391 3505 1452 ἱρά

1932 1462 2206 1518 stimoniis
2228 1460 2426 1532 Felicis
2453 1476 2517 1515 ac
2558 1459 3156 1532 GelasiiRomanorum
3183 1469 3500 1532 pontificum

1932 1534 2187 1602 superius
2210 1530 2573 1602 ostendimus.
2607 1531 2813 1602 Deinde
2842 1547 3103 1600 quorsum
3135 1530 3366 1591 Aeacius
3408 1533 3506 1593 Pe.

1934 1600 2077 1657 trum
2113 1602 2405 1667 ,Fullonem
2465 1600 2662 1655 iterum
2698 1600 2959 1655 damnare
2992 1618 3215 1658 necesse
3248 1606 3501 1669 habebat.

1931 1688 2096 1747 quem
2131 1671 2402 1747 Simplicii
2417 1687 2569 1739 papa:
2592 1672 2934 1747 temporibus
2956 1672 3009 1726 in
3043 1672 3504 1747 Constantiuopm

1932 1741 2100 1797 litana
2137 1741 2347 1813 synodo
2384 1742 2495 1809 jam
2532 1751 2660 1815 ante
2703 1742 3078 1815 damnaverat,
3109 1753 3167 1797 ut
3207 1761 3373 1815 supra
3405 1741 3502 1801 des

1934 1811 2297 1867 monstratum
2339 1820 2423 1864 est
2462 1827 2529 1864 ex
2576 1811 2801 1879 epistola
2836 1812 3011 1881 ipsius
3041 1815 3224 1869 Acacii
3255 1811 3321 1870 ad
3357 1817 3503 1872 Sims

1938 1884 2163 1954 plicium
2192 1890 2478 1955 papam,et
2493 1897 2559 1935 ex
2577 1882 2773 1955 litteris
2799 1882 2996 1955 Felicis
3016 1900 3168 1955 papm
3184 1887 3249 1939 ad
3289 1888 3507 1943 univer‘

1937 1952 2030 2008 sos
2061 1953 2411 2027 presbyteros
2447 1961 2501 2005 et
2532 1952 2999 2027 archimandritas
3022 1952 3501 2027 Constantinopoli

1937 2032 1993 2078 et
2034 2019 2132 2092 p'er
2163 2019 2470 2092 Bithyniam
2504 2020 2851 2076 residentes?
2888 2019 3159 2089 Quorsum
3195 2026 3322 2081 item
3356 2019 3505 2083 F'elix

1939 2108 2163 2149 necesse
2216 2092 2452 2146 habebat
2507 2092 2727 2145 Petrum
2777 2092 3057 2148 Fullonem
3106 2098 3379 2152 sententia
3412 2115 3507 2152 sua

1937 2165 2221 2225 damnare,
2250 2162 2343 2231 qui
2366 2163 2475 2230 jam
2504 2170 2662 2217 antea
2684 2177 2714 2215 a
2738 2162 3019 2232 Simplicio
3048 2164 3225 2220 fuerat
3253 2169 3509 2222 condem-

1942 2233 2138 2287 natus?
2164 2233 2321 2298 Quod
2355 2233 2399 2285 si
2424 2232 2549 2300 quis
2582 2232 2912 2299 respondeat
2948 2250 3152 2289 novum
3179 2237 3387 2291 crimen
3412 2240 3511 2294 Pe-

1939 2305 2007 2358 tri
2043 2303 2339 2367 exstitisse,
2371 2317 2434 2355 ac
2487 2301 2715 2370 proinde
2742 2318 2881 2372 opus
2915 2303 3082 2359 fuisse
3110 2321 3248 2361 nova
3281 2307 3500 2363 damna-

1942 2375 2127 2438 tione;
2163 2390 2300 2443 nego
2354 2387 2555 2443 novum
2588 2372 2760 2443 ullum
2800 2376 3007 2440 cr'unen
3046 2376 3346 2431 admissum
3380 2388 3510 2433 tunc

1938 2460 2058 2516 esse
2091 2459 2123 2498 a
2152 2442 2312 2497 Petro
2338 2442 2881 2516 Fullone.‘_Clausula
2910 2448 3058 2498 enim
3091 2447 3203 2516 illa,
3230 2449 3318 2516 qui
3340 2450 3510 2503 cruci.

1937 2515 2077 2583 ﬁxus
2118 2530 2171 2567 es
2220 2530 2314 2583 pro
2366 2513 2535 2575 nobis,
2571 2512 2664 2567 diu
2691 2514 2821 2567 a'nte
2854 2529 3059 2568 annum
3096 2512 3299 2572 Christi
3323 2517 3426 2572 485
3457 2529 3513 2573 et

1940 2586 2044 2657 484
2098 2599 2136 2657 a_
2175 2584 2336 2657 Petro
2373 2584 2603 2657 Fullone
2630 2583 2844 2657 adjecta
2891 2584 3071 2640 fuerat
3091 2586 3367 2657 _Trisagio.
3402 2588 3512 2643 Nec

1940 2653 1995 2725 in
2014 2653 2173 2709 tertia
2196 2654 2316 2725 ejus
2341 2653 2715 2725 restitutione,
2736 2654 2831 2708 sed
2863 2665 2985 2724 post
3018 2653 3515 2725 primum'enthro-

1940 2724 2201 2795 nisurum,
2240 2723 2422 2795 Leone
2447 2723 2676 2795 August.
2706 2723 2996 2795 imperium
3019 2723 3385 2795 gubernante,
3413 2728 3514 2782 ad-

1940 2792 2052 2848 dita
2077 2793 2257 2847 fuerat
2278 2808 2306 2846 a
2332 2793 2514 2855 l’etro,
2530 2802 2588 2846 ut
2624 2792 2785 2848 docet
2804 2792 3128 2851 Theodorus
3159 2796 3355 2852 Lector
3374 2799 3427 2852 in
3450 2800 3516 2852 li-

1940 2864 2041 2919 bro
2060 2864 2259 2934 primo,
2282 2872 2337 2918 et
2358 2862 2725 2932 Theophanes
2748 2864 2802 2917 in
2828 2864 3112 2931 Chronico,
3131 2876 3189 2922 et
3202 2866 3509 2925 Cedrenus.

2596 2973 2747 3028 CAP.
2793 2975 2857 3029 ν.

2010 3065 2323 3121 Notandum
2366 3080 2532 3134 porro
2582 3075 2668 3119 est
2722 3065 3020 3121 clausulam
3084 3069 3232 3124 illam
3278 3088 3309 3127 a
3353 3073 3515 3129 Petro
3554 3066 3559 3069 ’

262 3135 1178 3210 condemnatus,quemadmodum
1206 3157 1371 3210 supra
1389 3141 1699 3195 docuimus.
1729 3135 1843 3191 Cte-
1874 3199 1907 3210 Α
1944 3137 2172 3210 Fullone
2210 3137 2475 3205 adiectam
2522 3136 2724 3210 hymno
2757 3135 3025 3206 Trisagio,
3057 3138 3109 3191 iu
3142 3140 3519 3210 Orientalibus

273 3217 462 3280 terum
517 3199 816 3263 notandum
852 3218 936 3264 est
964 3211 1017 3264 in
1043 3209 1229 3265 Graeco
1262 3199 1410 3265 textu
1438 3212 1603 3280 hujus
1631 3209 1838 3280 episto-
1868 3199 1911 3257 C
1948 3207 2208 3280 Ecclesiis
2237 3199 2504 3280 perpetuo
2535 3199 3134 3280 d'einceps_usurpatam
3165 3209 3337 3266 fuisse
3373 3229 3403 3267 a
3429 3199 3521 3271 cae

269 3279 344 3350 la}
372 3279 531 3350 longe
559 3280 719 3333 aliam
753 3281 1079 3350 scripturam
1116 3280 1341 3334 haberi:
1370 3282 1451 3336 sic
1479 3276 1625 3350 enim
1652 3276 1727 3333 ibi
1764 3276 1845 3330 le-

268 3348 431 3430 giﬁtur
463 3348 628 3430 {Kal
643 3366 703 3414 γε
721 3348 1145 3430 .nendttwuévq
1169 3351 1309 3430 socco
1340 3368 1435 3404 σου
1465 3353 1497 3418 ὴ
1526 3349 1849 3430 ambulem};

270 3418 423 3485 αὕτη
478 3419 567 3471 ὑπ’
612 3418 784 3489 ἐμοῦ,
842 3421 936 3472 καὶ
981 3418 1089 3472 τῶν
1118 3421 1410 3475 διεπόντων
1447 3420 1562 3488 μετ’
1592 3418 1728 3487 ἐμοῦ
1757 3420 1849 3473 τὸν

271 3489 634 3561 (inoccatum
663 3490 873 3559 θρόνον,
902 3497 1007 3545 etc.
1034 3490 1090 3543 ltl
1117 3500 1222 3554 est,
1248 3493 1370 3546 Ηωο
1396 3492 1560 3561 igitur
1588 3491 1663 3543 tui
1687 3492 1843 3561 depo-

267 3559 402 3630 sitio
429 3557 538 3626 [ima
562 3560 630 3630 sit
689 3557 720 3612 a
757 3575 857 3621 me,
892 3568 941 3612 et
975 3561 1037 3613 ab
1063 3562 1126 3613 iis
1155 3563 1245 3630 qui
1280 3557 1481 3616 mecum
1505 3557 1851 3630 apostolicam

266 3629 457 3682 sedem
485 3629 781 3697 gubernare
813 3639 1119 3683 noscuntur.
1166 3629 1297 3697 Quae.
1325 3631 1490 3685 verba
1530 3631 1599 3683 de
1628 3631 1853 3698 presby-

274 3698 420 3753 teris
451 3708 506 3753 et
531 3699 810 3771 episcopis
851 3700 1222 3755 cardinalibus
1264 3701 1447 3771 potius
1492 3698 1852 3771 intelligenda

272 3780 437 3831 sunt,
467 3770 560 3838 qui
594 3769 746 3840 quasi
782 3770 1126 3839 coadjutores
1165 3769 1388 3840 quidam
1422 3780 1583 3825 erant
1620 3769 1852 3825 Remani

317 3839 578 3901 ontilicis,
608 3847 666 3891 ut
712 3839 767 3893 in
809 3841 1043 3908 quadam
1087 3839 1318 3910 epiStola
1378 3842 1621 3910 loquitur
1658 3841 1856 3896 Petrus

317 3855 578 3901 OlltlllClS,
608 3855 666 3891 ιιι
714 3856 767 3893 ιη
809 3855 1043 3908 quanam
1087 3855 1318 3910 epistota
1378 3855 1621 3910 loquntur
1660 3855 1854 3896 Petrus

275 3855 679 3963 Eluniacensis.
710 3909 864 3963 Ilicet
901 3911 991 3963 hic
1026 3910 1259 3965 fortasse
1282 3912 1500 3980 aliquis,
1529 3927 1622 3965 eas
1643 3911 1854 3979 episto-

277 3980 363 4032 las
391 3996 501 4032 non
534 3994 597 4033 ex
623 3980 809 4033 (iunco
835 3982 886 4033 in
913 3981 1168 4034 Latinum
1198 3997 1506 4036 sermonem
1535 3995 1654 4036 esse
1680 3990 1857 4035 trans-

281 4048 446 4111 latas,
497 4049 604 4120 sed
638 4048 855 4120 Crzecas
885 4052 1071 4120 potius
1097 4066 1162 4105 ex
1206 4051 1415 4105 Latinis
1457 4051 1625 4105 factas
1646 4050 1853 4105 videri:

281 4126 449 4190 atque
494 4119 566 4190 ita
600 4119 772 4190 sensit
794 4119 1115 4175 Anastasius
1144 4122 1606 4175 Bibliotheearius
1637 4120 1690 4174 in
1716 4136 1858 4190 prai—

282 4189 490 4242 l'atione
535 4188 1032 4254 Collectaneorum,
1072 4192 1139 4244 ad
1168 4190 1431 4246 Joannem
1463 4188 1754 4245 diaconum
1782 4191 1858 4245 ita

282 4258 579 4331 scribens:
624 4258 911 4331 Nonnulla
948 4278 1062 4331 qua:
1094 4261 1279 4315 Latine
1318 4260 1721 4328 fuerunteditte,
1754 4261 1860 4314 La-

285 4328 469 4401 tinitas
512 4330 745 4401 funditus
808 4328 1259 4385 moleoblivionis
1291 4332 1479 4385 obruta
1511 4331 1856 4401 deplorasset,

285 4398 482 4470 nisiex
511 4398 814 4453 Graecorum
869 4401 1011 4469 [ante
1059 4402 1310 4455 librorum
1361 4405 1469 4455 IttBC
1517 4398 1707 4453 hausta
1744 4410 1859 4470 post

283 4469 549 4542 sitibundp
576 4476 781 4542 pectore
824 4475 1218 4542 resumpsisset:
1257 4473 1389 4525 sicut
1414 4471 1691 4541 epistolam
1719 4469 1861 4525 beati

1952 3277 2173 3348 tholicis
2201 3274 2603 3348 sacerdotibus,
2640 3275 2768 3348 licet
2791 3274 3396 3348 Constantinopolitana
3417 3286 3517 3341 Ec-

1949 3347 2114 3401 clesia
2154 3356 2210 3400 et
2242 3346 2513 3414 pleraeque
2558 3345 2990 3400 Occidentalium
3039 3345 3336 3405 clausulam
3370 3353 3518 3411 illam

1951 3417 2266 3487 rejicerent.
2299 3414 2460 3487 Certe
2508 3415 2851 3487 Ephraamius
2876 3417 3185 3485 patriarcha
3223 3422 3523 3479 Antioche-

1952 3485 2057 3541 nus
2083 3528 2096 3551 ,
2127 3502 2291 3556 quem
2324 3486 2657 3539 catholicum
2712 3485 2884 3556 fuisse
2933 3496 3167 3553 constat,
3201 3491 3384 3548 adhuc
3422 3511 3521 3549 sua

1951 3566 2116 3611 a-tate
2136 3553 2334 3626 passim
2358 3556 2412 3608 in
2442 3556 2700 3609 omnibus
2723 3553 2965 3610 Orientis
2998 3558 3263 3616 Ecclesiis
3298 3564 3521 3619 clausu-

1956 3630 2057 3700 lam
2075 3627 2218 3700 illam
2240 3627 2361 3700 cani
2382 3626 2594 3700 solitam
2616 3640 2735 3679 esse
2759 3633 2991 3700 testatur
3010 3627 3181 3700 (70)in
3204 3632 3433 3700 epistola
3455 3636 3522 3689 ad

1953 3697 2257 3751 Zenobium
2276 3696 2712 3759 Scholasticum;
2747 3711 2850 3750 nec
2869 3698 3039 3750 ullum
3062 3696 3350 3756 dissidium
3381 3707 3525 3760 inter

1954 3767 2265 3843 Orientales
2279 3775 2335 3820 et
2352 3765 2733 3843 Occidentales
2760 3766 2924 3843 hujus
2936 3767 3016 3821 rei
3046 3784 3208 3843 causa
3227 3774 3519 3843 exstitisse;

1955 3852 2081 3892 cum
2149 3836 2461 3893 Orientales
2534 3835 2758 3905 quidem
2817 3836 3081 3905 hymnum
3136 3842 3289 3895 illum
3344 3835 3525 3900 Trisa;

1956 3909 2103 3978 gium
2126 3908 2191 3961 ad
2213 3906 2504 3978 Christum
2517 3906 2807 3978 referrent,
2836 3906 3217 3966 Occidentales
3244 3929 3377 3968 vero
3398 3931 3523 3969 eum

1959 3974 2228 4033 referrent
2256 3976 2325 4029 ad
2355 3976 2704 4030 Trinitatem.
2734 3974 2808 4028 Ex
2844 3992 2954 4045 quo
2980 3980 3144 4032 etiam
3180 3986 3527 4039 convincitur

1958 4049 2167 4104 falsitas
2208 4047 2561 4117 epistularum
2593 4063 2731 4117 quas
2777 4062 2943 4115 supra
2980 4053 3301 4117 memoravi,
3332 4053 3528 4109 Felicis

1957 4116 2253 4193 scilicetet
2274 4117 2494 4193 Acacii._
2514 4117 2647 4170 Nam
2772 4117 2965 4193 P_etrus
2993 4119 3245 4193 Fullokob
3266 4124 3529 4193 adjectio-

1959 4205 2084 4243 nem
2114 4189 2263 4242 illius
2289 4188 2546 4241 clausulae
2574 4202 2603 4239 a
2634 4187 2765 4240 sede
2794 4188 3038 4243 Romana
3054 4202 3108 4244 et
3134 4187 3530 4248 Constantino-

1961 4257 2775 4335 politanatlamltatus“fuisset.
2812 4274 3094 4335 nunquam
3142 4263 3394 4335 profecto
3435 4281 3532 4335 ap-

1961 4276 2197 4329 pontana
2223 4276 2515 4313 damnatus
2563 4276 2775 4316 Illlssel,
2812 4276 3094 4327 nunquam
3131 4276 3394 4386 (protento
3435 4281 3528 4335 ap-

1961 4329 2164 4398 pendix
2205 4328 2294 4382 illa
2333 4326 2563 4395 Trisagii
2617 4337 2830 4381 retenta
2861 4338 3009 4383 esset
3041 4331 3110 4384 ab
3182 4333 3528 4397 rientalibus,

1963 4416 2063 4453 nec
2083 4398 2669 4467 Constantinopolitani
2687 4408 2743 4451 et
2766 4399 2963 4467 reliqui
2985 4398 3366 4458 Occidentales
3386 4421 3536 4460 com-

1963 4470 2248 4544 municare
2284 4469 2547 4544 deinceps
2586 4469 2984 4544 sustinuissent
3010 4469 3408 4544 Orientalibus,
3436 4478 3529 4544 qui

283 4554 442 4607 ραρω
499 4537 705 4601 Felicis,
741 4541 798 4591 in
848 4537 1067 4595 Petrum
1114 4537 1497 4596 Antiochenam
1541 4542 1856 4595 sententiam
1893 4537 1937 4593 Ι)
1962 4554 2081 4593 eam
2110 4539 2406 4593 clausulam
2426 4538 2760 4592 retinebant.
2784 4539 2936 4594 Adde
2965 4542 3111 4608 quod
3144 4542 3340 4598 Avitus
3372 4537 3537 4600 Vien-

288 4608 1040 4681 proferentemdamnationis.
1073 4612 1185 4681 Ego
1203 4628 1332 4681 vero
1361 4611 1417 4665 in
1446 4610 1861 4681 praesentiarum

292 4678 343 4749 id
368 4694 474 4749 non
512 4679 754 4749 inquiro.
808 4681 920 4735 Hoc
956 4678 1165 4735 tantum
1195 4680 1343 4743 dico,
1374 4678 1479 4735 etsi
1506 4679 1768 4749 epistolas
1796 4681 1861 4735 il-

288 4747 368 4803 las
396 4747 600 4805 demus
613 4765 679 4805 ex
703 4751 900 4806 Latino
928 4766 1182 4807 sermone
1216 4751 1272 4805 in
1297 4747 1863 4807 Graecum'eonversas

1968 4609 2156 4685 pensis
2186 4612 2498 4685 episcopus.
2540 4610 2592 4661 in
2626 4609 2857 4685 epistola
2888 4611 2960 4685 ad
2982 4611 3384 4685 Gundebadum
3423 4616 3533 4685 (7|)

1969 4678 2423 4749 Burgundionum
2456 4694 2662 4743 regem,
2694 4679 2994 4734 clausulam
3024 4682 3205 4736 illam:
3280 4686 3333 4738 ui
3366 4678 3539 4739 cruci-

1969 4750 2106 4808 ﬁxus
2134 4766 2186 4803 es
2217 4756 2428 4808 propter
2459 4764 2575 4808 nos,
2603 4750 2851 4803 miserere
2879 4751 3045 4808 nobis.
3081 4701 3369 4808 ambabus.
3389 4756 3536 4808 quod

1968 4750 2106 4818 ﬁxus
2134 4766 2186 4803 es
2217 4756 2428 4820 propter
2459 4764 2575 4811 nos,
2603 4750 2851 4803 miserere
2879 4751 3045 4817 nobis,
3081 4750 3369 4819 ambabus,
3389 4756 3536 4825 quod

1791 4869 2020 4927 ΝΟΤΑΕ.

363 4963 477 5036 (69)
523 4963 589 5019 In
642 4965 863 5036 epistola
898 4966 1055 5020 tertia
1100 4963 1288 5020 Felicis
1336 4965 1445 5020 PP.
1479 4964 1631 5021 Hanc
1675 4975 1734 5023 et
1772 4981 1863 5021 se-

290 5043 551 5105 quentem
598 5037 886 5105 epistolam
936 5036 1292 5091 librariorum
1329 5051 1519 5090 errore
1566 5036 1731 5091 Felici
1782 5038 1865 5091 in-

291 5104 543 5177 scriptas,
585 5104 852 5176 Simplicio
905 5122 1057 5177 papa:
1106 5122 1297 5161 revera
1343 5106 1685 5177 tribuendas
1716 5122 1859 5171 esse,

294 5176 481 5248 multis
518 5177 807 5248 contendit
855 5176 1051 5248 Pagius
1077 5246 1083 5248 _
1106 5177 1175 5230 ad
1232 5192 1361 5230 ann.
1415 5176 1540 5240 478,
1572 5193 1635 5248 in.
1665 5176 1719 5239 6,
1751 5180 1859 5231 etc.

292 5246 350 5299 in
382 5246 637 5316 hisenim
673 5262 808 5315 papa
834 5246 901 5300 ad
927 5246 1184 5301 Acacium
1237 5256 1492 5316 tanquam
1520 5247 1586 5299 ad
1621 5248 1858 5302 amicum

291 5325 349 5369 et
382 5314 574 5369 eadem
602 5314 790 5370 secum
827 5316 881 5370 in
918 5317 1145 5371 Fullone
1177 5314 1487 5372 damnando
1531 5317 1856 5372 sentientem

294 5385 486 5441 scribit
517 5402 531 5439 :
572 5401 697 5457 cum
730 5386 875 5457 inter
906 5386 1140 5457 Felicem
1171 5396 1228 5457 et
1259 5386 1517 5442 Acacium
1572 5403 1851 5457 nunquam

291 5456 612 5527 convenerit
645 5473 658 5509 :
688 5456 798 5527 imo
837 5456 1093 5525 inprima
1117 5456 1351 5527 epistola
1394 5473 1558 5527 quam
1595 5456 1746 5512 Felix
1784 5458 1851 5511 ad

293 5524 549 5595 Acacium
578 5525 747 5595 dedit,
778 5524 1005 5595 questus
1024 5534 1108 5582 est
1130 5526 1388 5582 Acacium
1413 5524 1445 5582 ξι
1469 5528 1853 5582 decessoribus

293 5595 407 5649 suis
428 5594 628 5650 litteris
652 5594 960 5659 incitatum,
988 5597 1139 5651 velut
1186 5597 1444 5651 obstinato
1474 5597 1683 5651 silentio
1714 5598 1851 5652 nihil

292 5663 591 5734 quidquam
642 5666 882 5721 voluisse
932 5667 1159 5722 referre.
1195 5667 1282 5720 W.
1319 5667 1534 5719 Lowrn.

359 5735 469 5803 (70)
508 5734 1001 5805 Eplirwmius—in
1065 5736 1293 5790 Orientis
1341 5736 1585 5790 Ecclesiis
1640 5738 1851 5791 clausu-

296 5799 404 5857 lam
449 5799 603 5859 illam
651 5808 773 5861 cani
820 5806 1030 5860 solitam
1086 5824 1195 5860 esse
1255 5815 1502 5862 testatur.
1542 5808 1737 5877 Pagius
1784 5807 1851 5861 ad

1968 4982 2099 5021 ann.
2149 4965 2275 5031 5l2,
2326 4981 2385 5019 n.
2451 4963 2538 5027 l5,
2585 4978 2651 5019 ex
2686 4962 2965 5019 Sirmondi
3004 4962 3150 5017 notis
3202 4964 3255 5017 in
3313 4964 3536 5020 Avitum

1965 5038 2245 5099 observat,
2284 5036 2399 5090 hare
2438 5033 2573 5090 falso
2603 5036 2670 5089 ah
2702 5035 3015 5105 Ephraamio
3047 5034 3137 5105 de
3166 5032 3540 5091 Orientalibus
3608 5044 3612 5049 '

1965 5107 2134 5163 scribi
2170 5126 2183 5160 :
2214 5114 2429 5160 veteres
2453 5105 2601 5158 enim
2637 5104 2831 5159 omnes
2862 5120 3079 5174 semper
3111 5104 3179 5158 de
3212 5106 3320 5159 Deo
3347 5105 3538 5169 Trino.

1966 5192 2245 5246 nunquam
2272 5179 2337 5229 de
2377 5174 2519 5246 Filio
2559 5176 2675 5246 solo
2722 5177 2871 5229 hunc
2923 5176 3193 5246 Hymnnm
3239 5178 3540 5245 accepisse,

1962 5245 2124 5316 quem
2153 5258 2210 5301 et
2240 5245 2513 5316 τριαδικὸν
2547 5261 2612 5299 ea
2642 5245 2709 5299 de
2755 5261 2920 5301 causa
2958 5245 3306 5314 nuncupasse
3339 5263 3353 5298 :
3400 5262 3541 5315 pra:-

1962 5326 2135 5375 terea.
2172 5318 2394 5371 Petrum
2425 5316 2711 5386 Fullonem
2743 5318 2883 5370 hanc
2930 5316 3231 5369 clausulam
3254 5316 3539 5386 adiecisse,

1958 5403 2070 5456 quo
2128 5388 2298 5441 Deum
2344 5400 2471 5440 cum
2531 5385 2951 5455 'l‘heopaschitis
3019 5385 3342 5440 crucitisum
3394 5402 3547 5442 asse«

1960 5465 2107 5512 reret
2161 5457 2238 5510 In.

2034 5527 2146 5598 (7|)
2174 5527 2370 5598 Avitus
2432 5526 2485 5578 in
2511 5525 2718 5598 epitola
2756 5527 2826 5598 ad
2878 5526 3285 5598 Gundobndum.
3325 5526 3547 5581 Avitum

1959 5596 2102 5653 male
2130 5596 2222 5652 'de
2267 5597 2436 5668 rebus
2482 5596 2957 5668 Constantinopoli
3017 5598 3185 5668 gestis
3240 5598 3499 5668 edoctum
3529 5641 3543 5661 ,

1957 5669 2243 5738 epistolam
2265 5667 2426 5738 istam
2449 5666 2758 5738 scripsisse,
2782 5666 3039 5738 pluribus
3061 5667 3305 5723 ostendit
3324 5667 3544 5738 Pagius,

1956 5737 2095 5795 ibid.
2140 5756 2195 5794 η.
2235 5738 2323 5804 ll,
2358 5737 2425 5791 l2
2482 5737 2556 5791 lt).
