4018 6506
571 461 3766 509 W

1748 680 1919 726 ANNO
1958 680 2183 726 nomn:
2227 679 2634 737 pLxx-Dcvm.

943 886 2020 1068 SANCTUS
2226 884 3474 1069 EULOGIUS

1070 1316 1078 1327 .
1138 1247 2077 1337 ALEXANDRINUS
2174 1244 3238 1339 ARCHIEPISCOPUS.

2018 1628 2353 1691 NOTITIA.

1566 1798 1853 1869 (Cauno.
1885 1799 2130 1855 Biblioth.
2162 1797 2407 1861 Patrum,
2435 1808 2476 1854 ι.
2499 1796 2614 1862 XII,
2650 1812 2702 1869 p.
2730 1795 2862 1866 xlv.)

644 2131 685 2185 Ι.
715 2126 1001 2196 Eulogium
1028 2125 1208 2194 primo
1241 2124 1501 2179 Ecclesiae
1531 2122 1889 2179 Antiochenze
1917 2124 2300 2196 presbyterum
2332 2122 2525 2189 fuisse,
2557 2123 2758 2180 deinde
2786 2122 3190 2180 monasterium
3221 2119 3438 2177 rexisse
3469 2119 3788 2175 sanctissima

576 2216 819 2285 Deiparze
853 2212 1345 2276 Justinianeorum,
1378 2228 1443 2266 ac
1474 2212 1694 2266 demum
1736 2212 1923 2267 sedem
1951 2212 2349 2269 Antiochenam
2385 2211 2556 2267 fuisse
2589 2212 2871 2283 adeptum,
2901 2228 2971 2268 ex
3002 2211 3201 2268 Photio
3226 2208 3598 2280 intelligimus
3626 2208 3713 2281 (α).
3746 2210 3787 2265 1η

574 2303 895 2374 episcopatu
941 2299 1138 2354 Joanni
1174 2299 1191 2353 l
1219 2300 1485 2354 successit
1513 2316 1659 2353 anno
1686 2300 1788 2354 579
1818 2308 2088 2364 vertente,
2112 2309 2175 2355 ut
2206 2316 2273 2356 ex
2312 2301 2515 2357 tabulis
2540 2301 2895 2372 Theophanis
2933 2309 2988 2357 et
3015 2298 3309 2370 Nicephori
3346 2298 3618 2353 laterculo
3647 2300 3790 2367 arguit

580 2390 892 2460 Lequienus
926 2388 1020 2456 (b).
1052 2389 1222 2442 Paulo
1272 2387 1434 2442 aliter
1482 2387 1699 2457 Pagius,
1732 2387 1825 2457 qui
1858 2403 1983 2443 eum
2012 2387 2079 2441 ad
2114 2387 2375 2442 thronum
2408 2389 2842 2444 Alexandrinum
2868 2404 3016 2443 anno
3052 2388 3169 2443 580
3201 2396 3460 2443 evectum
3498 2385 3661 2440 fuisse
3684 2384 3791 2439 scri-

578 2476 776 2548 bit(c).
825 2475 1193 2541 Quamobrem
1242 2490 1421 2544 neque
1471 2474 1741 2535 Bollandi.
1779 2489 1958 2542 neque
1999 2472 2219 2528 Sollerii
2253 2476 2529 2532 sententia
2584 2485 2671 2532 est
2719 2476 3094 2542 admittenda;
3131 2491 3375 2545 quorum
3427 2474 3570 2529 alter
3615 2473 3786 2542 Eulogii

580 2564 906 2634 praesulatus
938 2562 1156 2617 initium
1200 2561 1268 2616 ad
1302 2578 1506 2616 annum
1538 2561 1641 2616 576
1669 2562 1904 2616 retrahit
1932 2561 2044 2629 (d);
2074 2561 2216 2616 alter
2251 2580 2386 2619 vero
2435 2563 2503 2618 ad
2537 2580 2743 2619 annum
2788 2564 2892 2619 577
2936 2572 3330 2633 mortuumque
3381 2576 3533 2616 anno
3565 2561 3679 2631 601,
3704 2568 3787 2613 tra—

577 2651 658 2705 dit
691 2650 781 2720 (e).
838 2649 1175 2704 Statuendus
1206 2650 1391 2717 itaque
1445 2664 1625 2703 annus
1678 2648 1895 2719 Eulogii
1945 2650 2268 2706 emortualis
2307 2650 2430 2707 607.
2481 2652 2666 2722 Ipsum
2701 2652 2849 2707 enim
2883 2665 3061 2706 annos
3092 2650 3163 2705 27
3205 2649 3536 2721 episcopatu
3581 2647 3783 2702 functum

577 2741 768 2803 fuisse,
804 2750 921 2794 tum
954 2755 1023 2795 ex
1061 2737 1416 2809 Theophanis
1451 2737 1673 2803 tabulis,
1721 2746 1837 2792 tum
1883 2754 1949 2794 ex
1997 2739 2310 2810 Nicephoro
2341 2738 2554 2795 Callisti
2602 2739 2889 2795 erudimur
2917 2739 3007 2810 (f),
3048 2737 3196 2809 apud
3230 2752 3401 2809 quem
3450 2735 3674 2807 legimus
3713 2734 3783 2803 ἐτη

575 2828 877 2895 ἑπτὰεπρὸς
907 2829 1019 2890 τοῖς
1052 2827 1277 2889 εἴκοσιν,
1320 2824 1412 2879 ubi
1454 2840 1742 2893 perperam
1776 2825 2053 2895 interpres
2075 2828 2156 2897 vig

2195 2827 2263 2880 uti
2292 2827 2539 2898 quinque.
2574 2826 2713 2882 Hinc
2747 2826 2979 2897 proinde
3011 2826 3069 2881 in
3098 2824 3402 2895 Nicephori
3436 2821 3687 2879 laterculo
3708 2834 3782 2892 pro

578 2917 641 2980 ιζ’
669 2914 1074 2970 emendandum
1129 2927 1355 2981 prorsus
1386 2912 1497 2977 κζ’;
1531 2912 1581 2966 id
1622 2922 1728 2975 est,
1777 2929 1876 2983 pro
1905 2914 1969 2967 17
2006 2914 2420 2969 rescribendum
2456 2915 2547 2981 27,
2582 2914 2935 2969 librariorum
2971 2914 3125 2983 lapsu
3184 2911 3330 2967 haud
3369 2908 3711 2980 infrequenti.
3739 2910 3781 2960 tn

578 3002 778 3055 tabulis
806 2999 1195 3054 ecclesiasticis
1239 3001 1362 3071 ejus
1408 3000 1675 3055 memoria
1735 3001 2001 3055 recolitur
2039 3000 2132 3055 die
2162 3000 2228 3054 15
2266 3000 2650 3072 Septembris:
2680 3002 2735 3057 in
2790 3000 3099 3070 Menologio
3154 3007 3343 3054 autem
3378 2996 3682 3053 Graecorum
3715 2992 3782 3048 die

610 3091 642 3143 5
672 3088 956 3143 Februarii
991 3090 1089 3143 (al.

715 3090 956 3142 cbruarii
1054 3094 1089 3140 ξ.

580 3090 716 3232 ﬁt:
744 3177 838 3232 Vir
894 3090 1313 3246 fuit<gEulogius
1369 3174 1574 3244 pietate
1636 3189 1700 3230 ac
1756 3174 1986 3230 scientia
2044 3182 2333 3245 praestans.
2390 3176 2465 3230 De
2523 3190 2591 3231 eo
2640 3175 2906 3230 nonnulla
2962 3175 3104 3230 scitu
3155 3174 3324 3245 digna
3372 3171 3545 3227 refert
3590 3170 3783 3226 Joannes

574 3266 829 3320 Moschus
857 3263 931 3335 (h)
961 3280 976 3317 :
1010 3264 1153 3318 inter
1183 3279 1306 3333 qua:
1336 3261 1471 3317 illud
1523 3262 1577 3316 in
1613 3262 1827 3332 primis,
1857 3262 2005 3331 quod
2055 3279 2179 3319 cum
2225 3263 2373 3318 idem
2404 3263 2606 3333 praesul
2640 3263 3045 3319 Alexandrinus
3073 3261 3613 3332 Constantinopolim
3640 3256 3781 3328 profe-

574 3363 698 3408 ctus
723 3361 890 3414 esset,
929 3351 1294 3406 contubernio
1327 3366 1462 3406 usus
1506 3349 1687 3405 fuerat
1730 3350 2107 3406 archidiaconi
2158 3350 2391 3405 Romani
2433 3351 2639 3406 domini
2674 3351 2969 3423 Gregorii,
3019 3350 3223 3406 summi
3273 3359 3333 3406 et
3382 3348 3665 3420 singularis
3702 3343 3780 3399 viri

573 3441 836 3507 omnique
857 3439 1061 3493 virtute
1098 3437 1304 3503 ornati,
1334 3438 1429 3507 qui
1457 3438 1561 3492 sibi
1591 3452 1879 3493 enarrasse
1910 3436 2238 3503 aﬂirmabat,
2273 3439 2463 3494 haberi
2506 3439 2767 3509 scriptam
2799 3439 2857 3495 in
2885 3438 3122 3496 ecclesia
3150 3439 3404 3494 Romana
3433 3437 3623 3493 miram
3650 3434 3782 3488 histo-

578 3527 713 3581 riam
750 3527 818 3582 de
848 3526 1023 3582 sancti
1056 3524 1258 3580 Leonis
1288 3541 1440 3595 papa:
1483 3524 1714 3595 epistola
1759 3525 1825 3579 ad
1858 3525 2177 3580 Flavianum
2206 3524 2882 3597 Constantinopolitanum
2917 3526 3261 3597 episcopum,
3295 3538 3469 3577 manu
3504 3520 3641 3577 beati
3668 3515 3781 3574 Petri

574 3614 948 3685 apostolorum
979 3612 1244 3682 principis
1276 3610 1587 3666 emendata.
1620 3612 1695 3666 De
1727 3613 1828 3665 hac
1863 3613 1992 3668 item
2023 3614 2270 3682 ejusdem
2305 3617 2478 3670 sancti
2524 3614 2807 3685 pontificis
2830 3615 3064 3685 epistola
3093 3628 3259 3684 quam
3286 3611 3556 3682 Eulogius
3583 3604 3781 3676 sumpit

573 3720 638 3759 ac
689 3704 954 3769 laudavit,
1003 3702 1152 3756 aliud
1203 3701 1466 3772 quiddam
1512 3702 1765 3757 mirabile
1815 3703 1873 3757 in
1926 3703 2230 3759 Cnet-orum
2259 3703 2552 3775 Menologio
2600 3710 2859 3758 narratur
2887 3704 2971 3775 (i).
3022 3700 3294 3757 Caeterum
3356 3708 3548 3755 noster
3596 3696 3781 3753 antistes

574 3793 979 3847 Alexandrinus
1024 3790 1130 3846 fuit
1175 3806 1306 3846 sane
1339 3790 1604 3862 Gregorio
1633 3793 2015 3857 charissimus,
2060 3801 2119 3849 ut
2165 3809 2235 3849 ex
2282 3793 2454 3863 ipsius
2501 3791 2856 3862 epistolarum
2901 3789 3121 3861 Regesto
3159 3787 3395 3859 intelligi
3442 3794 3635 3859 potest.
3680 3784 3780 3854 Ejus

575 3882 750 3936 zelum
775 3882 889 3937 sive
922 3882 975 3934 in
1006 3880 1390 3951 Oppugnandis
1419 3882 1536 3935 sive
1568 3880 1621 3935 in
1651 3883 2040 3938 convertendis
2070 3882 2344 3938 haereticis
2382 3878 2730 3949 potissimum
2760 3875 2949 3931 laudat
2985 3889 3234 3931 summus
3262 3876 3541 3946 pontifex;
3568 3873 3778 3940 illiusqne

575 3969 833 4038 precibus
869 3968 1169 4037 Anglorum
1202 3969 1621 4024 conversionem
1651 3969 1879 4024 ascribit
1910 3970 2004 4039 (j).
2037 3970 2218 4039 Ipsum
2246 3977 2509 4039 praeterea
2539 3966 2637 4021 Dei
2662 3979 2951 4036 organum,
2975 3963 3223 4019 veritatis
3249 3963 3567 4019 ministrum
3592 3970 3644 4016 et
3665 3956 3777 4015 Petri

572 4072 863 4111 sequacem
896 4055 1137 4111 appellat
1167 4056 1262 4111 (kl.

673 4072 863 4111 uacem
896 4071 925 4109 a
1006 4057 1137 4109 ellat
1188 4057 1219 4109 k
1250 4097 1262 4109 .

634 4074 728 4196 (IIII.
779 4071 1079 4212 Comgl‘hra
1120 4057 1326 4196 liitgris
1367 4141 1713 4212 consignavit
1754 4142 2052 4213 Eulogius,
2100 4158 2221 4211 quae
2253 4151 2434 4197 tamen
2463 4142 2648 4197 omnia
2682 4140 2854 4197 ferme
2884 4139 3325 4203 interciderunt,
3357 4138 3551 4209 paucis
3579 4132 3777 4205 exceptis

572 4229 898 4299 fragmentis
943 4244 1064 4298 quae
1109 4239 1327 4283 servata
1369 4229 1602 4283 Photius
1649 4238 1900 4284 recenset
1930 4230 2013 4299 (ι).
2060 4230 2138 4285 Ex
2193 4232 2261 4287 iis
2311 4230 2455 4285 inter
2501 4230 2609 4283 alia
2642 4238 2861 4284 exstant
2909 4229 3087 4298 capita
3145 4227 3238 4283 VII
3279 4227 3357 4281 De
3389 4227 3585 4281 duabus
3612 4224 3775 4279 naturis

571 4315 783 4370 Domini
812 4317 1010 4386 Deique
1033 4333 1096 4371 ac
1120 4315 1415 4372 Saluatoris
1446 4316 1634 4382 nostri,
1668 4317 1813 4373 inter
1839 4316 2114 4387 Opuscula
2148 4317 2457 4387 theologica
2482 4326 2538 4371 et
2564 4317 2835 4387 polemica
2864 4317 3038 4371 sancti
3074 4316 3292 4371 Maximi
3336 4314 3659 4371 confessoris
3679 4311 3775 4382 (In);

571 4418 694 4473 qua:
725 4403 853 4458 inde
894 4403 1226 4471 protulimus
1262 4419 1331 4459 ex
1372 4405 1832 4474 interpretatione
1888 4404 2164 4461 Francisci
2210 4404 2549 4461 Combcflsii.
2595 4404 2810 4471 Quibus
2854 4404 3078 4474 quidem
3125 4404 3410 4475 capitibus
3458 4400 3775 4475 praemisimus

575 4491 749 4559 ipsius
776 4488 1081 4545 Orationem
1101 4492 1156 4545 in
1182 4491 1319 4545 diem
1348 4495 1541 4561 [catum
1569 4491 1907 4557 Palmarum,
1942 4494 2135 4548 eodem
2159 4493 2492 4551 Combefisio
2532 4494 2836 4564 interprete
2870 4494 2947 4563 (η)
2972 4493 3064 4563 qui
3092 4508 3211 4548 eam
3240 4492 3539 4563 descripsit
3564 4506 3626 4545 ex
3646 4485 3774 4556 Regio

573 4576 764 4632 codice
802 4576 1124 4643 Parisiensi,
1176 4580 1433 4649 notisque
1485 4580 1804 4635 illustravit.
1842 4582 1997 4636 Edita
2039 4582 2265 4652 quidem
2314 4582 2521 4637 dudum
2572 4583 2754 4638 fuerat
2787 4598 2853 4636 ex
2899 4581 3193 4637 Oxoniensi
3245 4580 3460 4644 codice,
3513 4594 3575 4633 ac
3615 4572 3773 4646 Cyrillo

573 4665 945 4720 Alexandrino
977 4666 1205 4734 tributa,
1238 4668 1325 4723 cui
1353 4684 1574 4739 quoque
1618 4669 1918 4725 ascribitur
1950 4672 2005 4724 in
2035 4671 2225 4726 codice
2272 4671 2378 4725 285
2418 4670 2750 4725 Bibliotheca?
2790 4669 3131 4725 Coislinianaa
3160 4669 3230 4741 (ο)
3260 4687 3274 4724 :
3320 4688 3339 4721 ι
3387 4667 3494 4724 Sed
3535 4664 3662 4736 ston
3687 4661 3773 4730 ipso

572 4762 936 4823 repugnante,
971 4753 1152 4823 inquit
1180 4755 1435 4810 laudatus
1460 4756 1829 4813 Combelisius
1860 4757 1959 4828 (p),
1987 4766 2047 4812 ut
2073 4757 2516 4828 deprehenderat
2541 4758 2661 4828 ejus
2690 4757 2836 4827 apud
2865 4756 3132 4828 Cyrillum
3167 4756 3463 4827 interpres.
3500 4754 3587 4811 Sic
3612 4748 3769 4823 passim

569 4841 843 4897 celebrior
887 4842 1012 4912 quis
1044 4843 1265 4913 scriptis
1294 4844 1481 4909 editis,
1527 4846 1698 4901 etiam
1721 4847 1955 4902 aliorum
1998 4845 2066 4901 ad
2112 4862 2170 4902 se
2213 4848 2417 4917 scripta
2454 4845 2643 4911 trahit,
2690 4844 2782 4899 ubi
2837 4845 3075 4899 maxime
3124 4844 3333 4914 aliquid
3386 4845 3470 4900 eis
3522 4856 3637 4897 cum
3683 4838 3769 4908 ipso

638 4994 715 5069 (ᾳ)
750 4996 916 5069 Ρῒιοι.
937 4995 1078 5069 Bibl.
1106 4996 1228 5069 cod.
1262 4996 1387 5052 226.
1564 5067 1606 5069 __
2325 4999 2384 5069 (i)
2412 4997 2671 5069 Henolog.
2705 4999 2871 5053 Grcec.
2904 4998 2941 5052 l.
2965 5014 3016 5053 c.

641 5062 713 5137 (ὁ)
751 5067 1012 5136 Lequien.
1042 5066 1134 5122 0r.
1169 5067 1360 5124 Christ.
1401 5080 1532 5124 tom.
1563 5067 1629 5134 11,
1662 5083 1716 5138 p.
1747 5069 1869 5124 442.

641 5137 708 5209 (c)
746 5138 892 5209 Pagi.
936 5137 1003 5191 ad
1042 5154 1171 5192 ann.
1202 5139 1325 5203 581,
1354 5138 1380 5209 §
1411 5139 1495 5192 12.
1592 5208 1605 5209 η
1702 5208 1709 5209 ί
2064 5208 2072 5209 ί

2324 5062 2387 5138 lj)
2420 5068 2584 5140 Greg.
2615 5062 2712 5122 lib.
2740 5085 2837 5133 vn,
2863 5071 3026 5138 epist.
3054 5068 3143 5133 10,
3172 5078 3229 5124 et
3254 5067 3353 5124 lib.
3376 5083 3490 5132 vni,
3531 5064 3675 5136 epist.
3702 5062 3765 5127 50,

2250 5154 2377 5194 nov.
2403 5140 2537 5195 edit.
2574 5140 2677 5193 BB.
2810 5208 2815 5209 ί

641 5138 708 5209 (c)
746 5138 892 5261 Pagi.
936 5138 1003 5191 ad
1042 5154 1171 5192 ann.
1202 5139 1325 5203 581,
1354 5138 1380 5210 §
1411 5139 1495 5192 12.

638 5210 714 5278 (d)
751 5207 1001 5302 Eoland.
1062 5210 1180 5263 Act.
1234 5209 1333 5265 SS.
1388 5218 1522 5265 tom.
1589 5208 1633 5263 Il
1683 5208 1848 5274 Jan.,
1906 5224 1962 5278 p.
2015 5208 2140 5274 497,

2250 5154 2377 5194 nov.
2403 5138 2554 5195 edit.’
2574 5140 2677 5193 BB.

1906 5224 1962 5278 Ρ·
2015 5208 2140 5274 49⁷ν
2321 5212 2394 5302 ἐξ)
2426 5208 3001 5302 Ὴῑξξδ·ἔ,ἰἳνίῗξῖι,ἶ’⁵
3026 5209 3289 5302 Ρὲξθάηο
3355 5278 3458 5302 ωε

564 5278 941 5427 ήυῶζὲίΐῄεικ
995 5351 1129 5427 I_l_ist.
1168 5351 1350 5404 chron.
1397 5349 1686 5427 patriarch.
1736 5350 2027 5427 Alemandr.
2072 5349 2139 5405 ad

2246 5271 2589 5407 Ξὸὃιίὲἰὲὃοι.
2638 5271 2783 5334 Bibl.-
2812 5279 2973 5335 codd.
3024 5280 3147 5345 182,
3186 5279 3310 5345 208,
3355 5278 3481 5343 225,
3523 5276 3636 5341 226,
3670 5271 3762 5335 227.

564 5418 682 5476 Act.
715 5418 811 5474 SS.
846 5431 976 5475 tom.
1010 5421 1053 5474 ν
1086 5420 1238 5480 ιυυ..
1290 5418 1411 5544 pag).
1456 5421 1544 5482 61,
1579 5436 1734 5473 num.
1770 5421 1894 5475 559.

487 5499 491 5502 ’
640 5492 701 5547 lfl
734 5491 963 5547 Niceuh.
1000 5490 1133 5544 Hist.
1170 5490 1293 5544 eccl.
1324 5490 1363 5544 li
1411 5531 1424 5543 .
1456 5505 1607 5547 XVIII.
1640 5505 1760 5547 can.
1786 5491 1876 5545 56.

2318 5420 2413 5491 (m)
2443 5421 2585 5477 Max.
2626 5422 2755 5490 Opp.
2795 5430 2927 5475 tom.
2964 5420 3118 5545 ll,
3155 5420 3257 5475 145
3283 5435 3398 5488 ευρ.

2317 5494 2393 5547 lnl
2429 5491 2675 5547 Combef.
2704 5493 2856 5545 Auct.
2891 5508 3008 5545 nov.
3095 5491 3185 5546 ibl.
3221 5491 3329 5546 PP.
3361 5491 3451 5547 Gr.
3483 5489 3540 5544 ι..
3587 5497 3694 5542 tom.
3727 5476 3744 5536 1

640 5492 701 5561 (Γ)
734 5492 963 5560 Niceph.
1000 5492 1133 5544 Hist.
1170 5492 1293 5544 eccl.
1324 5492 1424 5544 lib.
1456 5505 1607 5554 xvm,
1640 5505 1760 5559 cap.
1786 5492 1876 5545 56.

638 5560 939 5633 (g)iMenol.
989 5562 1136 5617 Grato
1210 5569 1351 5631 part.
1402 5577 1462 5624 ιι,
1519 5577 1572 5631 p.
1616 5561 1736 5626 186,
1775 5561 1909 5615 edit.
1945 5559 2139 5616 Urbin.

2317 5494 2403 5616 (ag
2429 5492 2675 5547 Combef.
2704 5493 2856 5545 Auct.
2891 5508 3008 5545 nov.
3048 5492 3185 5546 Bibl.
3221 5492 3329 5546 PP.
3361 5492 3451 5547 Gr.
3483 5492 3540 5544 L.
3587 5497 3694 5542 tom.
3727 5492 3759 5545 Ιι

2244 5562 2368 5633 μϐ
2410 5561 2743 5633 1τ678.ῖη
2824 5631 2842 5633 _
2938 5630 2947 5633 Δ
3100 5630 3142 5633 ,Α

564 5630 886 5703 amcam,
988 5701 997 5703 Α
1096 5701 1121 5703 λ
1216 5630 1224 5631 ί
1368 5702 1373 5703 ν
1522 5630 1525 5631 ί

1716 5699 1764 5703 ,Α
1813 5702 1819 5703 γ
1852 5702 1893 5703 _
2244 5630 2261 5633 “
2316 5632 2389 5703 (ο)
2420 5632 2587 5703 Monf.
2626 5631 2763 5687 Bibl.
2805 5630 2965 5687 Coisl.
3001 5646 3055 5700 p.
3083 5630 3208 5687 402.

638 5700 715 5775 (h)_
752 5701 820 5775 J._
836 5701 1042 5775 Mosch.
1080 5701 1241 5775 ἠνία.
1295 5702 1425 5771 spir.
1480 5718 1637 5775 capp.
1672 5699 1939 5775 ι-11ἶς1ῤ8)
1997 5703 2142 5773 apud
2304 5699 2391 5775 (ρ)
2419 5701 2667 5760 Combef.
2702 5703 2738 5758 Ι.
2770 5719 2819 5758 c.
2846 5719 2901 5774 p.
2935 5699 3058 5759 677.

565 5771 741 5837 (gotcl.
777 5771 918 5826 Eccl.
948 5773 1039 5831 Gr.
1072 5772 1305 5826 Monum.
1345 5781 1452 5827 tom
1509 5772 1572 5827 11.
1607 5791 1659 5843 ρ.
1692 5772 1945 5828 riu-“6.
