3908 6516
163 413 303 473 2909
926 411 987 472 8.
1028 410 1415 472 EULOGIUS
1468 410 1705 471 ARCHI

1873 411 2243 474 ALEXAND.
2257 436 2331 449 -
2349 413 2682 477 NOTITIA.
3273 410 3416 476 2910

166 522 454 587 convenit,
512 522 591 576 uti
642 520 735 576 hic
778 519 831 574 in
885 521 1115 593 Eulogio
1167 532 1223 577 et
1259 522 1467 594 Cyrillo
1512 522 1664 579 sedis
1716 522 1964 592 ejusdem
2010 523 2304 595 episcOpis.
2358 526 2492 580 Esse
2545 534 2728 580 autem
2786 524 2997 596 Eulogii
3050 524 3249 580 suadet
3299 535 3413 585 tota

166 610 428 673 materia,
475 623 779 679 magnaque
814 608 903 662 illa
936 610 1057 679 ejus
1096 609 1330 665 alIinitas
1372 625 1498 664 cum
1543 610 1666 665 aliis
1704 610 1953 679 ejusdem
1991 611 2205 681 Eulogii
2242 611 2523 667 deﬂoratis
2563 627 2593 666 a
2644 613 2858 668 Photio.
2898 614 3114 682 Ubique
3155 613 3302 667 acris
3356 612 3413 667 in

166 696 541 767 Eutychianos
572 695 869 765 depugnat,
903 696 1100 765 dignus
1130 698 1309 765 plane,
1353 712 1515 766 quem
1548 712 1687 766 papa
1720 695 1933 767 Agatho
1967 696 2023 751 in
2065 713 2161 752 sua
2202 698 2271 752 ad
2316 706 2525 753 sextam
2561 699 2830 769 synodum
2859 701 3228 771 suggestione,
3270 700 3416 755 inter

166 784 380 853 primus
428 797 492 836 ac
536 782 843 852 praecipuos
888 782 1082 853 synodi
1114 781 1579 837 Chalcedonensis
1615 797 1679 837 ac
1725 786 1855 839 ιοιηὶ
1886 785 2087 840 Leonis
2124 786 2447 840 defensores
2489 796 2836 857 percenseat.
2873 787 2967 842 Est
2998 787 3181 842 oratio
3211 788 3412 856 partim

160 873 384 938 festiva,
430 870 630 941 partim
662 870 948 941 polemica.
983 871 1216 926 Pulchre
1247 870 1391 925 ludit
1420 870 1475 924 in
1507 870 1696 926 verbis
1727 887 1793 927 ac
1839 872 2019 926 sensis
2056 872 2375 942 Scriptum.
2408 873 2770 942 Antiquarius
2802 884 2989 929 noster
3022 875 3257 930 mediam
3297 873 3414 928 fere

161 960 469 1027 abruperat
499 976 513 1012 :
549 956 695 1027 quod
728 957 837 1011 illis
865 957 1105 1028 plagium
1151 956 1299 1011 haud
1326 955 1554 1011 omnino
1595 956 1841 1014 insolens
1871 969 1957 1014 est
1987 975 2004 1025 ;
2036 960 2172 1014 alias
2215 975 2434 1031 quoque
2473 960 2881 1030 deprehensum
2927 961 2983 1015 in
3027 960 3417 1032 Auiphilochio

160 1057 220 1103 et
248 1047 674 1117 Chrysostomo.

1255 1334 1768 1428 NOTITIA
1864 1335 2364 1425 ALTERA.

1010 1527 1331 1599 (FABRICIUS,
1357 1524 1605 1582 Biblioth.
1632 1540 1790 1596 graec.
1817 1523 1908 1581 ed.
1940 1523 2150 1581 IIarles.
2184 1535 2226 1581 t.
2258 1526 2327 1591 Χ,
2354 1542 2409 1598 p.
2442 1526 2595 1599 755.)

235 1764 457 1836 Eulogii
488 1762 812 1834 patriarchae
842 1761 997 1817 Alex.
1024 1759 1101 1831 (α)
1126 1758 1298 1830 (Opus
1322 1758 1585 1814 adversus
1620 1758 1778 1814 Nova

1879 1775 1914 1824 I,
1937 1758 2168 1814 Photius
2211 1758 2371 1813 codd.
2393 1758 2518 1822 182,
2552 1756 2679 1823 208,
2714 1756 2841 1822 280,
2890 1766 2945 1812 ct
2967 1757 3073 1813 alia
3090 1756 3292 1827 scripta
3316 1756 3422 1813 215

158 1855 596 1925 seqq.)reﬁxo;
652 1853 867 1921 τρίτον,
904 1851 1159 1905 volumen
1221 1850 1465 1918 tertium,
1520 1849 1701 1920 deperi

1889 1892 1904 1915 ,
1946 1851 2001 1905 in
2052 1850 2225 1905 libros
2288 1850 2609 1905 distinctum
2670 1849 2923 1904 undecim
2960 1892 2975 1916 ,
3025 1865 3258 1919 quorum
3318 1850 3426 1920 pri-

158 1954 298 1994 mus
366 1939 683 1994 continebat
726 1937 1041 2008 Apologiam
1107 1952 1209 2007 pro
1278 1936 1477 1991 litteris
1535 1935 1814 2007 synodicis
1856 1938 1925 1993 ad
1970 1939 2289 2008 episcopum
2342 1938 2503 1992 Rom.
2538 1936 2881 2007 (Gregorium
2909 1938 2983 1992 M.
3012 1937 3084 2009 (ὁ)
3115 1937 3299 1992 missis
3324 1976 3338 2002 ,
3366 1937 3421 1990 in

160 2026 385 2097 quibus
426 2024 959 2096 reprehendebatur,
996 2024 1141 2094 quod
1174 2038 1278 2079 nec
1307 2032 1545 2093 quatuor
1579 2024 1812 2079 concilia
1843 2026 2205 2090 mcumenica,
2260 2040 2364 2080 nec
2416 2025 2619 2080 Leonis
2655 2025 2816 2079 Rom.
2874 2024 3162 2094 epistolam
3198 2026 3422 2078 nomine

158 2123 337 2168 tenus
383 2113 713 2183 probasset,
761 2127 866 2168 nec
925 2111 1216 2166 anathema
1245 2110 1473 2166 dixisset
1508 2111 1761 2183 Eutychi,
1820 2112 2080 2167 Dioscoro
2117 2128 2182 2167 ac
2224 2112 2431 2167 Severo
2458 2129 2474 2177 ;
2498 2111 2776 2167 secundus
2805 2112 3205 2181 expositionem
3241 2110 3369 2165 lldei
3405 2127 3421 2177 ;

159 2200 397 2263 tertius,
450 2207 678 2270 quartus
708 2207 766 2253 et
819 2198 1046 2267 quintus
1078 2197 1401 2267 Apologiam
1449 2213 1551 2267 pro
1582 2197 1794 2269 synodo
1844 2198 2279 2255 Chalcedonensi
2315 2198 2597 2271 etCyrillo
2626 2197 2780 2253 Alex.
2811 2198 3077 2254 adversus
3112 2198 3421 2253 calumnias

157 2288 610 2353 haereticorum;
664 2296 885 2353 sextus,
954 2286 1218 2342 adversus
1271 2300 1367 2341 eos
1408 2286 1504 2356 qui
1564 2294 1759 2356 putant
1816 2286 2074 2342 humanis
2133 2288 2250 2342 sive
2300 2288 2702 2357 philosophicis
2741 2287 3201 2357 conceptionibus
3234 2302 3421 2341 veram

164 2378 514 2446 theologiam
554 2375 924 2431 Christianam
969 2389 1127 2445 posse
1168 2372 1385 2444 subjici,
1429 2373 1564 2445 πρὸς
1595 2376 1707 2437 τοὺς

1874 2376 2034 2437 ,ἐνους
2072 2375 2441 2445 ἀνθρωπίναις
2481 2376 2747 2436 ἐπινοίαις
2788 2374 3051 2430 δύνασθαι
3090 2375 3192 2445 τὴν
3241 2372 3417 2445 ἀληθῆ

157 2462 281 2516 τῶν
306 2461 657 2534 Χριστιανῶν
690 2462 1016 2517 ὑποσάλλειν
1054 2460 1331 2531 θεολογίαν
1364 2478 1378 2492 ’
1415 2460 1700 2531 Septimus,

1880 2461 2205 2515 omitianum
2235 2462 2522 2517 Melitenes
2557 2463 2872 2531 (Armeniae)
2903 2462 3246 2532 episcopum,
3276 2460 3423 2529 quod

161 2559 327 2606 recte
360 2549 581 2605 dicatur
617 2549 714 2621 μία
746 2550 909 2618 φύσις
955 2548 1049 2603 τοῦ
1082 2548 1256 2617 Λόγου
1296 2546 1690 2620 σεσαρκωμένη

1884 2549 2135 2614 )ctavus,
2170 2550 2249 2604 Ad
2295 2550 2756 2621 ChristOphorum
2805 2550 3121 2622 quemdam,
3174 2549 3243 2603 de
3287 2547 3427 2604 locis

160 2638 509 2708 quihusdam
539 2655 711 2695 sacrae
739 2639 1038 2709 Scriptura:
1080 2638 1405 2703 solutiones,
1452 2646 1509 2693 et
1535 2639 1594 2690 ὲν
1634 2637 1713 2707 τῷ
1745 2635 1788 2691 θ’
1816 2637 2027 2708 σημείῳ
2060 2637 2113 2691 in
2143 2653 2292 2692 nono
2322 2638 2537 2708 capite.
2575 2638 2702 2693 vita:
2730 2637 3049 2693 monasticae
3078 2636 3424 2691 Encomium.

161 2726 389 2787 Nonus,
422 2726 722 2781 Paraenesis
766 2726 835 2780 ad
877 2741 996 2791 eos,
1039 2728 1133 2797 qui
1178 2726 1247 2780 ab
1284 2725 1527 2781 Ecclesia
1574 2725 1970 2789 discesserunt,
2020 2725 2123 2796 ipsi
2168 2726 2314 2781 inter
2358 2742 2418 2781 se
2449 2726 2505 2780 in
2554 2727 2736 2781 varias
2768 2726 2965 2780 iterum
3000 2736 3187 2796 partes
3226 2724 3429 2778 misere

163 2812 363 2866 divisi.
395 2813 670 2878 Decimus,
707 2812 975 2868 adversus
1003 2813 1282 2884 Agnoetas
1319 2811 1637 2877 monachos,
1677 2811 1823 2881 quod
1850 2813 2116 2882 scriptum
2146 2812 2405 2867 laudatur
2427 2829 2455 2867 a
2483 2812 2749 2883 Gregorio
2780 2814 2973 2885 Magno
3006 2814 3061 2866 in
3099 2811 3329 2882 epistola
3358 2809 3426 2865 ad

164 2899 469 2970 Eulogium
508 2901 663 2955 Alex.
691 2916 743 2961 a.
772 2900 834 2956 C.
870 2901 994 2965 600,
1022 2909 1264 2967 exarata,
1295 2900 1393 2954 lib.
1429 2915 1544 2961 vm,
1580 2900 1670 2953 4Ξ.
1706 2899 2058 2964 Undecimus,
2092 2900 2354 2970 denique,
2394 2900 2557 2956 Gesta
2594 2902 2788 2973 synodi
2822 2917 2968 2956 anno
3001 2901 3238 2971 septimo
3272 2898 3426 2953 Mau-

167 2988 296 3041 ricii
326 2989 423 3055 (ita
458 2986 751 3058 legendum
792 3003 890 3058 pro
926 2988 1248 3055 Marciana),
1290 2986 1495 3043 Christi
1525 2986 1652 3051 588,
1684 2986 1884 3042 habitae
1911 2986 2176 3041 adversus
2210 2987 2510 3043 Samaritas
2545 2988 2908 3044 Dositheanos
2938 2988 3038 3058 (ά),
3087 2987 3428 3042 Dosthenum

165 3075 291 3129 sive
314 3075 640 3130 Dositbeum
665 3076 978 3146 quemdam,
1008 3075 1249 3131 Simonis
1272 3075 1404 3145 Magi
1427 3075 1693 3146 aequalem
1744 3073 1900 3144 (non,
1932 3082 1993 3128 ut
2017 3073 2107 3128 alii
2136 3074 2485 3140 Samaritani,
2510 3075 2755 3139 Josuam,
2781 3091 2884 3129 nec
2912 3075 3100 3131 Jesum
3128 3070 3425 3140 nostrum),

166 3176 278 3230 pro
306 3177 506 3233 magno
536 3162 633 3218 illo
666 3163 934 3233 propheta
970 3165 1068 3232 per
1099 3162 1319 3233 Moysen
1354 3163 1512 3219 Deut.
1543 3178 1693 3227 xvm,
1723 3162 1812 3225 15,
1840 3161 2103 3232 praedicto
2145 3161 2436 3218 habentes.
2466 3173 2523 3218 et
2570 3162 3035 3217 resurrectionem
3080 3169 3429 3216 mortuorum

168 3246 511 3314 inﬁciantes,
539 3265 703 3320 quam
733 3265 801 3304 ex
841 3248 1091 3305 Mosaicis
1117 3250 1339 3320 scriptis
1369 3249 1633 3320 Eulogius
1664 3248 2031 3305 confirmavit.

639 3360 910 3415 Indicum:
942 3362 1261 3431 scriptorum
1293 3368 1341 3415 et
1371 3360 1767 3424 hereticorum,
1804 3358 1869 3413 ab
1906 3357 2129 3430 Eulogio
2161 3358 2218 3413 in
2246 3359 2324 3414 his
2356 3357 2502 3413 libris
2537 3367 2973 3412 memoratarum.

946 3469 1021 3520 Ad
1045 3468 1243 3532 paginas
1267 3466 1501 3518 editionis
1522 3468 1705 3519 Greca
1727 3468 1894 3520 Photii
1913 3468 2293 3520 Huaschelians.

239 3603 529 3672 Agnoetas,
558 3605 753 3653 contra
788 3612 927 3667 quos
958 3596 1153 3652 scribit
1182 3596 1466 3667 Eulogius,
1500 3596 1603 3652 464
1635 3611 1753 3667 seq.

242 3684 613 3745 Ambrosius:
659 3684 717 3737 '0
741 3682 1046 3752 θαυμάσιος
1078 3683 1135 3733 ὲν
1160 3681 1238 3751 τῷ
1271 3681 1403 3752 περὶ
1426 3682 1785 3753 ὲνανθρωπήσ

1709 3684 1892 3753 εήσεως
1921 3685 2170 3756 τετάρτῳ
2201 3682 2367 3753 λόγῳ,
2396 3681 2523 3747 444,
2556 3680 2682 3747 452,
2721 3681 2787 3737 ad
2815 3679 3100 3748 Albinum,
3126 3680 3252 3736 445.

243 3774 672 3845 Amphilochius
704 3771 876 3827 .Sides
922 3771 1092 3840 episc.
1146 3770 1270 3825 465.

242 3862 623 3935 Apollinarius
669 3860 850 3924 ἄνους.
886 3860 1013 3924 457,
1043 3859 1166 3923 458,
1199 3858 1324 3923 459,
1361 3855 1487 3920 440,
1509 3856 1638 3922 445,
1664 3857 1789 3921 447,
1825 3856 1949 3914 448.
1990 3857 2074 3911 Τὰ
2113 3856 2488 3929 ’Δπολιναρίου
2534 3855 2804 3921 νοοῦντες,
2881 3855 2980 3911 451
3011 3872 3027 3923 ;
3095 3855 3424 3921 Νοσοῦντες,

173 3954 303 4009 552.
351 3953 443 4006 Ἐν
472 3952 551 4023 τῷ
576 3951 705 4021 περὶ
736 3951 1063 4021 σαρκώσεως
1093 3949 1256 4019 λόγῳ,
1285 3948 1411 4003 447.

246 4040 438 4105 Arius,
467 4039 590 4094 448.
630 4038 693 4091 Ἦ
723 4036 835 4090 τῶν
874 4036 1167 4110 ’Δρειανῶν
1203 4035 1387 4106 μανία,
1417 4033 1544 4089 466.
2016 4066 2019 4067 ν

252 4127 611 4190 Athanasius,
643 4124 769 4190 458,
799 4125 924 4182 449.
963 4126 1051 4179 Ἐν
1078 4124 1157 4195 τῷ
1190 4126 1318 4195 περὶ
1346 4123 1677 4195 σαρκώσεως
1706 4120 1795 4191 λόγ

487 4127 611 4190 tius,
643 4124 769 4190 458,
799 4125 924 4182 449.
963 4126 1051 4179 Ἐν
1078 4124 1157 4195 τῷ
1190 4126 1318 4195 περὶ
1346 4123 1677 4195 σαρκώσεως
1706 4120 1873 4191 λόγῳ,
1904 4120 2030 4177 445.

252 4215 580 4279 Baradatus,
612 4216 739 4269 465.

249 4303 489 4359 Basilius
522 4303 590 4358 Μ.
628 4303 753 4367 449,
792 4301 917 4363 457,
957 4313 989 4354 a
1020 4296 1332 4353 Severianis
1364 4297 1792 4368 perstringitur:

1883 4298 1902 4350 l
1929 4297 2039 4351 τῶν
2071 4296 2457 4351 Καππαδόκων
2490 4294 2813 4363 καινοτομία
2842 4293 2937 4347 καὶ
2977 4292 3327 4348 ’Δθανασίου.
3361 4294 3426 4349 Ἢ

176 4392 383 4460 οἴησις,
416 4389 541 4445 448.
573 4390 827 4449 Basilius,
874 4388 961 4440 ’Ev
986 4385 1064 4457 τῷ
1094 4386 1230 4456 πρὸς
1260 4386 1354 4438 τὸν
1397 4386 1672 4456 ’Δνόμοιον
1701 4386 1719 4439 ἀ

1339 4404 1354 4438 ρ
1397 4386 1672 4456 ’Δνόμοιον
1701 4386 1871 4454 ἀγῶνι
1900 4383 2104 4455 (Libris
2128 4384 2333 4439 Contra
2359 4381 2716 4453 Eunomium)
2752 4380 2882 4437 457.

250 4478 714 4546 Christophorus,
758 4475 826 4529 ad
856 4490 1020 4544 quem
1047 4474 1241 4528 scribit
1266 4474 1550 4544 Eulogius,
1589 4473 1793 4527 όσιώτα

1353 4474 1550 4544 Iogius,
1589 4473 1883 4527 όσιιὲιτατον
1916 4486 2045 4528 eum
2086 4472 2390 4543 appellans,
2428 4471 2554 4526 461.

251 4564 492 4634 Cyrillus
520 4564 671 4619 Alex.
706 4565 831 4627 458,
867 4562 993 4625 444,
1027 4561 1151 4625 445,
1187 4561 1311 4626 446,
1355 4561 1480 4627 459,
1519 4562 1644 4623 465,
1681 4561 1794 4616 466.

1889 4566 1908 4614 )
1936 4560 2277 4624 διδάσκαλος,
2324 4560 2451 4623 446,
2490 4559 2615 4624 447,
2648 4558 2750 4613 457
2760 4598 2774 4621 ,
2806 4556 2929 4613 458.
2989 4558 3056 4611 '0
3088 4556 3293 4629 θερμὸς
3331 4558 3432 4628 τῆς

180 4651 474 4722 ἀκριϐείας
512 4650 768 4720 ἐραστής,
798 4649 923 4705 441.
962 4649 1058 4710 Τίς
1093 4649 1159 4704 ἂν
1194 4648 1352 4711 ἀλλος
1396 4648 1905 4719 μεγαλοφωνότερος
1936 4648 1970 4717 ἢ
2008 4647 2470 4716 ἀξιοπιστότερος,
2504 4645 2629 4699 449.
2670 4645 2845 4709 Πολὺς
2886 4647 2948 4700 ιν
2988 4644 3198 4718 διανοίᾳ
3226 4646 3287 4700 οὐ
3322 4647 3436 4709 τοῖς

184 4740 401 4810 ῥήμασι
440 4738 531 4791 καὶ
565 4739 675 4799 τοῖς
713 4737 973 4805 ὀνόμασιν
1013 4737 1099 4791 ἀεὶ
1125 4735 1219 4789 τὸν
1260 4735 1385 4788 νοῦν
1423 4735 1871 4801 καταπιστεύων,
1904 4739 2016 4800 τοῖς
2058 4737 2116 4790 δὲ
2158 4737 2395 4807 νοήμασι
2434 4737 2530 4788 καὶ
2571 4738 2640 4789 τά
2677 4737 2899 4807 ῥήματα
2933 4737 3028 4789 καὶ
3078 4735 3149 4790 τά
3191 4734 3435 4806 ὀνόματα

186 4826 626 4895 συμμεταφέρων
654 4841 714 4877 τε
742 4826 837 4881 καὶ
868 4822 1367 4893 μεθαρμοζόμενος,
1403 4822 1528 4877 446.
1571 4822 1627 4877 Ὁ
1656 4823 1888 4894 γνώμων
1916 4825 2015 4894 τῆς
2043 4824 2329 4894 ἀκριϐείας
2350 4822 2474 4877 452.
2492 4823 2603 4893 Τῆς
2620 4822 2907 4895 ἁρκιὸείας
2932 4821 3271 4886 διδάσκαλος,
3305 4820 3431 4877 454.

186 4912 450 4979 Epistola:
482 4910 549 4965 ad
581 4909 941 4974 Succensum,
968 4910 1093 4975 459,
1128 4910 1252 4973 446,
1283 4910 1409 4974 447,
1442 4909 1568 4972 449,
1592 4909 1715 4964 450.

1892 4912 2240 4974 lalerianum,
2272 4910 2442 4966 lconii
2469 4912 2642 4982 episc.
2666 4912 2792 4975 451,
2830 4910 2955 4977 449,
2988 4911 3116 4975 452,
3148 4910 3277 4976 455,
3309 4909 3435 4966 462.

184 4999 267 5052 Ad
293 4997 873 5061 Acacium,Melitenes
897 4998 1067 5066 episc.
1102 4997 1206 5053 44ἱ
1233 5011 1350 5067 seq.
1384 4997 1506 5051 452.
1537 4996 1616 5051 Ad
1653 4998 1727 5052 Eu

1895 5014 1963 5064 m,
1993 4998 2120 5063 445,
2145 4999 2268 5054 447.
2304 4998 2393 5051 Ἐν
2422 4995 2501 5067 τῷ
2517 4998 2811 5069 Θησαυρῷ,
2834 4998 2961 5053 455.
3000 4997 3087 5051 Ἐν
3118 4996 3197 5068 τῷ
3234 4994 3438 5068 πρώτῳ

186 5086 296 5138 τῶν
328 5084 651 5155 Θησαυρῶν,
670 5085 795 5141 446.
812 5086 900 5139 Ἐν
929 5086 1162 5155 διαλόγῳ
1178 5085 1238 5149 ὃς
1260 5086 1627 5154 ἐπιγράφεται
1655 5087 1739 5140 ὅτι
1763 5082 1843 5151 εἷς
1869 5089 1899 5140 ὁ
1924 5086 2307 5157 Χριστός,447.
2344 5087 2433 5140 Ἑν
2459 5084 2537 5157 τῷ
2555 5085 2795 5158 δευτέρῳ
2821 5084 3273 5160 ἀναθεματισμῷ,
3307 5083 3435 5139 450.

198 5173 287 5223 Ἐν
316 5172 396 5241 τῷ
416 5172 554 5240 πρὸς
582 5172 854 5241 βασιλίδας
882 5175 1340 5244 προσφωνητικῷ,
1369 5174 1492 5229 450.
1528 5173 1616 5227 Ἐν
1645 5172 1925 5244 λεγομένῳ
1944 5173 2147 5245 πρώτῳ
2172 5174 2343 5245 τόμῳ,
2376 5174 2500 5230 451.
2548 5174 2637 5227 'Ev
2663 5175 2731 5246 τῇ
2764 5172 2901 5245 πρὸς
2928 5174 2991 5228 σέ
3022 5173 3080 5229 δε
3108 5178 3127 5198 ⁸
3157 5170 3436 5243 ἐπιστολῇ,

214 5256 344 5319 460,
377 5257 535 5313 locus
563 5268 878 5330 corruptus.

258 5351 578 5417 Dioscorus,
603 5354 728 5416 457,
759 5354 885 5419 447,
911 5353 1030 5417 450,
1055 5353 1180 5407 451.

261 5487 524 5569 (aLanf.
571 5491 679 5545 vol.
739 5491 842 5561 IX,
890 5509 947 5563 p.
1000 5493 1141 5559 646,
1196 5504 1252 5550 et
1300 5496 1499 5567 sacpius
1550 5496 1605 5552 in
1654 5498 1759 5553 hoc
1867 5498 2429 5569 indict.|,cpist.29.

185 5558 398 5691 vol‘bX.
429 5558 591 5642 Illum.
890 5558 935 5644 '_
1129 5558 1134 5559 γ
1336 5635 1348 5646 θ
1374 5558 1390 5567 ’
1525 5637 1536 5647 .
1941 5568 2009 5691 (f2
2041 5558 2201 5624 Goan
2226 5570 2516 5653 Gatacker.
2543 5572 2677 5653 Opp.
2713 5587 2765 5641 p.
2793 5570 2881 5625 49..
2915 5571 2978 5626 G.
3001 5580 3056 5626 et
3228 5570 3294 5625 Α.

319 5629 541 5691 )Hujus
570 5630 818 5691 Gregorii
848 5641 1013 5691 epist.
1043 5633 1111 5687 ad
1154 5634 1469 5691 Eulogium.
1500 5636 1599 5690 llb.
1640 5653 1755 5691 νηὶ.
1940 5644 1954 5691 l
2006 5652 2017 5691 i
2066 5639 2220 5691 Adde
2271 5640 2559 5691 Lammum
2609 5658 2663 5691 in
2716 5641 3026 5691 Comment.
3076 5656 3130 5691 in
3170 5640 3294 5691 Joar

266 5628 346 5713 (Ir).
368 5629 541 5713 liuius
570 5630 818 5713 Gregorii
848 5633 1013 5713 epist.
1043 5633 1111 5687 ad
1154 5634 1469 5713 Eulogium,
1500 5636 1599 5713 lih.
1640 5653 1755 5701 vin,
1940 5628 2017 5707 (ἄ)
2042 5639 2559 5713 -Αάάοίζλτιηψὶυω
2588 5628 2663 5697 ’ἱὶι
2713 5628 3026 5697 Comment.
3076 5641 3131 5697 in
3170 5640 3439 5698 Joannem

188 5699 258 5783 55
295 5707 352 5752 et
381 5700 485 5782 42,
520 5699 722 5783 quibus
750 5699 951 5783 ‘laud’at
990 5718 1138 5783 eum,
1171 5699 1463 5783 adversus
1485 5699 1758 5783 Agnoetas
1868 5699 2011 5766 tom.
2040 5710 2082 5776 Ι,
2112 5727 2168 5783 p.
2196 5712 2318 5767 748.

190 5768 333 5827 bene
380 5768 687 5846 scripsisse.
739 5772 815 5829 Ad
869 5773 1122 5829 eumdem
1170 5774 1456 5846 Eulogium
1508 5768 1603 5833 lib.
1648 5793 1755 5845 vn,
