4018 6524
537 404 678 473 2911
1586 408 1650 469 S.
1688 407 2010 471 EULOGII
2048 408 2404 471 ARCHIEP.
2443 406 2818 473 ALEXAND.
3650 418 3772 484 29H

610 512 980 583 Domitianus,
1004 516 1293 575 Melitenes
1316 516 1634 590 episcopus,
1660 517 1730 574 ad
1756 532 1923 589 quem
1949 518 2145 575 scribit
2172 519 2461 592 Eulogius,
2492 525 2616 589 459,
2647 525 2774 581 461.

608 603 855 660 Dosthen
876 602 994 660 sive
1016 604 1331 670 Dositheus,
1362 622 1395 661 a
1428 622 1539 677 quo
1569 606 1910 675 Dositheani,
1938 615 2131 663 contra
2154 623 2296 678 quos
2319 611 2517 667 scribit
2555 613 2837 685 Eulogius,
2862 612 2987 680 466,
3016 613 3141 682 467,
3167 615 3292 674 468.

613 690 912 763 Eutyches,
944 692 1072 758 457,
1094 692 1220 757 458,
1248 693 1375 758 459,
1398 692 1525 757 440,
1551 692 1678 760 448,
1710 693 1839 750 451.

611 781 857 837 Flaviani
888 780 1113 853 (CPol.)
1135 781 1358 837 libellus
1378 779 1692 836 Theodosio
1713 781 1848 852 imp.
1870 781 2090 837 oblatus
2109 782 2236 849 444,
2260 785 2386 842 460.
2407 786 2609 846 Lectus
2633 790 2688 845 in
2710 793 2947 850 concilio
2969 792 3437 864 Chalcedonensi,
3457 797 3590 865 451,
3618 800 3734 858 460.

611 869 915 942 Gregorius
977 868 1457 935 Neocaesariensis,
1485 869 1543 922 ὲν
1573 867 1654 939 τῷ
1684 870 1816 941 περὶ
1840 871 1940 941 τῆς
1968 870 2111 925 κατὰ
2142 873 2198 943 μή

1169 868 1457 935 sariensis,
1485 869 1543 922 ὲν
1573 867 1654 939 τῷ
1684 870 1816 941 περὶ
1840 871 1940 941 τῆς
1968 870 2111 925 κατὰ
2142 872 2308 946 μέρος
2340 875 2600 943 nterim,
2633 868 2756 935 445.

613 955 917 1028 Gregorius
947 956 1257 1028 theologus,
1288 956 1417 1024 447,
1442 957 1569 1021 457,
1601 956 1726 1012 466.
1767 956 1856 1011 Ἐν
1886 957 1967 1029 τῷ
2008 957 2200 1029 ἀπολογ

1535 958 1569 1021 l,
1601 956 1726 1012 466.
1767 956 1856 1011 Ἐν
1886 957 1967 1029 τῷ
2008 957 2416 1034 ἀπολογητικῷ,
2447 963 2574 1021 452.
2611 960 2674 1018 0i
2705 964 2965 1038 Θεολᾶγοι,
2995 958 3122 1026 455.

612 1045 861 1115 Gregorii
897 1045 1297 1116 (Nazianzenus
1323 1054 1378 1100 et
1408 1044 1736 1116 Nyssenus),
1766 1046 1892 1113 448,
1931 1046 2060 1103 449.

490 1126 495 1131 ’
606 1131 851 1189 Joannes
883 1133 1263 1189 Antiochenus
1300 1132 1475 1202 episc.
1502 1132 1629 1187 441.

607 1218 756 1274 Julio
781 1221 942 1275 Rom.
966 1220 1175 1275 tributa
1204 1218 1439 1289 epistola
1461 1217 1530 1273 ad
1566 1217 1890 1289 Dionysium
1923 1222 2193 1289 suspectae
2226 1219 2378 1288 lldei,
2408 1216 2534 1289 445,
2564 1214 2688 1281 448.
2732 1214 2864 1297 Ejus
2887 1224 3119 1297 epistola
3150 1226 3220 1283 ad
3265 1229 3530 1295 Dorium,
3580 1231 3770 1290 laudata

540 1322 571 1362 a
608 1306 815 1379 Cyrillo
846 1307 902 1361 in
944 1306 1153 1378 synodo
1188 1305 1485 1377 Ephesina,
1512 1304 1638 1370 445,
1679 1304 1806 1360 446.

605 1395 718 1450 Leo
752 1410 912 1465 papa,
939 1394 1063 1449 465.
1094 1393 1226 1465 Ejus
1254 1393 1508 1463 epistola,
1541 1392 1667 1459 437,
1692 1391 1816 1447 461.
1848 1392 2192 1465 Perstrlngitt

1957 1392 2245 1465 stringitur
2270 1400 2301 1452 ti
2331 1396 2648 1457 SeVefianis
2675 1400 2783 1455 τῶν
2800 1403 2858 1455 ὲν
2900 1404 3101 1475 Ἰταλίᾳ⁵
3130 1405 3159 1457 ὁ
3187 1404 3380 1473 τύφος,
3414 1405 3544 1460 448.

606 1485 810 1540 Leonis
835 1484 968 1554 imp.
995 1482 1259 1552 ἐγκύκλια
1312 1482 1656 1553 γράμματα,
1690 1482 1894 1547 quibus
1921 1481 2193 1539 Chalcedo

1770 1482 1894 1538 ibus
1921 1481 2390 1540 Chalcedonensis
2419 1487 2613 1559 synodi
2644 1489 2868 1546 decreta
2896 1491 3205 1558 ﬁrmantur,
3230 1492 3356 1547 462.

606 1573 812 1635 Manes,
842 1571 966 1635 440,
1000 1570 1127 1627 448.
1154 1569 1439 1625 Manichaei
1466 1569 1697 1639 epistola
1721 1568 1789 1624 ad
1818 1566 2199 1641 Scythianum,
2231 1572 2355 1625 447.

607 1658 878 1729 Μωσαῖκὴ
910 1657 1292 1727 ὐκτάτευχος,
1318 1656 1444 1720 466,
1472 1654 1612 1711 Octo
1639 1656 1767 1711 libri
1790 1656 1913 1712 Vel.
1938 1656 2089 1712 Test.
2118 1657 2175 1712 in

1790 1656 1913 1712 Vet.
1938 1656 2089 1712 Test.
2118 1657 2175 1712 in
2202 1658 2404 1728 quibus
2431 1659 2695 1716 familiam
2728 1662 2939 1719 ducunt
2966 1665 3166 1738 Moysis
3204 1666 3357 1722 libri.

605 1746 918 1811 Nestorius,
949 1744 1075 1810 440,
1100 1744 1226 1809 442,
1250 1745 1375 1811 445,
1402 1744 1528 1809 446,
1556 1744 1681 1811 452,
1711 1744 1837 1800 455.

607 1828 974 1886 Orientalium
1006 1822 1165 1898 ﬁdes,
1197 1830 1324 1896 442,
1356 1831 1484 1893 444,
1524 1831 1652 1897 452,
1684 1831 1810 1895 455,
1854 1831 1981 1885 454.

607 1921 671 1974 Οἱ
701 1919 962 1991 Θεοφόροι
994 1913 1261 1985 Πατέρες,
1296 1920 1421 1975 457.
1452 1919 1676 1984 Πολλοῖς
1704 1919 1813 1973 τῶν
1851 1919 2131 1991 Πατέρων,
2167 1919 2293 1986 457,
2328 1931 2437 1977 etc.

606 2004 832 2072 Paulus,
862 2009 1153 2078 episcopus
1173 2008 1498 2073 Emesenus,
1526 2007 1653 2073 441,
1681 2007 1810 2062 442.

606 2095 808 2150 Paulus
837 2093 1253 2159 Samosatenus,
1284 2095 1408 2149 448.

618 2180 676 2235 ’0
707 2180 1171 2253 Πνευματομάχος
1196 2180 1613 2253 (Macedonius),
1642 2180 1699 2236 in
1726 2181 1935 2253 synodo
1961 2180 2124 2238 CPola
2152 2198 2205 2240 cc

1154 2200 1171 2246 ;
1196 2180 1613 2253 (Macedonius),
1642 2180 1699 2236 in
1726 2181 1935 2253 synodo
1961 2180 2124 2238 CPola
2152 2183 2579 2248 condemnatus,
2614 2186 2741 2242 450.

606 2262 905 2334 Polemius,
931 2270 1261 2340 Apollinarii
1288 2260 1618 2339 discipulus,
1647 2269 1769 2323 447.

604 2352 957 2421 Samaritani,
986 2366 1177 2413 contra
1208 2373 1348 2426 quos
1373 2357 1568 2412 scribit
1601 2355 1891 2426 Eulogius,
1917 2356 2021 2412 466
2047 2371 2164 2427 seq.

607 2439 867 2507 Severus,
895 2440 1021 2507 457,
1054 2444 1179 2507 444,
1211 2442 1337 2507 460,
1369 2442 1495 2497 465.
1544 2443 1607 2495 Ol.
1641 2442 1747 2497 ἀπὸ
1780 2438 2039 2514 Σευήρου,
2081 2445 2183 2499 447

2169 2445 2183 2498 l
2216 2459 2332 2515 seq.
2374 2444 2518 2517 Πρὸς
2557 2446 2651 2501 τὸν
2687 2448 3074 2519 γραμματικὸν
3117 2450 3349 2522 Σέργιον
3376 2453 3628 2523 γράφων,
3658 2453 3756 2509 464.

562 2528 621 2582 '0
655 2529 839 2594 καινὸς
873 2528 1189 2601 νομοθέτης,
1216 2530 1340 2585 457.
1375 2530 1488 2598 Τῆς
1510 2531 1749 2602 Σευῆρου
1778 2532 2099 2601 διασπορᾶς,
2132 2531 2257 2586 462.

608 2614 831 2672 Sitneon
856 2614 1101 2689 Stylites,
1136 2608 1259 2674 465.
1301 2616 1360 2672 '0
1390 2616 1565 2689 μέγας
1597 2619 1829 2690 Συμεὼν
1859 2621 1886 2673 ὁ
1915 2619 1974 2673 ὲν
1999 2619 2077 2690 τῷ
2111 2619 2195 2671 στί

1999 2619 2077 2690 τῷ
2111 2618 2288 2689 στύλῳ
2321 2620 2412 2674 τὸν
2444 2621 2741 2691 ἀγγελικὺν
2773 2624 2984 2678 ἐκεῖνον
3014 2623 3131 2695 βίον
3155 2625 3579 2696 διανυσάμενδς.

608 2703 796 2759 Simon
819 2703 1025 2777 Magus,
1056 2698 1181 2761 466.

607 2792 812 2864 Synodi
849 2787 1231 2851 AleXandrinae
1268 2795 1454 2860 πίστις
1486 2794 1785 2867 ἔγγραφος,
1820 2793 1985 2850 missa
2014 2810 2043 2848 a
2081 2794 2289 2865 Cyrillo
2323 2796 2389 2849 ad
2422 2795 2736 2852 Nestorium
2768 2808 2897 2853 ante
2930 2798 3200 2869 synodum
3232 2799 3504 2870 Ephesia.
3538 2790 3653 2852 450.
3680 2797 3758 2867 Sy-

536 2880 714 2957 nodus
739 2876 1225 2947 Chalcedonensis,
1254 2884 1380 2947 444,
1409 2883 1534 2945 447,
1563 2885 1688 2947 448,
1716 2883 1842 2948 451,
1863 2882 1987 2947 460,
2014 2882 2109 2937 461

2166 2880 2277 2937 Sub
2302 2882 2576 2938 Marciam
2598 2892 2655 2940 et
2681 2884 2871 2941 Leone
2894 2887 3151 2942 "l‘liraee‘
3182 2885 3353 2958 impp.
3384 2881 3513 2941 465.
3539 2874 3753 2956 Synodus

534 2964 848 3032 CPolitana,
874 2968 1000 3033 447,
1031 2966 1153 3024 450.
1188 2968 1441 3040 Synodus
1471 2969 1709 3033 Nicaeus,
1737 2969 1863 3033 448,
1890 2968 2017 3035 450,
2046 2968 2172 3025 457.
3002 2994 3009 3001 ε

611 3053 993 3111 Theodoretus
1026 3056 1232 3112 sanctis
1258 3056 1393 3111 viris
1416 3055 1837 3123 adnumeratur,
1868 3054 1994 3113 462.

617 3134 677 3195 Ὅ
714 3140 974 3213 Θεολόγος
1001 3144 1260 3215 (Joannes
1284 3143 1671 3215 evangelista),
1693 3144 1818 3201 459.

611 3220 939 3287 Timotheus
965 3226 1280 3296 luereticus,
1305 3231 1431 3286 465.

610 3319 941 3374 Theodorus
970 3319 1411 3389 Mopsuestenus,
1441 3320 1568 3387 451,
1596 3320 1703 3375 452
1866 3392 1871 3395 Α

1189 3327 1411 3385 :stenus,
1441 3320 1568 3387 451,
1596 3320 1703 3375 452
1866 3392 1871 3395 Α
2464 3394 2471 3395 γ
2658 3388 2667 3395 ,
2734 3392 2742 3395 _
2772 3390 2776 3395 .

608 3406 936 3464 Valentinus
966 3388 1280 3473 haereticus,
1314 3406 1439 3462 448.
1465 3406 1598 3479 Ejus
1620 3405 1789 3463 verba
1814 3412 1827 3462 ε
1854 3392 1977 3461 τῶν
2011 3398 2195 3462 ram.

2165 3399 2311 3461 καίων
2334 3404 2426 3460 ἐπὶ
2445 3388 2683 3477 Χριστοῢ
2715 3390 2809 3459 δύο
2836 3403 3028 3475 φύσεις
3055 3402 3347 3475 λεγόντων,
3383 3403 3590 3459 πλατὺν
3614 3418 3752 3457 κατα-

538 3493 740 3567 χέομεν
768 3494 985 3564 γέλωτα
1004 3510 1019 3525 ⁸
1048 3496 1211 3565 ἡμεῖς
1236 3494 1346 3565 γὰρ
1373 3493 1468 3548 τοῦ
1501 3494 1697 3566 ὁρατοῦ
1729 3488 1824 3549 καὶ
1857 3490 2089 3567 ἀοράτου
2125 3486 2257 3566 μίαν
2284 3489 2426 3550 εῖναι
2462 3490 2563 3563 τὴν
2590 3492 2755 3562 φύσιν
2786 3492 2994 3564 φαμέν,
3024 3491 3152 3549 446.

608 3583 760 3638 Libri
784 3583 896 3638 duo
918 3582 1133 3652 pridem
1161 3582 1435 3653 deperditi
1458 3583 1527 3638 ad
1553 3583 1925 3640 Domitianum
1957 3583 2245 3639 Melitenes
2271 3584 2593 3654 episcopum
2619 3590 2719 3651 pro
2740 3578 2943 3635 nonis
2963 3580 3221 3647 Romani,
3244 3580 3562 3638 Nestorium
3586 3576 3756 3649 pariter

540 3679 597 3726 et
642 3670 946 3742 Eutychem
976 3670 1285 3726 aversantis
1309 3710 1325 3737 ,
1360 3679 1512 3727 tomo
1540 3670 1860 3743 Apologiam
1901 3671 2173 3742 complexi
2212 3668 2479 3726 adversus
2522 3667 2831 3739 Acephalos
2873 3667 3226 3723 Timotheum
3252 3707 3269 3732 ,
3307 3667 3410 3739 qui
3456 3665 3677 3729 acutius,
3712 3669 3756 3716 et

543 3759 832 3824 Severum,
863 3757 959 3829 qui
985 3757 1161 3813 iusius
1195 3758 1349 3813 illum
1383 3767 1816 3829 oppugnaverat.
1843 3748 1903 3814 ln
1928 3758 2036 3814 hoc
2059 3758 2275 3830 Eulogii
2303 3758 2513 3828 scripto
2540 3755 2800 3827 praeclare
2823 3754 3266 3811 demonstratum
3297 3766 3391 3812 est
3420 3773 3438 3810 :
3468 3752 3561 3825 Μὴ
3586 3748 3684 3806 δεῖν
3704 3750 3755 3802 lx

547 3844 747 3917 μέρους
770 3843 839 3899 τὰ
872 3844 1282 3916 συγγράμματα
1309 3844 1541 3916 κρίνειν,
1591 3844 1716 3916 μηδ’
1746 3846 2234 3917 ἀποσπαράγματά
2271 3856 2396 3901 τινα
2431 3844 2808 3914 λαμϐάνοντας
2833 3842 2921 3896 διὰ
2963 3842 3171 3898 τούτων
3218 3844 3323 3914 τὴν
3359 3843 3496 3915 ὅλην
3535 3838 3621 3895 τοῦ
3645 3836 3753 3908 τρά-

546 3948 738 4001 φοντος
776 3930 1144 3986 ὲνδιαὸἁλλειν
1183 3920 1445 3998 διάνοιαν,
1488 3931 1566 3987 De
1593 3934 1804 4003 scriptis
1838 3932 1921 3990 uel
1959 3934 2133 4004 scripti

2166 3949 2275 3988 rum
2305 3941 2479 3987 mente
2507 3947 2613 3985 non
2646 3942 2754 3984 esse
2786 3929 3060 4002 ferendum
3085 3930 3353 4002 judicium
3381 3947 3447 3986 ea:
3473 3926 3689 4001 partibus
3715 3928 3753 3976 α

546 4019 776 4087 laciniis,
827 4035 995 4089 neque
1026 4020 1147 4074 hinc
1188 4019 1310 4074 illos
1356 4020 1652 4076 onerandas
1699 4021 1991 4077 calumnia.
2041 4020 2255 4076 Laudat
2294 4019 2440 4075 inter
2488 4018 2595 4073 alia
2640 4016 2917 4073 Eustathii
2950 4017 3284 4075 Antiocheni
3320 4017 3529 4075 librum
3572 4012 3750 4069 sestdm

540 4117 741 4167 contra
771 4106 1038 4173 Arianos;
1076 4108 1151 4164 ita
1204 4109 1357 4164 enim
1412 4108 1727 4179 legendum,
1771 4112 1829 4163 ὲν
1861 4109 2007 4181 ἕκτῳ
2036 4109 2127 4180 λόγ

2165 4127 2182 4162 ›
2224 4106 2367 4162 κατὰ
2414 4104 2713 4177 ’Δρειανῶν
2758 4120 2859 4176 pro
2904 4106 2964 4158 ὲν
2994 4105 3056 4171 ἒξ
3093 4106 3295 4174 λόγοις,
3344 4104 3613 4177 siquidem
3653 4104 3752 4153 octo

545 4197 719 4253 libros
747 4196 1016 4253 adversus
1045 4196 1281 4252 Arianos
1309 4197 1608 4267 scripserat
1636 4196 1984 4263 Eustathius,
2015 4196 2085 4252 de
2111 4196 2317 4266 quibus
2338 4194 2452 4249 dixi
2477 4192 2588 4249 vol.
2620 4192 2761 4258 Vlll,
2794 4207 2851 4262 ι).
2880 4191 2983 4247 170
3010 4208 3125 4263 seq.
3167 4191 3300 4266 [voL
3336 4192 3434 4259 IX,
3463 4208 3500 4263 p
3544 4186 3639 4243 155
3654 4197 3745 4252 seq.

543 4310 603 4349 ιι.
640 4290 826 4363 edit.].
857 4292 1131 4348 Praeterea
1170 4290 1357 4346 Basilii
1395 4290 1684 4360 epistolam
1730 4290 1799 4346 ad
1837 4290 2209 4361 Sozopolitas,
2235 4298 2293 4345 et
2320 4289 2388 4344 ad
2418 4287 2740 4344 monachos.
2781 4287 3049 4345 Memorat
3075 4288 3134 4343 et
3165 4284 3361 4343 Severi
3393 4283 3665 4359 epistolam
3695 4276 3747 4331 ad

542 4378 823 4439 Julianum
858 4377 1360 4433 Halicarnasseum.
1397 4377 1705 4433 Nonnullos
1736 4378 2055 4447 interpretis
2084 4376 2299 4434 Schotti
2335 4378 2391 4431 in
2421 4376 2528 4431 hoc
2553 4380 2610 4431 et
2640 4374 2895 4447 proximo
2922 4373 3104 4429 P'hotii
3140 4374 3325 4444 capite
3358 4375 3546 4445 lapsus
3576 4376 3630 4424 et
3653 4363 3745 4419 Inl-

544 4466 913 4521 lucinationes
940 4464 1154 4520 notavit
1183 4465 1247 4519 Ι).
1278 4463 1427 4519 Elias
1454 4463 1702 4520 Veiclius
1737 4465 1793 4520 in
1832 4464 2073 4519 Dialribe
2099 4466 2131 4520 ἁ

2156 4481 2165 4518 ε
2189 4466 2355 4522 sacris
2384 4462 2696 4534 οἰκονομίας
2723 4462 3001 4533 generibus
3054 4477 3110 4533 ι).
3145 4460 3214 4517 19
3238 4476 3359 4534 seq.
3377 4462 3522 4520 Ulm.
3552 4452 3687 4517 1688,
3706 4452 3743 4503 6-

546 4552 630 4625 [γ.
658 4551 908 4609 Thesaur.
937 4551 1170 4622 epistol.,
1199 4551 1546 4618 Lacrozian.,
1574 4562 1708 4608 tom.
1737 4552 1829 4619 Ill,
1852 4569 1906 4623 p.
1931 4551 2085 4625 202.]

615 4644 876 4717 Ejusdem
924 4644 1139 4716 Eulogii
1187 4644 1495 4716 presbyteri
1534 4644 1776 4716 primum
1815 4641 2147 4700 Antiocheni
2186 4648 2244 4695 et
2303 4637 2520 4699 abbatis
2562 4636 2621 4694 S.
2658 4636 2843 4693 Mariae
2880 4634 3356 4693 Justinianeorum
3380 4675 3397 4703 ,
3446 4646 3509 4690 ae
3549 4627 3744 4694 denqu

544 4730 903 4789 Alexandrini
930 4747 1084 4803 papae
1113 4731 1231 4789 sive
1262 4732 1532 4803 episcopi,
1566 4748 1667 4805 pro
1702 4733 1899 4789 eodem
1926 4731 2132 4787 Leonis
2161 4730 2320 4784 Rom.
2361 4737 2513 4783 tumo
2543 4727 2685 4782 liber
2717 4725 2986 4782 adversus
3023 4725 3401 4783 Theodosium
3436 4733 3499 4780 et
3526 4722 3742 4805 Severum

546 4820 879 4891 Acephalos,
927 4820 987 4874 in
1030 4820 1216 4876 Leone
1253 4803 1769 4891 reprehendentes,
1814 4835 1938 4891 quae
1996 4833 2107 4874 non
2158 4818 2323 4873 modo
2363 4816 2608 4889 synodus
2648 4815 3117 4871 Chalcedonensis
3163 4823 3220 4871 et
3265 4814 3522 4887 Cyrinus,
3572 4803 3655 4862 sed
3701 4805 3742 4853 εί

547 4909 647 4963 SS.
688 4908 947 4963 doctores
973 4908 1336 4973 Athanasius,
1368 4907 1691 4980 Gregorius,
1740 4908 1997 4972 Basilius,
2028 4906 2355 4962 Ambrosius
2382 4910 2440 4961 et
2475 4905 2899 4975 Amphilochius
2926 4904 3205 4977 sull‘ragiis
3234 4905 3351 4960 suis
3382 4896 3726 4960 conﬁrmatam

549 4996 677 5050 llaec
703 5008 927 5063 quoque
950 4994 1169 5067 Eulogii
1192 4995 1505 5051 lucubratio
1539 4996 1846 5052 intercidit.
1870 4995 1996 5051 Vid.
2030 4994 2279 5058 Reines.,
2307 4992 2462 5049 Varr.
2502 4992 2644 5055 lect,
2673 5005 2728 5061 p.
2765 4992 2885 5047 152.

619 5081 884 5153 Ejusdem
914 5083 1096 5140 sancti
1129 5084 1237 5139 viri
1268 5085 1676 5155 στηλιτευτικὸς
1705 5086 1825 5142 sive
1853 5084 2119 5140 Invectiva
2154 5082 2206 5138 in

2154 5082 2211 5138 in
2249 5081 2729 5137 Wodosianorum
2754 5088 2805 5134 et
2833 5079 3122 5144 Γαϊνιτῶν,
3168 5069 3287 5133 Caii
3331 5075 3423 5148 (de
3463 5074 3566 5143 quo
3591 5071 3736 5161 si)?“

549 5187 605 5242 p.
643 5152 771 5236 216,
814 5170 909 5226 ed.
948 5171 1113 5243 vet.),
1152 5152 1475 5228 sectatorum
1520 5172 1869 5228 subitaneam
1912 5187 1977 5229 ac
2021 5188 2147 5228 mox
2191 5170 2393 5226 iterum
2440 5168 2731 5224 rescissam
2778 5166 3287 5223 reconciliationem
3334 5170 3395 5220 et
3435 5152 3737 5243 concordiae.

549 5240 697 5314 enni.
743 5254 968 5319 Reines.
1019 5240 1124 5315 var
1147 5260 1314 5326 Lech,
1333 5276 1392 5332 p.
1422 5259 1545 5316 466.
1588 5261 1695 5316 Per
1722 5262 2034 5335 οἰκονομίαν
2056 5261 2110 5315 in

2152 5260 2250 5314 hoc
2279 5256 2459 5329 capite
2498 5271 2610 5311 non
2654 5255 2963 5312 incarnatio
3010 5252 3365 5325 intelligenda
3404 5262 3524 5307 cum
3554 5240 3739 5335 Schol?

549 5357 634 5403 est
670 5347 766 5418 (θ),
798 5348 944 5404 unde
979 5358 1149 5404 totam
1180 5320 1487 5405 orationem
1518 5348 1815 5406 obscuram
1860 5320 2017 5404 reddi
2054 5348 2161 5405 fuit
2197 5320 2457 5413 necesse,
2499 5345 2596 5403 sed
2641 5344 2982 5416 dispensatio
3022 5342 3397 5400 ecclesiastica
3436 5320 3735 5428 inseraf'f‘:

552 5451 688 5507 pace
734 5451 863 5492 cum
907 5436 1306 5492 dissidentibus
1346 5445 1405 5492 et
1446 5437 1689 5493 vitandis
1724 5436 1903 5492 turbis
1935 5453 1999 5492 ac
2046 5438 2406 5501 tumultibus,
2438 5434 2605 5491 modo
2648 5449 2779 5489 sana
2808 5431 3061 5488 doctrina
3107 5430 3250 5497 nihil
3300 5429 3429 5485 inde
3471 5417 3735 5507 detrimenll

505 5535 509 5538 ‘
553 5496 758 5595 capiat.
789 5523 1265 5592 Quemadmodum
1290 5525 1590 5597 Gregorius
1620 5524 1753 5579 Naz.
1786 5525 1866 5579 ait
1914 5523 2275 5580 Athanasium
2307 5523 2363 5577 in
2393 5496 2581 5577 verbis
2608 5523 2841 5579 cessisse
2863 5537 2927 5576 ac
2957 5518 3133 5575 fuisse
3158 5496 3395 5582 faeilem,
3428 5508 3514 5569 ubi

556 5591 891 5673 consensum
923 5615 1409 5671 animadvertisset
1434 5633 1447 5669 :
1472 5624 1636 5687 atque
1660 5616 1715 5670 in
1739 5612 1891 5671 Orat.
1916 5613 1980 5669 de
2004 5613 2143 5670 Pent.

2144 5619 2306 5668 ecoste
2340 5610 2698 5682 reprehendit
2727 5610 2855 5675 τοὺς
2886 5609 3005 5674 ταῖς
3032 5604 3324 5670 συλλαϐαῖς
3343 5591 3731 5672 δυσχεραίνοντας

636 5827 706 5899 (ε)
753 5825 928 5895 Quem
980 5845 1049 5884 eo
1096 5830 1323 5889 nomine
1378 5826 1737 5900 reprehendit
1767 5824 2018 5883 Valesius
2038 5825 2107 5883 ad
2150 5823 2477 5895 Philostorg.
2514 5838 2587 5886 vr,
2616 5820 2669 5876 5.
