3908 6494
550 323 695 387 2915

1580 323 1643 385 S.
1684 322 2002 387 EULOGII
2042 326 2397 390 ARCHIEP.
2432 329 2810 394 ALEXAND.

3656 340 3770 408 2916

542 434 744 491 tantes.
766 431 1003 504 hymnos
1020 428 1220 498 dicite;
1253 429 1539 502 discipuli,
1574 434 1898 504 pradicate;
1941 449 2108 491 sacer-

2228 437 2296 490 τά
2323 437 2483 507 ἡμῶν
2522 436 2549 475 ι’
2579 438 2802 510 ῥήματα
2822 440 3086 512 γενόμενα
3113 442 3442 515 πράγματα.
3472 447 3538 500 οι
3569 448 3771 519 βουνοί,

541 520 1041 591 dotes,loquimini;
1058 521 1735 595 theologi.gloriflcate(2);
1756 525 1951 581 incola
1964 525 2120 589 Sion,

540 615 854 677 occurrite;
890 623 1110 685 gentes,
1158 616 1603 685 congregamini;
1641 617 1911 682 caelestia,
1944 626 2123 673 terre-

2224 527 2613 596 σκιρτήσατεο
2642 531 2691 583 oi
2723 529 2894 601 ὄχλοι,
2946 532 3249 597 ἀλαλάξατε
3269 552 3282 567 ·
3312 537 3388 589 τά
3415 537 3604 606 νήπια,
3628 538 3769 610 ὑμνή-

2222 635 2373 673 σατε·
2395 621 2657 691 μαθηταὶ,
2682 622 2976 693 κηρύξατε’
3006 627 3191 695 ἱερεῖς,
3226 627 3521 697 λαλήσατε·
3541 628 3766 698 θεολόγοι,

541 706 678 761 stria
693 715 749 761 et
778 705 1030 764 inferna:
1055 706 1237 761 omnis
1251 706 1391 761 ordo
1410 716 1466 762 et
1481 708 1803 763 atas.Venit
1824 710 1972 763 enim
1992 724 2108 780 erga

2219 710 2505 778 δοξάσατε·
2522 716 2571 766 oi
2588 715 2646 766 ὲν
2666 713 2827 779 Σιὼν,
2844 715 3212 787 ὑπαντήσατε·
3227 718 3293 771 τὰ
3312 718 3470 788 ἔθνη,
3494 722 3769 794 συνάχθητε,

537 815 733 857 omnes
788 800 1114 857 munificus:
1172 800 1432 870 apparuit
1485 816 1676 856 omnes
1726 803 2119 870 miseraturus;

540 890 832 945 universos
855 890 1056 961 gaudio
1084 891 1493 960 impertiturus.
1515 891 1618 958 Qui
1653 893 1799 947 Deus
1830 901 1999 959 esset,
2045 893 2120 947 fa-

534 994 660 1037 ctus
684 990 768 1036 est
798 982 984 1047 homo,
1021 992 1198 1049 estque
1249 984 1387 1038 visus
1411 985 1466 1038 in
1515 992 1682 1048 terra,
1708 993 1756 1037 et
1783 993 2118 1039 conversatus

534 1091 658 1127 cum
686 1075 982 1128 hominibus
1004 1075 1047 1129 ⁸.
1075 1075 1213 1131 Cum
1242 1092 1422 1131 servis
1459 1077 1766 1131 Dominus:
1803 1092 1929 1132 cum
1957 1076 2118 1131 debi-

537 1166 758 1221 toribus
797 1182 1046 1221 summus
1102 1183 1166 1223 ac
1201 1168 1461 1239 princeps
1495 1178 1779 1240 erogator;
1822 1184 1949 1225 cum
1990 1183 2120 1239 per-

534 1257 669 1313 ditis
698 1260 880 1324 salus;
905 1276 1028 1314 cum
1062 1260 1337 1315 damnatis
1380 1261 1731 1331 redemptor;
1761 1276 1887 1315 cum
1917 1261 2116 1330 despe-

534 1351 670 1405 ratis
692 1367 851 1421 spes;
883 1368 1009 1407 cum
1042 1352 1274 1422 dejectis
1304 1352 1515 1407 erectio
1540 1369 1556 1418 ;
1581 1368 1705 1408 cum
1731 1354 1981 1407 scelestis
2015 1351 2119 1406 mi-

532 1440 810 1507 sericors;
841 1458 967 1496 cum
1013 1442 1261 1512 fugitivis
1304 1443 1607 1510 liberator;
1646 1459 1772 1497 cum
1808 1443 1923 1498 reis
1950 1443 2113 1497 inno-

532 1546 703 1596 cens;
761 1547 886 1586 cum
947 1534 1336 1602 peccatoribus
1388 1534 1538 1588 omni
1594 1543 1822 1604 peccato
1877 1550 2110 1604 vacans,

529 1636 655 1675 cum
686 1623 937 1691 ingratis,
971 1624 1193 1679 abunde
1215 1624 1270 1679 in
1294 1640 1491 1680 omnes
1522 1626 1793 1681 liberalis.

2221 803 2291 858 τά
2321 804 2572 875 οὐράνια,
2601 805 2669 859 τά
2697 806 2938 876 ἐπίγεια,
2973 808 3043 861 τὰ
3066 810 3403 878 καταχθόνια
3428 851 3444 874 ,
3487 812 3631 865 πᾶσα
3673 816 3771 878 ἀξία

2223 896 2319 948 καὶ
2341 896 2527 966 ήλικία
2549 914 2564 929 ο
2591 899 2799 962 πάντας
2838 899 2948 970 γάρ
2978 901 3359 973 εὐεργετήσων
3388 902 3603 973 ἔρχεται
3629 921 3641 934 ·
3661 908 3768 960 πάνυ

2222 1004 2321 1051 τας
2351 988 2592 1057 ὲλεήσων
2624 991 2864 1061 ὲπέφανε
2885 1008 2899 1022 ·
2933 994 3068 1046 πᾶσι
3097 994 3465 1065 χαριζόμενος
3508 996 3601 1066 τὴν
3636 999 3769 1064 ἀγοὶ-

2223 1076 2423 1132 λίασιν.
2463 1080 2597 1143 Θεὸς
2643 1080 2723 1134 ὢν
2746 1124 2761 1149 ,
2801 1084 3026 1151 γέγονεν
3054 1085 3366 1155 ἄνθρωπος,
3426 1086 3528 1138 καί
3561 1087 3651 1140 ἐπὶ
3688 1088 3772 1156 τῆς

2224 1168 2415 1252 ὤφθη,
2455 1171 2555 1224 καί
2587 1176 2713 1239 τοῖς
2738 1174 3074 1242 ἀνθρώποις
3101 1177 3605 1252 συνανεστρὰξεη.
3650 1181 3771 1232 Μετά

2219 1260 2328 1313 τῶν
2345 1249 2559 1316 ’δούλων
2588 1265 2617 1317 ό
2644 1265 2924 1336 Δεσπότης
2952 1285 2966 1298 ·
3005 1266 3144 1336 μετά
3184 1250 3292 1319 τῶν
3328 1267 3721 1337 χρεωφειλετῶν
3745 1272 3766 1321 ὁ

2221 1352 2519 1425 πληρωτής
2541 1371 2555 1386 ⁸
2593 1358 2734 1427 μετά
2752 1356 2860 1411 τῶν
2890 1356 3121 1412 ἀσώτων
3154 1361 3187 1428 ή
3224 1360 3482 1430 σωτηρία
3503 1379 3518 1393 ο
3548 1360 3673 1430 μετά
3689 1362 3768 1412 τῶν

2221 1446 2530 1501 καταδίκων
2578 1449 2607 1501 ό
2641 1451 2953 1522 ἀγοραστής
2981 1462 3028 1490 ε·
3063 1454 3201 1522 μετά
3224 1470 3335 1507 των
3371 1452 3767 1521 ἀπεγνωσμένων

2218 1535 2469 1607 ήὲλπίςο
2512 1539 2652 1608 μετά
2701 1540 2811 1593 τῶν
2858 1540 3012 1594 κάτω
3061 1544 3337 1613 κειμένων
3390 1545 3425 1614 ή
3480 1544 3764 1606 ἀνάστασις·

2222 1628 2361 1697 μετά
2389 1629 2499 1682 τῶν
2526 1631 2860 1701 ἀγνωμόνων
2887 1635 2915 1685 ὁ
2942 1633 3062 1701 ὲλεή
3072 1652 3188 1704 μων
3230 1651 3243 1665 ⁸
3290 1638 3441 1706 μετά
3464 1636 3570 1689 τῶν
3598 1635 3761 1707 apart-

530 1714 686 1767 τῶνό
714 1716 1087 1786 ἐλευθερωτής
1141 1716 1191 1756 ἀ·
1238 1717 1378 1786 μετὰ
1437 1718 1547 1771 τῶν
1578 1718 1895 1772 ὑπευθύνων
1928 1722 1954 1773 ὁ
1991 1717 2301 1784 ἀνεύθυνος.
2358 1722 2513 1776 Μετὰ
2577 1724 2687 1779 τῶν
2732 1725 3075 1796 ἁμαρτωλῶν
3122 1729 3152 1780 ό
3198 1730 3628 1802 ἀναμάρτητος·
3663 1734 3762 1801 πρὸς

530 1807 658 1867 τοὺς
691 1806 1048 1876 ἀχαρίστους.
1084 1809 1109 1862 έ
1140 1807 1390 1877 ἀφθόνως
1421 1812 1554 1862 πᾶσι
1585 1810 1965 1881 χαριζόμενος.

601 1897 667 1951 ll.
700 1898 981 1963 Vidistin‘,
1019 1900 1370 1963 charissime,
1396 1900 1717 1957 festivitatis
1760 1903 2108 1975 mysterium?

2292 1896 2368 1954 B'.
2411 1901 2568 1965 Ἴδες,
2598 1902 2874 1974 ἀγαπητὲ,
2902 1906 3003 1976 τῆς
3033 1908 3227 1979 ἑορτῆς
3246 1909 3310 1962 τὸ
3344 1912 3665 1982 μυστήριονς
3684 1914 3759 1977 ίόες

529 1985 784 2041 Vidistin‘
829 1990 1115 2058 praesentis
1161 1989 1269 2044 diei
1307 1992 1571 2047 miracula
1615 1993 1639 2047 Ἰ
1677 1993 1806 2048 ﬂeri
1842 1995 2109 2050 Bethania

530 2077 728 2131 festum
763 2077 908 2132 diem
953 2080 1186 2149 agebat;
1227 2080 1393 2136 hodie
1426 2092 1622 2137 cuncta
1649 2085 1894 2140 Ecclesia
1925 2086 2108 2141 divina

531 2167 735 2221 fruitur
782 2171 1096 2239 prasentia.
1147 2172 1275 2227 lleri
1338 2173 1505 2228 vitam
1568 2175 1659 2229 alii
1706 2176 1937 2248 largitus
1985 2185 2105 2233 est:

530 2257 696 2313 hodie
721 2259 837 2329 ipse
860 2260 929 2315 ad
964 2272 1200 2317 mortem
1229 2266 1402 2318 venit.
1432 2264 1558 2320 Heri
1586 2270 1990 2337 quatriduanus
2018 2270 2109 2325 ille

527 2350 802 2407 excitatus
841 2361 927 2408 est
962 2370 978 2419 ;
1026 2354 1195 2409 hodie
1224 2355 1512 2412 triduanus
1551 2359 1724 2414 adest.
1775 2360 2109 2426 Quatridua-

528 2457 661 2495 num
701 2442 968 2498 Lazarum
1002 2445 1069 2499 ad
1109 2446 1277 2502 vitam
1312 2450 1613 2516 revocavit,
1649 2459 1709 2504 ut
1731 2452 1986 2507 humana
2007 2469 2107 2508 na-

528 2540 666 2587 tunc
692 2549 759 2588 ex
798 2536 1089 2591 elementis
1126 2546 1367 2607 quatuor
1413 2541 1730 2610 composita
1759 2558 2106 2600 communem

528 2626 993 2681 resurrectionem
1025 2628 1228 2697 pravie
1256 2629 1637 2686 confirmaret.
1671 2633 1967 2689 Enimvero
1992 2636 2108 2691 illic

527 2715 751 2785 quidem
792 2716 1005 2772 Martha
1033 2719 1388 2786 distrahitur,
1430 2722 1623 2793 legalis
1652 2724 1831 2779 cultus
1875 2725 2105 2797 figuram

526 2822 725 2874 gerens
753 2824 767 2860 :
815 2807 908 2863 hic
931 2820 1113 2864 autem
1170 2811 1336 2866 Maria
1379 2812 1594 2867 Domini
1621 2815 1856 2885 pedibus
1881 2818 2104 2884 assidet,

527 2894 794 2951 Ecclesia
833 2897 888 2952 in
912 2914 1040 2952 eum
1072 2902 1278 2957 amoris
1310 2902 1421 2956 vim
1459 2918 1522 2958 ac
1554 2906 1937 2963 assiduitatem
1970 2926 2108 2980 prab

526 2986 730 3042 ferens.
769 2987 986 3058 Quique
1034 3001 1165 3045 ante
1195 3007 1289 3046 sex
1324 2993 1444 3048 dies
1483 2995 1703 3052 Pascha
1741 3014 1838 3067 per
1861 3000 2106 3071 quinque

524 3080 778 3149 corporis
817 3096 1015 3136 sensus
1044 3083 1482 3151 quatriduanum
1519 3086 1808 3152 Lazarum,
1841 3108 2008 3146 unum
2048 3093 2105 3147 in

524 3168 747 3226 duabus
780 3170 1007 3227 fratrem
1039 3174 1295 3244 largitus,
1330 3175 1478 3233 illius
1499 3179 1717 3235 vincula
1743 3183 1881 3237 solvi
1909 3184 2102 3255 jubet:

2216 1989 2318 2058 τῆς
2365 1993 2649 2063 παρούσης
2690 1994 2902 2066 ἡμέρας
2936 1996 3005 2050 τά
3037 1997 3324 2069 θαύματα;
3359 2002 3550 2073 Χθὲςή
3575 2003 3759 2075 Βηθανία

2217 2080 2484 2152 ἑώρταζε,
2509 2087 2749 2157 σήμερον
2781 2090 2931 2142 πᾶσα
2967 2091 3000 2161 ἠ
3042 2091 3344 2160 Ἐκκλησία
3397 2096 3667 2166 ἀπήλαυσε
3688 2100 3757 2167 τῆς

2216 2172 2404 2245 θεῖκῆς
2421 2177 2751 2247 παρουσίας.
2783 2180 2924 2244 Χθὲς
2950 2182 3095 2253 ἀλλῳ
3117 2184 3176 2237 τὸ
3203 2185 3304 2255 ζῇν
3336 2187 3629 2257 ἐχαρίσατο
3657 2209 3668 2221 ·
3692 2194 3758 2259 σή.

2219 2281 2383 2336 μερον
2415 2267 2577 2332 αὐτὸς
2624 2270 2719 2322 ἐπὶ
2742 2271 2834 2326 τὸν
2851 2272 3079 2327 θάνατον
3108 2274 3355 2346 ἔρχεται.
3388 2279 3531 2344 Χθὲς
3554 2283 3581 2335 ό
3607 2299 3755 2351 τετρα-

2215 2357 2421 2428 ήμερος
2465 2358 2721 2415 ἀνίστατο
2750 2378 2763 2390 ·
2799 2362 3042 2435 σήμερον
3069 2367 3098 2418 ό
3141 2370 3451 2440 τριήμερος
3497 2373 3753 2440 ἐφίσταται.

2215 2448 2605 2520 Τετραήμερον
2634 2452 2900 2524 ἀνέστησε
2928 2456 3199 2528 Λάζαρον,
3234 2460 3327 2514 ἴνα
3352 2462 3455 2531 τῆς
3496 2464 3558 2516 ὲκ
3598 2466 3751 2517 τεσσά-

2217 2556 2327 2608 ρων
2354 2542 2632 2613 στοιχείων
2656 2547 3025 2617 συγκειμένης
3053 2549 3209 2620 ήμῶν
3233 2552 3477 2620 φύσεως,
3495 2557 3590 2622 τὴν
3613 2557 3750 2623 κοινὴν

2214 2629 2509 2685 ἀνάστασιν
2541 2636 3018 2709 προπιστώσηται.
3058 2640 3203 2694 Ἀλλ’
3248 2645 3374 2697 ἐκεῖ
3402 2646 3507 2715 μὲν
3540 2649 3569 2717 ἠ
3598 2649 3749 2718 Μάρθα

2215 2723 2575 2790 περισπᾶται,
2600 2724 2773 2780 τύπον
2812 2729 2914 2799 τῆς
2960 2732 3192 2803 νομικῆς
3239 2732 3505 2807 λατρείας
3550 2737 3747 2808 ἔχουσι’

2214 2810 2449 2866 ἐνταῦθα
2477 2814 2553 2877 δὲ,
2586 2817 2773 2887 Μαρία
2810 2822 2924 2883 τοῖς
2952 2822 3080 2875 ποσὶ
3109 2823 3204 2877 τοῦ
3240 2828 3519 2880 Δεσπότου
3554 2830 3746 2899 προσκά-

2214 2902 2396 2973 θηται,
2427 2905 2525 2975 τῆς
2556 2906 2887 2978 Ἐκκλησίας
2912 2912 2974 2965 τὸ
3021 2914 3159 2984 πρὸς
3212 2918 3382 2971 αὑτὸν
3418 2920 3626 2989 φίλτρον
3680 2922 3746 2973 καὶ

2214 2998 2541 3068 προσεδρίαν
2569 3001 2984 3073 ὑπογράφουσα.
3016 3009 3126 3061 Καὶ
3158 3012 3185 3063 ό
3220 3012 3334 3078 πρὸ
3364 3010 3426 3078 ἐξ
3461 3012 3658 3084 ἡμερῶν
3676 3013 3744 3064 τοῦ

2214 3087 2431 3159 Πάσχα,
2459 3090 2547 3144 διά
2579 3092 2689 3146 τῶν
2720 3095 2884 3150 πέντε
2910 3097 3005 3151 τοῦ
3041 3099 3293 3171 σώματος
3330 3106 3651 3177 αἰσθήσεων,
3678 3106 3745 3157 τὸν

2215 3182 2595 3253 τετραήμερον
2623 3185 2877 3261 Λάζαρον
2905 3192 2963 3244 ὲν
3000 3196 3121 3256 ταῖς
3147 3194 3268 3248 δυσὶ
3306 3196 3405 3250 τὸν
3438 3198 3530 3252 ἕνα
3560 3197 3741 3268 χαρισά-

525 3262 642 3332 ipse
676 3278 826 3318 nunc
862 3264 1016 3319 venit
1039 3265 1261 3321 vincula
1291 3279 1644 3339 experturus.
1694 3272 1856 3327 Venit
1895 3285 2103 3342 autem,

2215 3289 2376 3343 μενος
2406 3274 2634 3343 ἀδελφὸν
2654 3319 2667 3342 ,
2697 3255 2909 3335 ἐκείνου
2939 3283 3041 3352 μὲν
3064 3255 3132 3338 τά
3164 3285 3347 3357 δεσμά
3378 3255 3645 3359 ἐπιτρέπει
3673 3290 3740 3341 λυ.

524 3369 637 3407 non
664 3369 791 3409 cum
846 3355 1010 3411 turba
1062 3367 1160 3411 aut
1209 3361 1487 3426 tumultu;
1526 3378 1706 3433 neque
1742 3365 2009 3434 Virtutes,
2042 3385 2107 3425 ac

522 3446 891 3516 Principatus,
915 3449 1332 3521 Potestatesque
1364 3454 1608 3524 undique
1636 3455 1992 3516 invisibiliter
2019 3476 2109 3517 sa-

526 3538 719 3592 tellitio
755 3539 1119 3597 circumfusas
1171 3542 1419 3599 habens:
1453 3560 1563 3600 non
1601 3548 1801 3604 sedens
1826 3549 1881 3615 in
1907 3551 2107 3606 throno

522 3631 741 3685 excelso
781 3639 840 3686 et
881 3633 1097 3688 elevato
1126 3635 1146 3666 '
1181 3655 1195 3689 :
1225 3651 1335 3691 non
1367 3637 1469 3692 alis
1513 3638 1846 3708 quibusdam
1873 3658 1936 3698 ac
1959 3643 2105 3715 igni—

521 3722 795 3777 formibus
817 3724 955 3780 rotis
986 3734 1043 3781 et
1082 3727 1429 3783 multioculis
1460 3738 1788 3799 contectus;
1823 3748 1932 3789 non
1959 3736 2107 3792 tubis

519 3828 587 3867 ac
610 3813 933 3877 virtutibus,
992 3815 1376 3886 prodigiisque
1420 3818 1745 3874 concutiens
1779 3821 1965 3876 omnia
1996 3831 2108 3876 ter-

520 3902 849 3973 ritansqne;
890 3904 987 3959 sed
1035 3904 1088 3958 in
1124 3905 1363 3960 humana
1395 3909 1707 3963 occultatus
1746 3920 1960 3965 natura.
2003 3911 2107 3966 Be-

520 3995 812 4067 nignitatis
850 3997 997 4052 enim
1046 3997 1321 4052 adventus
1367 4008 1472 4063 est,
1532 4014 1645 4053 non
1679 4003 2107 4070 potestatiszin-

518 4088 838 4159 dulgentia,
876 4105 988 4144 non
1017 4090 1418 4156 districtionis;
1457 4092 1965 4159 condescensionis,
1994 4112 2104 4152 non

520 4181 769 4236 ultionis.
803 4181 923 4236 Non
951 4181 1006 4236 in
1045 4182 1221 4237 Patris
1275 4182 1447 4252 gloria
1473 4192 1721 4253 apparet,
1759 4184 1855 4239 sed
1892 4185 1949 4240 in
1981 4201 2096 4240 ma-

519 4274 620 4329 tris
650 4275 979 4329 humilitate.
1013 4275 1153 4329 Eum
1189 4275 1350 4330 nobis
1394 4275 1693 4330 adventum
1731 4278 1939 4333 dudum
1970 4298 2107 4351 pra.

516 4363 712 4418 dicans
754 4363 1076 4430 Zacharias,
1120 4364 1493 4434 universaque
1521 4376 1706 4421 creata
1755 4368 1825 4421 ad
1854 4368 2102 4425 latitiam

519 4470 847 4525 provocans,
878 4455 1032 4510 velut
1082 4456 1139 4509 in
1189 4456 1449 4511 Ecclesia
1499 4473 1734 4527 persona
1786 4459 1853 4514 ad
1877 4461 2103 4517 Jerusa-

517 4547 625 4600 lem
648 4546 1157 4610 clamavit,dicens:
1181 4546 1364 4603 Gaude
1385 4549 1727 4615 vehementer,
1754 4550 1867 4619 ﬁlia
1886 4550 2011 4607 Sion
2030 4555 2093 4608 ¹⁰.

404 4674 427 4701 ο
518 4641 631 4697 llac
658 4657 881 4712 quoque
914 4641 1138 4697 Gabriel
1164 4658 1298 4697 voce
1353 4658 1487 4698 usus
1532 4642 1602 4697 ad
1655 4645 1934 4717 Virginem
1979 4649 2090 4703 ait:

517 4733 725 4799 Gaude,
751 4736 1015 4806 gratiosa,
1052 4733 1309 4788 Dominus
1336 4742 1507 4788 tecum
1532 4737 1596 4790 “.
1629 4736 1742 4792 Hac
1763 4747 1818 4793 et
1842 4738 2093 4796 Salvator

515 4826 654 4895 ipse,
679 4841 805 4881 cum
847 4842 878 4881 a
905 4827 1141 4881 mortuis
1180 4827 1538 4893 surrexisset,
1566 4829 1893 4886 mulieribus
1927 4831 2097 4888 incla-

2210 3363 2370 3432 θῆναι
2394 3381 2410 3398 ο
2446 3367 2610 3432 αὐτὸς
2636 3370 2692 3423 δὲ
2718 3371 2815 3426 νῦν
2846 3376 3209 3445 παραγίνεται
3241 3379 3620 3450 δεσμευθῆναι.
3662 3383 3740 3433 Καὶ

2210 3459 2592 3528 παραγίνεται,
2623 3462 2683 3515 οὐ
2713 3464 3046 3529 σοϐῶν,οὑδὲ
3066 3468 3335 3540 θορυϐῶν,
3366 3474 3486 3526 οὐδὲ
3513 3475 3736 3543 δυνάμεις,

2210 3552 2306 3603 καὶ
2338 3552 2535 3622 ἀρχάς,
2567 3555 2661 3607 καὶ
2692 3557 2941 3623 ἐξουσίας
2982 3561 3227 3631 ἀοράτως
3262 3563 3648 3634 δορυφορούσας
3670 3582 3739 3615 πε·

2210 3644 2523 3713 ρικείμενος
2541 3661 2556 3675 ⁸
2591 3647 2692 3700 οὐκ
2721 3649 2815 3702 ἐπὶ
2844 3649 3037 3720 θρόνου
3065 3652 3272 3724 ὑψηλοῦ
3324 3657 3422 3709 καὶ
3483 3656 3734 3727 ἐπηρμένου

2211 3734 2524 3805 καθήμενος
2544 3753 2558 3768 ’
2588 3739 2649 3792 οὗ
2681 3740 2911 3809 πτέρυξι
2944 3760 3054 3797 τισι
3074 3784 3089 3809 ,
3128 3747 3224 3800 καὶ
3260 3749 3619 3821 πυριμόρφοις
3644 3765 3734 3817 τρο·

2209 3826 2357 3895 κοῖς.
2411 3828 2506 3881 καὶ
2569 3831 2983 3903 πολυομμάτοις
3020 3847 3044 3876 ε
3093 3840 3602 3911 συγκαλυπτόμενος
3638 3858 3650 3871 ·
3687 3839 3730 3891 οὐ

2211 3918 2487 3987 σάλπιγξι,
2512 3922 2606 3975 καὶ
2627 3922 2911 3995 δυνάμεσι,
2944 3928 3039 3981 καὶ
3066 3929 3259 4001 τέρασι
3287 3928 3711 3987 κατασιωπῶνταί

2209 4010 2323 4065 ἀλλ’
2339 4013 2395 4064 ὲν
2414 4012 2730 4086 ἀνθρωπεία
2761 4016 2921 4086 φύσει
2945 4021 3346 4092 κρυπτόμενος.
3370 4021 3727 4094 Φιλανθρωπίαἱ

2207 4102 2315 4173 γὰρ
2339 4104 2372 4173 ή
2396 4106 2689 4175 παρουσία,
2710 4108 2810 4163 οὐκ
2833 4109 3102 4175 ἐξουσίας.
3121 4111 3579 4187 [συγχωρήσεως,]
3602 4115 3651 4165 οὐ
3670 4112 3727 4163 5.-

2207 4197 2551 4267 καιοκρισίας
2582 4214 2596 4229 ο
2633 4203 3116 4268 συγκαταὸάσεως,
3146 4206 3205 4260 οὐ
3238 4207 3529 4270 κολάσεως.
3573 4207 3663 4259 Οὐκ
3683 4206 3722 4253 ἐν

2206 4290 2271 4358 τῇ
2297 4286 2391 4340 τοῦ
2422 4290 2634 4359 Πατρὸς
2663 4292 2810 4366 δόξῃ,
2845 4293 2958 4347 ἀλλ’
2989 4297 3048 4349 ὲν
3070 4300 3134 4367 τῇ
3165 4299 3493 4353 ταπεινώσει
3521 4298 3607 4365 τῆς
3636 4296 3722 4360 MT;

2206 4376 2332 4445 τρὸς
2367 4378 2731 4447 ἐπιφαίνεται.
2789 4384 2891 4436 Ἦν
2929 4388 3234 4456 παρουσίαν
3266 4389 3541 4461 πόρρωθεν
3580 4384 3718 4457 ἡμῖνό

2207 4468 2511 4540 θαυμάσιος
2527 4474 2805 4544 Ζαχαρίας
2832 4476 3175 4549 διηγόρευσε,
3211 4481 3304 4535 καὶ
3336 4483 3473 4553 πρὸς
3506 4475 3713 4547 εὐφροσῶ

2206 4579 2304 4629 νην
2332 4563 2772 4635 συγκαλούμενος
2801 4567 2901 4640 τὴν
2924 4572 3101 4624 κτίσιν
3141 4575 3221 4638 είς
3254 4577 3538 4645 πρόσωπον
3572 4570 3713 4633 ὥσπερ

2202 4652 2302 4722 τῆς
2328 4654 2660 4724 Ἑκκλησίας
2687 4660 2751 4728 τῇ
2789 4659 3144 4733 Ἰερουσαλὴμ
3172 4666 3529 4739 ἀνακέκραγε,
3552 4664 3711 4727 λέγων’

2204 4746 2380 4814 Χαῖρε
2402 4748 2661 4817 σφόδρα.
2692 4752 2944 4821 θύγατερ
2975 4757 3147 4811 Σιών.
3180 4758 3368 4831 Ταύτῃ
3396 4764 3459 4831 τῇ
3490 4757 3616 4826 φωνῇ
3649 4752 3711 4801 καὶ

2203 4838 2446 4911 Γαϐριὴλ
2474 4844 2539 4912 τῇ
2584 4843 2845 4916 Παρθένῳ
2877 4848 2903 4886 ⁸
2952 4846 3217 4920 κέχρηται
3244 4889 3261 4915 ,
3293 4851 3463 4921 λέγων
3493 4869 3506 4883 ο
3550 4846 3707 4911 Χαᾶὶες

583 4964 606 4995 ⁸
646 4964 860 5019 Baruch
895 4982 976 5030 In,
1009 4966 1099 5021 58.
1175 4968 1197 4999 ’
1224 4966 1328 5022 lsa.
1352 4983 1429 5034 Vl,
1457 4968 1511 5023 6.
1589 4970 1633 5001 ¹⁰
1659 4969 1824 5025 Zach.
1854 4988 1928 5039 lx,
1964 4973 2017 5029 9.
2096 4976 2108 5006 '

2214 4993 2300 5033 uc.
2334 4995 2373 5044 ι,
2403 4979 2497 5035 28.

1887 5112 2121 5169 VABUE
2159 5117 2570 5176 LECTIONES.

584 5200 613 5241 ι»
654 5200 861 5294 Ὶῖμῶν.
900 5201 1379 5294 Ξεξ.-πρριρητ¹ὦν.
1436 5205 2475 5294 ῖξἈγοραστής.Οξοηλλευθερωτής.
2543 5220 2582 5294 _d
2616 5220 3039 5294 Ἐλευθερωτής.
3090 5225 3267 5282 Oxon.
3290 5229 3506 5289 δίκαιος.
3576 5238 3597 5265 ⁸
3629 5222 3701 5294 ΠΡ)-

508 5271 867 5371 λυομῐμάτρις.
907 5270 1084 5327 Oxon.
1107 5270 1499 5347 ’πολυόμμασι.
1577 5270 1602 5316 ἶ
1634 5270 2114 5336 Κατασιωπῶντα.
2146 5270 2280 5356 ι.εεί
2327 5270 3071 5369 κατασείων-Πάνταῗπῖηῗῇ

508 5344 608 5413 τὴν
634 5342 934 5413 Παρθένον.

2016 5471 2249 5531 NOTAE.

578 5553 1870 5654 SE).thfﬂfsizefaﬁéeef:-Aeiéuzsgm.is
1896 5566 2085 5654 ipsum
2192 5583 2479 5654 provocas
2529 5591 2693 5654 quem
2724 5578 2903 5654 laudis
2931 5599 2997 5639 ac
3041 5586 3466 5654 gloriﬁcamus.
3498 5578 3698 5654 ιηςριεης

505 5623 643 5714 fere
672 5623 912 5714 inculcat
955 5623 1103 5714 quod
1142 5623 1526 5714 'pr‘acesserat,
1578 5633 1741 5714 ἱερεῖς
1783 5623 2073 5714 λαλήᾶατε.

2300 5644 2447 5713 quod
2476 5644 2719 5703 reddidit
2753 5644 3237 5728 inter‘pres'Cyi-illi
3266 5676 3279 5712 :
3310 5651 3697 5728 Theologi,¢fectf-

504 5693 611 5761 Ipsi
645 5696 791 5775 enim
821 5693 1059 5771 theologi
1098 5693 1167 5756 ac
1195 5702 1473 5768 doctores,
1506 5693 1603 5829 qui
1629 5693 1982 5773 sacerdotes,
2015 5693 2080 5766 ac
2185 5693 2447 5776 ἱιὲέεῗῖιὲἑ
2472 5693 3030 5790 sﬁiﬁiﬁ'éai'i'é."
3049 5693 3692 5796 ‘e’nilmihiclzdopihioues

506 5778 782 5829 pracipue
812 5769 973 5829 primi
1006 5788 1143 5828 :nec
1175 5782 1369 5828 auctor
1398 5773 1466 5828 ad
1496 5788 1524 5827 a
1553 5773 1634 5829 ios
1668 5776 1759 5829 hic
1794 5792 2081 5829 sermones
2188 5797 2254 5829 ac
2275 5783 2568 5829 dnclnrnm
2594 5792 2931 5829 comma“?
2951 5795 3164 5829 μου.--

1496 5788 1524 5827 8

506 5765 782 5834 pracipue
810 5769 973 5838 primi
1006 5765 1036 5825 ἴ
1042 5788 1143 5828 nec
1175 5782 1369 5828 auctor
1398 5765 1466 5828 ad

1553 5773 1634 5829 ios
1668 5776 1759 5830 hic
1794 5792 2081 5835 sermones
2188 5797 2254 5836 ac
2275 5773 2569 5841 doctoru'm
2593 5773 3183 5855 sententias'l—Conser.
