3908 6516
140 344 318 415 2917

1242 354 1500 415 SERMO
1536 354 1621 416 IN
1654 353 1912 414 RAMUS
1948 354 2395 418 PALMARU‘M.
2688 372 2719 391 δ

3279 366 3423 432 2918

138 457 641 529 κεχαριτωμένη,
675 460 710 512 ό
742 458 958 525 Κύριος
983 459 1134 531 μετὰ
1157 462 1294 517 σοῦ.
1323 463 1493 516 Τοῦτο
1524 463 1618 517 καὶ
1647 464 1747 516 αὺ-

1846 464 2037 528 mavit,
2088 465 2315 521 dicens:
2364 465 2707 531 Gaudete";
2757 479 2821 525 ut
2866 469 3160 542 intelligas,
3212 473 3425 533 idcirco

133 548 251 612 τὸς
288 552 327 603 ὀ
355 550 544 621 Σωτὴρ
575 549 641 603 ἐκ
684 548 897 618 νεκρῶν
944 551 1184 615 ἀναστὰς
1224 555 1343 617 ταῖς
1382 553 1597 623 γυναιξὶ
1652 552 1745 607 κέ-

136 658 351 711 κραγε
376 682 391 705 ,
440 640 617 710 λέγων
638 655 653 671 ο
699 641 942 709 Χαίρετε
965 660 980 673 ο
1042 645 1127 697 ἵνα
1166 645 1346 715 μάθῃς
1368 687 1383 711 ,
1413 648 1493 699 ὅτι
1523 646 1612 700 διὰ
1645 647 1744 719 τὴν

135 734 348 789 πάλαι
386 732 588 804 φωνὴν,
643 732 711 802 ἢν
752 734 786 803 ἡ
832 732 945 786 Εὕα
972 735 1172 805 ἢκουσε
1213 753 1230 769 ο
1264 738 1346 801 τὸ,
1379 738 1487 791 Ἐν
1521 738 1746 803 λύπαις

131 825 313 894 τέξῃ
341 825 524 879 τέκνα
554 840 569 854 ·
622 821 711 879 διὰ
740 825 902 879 τοῦτο
963 827 1101 898 πρὸς
1160 828 1257 891 τὰς
1315 831 1583 896 γυναῖκας
1642 830 1741 892 τὸ,

132 920 440 987 Χαίρετε,
472 918 737 989 ἀνεϐόησε
758 961 774 989 ,
804 918 946 972 καθὰ
974 921 1069 973 καὶ
1116 922 1144 973 ό
1176 920 1453 990 Ζαχαρίας
1484 920 1741 990 ἐκήρυξε,

130 1007 346 1075 λέγων
379 1025 394 1038 ο
427 1007 603 1075 Χαῖρε
631 1007 890 1077 σφόδρα,
935 1009 1189 1078 θύγατερ
1218 1008 1368 1063 Σιών
1400 1025 1414 1039 ·
1442 1010 1698 1076 κήρυττε
1723 1050 1738 1072 ,

132 1102 423 1169 θύγτπερ
469 1098 876 1167 Ἰερουσαλήμ.
921 1100 986 1152 Τί
1012 1100 1071 1153 τὸ
1100 1104 1397 1171 κήρυγμας
1441 1102 1562 1154 εἰπὲ
1603 1116 1742 1170 προ-

134 1193 374 1260 φανῶς,
401 1187 449 1247 ῶ
478 1192 753 1262 προφῆτα·
790 1191 919 1245 Ἐπ’
963 1192 1142 1260 ὄρους
1168 1192 1415 1262 ὑψηλοῦ
1465 1193 1739 1259 ἀνάϐηθι,

130 1295 170 1345 ὀ
211 1290 758 1362 εὐαγγελιζόμενος
817 1290 970 1345 Σιών
1001 1304 1016 1319 ·
1056 1289 1313 1357 ὕψωσον
1358 1286 1476 1353 τὴν
1530 1283 1742 1354 φωνήν

128 1397 300 1438 σου.
336 1384 403 1436 Τί
436 1382 609 1452 λέγων
632 1386 699 1455 τῇ
736 1383 909 1446 Σιώνς
936 1381 1095 1438 Ἰδοὺ
1127 1384 1160 1435 ὁ
1187 1377 1490 1445 ,ϐασιλεὺς
1504 1376 1742 1446 ἔρχεταί

133 1494 255 1531 σοι
305 1480 524 1547 πραῢς.
549 1478 710 1544 Πῶς;
739 1473 908 1541 Eius;
956 1477 1056 1547 τὴν
1108 1473 1415 1545 παρουσίαν
1439 1511 1455 1535 ,
1492 1472 1612 1524 είπέ
1643 1469 1740 1523 καὶ

131 1569 245 1621 τὸν
276 1569 507 1639 τρόπον.
537 1563 679 1639 Ἀρα
710 1569 794 1637 ἐφ’
830 1568 1090 1639 ἁρμάτων
1134 1567 1228 1619 καὶ
1273 1563 1594 1633 όχημάτωνς
1631 1556 1741 1629 ἄρα

135 1660 304 1726 μετὰ
327 1660 633 1727 δυνάμεως,
682 1660 778 1712 καὶ
830 1656 1243 1731 στρατοπέδων,
1280 1655 1375 1708 καὶ
1407 1654 1507 1723 τῆς
1544 1652 1741 1720 λοιπῆς

128 1752 261 1805 τῶν
300 1751 576 1822 βασιλέων
608 1751 944 1820 φαντασίας;
977 1750 1133 1820 Οὐχὶ,
1170 1747 1355 1818 φησίν.
1389 1743 1555 1799 Ἀλλὰ
1583 1742 1739 1807 mite;

1853 554 1981 624 quia
1999 555 2130 610 olim
2155 557 2266 611 Eva
2285 556 2555 613 audiisset
2581 577 2594 613 :
2622 560 2686 615 In
2702 562 2966 618 doloribus
2983 568 3158 634 paries
3181 568 3320 636 ﬁlios
3343 571 3422 625 ηε

1853 662 1990 701 voce
2020 644 2130 714 illa,
2158 648 2413 713 Gaudete,
2432 651 2715 716 mulieres,
2739 655 3120 725 compellasse,
3153 663 3423 729 quemad-

1854 738 2076 793 modum
2113 749 2169 793 et
2208 740 2502 796 Zacharias
2552 744 2898 812 praedicavit,
2942 747 3172 803 dicens:
3239 751 3425 807 Gaude

1852 830 2197 896 vehementer,
2248 831 2367 899 ﬁlia
2433 830 2603 898 Sion;
2654 836 3047 905 prtedica,ﬁlia
3100 840 3463 899 Jerusalem“

1850 920 2134 987 Quodnam
2166 923 2539 991 praeconium?
2576 938 2789 994 expone
2823 928 3021 995 palam,
3057 944 3091 983 ο
3121 933 3420 1001 propheta.

1850 1012 2021 1083 Super
2062 1024 2291 1068 montem
2354 1016 2617 1069 excelsum
2662 1018 2901 1083 ascende,
2954 1021 3044 1089 qui
3092 1025 3422 1094 evangelizas

1850 1103 1976 1159 Sion
2003 1122 2023 1159 :
2050 1104 2229 1159 exulta
2263 1122 2438 1160 vocem
2469 1114 2636 1161 tuam.
2658 1107 2800 1174 Quid
2828 1109 3077 1165 dicturus
3101 1111 3265 1167 Sion?
3294 1114 3423 1170 Ecce

1848 1192 1961 1247 Rex
1991 1204 2111 1247 tuus
2143 1196 2283 1248 venit
2312 1195 2404 1249 tibi
2431 1205 2739 1250 mansuetus
2763 1198 2827 1250 “.
2858 1197 3178 1264 Quomodo?
3202 1202 3422 1258 Adven-

1852 1295 1965 1339 tum
1999 1285 2224 1351 dixisti;
2267 1285 2489 1339 modum
2508 1300 2742 1355 expone.
2793 1288 2877 1342 An
2955 1289 3008 1342 in
3067 1291 3323 1346 curribus
3357 1308 3423 1346 ac

1848 1378 2141 1434 vehiculis?
2161 1395 2229 1433 an
2248 1394 2371 1433 cum
2387 1378 2564 1448 copiis
2585 1395 2649 1434 ac
2669 1379 3421 1454 exercitibus,equitibusque

1848 1486 1914 1525 ac
1947 1471 2159 1540 reliquo
2215 1486 2403 1539 regum
2456 1470 2757 1540 apparatu?
2802 1470 3181 1543 Nequaquam,
3217 1474 3420 1545 inquit.

1849 1561 1951 1627 Qui
1979 1560 2149 1631 ergo?
2172 1559 2365 1615 Sedens
2386 1578 2546 1632 super
2569 1563 2780 1616 asinam
2802 1570 2849 1615 et
2873 1562 3078 1633 pullum
3105 1581 3297 1620 novum
3321 1568 3418 1635 (5).

1847 1649 1987 1717 Quid
2012 1651 2125 1705 ais?
2148 1651 2335 1705 Rexne
2358 1667 2599 1721 unquam
2619 1651 2769 1706 venit
2793 1652 3077 1708 immundo
3097 1669 3160 1708 ac
3194 1654 3421 1723 ignobili

1850 1743 2101 1797 invectus
2119 1743 2303 1813 pullo?
2327 1743 2426 1807 Ita,
2458 1744 2660 1813 inquit.
2694 1745 2815 1800 Non
2845 1746 2991 1800 enim
3023 1761 3149 1800 cum
3179 1761 3246 1800 eo
3275 1746 3418 1801 fastu

131 1812 564 1911 Ἐπιὲεόηκὼς
588 1812 685 1896 ἐπί
711 1843 856 1897 όνον
878 1812 976 1895 καὶ
1002 1812 1209 1894 πῶλον
1227 1812 1388 1893 νέον.
1432 1836 1497 1888 Τί
1520 1834 1699 1901 λέγεις
1720 1849 1736 1899 ;

1845 1835 1995 1889 venit
2028 1812 2138 1904 quo
2184 1836 2392 1890 cateri.
2426 1812 2568 1902 Quid
2613 1836 2791 1907 ergo?
2839 1837 2898 1891 In
2954 1837 3099 1892 servi
3134 1836 3333 1903 forma,
3362 1849 3420 1891 ut

134 1933 429 1997 Βασιλεὺς
456 1934 589 1986 ποτέ
620 1934 714 1987 ἐπὶ
761 1932 940 1985 πιῖιλον
974 1930 1153 1999 ἀναγῆ
1206 1930 1302 1982 καὶ
1369 1927 1555 1993 ἄδοξον
1604 1924 1739 1978 καθ-

131 2024 365 2095 ήμενος
402 2024 762 2094 παραγίνεται
791 2023 856 2090 ¹ι;
884 2022 1014 2082 Ναὶ,
1044 2020 1227 2090 φησίν.
1254 2018 1330 2072 Οὐ
1362 2016 1472 2087 γὰρ
1493 2015 1593 2085 τὴν
1616 2015 1740 2083 ίσην

133 2116 300 2184 ἔχων
323 2116 504 2179 ἄλλοις
526 2114 829 2186 ὑπεροψίαν
858 2114 1098 2187 ἔρχεται.
1125 2109 1288 2165 Ἀλλὰ
1311 2109 1398 2176 τίς
1432 2108 1523 2161 Ἐν
1550 2106 1737 2160 δούλου

136 2208 367 2276 μορφῇ.
405 2204 481 2269 ὡς
518 2204 771 2275 νυμφίος,
828 2198 983 2266 οὗτος
1038 2200 1256 2271 πραῢς,
1298 2200 1394 2253 καὶ
1442 2198 1519 2261 ὡς
1568 2196 1741 2265 ἀμνὸς

130 2297 257 2365 ἧμε
272 2313 367 2366 ρος
396 2296 491 2349 καὶ
515 2294 589 2359 ὡς
616 2294 831 2363 σταγὼν
855 2294 1032 2365 ἡσυχῆ
1056 2294 1150 2346 ἐπὶ
1178 2292 1365 2356 πόκον,
1391 2291 1484 2343 καὶ
1506 2288 1581 2352 ὡς
1603 2288 1741 2357 πρός

135 2391 323 2442 ὅατον
345 2390 440 2442 ἐπὶ
463 2389 709 2459 σφαγὴν,
744 2387 842 2441 καὶ
879 2386 955 2449 ὡς
990 2386 1177 2457 ἀρνίον
1207 2384 1418 2438 ἄκακον
1469 2382 1739 2451 ἀγόμενον

132 2481 241 2535 τοῦ
290 2482 554 2546 θύεσθαι,
597 2480 743 2535 οὕτω
778 2479 1141 2551 παραγίνεται
1180 2477 1278 2547 τὴν
1319 2477 1514 2543 ἄλογον
1554 2473 1738 2544 φορῶν

134 2573 261 2624 τῶν
319 2571 626 2642 ἀνθρώπων
689 2570 873 2641 φύσιν,
924 2571 1021 2623 καὶ
1079 2572 1137 2621 ἐν
1174 2567 1356 2637 ἀλόγῳ
1402 2565 1732 2634 καθήμενος.

138 2662 432 2715 παιδεύων
484 2662 806 2733 ἀνθρώπους
866 2660 942 2731 μὴ
992 2658 1319 2729 ἐπαίρεσθαι
1353 2674 1367 2688 ·
1428 2653 1737 2724 Καθαιρῶν

136 2754 471 2820 δυνάστας
516 2754 636 2808 ἀπὸ
677 2753 906 2820 θρόνων
925 2790 941 2815 ,
992 2750 1090 2805 καί
1132 2748 1310 2818 ὑψῶν
1371 2747 1693 2812 ταπεινούς
1721 2759 1735 2774 ⁸

139 2844 493 2912 πεινῶντας
522 2843 837 2914 ἐμπιπλῶν
873 2841 1134 2911 ἀγαθῶν,
1185 2840 1284 2894 καί
1314 2839 1739 2904 πλουτοῦντας

137 2936 629 3000 ἐξαποστέλλω·
657 2936 874 3002 κενούς
906 2947 922 2964 '
961 2933 1169 2988 δώδεκά
1196 2950 1369 2996 τινας,
1396 2933 1487 2987 καὶ
1513 2933 1736 2995 τούτους

138 3031 408 3099 οἰκτροὺς
444 3028 843 3096 συνεπομένους
869 3026 1016 3097 αὐτῷ
1040 3026 1246 3097 φέρων,
1277 3024 1375 3079 καὶ
1397 3023 1487 3078 διὰ
1528 3023 1735 3076 τούτων

1842 1938 2100 1992 sponsus,
2130 1923 2276 1978 mitis
2309 1925 2350 1955 "
2381 1923 2473 1977 ille
2501 1940 2566 1980 ac
2595 1940 2772 1996 agnus
2806 1934 3162 1992 mansuetus;
3194 1935 3251 1981 et
3277 1927 3423 1982 sicut

1842 2018 1986 2071 stilla
2010 2018 2222 2086 placida
2248 2017 2301 2071 in
2336 2018 2548 2072 vellus:
2568 2027 2626 2073 et
2649 2018 2796 2075 sicut
2823 2019 2943 2074 ovis
2963 2019 3031 2073 ad
3060 2019 3419 2084 occisionem,

1842 2116 2008 2177 atque
2043 2116 2105 2161 ut
2147 2124 2323 2179 agnus
2362 2108 2627 2164 innocens
2672 2110 2767 2180 qui
2816 2110 3112 2165 adducitur
3153 2111 3220 2165 ad
3256 2112 3419 2166 victi-

1844 2216 2023 2267 mam;
2057 2201 2128 2255 ita
2186 2200 2341 2255 venit
2387 2201 2759 2257 irrationaleut
2794 2203 3034 2258 hominis
3064 2204 3293 2260 indutus
3319 2220 3419 2259 na-

1847 2301 2050 2355 turam,
2075 2300 2132 2346 et
2164 2292 2327 2346 bruto
2355 2292 2622 2355 insidens.
2659 2294 2866 2351 docens
2904 2296 3159 2352 homines
3183 2314 3252 2353 ne
3286 2299 3420 2353 eﬂ‘e-

1846 2390 2077 2435 rantur:
2111 2381 2385 2451 Deponens
2436 2392 2670 2453 potentes
2706 2384 2770 2438 de
2816 2384 3044 2450 sedibus,
3096 2395 3145 2439 et
3173 2386 3420 2441 exultans

1842 2472 2065 2527 humiles
2088 2486 2107 2525 :
2164 2474 2449 2528 esurientes
2505 2474 2712 2545 replens
2750 2476 2916 2542 bonis,
2942 2477 3125 2531 divites
3153 2478 3419 2532 dimittens

1841 2564 2029 2617 inanes
2059 2565 2143 2617 ηε
2176 2564 2493 2627 duodecim,
2546 2581 2753 2635 eosque
2814 2567 3163 2623 miserabiles
3220 2568 3277 2622 in
3318 2584 3420 2624 suo

1840 2655 2104 2709 comitatu
2131 2655 2361 2721 habens,
2395 2672 2493 2725 per
2515 2672 2654 2726 quos
2676 2666 2867 2727 gentes
2886 2667 3173 2715 convocet.
3210 2659 3310 2714 Hic
3335 2668 3421 2716 est

1840 2760 2028 2800 ramus
2075 2746 2167 2801 ille
2196 2746 2291 2817 qui
2340 2748 2671 2817 germinavit
2703 2764 2769 2803 ex
2797 2747 2973 2812 Jesse,
3006 2750 3094 2804 cui
3125 2750 3291 2806 hodie
3325 2767 3420 2807 oc-

1838 2845 2131 2891 currentes
2147 2838 2305 2907 pueri
2336 2837 2697 2894 Hebraeorum
2728 2855 2911 2894 ramos
2941 2840 3209 2897 olivarum
3242 2852 3303 2897 ut
3325 2843 3422 2897 mi-

1837 2928 2105 2984 sericordi
2162 2930 2533 2998 praetendunt,
2586 2932 2893 3002 palmisque
2941 2943 3110 2988 ovant
3155 2944 3418 3006 tanquam

1835 3021 2037 3075 victori
2066 3021 2277 3083 mortis,
2308 3037 2372 3076 ac
2399 3022 2594 3077 dicunt
2622 3042 2635 3077 :
2686 3023 2971 3080 Hosanna:
3002 3025 3312 3081 Benedictus
3330 3044 3419 3097 qut

137 3121 215 3174 τὰ
259 3121 388 3191 ἔθνη
422 3120 884 3191 συγκαλούμενος.
926 3112 1095 3182 Οὗτός
1131 3118 1328 3171 ἐστινὸ
1356 3117 1421 3169 ἐκ
1446 3118 1544 3186 τῆς
1578 3115 1760 3185 ῥίζης¹

1843 3114 1974 3165 venit
2000 3113 2057 3165 in
2080 3114 2292 3166 nomine
2316 3112 2549 3167 Domini.
2586 3113 2728 3179 Quid
2746 3116 2895 3169 enim
2942 3116 3020 3169 ait
3044 3116 3420 3187 evangelista?

138 3214 321 3268 Ἱεσαὶ
348 3212 657 3283 βλαστήσας
678 3212 893 3276 κλάδος,
926 3206 972 3281 ᾧ
998 3211 1485 3283 προσυπαντῶντες
1510 3210 1750 3281 σήμερον
1787 3207 1895 3260 τῶν
1930 3206 2199 3277 Ἐσραίων
2226 3209 2274 3261 οί
2316 3209 2526 3273 παῖδες,
2590 3208 2813 3271 κλάδους
2861 3209 3055 3263 ἐλαιῶν
3070 3209 3146 3274 ῶς
3164 3210 3418 3281 ἐλεήμονι

140 3311 482 3374 ἐπισείουσι,
542 3310 638 3363 καὶ
677 3310 850 3381 βαΐοις
882 3309 957 3373 ὡς
991 3312 1186 3381 νικητῇ
1254 3309 1349 3362 τοῦ
1422 3308 1654 3362 θανάτου
1717 3303 2127 3375 ἀνευφημοῦσι,
2186 3304 2279 3357 καὶ
2316 3303 2564 3374 λέγουσιν
2590 3321 2605 3336 ο
2657 3304 2915 3359 Ὡσαννά
2957 3320 2973 3336 ⁶
3011 3307 3418 3376 εὐλογημένος

140 3408 173 3458 ό
199 3406 539 3473 ἐρχόμενος
571 3403 641 3456 ὲν
674 3404 918 3472 ὀνόματι
967 3404 1210 3473 Κυρίου.
1261 3403 1327 3456 Τί
1356 3402 1464 3473 γάρ
1495 3417 1660 3471 φησιν
1700 3400 1729 3453 ὁ
1767 3398 2194 3467 εὐαγγελιστής;

218 3499 298 3554 Γ.
355 3496 464 3553 Kal
517 3497 753 3568 ἐγένετο
809 3499 908 3552 ὅτε
962 3498 1215 3567 ἤγγισεν
1260 3500 1294 3552 ό
1345 3496 1589 3564 ἰησοῦς
1642 3497 1729 3561 είς

145 3590 447 3661 Βηθφαγῆ
476 3588 574 3643 καί
605 3593 694 3656 είς
728 3590 1053 3657 Βηθανίαν,
1080 3590 1228 3659 πρὸς
1254 3590 1319 3643 τὸ
1350 3588 1488 3657 ὄρος
1518 3588 1586 3641 τὸ
1627 3603 1731 3640 κα-

143 3682 457 3750 λούμενον
491 3679 744 3734 Ἐλαιῶν
771 3680 1094 3734 ἀπέστειλε
1139 3679 1248 3733 δύο
1294 3678 1414 3732 τῶν
1451 3676 1733 3747 μαθητῶν

142 3769 341 3824 αὑτοῦ
363 3768 559 3839 λέγων
577 3786 591 3799 ·
631 3766 916 3839 Ὑπάγετε
930 3773 1017 3835 εις
1038 3768 1152 3837 τὴν
1166 3768 1479 3822 κατέναντι
1507 3767 1730 3837 κώμην,

142 3861 247 3914 καὶ
274 3861 694 3931 είσερχόμενοι
749 3864 835 3928 είς
859 3862 1072 3929 αὐτὴν,
1126 3861 1413 3930 εὑρήσετε
1455 3860 1601 3914 ὄνον
1633 3860 1734 3914 καί

143 3953 363 4008 πῶλον
390 3953 536 4007 νέον
564 3994 579 4019 ,
638 3954 731 4024 ἐφ’
765 3949 813 4022 ᾦ
846 3954 1049 4021 οὐδεὶς
1092 3954 1419 4021 ἀνθρώπων
1447 3952 1691 4008 ἐκάθισε
1716 3965 1731 3981 ⁶

144 4045 460 4110 λύσαντες
494 4045 683 4098 αὐτὸν
715 4045 966 4115 ἀγάγετέ
993 4063 1095 4115 μοι
1128 4061 1142 4076 ο
1179 4045 1277 4098 καί
1318 4043 1429 4098 ἐάν
1478 4063 1568 4110 τις
1592 4044 1737 4112 ὑμῖν

144 4134 295 4202 εἴπῃ
327 4151 403 4201 τι,
430 4134 636 4203 ἐρεῖτε,
669 4135 800 4189 Ὀτι
836 4138 869 4189 ό
901 4138 1109 4204 Κύριος
1136 4137 1322 4190 αὑτοῦ
1354 4136 1562 4206 χρείαν
1588 4139 1734 4205 ἔχει,

150 4224 289 4282 Εἶτα
326 4227 553 4297 ἄγουσιν
588 4229 668 4292 είς
712 4228 873 4298 ἔργον
919 4229 1011 4281 τὸν
1048 4229 1142 4282 τοῦ
1192 4230 1366 4297 Λόγου
1397 4230 1553 4298 λόγον
1578 4269 1593 4294 ,
1645 4230 1739 4282 κα)⁸

147 4321 363 4389 ἤγαγον
394 4320 492 4389 τὴν
520 4319 662 4385 ὄνον,
694 4321 787 4374 καὶ
815 4320 906 4373 τὸν
939 4320 1121 4373 πῶλον
1145 4361 1160 4383 ,
1201 4322 1296 4375 καὶ
1347 4322 1623 4391 ἐπέθηκαν
1670 4321 1739 4375 τὰ

151 4411 351 4481 ἱμάτια
397 4412 578 4465 αὐτῶν
602 4451 617 4476 ,
657 4413 753 4465 καὶ
806 4411 1057 4466 ἐκάθισεν
1086 4414 1114 4465 ὁ
1145 4412 1354 4479 Ἰησοῦς
1390 4428 1404 4442 ⁸
1436 4412 1605 4477 τύπος
1637 4414 1736 4484 μὲν

150 4499 250 4553 οὖν
274 4501 309 4569 ἡ
339 4501 630 4555 κατέναντι
664 4502 827 4572 κώμη
862 4501 957 4554 τοῦ
987 4501 1102 4571 βίου
1128 4502 1220 4555 τοῦ
1245 4504 1513 4573 παρόντος
1534 4518 1547 4532 ⁶
1583 4505 1734 4556 ἀντι-

152 4592 261 4662 κρὺ
298 4592 408 4663 γὰρ
445 4587 535 4663 ἦν,
587 4592 681 4646 καὶ
712 4592 774 4646 οὐ
828 4592 1055 4661 πλησίον
1107 4593 1200 4647 τοῦ
1256 4593 1412 4648 Θεοῦ.
1464 4594 1594 4647 Ὅτε
1638 4589 1731 4647 οὖν

1902 3493 1991 3548 Ill.
2028 3492 2099 3547 Et
2133 3494 2333 3564 factum
2374 3501 2470 3557 est,
2502 3509 2621 3547 cum
2648 3495 3124 3565 appropinquasset
3152 3493 3304 3549 Iesus
3347 3500 3418 3548 ad

1832 3583 2135 3655 Bethphage
2183 3599 2246 3637 ac
2278 3583 2593 3637 Bethaniam
2654 3585 2725 3637 ad
2786 3594 3017 3637 montem
3072 3586 3161 3655 qui
3199 3593 3417 3639 vocatur

1832 3673 2042 3739 Oliveti,
2070 3676 2212 3728 misit
2250 3675 2381 3728 duos
2427 3674 2711 3743 discipulos
2753 3690 2875 3728 suos
2900 3674 3115 3728 dicens:
3150 3674 3231 3729 Ite
3252 3677 3305 3729 in
3333 3693 3420 3730 ca-

1832 3764 2044 3819 stellum
2068 3766 2209 3837 quod
2249 3775 2435 3820 contra
2480 3776 2576 3830 est,
2616 3767 2671 3820 in
2710 3765 2847 3837 quod
2875 3767 3222 3831 introcuntes,
3271 3768 3419 3821 inve-

1835 3858 1988 3911 nietis
2028 3859 2239 3912 asinam
2261 3859 2337 3927 (ὅ)
2364 3870 2412 3912 et
2439 3858 2645 3929 pullum
2676 3875 2869 3913 novum
2892 3874 3055 3928 supra
3080 3876 3233 3929 quem
3262 3875 3414 3913 nemo

1835 3951 2109 4005 hominum
2153 3950 2305 4003 sedit.
2338 3948 2539 4004 Solvite
2565 3949 2742 4014 illum,
2768 3958 2818 4004 et
2842 3951 3086 4005 adducite
3107 3954 3251 4005 mihi.
3275 3951 3344 4006 Et
3368 3954 3415 4007 si

1837 4044 1953 4115 quis
1978 4042 2119 4096 vobis
2149 4042 2355 4112 aliquid
2399 4043 2610 4106 dixerit,
2647 4043 2865 4097 dicetis:
2896 4042 3035 4108 Quia
3064 4042 3321 4098 Dominus
3354 4060 3412 4097 eo

1839 4153 1970 4207 opus
1995 4119 2148 4190 habet
2175 4137 2236 4188 ".
2275 4134 2414 4189 Tum
2451 4135 2531 4190 illi
2548 4136 2713 4190 Verbi
2746 4135 3066 4189 mandatum
3094 4150 3412 4206 exsequun-

1841 4240 1968 4305 tur,
2028 4244 2093 4283 ac
2144 4229 2354 4283 asinam
2406 4242 2470 4282 ac
2506 4228 2716 4299 pullum
2782 4226 3104 4295 adducunt;
3139 4228 3414 4298 imposue-

1837 4331 2074 4391 runtque
2117 4320 2167 4375 ei
2214 4320 2542 4375 vestimenta
2596 4336 2715 4385 sua,
2768 4328 2825 4374 et
2869 4319 3012 4375 sedit
3043 4320 3223 4375 .Iesus.
3271 4320 3414 4376 Sane

1833 4428 1966 4467 vero
1997 4413 2284 4467 castellum
2342 4412 2475 4466 illud
2501 4422 2691 4467 contra
2727 4412 2991 4482 positum,
3022 4412 3149 4467 vitae
3170 4427 3413 4482 praesen-

1834 4504 1903 4558 tis
1940 4512 2127 4575 typum
2182 4503 2344 4573 gerit.
2400 4503 2614 4573 Quippe
2668 4512 2867 4558 contra
2896 4512 3017 4559 erat
3048 4518 3111 4558 ac
3137 4503 3409 4573 opposita,

1831 4610 1944 4649 non
1979 4610 2152 4664 prope
2188 4595 2380 4648 Deum.
2416 4594 2712 4663 Postquam
2761 4595 2931 4666 igitur
2952 4596 3412 4665 appropinquavit

151 4683 351 4753 ἧγγισε
388 4683 614 4753 πλησίον
643 4685 846 4756 ταύτης
878 4689 978 4755 τῆς
1014 4685 1211 4758 κώμης
1238 4702 1251 4717 ι
1302 4686 1391 4739 ὅτε
1426 4685 1729 4755 σαρκωθεὶς

1843 4686 1965 4741 huic
1992 4687 2253 4754 castello;
2293 4702 2418 4741 cum
2442 4687 2703 4741 nimirum
2728 4698 3006 4758 assumpta
3038 4704 3201 4742 carne
3234 4688 3413 4743 factus

150 4774 347 4841 γέγονε
372 4775 513 4829 Μεθ’
542 4773 712 4844 ἡμῶν
740 4778 774 4830 ό
802 4777 945 4842 Θεὸς
964 4816 979 4840 ,
1013 4777 1133 4830 τότε
1177 4777 1364 4830 λοιπὸν
1404 4776 1729 4832 ἀποστέλλει

228 4932 272 4962 ¹¹
301 4932 494 4986 Matth.
520 4949 705 4996 xxvut,
735 4934 788 4989 9.
868 4936 911 4966 ¹³
945 4934 1081 4990 Gen.
1122 4951 1197 4999 ut,
1226 4935 1312 4989 16.

1411 4936 1455 5008 [⁸
1494 4935 1595 4989 lsa.
1625 4951 1703 5008 _x_t.
1730 4936 1783 4990 9.
1862 4937 1906 4967 "
1938 4938 2041 4992 lsa.
2075 4952 2190 5003 Lm,
2223 4938 2249 4991 1
2272 4951 2427 5008 seqq.

1836 4787 1922 4834 est
1949 4778 2232 4833 Nobiscum
2273 4778 2415 4834 Deus
2434 4780 2498 4835 ".
2527 4788 2660 4835 tunc
2685 4780 2907 4836 demum
2934 4780 3104 4835 mittit
3151 4779 3291 4836 duas
3321 4780 3404 4834 di-

2510 4938 2711 4993 H‘Luc.
2760 4954 2800 5003 ι,
2848 4938 2938 5003 52,
2971 4938 3064 4992 55.
3166 4939 3209 4970 "
3264 4937 3395 4993 Luc.

152 5019 267 5065 nx,
296 5002 464 5057 29-51
494 5019 511 5069 ;
549 5004 738 5058 Matth.
769 5021 877 5067 ut.
908 5006 1032 5072 1-5;
1062 5006 1227 5060 Marc.
1253 5005 1469 5071 ιι,1-5.
1548 5007 1589 5037 ⁸⁸
1623 5005 1756 5059 Matt

1846 5022 1880 5059 ι.
1914 5008 1971 5062 2.

1444 5114 1677 5169 ΫΛΗΙᾹΞ
1717 5113 2119 5175 LEC’I’IONES.

226 5206 256 5246 δ
287 5205 578 5276 Ἀναγῆ-
595 5206 1047 5277 παραγιν.οιοη.
1071 5207 1433 5279 παραγίνεται
1458 5207 1551 5261 καὶ
1579 5208 1757 5272 ἁδοξεί
1791 5208 2116 5279 καθήμενος.

1679 5321 1911 5378 ΝΟΤᾹΕ.

226 5416 303 5487 (5)
349 5414 417 5487 Et
472 5412 678 5487 pullum
710 5430 918 5487 novum.
958 5413 1145 5487 Πῶλον
1173 5413 1313 5476 νέον,
1345 5414 1503 5487 juxta
1547 5414 1725 5487 LXX;

154 5483 385 5542 sive'illi
404 5483 479 5537 ita
499 5483 845 5551 scripserint,
870 5483 985 5539 sive
1015 5484 1219 5539 factum
1247 5494 1331 5539 est
1350 5483 1494 5538 ’vitio
1515 5486 1727 5539 scriba-

153 5573 277 5610 rum
312 5557 433 5606 ἀντὶ
464 5553 585 5614 τοῦ,
615 5553 791 5606 πῶλον
813 5556 954 5623 ὄνομ’
980 5553 1186 5623 pullum
1210 5556 1374 5609 asina:
1406 5569 1426 5605 .’
1446 5554 1725 5622 quomodo

155 5628 411 5697 legerunt
433 5623 795 5697 evangelista,
830 5633 887 5697 et
908 5620 1117 5697 habent
1140 5625 1385 5697 Hebraea.
1418 5620 1553 5679 Male
1575 5626 1721 5697 edita

154 5691 411 5749 ex‘Oxon.
445 5708 546 5763 pro
576 5691 642 5761 ἐφ
675 5691 881 5763 ᾦιμιοίί
912 5695 1184 5763 sequitur,
1213 5694 1487 5763 refertque
1544 5695 1720 5748 solum

158 5763 494 5833 pullum,qui
541 5763 691 5818 solus
728 5774 787 5818 ut
832 5765 1047 5819 iuvenis
1080 5764 1313 5819 necdum
1351 5765 1594 5819 sarcinas
1627 5774 1723 5819 aut

1840 5428 2170 5484 quemquam
2231 5412 2515 5467 hominum
2568 5423 2901 5483 portaverat,
2984 5420 3402 5484 repraesentant,

1832 5477 1919 5553 {of
1939 5477 2043 5537 ὧνῖ
2070 5484 2359 5539 referendo
2388 5484 2554 5537 etiam
2569 5477 2812 5546 asinam,
2843 5477 3101 5553 tanquam
3125 5483 3240 5553 ipsa
3272 5477 3413 5552 quo;-

1832 5570 1940 5624 que
1993 5555 2271 5610 neminem
2334 5570 2575 5623 unquam
2626 5564 2914 5623 gestasset,
2942 5553 3089 5622 quod
3134 5564 3190 5607 et
3224 5554 3412 5609 reddit

1831 5624 2107 5695 interpres
2164 5641 2178 5677 :
2237 5625 2422 5695 quibus
2482 5640 2631 5677 nemo
2685 5624 2958 5695 hominum
3003 5624 3185 5695 sedit;
3218 5633 3410 5678 contra

1828 5693 1995 5764 quod
2046 5694 2163 5764 ipsa
2212 5693 2303 5750 res
2346 5695 2582 5759 clamat,
2618 5710 2683 5749 ac
2733 5693 2980 5748 indicant
3030 5694 3318 5749 Mattheus
3355 5706 3412 5748 et

1828 5766 2023 5822 Lucas.
2054 5765 2284 5820 Count-:r.
