4018 6490
153 358 330 425 2925
1277 355 1532 415 SERMO
1570 349 1646 414 IN
1691 351 1945 414 RAMOS
1973 352 2416 414 PALMARUM.
3288 351 3434 418 2926

161 485 293 534 στος
336 467 513 522 σῶσαι
541 465 691 538 ἡμᾶς
737 465 839 521 οὒκ
865 465 1072 537 ἴσχυενο
1117 465 1238 518 ἐπεὶ
1283 465 1526 534 Μωῦσῆς
1566 464 1693 535 ἄρα,
1730 462 1764 532 ἡ

1874 458 2060 528 utique
2105 452 2354 529 Moyses,
2403 466 2497 512 aut
2532 471 2671 511 unus
2721 456 2844 526 quis
2887 456 3278 528 prophetarum
3331 478 3432 530 pro

164 579 270 625 τις
300 564 369 614 ἐκ
391 560 500 614 τῶν
527 557 822 628 προφητῶν
856 559 997 628 ὑπὲρ
1028 557 1182 627 ἡμῶν
1214 559 1576 627 ἀποθνήσκειν
1602 555 1764 626 ἔμελ-

1875 549 2033 604 nobis
2086 549 2323 604 habebat
2369 550 2509 603 mori
2547 565 2561 602 :
2612 557 2666 602 at
2713 563 2903 604 omnes
2945 560 3170 620 peccato
3212 553 3432 609 obnoxii

164 654 303 707 λεν·
332 651 466 706 ἀλλὰ
497 651 696 713 πάντες
732 649 836 703 ὑπὸ
866 649 1141 720 ἁμαρτίαν
1167 648 1483 719 ἐτύγχανον’
1509 647 1590 700 διὸ
1614 643 1768 717 ὲδεή-

1874 651 2029 696 erant
2076 641 2188 712 (9);
2245 641 2476 711 proinde
2541 655 2826 696 necessum
2869 642 2975 696 fuit
3028 643 3434 713 impeccabilem

169 747 374 815 Θημεν
417 742 513 796 τοῦ
565 737 700 794 Θεοῦ
749 740 1139 811 ὰναμαρτήτου
1195 738 1638 810 σεσαρκωμένου,
1673 739 1767 791 καὶ

1874 735 2045 790 Deum
2075 733 2371 797 incarnari,
2406 748 2469 787 ac
2489 743 2722 786 mortem
2769 749 2932 789 carne
2977 750 3077 804 pro
3119 736 3278 791 nobis
3310 752 3437 792 sus-

167 837 281 890 τὸν
317 833 458 906 ὑπὲρ
505 829 661 904 ἡμῶν
693 831 920 886 θάνατον
973 831 1138 901 σαρκὶ
1185 827 1638 901 καταδεχομένου.
1669 829 1770 882 Διὰ

1874 829 2075 897 cipere.
2125 828 2362 896 Ideoque
2404 829 2516 896 ipse
2550 827 2730 881 carnis
2783 841 2978 908 expers
3006 829 3339 895 incarnatur,
3378 839 3440 885 ut

167 926 358 981 τοῦτο
389 928 418 979 ό
450 924 690 994 ἄσαρκος
730 923 1029 994 σαρκοῢται
1052 961 1067 988 ,
1115 921 1200 975 ἵνα
1235 923 1372 992 ὅπερ
1404 921 1516 990 ἔχει
1549 919 1640 974 διὰ
1668 920 1768 990 τῆς

1875 919 2018 988 quod
2052 933 2162 972 non
2195 926 2375 988 potest
2405 933 2502 988 per
2531 917 2892 986 divinitatem,
2927 918 2980 974 id
3015 923 3186 990 possit
3207 938 3307 992 per
3337 922 3440 977 hu-

171 1018 454 1088 Θεότητος
504 1011 783 1081 ἀδύνατον,
809 1012 971 1067 τοῦτο
1000 1015 1103 1085 σχῇ
1137 1012 1205 1067 δι’
1235 1012 1652 1083 ἀνθρωπότητος
1681 1010 1772 1064 δυ·
1876 1009 2217 1066 manitatem.

167 1109 380 1164 νατόν.

259 1203 356 1256 Η’.
396 1199 617 1270 Πάσχει,
640 1197 735 1252 καὶ
760 1197 818 1250 οὗ
841 1195 1060 1266 πάσχεισ
1081 1193 1143 1246 τὸ
1171 1193 1404 1265 πρῶτον,
1431 1193 1490 1246 οὺ
1513 1193 1588 1264 τῷ
1609 1193 1766 1263 Λόγῳ

171 1294 434 1363 λόγισαι·
460 1294 521 1346 τὸ
539 1293 808 1361 δεύτερον,
825 1288 924 1358 τῆς
941 1287 1141 1358 σαρκὸς
1156 1285 1249 1340 τοῦ
1274 1287 1444 1354 Λόγου
1466 1287 1541 1358 μὴ
1561 1284 1766 1355 νόμιζε

174 1386 375 1460 [ὅμως
407 1386 462 1439 δὲ
489 1384 586 1456 τὴν
619 1384 797 1452 σάρκα
823 1381 918 1434 τοῦ
950 1381 1122 1448 Λόγου
1159 1380 1234 1451 μὴ
1266 1377 1512 1450 χὼριςε.]
1538 1379 1609 1431 Οὐ
1662 1379 1770 1447 γὰρ

1946 1186 2082 1242 Vill.
2149 1185 2380 1255 Patitur,
2438 1199 2493 1244 et
2546 1205 2657 1244 non
2708 1187 2954 1260 patitur:
3012 1192 3132 1248 Noli
3200 1194 3438 1264 primum

1876 1279 2054 1335 Verbo
2083 1281 2326 1336 tribuere
2351 1299 2364 1334 :
2397 1281 2723 1346 secundum,
2758 1298 2826 1337 ne
2855 1283 3036 1338 carnis
3052 1285 3215 1339 Verbi
3241 1295 3400 1355 putes
3425 1303 3437 1338 :

1877 1380 1930 1425 at
1962 1386 2064 1426 nec
2101 1387 2321 1426 carnem
2365 1388 2393 1426 a
2442 1373 2622 1428 Verbo
2671 1389 2891 1443 separes
2933 1391 2947 1428 :
2994 1375 3113 1429 Non
3158 1377 3304 1430 enim
3351 1391 3440 1431 se-

178 1479 441 1552 χωρίζω,
471 1477 602 1530 ἀλλὰ
619 1475 889 1546 γνωρίζω,
919 1475 1019 1544 τῆς
1051 1473 1311 1544 ἑκατέρας
1328 1473 1509 1535 οὐσίας
1541 1471 1602 1524 τὸ
1615 1472 1764 1526 ἴδιον.

181 1570 576 1641 Συμμένοντα,
605 1566 722 1620 ἀλλ’
749 1567 870 1636 οὐχὶ
896 1563 1249 1635 συμπαθόντα
1283 1563 1373 1617 τὸν
1405 1563 1578 1631 Λόγον
1604 1562 1766 1630 λέγωο

182 1661 674 1730 συγκρεμάμενον,
703 1657 817 1711 ἀλλ’
843 1658 940 1727 οὐχ
960 1656 1122 1727 ἥλους
1151 1658 1230 1720 είς
1259 1655 1392 1709 ἰδίαν
1429 1654 1591 1724 φύσιν
1618 1654 1770 1718 δεξάο

185 1768 381 1823 μενον·
443 1748 900 1819 συνθαπτόμενον,
953 1748 1068 1802 ἀλλ’
1133 1749 1192 1800 οὐ
1247 1745 1760 1818 συνθανατούμενον·

185 1817 640 1914 συγκλειόμενον,
671 1817 785 1894 ἀλλ’
819 1840 877 1893 οὐ
934 1838 1544 1910 συμπεριγραφόμενον·
1593 1839 1770 1908 ψυχὴν
1799 1817 1846 1875 Β

183 1937 259 1988 ὲκ
305 1934 559 2004 σώματος
607 1930 1006 2004 χωριζομένην,
1042 1930 1178 1986 ἀλλὰ
1226 1930 1317 1982 τὸν
1354 1930 1524 1998 Λόγον
1560 1929 1773 1992 οὐδενὸς

183 2026 380 2080 αὐτῶν
425 2025 814 2094 ἀφιστάμενον.
862 2022 1023 2074 Ὅθεν
1074 2022 1104 2074 ὁ
1139 2021 1234 2091 μὲν
1279 2020 1410 2092 ᾂδης
1449 2019 1769 2088 ἐσκυλεύθη,

182 2117 297 2188 τῆς
333 2116 514 2170 ἐνθέου
540 2114 713 2185 ψυχῆς
748 2114 864 2165 ἐκεῖ
911 2111 1297 2182 κατελθούσης.
1343 2112 1639 2183 Πορευθεὶς
1664 2112 1772 2183 γὰρ

185 2208 434 2278 ἐκήρυξε
460 2207 554 2260 καὶ
590 2209 702 2269 τοῖς
733 2208 792 2258 ἐν
819 2205 922 2276 ᾄδῃ
953 2203 1280 2274 πνεύμασινο
1306 2204 1364 2256 ὲν
1392 2203 1448 2256 δὲ
1482 2201 1560 2275 τῷ
1588 2203 1765 2274 τάφῳ,

184 2298 494 2369 διαφθορὰν
542 2299 640 2352 οὐκ
696 2294 803 2350 εἶδε
851 2297 911 2350 τὸ
957 2295 1114 2364 ἅγιον
1142 2307 1171 2334 ιι
1207 2293 1386 2364 σῶμα.
1424 2295 1531 2347 Καὶ
1563 2296 1671 2364 γὰρ
1703 2291 1771 2365 ἧν

183 2387 503 2458 ἀχώριστος
537 2388 564 2440 ό
592 2387 763 2454 Λόγος
783 2385 882 2455 τῆς
918 2386 1051 2449 ἰδίας
1076 2383 1300 2455 σαρκὸς,
1330 2386 1387 2436 ἐν
1410 2385 1622 2453 ἑκάστῳ
1649 2401 1772 2438 και-

189 2480 302 2552 ρῷ,
345 2480 582 2550 οὐδαμοῦ
609 2478 763 2548 ψιλὸν
790 2479 823 2548 ἢ
859 2477 1062 2549 ἔρημον
1085 2477 1241 2546 ἁφῶν
1269 2476 1494 2548 ταύτην,
1522 2477 1555 2548 ἢ
1590 2477 1767 2543 ἄθεον,

189 2572 231 2638 ἢ
271 2571 352 2636 ὡς
399 2570 518 2634 ἑνὸς
565 2569 674 2624 τῶν
716 2569 837 2623 καθ’
883 2571 1031 2640 ἡμᾶς
1062 2569 1436 2639 τυγχάνουσαν
1480 2568 1766 2638 σωμάτων.

195 2662 396 2731 Ὅμως
434 2662 484 2713 εί
512 2659 606 2714 καὶ
647 2659 830 2730 ήνώθη
874 2659 995 2712 καθ’
1025 2659 1323 2712 ὑπόστασιν
1351 2656 1428 2728 τῷ
1449 2655 1604 2728 Λόγῳ
1626 2657 1660 2726 ἡ
1685 2656 1771 2708 λο-

193 2751 339 2822 γικὴ
366 2750 518 2820 ἡμῶν
548 2748 732 2820 φύσις,
769 2749 883 2803 ἀλλ’
910 2749 1010 2802 οὐκ
1041 2747 1239 2819 ἐσώθη.
1273 2747 1398 2810 Πῶς
1442 2747 1548 2817 γὰρ
1596 2745 1770 2817 σωθή-

200 2860 361 2896 σεται
388 2851 416 2881 V
442 2841 520 2912 τῷ
555 2839 864 2911 προαιωνίῳ
892 2840 952 2892 τὸ
978 2839 1289 2910 πρόσφατον
1311 2855 1324 2903 ;
1355 2839 1389 2909 ἢ
1426 2837 1540 2899 πῶς
1567 2839 1767 2906 ὁμοιω-

199 2933 431 3004 Θήσεται
479 2930 558 3002 τῷ
595 2931 835 3002 ἀνάρχφ,
870 2932 930 2983 τὸ
962 2931 1222 3002 ἔναρχον;
1253 2931 1333 2984 διὸ
1380 2931 1471 2984 καὶ
1509 2930 1642 3000 ὁρᾷς
1671 2930 1766 2982 αὑ-

199 3025 295 3078 τὸν
326 3021 420 3076 ἐπὶ
451 3021 628 3074 πῶλον
654 3021 914 3092 σήμερον·
947 3019 1065 3073 ἀλλ’
1098 3019 1172 3084 ὡς
1205 3019 1510 3090 ἄνθρωπον*
1547 3017 1768 3081 διπλοῦς

199 3114 312 3184 γὰρ
342 3108 428 3182 ἦν.
475 3113 648 3176 Ἐπεὶ,
682 3111 779 3164 καὶ
808 3109 1037 3182 ηὔξησε,
1087 3111 1183 3164 καὶ
1227 3110 1478 3180 ὲθήλασε,
1513 3110 1605 3164 καὶ
1644 3110 1765 3164 ἐδά-

203 3222 398 3276 κρυσε,
433 3205 526 3258 καὶ
570 3204 847 3274 ὴγωνίασε
890 3205 1038 3275 νόμῳ
1085 3203 1184 3274 τῆς
1216 3202 1489 3275 ἡμετέρας
1532 3203 1767 3272 φύσεως.

201 3298 279 3350 οὑ
323 3297 432 3365 γὰρ
477 3297 752 3367 ἠρνήσατο
794 3297 862 3351 τὰ
905 3299 1004 3368 τῆς
1034 3295 1246 3366 φύσεως
1274 3297 1429 3366 ἡμῶν
1470 3295 1771 3366 ἀδιάϐλητα

204 3390 352 3460 πάθη
376 3389 678 3459 σαρκωθεὶς
715 3388 744 3440 ό
780 3388 914 3451 Θεὸς
943 3387 1135 3455 Λόγος⁹
1167 3385 1292 3439 ἐπεὶ
1333 3385 1440 3456 ἄρα
1473 3385 1642 3456 αὐτὴν
1668 3383 1774 3456 πρὸ

204 3482 410 3535 τούτων
438 3481 734 3550 ἠρνήσατο.
777 3481 889 3550 Οὐχ
941 3478 1100 3531 ὑπνοῖ
1147 3478 1204 3530 ἐν
1259 3476 1337 3548 τῷ
1370 3475 1538 3545 πλοίῳ
1571 3477 1598 3529 ό
1643 3475 1774 3538 Θεὸς

208 3576 398 3642 Λόγοςο
435 3575 516 3626 Οὐ
543 3571 831 3636 νυστάζει
862 3570 991 3642 γὰρ,
1015 3570 1156 3624 οὐδὲ
1191 3569 1455 3624 ὑπνώσει
1482 3572 1514 3623 ό
1535 3566 1773 3638 φυλάσ-

207 3684 334 3722 σων
364 3667 473 3720 τὸν
527 3666 792 3734 Ἰσραήλ’
835 3665 948 3718 ἀλλ’
979 3665 1139 3718 ὑπνοῖ
1191 3665 1224 3734 ἠ
1259 3663 1396 3734 σὰρξ
1440 3665 1472 3733 ὴ
1505 3661 1771 3733 ἡμετέρα,

205 3759 272 3828 ὴν
306 3754 591 3808 ἐνεδύσατο
619 3756 648 3807 ό
674 3754 768 3808 τοῦ
814 3752 948 3806 Θεοῦ
977 3753 1170 3820 Λόγος.
1199 3754 1272 3806 Οὐ
1313 3755 1492 3824 πεινᾷ,
1522 3755 1581 3806 οὐ
1610 3753 1776 3823 κοπιᾷ

204 3850 273 3901 ὲκ
301 3849 398 3916 τῆς
424 3846 732 3916 ὁδοιπορίας
763 3846 796 3915 ἡ
827 3845 944 3899 Θεία
979 3845 1162 3915 φθσις,
1199 3844 1274 3907 ὡς
1318 3843 1545 3909 Ἡσαΐας
1587 3846 1771 3916 φησίν·

219 3937 275 3991 '0
315 3939 458 4004 Θεὸς
500 3942 532 3992 ό
551 3935 740 4008 μέγας
766 3937 864 3989 καὶ
910 3937 1179 4006 ἰσχυρὸς,
1209 3937 1280 3990 οὐ
1307 3937 1599 4001 πεινάσει,
1633 3935 1776 3990 οὐδὲ

208 4029 507 4084 κοπιάσει.
539 4030 663 4092 Πῶς
699 4025 792 4082 οὖν
819 4031 1017 4099 πεινᾷ;
1055 4030 1221 4100 Σαρκὶ
1249 4031 1316 4099 τῇ
1344 4028 1402 4093 ἐξ
1444 4029 1619 4098 ἡμῶν.
1652 4030 1775 4093 Πῶς

210 4121 406 4190 πάσχει
428 4137 442 4184 ;
467 4120 638 4189 Σαρκὶ
666 4121 733 4188 τῇ
765 4119 823 4182 ἐξ
855 4117 1032 4186 ἡμῶν.
1068 4118 1187 4181 Πῶς
1218 4116 1443 4189 δακρύει
1471 4134 1484 4182 ;
1522 4119 1693 4188 Σαρκὶ
1707 4121 1773 4190 τῇ

213 4209 273 4273 ἐξ
305 4209 482 4278 ἡμῶν.
539 4208 660 4271 Πῶς
697 4206 1042 4277 ὲθανατώθη;
1093 4207 1295 4278 Σαρκίο
1333 4207 1673 4271 ζωοποιεῖται
1719 4209 1775 4261 δὲ

217 4299 500 4369 πνεύματι.
536 4299 658 4362 Πῶς
688 4299 794 4368 γῆν
827 4298 1070 4364 σαλεύει;
1104 4298 1326 4369 Θεότητι
1353 4303 1419 4369 τῇ
1453 4302 1515 4353 ἐκ
1543 4300 1772 4370 Πατρός.

217 4395 334 4457 Πῶς
360 4394 450 4446 τὸν
480 4394 611 4465 ᾅδην
656 4393 816 4445 πατεῖ
843 4409 857 4457 ;
885 4392 1130 4460 Θεότητι,
1167 4392 1266 4444 οὐκ
1325 4389 1384 4455 ἐξ
1427 4391 1602 4462 ήμῶν.
1652 4393 1775 4455 Πῶς

1877 1479 2051 1533 paro;
2100 1463 2196 1518 sed
2243 1463 2389 1532 quod
2441 1463 2728 1532 utriusque
2765 1474 2976 1519 naturte
3010 1466 3296 1535 proprium
3334 1475 3438 1529 est,

1877 1553 2125 1624 designo.
2162 1553 2526 1624 Conjunctum
2570 1569 2790 1608 manere
2840 1553 3081 1610 Verbum
3129 1556 3284 1622 dico;
3332 1572 3441 1610 non

1876 1648 2040 1702 simul
2087 1649 2197 1717 pati
2233 1639 2470 1702 ac’aﬂici
2503 1665 2515 1700 :
2565 1647 2727 1702 simul
2756 1649 3036 1718 pendere;
3088 1649 3231 1702 haud
3259 1659 3438 1704 tamen

1877 1738 2060 1792 clavos
2106 1738 2160 1791 in
2193 1747 2440 1791 naturam
2493 1752 2647 1793 suam
2688 1738 3006 1808 accepisse:
3040 1741 3439 1810 consepultum,

1875 1830 1970 1885 sed
2003 1845 2112 1883 non
2147 1837 2547 1884 commortuum
2586 1847 2600 1882 :
2641 1847 2747 1886 una
2779 1831 3047 1897 clausum,
3093 1833 3186 1887 sed
3217 1848 3325 1886 non
3348 1848 3444 1902 pa-

1875 1923 2010 1977 riter
2031 1922 2316 1978 deﬁnitum
2345 1941 2359 1977 :
2390 1924 2628 1978 animam
2649 1939 2679 1977 a
2697 1939 2932 1994 corpore
2949 1934 3275 1994 separatam,
3308 1925 3445 1980 Ver-

1874 2015 2005 2071 bum
2024 2025 2204 2071 tamen
2231 2033 2261 2070 a
2283 2025 2479 2070 neutro
2501 2016 2817 2071 recessisse.
2852 2015 3215 2082 Quamobrem
3237 2016 3441 2086 spolia-

1875 2120 1964 2164 tus
1999 2109 2219 2178 quidem
2260 2108 2362 2162 fuit
2413 2108 2658 2163 infernus
2699 2123 2824 2162 cum
2864 2108 3052 2162 divina
3093 2109 3272 2162 anima
3312 2108 3444 2164 illuc

1874 2198 2267 2252 descendisset.
2317 2197 2603 2252 Profectus
2629 2197 2799 2262 enim,
2842 2197 3005 2252 etiam
3047 2199 3241 2268 positis
3268 2197 3322 2252 in
3353 2198 3443 2254 in-

1872 2287 2029 2342 ferno
2062 2286 2343 2356 spiritibus
2364 2286 2682 2356 praedicavit
2701 2285 2743 2316 δ’
2773 2303 2786 2350 ;
2817 2296 2871 2341 at
2892 2285 2945 2339 in
2973 2287 3228 2356 sepulcro
3245 2285 3289 2318 “
3313 2302 3435 2341 san-

1873 2386 2022 2432 ctum
2069 2378 2188 2447 ejus
2229 2391 2428 2447 corpus
2483 2376 2892 2446 corruptionem
2925 2391 3035 2432 non
3070 2377 3230 2432 vidit.
3277 2377 3442 2432 Nullo

1873 2469 2019 2523 enim
2045 2476 2293 2537 tempore
2315 2467 2552 2522 Verbum
2581 2466 2824 2536 separari
2859 2466 3040 2536 potuit
3064 2481 3094 2522 a
3118 2482 3215 2522 sua
3238 2482 3400 2522 carne
3423 2507 3441 2533 ,

1873 2568 1934 2612 ut
1964 2573 2084 2612 eam
2129 2558 2332 2612 nudam
2380 2572 2443 2611 ac
2488 2556 2680 2621 solam,
2710 2564 2805 2610 aut
2835 2556 2954 2611 sine
2992 2556 3124 2622 Deo,
3167 2556 3254 2611 vel
3285 2556 3444 2626 quasi

1870 2665 2071 2720 corpus
2119 2665 2288 2703 unum
2317 2649 2522 2704 nostris
2543 2649 2721 2704 simile
2742 2648 3057 2713 habentem,
3081 2648 3442 2718 relinqueret.

1870 2747 2163 2809 Ctetcrum,
2200 2745 2330 2799 licet
2382 2742 2665 2797 rationalis
2707 2749 2898 2797 nostra
2934 2749 3130 2796 natura
3171 2741 3328 2796 unita
3372 2742 3444 2795 sit

1867 2841 2050 2897 Verbo
2098 2838 2401 2894 secundum
2450 2835 2810 2907 hypostasim,
2837 2835 2987 2890 haud
3029 2844 3209 2890 tamen
3253 2847 3338 2889 est
3392 2830 3446 2888 ei

1867 2931 2168 3001 adaequata.
2219 2928 2322 2996 Qui
2373 2927 2520 2983 enim
2553 2925 2698 2997 quod
2751 2941 2928 2996 nuper
2971 2927 3179 2982 editum
3225 2937 3330 2992 est,
3390 2931 3444 2983 ei

1871 3025 2190 3094 adaequetur
2221 3021 2368 3093 quod
2399 3029 2484 3076 est
2510 3028 2635 3075 ante
2663 3019 2863 3075 saecula
2885 3020 2908 3072 ?
2932 3021 3039 3075 Aut
3061 3020 3338 3089 quomodo
3366 3020 3445 3074 si-

1877 3119 2003 3172 mile
2035 3119 2108 3173 sit
2136 3115 2280 3186 quod
2316 3113 2485 3168 habet
2516 3112 2756 3177 initium,
2784 3111 2835 3167 ei
2867 3111 3011 3182 quod
3058 3112 3333 3182 principio
3355 3127 3446 3168 ca-

1876 3209 2002 3266 ret?
2045 3208 2256 3264 Idcirco
2296 3206 2459 3261 etiam
2508 3204 2664 3259 vides
2705 3203 2870 3259 hodie
2912 3204 3061 3273 pullo
3096 3204 3444 3270 insidentem,

1874 3303 1971 3357 sed
2027 3308 2088 3356 ut
2141 3299 2438 3354 hominem.
2489 3296 2699 3367 Duplex
2758 3295 2962 3365 quippe
3014 3303 3151 3350 erat.
3209 3295 3344 3350 Nam
3388 3305 3445 3350 et

1874 3393 2067 3457 crevit,
2092 3400 2148 3447 et
2183 3390 2331 3446 suxit
2365 3389 2554 3453 ubera,
2584 3397 2641 3442 et
2668 3386 2837 3451 ﬂevit,
2869 3393 2926 3441 et
2949 3394 3038 3440 est
3062 3385 3441 3450 contristatus,

1874 3501 1979 3556 pro
2005 3485 2215 3538 ratione
2253 3490 2464 3536 natura:
2505 3489 2732 3534 nostrae.
2780 3477 2901 3532 Non
2938 3477 3088 3531 enim
3130 3477 3446 3532 incarnatus

1876 3579 2023 3632 Deus
2045 3575 2282 3630 Verbum
2308 3573 2613 3642 inculpatas
2641 3579 2850 3624 natum
2875 3578 3078 3624 nostra:
3110 3569 3294 3624 renuit
3317 3585 3445 3638 pas-

1874 3669 2091 3732 siones;
2131 3664 2333 3735 alioqui
2378 3663 2423 3696 ”
2466 3664 2711 3733 priorem
2763 3662 2874 3716 illis
2921 3661 3096 3730 ipsam
3144 3661 3440 3716 renuisset.

1875 3757 1994 3812 Non
2020 3757 2224 3810 dormit
2247 3757 2301 3810 in
2329 3755 2547 3826 navigio
2567 3755 2711 3808 Deus
2733 3753 2971 3808 Verbum
3003 3751 3111 3821 (lO)
3140 3768 3154 3805 :
3182 3752 3298 3805 Non
3321 3751 3445 3804 dor-

1877 3847 2081 3901 mitabit
2111 3846 2280 3910 enim,
2310 3862 2476 3913 neque
2509 3845 2752 3908 dormiet,
2785 3845 2875 3915 qui
2915 3845 3137 3898 custodit
3166 3844 3442 3912 Israel“;

1874 3941 1970 3995 sed
2004 3939 2208 3992 dormit
2240 3954 2367 3992 caro
2403 3947 2612 4002 nostra,
2642 3953 2804 4006 quam
2839 3937 2936 3992 Dei
2970 3937 3212 3992 Verbum
3241 3938 3440 3992 induit.

1874 4031 1994 4086 Non
2019 4030 2214 4096 esurit,
2248 4044 2349 4084 nec
2389 4029 2594 4083 fatiscit
2635 4045 2701 4084 ex
2743 4029 2939 4084 itinere
2991 4029 3177 4084 divina
3219 4039 3438 4094 natura,

1876 4122 2337 4193 quemadmodum
2375 4121 2450 4175 ait
2494 4121 2704 4175 Isaias:
2748 4121 2883 4175 Deus
2927 4138 3146 4191 magnus
3174 4130 3221 4175 et
3269 4122 3439 4192 fortis,

1878 4229 1982 4265 non
2013 4214 2222 4276 esuriat,
2251 4227 2418 4282 neque
2444 4209 2704 4264 laborabit
2735 4211 2801 4264 "‘.
2833 4209 3114 4276 Quomodo
3151 4227 3283 4281 ergo
3310 4228 3439 4266 esu-

1877 4301 1989 4354 rit?
2017 4300 2216 4364 Carne,
2247 4316 2408 4371 quam
2442 4301 2674 4370 sumpsit
2707 4316 2773 4354 ex
2807 4301 2986 4355 nobis.
3024 4298 3308 4365 Quomodo
3339 4319 3437 4373 pa-

1878 4391 2052 4444 titur?
2080 4391 2255 4445 Carne
2287 4398 2496 4445 nostra.
2525 4391 2811 4456 Quomodo
2829 4391 2958 4447 flet?
2984 4393 3233 4448 Humana
3251 4411 3435 4451 carne.

217 4503 394 4556 φησιν·
439 4486 586 4554 Ἐγὼ
613 4484 713 4538 καὶ
758 4488 790 4539 ὁ
829 4483 1032 4552 Πατὴρ
1068 4484 1136 4536 ἓν
1163 4484 1385 4552 (iugiter;
1421 4485 1500 4554 Τῇ
1534 4483 1644 4536 ἄνω
1670 4484 1772 4553 πρὸ

1875 4482 2160 4549 Quomodo
2210 4482 2315 4536 fuit
2364 4483 2612 4537 occisus?
2655 4483 2831 4538 Carne
2875 4499 2942 4539 ex
2988 4487 3148 4540 nobis
3177 4498 3436 4557 sumpta:

216 4579 419 4634 αἰώνων
434 4579 705 4648 γεννήσει.
729 4575 874 4642 Πῶς,
909 4576 964 4628 '0
988 4576 1186 4642 Πατὴρ
1203 4575 1416 4644 μείζων
1435 4577 1550 4644 μού
1571 4577 1774 4638 ἑστιν;

217 4669 298 4738 Τῇ
327 4672 495 4733 κάτω,
531 4668 592 4719 ἐκ
627 4665 903 4737 Παρθένου
932 4665 1202 4735 γεννήσει.
1236 4665 1379 4728 Πῶς,
1411 4665 1473 4717 '0
1501 4664 1774 4733 ἑωρακὼς

217 4756 339 4826 ἐμὲ,
366 4757 585 4826 ἑώρακε
630 4757 737 4810 τὸν
787 4756 1048 4824 Πατέρα;
1079 4755 1155 4824 Τῇ
1187 4755 1424 4826 ἁκτίστῳ
1456 4755 1548 4808 τοῦ
1600 4756 1771 4822 Λόγου

219 4847 392 4918 φύσει.
429 4848 575 4912 Πῶς,
600 4850 683 4902 Οὐ
721 4847 976 4916 δύναμαι
1010 4846 1198 4900 ποιεῖν
1242 4847 1343 4899 ἀπ’
1379 4846 1640 4915 ἐμαυτοῦ
1669 4847 1773 4900 οὑ-

316 4988 354 5018 “
397 4989 416 5042 1
451 4989 597 5042 Petr.
627 4989 818 5053 111,19.

225 5058 310 5113 30.

916 4987 962 5020 "
1002 4988 1118 5043 Act.
1157 5003 1216 5051 tt,
1244 4957 1338 5040 5|.

1442 4988 1489 5020 “
1527 4989 1717 5044 Matth.
1744 5007 1863 5055 vm,
1889 4991 1978 5044 24.

1876 4591 2070 4631 verum
2118 4575 2318 4643 spiritu
2368 4575 2698 4629 vivilicatur.
2752 4574 3036 4641 Quomodo
3076 4584 3275 4632 terram
3309 4594 3438 4634 con-

1880 4667 2048 4723 cutit?
2094 4666 2387 4720 Divinitate
2429 4681 2591 4735 quam
2639 4666 2804 4720 habet
2848 4683 2879 4721 a
2926 4667 3104 4724 Patre.
3157 4669 3439 4735 Quomodo

1880 4755 2168 4809 conculcat
2216 4754 2458 4809 inferos?
2511 4757 2825 4818 Divinitate,
2881 4773 2991 4812 non
3042 4759 3276 4814 humana
3326 4761 3439 4814 vir-

1883 4855 2022 4901 tute.
2057 4846 2343 4913 Quomodo
2388 4847 2506 4900 ait:
2538 4847 2650 4919 Ego
2677 4857 2724 4902 et
2758 4848 2921 4902 Pater
2955 4866 3120 4906 unum
3155 4868 3332 4906 sumus
3357 4850 3445 4905 ‘6?

2075 4993 2120 5023 “
2158 4991 2301 5047 Psal.
2330 5006 2452 5056 cxx,
2483 4991 2539 5046 4.
2643 4992 2688 5024 ⁸⁵
2729 4993 2833 5049 lsa.
2861 5010 2935 5058 ιι,
2963 4994 3015 5048 8.
3114 4995 3159 5026 “
3201 4997 3354 5052 Joan.
3388 5010 3445 5060 ι.

1478 5152 1710 5206 VARle
1752 5153 2156 5210 LECTIONES.

294 5264 320 5292 ιι
344 5251 550 5319 Ἃγιον.
573 5248 748 5306 Oxon.
773 5249 973 5304 ἔνθεον.
1049 5258 1076 5287 ν
1106 5249 1440 5319 Σωθήσεται.
1473 5248 1662 5304 Scribe
1695 5252 2042 5322 ίσωθήσεται.

1741 5390 1976 5448 ΝΟΤΧΕ.

296 5482 372 5564 (9).
390 5481 811 5564 Omnesﬂeccato
833 5481 1039 5564 obnoxii
1064 5491 1234 5564 erupui.
1255 5481 1391 5564 gum
1413 5483 1650 5564 Moyses,
1666 5495 1781 5564 tum

1962 5486 2071 5557 (10)
2095 5486 2304 5558 Alioqui
2353 5488 2582 5558 priorem
2612 5487 2720 5540 illis
2759 5505 2875 5542 eam
2904 5492 3176 5545 renuissct.
3213 5493 3445 5552 Pulchra

228 5555 502 5624 pr0phetze
539 5553 653 5627 alii,
689 5553 892 5627 quibus
923 5562 982 5606 ut
1015 5554 1378 5627 sanctioribus
1413 5553 1781 5624 reparationis
1889 5553 2238 5627 sententiain
2270 5553 2442 5610 novos
2473 5558 2843 5627 Eutychianos
2868 5561 3102 5614 humana
3133 5563 3419 5621 iuterimen

231 5623 424 5678 nostra
438 5624 713 5692 negotium
737 5623 1026 5676 videbatur
1048 5624 1250 5678 debere
1279 5623 1572 5689 committi,
1605 5635 1665 5680 ut
1685 5628 1778 5681 ulli

230 5709 373 5768 purae
424 5704 710 5768 creaturae
737 5693 930 5747 fuisset
968 5694 1439 5768 committendum.
1502 5697 1778 5768 interpres

232 5779 332 5817 non
360 5764 498 5818 bene
521 5765 587 5818 ad
619 5763 928 5833 redemptos
956 5763 1141 5818 refert.
1172 5765 1403 5820 Councr.

1889 5638 1971 5681 tes
2001 5629 2054 5680 in
2095 5626 2315 5684 Christo
2347 5626 2590 5681 homine.
2621 5629 2894 5697 interpres
2937 5629 3123 5699 Cyrilli
3152 5650 3163 5684 :
3201 5633 3448 5696 Quando.

1887 5699 2096 5767 quidem
2150 5699 2318 5769 ipsam
2371 5706 2493 5751 ante
2519 5700 2647 5750 istas
2677 5701 2883 5764 renuit;
2919 5701 3118 5769 quibus
3149 5703 3446 5764 absurdum

1885 5769 1952 5822 ab
1975 5769 2202 5840 Eulogio
2233 5778 2594 5838 assumptum,
2621 5771 2741 5840 ejus
2761 5781 3028 5826 assertum
3057 5772 3202 5827 facit.
