4018 6514
602 401 743 469 2927

1614 400 1672 461 S.
1713 398 2036 461 EULOGII
2076 397 2427 458 ARCHIEP.
2470 396 2844 459 ALEXAND.

3663 408 3779 478 2928

601 513 847 583 Superna
902 508 994 564 illa
1048 504 1335 562 nativitate
1398 516 1523 562 ante
1572 506 1792 563 szecula.
1854 504 2167 573 Quomodo,

2275 504 2415 571 δένς
2448 504 2501 557 τί
2526 503 2619 559 οῦν
2644 522 2660 570 ;
2689 504 2949 566 ἀδύνατος
2997 504 3025 555 6
3049 502 3219 572 Λόγος
3241 502 3387 575 παρὰ
3416 506 3501 559 τὸν
3524 516 3547 544 ι
3573 511 3776 587 Πατέρα;

599 605 766 661 Pater
795 603 969 674 major
1008 618 1089 655 me
1128 610 1203 656 est
1232 601 1312 654 δτι
1354 600 1651 655 Nativitatc
1705 599 1761 654 in
1808 597 2168 653 inferioribus

597 713 667 754 ex
714 696 957 767 Virgine.
1005 693 1312 761 Quomodo,
1359 691 1463 758 Qui
1507 692 1633 746 vidit
1678 708 1780 756 me,
1814 692 1942 746 uidit
1975 699 2023 743 et
2062 690 2168 743 Pa-

600 801 735 848 trem
780 788 873 843 "‘2
916 789 1165 844 lncreata
1202 786 1369 843 Verbi
1423 793 1641 840 natura.
1686 782 1996 850 Quomodo,
2050 780 2168 835 Non

601 896 811 955 possum
840 878 1011 949 facere
1026 876 1311 947 quidquam
1340 892 1372 928 a
1405 872 1705 941 memetipso
1729 870 1813 922 ιυι
1835 868 1976 935 Quid
2003 866 2171 937 ergo?

600 972 842 1029 Verbum
866 986 936 1025 ne
965 967 1167 1023 minori
1192 981 1299 1037 pra:
1325 966 1485 1021 Patre
1521 964 1767 1033 potentia
1804 962 1926 1018 est?
1969 959 2171 1015 Procul

600 1063 673 1119 sit
697 1062 899 1117 Ariana
945 1060 1039 1115 illa
1079 1058 1319 1114 vesania.
1368 1052 1510 1122 Quid
1536 1061 1620 1109 est
1654 1051 1801 1124 quod
1829 1051 1965 1106 dicit
1996 1068 2011 1105 :
2047 1048 2173 1105 Cla-

599 1154 752 1225 ri/ica
783 1169 885 1219 me,
919 1152 1083 1207 Pater
1100 1150 1184 1204 ὀἳ
1225 1148 1441 1219 Corpus
1463 1146 1650 1203 Verbi.
1675 1145 1810 1211 Quis
1834 1143 1967 1198 dicit
2002 1159 2016 1195 :
2055 1140 2170 1212 Ego

514 1304 521 1310 _
598 1249 655 1303 in
682 1247 865 1310 Patre,
900 1254 948 1298 et
986 1241 1146 1297 Pater
1186 1242 1241 1295 in
1270 1256 1353 1294 me
1384 1247 1457 1293 est
1490 1237 1580 1291 “Y
1622 1235 1865 1293 Verbum
1898 1233 2045 1305 quod
2084 1243 2172 1288 est

599 1340 659 1395 in
683 1353 931 1409 corpore.
977 1333 1263 1402 Quomodo
1299 1332 1376 1387 ait
1420 1350 1434 1386 :
1478 1329 1695 1385 Patrem
1741 1343 1933 1392 meum,
1969 1334 2018 1379 et
2057 1325 2170 1381 Pa—

601 1440 736 1486 trem
760 1439 987 1485 uestrum
1015 1426 1104 1481 8"2
1132 1427 1293 1481 Pater
1324 1422 1547 1494 quidem
1588 1421 1748 1477 Pater
1779 1428 1884 1483 est,
1912 1433 2024 1471 non
2045 1432 2169 1472 car-

598 1523 709 1588 nis,
762 1521 857 1577 sed
908 1520 1005 1575 Dei
1052 1518 1221 1574 Verbi
1266 1515 1411 1585 quod
1443 1522 1626 1569 estex
1671 1512 1812 1583 ipso.
1860 1508 2169 1578 Quomodo,

600 1614 772 1668 Deum
827 1627 1021 1676 meum,
1075 1617 1123 1664 et
1177 1608 1345 1663 Deum
1395 1605 1663 1660 vestrum?
1719 1604 1865 1660 Deus
1907 1610 2014 1667 est,
2058 1617 2169 1657 non

600 1704 791 1762 Verbi.
840 1699 1124 1769 Quomodo
1164 1699 1313 1756 enim
1360 1699 1505 1753 Deus
1543 1697 1769 1752 exsistat
1806 1694 2035 1765 aequalis
2064 1692 2171 1749 sibi

598 1796 735 1852 Dei?
757 1795 850 1850 sed
876 1794 1020 1848 Deus
1041 1792 1189 1846 illius
1213 1806 1335 1861 qua:
1358 1799 1442 1844 est
1470 1790 1524 1843 in
1550 1788 1750 1851 Verbo,
1780 1786 1973 1842 formae
1996 1784 2166 1840 servi.

2272 597 2452 667 ἄπαγε
2483 599 2580 668 τῆς
2618 596 2960 669 ’Λρειανικῆς
2992 595 3440 666 φρενοόλαδείαςί
3473 600 3534 651 Τί
3567 602 3619 654 τὸ
3638 604 3781 675 λέγον.

2272 693 2547 757 Δόξασόν
2567 710 2666 762 με,
2712 691 2943 759 Πάτερ;
2974 691 3047 743 Τὸ
3091 690 3247 761 σῶμα
3286 691 3381 744 τοῦ
3429 692 3605 761 Λόγου.
3648 699 3728 762 Τίς
3764 706 3786 755 ό

2269 785 2464 854 λέγων·
2510 786 2656 855 Ἐγὼ
2686 784 2755 839 ἐν
2787 782 2868 851 τῷ
2901 783 3105 852 Πατρὶ,
3138 784 3237 836 καὶ
3278 786 3309 838 ὀ
3340 785 3529 853 Πατὴρ
3557 788 3619 840 ἐν
3650 790 3784 859 ἐμοί;

2281 877 2340 932 Ὀ
2360 881 2416 931 ἐν
2435 876 2513 949 τῷ
2530 876 2740 949 σώματι
2763 876 2951 945 Λόγος.
2991 876 3134 938 Πῶς,
3166 876 3391 945 Πατέρα
3410 895 3542 945 μου,
3581 882 3663 932 καὶ
3696 887 3787 936 Πα-

2274 970 2414 1038 τέρα
2463 968 2670 1040 ὐμῶν;
2712 966 2901 1037 Πατὴρ
2948 967 3047 1037 μὲν
3094 969 3122 1020 6
3156 967 3366 1037 Πατὴρ,
3392 968 3448 1020 οὐ
3480 969 3568 1039 τῆς
3605 974 3783 1042 σαρκὸς,

2271 1062 2406 1115 ἀλλὰ
2443 1061 2537 1116 τοῦ
2568 1061 2628 1127 ἐξ
2658 1060 2823 1116 αὐτοῦ
2844 1060 2978 1115 Θεοῦ
3003 1060 3197 1129 Λόγου.
3234 1060 3382 1113 Geor
3397 1078 3531 1129 μου,
3565 1063 3646 1115 καί
3671 1066 3788 1119 Θεὸν

2271 1153 2471 1222 ὐμῶν;
2504 1151 2656 1215 Θεὸς,
2680 1152 2739 1205 οὐ
2762 1151 2855 1205 τοῦ
2880 1151 3076 1219 Λόγου’
3121 1148 3239 1212 πῶς
3272 1148 3380 1219 γὰρ
3414 1148 3555 1203 ἔσται
3577 1152 3660 1204 τοῦ
3696 1155 3787 1206 [σου

2276 1243 2443 1296 αὐτοῦ
2496 1243 2630 1296 Θεοῦ
2671 1243 2832 1308 Θεός;
2869 1240 3002 1295 ἀλλὰ
3030 1240 3161 1301 Θεδς
3188 1239 3286 1309 τῆς
3320 1241 3374 1290 ὲν
3402 1238 3477 1308 τῷ
3511 1240 3653 1310 Λόγῳ
3683 1260 3786 1313 μορ-

2274 1335 2381 1405 φῆς
2409 1334 2503 1388 τοῦ
2547 1334 2757 1390 δούλου.
2799 1332 2919 1402 Πρὸ
2955 1332 3063 1387 τοῦ
3106 1330 3351 1399 Ἀϐραὰμ
3397 1330 3670 1399 γενέσθαι,
3702 1336 3790 1403 ἐγώ

2271 1430 2386 1497 ειμι
2408 1444 2427 1492 ;
2463 1427 2522 1479 Ὀ
2544 1428 2601 1481 ὲν
2622 1428 2689 1497 τῇ
2727 1426 2891 1496 σαρκὶ
2923 1424 3055 1488 Θεὸς
3080 1423 3273 1491 Λόγος.
3302 1422 3510 1490 Κύριος
3535 1418 3649 1475 εἶπε
3674 1427 3790 1492 πρός

2272 1536 2364 1586 με·
2414 1519 2551 1585 Υἱός
2576 1533 2695 1586 μου
2720 1511 2776 1570 εἷ
2796 1515 2899 1579 σὺ,
2931 1513 3045 1586 ἐγὼ
3071 1515 3340 1584 σήμερον
3369 1514 3675 1583 γεγέννηκά
3704 1532 3786 1580 es;

2272 1611 2351 1680 Τῇ
2378 1610 2677 1681 προσφάτῳ
2710 1607 2804 1663 τοῦ
2832 1609 3009 1678 Λόγου
3034 1607 3328 1677 σαρκώσει.
3363 1607 3435 1659 Οὐ
3460 1610 3562 1675 γὰρ
3590 1607 3721 1671 ἄλλος
3739 1605 3791 1681 ἦν

2270 1700 2299 1752 6
2324 1699 2429 1770 πρὸ
2467 1699 2746 1769 ὲωσφόρου
2783 1699 2848 1751 ὲκ
2876 1697 3088 1768 Πατρὸς
3121 1696 3425 1767 γεννηθεὶς,
3468 1696 3559 1749 καὶ
3595 1697 3791 1761 άλλος,ὀ

2274 1791 2332 1843 ὲν
2366 1789 2613 1860 Βηθλεὲμ
2645 1790 2709 1842 ὲκ
2747 1788 2955 1860 μητρὸς
2985 1787 3314 1859 σαρκωθείς.
3353 1788 3416 1839 Ei
3444 1786 3547 1857 γὰρ
3575 1789 3657 1840 καὶ
3679 1788 3789 1841 Παῦ-

600 1889 897 1956 Antequam
942 1883 1210 1938 Abraham
1231 1852 1431 1949 -ﬁeret,
1464 1894 1555 1947 ego
1585 1894 1701 1931 sum
1730 1876 1815 1930 "?
1859 1877 2004 1931 Deus
2031 1875 2169 1930 Ver-

2275 1881 2364 1947 λος
2392 1852 2822 1953 exaudiens-ii;-
2844 1852 3017 1934 ταῦτα
3052 1852 3423 1950 παραφρονεῖ,
3455 1852 3564 1931 αλλ’
3598 1881 3652 1932 οὐ
3680 1880 3793 1933 Παῦ-

600 1981 733 2036 bum
772 1977 920 2049 quod
966 1983 1053 2032 est
1097 1975 1155 2029 in
1203 1986 1390 2029 carne.
1452 1970 1708 2025 Dominus
1736 1969 1868 2023 dixit
1918 1968 1987 2023 ad
2036 1983 2119 2022 me
2150 1984 2170 2023 :

601 2072 768 2128 Filius
802 2089 943 2127 meus
975 2086 1027 2125 es
1058 2078 1114 2123 tu
1137 2083 1157 2123 :
1190 2083 1282 2139 ego
1311 2066 1462 2120 hodie
1496 2064 1649 2135 genui
1692 2072 1742 2117 te
1764 2061 1852 2115 5‘?
1895 2061 2171 2117 Nimirum

601 2180 743 2220 nova
792 2160 1169 2218 incarnatione
1207 2156 1373 2214 Verbi
1421 2172 1435 2210 :
1495 2171 1607 2210 non
1645 2154 1793 2210 enim
1841 2153 1982 2208 alius
2029 2160 2169 2221 erat,

600 2257 696 2327 qui
731 2264 857 2311 ante
875 2253 1167 2309 luciferum
1199 2265 1265 2304 ex
1294 2250 1457 2305 Patre
1485 2247 1703 2319 genitus
1728 2246 1895 2312 est",
1923 2244 2173 2316 aliusque

602 2348 699 2421 qui
729 2363 797 2403 ex
830 2353 1003 2401 matre
1029 2345 1085 2399 in
1115 2341 1435 2398 Bethlehem
1460 2338 1774 2395 incarnatus
1803 2347 1906 2393 est.
1932 2336 2171 2393 Tametsi

601 2440 751 2496 enim
794 2436 996 2492 Paulus
1027 2428 1423 2489 Samosatensis
1450 2428 1569 2483 hazc
1621 2426 1861 2489 delirat;
1911 2423 2058 2478 haud
2092 2432 2174 2478 ta-

601 2548 732 2589 men
788 2529 994 2586 Paulus
1040 2522 1327 2579 Tarsensis
1370 2520 1477 2575 ista
1525 2519 1727 2573 docet:
1759 2516 1856 2572 sed
1902 2531 2027 2571 cum
2071 2513 2170 2569 Dei

598 2624 833 2680 formam
866 2621 925 2675 in
951 2617 1093 2676 servi
1124 2616 1297 2670 forma
1329 2612 1617 2683 signiﬁcat,
1647 2610 1845 2665 clamat
1875 2626 1888 2662 :
1926 2607 2027 2673 Qui
2055 2624 2173 2661 cum

2273 1972 2364 2036 λος
2403 1975 2431 2026 6
2473 1972 2719 2045 Ταρσεὺς
2771 1971 2945 2025 ταῦτα
2979 1971 3240 2025 νουθετεῖ.
3296 1969 3437 2024 Ἀλλ’
3467 1971 3551 2023 ὅτε
3596 1971 3680 2041 μὲν
3718 1974 3791 2041 τὴν

2279 2059 2373 2113 τοῦ
2407 2058 2542 2113 Θεοῦ
2578 2060 2791 2130 μορφὴν
2825 2061 2882 2111 ὲν
2911 2061 2979 2130 τῇ
3004 2057 3100 2112 τοῦ
3133 2058 3323 2111 δούλου
3363 2060 3537 2128 μορφῇ
3567 2058 3790 2128 σημαίνει,

2281 2152 2400 2225 βοᾷ·
2442 2155 2546 2219 Ὃς
2573 2150 2660 2206 ὢν
2686 2153 3053 2222 ἀπαύγασμα
3098 2150 3211 2220 τῆς
3236 2150 3443 2219 δόξης·
3469 2153 3555 2205 ὅτε
3582 2151 3635 2204 δὲ
3663 2152 3787 2204 πάλιν

2278 2248 2379 2318 τῆς
2414 2247 2471 2300 ὲν
2527 2245 2605 2317 τῷ
2653 2246 2812 2318 Λόγῳ
2863 2245 3157 2315 ὲνωθείσης
3201 2244 3407 2316 σαρκὸς
3450 2244 3544 2314 τὴν
3580 2244 3796 2315 διαφορὰν

2281 2337 2558 2409 σημαίνει,
2587 2337 2754 2407 λέγει·
2806 2337 2868 2390 Ὃ
2908 2336 2975 2390 δὲ
3005 2337 3147 2403 Θεὸς
3174 2335 3273 2391 καὶ
3303 2336 3394 2389 τὸ)
3438 2336 3640 2403 Κύριον
3674 2335 3796 2405 ἤγει-

2273 2444 2419 2497 ρενσ
2464 2428 2551 2482 ἵνα
2601 2428 2922 2498 ἀμφοτέρων
2974 2426 3081 2481 τῶν
3127 2428 3184 2480 ὲν
3237 2425 3320 2496 τῷ
3360 2424 3565 2495 σώματι
3619 2426 3797 2495 μορφῶν

2280 2518 2573 2584 ἀποδείξας
2617 2518 2716 2589 τὴν
2766 2518 3075 2588 διάγνωσιν,
3104 2517 3198 2571 καὶ
3233 2517 3490 2571 Μάνεντα
3527 2518 3611 2569 τὸν
3636 2533 3794 2584 (pavu-

2282 2610 2563 2681 σιομάχον,
2612 2613 2707 2665 καὶ
2738 2611 2950 2665 Παῦλον
2984 2610 3075 2664 τὸν
3126 2609 3603 2681 ἀνθρωπολάτρην,
3629 2607 3795 2670 Παῦλος

598 2720 670 2772 sit
698 2714 945 2787 splendor
970 2711 1154 2783 gloria:
1187 2710 1233 2741 ⁵⁸
1264 2725 1278 2762 :
1315 2720 1549 2775 cumque
1572 2717 1766 2759 rursus
1790 2701 1972 2757 carnis
1994 2700 2172 2757 Verbo

2280 2703 2308 2756 6
2343 2702 2634 2767 ἀπόστολος
2663 2702 3000 2774 καταϐάλλῃ.

605 2806 772 2861 unita:
810 2800 1179 2858 dill‘crentiam
1220 2796 1491 2866 designat,
1538 2793 1615 2848 ait
1654 2808 1669 2847 :
1721 2790 1859 2845 Deus
1896 2795 2075 2845 autem
2114 2797 2164 2843 et
2199 2788 2483 2846 Dominum
2542 2794 2920 2859 suscitavit";
2951 2802 3012 2848 ut
3075 2791 3368 2860 utriusque
3400 2791 3580 2847 forma:
3630 2793 3677 2845 in
3702 2806 3795 2845 cor-

604 2916 739 2973 pore
789 2897 1087 2954 discrimen
1130 2891 1445 2956 ostendens,
1506 2903 1633 2944 cum
1689 2886 1955 2941 Manetem
2015 2886 2171 2940 illum
2207 2889 2569 2943 oeconomiam
2618 2889 2905 2959 phantasia
2948 2889 3359 2945 discernentem
3426 2904 3489 2944 ac
3546 2888 3675 2943 inani
3699 2903 3795 2958 spc-

603 2993 711 3057 cie,
757 3000 872 3044 tum
918 2986 1150 3043 Paulum
1193 2980 1585 3037 hominicolam
1634 2976 1838 3032 Paulus
1888 2977 2172 3047 apostolus
2208 2988 2539 3047 prosternat.
2613 3036 2623 3045 ,

674 3082 769 3139 ιΧ.
808 3080 891 3136 Tu
941 3092 1074 3133 vero
1108 3074 1243 3149 quid
1291 3074 1405 3131 ais?
1453 3071 1594 3141 Quid
1635 3069 1850 3136 statuis,
1881 3085 2021 3125 nove
2052 3069 2166 3125 Ma-

2350 3071 2427 3128 8’.
2477 3075 2549 3127 Σὺ
2595 3074 2651 3127 δὲ
2698 3075 2751 3127 τί
2784 3074 3005 3144 λέγεις;
3053 3075 3108 3128 τί
3136 3074 3470 3145 νομοθετεῖς,
3499 3092 3543 3128 ω
3569 3075 3646 3126 νέε
3666 3075 3798 3127 Μανι-

606 3176 815 3236 niebeee
851 3189 914 3230 ac
947 3188 1087 3244 pure
1129 3179 1370 3241 puteque
1415 3168 1562 3222 illius
1592 3166 1849 3221 defensor
1874 3161 2178 3219 amentim?

610 3273 732 3328 Non
766 3267 1025 3325 concedis
1069 3280 1287 3325 carnem
1313 3272 1566 3317 naturam
1599 3258 1910 3314 nominari?
1950 3259 2020 3313 At
2056 3255 2177 3311 Illic

606 3363 839 3435 trepidas
887 3362 1091 3423 timore,
1149 3356 1236 3409 ubi
1284 3371 1389 3409 non
1434 3362 1550 3406 erat
1583 3352 1741 3405 timor
1773 3350 1839 3404 ⁸⁸.
1888 3349 2001 3405 Nec
2043 3362 2177 3404 vero

603 3459 898 3517 Dominum
920 3451 1199 3509 revereris
1222 3450 1278 3504 in
1303 3458 1547 3518 tempore
1565 3444 1835 3516 passionis
1859 3443 2132 3498 dicentem
2158 3458 2173 3495 :

606 3551 836 3623 Spiritus
851 3547 1059 3615 quidem
1088 3550 1358 3616 proruptus
1375 3548 1472 3604 est,
1504 3554 1629 3593 caro
1654 3544 1828 3591 autem
1849 3535 2065 3605 inﬁrma
2092 3534 2176 3587 "?

608 3643 669 3701 Si
716 3648 1009 3711 promptus,
1040 3635 1317 3707 quomodo
1358 3631 1573 3701 inﬁrma
1600 3629 1626 3682 ?
1667 3629 1924 3696 Quaenam
1971 3625 2173 3681 Christi

608 3732 819 3791 formal
844 3729 1022 3801 qualis
1042 3742 1169 3783 caro
1192 3724 1440 3781 infirma?
1467 3722 1704 3777 Omnino
1729 3720 1821 3774 illa
1842 3718 2057 3781 Adami,
2079 3716 2173 3788 qui

610 3824 919 3878 inﬁrmatus
934 3828 1037 3874 est.
1068 3816 1172 3883 Qui
1198 3827 1329 3869 vero
1354 3813 1516 3869 etiam
1549 3811 1741 3882 positis
1757 3810 1990 3881 genibus
2017 3809 2176 3863 orat?

608 3918 822 3986 Ergone
870 3911 1108 3967 Verbum
1151 3906 1445 3977 precatur?
1490 3902 1776 3968 Quomodo
1834 3912 2017 3957 autem
2049 3917 2174 3955 cum

608 4008 756 4063 Deus
787 4006 880 4069 sit,
914 4009 1173 4072 precatur
1214 4000 1388 4053 Deum
1433 4014 1446 4050 :
1503 3995 1777 4066 siquidem
1821 4002 1907 4049 est
1951 3994 2177 4062 mqualis

614 4096 778 4159 Patri,
814 4094 896 4148 uti
931 4101 1079 4147 certe
1106 4088 1333 4159 mqualis
1366 4086 1486 4141 est?
1519 4087 1684 4141 Plane
1726 4093 1987 4155 precatur
2029 4084 2174 4139 haud

612 4190 835 4250 dcitatc,
862 4184 957 4241 sed
985 4199 1091 4254 qua
1133 4189 1217 4236 est
1260 4180 1448 4235 homo.
1478 4178 1613 4233 Nam
1658 4177 1860 4247 alioqui
1899 4178 2176 4246 quomodo

606 4278 788 4333 dicit:
821 4276 1137 4330 Potestatem
1162 4270 1324 4325 habeo
1364 4269 1586 4340 ponendi
1627 4270 1864 4322 animam
1898 4285 2091 4331 meam,
2127 4278 2177 4321 et

613 4376 918 4440 potestatem
944 4365 1105 4419 habeo
1126 4366 1316 4417 iterum
1344 4362 1581 4415 sumendi
1608 4377 1725 4414 eam
1749 4359 1829 4413 ⁸θῖ
1871 4358 1973 4425 Qui
2009 4359 2177 4415 habet

2281 3167 2424 3236 χαῖε,
2459 3165 2555 3218 καὶ
2585 3166 2792 3237 καθαρὲ
2817 3168 2915 3237 τῆς
2952 3169 3164 3220 ὲκεῖνου
3197 3167 3403 3238 μανίας
3436 3165 3796 3238 ὑπέρμοχε;οὐ

2280 3257 2434 3321 δίδως
2478 3258 2540 3311 τὸ
2571 3256 2860 3329 ὀνομάζειν
2918 3257 3017 3327 τὴν
3069 3257 3247 3328 σάρκα
3293 3258 3488 3326 φύσινς
3538 3256 3641 3309 ἀλλ’
3684 3255 3801 3308 Ἐκεῖ

2236 3407 2243 3419 ,
2278 3350 2506 3421 δειλιᾷς
2528 3348 2782 3421 φόϐφοῦ
2814 3354 2924 3407 οὐκ
2970 3346 3048 3423 ἦν
3091 3352 3305 3421 φόϐος.
3347 3350 3482 3404 Οὐδὲ
3518 3350 3603 3403 τὸν
3641 3348 3801 3401 Δεσπό-

2279 3462 2379 3515 την
2406 3445 2628 3516 ᾔδεισθα
2657 3455 2686 3493 1
2709 3445 2935 3513 λέγοντα
2969 3446 3028 3499 ὲν
3067 3444 3146 3515 τῷ
3183 3443 3367 3516 καιρῷ
3394 3442 3487 3497 τοῦ
3519 3441 3717 3504 πάθους·
3746 3438 3799 3494 Τὸ

2274 3537 2392 3605 μὲν
2439 3538 2677 3605 πνεῦμα
2716 3539 3041 3606 πρόθυμον,
3090 3537 3128 3605 ή
3163 3537 3231 3590 δὲ
3262 3536 3425 3605 σὰρξ
3461 3533 3733 3600 ἀσθενής-ξ
3762 3532 3799 3584 εί

2281 3629 2583 3697 ,πρόθυμος
2606 3670 2621 3693 ,
2662 3630 2780 3692 πῶς
2813 3629 3080 3697 ἀσθενής
3102 3647 3121 3693 ;
3159 3629 3293 3683 ποίοι
3350 3626 3583 3697 Χριστοῦ
3627 3625 3797 3695 μορφῆς

2281 3718 2409 3772 ποία
2462 3720 2600 3789 σὰρξ
2632 3721 2901 3792 άσθενήςς
2958 3722 3176 3784 πάντως
3222 3720 3256 3791 ὴ
3312 3719 3408 3773 τοῦ
3460 3718 3800 3788 ἀσθενήσαντος

2292 3810 2481 3883 Ἀδάμ.
2516 3811 2640 3876 Πῶς
2666 3812 2722 3865 δὲ
2756 3814 2852 3866 καὶ
2891 3813 3087 3865 κλίνων
3112 3814 3179 3865 τά
3209 3812 3419 3881 γόνατα
3461 3809 3797 3881 προσεύχεταις

2280 3897 2387 3970 ἆρα
2404 3903 2431 3954 6
2453 3902 2623 3969 Λόγος
2650 3901 2867 3971 εῦχεται
2891 3920 2905 3969 ;
2940 3904 3033 3955 καὶ
3057 3903 3171 3963 πῶς
3190 3901 3330 3967 Θεὸς
3358 3903 3455 3969 ὢν,
3479 3900 3603 3954 Θεοῦ
3624 3899 3795 3959 δέεται;

2280 3998 2328 4047 εί
2355 3998 2454 4065 μὲν
2492 3996 2587 4049 οὖν
2618 3998 2731 4060 [σος
2760 3996 2837 4068 τῷ
2869 3998 3065 4068 Πατρὶ,
3100 3997 3290 4069 ὥσπερ
3336 3999 3432 4051 καὶ
3466 3997 3592 4061 ἴσος·
3636 3995 3690 4048 οὐ
3713 3990 3798 4044 θεό-

2280 4102 2402 4155 τητι
2440 4086 2678 4155 εὔχεται,
2731 4086 2847 4139 ἀλλ’
2898 4087 2975 4149 ὡς
3007 4086 3319 4157 ἄνθρωπος.
3365 4086 3674 4151 Ἐξουσίαν
3710 4081 3797 4148 ἔχω

2280 4178 2467 4232 θεῖναι
2498 4178 2612 4245 τὴν
2642 4180 2855 4248 ψυχήν
2878 4197 3019 4250 μου,
3061 4179 3158 4233 καὶ
3185 4179 3486 4243 ἐξουσίαν
3514 4181 3624 4247 ἔχω
3656 4174 3799 4228 πάλιν

2281 4271 2488 4324 λαϐεῖν
2518 4271 2749 4339 αὑτήν;
2783 4273 2811 4324 6
2847 4270 3095 4337 ἐξουσίαν
3129 4270 3288 4341 ἔχων,
3349 4271 3469 4334 πῶς
3505 4270 3654 4324 ἄλλου
3695 4264 3797 4334 πρὸς

2284 4361 2532 4432 βοήθειαν
2562 4363 2774 4428 δέεται;
2815 4365 2842 4417 6
2895 4364 3087 4431 λέγων’
3122 4366 3367 4418 Λύσατε
3403 4364 3511 4418 τὸν
3541 4362 3676 4415 ναὸν
3695 4354 3797 4410 τοῦ·

614 4466 976 4527 potestatem,
1033 4452 1309 4523 quomodo
1364 4450 1595 4505 alterius
1649 4450 1851 4505 auxilio
1923 4449 2172 4518 indiget?

2281 4471 2404 4509 tor“
2442 4456 2606 4526 ἤγουν
2654 4456 2752 4527 τὴν
2781 4455 2975 4510 ἑαυτοῦ
3012 4458 3213 4526 σάρκαο
3249 4458 3353 4510 καὶ
3377 4457 3448 4509 ἐν
3479 4454 3662 4522 τρισὶν
3686 4448 3794 4518 ἡμέ-

613 4551 715 4617 Qui
772 4548 907 4601 dicit
956 4564 969 4599 :
1031 4544 1224 4599 Solvite
1274 4542 1524 4613 templum
1562 4544 1655 4595 hoc
1694 4558 1713 4595 :
1756 4541 1809 4595 id
1858 4550 1959 4603 est,
2021 4556 2172 4595 suam

2275 4562 2407 4614 ραις
2440 4544 2623 4616 ἐγερῶ
2673 4550 2889 4602 αὐτόν’
2937 4548 3076 4613 πῶς,
3105 4543 3149 4601 ὦ
3179 4547 3439 4618 θεομάχε,
3468 4549 3559 4599 τὸν
3592 4544 3699 4597 ναὸν
3731 4540 3796 4592 τὸν

614 4638 790 4709 ipsius
821 4651 1039 4691 carnem
1071 4652 1085 4688 :
1127 4643 1174 4687 et
1207 4636 1261 4687 in
1289 4634 1461 4687 triduo
1494 4632 1725 4686 excitabo
1764 4630 1898 4685 illud
1922 4632 2000 4697 ⁶¹,
2046 4648 2172 4702 quo-

2281 4637 2472 4691 ἑαυτοῦ
2518 4638 2768 4710 ἐγείρων,
2814 4640 2909 4691 σὺν
2944 4638 3022 4708 τῷ
3044 4622 3167 4709 ναῷ
3206 4638 3436 4704 λύεταις
3467 4640 3513 4691 εί
3548 4637 3648 4706 γὰρ
3675 4632 3793 4689 αὐτὸς

614 4729 799 4794 modo,
830 4743 863 4781 ο
884 4726 1104 4783 deitatis
1127 4734 1488 4796 oppugnator,
1510 4725 1602 4794 qui
1630 4724 1891 4794 templum
1909 4739 2068 4779 suum
2088 4741 2172 4779 ex-

2281 4728 2518 4796 λέλυται,
2552 4730 2667 4783 ἀλλ’
2699 4730 2761 4783 οὐ
2803 4730 3019 4793 πάντως
3058 4731 3150 4782 τοῦ
3197 4731 3505 4802 ἐγείροντος
3548 4727 3727 4785 δέεται;
3750 4721 3794 4771 σὺ

614 4820 770 4883 citat,
801 4834 926 4874 cum
968 4818 1171 4887 templo
1221 4816 1485 4871 solvitur?
1533 4815 1590 4870 Si
1629 4814 1851 4885 quidem
1884 4816 2032 4870 enim
2066 4816 2172 4887 ipse

2286 4819 2386 4889 μὲν
2409 4822 2517 4893 γὰρ
2544 4823 2803 4892 φοϐῆσαι,
2832 4822 2907 4887 ὡς
2933 4824 3129 4887 δοκεῖς,
3161 4822 3235 4893 μὴ
3274 4824 3437 4893 σῶμα
3469 4821 3599 4875 Θεοῦ
3630 4815 3794 4871 ἁκούων

617 4914 829 4969 solutus
853 4920 937 4967 est
958 4911 1093 4983 (Η),
1126 4909 1352 4966 omnino
1377 4918 1499 4980 eget
1525 4910 1836 4964 excitante?
1859 4908 1940 4963 Tu
1958 4909 2172 4979 quidem

2287 4910 2460 4966 παθόν
2492 4930 2566 4977 τι,
2596 4914 2738 4985 ψιλῷ
2776 4914 3031 4984 κτίσματι
3078 4916 3463 4985 προσκυνήσῃς
3503 4913 3594 4966 καὶ
3648 4922 3789 4961 κοινω-

687 5071 730 5101 ⁴⁷
764 5070 918 5125 Joau.
951 5086 1061 5132 11V,
1095 5069 1186 5124 28.
1275 5066 1321 5099 "‘
1363 5068 1496 5121 ibid.
1525 5068 1579 5121 9.
1656 5068 1698 5099 ⁸³
1726 5068 1882 5122 Joan.
1919 5086 1970 5133 ν,
2020 5070 2104 5124 19.
2202 5071 2248 5101 ⁸³
2286 5070 2443 5123 Joan.
2479 5087 2607 5133 xvii,
2648 5074 2700 5127 5.
2778 5074 2819 5104 "
2860 5075 3016 5129 Joan.
3068 5090 3175 5133 xw,
3224 5074 3273 5126 i.
3354 5075 3399 5105 ⁸²
3436 5073 3589 5128 Joan.
3626 5084 3703 5127 xx.
3731 5065 3793 5118 ii-

620 5142 664 5171 "
698 5141 858 5193 Joan.
899 5156 1021 5203 'vm,
1059 5140 1147 5193 58.
1224 5139 1268 5169 “
1307 5138 1446 5193 Psal.
1480 5154 1537 5201 ιι,
1581 5138 1633 5190 7.
1742 5140 1789 5170 ⁸⁸
1829 5139 1970 5194 Psal.
2022 5141 2172 5206 cmi

2315 5141 2359 5170 "
2399 5141 2566 5194 Hebr.
2595 5160 2631 5206 ι,
2664 5144 2718 5196 2.
2794 5145 2838 5178 ⁵⁷
2881 5146 2900 5197 l
2943 5144 3067 5197 Cor.
3109 5160 3178 5206 νι,
3215 5146 3293 5197 Μ.
3368 5146 3414 5176 ⁸⁸
3448 5145 3586 5199 Psal.
3621 5155 3719 5200 xui,
3756 5135 3791 5187 5.

618 5213 663 5243 ιν
698 5187 885 5265 iam.
918 5187 1177 5276 ἕὲῧιξιὶι.
1254 5187 1683 5276 ⁶ο”.ι⁷‹ἶείἰιξ’ἱι,”ι’8.
1758 5210 1798 5241 α·
1829 5187 1993 5264 ᾶόἷὶιί,
2025 5187 2172 5277 Ῑὶξίἐ

2399 5187 2566 5194 --ν-ν--
2596 5187 2631 5206 -,
2667 5187 2718 5196 ...
2881 5187 2900 5197 -
2947 5187 3067 5197 νν.-
3119 5187 3178 5209 η,

1884 5356 2121 5411 VARLE
2158 5360 2561 5416 LECTIONES.

696 5468 724 5496 ι
754 5453 912 5525 Παρὰ
937 5455 1048 5507 τόν.
1080 5454 1257 5531 Oxon.
1291 5452 1425 5523 πρὸς
1452 5453 1562 5506 τόν.
1636 5461 1664 5501 γ
1687 5453 1971 5526 ᾜδεισθα.
2000 5454 2175 5511 Oxon.
2203 5458 2445 5525 αίδῆσαι.

2122 5545 2355 5603 NOTAE.

699 5638 808 5722 (il)
838 5636 955 5705 Ipse
978 5635 1177 5722 solutus
1204 5642 1303 5722 est:
1346 5634 1515 5722 Αὐτὸς
1542 5634 1861 5722 όὲγεςρωνς
1895 5634 1987 5703 qui
2016 5636 2181 5722 habet
2276 5636 2394 5722 τοῦ,
2436 5636 2608 5717 ἁλλάς
2658 5634 3067 5722 τρειίιιιιομάρα
3095 5634 3522 5722 interrogauit-(2:.
3564 5642 3674 5722 cuin
3716 5636 3802 5722 quo?

622 5692 907 5786 excitaret:
950 5722 1057 5786 non
1097 5707 1255 5767 αὐτὸς
1283 5704 1514 5786 όῄναόςι·
1547 5692 1813 5786 templum
1850 5692 2057 5786 ipsum;
2101 5707 2182 5761 uti
2281 5692 2438 5786 clara
2463 5707 2689 5760 omnino
2735 5722 2801 5786 ac
2847 5692 3019 5786 solida
3046 5692 3524 5786 procedit:Cyrilli
3552 5702 3694 5755 ratio.
3725 5692 3800 5743 Vel

628 5780 767 5858 male
798 5776 967 5829 refert
1004 5778 1271 5845 interpres
1301 5776 1508 5858 _(lyrilli.
1547 5770 1679 5858 Levi
1709 5770 2011 5855 mutatione
2043 5793 2183 5858 cras~
2283 5777 2401 5833 sine
2426 5778 2859 5848 interrogatione
2890 5770 3123 5849 legendo
3141 5777 3249 5847 ἄρα
3270 5770 3397 5830 οὗνῖ
3424 5773 3611 5830 eodem
3647 5779 3798 5823 sensu.

628 5848 905 5901 sissimum
936 5862 1181 5902 errorem
1201 5848 1383 5901 verbis
1400 5847 1758 5915 sequentibus
1780 5848 2041 5918 corrigas,
2067 5850 2187 5901 ἀντὶ
