4018 6500
277 355 426 423 2929

1342 360 1598 423 SERMO
1635 358 1717 420 IN
1756 355 2015 419 ΒΑΜοὸ
2051 356 2500 419 PALMARUM.

3397 350 3539 417 2930

278 475 475 544 νήσῃς·
515 468 630 540 ἐγὼ
672 470 732 527 δὲ
762 472 922 528 τοῦτο
954 471 1160 544 τρέμω,
1191 473 1266 546 μὴ
1311 472 1543 543 θεότητα
1577 471 1859 527 παθοῦσαν
1886 524 1887 529 η

1990 480 2211 527 netuere
2226 470 2459 537 videris,
2490 484 2559 525 ne
2581 483 2706 525 cum
2739 467 2835 524 Dei
2867 482 3068 539 corpus
3090 480 3310 537 passum
3333 465 3541 535 aliquid

283 566 385 619 καὶ
414 563 679 620 θανοῦσαν
707 564 868 630 είπω,
892 566 986 619 καὶ
1009 565 1071 619 τὸ
1100 566 1208 619 πᾶν
1228 565 1325 636 τῆς
1350 566 1583 637 Τριάδος
1606 564 1863 635 ἀτιμάσω

288 656 613 726 μυστήριον.
659 654 724 708 Ei
754 655 853 726 μὲν
885 656 994 728 γὰρ
1021 658 1050 710 6
1080 656 1254 727 Λόγος
1280 655 1505 722 ἔπαθεν,
1530 657 1560 709 6
1587 656 1644 710 δὲ
1674 655 1864 729 Πατὴρ

285 750 538 815 ἀπαθοῦς
566 751 684 804 ἐστι
734 750 972 820 φύσεως,
1004 756 1225 815 πάντως
1272 752 1409 824 ἄλλη
1455 747 1524 825 ἦν
1562 753 1723 807 οὐσία
1768 751 1865 807 τοῦ

288 846 488 913 Λόγου,
519 843 617 899 καὶ
646 843 779 914 ἄλλη
810 846 844 914 ἠ
875 843 969 897 τοῦ
994 844 1133 898 Θεοῦ
1172 845 1407 915 Πατρός.
1447 845 1558 900 Ka‘t
1588 844 1641 898 τί
1680 844 1869 900 λοιπὸν

303 937 603 1007 Ἀρειανοῖς
634 935 902 1008 μάχεσθαι
927 935 1017 991 διὰ
1041 936 1229 1006 τοῦτο;
1254 938 1304 991 εί
1334 937 1394 992 δὲ
1425 936 1524 1009 μία
1568 937 1727 993 οὐσία
1756 938 1871 992 Πα-

290 1029 443 1099 τρὺξ,
497 1028 592 1083 καὶ
644 1027 740 1083 τοῦ
806 1028 1005 1097 Λόγου,
1058 1027 1284 1084 καὶτοῦ
1325 1029 1483 1099 ἁγίου
1526 1028 1868 1101 Πνεύματος,

291 1119 463 1173 ἔπαθε
494 1119 553 1172 δὲ
579 1120 608 1173 ό
632 1118 728 1173 τοῦ
758 1119 894 1174 Θεοῦ
920 1121 1095 1189 Λόγος
1136 1121 1197 1175 ὲν
1230 1123 1416 1194 σαρκὶ,
1455 1121 1705 1194 παθητῆς
1738 1122 1869 1176 πάν-

290 1230 402 1275 τως
424 1212 614 1276 οὐσίας
639 1212 736 1266 καὶ
765 1211 986 1285 θνητῆς,
1017 1214 1111 1269 καὶ
1139 1215 1169 1268 6
1193 1215 1406 1287 Πατὴρ,
1437 1214 1616 1271 καὶτὸ
1648 1214 1874 1283 Πνεῦμα

292 1304 357 1358 τὸ
390 1304 564 1375 ἅγιον.
600 1305 662 1359 El
682 1304 793 1377 γὰρ
828 1306 1135 1378 συνέπασχε
1162 1309 1230 1379 τῇ
1261 1306 1429 1379 σαρκὶ
1458 1308 1486 1363 6
1512 1307 1710 1375 Λόγος,
1740 1307 1874 1361 πάν-

295 1416 404 1462 τως
437 1398 535 1453 καὶ
570 1398 918 1471 συντέθνηκε.
965 1399 1076 1453 Καὶ
1129 1400 1179 1455 εί
1229 1399 1579 1472 συντέθνηκε,
1626 1399 1745 1465 πῶς
1783 1400 1874 1453 τὸν

296 1492 432 1563 ᾅδην
459 1491 788 1557 ἐσκύλευσες
815 1491 933 1555 πῶς
947 1491 1074 1556 τοὺς
1091 1491 1321 1561 νεκροὺς
1347 1491 1645 1565 ἀνέστησεν
1669 1510 1683 1559 ;
1715 1492 1873 1565 εὐρε-

297 1583 523 1654 θήσεται
553 1583 610 1637 δὲ
643 1582 739 1636 καὶ
766 1582 941 1637 θανὼν
989 1582 1277 1655 χωρισθεὶς
1306 1585 1521 1647 πάντως
1548 1582 1644 1637 τοῦ
1673 1582 1875 1649 ζῶντος

297 1677 533 1747 Πατρός.
562 1676 673 1731 Καὶ
702 1677 752 1730 εί
777 1675 957 1741 τοῦτο,
979 1676 1079 1730 οὐκ
1103 1676 1182 1731 ἔτι
1207 1676 1393 1732 λοιπὸν
1423 1678 1594 1750 Τριὰς
1624 1679 1682 1731 ὲν
1710 1678 1876 1749 οὐρα-

296 1769 375 1838 νῷ
412 1769 557 1824 κατὰ
586 1769 678 1823 τὸν
714 1768 811 1823 τοῦ
846 1770 1052 1832 πάθους
1073 1771 1287 1839 καιρόν,
1313 1770 1448 1824 ἀλλὰ
1485 1769 1639 1835 δυὰς,
1672 1770 1877 1840 ἀναμέ-

298 1875 464 1913 νουσα
495 1858 585 1912 τδν
609 1858 803 1929 Λόγον,
838 1860 925 1913 ἵνα
953 1860 1061 1914 ἀπὸ
1082 1860 1177 1915 τοῦ
1207 1860 1419 1932 Πατρός
1442 1862 1674 1933 ἀναστῇ,
1704 1862 1800 1919 καὶ
1820 1862 1882 1916 έν

294 1950 514 2022 οὐρανῷ
531 1950 752 2022 ἀνέλθῃ.
792 1952 856 2004 Ὢ
881 1952 981 2023 τῆς
1007 1950 1269 2023 ἀθεμίτου
1294 1951 1534 2024 τόλμηςί
1566 1954 1720 2017 ποῖος
1756 1952 1878 2023 δςρις

294 2040 591 2112 ψιθυρίσας
635 2042 887 2114 ἠπάτησε
943 2042 1068 2106 τοὺς
1130 2042 1433 2113 θεομάχους
1489 2042 1734 2114 παθητὸν
1786 2044 1877 2097 τὸν

294 2132 484 2203 ἀπαθῆ
527 2133 946 2205 ἀποφήνασθαις
987 2134 1038 2189 o'l
1086 2134 1178 2189 τὸν
1222 2134 1463 2207 κτίστην
1508 2134 1721 2189 ποιοῦσι
1770 2135 1879 2188 τῶν

297 2224 613 2295 κτισμάτων
648 2224 1052 2297 ἀσθενέστερον.
1085 2226 1201 2280 Οὐκ
1241 2226 1503 2300 ὲντρέπῃ,
1535 2220 1581 2279 ὦ
1609 2224 1885 2297 αίρετικὲ,

296 2317 453 2388 ῆλιον
495 2320 554 2371 ὲν
600 2316 800 2389 δένδρῳ
837 2318 1211 2388 τυγχάνοντα,
1259 2318 1356 2373 καὶ
1399 2318 1463 2373 τὸ
1517 2318 1615 2389 μὲν
1663 2317 1882 2389 δένδρον

299 2409 655 2481 τεμνόμενον,
677 2409 771 2463 τὸν
799 2409 856 2463 δὲ
880 2410 1032 2481 ἥλιον
1053 2410 1175 2465 οὐδὲ
1193 2409 1585 2482 χωριζόμενον,
1610 2409 1733 2464 οὐδὲ
1751 2426 1881 2464 συν-

300 2502 635 2574 τεμνόμενον
654 2519 669 2534 ι
697 2503 789 2557 τὸν
825 2503 882 2556 δὲ
919 2505 1017 2574 τῆς
1046 2502 1394 2575 δικαιοσύνης
1420 2504 1610 2559 Ἥλιον
1643 2503 1883 2575 παθητὸν

302 2600 481 2669 λέγων
509 2601 568 2653 ὲν
589 2600 664 2672 τῷ
696 2600 812 2672 ἰδίῳ
838 2600 1053 2672 σώματι
1074 2600 1366 2671 γενόμενον
1389 2617 1405 2667 ;
1427 2601 1548 2656 οὐδὲ
1575 2601 1743 2671 φονέα
1761 2601 1886 2656 τινὰ

303 2694 341 2766 ἢ
368 2693 697 2766 κακοῦργον,
732 2689 777 2747 ὧ
804 2694 1108 2766 κακοῦργε,
1143 2694 1397 2767 ἑώρακας
1426 2694 1669 2767 κεφαλὴν
1696 2694 1729 2766 ἢ
1767 2697 1883 2766 χεῖ-

310 2804 413 2859 ρας
439 2785 821 2859 στερούμενον,
853 2787 952 2859 τὴν
974 2788 1033 2842 δὲ
1065 2787 1334 2843 ἀθάνατον
1362 2797 1386 2825 κ
1412 2787 1591 2860 ψυχὴν
1612 2788 1779 2843 αὐτοῦ
1809 2790 1885 2861 μὴ

308 2879 864 2953 συναποθνήσκουσαν
893 2880 973 2952 τῷ
1014 2879 1267 2951 σώματι;
1298 2875 1419 2936 εἶτα
1456 2880 1649 2936 ἔλαϐον
1679 2894 1706 2923 ι
1742 2877 1886 2936 οὗτοι

1964 563 2148 628 audis,
2190 564 2393 619 nudam
2436 569 2746 617 creaturam
2788 559 3007 624 adores,
3034 558 3197 629 eique
3228 556 3542 612 communi-

1966 671 2100 713 eos:
2128 666 2186 714 at
2224 672 2326 727 ego
2359 654 2497 710 illud
2535 651 2858 719 reformido,
2903 666 2973 707 ne
3017 650 3282 705 deitatem
3326 664 3543 719 passam

1967 758 2132 820 atque
2176 756 2451 805 mortuam
2495 747 2696 812 dicam,
2743 752 3030 813 totumque
3088 740 3376 796 Trinitatis
3422 756 3544 811 my-

1968 838 2200 894 sterium
2244 837 2450 909 probro
2476 834 2730 890 aiIiciam.
2759 833 2819 889 Si
2854 831 3079 902 quidem
3128 831 3276 885 enim
3304 829 3546 885 Verbum

1970 945 2191 1001 passum
2242 937 2349 995 est,
2395 928 2556 983 Pater
2600 932 2784 980 autem
2836 931 2923 977 est
2956 919 3279 991 impatibilis
3312 927 3545 983 naturre,

1970 1021 2197 1078 omnino
2222 1021 2330 1077 erit
2366 1020 2473 1074 alia
2512 1015 2680 1074 Verbi
2717 1012 2978 1079 essentia,
3032 1020 3098 1067 ac
3144 1010 3250 1065 alia
3299 1007 3395 1064 Dei
3441 1008 3547 1063 Pa-

1973 1114 2094 1170 tris.
2146 1112 2292 1180 Quid
2335 1127 2466 1167 vero
2497 1112 2609 1182 jam
2655 1123 2723 1165 eo
2782 1106 3009 1163 nomine
3058 1103 3363 1159 habeamus
3420 1116 3549 1156 cum

1971 1206 2195 1264 Arionis
2218 1204 2499 1278 pugnare?
2529 1201 2687 1271 Quod
2721 1200 2767 1256 si
2814 1214 2925 1255 una
2978 1206 3064 1255 est
3094 1195 3337 1252 essentia
3371 1193 3551 1249 Patris

1974 1307 2032 1353 et
2072 1297 2235 1352 Verbi
2265 1310 2330 1351 ac
2364 1293 2606 1365 Spiritus
2637 1291 2835 1357 sancti,
2866 1304 3088 1361 passum
3120 1296 3306 1341 autem
3332 1293 3419 1341 est
3450 1283 3550 1339 Dei

1975 1393 2217 1450 Verbum
2246 1392 2305 1446 in
2333 1405 2543 1454 carne;
2577 1387 2770 1455 utique
2812 1391 2979 1439 erunt
3023 1389 3080 1436 et
3119 1380 3303 1444 Pater,
3348 1386 3406 1432 et
3427 1374 3553 1445 Spi—

1976 1489 2117 1544 ritus
2161 1492 2405 1550 sanctus,
2434 1480 2680 1553 patibilis
2708 1494 2773 1534 ac
2811 1475 3059 1533 mortalis
3109 1470 3453 1529 substantiae.
3496 1466 3553 1524 Si

1975 1580 2123 1637 enim
2152 1576 2392 1634 Verbum
2433 1588 2545 1628 una
2573 1586 2699 1628 cum
2725 1583 2893 1625 carne
2929 1580 3149 1635 passum
3172 1572 3279 1628 est,
3325 1560 3555 1617 omnino

1976 1673 2143 1730 etiam
2171 1686 2296 1726 cum
2326 1668 2419 1723 illa
2447 1674 2731 1721 mortuum
2759 1670 2863 1717 est.
2888 1658 3045 1726 Quod
3066 1664 3156 1713 est
3177 1658 3389 1728 pariter
3407 1669 3555 1709 mor-

1981 1775 2157 1829 tuum,
2193 1759 2472 1833 quomodo
2500 1756 2757 1829 spoliavit
2791 1752 3039 1809 inferos?
3090 1748 3376 1818 Quomodo
3405 1762 3558 1802 mor-

1982 1866 2102 1913 tuos
2124 1852 2425 1910 excitavit?
2451 1851 2559 1907 Sed
2589 1856 2645 1904 et
2681 1848 2827 1919 quod
2869 1853 3123 1899 mortuus
3150 1842 3243 1906 sit,
3283 1840 3443 1911 plane
3474 1838 3560 1893 in-

1978 1949 2235 2007 venietur
2259 1962 2292 2002 a
2324 1946 2489 2002 Patre
2512 1943 2735 1999 vivente
2766 1948 3074 2009 separatus.
3101 1934 3259 2002 Quod
3282 1933 3327 1989 si
3352 1934 3429 1987 ita
3450 1938 3556 1997 est,

1980 2058 2091 2099 non
2117 2040 2354 2112 amplius
2395 2046 2514 2093 erat
2535 2036 2593 2090 in
2621 2035 2762 2090 caelo
2796 2031 3043 2087 Trinitas
3073 2038 3318 2097 tempore
3347 2023 3560 2092 passio-

1980 2134 2089 2200 nis,
2118 2133 2215 2188 sed
2245 2131 2469 2194 binitas,
2494 2134 2823 2196 exspectans
2857 2131 2918 2177 ut
2945 2120 3189 2177 Verbum
3223 2116 3561 2173 excitaretur

1981 2245 2013 2285 a
2045 2230 2225 2289 Patre,
2273 2233 2330 2280 et
2360 2221 2570 2278 rediret
2615 2219 2669 2274 in
2709 2216 2930 2273 omium.
2987 2211 3031 2268 Ο
3062 2208 3354 2266 nefandam
3390 2205 3562 2261 auda-

1981 2318 2166 2377 ciam?
2194 2316 2327 2383 Quis
2348 2327 2579 2384 serpens
2605 2309 2766 2367 sibilo
2797 2322 2898 2362 suo
2931 2302 3151 2359 deitatis
3177 2300 3366 2356 hostes
3399 2297 3565 2353 dece~

1982 2414 2085 2485 pit,
2106 2420 2167 2468 ut
2185 2410 2469 2482 patibilem
2490 2420 2632 2472 esse,
2652 2399 3016 2472 impatibilem
3034 2397 3208 2452 Deum
3229 2400 3562 2455 assererem,

1985 2505 2082 2578 qui
2101 2505 2443 2569 Creatorem,
2476 2496 2678 2555 creatis
2708 2494 2876 2550 rebus
2904 2489 3112 2546 facient
3161 2486 3520 2543 infirmiorem
3540 2482 3573 2536 ἓ

1984 2577 2107 2656 Non
2138 2607 2193 2653 te
2224 2594 2419 2667 pudet,
2461 2608 2494 2649 o
2516 2591 2799 2653 haeretiee,
2830 2597 2892 2644 ut
2921 2586 3097 2643 solem
3130 2580 3353 2652 quidem
3384 2577 3438 2632 in
3470 2592 3565 2631 ar-

1985 2694 2119 2753 bore
2148 2690 2527 2751 exsistentem,
2548 2699 2686 2740 caesa
2713 2682 2933 2746 arbore,
2955 2692 3061 2734 nec
3088 2672 3331 2746 separari
3354 2671 3423 2729 ab
3451 2668 3569 2735 illa,

1992 2798 2097 2839 nec
2122 2781 2328 2854 pariter
2355 2777 2514 2843 caedi,
2537 2774 2723 2840 dicas;
2755 2771 2936 2827 Solem
2965 2783 3099 2823 vero
3127 2762 3375 2838 iustitiae,
3393 2761 3448 2815 in
3469 2774 3581 2815 suo-

1986 2889 2205 2933 asseras
2249 2885 2481 2941 corpore
2530 2867 2735 2925 factum
2780 2860 3106 2935 patibilem?
3137 2858 3349 2927 Neque,
3375 2870 3408 2910 ο
3440 2869 3572 2925 per-

306 2974 532 3046 καιρίαν
556 2946 659 3045 την
701 2974 918 3047 πληγὴν
944 2946 1055 3028 ύπδ
1082 2946 1178 3028 τοῦ
1214 2974 1416 3041 Λόγου,
1468 2974 1564 3028 καὶ
1594 2975 1887 3029 πέπτωκεν

1990 2974 2128 3037 dite,
2172 2969 2385 3033 vidisti,
2422 2968 2503 3022 sic
2544 2961 2884 3019 homicidam
2925 2969 3022 3013 aut
3055 2956 3431 3010 facinorosum
3466 2946 3566 3003 ali-

304 3069 336 3122 6
368 3041 653 3139 θεομάχοςθ
677 3041 841 3123 πάλιν
869 3041 1201 3121 ἀνέπνευσεν
1222 3068 1251 3120 ό
1283 3067 1687 3139 Χριστομάχος·
1728 3068 1887 3123 πάλιν

1990 3080 2179 3137 quem,
2228 3061 2410 3132 capite
2440 3066 2535 3114 aut
2560 3055 2818 3111 manibus
2845 3050 3111 3112 truncari,
3157 3053 3218 3100 ut
3248 3055 3431 3099 tamen
3468 3041 3572 3095 im-

304 3138 656 3232 ἀναισχυντεί
694 3162 722 3215 6
763 3161 1032 3227 Ἰουδαῖος.
1063 3163 1129 3216 Τί
1154 3162 1360 3232 λέγων;
1498 3138 1501 3139 ν

1995 3157 2246 3217 mortalis
2275 3156 2398 3225 eius
2435 3152 2619 3206 anima
2669 3147 2818 3203 haud
2862 3141 3117 3199 interiret
3151 3138 3263 3209 (12)
3306 3151 3415 3190 una
3446 3148 3587 3189 cum,

303 3257 578 3326 corpore?
606 3255 932 3325 Quanquam
976 3256 1033 3312 hi
1067 3256 1270 3313 lethale
1314 3257 1517 3313 vulnus
1552 3267 1879 3328 argumento
1914 3257 2023 3314 hoc
2062 3256 2419 3322 acceperunt,
2493 3242 2814 3312 corruitque
2882 3236 2985 3291 Dei
3032 3238 3412 3304 oppugnator;
3442 3243 3572 3283 rura

306 3368 435 3410 sum
490 3360 674 3406 tamen
720 3349 936 3406 animos
977 3349 1284 3421 resumpsit
1332 3359 1683 3422 oppugnator
1738 3349 1948 3408 Christi
2022 3366 2038 3405 :

306 3449 417 3505 bus
450 3445 679 3501 verbis?

383 3546 441 3605 I'.
476 3546 642 3617 Ὅρα,
697 3544 884 3616 φησὶν,
916 3544 999 3598 δτι
1031 3544 1093 3598 ού
1123 3543 1280 3609 Θεὸν,
1317 3545 1434 3599 ἀλλ’
1466 3547 1756 3621 ἄνθρωπον
1781 3550 1895 3604 ἁπ-

309 3637 655 3709 εκτείναμεν.
686 3637 828 3707 Πρὸς
851 3636 912 3689 ὃν
957 3634 1163 3700 εὐθέως
1196 3636 1364 3693 καλὸν
1404 3641 1604 3706 εἰπεῖν,
1652 3642 1852 3697 Σιώπα
1875 3657 1889 3670 ⁶

309 3730 629 3800 πεφίμωσο
654 3743 669 3759 ⁸
711 3728 845 3782 λάσε
876 3728 1130 3798 κατόχιον
1163 3729 1255 3782 ἐπὶ
1277 3727 1355 3800 τῷ
1388 3730 1641 3803 στόματι.
1675 3734 1858 3788 Ἔστω
1878 3750 1893 3766 ·

310 3822 480 3891 νόμον
529 3819 845 3891 ὴθέτησας·
899 3818 1059 3884 ἔστω,
1122 3820 1439 3890 προφήτας
1497 3823 1894 3892 ἀπέκτεινας·

312 3916 436 3970 οὐδὲ
464 3915 556 3970 τὸν
579 3914 745 3969 Δαὸὶδ
775 3913 1038 3986 ἐρυθριᾷς
1066 3915 1194 3986 περὶ
1221 3913 1317 3969 τοῦ
1348 3916 1587 3986 Χριστοῦ
1626 3917 1855 3988 λέγοντα
1879 3936 1893 3950 ·

328 4010 432 4063 Ἐκ
456 4005 717 4077 γαστρός
752 4004 867 4074 πρὸ
902 4005 1214 4075 ἑωσφόρον
1235 4006 1532 4077 ἐγέννησέ
1554 4027 1663 4079 με;
1704 4011 1761 4064 '0
1784 4013 1895 4065 Πα..

311 4101 420 4173 τὴρ
458 4100 591 4158 ἄνω.
638 4099 750 4153 Kal.
783 4100 985 4153 πάλιν·
1023 4100 1240 4169 Κύριος
1275 4096 1408 4156 εἷπε
1449 4105 1601 4172 πρός
1619 4122 1696 4174 με
1720 4120 1734 4134 ο
1768 4107 1900 4171 Υἱός

310 4213 433 4265 μου
467 4191 524 4250 el
553 4195 656 4264 σὺ,
688 4195 804 4265 ἐγὼ
854 4193 1125 4266 σήμερον
1163 4196 1493 4268 γεγέννηκά
1524 4211 1620 4253 σε.
1651 4197 1755 4252 Δύο
1785 4198 1899 4269 έχει

316 4287 605 4357 γεννήσεις
636 4286 666 4339 ὁ
697 4281 777 4350 εἷς
807 4287 902 4339 καὶ
934 4286 1097 4357 μόνος
1123 4287 1360 4359 Χριστός
1380 4304 1393 4317 ·
1422 4288 1551 4359 μίαν
1582 4290 1646 4343 ἐκ
1686 4289 1899 4360 Πατρὺς

319 4378 584 4448 ἁχρόνως,
620 4381 716 4432 καὶ
746 4378 915 4449 ἄλλην
959 4381 1025 4433 ἐκ
1061 4380 1269 4451 μητρὸς
1296 4380 1556 4452 ἁσπόρως
1588 4397 1602 4411 ·
1637 4381 1767 4435 ὃταν
1807 4378 1901 4436 οῦν

318 4472 469 4541 λέγει
494 4488 510 4501 ·
555 4472 675 4527 Τὸν
696 4472 893 4527 νῶτόν
916 4490 1037 4543 μου
1056 4471 1287 4527 δέδωκα
1316 4474 1404 4539 εις
1438 4474 1764 4544 μάστιγας,
1797 4478 1905 4540 τὰς

316 4563 388 4618 δὲ
419 4565 711 4635 σιαγόνας
760 4582 879 4632 μου
920 4566 1007 4631 είς
1054 4564 1406 4635 ῥαπίσματα
1433 4579 1447 4593 ’
1488 4564 1663 4619 ταῦτα
1716 4568 1780 4619 ὲκ
1807 4568 1904 4633 τῆς

319 4655 541 4725 Μαρίας
596 4655 697 4726 τῆς
734 4655 796 4721 ἐξ
858 4655 1029 4709 Ἰούδα
1060 4654 1222 4709 ἔλαϐε
1246 4672 1260 4685 ⁸
1309 4657 1406 4710 καὶ
1438 4656 1586 4728 ἆπερ
1625 4656 1685 4723 ἐξ
1736 4658 1907 4712 Ἰούδα

2104 3358 2302 3403 rursus
2354 3337 2706 3411 impudenter
2777 3330 3002 3389 Judaaus
3046 3324 3386 3399 aggreditur.
3436 3322 3575 3391 Qui-

2066 3546 2135 3602 Χ.
2174 3542 2335 3609 Vide,
2385 3536 2588 3609 inquit,
2633 3541 2696 3589 ut
2742 3546 2853 3587 non
2899 3531 3096 3594 Deum,
3148 3525 3247 3584 sed
3293 3520 3589 3580 hominem.

1996 3638 2465 3700 interfecerimus.
2498 3630 2601 3688 Cui
2635 3627 2899 3685 continuo
2933 3638 3117 3695 operae
3161 3619 3398 3692 pretium
3430 3614 3582 3671 dice-

1997 3751 2162 3792 mus:
2203 3732 2357 3795 Tace,
2388 3730 2681 3783 obmutesce
2705 3723 2771 3788 “;
2798 3719 2883 3774 ori
2914 3718 3135 3773 frenum
3156 3713 3378 3770 adhibe.
3410 3710 3539 3765 Esto
3562 3724 3581 3763 ι

1992 3829 2176 3899 legem
2215 3826 2542 3893 aSpernatus
2584 3816 2661 3871 sis
2710 3832 2725 3868 :
2776 3820 2931 3875 esto,
2965 3809 3244 3879 prophetas
3278 3801 3525 3859 occideris
3563 3815 3583 3853 :

2002 3937 2116 3977 non
2160 3913 2434 3973 revereris
2482 3908 2746 3964 Davidem
2777 3905 3053 3960 dicentem
3085 3899 3155 3955 de
3197 3896 3419 3953 Christo
3455 3912 3468 3948 :
3501 3892 3585 3948 Ea:

2004 4022 2154 4069 utero
2184 4018 2307 4064 ante
2338 4004 2618 4075 luciferum
2649 3999 2829 4071 genuit
2856 4012 2938 4051 me
2969 3994 3050 4048 63?
3074 3993 3283 4060 Nempe
3308 4000 3586 4058 supernus

2006 4106 2190 4162 Pater.
2245 4100 2315 4156 Et
2356 4109 2577 4152 rursum
2615 4110 2629 4147 :
2675 4090 2928 4146 Dominus
2967 4086 3100 4140 dixit
3143 4083 3213 4138 ad
3255 4097 3339 4136 me
3369 4094 3386 4133 :
3421 4076 3587 4132 Filius

2010 4212 2155 4252 meus
2187 4209 2239 4248 es
2266 4200 2360 4248 tu:
2398 4205 2490 4261 ego
2518 4186 2668 4242 hodie
2703 4182 2859 4255 genui
2895 4189 2944 4234 te
2971 4179 3035 4235 ⁸⁸.
3077 4177 3223 4233 Duas
3250 4172 3418 4228 habet
3440 4168 3588 4225 nati-

2009 4290 2229 4355 vitates,
2262 4300 2408 4341 unus
2438 4283 2555 4353 ipse
2581 4295 2645 4335 ac
2672 4274 2967 4348 singularis
3001 4271 3291 4335 Christus;
3326 4278 3491 4320 unam
3520 4278 3589 4319 ex

2002 4383 2167 4438 Patre
2215 4379 2335 4435 sine
2385 4386 2651 4445 tempore,
2688 4369 2960 4437 aliamque
2996 4381 3064 4421 ex
3117 4370 3294 4417 matre
3338 4358 3457 4414 sine
3500 4370 3590 4411 se-

2004 4475 2176 4530 mine.
2204 4470 2343 4527 Cum
2370 4482 2502 4540 ergo
2534 4465 2643 4521 ait:
2670 4462 2804 4517 Dedi
2830 4460 3046 4514 dorsum
3064 4472 3236 4511 meum
3256 4454 3313 4507 in
3346 4448 3588 4523 ﬂagella,

2003 4578 2052 4622 et
2084 4582 2244 4639 genas
2271 4580 2416 4617 meas
2449 4561 2517 4615 ad
2557 4558 2749 4628 alapas
2768 4555 2815 4587 "
2840 4571 2856 4622 ;
2887 4554 3005 4608 hate
3041 4567 3109 4606 ex
3134 4547 3303 4604 Maria
3327 4561 3395 4601 ex
3441 4542 3590 4597 tribu

2004 4637 2144 4719 Juda
2174 4658 2453 4729 suscepit:
2491 4664 2548 4710 et
2578 4667 2702 4723 qua:
2746 4665 2814 4705 ex
2850 4646 2992 4704 Juda
3044 4642 3309 4712 suscepit,
3344 4640 3463 4693 hiec
3488 4637 3591 4692 Ju-

319 4748 506 4815 ἔλαϐε,
538 4747 716 4803 ταῦτα
750 4748 1027 4813 Ἰουδαίοις
1063 4746 1316 4819 ῥαπίζειν
1349 4748 1444 4802 καὶ
1497 4747 1783 4818 μαστίζειν
1811 4749 1887 4803 δέ·

2009 4754 2141 4810 ᾱωὶε
2173 4748 2537 4824 percutienda
2584 4760 2651 4800 ac
2700 4738 3023 4814 ﬂagellanda
3053 4734 3299 4793 tradidit.
3332 4731 3464 4798 Qua:
3495 4743 3594 4782 au-

318 4842 494 4895 δωκεν
522 4856 537 4873 ⁸
574 4842 611 4897 ἃ
638 4842 694 4896 δὲ
724 4842 801 4907 ὡς
834 4841 967 4907 Θεὸς
999 4843 1145 4896 κατὰ
1175 4841 1337 4910 φύσιν
1363 4840 1502 4911 ἔχει,
1530 4843 1655 4896 Οὐκ
1694 4840 1883 4911 dij-era.

2014 4858 2121 4903 tem
2176 4853 2238 4900 ut
2283 4844 2429 4899 Deus
2486 4855 2584 4911 per
2635 4844 2891 4891 naturam
2944 4830 3134 4895 habet,
3165 4842 3227 4882 ea
3280 4825 3449 4879 Homo
3487 4837 3594 4875 non

318 4934 634 5003 ἅνθρωπος
667 4935 893 5000 ἐκεῖνα,
950 4934 1050 4990 καὶ
1088 4933 1352 5005 ζήσεται.
1397 4935 1539 4987 Ἀλλ’
1578 4935 1607 4987 6
1655 4934 1906 5002 Ἰουδαῖος

320 5027 523 5083 πάλινο
559 5026 684 5092 Πῶς
709 5023 802 5082 οὖν
830 5028 860 5081 6
888 5028 1177 5100 προφήτης
1209 5026 1453 5097 περὶτοῦ
1486 5028 1908 5100 Σταυρωθέντος

2012 4935 2226 5000 videbit,
2257 4943 2304 4986 et
2333 4909 2552 4985 vineti“.
2578 4926 2685 4983 Sed
2716 4926 2883 4980 instat
2902 4934 3122 4976 rursum
3155 4915 3418 4972 Judaaus:
3447 4909 3595 4978 Quo-

2016 5027 2179 5083 modo
2216 5041 2347 5096 ergo
2377 5022 2645 5095 propheta
2688 5017 2758 5073 de
2806 5012 3084 5071 Cruciﬁxo
3118 5009 3232 5065 ait:
3265 5006 3335 5062 Et
3370 5005 3599 5061 vidimus

397 5163 443 5194 ⁶¹
473 5162 639 5224 δίει-ο.
678 5180 751 5229 tv,
781 5164 873 5222 59.
947 5165 992 5197 ⁸³
1030 5128 1174 5220 Psal.
1200 5179 1305 5228 (ιιι,
1338 5164 1387 5219 l.
1465 5164 1511 5197 °‘
1550 5164 1694 5222 Psal.
1728 5181 1786 5232 ιι,
1816 5166 1869 5221 6.

1990 5165 2011 5196 ⁸
2036 5164 2143 5220 Isa.
2173 5179 2222 5226 1.,
2242 5163 2296 5217 6.
2386 5159 2431 5192 “
2467 5158 2640 5214 Exod.
2667 5170 2854 5220 χχχιιι,
2874 5152 2964 5207 20.

1922 5301 2217 5359 LECTlON
2225 5298 2329 5357 ES.

404 5408 429 5437 ³
455 5401 526 5454 At
563 5401 851 5456 ἀθάνατον.
878 5401 1015 5458 Male
1042 5400 1218 5457 Oxon.
1243 5400 1332 5456 διὰ
1367 5402 1619 5456 θάνατον.

1696 5412 1722 5440 ε
1763 5390 1919 5453 Εἶτα.
1966 5398 2133 5453 Forte
2161 5397 2294 5451 εἴτε.

1846 5536 2077 5594 NOT/E.

405 5632 523 5704 (1‘2)
552 5632 711 5687 Haud
734 5635 974 5688 interiret
1002 5650 1111 5687 una
1137 5650 1258 5687 cum
1281 5648 1521 5704 corpore.
1551 5632 1644 5704 Μὴ
1677 5646 1914 5683 συναπο-

329 5701 674 5785 θνήισκουσαν
718 5704 799 5775 τῷ
849 5704 1083 5785 σῴματι.
1130 5704 1306 5785 Quam
1359 5701 1505 5785 bona
1559 5701 1767 5782 Graeca,
1806 5709 1915 5755 tam

335 5774 481 5857 rnala
515 5773 711 5857 Latina
743 5773 873 5831 novi
903 5773 1223 5846 interpretis
1250 5773 1699 5853 Cyrilli,lomissa
1746 5786 1917 5857 nega-

340 5845 473 5909 tiva,
508 5853 569 5900 ut
597 5846 836 5903 animam
878 5864 985 5901 una
1019 5842 1143 5904 cum
1194 5842 1428 5918 corpore
1476 5843 1701 5900 interire
1732 5842 1915 5909 dicat;

2021 5646 2119 5686 seu
2157 5627 2342 5699 potius
2375 5625 2608 5699 prelum
2631 5621 2841 5699 ut_ejus
2886 5620 3270 5699 repraesentet,
3314 5609 3459 5692 quod
3492 5610 3604 5665 sal-

2025 5682 2134 5766 ἰιξιξι
2157 5682 2419 5755 {collectis
2441 5698 2525 5752 vel
2543 5694 2611 5750 ad
2631 5682 3097 5766 calcem‘mendis,
3124 5685 3307 5766 iisque
3339 5682 3422 5737 sic
3443 5695 3613 5737 enor-

2026 5756 2208 5828 [nibus
2236 5786 2299 5826 ac
2325 5766 2685 5839 periculosis,
2715 5761 3015 5819 voluissem
3042 5756 3393 5825 castigatum.
