3908 6534
605 380 740 449 2931

1616 383 1677 442 S.
1715 381 2030 442 EULOGII
2067 381 2420 445 ARCHIEP.
2461 385 2837 448 ALEXAND.

3671 388 3769 455 2932

605 513 746 557 eum,
800 502 848 547 et
907 510 1011 547 non
1071 493 1293 548 habebat
1340 493 1584 563 speciem,
1643 509 1811 563 neque
1839 493 2153 549 decorem"

2276 496 2425 563 λέγει
2451 511 2466 528 ο
2491 498 2599 551 Kal
2621 498 2858 560 εἴδομεν
2885 493 2915 534 δ
2962 493 3153 549 αὑτὸν
3202 494 3306 548 καὶ
3360 496 3471 549 οὐκ
3492 491 3635 565 εἶχεν
3661 497 3770 570 εἶδος

601 586 765 656 Atqui
797 585 952 639 vides
986 585 1207 649 iterum,
1241 600 1275 640 o
1304 585 1556 648 sceleste,
1597 593 1657 638 ut
1687 585 1952 655 scriptum
1991 586 2063 641 sit
2101 585 2170 642 de

601 678 695 734 illo
732 696 746 733 τ
797 676 1072 748 Speciosus
1116 678 1288 748 forma
1332 694 1443 749 prae
1479 677 1605 745 ﬁliis
1631 678 1901 732 hominum
1916 679 1981 732 ⁸⁸.
2013 677 2170 745 Quod

598 772 642 825 si
671 771 891 840 quaeris,
931 770 1182 842 quisnam
1226 771 1372 824 Deus
1416 769 1589 839 possit
1645 785 1765 825 esse
1796 771 2028 826 recens?
2056 770 2169 842 Ego

594 860 838 914 vicissim
879 859 977 916 abs
1036 869 1088 915 te
1138 859 1542 931 percontabor:
1586 861 1882 931 Cujusnam
1930 861 2169 917 hominis

594 961 718 1005 ante
740 951 904 1006 solem
935 961 1207 1022 permanet
1235 970 1444 1017 nomen,
1477 962 1526 1007 et
1557 962 1678 1007 ante
1710 954 1891 1008 lunam
1911 957 1977 1020 θ’,
2007 972 2168 1026 gene-

591 1040 796 1095 ratione
830 1043 1227 1112 generationum
1264 1038 1411 1109 (15)?
1439 1042 1540 1096 Et:
1573 1042 1846 1097 Descendit
1881 1045 2015 1097 sicut
2045 1043 2166 1114 plu-

572 1135 673 1190 ‘uia
707 1136 763 1192 in
794 1135 995 1201 vellus;
1018 1144 1067 1190 et
1095 1137 1231 1190 sicut
1265 1136 1411 1190 stilla
1458 1135 1667 1192 stillans
1695 1154 1852 1208 super
1880 1139 2161 1192 terram".

589 1228 803 1282 Rursus
842 1228 1029 1282 forsan
1077 1226 1264 1282 dices:
1306 1227 1569 1294 Quisnam
1623 1231 1768 1284 Deus
1818 1230 2039 1301 triginta
2073 1246 2162 1283 ar-

586 1320 798 1387 genteis
828 1319 1087 1374 venditur
1108 1320 1130 1372 ?
1150 1319 1264 1391 Ego
1286 1336 1418 1375 vero
1440 1337 1507 1376 ex
1540 1329 1592 1376 te
1617 1322 1860 1377 vicissim
1884 1338 2159 1392 quaeram:

582 1410 879 1481 Cuiusnam
928 1411 1166 1465 hominis
1208 1412 1430 1483 sanguis
1468 1412 1657 1467 orbem
1707 1422 1880 1469 totum
1930 1414 2162 1470 redemit

581 1518 645 1556 ac
674 1502 1073 1558 sanctiﬁcavit?
1100 1502 1217 1557 Jam
1248 1503 1292 1557 si
1323 1513 1374 1558 te
1406 1504 1542 1559 illud
1573 1505 2005 1576 oﬂ‘cndat,quod
2032 1522 2160 1562 eum

581 1595 735 1667 pullo
787 1596 1117 1651 insidentem
1176 1596 1343 1651 hodie
1405 1598 1643 1668 aspicis;
1699 1601 1976 1670 quomodo
2047 1618 2160 1658 non

577 1687 744 1741 etiam
785 1687 920 1741 illud
956 1688 1115 1751 dicis.
1146 1703 1178 1742 ο
1217 1689 1460 1753 indocte,
1493 1692 1639 1761 quod
1670 1693 1828 1763 pueri
1863 1695 2017 1749 nullo
2059 1695 2159 1750 do-

577 1788 736 1832 cente
768 1778 1079 1833 didicerant
1121 1780 1350 1849 pariter,
1376 1797 1439 1836 ac
1473 1783 1817 1839 clamabant:
1848 1784 2156 1841 Benedictus

2277 587 2420 642 οὑδὲ
2468 589 2734 655 viduae;
2780 588 2897 643 ἀλλ’
2933 586 3064 659 ὁρᾷς
3115 587 3303 654 πάλιν,
3335 580 3382 640 ὦ
3426 587 3684 659 ἀγνώμων,
3717 597 3769 648 ὅτι

2275 680 2403 751 περὶ
2430 679 2596 735 αὐτοῦ
2640 681 2948 752 γέγραπται
2966 696 2983 712 ⁸
3021 680 3251 747 Ὠραῒος
3276 678 3491 733 κάλλει
3513 684 3652 751 παρὰ
3676 687 3770 752 τοὺς

2272 771 2443 840 υἱοὺς
2470 772 2590 828 τῶν
2641 772 2985 841 ἀνθρώπων.
3022 773 3084 827 El
3130 772 3185 826 δὲ
3238 771 3466 842 λέγεις’
3512 775 3649 839 ﬂcio;
3683 778 3769 843 Gal,-

2270 863 2495 918 δύναται
2554 860 2693 919 εἶναι
2741 864 3091 937 πρόσφατοςς
3145 861 3307 932 κάγώ
3347 880 3431 916 σοι
3482 866 3619 935 ὶρῶ·
3660 871 3770 922 Ποίω

2269 955 2558 1026 ἀνθρώπου
2593 958 2706 1026 πρὸ
2736 957 2843 1011 τοῦ
2879 958 3058 1026 ἡλίου
3089 956 3361 1026 διαμένει
3392 959 3457 1012 τὸ
3489 959 3671 1030 ὄνομα,
3706 964 3768 1017 ml

2269 1048 2383 1116 πρὸ
2406 1045 2513 1115 τῆς
2538 1047 2810 1117 σελήνης
2838 1048 3049 1119 γενεᾶς
3070 1049 3303 1119 γενεῶν
3323 1066 3344 1113 ;
3366 1050 3481 1117 καὶ,
3502 1054 3771 1119 Καταόήσε-

2267 1156 2363 1193 ται
2395 1141 2475 1206 ὡς
2494 1140 2671 1207 ὑετὸς
2693 1140 2791 1194 ἐπὶ
2813 1142 3029 1207 πόκον,
3057 1141 3155 1195 καὶ
3178 1143 3263 1207 ὡς
3295 1142 3336 1208 ἢ
3385 1142 3657 1212 σταγὼνή
3677 1148 3770 1199 ani-

2269 1235 2455 1295 ζουσα
2491 1236 2591 1291 ἐπὶ
2629 1235 2743 1305 τῆς
2794 1236 2928 1307 γῆς.
2976 1237 3144 1291 Πάλιν
3178 1237 3236 1291 δὲ
3280 1239 3416 1303 ἴσως
3454 1240 3621 1310 ἐρεῖς
3663 1243 3770 1306 [leae

2265 1327 2399 1391 Θεὸς
2428 1328 2727 1399 τριάκοντα
2775 1330 3055 1402 ἀργυρίων
3101 1331 3532 1401 πιπράσκεταις
3564 1332 3691 1401 κάγώ
3716 1352 3767 1387 σοι

2264 1420 2374 1492 ἐρῶ
2398 1438 2412 1452 ·
2450 1420 2609 1475 Ποίου
2641 1422 2930 1493 ἀνθρώπου
2960 1417 3103 1492 αἷμα
3131 1423 3346 1493 κόσμον
3392 1423 3512 1477 ὅλον
3542 1425 3767 1497 ἐξηγόρευε

2262 1511 2359 1565 καὶ
2392 1512 2659 1583 ἡγίασεν;
2715 1514 2765 1567 εί
2813 1513 2873 1568 δὲ
2930 1514 3127 1586 ἐκείνῳ
3176 1515 3570 1587 προσκόπτεις,
3598 1517 3665 1570 ὅτι
3707 1518 3762 1570 ἐπὶ

2264 1600 2449 1654 πώλου
2476 1603 2607 1674 ὁρᾷς
2635 1603 2949 1674 καθήμενον
2984 1604 3244 1674 σήμερον,
3279 1603 3405 1667 πῶς
3440 1603 3496 1657 δὲ
3529 1604 3583 1658 οὐ
3611 1606 3763 1659 κάκεῖνο

2260 1692 2457 1761 λέγεις,
2486 1695 2628 1765 ὅπερ
2653 1696 2703 1748 oi
2733 1695 2948 1759 παῖδες,
2996 1689 3040 1749 ὦ
3075 1696 3357 1760 ἀδίδακτε,
3387 1696 3660 1762 ἀδιδάκτως
3675 1698 3760 1768 ἔμπα

2261 1783 2354 1838 θον
2386 1784 2502 1855 ἅμα
2533 1785 2629 1840 καὶ
2658 1785 2893 1853 ἔκραζον
2913 1804 2926 1817 ’
2969 1786 3407 1857 Εὐλογημένος
3447 1790 3481 1841 ὁ
3518 1787 3759 1856 ἐρχόμενος

578 1870 669 1939 qui
693 1872 835 1923 venit
867 1871 921 1923 in
974 1872 1188 1925 nomine
1222 1871 1477 1927 Domini?
1497 1872 1569 1929 Ut
1607 1882 1788 1929 autem
1822 1876 1967 1931 Deus
1992 1877 2064 1932 sit
2091 1893 2153 1934 ac

2258 1873 2329 1927 ἐν
2360 1874 2606 1945 ὀνόματι
2637 1876 2860 1944 Κυρίου
2877 1892 2897 1941 ;
2924 1876 3047 1931 ’Ότι
3079 1877 3134 1931 δὲ
3168 1878 3385 1949 Κύριος
3411 1878 3505 1931 καὶ
3532 1877 3755 1941 Θεὸςὸὴέ

576 1966 861 2030 Dominus,
898 1967 990 2036 qui
1053 1967 1203 2039 pullo
1252 1967 1457 2023 insidet
1496 1983 1604 2038 qua
1654 1977 1738 2024 est
1790 1969 1975 2035 homo,
2011 1969 2155 2025 adsit

576 2058 711 2115 mihi
749 2067 895 2117 tuus.
924 2058 1022 2113 sed
1063 2074 1171 2116 non
1206 2066 1333 2114 tuus
1364 2059 1557 2126 David,
1597 2059 1665 2116 de
1712 2060 1822 2116 tuis
1844 2061 2154 2118 edisserens

574 2151 782 2223 pueris,
813 2150 1071 2220 dicatque
1101 2152 1227 2221 quis
1262 2152 1354 2206 ille
1401 2152 1473 2207 sit
1508 2168 1672 2222 quem
1711 2152 1748 2206 ii
1779 2152 1999 2225 hymnis
2020 2168 2153 2223 pro-

575 2254 905 2317 sequuntur,
949 2254 1006 2299 et
1054 2261 1219 2315 quem
1254 2246 1426 2300 Deum
1460 2246 1798 2316 praedicant:
1832 2246 2027 2312 David,
2069 2246 2155 2301 in-

572 2338 937 2406 quam,velut
979 2352 1047 2392 ex
1085 2337 1318 2393 adverso
1360 2338 1498 2408 pulli
1547 2346 1718 2405 stans,
1776 2338 1943 2408 inque
2004 2339 2154 2393 hunc

571 2430 798 2487 modum
821 2430 1098 2487 clamans:
1129 2430 1212 2486 Tu
1239 2430 1330 2501 qui
1374 2431 1431 2485 in
1469 2445 1711 2500 superno
1738 2431 1941 2486 throno
1967 2430 2149 2496 sedes,

573 2522 779 2595 quique
812 2524 1046 2578 interra
1075 2523 1231 2579 sedes
1276 2524 1335 2577 in
1380 2524 1571 2595 pullo:
1624 2523 1843 2579 Domine
1893 2523 2151 2578 Dominus

571 2622 770 2679 noster,
793 2632 953 2686 quam
978 2614 1292 2670 admirabile
1315 2625 1392 2670 est
1416 2632 1606 2671 nomen
1638 2624 1786 2671 tuum
1823 2618 1878 2670 in
1904 2617 2151 2671 universa

572 2708 757 2764 terra!
781 2708 1043 2777 Quoniam
1074 2708 1277 2763 elevata
1308 2718 1385 2764 est
1417 2710 1813 2782 magnificentia
1860 2718 1953 2763 tua
1994 2727 2151 2782 super

572 2798 747 2859 delos.
770 2799 854 2853 Ea:
885 2815 973 2853 ore
994 2797 1282 2869 infantium
1312 2808 1362 2854 et
1395 2800 1703 2855 lactentium
1737 2801 1997 2872 perfecisti
2026 2800 2149 2856 lau-

570 2890 690 2956 dem
734 2900 947 2966 propter
988 2891 1226 2945 inimicos
1262 2901 1397 2956 tuos,
1432 2901 1491 2946 ut
1531 2893 1772 2947 destruas
1806 2894 2072 2947 inimicum
2102 2899 2151 2946 et

572 2983 800 3037 ultorem
827 2984 868 3016 “
899 3000 912 3047 ;
945 2983 1231 3047 nimirum,
1260 2982 1564 3039 diabolum.
1600 2984 1704 3049 Tu,
1735 2986 1829 3055 qui
1863 2985 2016 3055 pullo
2058 2984 2148 3037 in-

569 3074 720 3133 sides
752 3091 859 3149 qua
888 3076 1074 3142 homo,
1108 3077 1255 3131 Deus
1284 3090 1345 3131 es
1368 3092 1533 3132 verus
1556 3095 1569 3130 :
1591 3076 1662 3131 Et
1680 3076 1965 3131 videbimus
1995 3075 2148 3131 caelos

2260 1965 2443 2020 πώλου
2466 1967 2544 2032 ὠς
2572 1967 2858 2039 ἄνθρωπος
2884 1969 3214 2040 καθήμενος,
3250 1969 3520 2039 παρέστω
3547 1970 3663 2039 μοιὸ
3684 1970 3751 2030 σὸς,

2256 2058 2372 2112 ἀλλ’
2401 2059 2462 2113 οὐ
2499 2059 2590 2123 σὸς
2621 2060 2808 2125 Δασὶδ,
2842 2062 2977 2132 περὶ
3008 2061 3117 2115 τῶν
3143 2060 3255 2114 σῶν
3287 2061 3500 2117 παίδων
3542 2061 3748 2130 διερχόμε-

2254 2167 2362 2216 νος,
2388 2152 2484 2206 καὶ
2512 2151 2604 2206 τὸν
2636 2152 2728 2206 ὑπ’
2772 2152 2954 2207 αὐτῶν
2998 2153 3419 2225 ἀνυμνούμενον
3444 2169 3459 2183 ·
3505 2154 3681 2207 εξπάτω
3702 2153 3747 2214 τίς

2253 2240 2404 2293 ἐστιν
2435 2241 2464 2294 ὸ
2520 2239 2938 2313 θεολογούμενος
2962 2258 2977 2273 ·
3028 2241 3170 2316 [καὶ]
3227 2238 3346 2298 οἷον
3377 2241 3743 2314 καταντικρὺπᾶ

2254 2330 2435 2384 πώλου
2466 2331 2733 2403 ἑστηκὼς,
2764 2333 2861 2387 καὶ
2880 2333 3081 2388 οὑτωσί¹
3112 2334 3255 2405 βοῶν
3284 2351 3299 2367 ο
3329 2337 3405 2391 Σὺ
3432 2334 3460 2387 ὁ
3492 2334 3734 2389 introii»

2253 2422 2466 2494 Θρόνου,
2492 2423 2588 2478 καὶ
2618 2425 2712 2478 ἐπὶ
2735 2423 2831 2478 τοῦ
2861 2425 3012 2480 κάτω
3043 2424 3227 2481 πώλου
3271 2427 3596 2497 καθήμενος,
3638 2428 3739 2492 Κῦρε

2252 2516 2286 2568 ὁ
2322 2514 2540 2583 Κύριος
2561 2513 2751 2584 ἡμῶν,
2782 2516 2863 2583 ὡς
2898 2518 3251 2586 θαυμαστὸν
3279 2518 3350 2572 τὸ
3402 2516 3579 2587 ὄνομά
3610 2518 3743 2570 σσυέγ

2251 2605 2418 2673 πάσῃ
2456 2605 2534 2675 τῇ
2567 2605 2691 2676 τῇ]
2722 2609 2813 2663 ὅτι
2847 2608 3076 2679 ἐπήρθη
3107 2611 3147 2679 ἠ
3188 2608 3654 2680 μεγαλοπρέπειά
3678 2622 3745 2659 σω

2250 2695 2525 2765 ὑπεράνω
2570 2698 2690 2752 τῶν
2738 2698 3036 2767 οὐρανῶν.
3095 2700 3191 2755 Ἐκ
3248 2700 3546 2770 στόματος
3585 2698 3747 2765 νηπίων

2251 2789 2349 2842 καὶ
2416 2787 2796 2857 θηλαζόντων
2825 2792 3163 2859 κατηρτίσω
3216 2789 3421 2855 αἶνον,
3486 2792 3638 2846 ἕνεκα
3672 2788 3747 2842 τῶν

2249 2879 2480 2949 ἐχθρῶν
2511 2896 2650 2947 σου,
2684 2883 2793 2938 τοῦ
2827 2885 3169 2939 καταλῦσαι
3202 2885 3431 2954 ἐχθρὸν
3467 2884 3556 2939 καί
3580 2883 3743 2948 ἐκδικη-
3814 2904 3815 2953 i

2249 2970 2385 3039 τὴν,
2410 2971 2501 3024 τὸν
2536 2970 2805 3029 διάϐολον.
2864 2974 2938 3026 Σὺ
2987 2974 3017 3027 ὸ
3058 2975 3153 3027 ἐπὶ
3192 2975 3378 3029 πώλου
3408 2974 3482 3038 ώς
3516 2974 3743 3043 ἄνθρωπος,

2249 3063 2383 3129 Θεὸς
2426 3059 2481 3119 εἴ
2516 3065 2770 3136 ἀληθινός
2789 3083 2803 3098 ·
2859 3067 2969 3122 Καὶ
3025 3067 3299 3137 ὀψόμεθα
3348 3066 3488 3135 τοὺς
3523 3062 3741 3135 οὐρανοὺς

569 3185 731 3242 opera
759 3169 1040 3242 digitorum
1073 3177 1306 3223 tuorum.
1366 3169 1447 3223 Tu
1475 3169 1568 3239 qui
1601 3168 1753 3239 pullo
1789 3167 2017 3234 iusides,
2058 3167 2143 3222 lu-

2256 3156 2396 3225 ἕργα
2416 3157 2536 3211 τῶν
2562 3157 2879 3213 δακτύλων
2911 3174 3048 3214 σου.
3080 3160 3151 3213 Σὺ
3181 3162 3209 3214 ὁ
3262 3160 3360 3214 ἐπὶ
3398 3159 3583 3222 πώλου,
3619 3153 3741 3219 σελή-

571 3277 697 3317 nam
736 3268 786 3313 et
818 3260 1002 3315 stellas
1026 3260 1263 3331 fundasti
1293 3260 1503 3332 (14)⁷²;
1534 3270 1590 3314 tu
1623 3261 1857 3314 minuisti
1884 3261 2147 3314 hominem

2256 3266 2371 3317 νην
2403 3250 2501 3304 καί
2553 3252 2815 3320 ἀστέρας
2867 3252 3305 3322 ἐθεμελίωσας·
3367 3255 3430 3307 σὺ
3472 3251 3738 3321 ἠλάττωσας

570 3351 731 3423 paulo
761 3353 933 3406 minus
956 3351 1019 3406 ab
1056 3352 1642 3424 angelis;gestansque
1677 3366 1742 3406 ac
1785 3351 2022 3406 induens
2049 3350 2151 3405 ho-

571 3444 800 3509 minem,
825 3445 1070 3500 extulisti
1097 3462 1223 3501 eum
1250 3461 1418 3516 super
1446 3461 1665 3500 omnem
1696 3444 2068 3514 principatum
2091 3449 2148 3498 et

569 3544 919 3606 potestatem,
949 3546 1005 3592 et
1032 3537 1203 3609 gloria
1245 3544 1296 3592 et
1343 3540 1537 3592 honore
1576 3539 1842 3591 coronas-ti
1878 3554 2016 3592 eum.
2042 3540 2146 3605 Tu,

569 3628 665 3696 qui
706 3643 872 3696 super
901 3628 1050 3697 pullo
1077 3630 1433 3698 conspiceris,
1475 3627 1710 3682 Thronus
1746 3635 1887 3689 tuus,
1918 3643 1947 3681 ο
1978 3626 2139 3694 Deus,

568 3719 625 3772 in
649 3717 899 3772 saeculum
918 3720 1097 3773 δεῖευίὶ
1118 3736 1135 3773 :
1154 3720 1255 3774 Et:
1284 3719 1441 3790 Virga
1473 3717 1794 3780 directionis,
1824 3718 1972 3787 virga
1994 3718 2143 3788 regni

567 3810 666 3864 uri.
698 3808 942 3865 Dilexisti
967 3811 1256 3882 justitiam,
1296 3828 1359 3864 ac
1395 3811 1546 3865 solus
1584 3810 1741 3863 odisti
1768 3810 2141 3880 iniquitatem:

568 3911 849 3971 propterea
897 3904 1048 3957 unxit
1097 3910 1146 3955 te
1192 3902 1331 3955 Deus
1360 3942 1373 3966 ,
1431 3901 1568 3955 Deus
1619 3909 1737 3954 tuus
1754 3899 1833 3953 7':
1874 3914 1941 3954 e0
1991 3899 2138 3968 quod

566 3993 801 4049 formam
832 3995 977 4050 servi
1008 3995 1308 4064 acceperis.
1365 3993 1532 4049 Unxit
1586 4000 1660 4055 te,
1718 4007 1831 4046 non
1880 3989 2144 4046 unctione

566 4085 697 4152 olei,
726 4086 821 4141 sed
866 4085 1073 4156 Spiritu
1119 4092 1345 4139 sancto:
1378 4083 1495 4153 ipse
1539 4082 1687 4138 enim
1717 4089 1804 4137 est
1838 4078 2011 4134 oleum
2053 4096 2144 4133 ex-

564 4175 887 4230 sultationis.
943 4175 1154 4230 ldcirco
1226 4173 1392 4228 etiam
1451 4172 1672 4227 dicebat
1732 4169 1982 4226 Genitrix
2049 4179 2142 4224 tua

564 4266 730 4337 Virgo
780 4285 796 4323 :

638 4436 681 4465 ⁸⁷
714 4432 818 4487 lsa.
843 4443 957 4495 un,
986 4427 1042 4485 5.
1106 4427 1151 4459 ⁸⁸
1187 4424 1331 4484 Psal.
1363 4439 1506 4487 κων,
1539 4424 1593 4481 5.

563 4521 705 4569 xuv,
730 4503 783 4568 7,
807 4501 863 4558 8.

1705 4422 1750 4454 ‘9
1780 4421 1926 4481 Psal.
1958 4436 2100 4486 uxr,
2135 4420 2188 4475 5.
2256 4420 2300 4452 ’°
2332 4420 2465 4475 ibid.
2508 4420 2562 4478 6.
2599 4422 2643 4454 τί
2670 4423 2816 4480 Psal.
2851 4440 2969 4492 vui,
2992 4423 3116 4481 2-4.

2247 3342 2358 3397 τὸν
2383 3342 2701 3411 ἄνθρωπον
2726 3345 2928 3414 ,βραχύ
2951 3362 3007 3398 τι
3032 3345 3168 3413 παρ’
3193 3344 3511 3415 ἀγγέλους.
3532 3343 3610 3396 καὶ
3630 3337 3737 3407 φοβέο

2250 3449 2349 3495 σας
2390 3434 2481 3487 τὸν
2513 3434 2822 3506 ἄνθρωπον,
2874 3435 3097 3500 ὓψωσας
3135 3436 3303 3490 αὐτὸν
3345 3436 3579 3507 ὑπεράνω
3616 3431 3735 3498 πάσης

2248 3526 2447 3598 ἀρχῆς,
2474 3529 2568 3581 καὶ
2601 3527 2871 3594 ἐξουσίας,
2908 3528 3006 3582 καὶ
3035 3527 3185 3597 δόξῃ
3229 3530 3335 3583 καὶ
3382 3526 3515 3598 τιμῇ
3554 3522 3733 3592 ἐστεςά-

2244 3635 2444 3686 νωσας
2470 3621 2679 3675 αὐτόν.
2710 3621 2783 3675 Σὺ
2811 3621 2840 3673 ὁ
2858 3620 3136 3691 ὁρώμενος
3161 3622 3253 3674 ἐπὶ
3290 3620 3488 3683 πώλου,
3528 3618 3734 3685 Ὀθρόνος

2247 3727 2387 3777 σου,
2432 3706 2478 3765 ὦ
2514 3712 2678 3778 Θεὸς,
2739 3713 2828 3778 είς
2886 3712 2994 3767 τὸν
3018 3714 3204 3768 αἰῶνα
3246 3714 3358 3769 τοῦ
3407 3711 3611 3776 αἰῶνος.
3647 3705 3731 3765 Καὶ,

2258 3802 2505 3870 Ῥάϐδος
2525 3806 2874 3873 εὐθύτητος.
2900 3806 2938 3873 ἡ
2947 3805 3174 3874 ῥάϐδος
3192 3806 3309 3875 τῆς
3323 3806 3617 3872 βασιλείας
3639 3816 3729 3853 σου.

2243 3895 2328 3948 Σὺ
2349 3895 2673 3965 ἠγάπησας
2700 3896 3103 3967 δικαιοσύνην
3122 3937 3138 3961 .
3184 3899 3291 3953 καί
3326 3899 3482 3970 μόνος
3503 3896 3728 3966 ἐμίσησας

2243 3986 2517 4057 ἀνομίαν.
2550 3988 2656 4042 Διὰ
2694 3990 2872 4043 τοῦτο
2915 3989 3166 4059 ἔχρισέν
3202 4007 3279 4046 σε
3338 3995 3372 4046 ό
3401 3990 3549 4055 Θεὸς,
3586 3988 3613 4039 ὸ
3636 3982 3727 4040 Θεές

2243 4094 2380 4141 σου,
2409 4081 2491 4133 ὅτι
2515 4079 2702 4133 δούλου
2729 4082 2944 4151 μορφὴν
2979 4083 3260 4146 ἁνέλαϐες.
3299 4082 3541 4154 Ἔχρισέν
3575 4094 3635 4139 σε,
3660 4074 3722 4125 οὐκ

2242 4168 2421 4223 ἐλαίου
2448 4170 2733 4241 χρίσματι,
2756 4171 2871 4224 ἀλλ’
2896 4172 3037 4244 ἁγίῳ
3054 4174 3360 4242 Πνεῦματι.
3388 4172 3519 4226 Αὐτὸ
3542 4169 3628 4237 γάρ
3649 4166 3720 4216 ἐστι

852 4266 1155 4322 Emsultavit
1200 4266 1416 4337 spiritus
1449 4279 1592 4317 meus
1645 4264 1703 4317 in
1756 4261 1860 4316 Deo
1913 4260 2143 4316 salutari

2256 4259 2303 4313 εὸ
2352 4260 2559 4316 ἔλαιον
2590 4260 2700 4331 τῆς
2743 4263 3181 4334 ἀγαλλιάσεως.
3218 4267 3312 4322 Διὸ
3341 4266 3430 4321 καὶ
3466 4258 3717 4330 {lari-vii“

3220 4426 3263 4458 "
3298 4423 3430 4483 ibid.
3450 4423 3497 4481 6.
3560 4418 3597 4451 ⁷⁸
3621 4409 3714 4471 P531-

1798 4632 2037 4692 VARIIE
2073 4631 2484 4689 LECTIONES.

635 4763 664 4803 ι)
694 4760 944 4832 Εῐδομεν.
976 4756 1113 4812 Male
1154 4755 1286 4810 item
1314 4753 1489 4811 Oxon.
1521 4750 1759 4820 οἴδαμεν.

2099 4865 2329 4925 NOTAE.

633 4992 747 5060 (l5)
790 4990 1140 5049 Generatione
1181 4990 1601 5060 generationum.
1645 4988 1844 5060 l‘evsa‘tc
1884 4985 2123 5060 γενεῶν·

562 5063 710 5132 quod
731 5056 936 5117 clarius
966 5056 1198 5115 Latinus
1222 5060 1495 5132 interpres
1518 5059 1734 5132 praefixa
1753 5056 2130 5132 propositione

560 5128 637 5195 in,
669 5134 726 5186 in
753 5133 1111 5202 generatione.
1158 5130 1404 5202 Agellius
1432 5138 1588 5199 putat
1636 5130 1829 5202 deesse
1872 5128 2005 5189 ἕως·
2035 5142 2133 5202 seu

560 5199 923 5272 subintﬁélligi,
949 5210 1009 5255 ut
1034 5201 1124 5265 sit,
1155 5199 1260 5264 ἕως
1293 5201 1485 5272 γενεᾶς
1513 5215 1736 5272 {usque
1758 5199 1814 5251 in
1842 5199 2136 5272 generatio-

562 5291 702 5328 nem.
729 5268 1128 5341 Copulativam,
1153 5286 1317 5340 quam
1343 5269 1950 5341 additAugustinus,_et
1968 5268 2137 5341 inter-

559 5360 687 5415 pres
742 5337 942 5415 Cy'rilli
1006 5337 1223 5415 probat,
1284 5357 1407 5415 cum
1468 5337 1992 5415 margine-scribit,
2046 5337 2132 5390 ἴσ.

558 5408 650 5469 Stati
679 5432 692 5444 -
725 5408 837 5467 non
879 5408 1173 5468 admodum
1234 5412 1427 5481 probo.
1472 5408 1697 5481 Syxtina
1732 5408 1937 5462 habent
1976 5422 2137 5481 accu-

559 5484 715 5539 sandi
747 5499 874 5537 casu
914 5492 969 5538 et
994 5482 1192 5552 plurali
1225 5478 1250 5535 ;’
1270 5482 1468 5542 Γενεᾶς
1498 5478 1699 5552 γενεῶν
1721 5495 1735 5509 σ
1772 5478 2134 5552 generationes

560 5547 1013 5625 generationum."
1056 5552 1332 5625 quotuodo
1379 5560 1493 5625 est_
1511 5549 1703 5625 d_uri_or
1759 5547 2129 5625 constructio;

559 5618 687 5678 vide
739 5623 1028 5693 Agellium.
1062 5618 1231 5677 Valde
1265 5621 1410 5693 favet
1453 5620 1717 5693 Eulogius
1754 5618 1875 5693 ejus
1914 5618 2136 5693 exposi-

560 5694 723 5756 tioni,
758 5688 819 5746 ut
854 5694 935 5757 τὸ,
970 5693 1075 5763 πρὸ
1108 5693 1209 5760 τῆς
1260 5692 1522 5763 σελήνης,
1563 5688 1637 5744 sit
1685 5689 1871 5763 velut;
1911 5688 1965 5740 in
2010 5704 2135 5763 con:-

559 5773 737 5831 spectn
759 5763 920 5826 lume,
947 5757 1267 5832 ac'quan'din
1296 5757 1422 5832 luna
1447 5757 1723 5832 duratura
1772 5760 1879 5832 sit:
1910 5774 2034 5812 cum
2073 5757 2132 5809 τὸ

560 5830 682 5889 σὺν
713 5834 855 5890 LXX
882 5830 1266 5903 interpretum,
1293 5831 1470 5888 reddit
1496 5832 1593 5903 τῷ,
1622 5831 1761 5901 πρὸθ
1793 5830 1884 5895 τὸ,
1917 5846 2131 5900 συμπα-

2237 4985 2565 5061 ραμενεῖπῷ
2596 4985 2761 5061 ήλζῳ·
2784 4985 2883 5057 τῷ,
2915 4988 3021 5059 πρὸ
3036 4987 3130 5043 τοῦ
3168 4989 3321 5061 ἡλίου
3356 4984 3567 5056 διαμένει
3587 4994 3599 5008 ο
3629 4986 3696 5029 ut-

2238 5055 2401 5125 quam
2426 5055 2570 5111 idem
2605 5055 2843 5112 valeant.

2309 5125 2422 5200 (id)
2446 5125 2674 5200 Lunam
2708 5135 2757 5181 et
2799 5127 3008 5200 stellas.
3048 5127 3223 5200 Lapsu
3271 5126 3454 5185 calami
3492 5124 3699 5200 inter???

2236 5193 2338 5266 pro
2365 5196 2491 5249 luna
2520 5197 2705 5265 posuit
2727 5197 2911 5251 solem.
2945 5199 3097 5252 Haud
3126 5193 3211 5256 'ita
3241 5193 3543 5255 demutanda
3578 5193 3699 5266 ευςιςξ

2238 5263 2361 5320 rum
2405 5263 2594 5331 verba,
2643 5282 2767 5321 cum
2821 5269 3053 5323 maxime
3088 5269 3176 5325 illa
3218 5285 3367 5325 sacra
3403 5271 3532 5323 sunt.
3551 5274 3600 5312 ac
3627 5263 3699 5331 ΙΡδῗ

2240 5318 2557 5408 scapus;
2581 5318 3071 5408 'sia‘saii'a'sa'si,
3088 5318 3196 5404 7&8,
3218 5318 3367 5393 ἷίῖῑ
3383 5318 3611 5408 tam
3641 5318 3699 5408 if}

2241 5400 2443 5480 πώλου,
2469 5407 2666 5480 reddit
2692 5427 2704 5461 :
2736 5400 2857 5480 'Qui
2882 5400 3040 5479 super
3059 5400 3199 5480 equo
3240 5400 3525 5480 conspiceft's

2241 5477 2427 5552 pullus
2467 5476 2555 5552 ille
2574 5478 2667 5552 cui
2685 5470 2957 5552 Dor—uinus
2980 5470 3199 5544 insedit,
3219 5470 3441 5552 equinos
3462 5470 3698 5552 iuerint?

2239 5528 2421 5616 pullus
2448 5546 2620 5611 asini;
2654 5548 2872 5617 sintque
2894 5565 3068 5617 equus
3093 5528 3361 5604 et'asilius
3384 5546 3505 5617 ideo!
3523 5528 3694 5617 animi;

2238 5594 2351 5671 $61"
2362 5594 3067 5685 Hisﬁiééfciﬁ-‘i'gtfiiii"
3082 5594 3601 5682 ιῖιὶιῖιῖἰίὶξέίὲἔϋιαυε
3613 5594 3697 5685 Pl‘l‘

2238 5687 2441 5743 ciosior
2464 5672 2658 5760 homo,
2689 5672 2788 5760 pro
2810 5672 2979 5743 aSello
3012 5672 3576 5760 rei—equuniwstemcre.

2238 5760 2381 5827 gesis
2416 5768 2563 5832 tanta
2592 5752 2933 5815 illa-libertas
2955 5760 2966 5811 !
2992 5752 3179 5816 Ρυτρσ
3194 5763 3344 5832 plura
3368 5752 3690 5816 notareﬁlum‘

2237 5845 2398 5899 quam
2437 5829 2594 5899 plura
2622 5845 2755 5886 sane
2784 5829 3202 5891 succurrebant.
