4018 6486
209 361 364 428 2933

1275 370 1529 430 SERMO
1570 369 1651 432 IN
1689 372 1944 433 RAMOS
1978 374 2424 436 PALMARUM.
2461 395 2464 398 ·

3310 371 3454 438 2934

209 473 454 529 τεκοῦσα
494 474 770 546 Παρθένος
792 491 806 506 ·
868 477 1233 546 Ἠγαλλίασε
1263 480 1332 533 τὸ
1369 480 1604 549 πνεῦμά
1661 500 1781 550 μου

1895 485 2087 548 meo”;
2112 499 2239 539 cum
2271 499 2391 539 eam
2421 483 2660 553 Spiritus
2698 491 2923 540 sanctus
2962 485 3338 544 obumbravit.
3372 489 3454 542 Tu
3521 499 3527 504 '

215 569 318 621 ἐπὶ
341 567 422 633 τῷ
449 567 568 633 Θεῷ
595 568 676 634 τῷ
726 569 956 638 Σωτῆρι
1000 588 1141 640 μου,
1174 570 1336 642 ὴνίκα
1369 573 1429 625 τὸ
1470 573 1697 643 Πνεῦμα
1723 574 1785 627 τὸ

216 660 377 722 ἅγιον
418 659 505 713 ἐπ’
535 661 705 732 αὐτὴν
729 660 1049 717 ἐπεσκίασε.
1084 663 1156 716 Σὺ
1193 663 1250 716 δέ
1284 680 1374 733 μοι
1401 663 1594 717 σκόπει
1635 664 1664 716 ὁ
1693 683 1786 719 πι-

217 752 345 814 στὸς
373 751 670 822 ἀκροάτης,
721 753 840 817 πῶς
871 756 905 824 ἡ
947 754 1190 824 παναγία
1227 755 1502 826 Παρθένος
1535 755 1668 809 Θεὸν
1697 755 1788 808 τὸν

219 844 351 897 Υίὸν
397 843 569 912 αὐτῆς
609 848 1041 919 προσηγόρευσε.
1080 847 1190 902 Καί
1234 865 1370 920 φησι
1400 866 1414 882 ·
1468 849 1612 914 Θεός
1642 866 1786 917 μου,

213 935 363 989 κατὰ
392 935 490 1005 τὴν
523 935 716 1006 θεῖκὴν
748 937 915 991 αὐτοῦ
945 936 1154 992 ούσίαν’
1209 938 1337 1003 Υἱός
1372 956 1495 1010 μου,
1525 939 1668 993 κατὰ
1691 939 1797 1006 τὴν

215 1026 402 1096 ἐαυτῷ
433 1028 746 1082 ὐποστᾶσαν
771 1027 830 1094 ἐξ
859 1029 990 1100 ἐμοῦ
1025 1029 1235 1084 οὐσίαν.
1268 1032 1342 1085 Οὐ
1363 1032 1470 1100 γὰρ
1498 1031 1685 1084 ἔτεκον
1711 1030 1791 1101 τῷ

214 1119 413 1190 κόσμῳ
441 1119 595 1189 ψιλὸν
632 1120 939 1192 ἄνθρωπον,
984 1121 1120 1175 ἀλλὰ
1155 1122 1290 1177 Θεὸν
1346 1123 1786 1194 σεσαρκωμένον.

215 1211 334 1265 Καὶ
365 1211 574 1283 μάρτυς
611 1212 945 1280 ἀξιόπιστος,
992 1215 1026 1286 ἡ
1063 1217 1299 1286 σφραγὶς
1345 1217 1446 1285 τῆς
1494 1215 1792 1288 παρθενίας

219 1320 354 1374 μου.
386 1305 478 1375 Μὴ
509 1305 804 1376 ἀτιμάσῃς,
835 1299 880 1358 ὦ
924 1305 1201 1377 ἄνθρωπε,
1232 1307 1370 1376 ὅπερ
1399 1307 1457 1372 ἐξ
1484 1305 1617 1377 ἐμοῦ
1668 1307 1792 1362 ἔλα-

215 1394 315 1449 ϐεν
342 1396 372 1447 ὁ
405 1396 539 1459 Θεὸς
565 1397 938 1468 περιϐόλαιον,
974 1399 1060 1452 ἵνα
1104 1399 1179 1469 μὴ
1205 1399 1297 1452 τὸν
1325 1400 1790 1471 περιϐαλλόμενον

215 1485 596 1557 καθυϐρίσῃςο
662 1487 738 1557 μὴ
790 1487 1022 1558 ὑϐρίσῃς
1081 1489 1180 1560 τὴν
1229 1489 1456 1559 σκηνὴν,
1493 1491 1576 1543 ὅτι
1621 1491 1792 1554 ὅντως

214 1578 348 1632 ἄνευ
373 1578 554 1648 χειρὸς
588 1579 902 1651 συνερράφη
935 1579 1012 1650 τῷ
1036 1578 1395 1652 σκηνώσαντι.
1429 1581 1522 1652 Μὴ
1559 1581 1792 1654 μερίσῃς

215 1667 280 1720 τὸ
312 1667 429 1736 φῶς
477 1670 542 1720 ἐκ
593 1671 698 1738 τῆς
745 1669 1017 1741 σαρκικῆς
1062 1687 1165 1738 μου
1221 1670 1524 1740 λαμπάδος,
1573 1671 1660 1725 ἵνα
1716 1674 1789 1743 μὴ

219 1758 392 1834 σϐέσῃ
434 1761 622 1825 κακῶς
674 1761 764 1815 τὸν
802 1761 880 1832 τῷ
927 1763 1116 1834 κόσμῳ
1165 1762 1453 1834 λάμψαντα
1483 1763 1658 1834 ἥλιον,
1695 1765 1791 1817 καὶ

1885 593 2018 632 vero
2055 577 2190 632 mihi
2233 592 2422 646 pensa,
2473 575 2648 630 ﬁdelis
2691 576 2947 642 auditor,
2994 579 3270 648 quomodo
3329 595 3458 634 san-

1885 669 2128 723 ctissima
2155 669 2318 738 Virgo
2351 667 2547 721 Filium
2587 682 2768 732 suum,
2796 668 2966 722 Deum
2998 669 3306 739 appellarit.
3334 669 3459 726 Uti-

1887 774 2016 828 que,
2054 759 2253 828 inquit,
2303 758 2446 813 Deus
2492 774 2658 823 meus,
2709 759 3016 815 secundum
3061 761 3303 816 divinam
3336 764 3459 834 ejus

1888 836 2250 905 substantiam
2275 867 2289 904 :
2319 849 2490 905 Filius
2511 865 2686 915 meus,
2711 851 3014 905 secundum
3045 867 3170 906 eam
3199 853 3460 908 substan-

1889 939 2022 994 tiam
2049 955 2213 1009 quam
2239 939 2345 994 sibi
2379 939 2447 994 de
2475 955 2563 994 me
2589 939 2905 1010 assumpsit.
2940 941 3062 996 Non
3082 941 3232 997 enim
3254 942 3462 998 mundo

1892 1032 2082 1102 peperi
2115 1047 2316 1102 purum
2373 1031 2672 1096 hominem,
2715 1032 2813 1086 sed
2861 1032 3033 1088 Deum
3087 1033 3458 1088 incarnatum.

1890 1123 2059 1194 Cujus
2097 1123 2177 1178 rei
2211 1123 2370 1178 testis
2408 1131 2495 1178 est
2531 1125 2798 1194 locuples,
2833 1133 3093 1180 constans
3127 1124 3462 1196 virginitatis

1889 1216 2252 1286 signaculum.
2285 1215 2365 1270 Ne
2401 1215 2722 1280 dedecores,
2765 1231 2799 1271 ο
2842 1216 3029 1282 homo,
3079 1231 3243 1286 quam
3275 1232 3342 1270 ex
3373 1233 3463 1271 me

1890 1307 2034 1361 Deus
2065 1306 2302 1376 sumpsit
2328 1314 2560 1369 vestem,
2600 1321 2671 1361 ne
2699 1306 2754 1362 ei
2785 1307 2878 1376 qui
2913 1307 3060 1361 illam
3086 1306 3287 1369 induit,
3329 1321 3465 1361 con-

1891 1401 2173 1456 tumeliam
2199 1401 2426 1471 irroges.
2447 1400 2526 1455 Ne
2556 1399 2756 1470 injuria
2778 1397 2985 1453 allicias
3011 1399 3461 1466 tabernaculum;

1889 1508 2083 1548 revera
2127 1493 2275 1547 enim
2325 1493 2476 1546 nulla
2521 1507 2786 1546 manuum
2817 1505 2986 1560 opera
3019 1491 3289 1546 habitanti
3315 1492 3372 1545 in
3395 1506 3464 1546 eo

1888 1586 1994 1641 fuit
2025 1593 2344 1641 consutum.
2395 1583 2474 1639 Ne
2503 1583 2690 1638 lumen
2718 1599 2750 1638 a
2773 1583 2980 1638 carnali
3026 1598 3151 1638 mea
3210 1583 3464 1653 lampade

1889 1693 2128 1746 separes,
2180 1685 2242 1731 ut
2281 1691 2351 1731 ne
2384 1676 2526 1730 male
2574 1676 2746 1730 solem
2790 1677 3103 1748 exstinguas
3139 1677 3234 1747 qui
3284 1676 3473 1732 illuxit

1891 1769 2116 1834 mundo,
2147 1769 2353 1838 quique
2382 1768 2501 1824 sine
2539 1767 2763 1823 homine
2791 1769 2957 1824 homo
2994 1769 3172 1824 factus
3202 1778 3306 1824 est.
3341 1769 3464 1823 Non
3551 1753 3563 1763 ’

216 1851 512 1921 γενόμενον
542 1852 713 1923 χωρὶς
743 1853 1035 1925 ἀνθρώπου
1075 1854 1387 1926 ἄνθρωπον.
1424 1856 1498 1910 Ού
1528 1855 1637 1928 γάρ
1687 1858 1786 1910 ἐπ-

1895 1857 2037 1912 enim
2067 1860 2303 1929 cognovi
2342 1860 2644 1926 hominem,
2695 1874 3009 1930 quanquam
3046 1859 3221 1915 Deum
3251 1858 3380 1916 novi
3407 1859 3464 1914 in

219 1942 394 2010 έγνων
439 1944 747 2016 ἄνθρωπον,
781 1948 830 2000 εί
879 1947 976 2001 καὶ
999 1945 1168 2017 ἐγνων
1202 1947 1336 2002 Θεὸν
1367 1949 1427 2002 ἐν
1468 1949 1593 2019 ἐμοὶ
1637 1949 1790 2018 γενό-

226 2051 393 2105 μενον
417 2034 723 2106 ἄνθρωπον.

288 2124 392 2180 IA'.
426 2127 630 2196 Ἔχεις,
673 2123 1068 2182 ὣπιστότατον
1109 2128 1205 2182 καὶ
1240 2126 1528 2199 ἱερώτατον
1550 2128 1790 2200 Χριστοῦ

220 2216 493 2286 ποίμνιον,
515 2218 584 2272 τά
606 2219 705 2288 τῆς
725 2219 918 2290 ἑορτῆς
948 2218 1200 2290 ἐγκώμια
1216 2232 1232 2248 ⁸
1264 2219 1575 2291 σκίρτησον.
1610 2220 1792 2290 Ἔχεις

213 2310 290 2364 τά
313 2309 434 2364 θεῖα
453 2312 546 2366 καὶ
561 2311 764 2382 ἄμωμα
779 2312 878 2382 τῆς
892 2311 1220 2382 Ἐκκλησίας
1235 2311 1560 2382 διδάγματα·
1581 2311 1791 2382 τρύφη-

217 2420 333 2457 σον.
368 2404 552 2473 Ἔχεις
575 2404 644 2458 τὰ
674 2403 813 2456 ὅπλα
842 2404 908 2456 τά
953 2403 1296 2473 πνευματικά
1323 2419 1336 2432 ·
1374 2405 1516 2459 κατὰ
1548 2403 1658 2457 τῶν
1699 2403 1792 2458 λύε

214 2509 333 2548 κων
367 2494 468 2563 τῆς
491 2494 730 2566 ποίμνης
749 2495 1058 2566 πολέμησον
1079 2511 1092 2524 ·
1119 2495 1410 2550 παίδευσον
1442 2496 1516 2566 μὴ
1551 2495 1793 2567 βλασφη-

219 2589 384 2658 μεῑνο
417 2587 626 2652 δίδαξον
675 2587 816 2660 ὑπὲρ
869 2587 1127 2658 ἀληθείας
1175 2588 1472 2656 άγωνίσαι·
1511 2588 1793 2656 ἀπόδειξον

215 2681 303 2734 ὃτι
332 2679 551 2751 καθαρά
577 2681 686 2735 άπὸ
718 2682 938 2735 πάντων
965 2681 1075 2734 τῶν
1104 2681 1360 2746 ζιζανίων
1391 2682 1492 2751 τῆς
1519 2682 1678 2753 ἡμῶν
1695 2683 1790 2736 καὶ

216 2773 460 2845 Χριστοῦ
506 2773 835 2844 Ἐκκλησίας
879 2775 912 2845 ἡ
943 2774 1173 2845 ἄρουρα.
1226 2774 1288 2827 Ei
1323 2773 1421 2843 μὲν
1447 2767 1557 2828 οἷόν
1585 2791 1646 2827 τε
1677 2775 1790 2829 Λά-

219 2862 394 2934 ζαρος
419 2881 500 2926 τις
527 2859 599 2927 εἷ,
627 2865 840 2934 σειραῖς
865 2865 1227 2934 πταισμάτων
1248 2863 1280 2934 ἢ
1300 2864 1560 2918 ἐναντίων
1589 2864 1794 2934 δογμά-

217 2972 333 3009 των
357 2955 742 3027 δεσμούμενος,
797 2956 1038 3027 σήμερον
1063 2955 1169 3009 ὑπὸ
1210 2955 1304 3009 τοῦ
1333 2955 1506 3026 Λόγου
1563 2957 1794 3011 ἄκουσον

217 3047 531 3117 φωνοῦντός
563 3065 658 3102 σου
686 3065 698 3077 ·
731 3049 915 3118 Δεῦρο
953 3048 1090 3114 ἔξω,
1128 3048 1223 3104 καὶ⁸
1264 3049 1478 3120 λύθητι,
1535 3051 1630 3104 καὶ
1659 3049 1790 3103 ἀνά-

218 3139 404 3212 στηθι.
437 3139 501 3194 Εί
546 3141 604 3194 δὲ
635 3141 884 3212 μαθητής
915 3159 999 3205 τις
1021 3137 1092 3205 εἴ,
1122 3143 1218 3196 καὶ
1243 3141 1353 3196 τῶν
1375 3142 1513 3214 πρὸς
1545 3143 1796 3196 διδασκα-

1897 1966 1983 2006 me
2019 1950 2228 2006 factum
2251 1951 2554 2007 hominem.

1965 2129 2056 2185 XI.
2080 2131 2280 2198 Habes,
2313 2131 2626 2188 ﬁdelissime
2651 2147 2715 2188 ac
2730 2131 3076 2186 sanctissime
3088 2129 3291 2186 Christi
3311 2143 3465 2200 grex,

1897 2222 2212 2280 festivitatis
2229 2225 2480 2280 encomia
2503 2243 2519 2280 :
2543 2225 2778 2281 exsulta.
2801 2223 2981 2279 Ilabes
3012 2223 3253 2277 divinam
3277 2237 3341 2277 ac
3379 2222 3471 2277 in-

1896 2315 2168 2384 culpatam
2181 2315 2439 2370 Ecclesiae
2455 2315 2762 2371 doctrinam
2788 2332 2802 2368 :
2819 2314 3098 2370 deliciare.
3117 2313 3297 2370 Habes
3312 2329 3466 2369 arma
3485 2353 3487 2355 -

1897 2408 2163 2478 spiritalia
2184 2426 2197 2460 :
2221 2416 2410 2462 contra
2424 2407 2601 2478 gregis
2614 2408 2772 2477 lupos
2791 2406 3043 2478 depugna
3066 2425 3078 2461 :
3097 2406 3232 2462 doce
3245 2421 3342 2462 eos
3359 2421 3468 2461 non
3489 2441 3492 2445 -

1897 2497 2312 2566 blasphemare:
2345 2498 2481 2553 doce
2507 2505 2719 2554 certare
2772 2513 2874 2568 pro
2918 2497 3188 2554 veritate:
3215 2496 3493 2562 ostende...

1897 2589 2158 2645 Ecclesiae
2200 2598 2404 2644 nostra:
2426 2604 2491 2644 ac
2514 2588 2720 2644 Christi
2753 2604 2944 2660 agrum
2977 2605 3006 2644 a
3038 2588 3268 2644 zizaniis
3293 2587 3468 2665 omni-

1899 2681 2002 2735 bus
2030 2679 2298 2734 mundum
2337 2693 2481 2734 esse.
2525 2678 2582 2733 Si
2626 2678 2682 2732 in
2713 2677 2936 2733 modum
2966 2677 3155 2733 Lazari
3186 2676 3497 2746 cujusdam-

1898 2771 2088 2834 habes,
2117 2777 2469 2840 peccatorum
2493 2767 2732 2823 vinculis
2781 2776 2878 2822 aut
2922 2767 3330 2823 contrariorum
3373 2765 3499 2820 do-..

1897 2871 2139 2934 gmatum
2164 2862 2468 2927 revinctus,
2488 2861 2616 2916 audi
2644 2860 2808 2916 hodie
2827 2876 2858 2915 a
2874 2859 3076 2924 Verbo,
3098 2858 3223 2914 Veni
3239 2859 3384 2928 foras
3401 2858 3494 2924 ⁷⁸,,

1899 2974 1962 3012 ac
1990 2957 2221 3021 solvere,
2240 2965 2296 3010 et
2322 2970 2566 3025 resurge.
2593 2953 2688 3008 Sin
2710 2962 2893 3009 autem
2917 2952 3140 3023 quidam
3167 2951 3473 3022 discipulus

1898 3067 1980 3117 es,
2007 3060 2064 3107 et
2116 3050 2185 3105 ad
2235 3048 2542 3105 doctrinam
2586 3045 2838 3110 idoneus,
2884 3044 3022 3100 vade
3073 3045 3328 3098 mittente
3361 3043 3473 3098 Do-

1899 3143 2071 3207 mino,
2099 3141 2428 3210 solvensque
2456 3137 2635 3193 adduc
2659 3136 2880 3192 Christo
2911 3137 3146 3206 pullum.
3193 3150 3259 3190 ac
3292 3134 3497 3205 pullos.

217 3210 346 3283 λίαν
399 3210 704 3300 ἐπιτήδειος
731 3210 779 3296 ο,
830 3210 1220 3303 άποστάλθητι,
1275 3233 1371 3287 καὶ
1401 3210 1570 3296 λύσας
1621 3231 1793 3301 ἄγαγε

1901 3237 2195 3307 pluresque
2227 3234 2281 3287 in
2311 3248 2502 3288 errore
2532 3233 2752 3304 ligatos,
2781 3237 2944 3300 atque
2993 3228 3050 3283 in
3105 3227 3334 3284 adversa
3366 3226 3498 3283 ﬁde-

219 3323 448 3395 Χριστῷ
487 3323 668 3377 πῶλον
723 3324 818 3377 καὶ
873 3323 1110 3390 πώλους,
1155 3325 1247 3378 καὶ
1300 3324 1532 3388 πολλοὺς
1561 3325 1689 3388 τοὺς
1739 3327 1798 3379 ὲν

218 3415 404 3490 πλάνῃ
437 3416 692 3486 προσδεδε
701 3417 918 3486 μένους,
939 3418 1033 3470 καὶ
1054 3417 1134 3481 εἰς
1153 3417 1253 3488 τὴν
1282 3418 1568 3472 κατέναντι
1592 3418 1796 3484 πίστιν,

218 3509 318 3562 καὶ
377 3507 573 3578 κώμην
649 3508 1082 3579 ἀντικειμένους.
1163 3509 1282 3563 Κάν
1368 3525 1516 3573 τινες
1584 3508 1799 3566 ἀντιλέ-

217 3617 401 3670 γουσι,
476 3600 571 3654 καὶ
630 3599 729 3672 τὴν
778 3601 932 3654 λύσιν
984 3601 1093 3654 τῶν
1155 3600 1548 3671 πεπεδημένων
1610 3601 1799 3664 κακῶς

224 3689 542 3761 ἐμποδίζειν
579 3689 954 3760 δοκιμάζουσι,
1006 3691 1308 3760 φάσκοντες
1333 3707 1348 3722 ο
1387 3693 1447 3747 Τί
1483 3693 1650 3758 λύεις
1690 3691 1798 3746 τὸν

217 3780 636 3846 πῶλον;καθά
668 3781 766 3835 κα)⁵
813 3783 925 3844 τοῖς
966 3782 1184 3850 τυφλοῖς
1225 3781 1500 3852 ἐπετίμων
1553 3785 1626 3854 μὴ
1657 3783 1795 3854 κρά-

216 3872 373 3939 ζεινο
401 3875 521 3928 εἰπὲ
556 3874 652 3928 καὶ
691 3877 787 3942 σὺ,
835 3875 964 3928 Ὅτι
997 3878 1029 3929 ό
1080 3875 1296 3943 Κύριος
1349 3874 1547 3930 αὐτῶν
1585 3877 1798 3946 χρείαν

216 3966 367 4035 ἔχει.
411 3967 622 4035 Κύριος
682 3967 791 4037 γὰρ
843 3967 978 4021 λύει
1027 3966 1480 4036 πεπεδημένους
1507 3985 1521 3999 ο
1581 3969 1798 4036 Κύριος

218 4057 412 4127 (rosea?
459 4058 752 4128 τυφλοὺς,
798 4058 982 4122 καθὼς
1038 4061 1276 4131 σήμερον
1316 4059 1410 4112 τοῦ
1462 4060 1796 4128 Εὐαγγελίου

216 4151 478 4221 ἤκουσας.
557 4151 772 4222 Ἐπειδὴ
805 4150 913 4223 γὰρ
948 4150 1038 4204 τὸν
1090 4152 1189 4222 τῆς
1236 4152 1580 4222 δικαιοσύνης
1608 4152 1798 4206 ’Ἥλιον

223 4241 638 4313 ἐπιδημήσαντα
664 4241 932 4310 ἔγνωκαν,
965 4243 1172 4306 εἰκότος
1191 4245 1326 4314 πρὸς
1357 4244 1519 4296 αὐτὸν
1540 4243 1792 4314 ἔκραζον·

233 4335 535 4402 Ἐλέησον
576 4334 754 4404 ἡμᾶς,
797 4335 991 4403 Κύριε,
1039 4334 1133 4388 υίὲ
1168 4334 1360 4391 Δαϐίδ.
1400 4336 1463 4387 Ὢ
1501 4335 1666 4401 ξένων
1701 4334 1796 4388 καὶ

223 4429 546 4496 παραδόξων
577 4428 906 4498 θαυμάτωνί
937 4429 986 4480 ot
1029 4427 1220 4497 τυφλοὶ
1267 4427 1653 4489 ἀναϐλέπουσι,
1700 4425 1797 4480 καὶ

218 4518 271 4570 οἱ
302 4517 589 4586 βλέποντες
639 4515 876 4571 Ἰουδαῖοι
912 4517 1333 4584 τυφλώττουσιν.
1376 4508 1533 4568 Οὗτοι
1591 4514 1795 4585 Κύριον

218 4607 569 4680 ὁμολογοῦσι,
620 4608 898 4660 κάκεῖνοιο
954 4607 1050 4672 Τίς
1086 4607 1257 4658 ἐστιν
1314 4599 1525 4668 οὗτος;
1585 4606 1794 4674 ἐπερω-

217 4699 382 4754 τῶσι.
416 4698 690 4768 Φησιγὰρ
739 4699 767 4751 ὁ
823 4697 1249 4767 εὐαγγελιστής·
1299 4698 1365 4750 Ol
1417 4694 1485 4748 δὲ
1532 4694 1705 4763 ὄχλοι
1741 4697 1796 4750 οί

218 4790 616 4861 προάγοντες,
663 4788 765 4843 καί
803 4791 880 4861 ὀί
936 4787 1454 4854 ἀκολουθοῦντες,
1512 4786 1794 4854 ἔκραζον,

231 4859 532 4939 Ὡσαννά·
570 4859 994 4951 Εὐλογτίμένος
1037 4883 1071 4935 ό
1107 4881 1430 4949 ἐρχόμενος
1451 4879 1518 4932 ἐν
1553 4879 1798 4947 ὀνόματι

220 4976 467 5044 Κυρίου.
489 4977 599 5031 Καὶ
623 4975 1000 5040 εἰσελθόντος
1023 4973 1210 5028 αὐτοῦ
1247 4975 1334 5037 είς
1367 4969 1763 5040 Ἰερουσαλὴμ
1783 5010 1798 5034 ,

218 5067 472 5136 ἐσείσθη
493 5067 664 5122 πᾶσα
686 5068 724 5135 ἠ
743 5068 938 5133 πόλις,
963 5066 1232 5136 λέγουσα
1252 5083 1264 5095 ο
1291 5065 1383 5130 Τίς
1407 5064 1576 5118 ἐστιν
1597 5057 1796 5126 οὗτος

221 5161 334 5223 ἴδες
364 5160 426 5213 τὸ
481 5159 632 5228 ξένον
678 5159 773 5214 τοῦ
815 5160 1078 5232 βασιλέως
1119 5158 1447 5230 μυστήριον;
1489 5155 1581 5208 ἐπὶ
1615 5151 1795 5206 πώλου

1898 3339 1962 3380 ac
2015 3322 2242 3378 castello
2290 3319 2595 3392 oppositos.
2635 3319 2694 3374 Si
2734 3318 2831 3388 qui
2875 3316 3490 3381 ιιιιιοιη.ι·ε1ιιειεηιυι·,.

1897 3429 1963 3468 ac
1994 3413 2156 3477 male,
2188 3426 2260 3466 ne
2301 3409 2597 3480 compediti
2629 3408 2934 3471 solvantur,
2978 3404 3247 3476 impedire
3276 3404 3471 3469 velint.

1898 3501 2188 3558 dicentes:
2221 3497 2358 3564 Quid
2391 3497 2599 3569 pullum
2642 3495 2906 3551 solvis"?
2933 3509 3125 3550 eorum
3171 3493 3347 3550 instar
3375 3491 3474 3563 qui

1899 3607 2072 3649 caecos
2103 3590 2461 3662 increpabant
2493 3605 2563 3645 ne
2593 3589 2927 3645 clamarent:
2975 3585 3064 3642 dic
3114 3594 3173 3641 tu
3209 3600 3470 3656 quoque:

1899 3689 2038 3755 Quia
2071 3689 2326 3743 Dominus
2367 3689 2445 3742 his
2476 3704 2603 3758 Opus
2633 3687 2826 3741 habet:
2861 3685 3113 3739 Dominus
3162 3685 3302 3738 enim
3321 3684 3475 3739 solvit

1898 3781 2212 3851 compeditos
2236 3797 2254 3844 ;
2286 3779 2539 3833 Dominus
2564 3778 2825 3848 sapientes
2848 3777 2975 3846 facit
3001 3791 3160 3830 caecos
3185 3776 3254 3840 τ’,
3280 3790 3474 3845 quem-

1898 3872 2196 3927 admodum
2248 3871 2414 3925 hodie
2461 3869 2667 3924 audisti
2701 3869 2756 3924 in
2790 3867 3108 3939 Evangelio.
3134 3866 3273 3923 Cum
3325 3866 3476 3922 enim

1901 3963 2082 4018 Solem
2113 3961 2341 4033 justitiae
2373 3961 2659 4016 advenisse
2709 3960 3114 4031 cognovissent,
3158 3960 3360 4014 merito
3404 3957 3476 4014 ad

1897 4070 2024 4110 eum
2038 4054 2366 4109 clamabant:
2388 4053 2636 4108 Miserere
2653 4055 2839 4118 nastri,
2866 4053 3106 4118 Domine,
3123 4053 3392 4122 ﬁlilDavid
3405 4053 3473 4108 ⁷⁸.

1899 4149 1941 4200 Ο
1970 4147 2214 4202 inaudita
2259 4155 2316 4202 et
2350 4147 2570 4202 insolita
2615 4145 2914 4202 miracula!
2953 4146 3094 4202 Caeci
3127 4147 3306 4202 visum
3337 4148 3477 4202 reci-

1898 4237 2077 4306 piunt.
2128 4236 2195 4290 lli
2239 4237 2530 4291 Dominum
2564 4235 2938 4300 conﬁtentur;
2972 4235 3198 4306 illique:
3230 4237 3359 4301 Quis
3401 4243 3475 4289 est

1897 4326 2078 4380 hic"?
2106 4335 2517 4395 percontantur.
2565 4325 2658 4381 Ait
2701 4325 2850 4381 enim
2885 4326 3253 4396 evangelista:
3290 4325 3477 4379 Turba:

1900 4429 2078 4473 autem
2104 4435 2222 4489 qua:
2247 4419 2610 4482 praecedebant
2645 4428 2695 4472 et
2729 4433 2846 4488 qua:
2878 4419 3249 4488 sequebantur,
3273 4417 3478 4472 clama-

1899 4511 2024 4565 bant
2082 4511 2306 4564 dicentes
2339 4526 2357 4563 :
2407 4509 2658 4564 Hosanna
2693 4525 2711 4562 :
2741 4509 3047 4563 Benedictus
3105 4509 3194 4580 qui
3243 4510 3384 4564 venit
3420 4510 3478 4562 in

1901 4605 2110 4657 nomine
2147 4602 2376 4656 Domini.
2426 4602 2499 4656 Et
2557 4618 2674 4655 cum
2727 4602 2976 4655 intrasset
3029 4600 3474 4673 Hierosolymam,

1897 4706 2157 4751 commota
2189 4706 2262 4750 est
2287 4697 2530 4750 universa
2573 4697 2757 4749 civitas
2787 4694 2962 4748 dicens
2991 4711 3009 4748 :
3041 4694 3168 4760 Quis
3190 4703 3267 4748 est
3293 4695 3374 4747 hic
3387 4693 3477 4747 ‘°?

1901 4788 2100 4845 Vidisti
2137 4803 2339 4842 novum
2392 4803 2457 4842 ac
2511 4785 2836 4842 admirabile
2893 4785 3058 4856 Regis
3113 4784 3477 4857 mysterium?

1903 4880 2059 4934 Pullo
2090 4880 2337 4934 insidens
2361 4877 2640 4934 civitatem
2661 4887 2993 4943 commovet,
3011 4892 3076 4932 ac
3103 4876 3255 4932 cruci
3284 4875 3476 4932 aﬂixus

1901 4973 2090 5027 orbem
2122 4981 2395 5026 terrarum
2444 4970 2734 5036 concutit;
2781 4978 2843 5024 ut
2886 4968 3137 5024 docearis
3162 4968 3379 5024 venisse
3407 4967 3477 5022 ad

1903 5059 2199 5124 idolorum,
2227 5059 2463 5128 plurium
2481 5058 2767 5112 numinum
2796 5056 2946 5111 cultu
2977 5055 3206 5126 impium
3229 5069 3476 5110 errorem

1903 5150 2321 5208 convellendum
2351 5165 2414 5204 ac
2445 5148 2823 5204 evertendum.

222 5255 541 5327 καθήμενος
564 5255 700 5309 σείει
729 5256 829 5326 τὴν
857 5255 1035 5322 πόλιν,
1060 5256 1156 5308 καὶ
1185 5256 1241 5308 ἐν
1273 5252 1492 5324 σταυρῷ
1521 5250 1926 5321 καθηλούμενος
1971 5248 2103 5302 σείει
2169 5249 2272 5319 τὴν.
2335 5247 2694 5319 οἰκουμένην⁸
2739 5247 2827 5300 ἵνα
2891 5247 2955 5300 σὺ
3016 5243 3213 5318 μάθῃς,
3256 5245 3338 5298 ὅτι
3378 5242 3479 5315 τὴν

219 5351 488 5406 πολύθεον
515 5351 625 5406 τῶν
653 5350 889 5406 εἰδώλων
919 5351 1128 5421 πλάνην
1157 5352 1335 5404 σεῖσαι
1369 5350 1463 5402 καὶ
1488 5346 1789 5402 καταλῦσαι
1827 5345 2104 5416 ἐλήλυθεν.

335 5519 384 5548 ⁷⁸
414 5517 549 5573 Luc.
578 5535 615 5581 ι,
639 5520 730 5575 47.
806 5519 854 5551 ⁷⁵
878 5518 1034 5575 Joan.
1065 5535 1140 5586 xx,
1169 5519 1257 5576 44.
1333 5518 1379 5550 ⁷⁸
1402 5517 1596 5576 Matth.
1619 5531 1729 5581 xxi,
1761 5516 1814 5571 5.

220 5590 271 5622 ⁸ο
301 5587 441 5643 ibid.
479 5590 532 5655 9,
577 5591 662 5645 10.

1895 5515 1937 5545 ⁷⁷
1976 5512 2118 5568 Psal.
2146 5513 2337 5580 va,8.
2413 5513 2460 5545 ⁷⁸
2488 5509 2680 5567 Matth.
2699 5525 2788 5576 xx,
2807 5508 2896 5565 '50.
2972 5509 3015 5541 ’⁸
3044 5506 3235 5565 Matth.
3254 5504 3474 5573 “1,10.

1515 5703 1603 5758 VA
1612 5701 1744 5759 [HAS
1787 5699 2184 5759 LECTIONES.

302 5806 329 5839 ο
360 5794 719 5868 Ἐπιτήδειος.
742 5797 904 5857 Forte
934 5797 1274 5868 ἐπιτηδείων.
