3908 6504
517 360 663 429 9935
1544 359 1605 419 S.
1645 351 1963 417 EULOGII
2001 349 2359 416 ARCHIEP.
2396 351 2778 416 ALEXAND.
3665 356 3820 422 Μ

584 472 699 530 XII.
750 472 928 528 Cerne
992 479 1181 528 autem
1233 470 1548 535 abstrusum
1611 484 1678 525 ac
1741 465 2074 524 recondituu

2270 464 2370 521 lB'.
2404 466 2549 539 Ὅρα
2574 467 2632 521 δέ
2661 485 2753 539 μοι
2772 465 2865 521 τοῦ
2889 466 3011 521 κατ’
3037 467 3205 523 αὑτὸν
3218 471 3318 541 τῆς
3335 468 3678 542 οἰκονομίας
3708 491 3819 542 μυ-

513 561 835 620 ωεοηοηιίτε
848 561 970 631 ejus
987 559 1339 632 mysterium.
1362 557 1502 615 Cum
1542 558 1597 612 in
1627 558 1847 613 inferno
1878 554 2074 626 positu:

2206 555 2427 627 στηρίου
2464 557 2525 610 τὸ
2564 557 2862 625 ἄγνωστον.
2898 558 2986 609 Ἐν
3014 556 3093 626 τῷ
3120 558 3223 631 ᾅδῃ
3258 558 3497 621 σείοντος
3516 560 3718 614 αὑτοῦ
3752 564 3817 616 τὸ

508 650 632 720 ejus
660 648 765 704 loci
798 661 1078 703 carcerem
1102 646 1370 718 pulsaret,
1415 645 1785 708 clamantibus
1835 642 2074 713 superni:

2205 648 2324 702 ἐκεῖ
2349 648 2743 720 δεσμωτήριον,
2773 648 2848 712 ὡς
2874 648 3104 720 ἔκραζον
3132 652 3187 704 αἱ
3208 651 3322 704 ἀνω
3339 652 3635 722 Δυνάμεις
3670 657 3815 725 πρὸς

510 738 818 807 Virtutibus
845 739 915 801 ad
944 741 1186 797 infernas
1210 757 1226 796 ι
1256 738 1443 795 Tollite
1464 748 1666 810 portas,
1706 739 1985 809 principes,
2007 752 2074 790 ve-

2199 740 2298 804 τὰς
2337 740 2490 797 κάτω
2513 740 2772 813 δυνάμεις
2804 758 2819 773 ’
2859 742 3072 810 Ἄρατε
3117 745 3341 811 πύλας,
3369 747 3427 799 οι
3462 746 3811 816 ἄρχοντες,

507 833 728 897 atras“,
755 838 816 887 ut
844 831 1191 905 ingrediatur
1218 831 1314 901 qui
1339 830 1506 887 dicit:
1535 830 1651 902 Ego
1671 847 1790 884 sum
1813 826 2074 894 ostium”;

2198 832 2386 902 ὑμῶν,
2420 834 2508 889 ἵνα
2559 834 2777 907 εἰσέλθῃ
2822 836 2851 889 ὁ
2878 834 3091 905 λέγων’
3150 838 3285 906 εἰμί
3332 837 3449 909 ἐγὼ
3482 839 3534 907 δή
3604 840 3804 908 θύραν

506 921 761 984 attonitae
803 920 1050 979 adversa:
1088 920 1327 977 virtutes
1365 918 1810 989 respondebant:
1855 915 1982 983 Quis
2012 932 2074 971 es;

2198 922 2638 995 ἐκπληττόμενοι
2660 926 2717 978 αἱ
2732 909 2974 981 ἐναντίαι
3001 926 3262 998 δυνάμεις
3296 929 3767 1000 ἀπεφθέγγοντο
3788 948 3805 962 ·

505 1012 607 1065 iste
632 1026 726 1064 rex
752 1010 979 1082 gloriae?
1001 1010 1063 1069 In
1086 1017 1365 1069 terrenam
1410 1008 1733 1064 introeunte
1756 1006 2115 1071 Jerusalem,-

506 1100 591 1155 rei
619 1099 868 1165 novitate
893 1098 1211 1169 stupefacti,
1235 1108 1527 1169 quaerunt:
1552 1096 1682 1164 Quis
1705 1106 1781 1158 est
1812 1098 1909 1153 iste
1927 1096 1951 1150 7
1966 1095 2090 1152 Cte-

506 1192 702 1249 lestem
757 1192 1065 1250 Jerusalem
1134 1200 1453 1266 repetente,
1518 1199 1812 1247 cernentes
1865 1189 2086 1245 intelle-

506 1286 718 1342 ctuales
755 1285 995 1343 virtutes
1015 1299 1143 1342 cum
1170 1300 1404 1358 corpore
1437 1300 1564 1342 eum
1599 1300 1764 1357 quem
1802 1298 2085 1354 nunquam

503 1377 776 1440 vidissent
808 1388 1035 1448 propter
1081 1377 1465 1448 incorpoream
1496 1375 1788 1443 rationem,
1823 1390 2086 1432 ascensus

504 1469 731 1525 modum
772 1470 1074 1534 admiratae,
1110 1470 1466 1541 ambigebant
1514 1469 1771 1536 invicem,
1795 1468 2080 1524 dicentes:

2204 1014 2300 1080 Τίς
2334 1014 2508 1069 ἐστιν
2545 1009 2737 1079 οὗτος
2767 1017 2800 1069 ό
2822 1014 3129 1083 ,βασιλεὺς
3160 1016 3274 1085 τῆς
3310 1018 3542 1087 edem,-
3578 1022 3676 1085 εἰς
3705 1022 3809 1091 τὴν

2196 1103 2291 1158 ἐπὶ
2346 1102 2452 1175 γῆς
2523 1102 2878 1175 Ἰερουσαλὴμ
2947 1103 3280 1176 ξενιζόμενοι
3325 1107 3603 1163 πύθονται
3634 1125 3655 1141 ο
3708 1112 3807 1176 Tir;

2198 1196 2372 1252 ἐστιν
2417 1190 2594 1260 οὗτος
2635 1194 2693 1271 [ό
2734 1196 3041 1265 ,ϐασιλεὺς
3076 1197 3190 1266 τῆς
3217 1198 3482 1273 δόξηςς]
3540 1202 3643 1265 εἰς
3706 1203 3805 1270 τὴν

2204 1288 2322 1343 ἅνω
2363 1288 2722 1361 Ἰερουσαλὴμ
2746 1289 3115 1362 ἀνερχομένου
3140 1291 3329 1360 αὐτοῦ,
3355 1293 3607 1369 ὁρῶντες
3629 1294 3802 1351 αὐτὸν

2202 1381 2341 1451 μετά
2370 1380 2650 1451 σώματος,
2702 1382 2761 1443 αἰ
2814 1382 3078 1444 οὐδέποτε
3123 1384 3326 1457 ἰδόντες
3381 1385 3582 1451 αὐτὸν,
3614 1385 3716 1439 διὰ
3740 1385 3801 1439 τὸ

2190 1474 2502 1546 ἀσώματον,
2539 1476 2726 1546 vospal.
2746 1474 3028 1546 δυνάμεις,
3055 1475 3437 1548 θαυμάζουσαι
3465 1478 3569 1532 τοῦ
3630 1479 3797 1545 ξένου

504 1559 633 1625 Quis
649 1567 726 1615 est
752 1561 870 1626 iste,
889 1561 977 1630 qui
994 1575 1229 1630 corpore
1252 1559 1516 1630 praeditus
1535 1560 1591 1614 in
1619 1559 1738 1614 loca
1757 1560 2074 1629 incorporea

2188 1569 2395 1640 τρόπου
2422 1568 2521 1641 τὴν
2554 1567 2765 1635 ἄνοδον,
2797 1568 3091 1640 διηπόρουν
3122 1569 3262 1642 πρὸς
3292 1568 3559 1641 ἀλλήλας,
3592 1570 3795 1637 λέγου-

500 1652 681 1715 venit?
708 1650 815 1706 Sed
845 1660 903 1706 et
935 1651 1072 1718 illud
1111 1651 1446 1717 mirandum,
1478 1651 1756 1721 quomodo
1792 1652 1955 1721 regiae
1976 1651 2074 1707 illa:

2191 1676 2281 1713 σαι
2310 1674 2327 1692 θ
2360 1659 2458 1725 Τις
2483 1659 2656 1716 ἐστιν
2680 1655 2860 1725 οὗτος
2892 1660 3372 1733 παραγενόμενος
3401 1664 3460 1713 ἐν
3489 1663 3616 1723 τοῖς
3647 1661 3795 1714 ἀσυ-

502 1744 739 1799 virtutes
765 1753 1189 1814 percontentur,
1210 1742 1339 1809 Quis
1366 1754 1440 1798 est
1464 1744 1562 1803 iste
1582 1742 1672 1813 qui
1691 1742 1925 1797 venit”?
1954 1757 2074 1796 cum

2192 1751 2383 1821 μάτοις
2415 1750 2635 1823 χωρίοις
2658 1750 3011 1822 ὲνσώματος;
3043 1751 3323 1821 Θαυμάσαι
3366 1751 3423 1805 δὲ
3454 1750 3644 1817 ἄξιον,
3670 1750 3789 1814 πῶς

501 1836 558 1900 in
586 1837 709 1908 ejus
740 1836 797 1893 in
831 1844 980 1891 terra
1018 1835 1309 1892 nativitate
1356 1834 1567 1906 pariter
1609 1833 1971 1890 clamaverint
2020 1848 2074 1888 ac

2188 1843 2476 1909 πύθονται,
2534 1846 2633 1911 Τίς
2681 1843 2857 1897 ἐστιν
2876 1838 3058 1909 οὗτος
3091 1844 3124 1897 ό
3174 1842 3697 1911 παραγενόμενος,
3728 1842 3785 1897 αἰ

499 1927 837 1989 cecinerint:
869 1928 1050 1984 Gloria
1075 1929 1129 1983 in
1151 1927 1425 1986 altissimis
1442 1927 1589 1993 Deo;
1611 1936 1661 1981 et
1685 1929 1740 1982 in
1772 1935 1917 1982 terra
1943 1942 2074 1996 pax;

2189 1936 2470 2008 βασιλικαὶ
2499 1935 2783 2006 δυνάμεις,
2812 1935 2871 1988 αἰ
2906 1934 2965 1987 ὲν
2990 1936 3057 2004 τῇ
3108 1933 3261 2005 κάτῳ
3286 1934 3541 2004 γεννήσει
3587 1934 3781 1997 αὐτοῦ,

500 2018 558 2071 in
590 2019 884 2073 hominibus
924 2020 1060 2074 bona
1092 2019 1433 2087 voluntas”;
1465 2036 1494 2074 ει
1528 2020 1731 2089 quibus
1756 2028 1908 2080 certe
1937 2034 2074 2093 prae-

2187 2032 2450 2102 βοήσασαι
2476 2029 2593 2099 ἅμα
2628 2027 2724 2082 καὶ
2757 2026 3070 2098 ὗμνήσασαι
3093 2043 3108 2057 ·
3158 2027 3315 2090 Δόξα
3354 2026 3427 2079 ἐν
3480 2028 3780 2094 ὑψίστοις

498 2108 647 2164 clare
676 2110 859 2164 edocti
909 2120 1039 2167 sunt
1083 2112 1441 2167 Hebrxeorum
1493 2111 1735 2182 theologi
1785 2110 1943 2181 pueri
1990 2112 2074 2166 di-

2187 2120 2330 2191 Θεῷ,
2373 2120 2473 2176 καὶ
2493 2120 2594 2175 ἐπὶ
2614 2118 2730 2190 γῆς
2755 2118 2991 2188 εἰρήνη,
3016 2118 3089 2172 ἐν
3111 2116 3448 2186 ἀνθρώποις
3476 2116 3737 2171 εὐδοκία
3761 2134 3775 2148 ·

499 2206 729 2266 centes:
763 2198 1061 2263 "osanna:
1104 2199 1416 2257 Benedictus
1459 2202 1550 2272 qui
1590 2201 1728 2261 venit
1762 2200 1819 2254 in
1868 2200 2074 2259 nomine

2187 2210 2264 2279 οἷς
2291 2230 2376 2287 γε,
2401 2213 2581 2277 καλῶς
2610 2211 2997 2283 ὲμαθήτευσαν
3033 2208 3143 2264 τῶν
3190 2208 3458 2281 Ἑϐραίων
3502 2211 3555 2263 οἰ
3601 2210 3771 2263 θεολό-

498 2288 754 2353 Domini:
783 2306 890 2361 pax
919 2293 974 2347 in
1002 2290 1150 2355 coelo,
1177 2301 1225 2346 et
1270 2291 1445 2363 gloria
1489 2293 1545 2346 in
1595 2291 1867 2347 altissimis
1884 2291 1951 2346 ⁸⁵.
1990 2291 2074 2347 Sic

2187 2324 2270 2377 τοι
2294 2306 2486 2370 παῖδες
2514 2306 2757 2377 σήμερον
2782 2303 3037 2372 λέγοντες
3059 2318 3074 2333 °
3136 2302 3399 2359 Ὡσαννά
3420 2317 3437 2335 ο
3494 2304 3757 2373 Εὐλογη-

497 2383 647 2441 enim
676 2384 853 2449 Lucas
880 2385 1068 2453 habet.
1087 2387 1329 2458 Eratque
1354 2386 1546 2443 videre
1566 2386 1623 2442 in
1649 2386 1805 2453 Sion,
1832 2385 2074 2444 caelestia

2187 2399 2364 2473 μένος
2394 2402 2428 2453 ό
2461 2400 2791 2468 ἐρχόμενος
2814 2398 2885 2451 ἐν
2939 2397 3187 2466 ὀνόματι
3240 2396 3468 2465 Κυρίου
3503 2410 3519 2425 ⁸
3561 2396 3757 2466 ειρήη

497 2477 711 2547 pariter
733 2493 799 2533 ac
824 2479 1109 2534 terrestria
1146 2479 1371 2541 vicariis
1418 2479 1522 2537 sibi
1564 2478 1953 2550 respondentia
1979 2494 2080 2533 vo-

497 2569 689 2636 cibus,
744 2584 917 2639 seque
968 2581 1165 2629 mutuo
1226 2572 1546 2632 salutantia.
1594 2571 1796 2639 Dicunt
1850 2570 2078 2640 superi:

497 2662 684 2719 Gloria
710 2663 773 2717 in
800 2663 1076 2719 altissimis
1107 2664 1235 2727 Deo,
1259 2674 1309 2719 et
1338 2665 1396 2718 in
1422 2673 1567 2721 terra
1598 2678 1743 2733 pax;
1774 2662 1943 2719 inferi
1994 2678 2082 2718 re-

497 2755 770 2824 spondent
788 2773 801 2809 :
818 2755 936 2810 Pax
952 2757 1007 2810 in
1024 2756 1172 2822 caelo,
1190 2765 1239 2810 et
1254 2755 1427 2828 gloria
1442 2758 1498 2811 in
1511 2754 1800 2815 altissimis.
1814 2756 2082 2812 Dixerunt

496 2846 711 2915 angeli:
746 2844 814 2907 In
848 2854 994 2907 terra
1028 2863 1177 2918 pax;
1207 2846 1464 2903 homines
1492 2848 1799 2902 clamarunt
1822 2864 1837 2902 :
1862 2846 1981 2915 Pax
2023 2848 2080 2902 in

495 2938 647 3002 (telo.
673 2938 1083 3006 Quamobrem?
1123 2941 1279 3008 Quod
1327 2941 1593 2998 nimirum
1648 2942 1740 2998 ille
1788 2943 1951 3007 adsit,
1982 2943 2074 3014 qui

2187 2956 2406 3025 Εἰρήνη
2418 2956 2489 3010 ἐν
2500 2955 2758 3025 οὐρανῷ,
2771 2957 2869 3009 καὶ
2883 2958 3035 3022 δόξα
3046 2957 3116 3012 ἐν
3133 2956 3512 3028 ὑψίστοις.οἱ
3522 2952 3768 3022 ἄγγελοι.

494 3032 758 3087 onmibus
797 3032 1027 3101 clamat:
1062 3032 1180 3087 Pax
1226 3033 1454 3099 vobis“.
1505 3034 1613 3095 Pro
1661 3049 1773 3105 quo
1809 3035 2074 3105 pr0pheta

2187 3050 2316 3104 Ἐπὶ
2332 3049 2448 3119 γῆς
2467 3050 2698 3117 εἰρήνη,
2719 3050 3009 3122 εἰρήκασιν
3030 3066 3045 3080 ’
3068 3048 3431 3121 οἰάνθρωποι,
3453 3045 3770 3115 Εἰρήγηέν

493 3123 847 3196 precabatur,
878 3124 1101 3181 dicens:
1133 3124 1359 3183 Domine
1402 3124 1539 3180 Deus
1567 3133 1765 3193 noster,
1796 3142 1981 3197 pacem
2008 3127 2074 3183 da

2187 3141 2441 3211 οὐρανῷ,
2457 3141 2966 3213 κεκράγασιΔιατίς
2985 3140 3395 3212 ὲπειδὴζὲπέστη
3412 3140 3441 3192 ὁ
3452 3139 3595 3191 πᾶσι
3608 3136 3765 3207 βοῶν·

492 3194 732 3285 uobis‘";
774 3217 879 3271 hoc
921 3223 1025 3282 est,
1061 3216 1214 3285 Mitte
1266 3214 1465 3273 Filium
1517 3226 1669 3271 tuum
1707 3194 2073 3289 unigenitum,

2187 3194 2796 3309 ὲὶὲἦῴρὶίὺμῖὶρῗπερι
2839 3194 2901 3287 δι
2927 3194 3271 3304 δ’προφτὲἑης
3302 3194 3530 3303 ηὔχετο,
3561 3194 3761 3298 λέγων·

493 3319 554 3373 ut
581 3323 682 3379 per
707 3323 835 3364 eum
896 3309 1056 3367 nobis
1102 3309 1503 3377 reconcilieris,
1563 3310 1760 3365 videns
1815 3319 2073 3365 naturam

2187 3329 2354 3396 Κύριε
2388 3330 2423 3384 ό
2445 3328 2590 3395 Θεὸς
2608 3325 2797 3398 ἡμῶν,
2818 3325 3067 3395 εἰρήνην
3089 3325 3198 3390 δὸς
3236 3323 3402 3393 ἡμῖν·
3439 3322 3592 3381 τοῦτ’
3629 3321 3763 3389 ἐστι,

491 3409 741 3456 nostram
778 3417 879 3472 per
916 3417 1045 3460 cum
1075 3401 1177 3467 tibi
1200 3404 1434 3458 unitam.
1464 3402 1637 3469 Quam
1655 3419 1849 3475 pacem
1877 3403 2074 3458 viden-

2187 3421 2284 3473 Τὸν
2314 3420 2445 3473 Υιόν
2471 3436 2565 3473 σου
2599 3420 2693 3473 τὸν
2726 3419 2990 3489 μονογενῆ
3016 3415 3361 3482 ἀπόστειλον,
3389 3415 3481 3469 ἱνα
3509 3415 3580 3469 δι’
3604 3414 3762 3467 αὐτοῦ

492 3500 576 3559 tes
599 3490 853 3547 cmlestes
886 3492 1044 3547 chori
1088 3493 1437 3554 clamabant:
1474 3494 1656 3557 Gloria
1697 3499 1755 3549 in
1803 3493 2074 3559 altissimis

2187 3510 2525 3583 καταλλαγῇς
2572 3510 2710 3580 πρὸς
2751 3510 2925 3581 ἡμᾶς,
2975 3507 3119 3579 ὁρῶν
3148 3507 3249 3577 τὴν
3273 3506 3565 3577 ἡμετέραν
3606 3504 3763 3574 φύσιν

490 3579 626 3644 Deo,
656 3588 706 3633 et
731 3580 787 3634 in
820 3589 963 3634 terra
992 3596 1134 3650 pax;
1165 3579 1220 3635 id
1268 3590 1375 3648 est,
1410 3582 1655 3656 perfecta
1681 3582 1778 3642 Dei
1814 3598 1942 3645 cum
1971 3583 2074 3638 ini.

2187 3579 2585 3655 vaeeioduom
2609 3579 2678 3654 δι’
2728 3579 2893 3656 αὐτοῦ
2924 3617 2938 3632 ·
2969 3600 3147 3671 ἥνπερ
3192 3599 3422 3668 εἰρήνην
3449 3596 3691 3667 ὁρῶντες
3718 3594 3764 3646 οι

489 3673 654 3729 micis
674 3673 1074 3741 reconciliatio,
1090 3690 1256 3745 quam
1282 3685 1340 3730 et
1360 3675 1517 3746 pueri
1545 3692 1672 3731 cum
1691 3675 1840 3731 docti
1867 3688 2074 3745 essent,

2187 3697 2286 3748 ιῶν
2315 3695 2429 3751 ἄνω
2459 3695 2632 3766 χοροὶ,
2667 3694 2836 3755 ἐϐόων
2862 3709 2877 3724 σ
2903 3690 3456 3760 Δόξαὲνὺψίστοις
3485 3687 3634 3753 Θεῷ,
3668 3688 3764 3740 καί

491 3764 841 3821 clamabant:
877 3764 1177 3831 llosanna:
1206 3783 1315 3837 paa:
1356 3771 1413 3822 in
1446 3767 1597 3833 caelo,
1629 3776 1677 3822 et
1702 3769 1876 3841 gloria
1909 3771 1963 3824 in
1993 3771 2074 3827 al-

2187 3787 2275 3848 ὲπὶ
2303 3786 2418 3857 γῆς
2717 3787 2889 3856 ἦγουν
2920 3784 3058 3838 Θεοῦ
3105 3784 3242 3856 πρὸς
3286 3781 3523 3853 ἐχθροὺς
3584 3779 3765 3834 τελεία

491 3858 726 3925 tissimis.
764 3857 900 3912 Nam
932 3874 1056 3929 quae
1094 3859 1226 3915 olim
1256 3860 1470 3919 infense
1500 3862 1798 3929 habebant,
1831 3864 2074 3921 fraterna

2187 3878 2518 3950 καταλλαγὴ,
2569 3878 2638 3951 ἢν
2682 3878 2779 3933 καὶ
2821 3878 2871 3930 οἱ
2908 3879 3099 3940 παῖδες
3154 3874 3421 3947 μαθόντες
3481 3874 3759 3944 ἔκραζον

2181 2491 2252 2544 ἐν
2279 2490 2535 2562 οὐρανῷ,
2576 2492 2676 2546 καὶ
2700 2489 2854 2554 δόξα
2888 2488 2961 2543 ἐν
3012 2490 3325 2557 ὑψίστοις.
3360 2486 3558 2551 Οὕτως
3616 2488 3770 2560 γὰρδ

2181 2584 2397 2646 Λουκᾶς
2448 2582 2660 2657 εἴρηκε.
2704 2582 2817 2636 Καὶ
2843 2576 2915 2652 ἦν
2948 2584 3006 2634 ὲν
3034 2580 3173 2641 Σιὼν
3207 2579 3417 2637 ἰδέσθαι
3446 2579 3655 2649 ὥσπερ
3684 2581 3771 2633 ἀνα

2181 2675 2591 2748 τιφθεγγόμενα
2633 2676 2728 2729 καὶ
2760 2673 3218 2743 ἀντασπαζόμενα
3240 2672 3530 2742 ἄλληλατά
3548 2675 3775 2744 οὐράνια

2182 2775 2279 2833 καὶ
2300 2770 2370 2825 τά
2402 2770 2641 2839 ἐπίγεια.
2681 2769 2747 2821 Οἱ
2790 2769 2902 2827 ἄνω
2921 2765 3160 2828 λέγουσι’
3192 2764 3348 2830 Δόξα
3374 2765 3447 2820 ἐν
3479 2766 3773 2833 ὑψίστοις

2185 2862 2330 2929 Θεῷ,
2369 2864 2470 2917 καὶ
2515 2862 2614 2919 ἐπὶ
2665 2860 2779 2932 γῆς
2802 2858 3009 2928 εἰρήνη
3032 2876 3045 2891 '
3072 2860 3125 2912 oi
3162 2858 3315 2912 κάτω
3338 2858 3768 2928 ἀποκρίνονται·

490 3966 642 4006 nunc
673 3952 942 4008 charitate
965 3962 1219 4011 conserta
1234 3963 1367 4009 sunt
1390 3972 1404 4020 ;
1423 3972 1589 4013 unam
1607 3958 1849 4025 cmlestia
1866 3960 2078 4030 pariter

489 4058 554 4098 ac
582 4050 824 4108 terrena,
846 4043 1070 4106 Christo
1102 4047 1313 4103 ctelesti
1355 4047 1517 4104 simul
1547 4065 1612 4104 ac
1639 4059 1881 4117 terreno,
1932 4052 2076 4115 divi-

488 4135 681 4191 nitatis
726 4136 1135 4193 confessionem
1194 4154 1260 4195 ac
1321 4140 1703 4201 adorationem
1759 4143 2073 4211 olferentia.

486 4226 862 4294 Quamobrem
886 4229 1088 4300 iubent
1123 4231 1335 4303 superi,
1366 4240 1427 4286 ut
1464 4233 1518 4288 ei
1565 4232 1726 4288 inferi
1758 4234 2075 4299 Divinitatis

486 4320 726 4376 offerant
751 4321 1194 4378 confessionem:
1224 4324 1459 4385 Adorent
1489 4341 1607 4378 eum
1656 4342 1833 4385 omnes
1857 4327 2077 4397 familia:

486 4415 724 4484 gentium
740 4413 808 4469 ⁸⁸.
836 4414 1005 4475 Inferi
1040 4417 1258 4486 superis
1290 4418 1666 4489 respondent:
1701 4418 1934 4474 Adorent
1958 4436 2077 4485 eam

2187 3967 2470 4025 Ὧσαννάο
2485 3966 2710 4036 Εἰρήνη
2727 3966 2797 4021 ἐν
2812 3964 3070 4035 οὐρανῷ,
3083 3964 3183 4019 καὶ
3197 3964 3348 4029 δόξα
3368 3963 3577 4032 erm-{ri
3578 3979 3755 4025 στοις.

2178 4057 2443 4126 Γεγόνασι
2474 4059 2585 4129 γὰρ
2619 4057 2691 4113 τά
2720 4074 2853 4113 ποτε
2890 4056 3085 4128 ἐχθρὰ,
3113 4056 3208 4111 νῦν
3232 4056 3439 4124 ἀδελφά
3464 4072 3479 4085 ο
3543 4053 3677 4124 μίαν
3699 4054 3757 4105 τὰ

2176 4150 2425 4223 οὐράνια,
2456 4151 2552 4203 καὶ
2581 4152 2649 4204 τὰ
2701 4149 2919 4219 ἐπίγεια
2969 4148 3199 4221 Χριστῷ
3247 4146 3324 4219 τῷ
3379 4147 3631 4219 οὐρανίῳ
3672 4144 3755 4199 καὶ

2178 4244 2406 4315 ὲπιγεξῳ
2452 4240 2734 4311 θεολογίαν
2783 4241 3157 4312 προσάγοντα,
3212 4242 3307 4301 καὶ
3359 4238 3752 4310 προσκύνησιν.

2180 4336 2343 4390 Ὅθεν
2365 4334 2645 4404 θεολογίαν
2670 4334 2970 4405 προσάγειν
3020 4334 3069 4386 οἱ
3103 4334 3216 4389 ἀνω
3246 4333 3361 4395 τοῖς
3393 4332 3553 4385 κάτω
3579 4330 3754 4384 διακε-

2179 4429 2428 4483 λεύονται
2456 4445 2470 4458 ·
2499 4426 3114 4497 Προσκυνησάτωσαν
3145 4425 3305 4492 αὐτῷ
3343 4424 3543 4483 πᾶσαι
3571 4427 3633 4477 al
3654 4438 3754 4475 za-

486 4523 667 4568 omnes
697 4508 875 4578 angeli
898 4509 1077 4569 Dei”.
1105 4509 1277 4565 David
1319 4510 1573 4581 utrisque
1604 4512 1838 4571 clamat:
1866 4512 2074 4568 Lwten-

2187 4522 2335 4590 τριαί
2358 4522 2477 4574 τῶν
2502 4518 2713 4574 ἐθνῶν·
2735 4522 2786 4572 οἰ
2813 4518 2965 4573 κάτω
2989 4521 3101 4581 τοῖς
3135 4519 3249 4573 ἀνω
3273 4517 3753 4586 ἀντιφθέγγονταιθ

486 4611 577 4655 tur
625 4601 763 4668 caeli,
809 4611 860 4657 et
912 4603 1139 4660 exsultet
1187 4606 1415 4663 terra“.
1463 4606 1822 4677 Respondent
1877 4608 2074 4678 pueri:

486 4691 746 4749 Hosanna
775 4713 795 4751 :
814 4695 1131 4751 Benedictus
1152 4698 1243 4765 qui
1270 4698 1411 4757 venit
1439 4700 1496 4753 in
1528 4700 1741 4758 nomine
1765 4699 2002 4754 Domini.

2184 4608 2800 4681 Προσκυνησάτωσαν
2831 4609 2994 4675 αὐτῷ
3025 4608 3250 4676 πάντες
3286 4608 3536 4679 ἄγγελοι
3595 4605 3749 4661 Θεοῦ.

2192 4702 2252 4756 ’0
2286 4700 2450 4761 Δαϐὶδ
2478 4704 2587 4764 τοῖς
2614 4700 2950 4771 ἀμφοτέροις
2978 4702 3098 4773 βοᾷο
3127 4701 3685 4772 Εὐφραινέσθωσαν
3704 4697 3749 4749 οι

482 4787 752 4857 οὐρανοὶ,
807 4789 907 4843 καὶ
945 4788 1336 4858 ἁγαλλιάσθω
1394 4792 1434 4860 η
1483 4790 1582 4865 γῆ.
1619 4792 1683 4848 Ol
1736 4791 1924 4856 παῖδες
1970 4794 2329 4870 ἀπεκρίναντο
2351 4811 2366 4825 ·
2426 4793 2726 4848 Ὡσαννάο
2784 4794 3211 4864 Εὐλογημένος
3253 4797 3287 4848 ό
3334 4793 3667 4865 ἐρχόμενος·
3690 4790 3746 4841 ἐν

490 4883 738 4951 ὀνόματι
765 4882 1011 4951 Κυρίου.

556 4976 695 5033 Xlll.
732 4976 871 5033 Cum
925 4979 1129 5050 quibus
1162 4994 1265 5037 nos
1312 4995 1532 5051 quoque
1563 4978 1873 5045 laudemus,
1902 4996 1968 5035 ac
1991 4980 2070 5035 fee

485 5080 626 5123 stam
663 5086 814 5125 nunc
845 5087 1070 5142 agamus
1096 5073 1300 5140 lucem,
1340 5089 1451 5127 non
1494 5073 1828 5144 pompatice,
1858 5074 1955 5129 sed
1987 5074 2074 5131 di-

488 5158 615 5211 vine
639 5175 653 5210 :
680 5157 890 5213 nedum
920 5176 1109 5225 manu,
1136 5161 1235 5216 sed
1281 5168 1338 5217 et
1370 5160 1577 5226 animo,
1628 5161 1937 5230 palmarum
1984 5178 2073 5221 rae

488 5260 610 5300 mos
658 5252 947 5313 tenentes,
980 5263 1219 5318 cumque
1264 5264 1430 5326 supra
1481 5248 1663 5315 nivem
1711 5249 2069 5317 dealbantes,

485 5353 707 5392 omnem
745 5337 924 5407 ipsum
952 5341 1166 5396 veteris
1208 5355 1272 5395 ac
1313 5340 1556 5409 pellicem
1583 5341 1785 5395 tunica:
1818 5342 2069 5397 mortali-

489 5438 676 5497 tatem,
703 5432 853 5486 omni
887 5431 1029 5487 fastu
1076 5448 1140 5487 ac
1187 5433 1426 5488 elatione
1475 5432 1745 5503 deposita,
1782 5450 2073 5490 exuamus.

486 5522 699 5585 Idcirco
747 5526 896 5579 enim
942 5526 1237 5595 spirituum
1285 5540 1403 5591 rex,
1453 5542 1564 5580 non
1615 5526 1671 5580 in
1720 5527 1978 5582 curribus
2019 5536 2076 5583 et

488 5615 827 5673 exercitibus
850 5618 1025 5681 venit,
1052 5618 1151 5673 sed
1178 5619 1381 5673 misero
1398 5634 1463 5673 ac
1488 5619 1583 5674 vili
1615 5620 1769 5689 pullo
1802 5621 2072 5688 insidens,

2240 4978 2483 5047 ll".MeO'
2495 4971 2571 5033 ὧν
2583 4978 2677 5033 καὶ
2688 4978 2850 5050 ἡμεῖς
2864 4978 2962 5043 ᾁνυ
2971 4979 3075 5047 μνή
3082 4993 3285 5047 σωμεν,
3298 4976 3397 5029 καὶ
3414 4977 3736 5047 ἑορτάσωμῖι

2181 5074 2454 5144 σήμερον·
2488 5071 2564 5145 μὴ
2598 5071 3011 5142 πανηγυρικῶς,
3047 5070 3185 5125 ἀλλὰ
3224 5069 3428 5131 θεῖκῶς
3455 5084 3470 5101 ο
3501 5068 3581 5141 μὴ
3608 5069 3734 5140 μόνον

2178 5168 2245 5236 τῇ
2275 5167 2444 5237 χειρὶ,
2466 5164 2604 5219 ἀλλά
2634 5164 2730 5221 καὶ
2765 5167 2835 5236 τῇ
2866 5163 3036 5238 ψυχῇ,
3080 5164 3209 5233 βαΐα
3238 5162 3574 5233 κατέχοντες
3594 5179 3609 5193 ·
3664 5157 3740 5212 καὶ

2179 5256 2387 5328 ταύτην
2426 5258 2568 5328 ὑπὲρ
2621 5259 2776 5328 χιόνα
2825 5257 3212 5319 λευκάναντες,
3260 5256 3447 5308 πᾶσαν
3483 5254 3547 5321 ἐξ
3592 5250 3743 5318 αὐτῆς

2180 5346 2275 5400 τοῦ
2304 5345 2537 5405 παλαιοῦ
2585 5347 2681 5400 καὶ
2714 5345 3041 5417 δερματίνου
3078 5343 3305 5415 χιτῶνος
3360 5345 3465 5414 τὴν
3495 5345 3745 5413 νέκρωσιν

2181 5435 2606 5505 ἀποδυσώμεθα,
2638 5436 2816 5489 πάντα
2844 5434 3013 5505 τύφον
3043 5434 3139 5488 καὶ⁸
3160 5435 3394 5507 ἔπαρσιν
3422 5432 3745 5504 ἁπορρίψαν-

2181 5545 2291 5596 τες.
2327 5528 2426 5581 Διά
2457 5526 2618 5580 τοῦτο
2646 5527 2755 5597 γὰρ
2775 5527 2805 5578 ὁ
2848 5524 3105 5595 βασιλεὺς
3146 5525 3257 5579 τῶν
3299 5524 3632 5593 ἀσωμάτων,
3656 5520 3743 5572 οὐκ

2184 5621 2269 5690 ἐφ’
2296 5618 2560 5689 ἁρμάτων
2611 5618 2707 5671 καὶ
2762 5616 3187 5688 στρατευμάτων
3215 5614 3612 5687 παραγίνεται·
3638 5605 3742 5663 ἀλλ’

557 5730 599 5759 ⁸¹
634 5730 776 5785 Psal.
808 5748 957 5794 XXIII.
990 5734 1041 5787 7.
1119 5734 1163 5765 ⁸³
1203 5734 1361 5788 Joan.
1392 5751 1444 5797 x,
1470 5735 1519 5787 7.
1598 5734 1642 5767 ⁸³
1677 5736 1779 5790 lsa.
1816 5753 1960 5800 mn,
1996 5737 2043 5790 ι.

2187 5736 2307 5789 Luc.
2356 5750 2413 5795 ιι,
2466 5735 2548 5787 ll.
2628 5734 2673 5765 ⁸⁸
2703 5732 2839 5790 Luc.
2889 5749 2999 5798 xxx,
3039 5731 3127 5787 58.
3205 5731 3250 5762 ⁸⁵
3287 5730 3423 5785 Luc.
3477 5743 3617 5797 xxiv,
3655 5720 3733 5777 55-

486 5798 530 5835 '”
566 5800 668 5861 lsa.
700 5818 844 5869 mw,
881 5806 964 5857 12.
1040 5804 1085 5835 ⁸⁵
1118 5805 1259 5860 Ρδίιι.
1287 5822 1404 5871 xcv,
1432 5807 1484 5860 7.
1564 5807 1603 5838 ’κ’
1642 5807 1783 5862 Psal.
1814 5798 1954 5873 λιιι,
1981 5808 2032 5862 8.

2136 5810 2154 5837 ³
2187 5806 2330 5861 Psul.
2358 5820 2478 5869 xcv,
2510 5803 2595 5859 11.
