4018 6514
286 368 433 435 2937

1280 366 1549 429 CAPITA
1586 366 1695 429 VII
1733 366 1832 428 DE
1866 365 2172 431 DUABUS
2208 356 2569 432 NATUBIS.

3394 361 3536 430 2938

290 486 394 543 επὶ
414 481 595 537 πώλου
620 479 839 551 οίκτροῦ
896 480 993 535 καὶ
1016 481 1235 552 μικροῦ
1282 480 1593 552 καθήμενος
1621 479 1862 551 ἔρχεται,

1976 497 2077 551 quo
2103 480 2319 549 doceat,
2346 492 2409 537 ut
2452 497 2541 541 ne:
2576 480 2635 536 in
2680 478 2840 552 equis
2887 486 2946 535 et
2994 475 3181 544 mulis,
3217 476 3402 548 quibus
3430 495 3537 533 non

292 580 361 634 σε
396 574 668 631 παιδεύων
699 572 774 645 μὴ
817 572 904 642 ἐφ’
949 572 1131 627 ἵππων
1168 572 1265 627 καὶ
1303 572 1564 643 ἡμιόνων,
1605 570 1694 639 οἷς
1749 574 1862 626 οὐκ

287 674 430 727 ἐστι
444 667 719 732 σύνεσις,
737 664 1083 736 ἐπαίρεσθαι.
1102 663 1195 718 Διὸ
1222 664 1317 719 καὶ
1341 667 1504 736 ἡμεῖς
1528 663 1867 735 συμμετριάο

291 777 482 832 σωμεν
510 756 753 829 Χριστῷ,
790 756 879 810 ἵνα
909 755 1005 809 καὶ
1036 754 1384 826 συνέλθωμεν
1406 771 1421 786 ·
1457 754 1597 825 μετὰ
1618 753 1867 823 ἀγγέλων

287 852 668 922 ὕμνήσωμενο
715 850 852 919 μετὰ
907 847 1016 902 τῶν
1065 846 1273 901 παίδων
1315 845 1631 915 δοξάσωμεν
1658 862 1672 876 ·
1727 844 1868 915 μετὰ

286 940 393 994 ⁴τοῦ
419 939 578 1010 ὃχλου
610 937 680 994 τὰ
711 936 807 992 τοῦ
840 936 999 1006 ὄχλου
1040 936 1327 1008 βοήσωμεν
1352 951 1367 966 ⁶
1428 934 1569 1005 μετὰ
1598 932 1871 1003 Βηθανίας

298 1032 717 1103 ιςκιρτήσωμεν⁹
763 1028 902 1101 μετὰ
951 1025 1203 1101 Λαζάρου
1239 1027 1351 1082 τῶν
1415 1026 1631 1098 νεκρῶν
1689 1026 1870 1098 ἔργων

288 1119 653 1190 ἀναθέντιῖηριενο
702 1116 844 1188 μετὰ
883 1116 995 1171 τῶν
1045 1118 1104 1171 ὲν
1140 1115 1281 1171 Σιὼν
1323 1116 1692 1188 χορεύσωμενο
1733 1115 1870 1187 μετὰ

290 1212 411 1267 ⁴τῶν
435 1209 850 1281 ἀναὸλεψάντων
865 1209 1082 1279 τυφλῶν
1110 1208 1401 1282 κράξωμεν
1421 1225 1439 1241 ·
1469 1208 1613 1280 μετὰ
1658 1208 1869 1280 νηπίων

163 1362 177 1373 ,
291 1305 400 1365 καὶ
426 1305 698 1377 γερόντων
717 1301 1023 1373 αίνέσωμεν
1039 1318 1057 1335 ο
1082 1303 1223 1373 μετὰ
1243 1302 1500 1374 μαθητῶν
1524 1301 1870 1374 κηρύξωμεψ

290 1394 503 1453 ἐλαιῶν
532 1393 760 1457 κλάδους
796 1392 865 1447 δι’
916 1391 1290 1464 ὲλεημοσύνης
1318 1394 1378 1446 ὲν
1406 1394 1472 1463 τῇ
1499 1390 1596 1446 τοῦ
1628 1390 1746 1463 βίου
1771 1388 1876 1462 όδῷ

291 1487 488 1550 καλῶς
543 1484 982 1556 ὑποστρώσωμεν
1004 1500 1021 1517 ο
1077 1484 1221 1539 κατὰ
1250 1486 1378 1549 τοὺς
1415 1485 1614 1549 παῖδας
1648 1482 1877 1555 περικό-

289 1578 497 1649 ψωμεν
537 1576 640 1647 τῆς
694 1576 964 1635 πολυθλου
1020 1576 1177 1648 ήμῶν
1230 1575 1517 1647 ὑπάρξεως
1548 1574 1640 1627 τὸν
1671 1574 1835 1642 ὄγκον
1859 1588 1876 1604 ·

294 1671 404 1723 καὶ
451 1670 791 1742 ἐλεημοσύνῃ
823 1670 1050 1733 ἑαυτοὺς
1086 1668 1527 1740 ὑποστρώσωμεν
1580 1667 1640 1721 ἐν
1672 1670 1739 1739 τῇ
1773 1666 1881 1739 ὁδῷ

293 1765 377 1832 τῇ
410 1760 645 1834 λεγούσῃ
668 1777 684 1792 ο
728 1761 870 1832 Ἐγώ
902 1763 1021 1831 ειμι
1050 1762 1093 1831 ἠ
1129 1761 1291 1828 ὁδός·
1320 1762 1470 1824 ὅπως
1497 1760 1595 1814 καὶ
1620 1762 1787 1831 ἡμεῖς
1811 1759 1881 1815 δι’

1961 580 2038 627 est
2086 572 2383 628 intellectus
2401 573 2473 639 τί,
2501 571 2773 628 eﬂ'eraris.
2805 568 3043 626 Proinde
3075 584 3177 624 nos
3209 568 3378 624 etiam
3427 584 3538 624 una

1962 678 2089 719 cum
2112 664 2335 720 Christo
2355 663 2679 719 modestiam
2698 662 2965 728 colamus,
2990 668 3053 716 ut
3079 668 3138 715 et
3157 660 3319 716 simul
3346 675 3538 717 ascen-

1963 755 2158 812 damus
2204 771 2221 811 :
2269 770 2397 810 cum
2443 754 2653 825 angelis
2692 767 3052 823 personemus
3096 751 3327 823 hymnos
3371 767 3535 806 :cum

1965 846 2156 919 pueris
2190 847 2599 919 gloriﬁcemus:
2628 860 2756 902 cum
2808 845 2992 910 turba,
3046 843 3237 899 eadem
3296 858 3361 898 ac
3424 843 3542 912 ipsa

1967 939 2268 996 clamemus
2290 955 2305 993 :
2327 953 2454 995 cum
2474 936 2741 993 Bethania
2768 935 3108 992 exsultemus
3129 952 3144 990 :
3170 952 3295 992 cum
3312 927 3542 1001 Lalaro,

1968 1032 2041 1088 ab
2069 1032 2334 1103 operibus
2369 1031 2605 1087 mortuis
2656 1044 3040 1101 resurgamus:
3074 1045 3199 1085 cum
3231 1029 3413 1085 Sionis
3456 1028 3546 1084 ἰη-

1970 1124 2109 1181 colis
2165 1125 2368 1179 choros
2411 1122 2715 1195 agitemus:
2751 1136 2878 1178 cum
2936 1120 3095 1176 caecis
3141 1121 3344 1191 quibus
3393 1120 3547 1175 visus

1970 1216 2258 1273 restitutus
2304 1215 2433 1281 fuit,
2477 1216 2813 1272 clamemus:
2844 1230 2969 1271 cum
3017 1211 3207 1285 pueris
3233 1220 3292 1268 et
3322 1211 3547 1269 senibus

1971 1306 2299 1364 laudemus:
2329 1324 2456 1364 cum
2487 1307 2776 1379 discipulis
2804 1307 3165 1378 pradicemus
3198 1324 3213 1360 :
3238 1320 3423 1361 ramos
3445 1302 3549 1358 oli-

1974 1411 2165 1450 varum
2195 1412 2294 1467 per
2322 1396 2758 1453 misericordiam
2786 1397 2843 1451 in
2872 1396 2999 1452 vita:
3028 1396 3225 1451 itinere
3246 1408 3547 1466 puerorum

1977 1501 2134 1542 more
2162 1487 2267 1542 rite
2306 1496 2617 1544 sternamus
2643 1506 2656 1543 :
2688 1488 3148 1545 circumcidamus
3179 1488 3340 1559 longe
3378 1494 3551 1543 mate-

1979 1578 2133 1633 rialis
2184 1588 2384 1634 nostra:
2432 1579 2754 1635 substantia:
2799 1581 3023 1645 molem,
3076 1594 3286 1650 nosque
3333 1577 3552 1634 miseri-

1979 1671 2183 1727 cordia:
2232 1672 2291 1726 in
2327 1671 2414 1726 via
2447 1672 2884 1740 substernamus,
2934 1689 3056 1745 qua:
3083 1672 3253 1729 dicit:
3295 1672 3409 1743 Ego
3432 1688 3551 1725 sum

1979 1764 2121 1819 via"
2146 1779 2161 1818 :
2194 1772 2255 1819 ut
2286 1774 2342 1820 et
2380 1779 2482 1820 nos
2507 1780 2608 1834 per
2636 1780 2756 1821 eam
2780 1773 2840 1820 et
2866 1780 2989 1820 cum
3026 1780 3091 1820 ea
3113 1762 3550 1819 misericordiam

298 1855 484 1925 αὐτῆς
513 1853 764 1927 εὕρωμεν
790 1855 944 1919 ἕλεος
975 1855 1107 1926 παρ’
1136 1854 1326 1925 αὐτῆς,
1349 1853 1445 1907 καὶ
1477 1852 1575 1907 σὺν
1614 1853 1753 1923 αὐτῇ
1786 1855 1867 1911 εἰς

1981 1854 2331 1909 inveniamus
2357 1854 2414 1910 in
2438 1870 2675 1926 superna
2703 1856 3026 1913 Jerusalem.
3051 1855 3109 1909 In
3131 1870 3390 1926 magnum
3415 1854 3552 1909 illud

294 1946 409 2016 τὴν
441 1945 552 2000 ἄνω
584 1945 960 2018 Ἰερουσαλήμ.
996 1946 1090 2009 Εἰς
1117 1944 1177 1998 τὸ
1204 1945 1347 2016 ἱερὸν
1382 1945 1444 1997 τὸ
1470 1944 1615 2014 μέγα
1652 1961 1871 1998 συνεισ-

296 2038 577 2107 ἐλοωμεν,
608 2039 703 2092 καὶ
731 2038 781 2091 οἱ
807 2038 1159 2108 προάγοντες,
1200 2037 1297 2090 καὶ⁸
1350 2036 1401 2089 οἱ
1433 2035 1873 2098 ἀκολουθοῦντες·

297 2131 365 2181 οἱ
395 2132 726 2199 προάγοντες
753 2129 875 2201 μὲν,
901 2131 950 2181 οἱ
985 2130 1042 2183 ὲν
1069 2130 1137 2200 τῇ
1166 2128 1326 2200 τρίτῃ
1362 2127 1503 2199 ῶρᾳ,
1534 2126 1629 2181 καὶ
1662 2128 1711 2179 οἱ
1747 2129 1879 2180 ἁκο-

299 2220 656 2284 λουθοῦντες,
684 2222 736 2275 οί
769 2222 899 2292 περὶ
932 2218 1056 2291 τὴν
1104 2221 1435 2290 ἑνδεκάτην·
1494 2220 1590 2273 καὶ
1649 2218 1701 2272 οἱ
1746 2234 1884 2290 προ-

302 2313 543 2380 άγοντες
568 2313 656 2366 διὰ
684 2312 957 2383 πράξεων,
994 2313 1087 2367 καὶ
1107 2314 1157 2367 οί
1188 2311 1605 2375 ἀκολουθοῦντες
1632 2310 1719 2364 διὰ
1752 2326 1887 2381 προ-

304 2404 542 2469 θέσεως,
573 2404 810 2468 ᾶπαντες
859 2403 1006 2478 [σὺν]
1037 2403 1257 2475 Χριστῷ
1277 2402 1329 2471 ἀ,
1362 2404 1411 2457 οι
1457 2403 1613 2457 αὐτοὶ
1653 2417 1885 2455 συνακοο

305 2496 660 2561 λουθοῦντες,
719 2497 814 2550 καὶ
867 2495 1334 2565 ἀκολουθήσαντες
1387 2492 1883 2566 συμϐασιλεύοντες

307 2585 493 2656 αὐτῷ,
522 2587 616 2639 καὶ
644 2586 753 2638 τῶν
787 2585 1021 2643 αἰωνίων
1056 2584 1277 2653 ἀγαθῶν
1305 2583 1695 2646 ἀπολαύοντες,
1724 2582 1886 2649 δόξαν

312 2677 419 2731 καὶ
475 2677 847 2748 μεγαλοσύνην
900 2676 1335 2747 ἀναπέμψωμεν,
1394 2675 1511 2745 ἅμα
1566 2675 1646 2745 τῷ
1686 2674 1882 2745 Πατρὶ,

314 2770 420 2822 καὶ
463 2767 542 2838 τῷ
585 2769 833 2840 παναγίῳ
876 2770 972 2822 καὶ
1017 2766 1267 2837 ζωοποιῷ
1307 2766 1623 2837 Πνεύματι,
1665 2766 1761 2819 νῦν
1792 2767 1886 2819 καὶ

317 2856 435 2923 ἀεὶ,
464 2858 558 2911 καὶ
593 2860 673 2921 είς
703 2858 829 2922 τοὺς
850 2860 1049 2921 αἰῶνας
1074 2857 1182 2911 τῶν
1206 2856 1440 2911 αἰώνων.
1515 2858 1708 2927 ’Δμήν.

397 2996 441 3030 ’⁸
481 2995 626 3051 Psal.
660 3013 807 3062 xxxi,
833 2998 888 3054 9.
950 2999 997 3030 ”
1023 2997 1181 3054 Joau.
1207 3012 1320 3064 xxv,
1349 2996 1407 3053 6.

1979 1946 2242 2015 templum
2278 1945 2485 2015 pariter
2523 1946 2916 2018 ingrediamur,
2967 1955 3083 2003 tum
3140 1949 3237 2018 qui
3290 1946 3555 2018 precedi-

1982 2050 2129 2101 mus,
2161 2044 2278 2091 tum
2310 2037 2404 2106 qui
2431 2038 2752 2107 sequimur:
2783 2039 2878 2109 qui
2921 2039 3313 2110 praecedimus,
3346 2039 3440 2110 qui
3465 2038 3553 2093 ni-

1984 2126 2182 2179 mirum
2208 2127 2342 2181 hora
2385 2131 2575 2184 tertia:
2601 2139 2657 2185 et
2682 2131 2777 2200 qui
2804 2132 3090 2201 sequimur
3112 2173 3126 2198 ,
3156 2131 3252 2201 qui
3276 2132 3423 2187 circa
3453 2147 3557 2186 un-

1987 2216 2300 2272 decimam:
2358 2219 2475 2288 qui,
2522 2219 2771 2291 inquam,
2828 2237 2927 2292 per
2982 2230 3103 2277 acta
3156 2222 3555 2292 praecedimus;

1989 2307 2195 2378 quique
2244 2311 2530 2381 sequimur
2579 2328 2677 2383 per
2718 2314 3058 2384 propositum
3116 2314 3323 2382 animi;
3366 2330 3559 2370 omnes

1987 2396 2228 2468 Christo,
2251 2402 2303 2457 ei
2331 2418 2480 2459 iiunc
2498 2420 2563 2461 ac
2580 2405 2713 2461 olim
2750 2407 3001 2473 comites,
3025 2423 3151 2464 cum
3177 2408 3297 2479 ipso
3326 2422 3560 2479 regnan-

1990 2502 2110 2559 tes,
2159 2509 2225 2549 ac
2276 2495 2629 2567 sempiternis
2674 2497 2836 2554 bonis
2895 2498 3166 2564 fruentes,
3214 2497 3445 2568 gloriam
3494 2512 3559 2551 ac

1989 2583 2449 2654 magniﬁcentiam
2502 2588 2933 2653 submittamus,
2996 2606 3105 2643 una
3170 2604 3297 2645 cum
3372 2588 3558 2651 Patre,

1989 2675 2447 2749 sanctissimeque
2474 2695 2539 2733 ac
2560 2680 2781 2735 viviﬁco
2811 2680 3044 2749 Spiritu,
3069 2696 3217 2735 nunc
3241 2687 3300 2735 et
3320 2692 3557 2749 semper.

1988 2776 2047 2823 et
2075 2767 2129 2823 in
2154 2770 2351 2825 saecula
2375 2772 2721 2828 saeculorum.
2753 2774 2950 2828 Amen.

1592 3086 1831 3155 VARIIE
1866 3089 2162 3149 LECTION
2172 3092 2280 3151 ES.

398 3158 428 3204 (ι
458 3160 697 3233 Χριστῷ.
726 3162 858 3234 Leg.
889 3162 969 3235 τῷ
995 3164 1240 3236 Χριστῷ.

326 3354 3547 3398 W

721 3528 1021 3647 ΤΟΥ
1130 3520 2326 3646 ΜΑΚΑΡΙΩΤΑΤΟΥ
2430 3514 3194 3639 ΕΥΛΟΓΙΟΥ

1557 3744 1760 3798 ΠΑΠΑ
1798 3737 2133 3798 ΔΛΕΞΑΝΔ
2142 3738 2365 3795 ΡΕΙΑΣ

483 4087 639 4143 ΠΕΡΙ
668 4089 805 4144 ΤΩΝ
832 4090 964 4146 ΔΥΟ
992 4089 1260 4149 ΦΥΣΕΩΝ
1289 4090 1425 4147 ΤΟΥ
1466 4088 1730 4147 ΚΥΡΙοΥ
1763 4088 1887 4151 ΚΑΙ
1922 4083 2106 4142 ΘΕΟΥ
2140 4085 2275 4141 ’ΚΑΙ
2307 4081 2623 4139 ΣΩΤΗΡΟΣ
2652 4079 2853 4141 ΗΜΩΝ
2881 4076 3090 4135 ΙΗΣοΥ
3110 4071 3429 4132 ΧΡΙΣΤΟΥ.

1928 4253 2003 4274 ῳ

1218 4427 2021 4546 BEATISSIMI
2131 4423 2715 4543 EULOGII

1603 4649 1815 4709 PAP£
1845 4645 2331 4708 ALEXANDRINI

1380 4847 1796 4941 CAPITA
1827 4824 1951 4911 (³⁵)
2018 4838 2478 4934 SEPTEM

459 5045 555 5115 DE
598 5042 895 5111 DUABUS
942 5038 1273 5109 NATURIS
1312 5038 1577 5101 DOMINI
1619 5036 1895 5113 DEIQUE
1946 5038 2037 5100 AC
2077 5032 2549 5099 SALVATORIS
2602 5030 2881 5099 NOSTRI
2930 5030 3110 5094 JESU
3157 5030 3479 5095 CHRISTI.

1526 5202 1799 5266 Interprete
1819 5200 2091 5261 Famasco
2122 5200 2423 5252 COIBﬂ'lSlO.

421 5480 501 5538 A'.
523 5483 585 5537 Εί
607 5485 737 5554 μιᾶς
752 5483 965 5555 φύσεως
982 5483 1122 5554 μετὰ
1148 5480 1248 5554 τὴν
1267 5483 1459 5547 ἐνωσιν
1481 5481 1729 5552 ὁΚῦριος
1755 5479 1910 5551 ἡμῶν
1936 5484 1985 5546 c
2082 5478 2124 5534 1.
2169 5476 2226 5534 Si
2252 5477 2417 5533 unius
2445 5485 2659 5532 natura:
2690 5483 2816 5548 post
2876 5473 3138 5530 unionem
3186 5478 3272 5525 est
3323 5465 3589 5524 Dominus

364 5573 572 5645 Ἰησοῦς
598 5574 833 5648 Χριστός
867 5578 1034 5644 ἐστιν,
1066 5576 1209 5642 εἰπὲ,
1245 5574 1441 5643 ποίας;
1485 5574 1584 5645 τῆς
1614 5572 1910 5645 λαϐούσης,

2016 5581 2207 5629 noster
2236 5573 2396 5628 Jesus
2423 5570 2678 5627 Christus
2698 5609 2715 5636 ,
2771 5584 2926 5640 rogo,
2958 5562 3280 5637 cujusnam?
3319 5561 3440 5632 ejus
3466 5573 3590 5628 qua:

427 5716 541 5786 (15)
575 5718 803 5793 Exstant
848 5719 987 5793 haec
1011 5724 1219 5793 septem
1273 5716 1463 5793 _(_Japi_ta
1497 5718 1673 5793 sancti
1705 5718 1917 5791 Eulogii
1954 5720 2099 5779 inter
2116 5717 2379 5793 opuscula
2423 5715 2725 5789 theologica
2764 5700 2938 5775 sancti
2976 5708 3190 5773 Maximi
3231 5701 3584 5772 confessoris.

354 5786 493 5863 Opp.
521 5796 654 5854 tum.
684 5789 747 5857 ll,
786 5805 940 5871 pagg.
968 5786 1199 5865 “Ei—seq.
1220 5786 1807 5856 editiCombt-ﬁsiamu,
