4018 6528
551 359 696 424 2039

1566 368 1631 430 S.
1667 364 1986 426 EULOGII
2020 364 2375 429 ARCHIEP.
2414 365 2791 430 ALEXAND.

3668 370 3784 440 2940

548 475 868 546 assumpsit,
901 485 997 531 aut
1042 492 1165 547 qum
1218 486 1502 548 assumpta
1547 482 1674 536 est?
1718 482 1923 551 quidve
1966 482 2131 538 altera

2241 486 2274 558 ἢ
2304 485 2404 557 τῆς
2432 485 2772 557 Moesiam;
2831 483 2928 540 καὶ
2981 485 3036 538 τί
3078 483 3306 555 γέγονεν
3343 486 3378 558 ἡ
3414 485 3616 558 ἑτέρας
3664 495 3705 545 εἰ
3739 498 3783 550 δὲ

548 568 753 625 factum
773 570 900 624 est?
924 568 1021 624 Sin
1062 577 1249 625 autem
1297 573 1565 628 exsistant
1604 575 1801 641 ambae,
1853 576 2134 645 quomodo

550 670 683 717 sunt
740 677 873 726 una,
901 660 1009 715 nisi
1041 676 1109 715 ex
1139 661 1405 717 ambabus
1458 679 1567 717 una
1624 665 1929 735 composita
1990 666 2135 721 facta

550 756 678 812 est?
706 754 803 810 Sin
826 762 1009 817 autem
1040 770 1101 809 se
1140 770 1231 810 res
1268 754 1348 809 sic
1372 754 1558 819 habet,
1599 757 1878 826 quomodo
1902 772 2016 811 non
2045 757 2133 812 di-

549 864 725 904 versae
751 848 1072 903 substantia:
1089 848 1343 904 Christus
1366 863 1397 903 a
1417 849 1601 915 Patre,
1622 849 1719 919 qui
1736 850 1919 905 omnis
1935 865 2135 920 expers

550 943 969 1012 compositionis
1002 943 1124 997 est?

621 1036 688 1092 ll.
731 1035 787 1090 Si
821 1051 1104 1105 nunquam
1138 1035 1379 1106 duplicis
1413 1043 1627 1090 natura:
1654 1036 1923 1092 Dominus
1943 1046 2137 1093 noster

549 1130 712 1185 Jesus
747 1130 1001 1186 Christus
1035 1130 1254 1201 agnitus
1305 1139 1411 1195 est,
1460 1130 1737 1199 quomodo
1791 1140 1974 1201 potest
2024 1131 2134 1188 dici

549 1224 834 1279 Christum
890 1231 1014 1293 post
1074 1223 1336 1278 unionem
1383 1224 1549 1277 unius
1597 1237 1721 1278 esse
1777 1233 2009 1289 naturae,
2040 1234 2136 1281 aut

551 1317 720 1372 etiam
745 1331 970 1386 prorsus
993 1315 1303 1385 nuncupari
1333 1315 1506 1370 unio?
1532 1314 1629 1371 Sin
1681 1325 1868 1371 autem
1896 1316 2032 1372 ﬁdes
2052 1325 2136 1373 est

551 1408 724 1464 fuisse
751 1407 1032 1463 Christum
1061 1408 1301 1478 duplicis
1332 1418 1566 1475 natura,
1615 1410 1724 1474 dic,
1766 1426 1919 1482 rogo,
1955 1427 2136 1481 quan-

552 1498 754 1554 donam
811 1499 1064 1555 Christus
1110 1508 1229 1555 erat
1280 1500 1519 1571 duplicis
1564 1510 1795 1568 naturae,
1826 1518 1890 1557 ac
1915 1503 2135 1574 quando

553 1591 720 1646 unius
752 1591 969 1646 factus?

624 1683 713 1737 Ill.
763 1683 1093 1753 Ejusdemne
1138 1685 1284 1740 Deus
1312 1684 1551 1740 Verbum
1612 1702 1739 1742 cum
1771 1704 1935 1743 carne
1960 1690 2029 1744 ab
2066 1705 2134 1745 eo

551 1786 829 1845 assumpta
862 1777 1186 1832 substantiae
1240 1787 1346 1844 est,
1395 1795 1467 1833 an
1518 1779 1790 1835 diversaa?
1819 1783 1909 1847 At,
1933 1783 1977 1836 si
2006 1784 2133 1853 qui-

2239 577 2578 649 ύπὰρχουσιν
2602 578 2937 649 ἀμφότεραι,
2977 576 3097 641 πῶς
3126 576 3247 649 μία,
3290 580 3344 632 εἰ
3391 579 3469 649 μὴ
3499 579 3559 645 ἐξ
3580 582 3784 653 ἀμφοτέ.

2241 689 2350 741 ρων
2383 672 2481 742 μία
2512 670 2848 742 ἀπετελέσθη
2882 669 3180 737 σύνθετος;
3235 672 3286 724 εἰ
3348 671 3411 725 δὲ
3468 673 3643 740 τοῦτο,
3690 680 3782 744 πῶς

2236 764 2337 835 οὐχ
2375 764 2712 836 ἑτεροούσιος
2742 766 2771 818 6
2806 764 3067 835 Χριστὸς,
3116 763 3211 818 τοῦ
3262 763 3487 837 Πατρὸς
3526 767 3783 826 ἀσυνθέτιυ

2236 853 2576 925 ὑπάρχοντος
2596 870 2612 920 ;
3049 870 3055 881 ’

2305 1031 2382 1085 B'.
2403 1031 2467 1083 Ei
2496 1029 2750 1085 οὐδέποτε
2774 1028 2867 1084 δύο
2886 1029 3099 1101 φύσεων
3118 1031 3148 1083 6
3170 1029 3382 1102 Κύριος
3417 1030 3573 1103 ἡμῶν
3611 1033 3779 1105 Ἰησοῦς

2235 1121 2473 1191 Χριστὸς
2494 1120 2844 1192 ὡμολόγηται
2894 1120 2990 1186 ὢν,
3022 1121 3144 1187 πῶς
3194 1124 3429 1177 δυνατὸν
3476 1126 3652 1193 λέγειν
3683 1133 3785 1196 μιᾶς

2240 1214 2379 1285 μετὰ
2422 1213 2523 1285 τὴν
2565 1212 2762 1268 ἕνωσιν
2809 1214 2903 1268 τὸν
2957 1215 3219 1286 Χριστὸν,
3253 1215 3287 1288 ἦ
3330 1216 3435 1270 καὶ
3481 1217 3614 1283 ὅλως
3640 1219 3783 1290 λέγειν

2234 1304 2467 1371 ἓνωσινς
2517 1306 2565 1358 εἰ
2620 1305 2679 1358 δὲ
2731 1304 3081 1376 ὡμολόγηται
3125 1308 3155 1359 6
3197 1306 3447 1377 Χριστὸς
3481 1307 3571 1361 δύο
3607 1310 3785 1377 φύσεων

2235 1397 2538 1466 γεγονέναι,
2570 1397 2693 1451 εἰπὲ
2738 1398 2870 1451 πότε
2905 1397 2999 1452 δύο
3034 1397 3251 1470 φύσεων
3282 1395 3356 1472 ἢν
3383 1400 3413 1453 6
3442 1401 3685 1470 Χριστὸς,
3714 1410 3784 1459 καὶ

2235 1490 2367 1544 πότε
2395 1491 2621 1559 γέγονεν
2652 1490 2716 1544 ἐκ
2741 1491 2871 1561 μιᾶς
2898 1508 2914 1557 ;

2302 1665 2380 1721 I".
2396 1668 2716 1737 Ὀμοούσιος
2742 1670 2770 1722 6
2785 1666 2916 1731 Θεὸς
2931 1666 3103 1737 Λόγος
3120 1670 3187 1741 τῇ
3210 1667 3349 1739 παρ’
3367 1667 3538 1722 αὑτοῦ
3558 1668 3780 1743 modum

2237 1759 2422 1829 σαρκὶ,
2453 1759 2486 1826 ἢ
2522 1758 2859 1829 ἑτεροούσιος
2887 1777 2902 1826 ;
2925 1760 3040 1814 ἀλλ’
3064 1760 3113 1812 εὶ
3146 1760 3245 1830 μὲν
3269 1758 3585 1830 ὀμοούσιος,
3609 1762 3711 1825 πῶς
3735 1766 3779 1816 οὐ

552 1868 676 1922 dem
712 1868 958 1939 ejusdem
1007 1878 1111 1933 est,
1157 1871 1435 1939 quomodo
1487 1871 1731 1927 Trinitas
1775 1889 1886 1928 non
1935 1852 2131 1930 elfccta

2234 1852 2426 1921 γέγονε
2456 1853 2654 1924 τετρὰς
2680 1854 2712 1924 ἡ
2743 1853 2914 1925 Τριὰς
2936 1869 2951 1919 ;
2981 1853 3030 1907 εἰ
3050 1853 3477 1924 δὲὲτεροούσιος
3499 1854 3534 1924 ἡ
3566 1853 3689 1926 σὰρξ
3710 1856 3776 1909 τοῦ

550 1962 894 2030 quaternitas
925 1964 1044 2017 est?
1087 1962 1180 2017 Sin
1217 1973 1400 2019 autem
1435 1981 1564 2020 caro
1600 1965 1830 2021 diversae
1877 1968 2135 2022 substan-

550 2051 641 2103 tiae
670 2064 700 2103 a
737 2050 848 2103 Deo
886 2050 1063 2106 Verbo
1111 2062 1215 2118 est,
1248 2053 1526 2123 quomodo
1574 2054 1830 2112 Christus
1869 2071 1980 2110 non
2030 2056 2133 2110 du-

548 2138 711 2208 plicis
747 2148 833 2193 est
860 2148 1070 2195 natura:
1092 2141 1114 2195 ?

617 2239 708 2295 IV.
742 2240 884 2297 Sunt
926 2242 1021 2312 qui
1054 2259 1219 2298 unam
1270 2243 1368 2299 Dei
1396 2244 1559 2300 Verbi
1595 2255 1848 2300 naturam
1878 2246 2133 2302 incarna-

548 2343 659 2387 tam
708 2334 900 2388 dicunt
945 2334 1094 2406 (16):
1141 2336 1387 2391 arbitror
1432 2346 1615 2392 autem
1668 2354 1765 2392 vos
1800 2355 2020 2409 quoque
2052 2341 2133 2396 sic

549 2426 757 2481 dicere.
786 2427 856 2480 At
886 2429 1056 2491 enim,
1092 2429 1136 2483 si
1180 2429 1288 2484 hoc
1337 2430 1412 2484 ita
1467 2431 1904 2503 intelligendum,
1930 2446 1992 2489 ut
2024 2451 2132 2490 una

547 2518 621 2574 sit
650 2519 747 2573 Dei
779 2535 842 2574 ac
886 2520 1072 2575 carnis
1116 2521 1458 2589 substantia;
1494 2540 1733 2593 quonam
1789 2528 1952 2583 modo
2011 2528 2128 2583 ﬁeri

547 2619 731 2681 potest
776 2621 835 2666 ut
875 2612 1019 2667 idem
1052 2623 1297 2669 creatum
1341 2616 1415 2671 sit
1452 2633 1577 2672 cum
1604 2618 1871 2687 increato,
1905 2631 1959 2676 et
1982 2622 2130 2692 quod

547 2712 633 2759 est
666 2704 1068 2772 sempiternum
1100 2722 1225 2761 cum
1258 2723 1325 2762 eo
1361 2709 1508 2778 quod
1560 2712 1792 2780 tempori
1822 2713 2130 2783 subjectum

547 2796 671 2849 est?
696 2796 793 2850 Sin
827 2805 1011 2851 autem
1036 2796 1265 2864 idcirco,
1294 2799 1443 2869 quod
1472 2816 1583 2855 una
1606 2810 1803 2856 natura
1831 2801 2032 2856 habeat
2054 2803 2131 2856 al-

546 2895 746 2953 teram,
772 2894 865 2941 aut
895 2888 963 2943 ab
992 2889 1165 2943 altera
1199 2889 1492 2955 habeatur,
1524 2892 1647 2961 quis
1690 2907 1856 2945 unam
1881 2902 1937 2947 et
1962 2907 2131 2948 unam

545 2994 660 3033 non
680 2979 836 3043 duas,
871 2979 967 3034 sed
992 2997 1158 3035 unam
1182 2982 1449 3051 appellari
1473 2982 1655 3038 ferat?

624 3069 685 3126 V.
711 3072 767 3126 Si
794 3089 903 3127 una
938 3082 1136 3128 natura
1174 3074 1271 3128 Dei
1306 3074 1474 3130 Verbi
1524 3084 1581 3130 et
1620 3075 1822 3142 Patris,
1848 3077 2129 3147 quomodo

546 3177 660 3219 non
702 3179 810 3218 uua
841 3173 1039 3219 natura
1068 3166 1166 3220 Dei
1197 3165 1361 3221 Verbi
1392 3175 1447 3221 et
1475 3166 1654 3223 Patris
1681 3176 1738 3223 et
1766 3169 1990 3225 carnis?

621 3342 709 3397 Vl.
737 3341 794 3397 Si
818 3342 971 3396 nulla
1002 3339 1216 3396 ratione
1244 3340 1390 3395 Deus
1415 3340 1658 3396 Verbum
1707 3352 1766 3399 et
1820 3357 1949 3398 caro
1999 3352 2130 3400 sunt

549 3435 681 3501 duo,
723 3435 998 3505 quomodo
1029 3451 1140 3489 non
1192 3433 1342 3489 omni
1385 3433 1597 3489 ratione
1625 3433 1770 3489 Deus
1804 3432 2045 3490 Verbum
2074 3443 2132 3491 et

550 3544 679 3584 caro
715 3544 889 3582 unum
934 3529 1096 3583 sunt?
1137 3528 1236 3594 Ac,
1268 3527 1313 3583 si
1344 3526 1569 3597 quidem
1617 3527 1766 3582 Deus
1796 3526 2037 3583 Verbum
2075 3537 2132 3583 et

549 3636 680 3677 caro
710 3621 859 3674 omni
904 3621 1118 3675 ratione
1177 3619 1325 3674 idem
1387 3626 1537 3685 sunt,
1580 3618 1857 3688 quomodo
1887 3619 2131 3675 Verbum

550 3728 681 3769 caro
710 3729 821 3767 non
852 3712 980 3779 erit,
1010 3721 1069 3767 et
1099 3726 1227 3767 caro
1253 3711 1517 3776 Verbum,
1568 3710 1829 3781 Patrique
1856 3720 2130 3767 coaeterna

550 3815 609 3862 et
644 3805 1135 3861 consubstantialis
1190 3803 1339 3859 haud
1373 3818 1534 3858 secus
1573 3818 1639 3858 ac
1676 3801 1824 3858 Deus
1850 3803 2131 3859 Verbum?

550 3898 649 3953 Sin
688 3907 875 3953 autem
922 3913 1033 3952 non
1076 3896 1227 3951 omni
1269 3895 1433 3950 modo
1468 3895 1613 3949 Deus
1650 3894 1891 3950 Verbum
1915 3902 1973 3949 et
2002 3909 2131 3949 caro

2235 1944 2371 1999 Θεοῦ
2412 1945 2613 2014 Λόγου,
2658 1945 2775 2009 πῶς
2805 1945 2867 1999 οὐ
2894 1945 2990 2000 δύο
3020 1945 3239 2016 φύσεων
3261 1945 3291 1998 6
3322 1945 3603 2016 Χριστός;

2303 2228 2379 2283 Δ’.
2410 2228 2556 2283 Μίαν
2575 2227 2735 2298 φύσιν
2748 2225 2841 2282 τοῦ
2857 2226 2992 2281 Θεοῦ
3017 2227 3193 2295 Λόγον
3230 2228 3656 2298 σεσαρκωμὲνην
3676 2225 3778 2294 φασί

2231 2339 2377 2387 τινες
2399 2339 2413 2353 ·
2444 2318 2600 2392 οἶμαι
2628 2320 2685 2374 δὲ
2716 2321 2811 2374 καὶ
2841 2320 2988 2391 ὑμᾶς
3021 2318 3165 2374 οὓτω
3203 2319 3415 2387 λέγειν.
3463 2318 3602 2371 Ἀλλ’
3628 2319 3673 2371 εἰ
3702 2320 3779 2390 μὲν

2236 2417 2365 2488 μιᾶς
2391 2415 2582 2479 οὐσίας
2610 2414 2705 2467 τοῦ
2746 2413 2883 2467 Θεοῦ
2910 2413 3003 2466 καὶ
3029 2413 3131 2483 τῆς
3158 2411 3367 2482 σαρκὸς
3385 2410 3545 2465 τοῦτο
3571 2411 3775 2481 νοητέον,

2232 2510 2350 2574 πῶς
2383 2503 2496 2563 οἷόν
2523 2525 2584 2561 τε
2628 2508 2691 2560 τὸ
2720 2505 2938 2560 κτιστὸν
2980 2504 3060 2576 τῷ
3097 2504 3368 2576 ἀκτίστῳ,
3403 2506 3502 2558 καὶ
3538 2503 3598 2557 τὸ
3643 2504 3775 2559 ἀΐδιον

2230 2603 2310 2674 τῷ
2335 2603 2439 2655 ὑπὸ
2476 2601 2665 2673 χρόνον
2696 2597 2837 2654 εἶναι
2876 2600 3111 2666 ταυτόν;
3147 2600 3196 2653 ει
3225 2597 3285 2651 δὲ
3328 2597 3407 2661 ὡς
3446 2598 3576 2668 μιᾶς
3597 2597 3772 2668 φύσεως

2232 2695 2462 2767 ἐχούσης
2486 2692 2705 2765 ἑτέραν,
2739 2692 2775 2764 ἢ
2808 2692 3076 2764 ἐχομένης
3106 2690 3197 2761 ὑφ’
3230 2691 3455 2764 ἐτέρας,
3489 2688 3570 2753 τίς
3600 2688 3771 2742 omissi

2235 2787 2366 2860 μίαν
2394 2788 2490 2842 καὶ
2518 2785 2670 2859 μίαν,
2706 2784 2770 2840 ού
2802 2783 2918 2852 δύο,
2950 2783 3090 2839 ἀλλὰ
3135 2783 3266 2855 μίαν
3288 2783 3469 2837 εἰπεῖν
3497 2797 3514 2849 ;

2301 3067 2378 3123 E'.
2403 3067 2467 3121 Ei
2506 3065 2605 3139 μία
2632 3064 2794 3136 φύσις
2826 3063 2922 3119 τοῦ
2960 3063 3094 3119 Θεοῦ
3117 3063 3293 3134 Λόγου
3317 3062 3416 3119 καὶ
3445 3060 3538 3117 τοῦ
3562 3059 3757 3131 Πατρὸς,

2233 3158 2351 3223 πῶς
2377 3160 2438 3213 οὐ
2489 3160 2587 3231 μία
2615 3159 2776 3230 φύσις
2807 3158 2901 3212 τοῦ
2939 3157 3077 3212 Θεοῦ
3118 3157 3299 3226 Λόγον
3343 3155 3445 3210 καὶ
3474 3153 3565 3209 τοῦ
3591 3152 3759 3224 Πατρὸς

2233 3250 2328 3301 καὶ
2354 3248 2454 3319 τῆς
2483 3248 2685 3319 σαρκός
2708 3265 2723 3313 ;

2305 3344 2397 3409 Cl".
2418 3342 2481 3396 Εῑ
2510 3343 2631 3395 κατ’
2649 3340 2802 3394 οὐδὲν
2823 3340 2915 3394 δύο
2942 3342 2971 3395 6
2988 3340 3120 3404 Θεὸς
3139 3339 3314 3409 Λόγος
3340 3341 3435 3395 καὶ
3460 3339 3494 3411 ἡ
3522 3333 3762 3410 σὰρξ,πῶς

2232 3435 2294 3489 οὐ
2316 3435 2458 3490 κατὰ
2489 3435 2668 3490 πάντα
2720 3434 2778 3488 ἓν
2816 3437 2844 3490 6
2865 3435 3008 3499 Bch;
3053 3435 3225 3504 Λόγος
3250 3434 3351 3490 καὶ
3379 3435 3415 3506 ἡ
3447 3431 3607 3504 σάρξ;
3628 3428 3705 3483 καὶ
3726 3428 3761 3479 εἰ

2234 3526 2379 3583 κατὰ
2408 3529 2587 3583 πάντα
2616 3527 2675 3582 ἓν
2697 3528 2726 3581 6
2763 3526 2900 3592 Θεὸς
2935 3527 3107 3596 Λόγος
3162 3529 3259 3581 καὶ
3286 3528 3324 3599 ἡ
3372 3525 3526 3597 σὰρξ,
3562 3523 3663 3584 πῶς
3688 3518 3762 3572 οὐκ
3788 3556 3792 3563 ι

2235 3620 2387 3675 ἔσται
2423 3621 2453 3673 6
2484 3620 2656 3690 Λόγος
2679 3620 2838 3692 σὰρξ,
2870 3621 3022 3690 καὶὴ
3058 3618 3194 3690 σὰρξ
3245 3617 3441 3689 Λόγος,
3486 3614 3576 3670 καὶ
3614 3609 3761 3666 συναΐ-

2233 3712 2346 3775 διος
2372 3710 2451 3782 τῷ
2480 3711 2683 3782 Πατρὶ,
2714 3712 2809 3765 καὶ
2850 3708 3137 3782 ὁμοούσιος
3178 3709 3255 3773 ὡς
3279 3709 3308 3762 6
3353 3708 3486 3772 Θεὸς
3518 3703 3698 3772 Λόγος;
3723 3697 3760 3750 εξ

2232 3806 2288 3859 δὲ
2313 3806 2374 3859 οὐ
2403 3804 2546 3860 κατὰ
2588 3805 2766 3859 πάντα
2794 3804 2851 3857 ἓν
2880 3808 2905 3859 6
2939 3803 3071 3868 Θεὸς
3105 3803 3280 3873 Λόγος
3308 3802 3410 3858 καὶ
3438 3802 3473 3872 ἡ
3506 3795 3648 3868 σὰρξ,
3670 3791 3759 3853 πῶς

2231 3899 2294 3954 οὗ
2319 3899 2461 3953 κατά
2497 3917 2550 3953 τι
2582 3899 2677 3953 δύο
2717 3901 2745 3953 6
2766 3898 2899 3962 Θεὸς
2930 3897 3102 3965 Λόγος
3138 3897 3236 3952 καὶ
3267 3898 3303 3967 ἠ
3359 3894 3535 3967 σάρξ;

551 4005 721 4045 unum
779 3999 927 4055 sunt,
962 3988 1238 4058 quomodo
1261 4003 1371 4042 non
1394 3986 1630 4057 quadam
1652 3986 1865 4040 ratione
1894 3986 2039 4041 Deus
2060 3987 2300 4048 Verbum
2329 3999 2386 4049 et
2413 4008 2542 4047 caro
2570 3992 2681 4047 duo
2712 3990 2878 4047 sunt?

620 4082 729 4137 VII.
764 4082 819 4137 Si
856 4081 973 4136 ﬁeri
1008 4096 1115 4135 non
1149 4089 1332 4151 potest
1361 4088 1423 4133 ut
1462 4077 1637 4149 magis
1674 4077 1938 4131 unianlur
1980 4079 2125 4136 Deus

548 4174 789 4229 Verbum
836 4182 891 4229 et
941 4190 1089 4241 caro,
1136 4188 1301 4243 quam
1353 4173 1500 4227 Deus
1550 4169 1791 4226 Verbum
1838 4176 1894 4224 et
1940 4171 2123 4239 Pater,

548 4265 828 4335 quomodo
854 4266 1002 4321 Deus
1026 4265 1270 4321 Verbum
1294 4263 1485 4319 unitus
1506 4270 1564 4318 et
1586 4276 1713 4317 caro
1735 4260 1885 4316 nulla
1912 4263 2126 4322 ratione

551 4366 680 4413 sunt
702 4357 853 4413 duo?

2306 4087 2381 4140 Z'.
2404 4085 2468 4137 Ei
2487 4082 2749 4140 ἀδύνατον
2784 4081 2942 4136 πλέον
2964 4079 3205 4152 ἡνῶσθαι
3228 4079 3320 4133 τὸν
3354 4079 3487 4134 Θεὸν
3504 4075 3657 4143 Λόγον
3685 4066 3753 4122 καὶ

2234 4177 2331 4248 τὴν
2371 4176 2573 4248 σάρκα,
2597 4168 2657 4228 οὗ
2695 4176 2903 4245 ἥνωται
2954 4173 2982 4225 6
3012 4172 3146 4235 Θεὸς
3186 4171 3361 4240 Λόγος
3404 4170 3496 4225 καὶ
3520 4170 3547 4221 6
3585 4161 3749 4229 Πατὴρ.

2234 4268 2352 4331 πῶς
2380 4266 2660 4339 ἡνωμένος
2687 4269 2715 4322 6
2739 4268 2870 4330 Θεὸς
2901 4265 3077 4335 Λόγος
3109 4265 3205 4319 καὶ
3243 4266 3277 4336 ἡ
3318 4263 3457 4335 σὰρξ
3488 4258 3600 4316 κατ’
3636 4252 3750 4309 οὐδέν

2232 4361 2338 4416 εἱσι
2366 4358 2494 4429 δύο;

2141 4541 3734 4576 _____________________________

1655 4678 2679 4860 FRAGMENTA.

546 5110 760 5190 Eulogii
793 5109 1138 5190 Alexandrini
1166 5108 1413 5190 episcopi,
1439 5124 1628 5190 .serrno
1675 5106 2032 5190 inieﬂkinit-ale
2073 5115 2123 5163 et

2230 5119 2522 5190 Εὐλογίου
2550 5118 2888 5190 ἐπισκόπου
2921 5116 3390 5190 ,Ἀλεξανδρείας
3442 5110 3604 5190 ,1ρτος
3637 5093 3735 5190 εξεξὲ

705 5182 778 5237 de
806 5182 1170 5236 incarnatione
1199 5181 1337 5235 unici
1364 5179 1636 5234 Trinitatis
1662 5179 1761 5234 Dei
1797 5179 1964 5238 Verbi.

2302 5177 2544 5256 Τριὶίδος
2572 5189 2669 5244 καὶ
2700 5189 2812 5258 τῆς
2840 5188 3002 5256 θείας
3025 5177 3380 5259 οιᾶιονοξμίαςῖ
3396 5182 3498 5239 τοῦ
3517 5177 3635 5240 ἐνὸς
3656 5186 3734 5234 της

2304 5259 2545 5331 Τριάδος
2575 5260 2723 5315 Θεοὗ
2745 5261 2960 5330 Λόγου.

1176 5385 1278 5458 (Ex
1303 5385 1426 5442 cod.
1451 5386 1626 5443 Vatic.
1669 5387 1761 5443 ed.
1786 5390 1922 5460 Aug.
1951 5388 2076 5457 MAI,
2110 5388 2307 5462 Script.
2360 5388 2601 5444 Veterum
2630 5386 2847 5443 collect.
2872 5386 2987 5455 VII,
3026 5385 3172 5456 I77.)

535 5522 540 5526 ·
612 5502 672 5557 In
704 5499 979 5573 principio
1018 5510 1146 5558 ante
1186 5502 1385 5558 saecula
1415 5501 1521 5558 fuit
1544 5503 1709 5567 Deus,
1741 5510 1797 5558 et
1834 5503 1981 5559 Deus
2017 5502 2121 5559 fuit

540 5604 667 5651 ante
711 5594 929 5659 saecula,
961 5601 1017 5648 et
1062 5601 1190 5649 ante
1240 5596 1426 5650 omnia
1473 5594 1578 5650 fuit
1624 5596 1769 5651 Deus
1812 5596 2118 5667 (Verbum),

538 5696 669 5743 ante
698 5687 987 5752 mundum,
1020 5695 1148 5741 ante
1181 5688 1409 5759 angelos
1432 5730 1448 5757 ,
1502 5696 1627 5745 aute
1690 5688 1886 5745 omium
1915 5731 1929 5756 ,
1993 5699 2119 5745 ante

636 5825 722 5897 ιο)
761 5826 1045 5897 Athamas,
1081 5827 1263 5901 Cyrill.

2308 5505 2396 5559 Ἐν
2425 5505 2567 5577 ἀρχῇ
2601 5502 2708 5576 πρὸ
2735 5503 2947 5557 αἰώνων
2974 5497 3042 5575 ἦν
3068 5504 3097 5556 6
3122 5500 3273 5566 Θεὸς,
3311 5498 3407 5553 καὶ
3433 5491 3551 5554 Θεὸς
3570 5480 3628 5557 ἦν
3648 5471 3726 5577 “(ib

2228 5598 2339 5651 τῶν
2385 5564 2597 5652 αἰώνων
2616 5564 2659 5662 ,’
2688 5596 2784 5650 καὶ
2826 5596 2934 5667 πρὸ
2969 5564 3186 5650 στάντων
3316 5594 3344 5647 6
3369 5590 3492 5651 Θεὸς
3521 5564 3724 5667 [ΛόγῗςῙν

2230 5690 2335 5762 πρὸ
2370 5691 2599 5763 κόσμου,
2634 5689 2740 5761 πρὸ
2765 5661 3036 5759 ἀγγέλων,
3069 5687 3175 5758 πρὸ
3199 5661 3447 5758 ούρανοῦ,
3476 5673 3568 5747 πρὸ
3589 5661 3721 5739 ἡλίου,
