4018 6494
222 365 384 431 2941
1087 370 1345 434 SERMO
1384 373 1482 435 DE
1521 374 1809 437 ΤΒΙΝΙΤΔ

1974 376 2072 438 ΕΤ
2112 376 2288 439 INCA
2296 364 2712 443 RNATIONE.
3383 378 3526 446 2942

222 483 358 556 πρὸ
383 480 582 552 φωτὸς,
617 480 727 552 πρὸ
757 479 1029 554 ἀστέρων,
1059 483 1169 554 πρὸ
1193 484 1435 555 ἀνέμων,
1466 486 1576 557 πρὸ
1598 486 1807 541 ὑδάτων

1939 486 2130 553 solem,
2151 495 2281 543 ante
2316 488 2517 555 lucem,
2543 496 2672 544 ante
2722 487 2930 555 sidera,
2976 498 3104 545 ante
3142 498 3361 555 ventos,
3397 500 3526 547 ante

224 578 358 649 πρὸ
386 575 577 647 πνοῆς,
615 575 723 647 πρὸ
751 576 854 647 τῆς
883 578 1009 647 γῆς,
1044 577 1154 647 πρὸ
1179 570 1364 650 πάσης
1388 579 1593 651 ὁρατῆς
1616 597 1700 645 τε,
1739 582 1811 635 κα

1943 594 2131 650 aquas,
2178 588 2305 635 ante
2334 581 2548 646 ﬂatum,
2574 588 2704 638 ante
2736 591 2963 646 terram,
2992 592 3118 637 ante
3148 597 3367 636 omnem
3395 583 3530 636 visi-

227 668 487 741 ἀοράτου
535 669 803 732 κτίσεωςο
861 662 1015 733 οὗτος
1056 669 1238 724 τοίνυν
1280 669 1309 722 6
1345 672 1692 743 προάναρχος
1741 674 1814 728 κα

1941 671 2106 727 bilem
2154 671 2600 742 invisibilcmque
2652 682 2985 730 creaturam.
3028 673 3132 728 llic
3178 674 3347 745 igitur
3388 674 3528 729 initii

231 759 579 831 προαιώνιος
615 762 643 813 6
674 760 929 824 ἀκτιστος
958 760 1092 824 Θεὸς
1126 762 1305 835 οἰκείᾳ
1336 764 1593 835 βουλήσει
1627 765 1721 818 καὶ
1746 765 1818 817 εὑ-

1945 778 2140 834 expers
2185 772 2538 834 aeternusque
2582 773 2639 819 et
2691 764 2974 820 increatus
3017 764 3163 820 Deus
3187 766 3414 836 propria
3436 779 3532 819 vo-

229 852 471 921 δοκήσει
501 851 577 916 ὡς
607 852 767 921 μόνος
796 847 938 906 οἶδεν
966 853 1151 917 αὐτὸς,
1184 856 1276 909 καὶ
1302 857 1391 909 ὅτε
1415 851 1578 922 οἶδεν,
1598 858 1692 909 καὶ
1715 856 1816 911 ὅθεε

1946 856 2152 912 luntate
2203 864 2257 911 et
2314 856 2685 927 beneplacito,
2734 859 2816 912 uti
2871 858 3029 912 novit
3086 858 3202 928 ipse
3259 858 3429 922 solus,
3476 867 3533 913 et

231 940 393 998 οἶδεν
411 986 424 1009 ,
466 944 646 999 ἔκτισε
679 946 860 1008 πᾶσας
885 946 984 1010 τὰς
1012 947 1302 1019 οὐρανίους
1328 948 1436 1002 τῶν
1460 949 1710 1018 ἀγγέλων
1745 949 1818 1003 κα⁴

1943 947 2163 1019 quando
2189 947 2344 1002 novit
2373 957 2430 1003 et
2459 947 2605 1003 unde
2643 947 2799 1003 novit
2829 963 3023 1003 omnes
3068 948 3321 1003 caelestes
3362 964 3530 1019 ange-

236 1038 566 1108 ἀσωμάτων
616 1038 1042 1110 στρατευμάτων
1088 1042 1183 1094 καὶ
1215 1042 1533 1112 ταγμάτων,
1563 1041 1816 1113 ἀοράτων

1945 1042 2120 1098 lorum
2155 1052 2211 1097 et
2246 1041 2701 1112 incorporeorum
2748 1042 3091 1097 exercituum
3139 1051 3197 1097 et
3244 1042 3532 1112 ordinum,

235 1131 688 1201 πολυομμάτων,
746 1131 1079 1202 ἀομμάτων,
1131 1133 1554 1205 ἑξαπτερύγων,
1602 1135 1809 1205 θρόνων

1948 1135 2328 1202 invisibilium,
2367 1142 2426 1190 et
2456 1135 2647 1189 multis
2677 1135 2854 1190 oculis
2886 1134 3245 1205 praeditorum
3272 1145 3329 1191 et
3357 1136 3535 1192 oculis

240 1224 505 1297 οὐρανῶν
552 1225 844 1297 δυνάμειςσ
908 1222 1027 1282 εἶτα
1078 1228 1218 1300 μετά
1265 1229 1472 1292 ταύτας
1517 1228 1827 1300 δημιουργεῖ

1949 1227 2270 1293 carentium,
2312 1240 2408 1283 sex
2441 1225 2543 1281 alis
2570 1226 2993 1290 instructorum,
3029 1226 3382 1291 thronorum,
3420 1241 3536 1282 εαξη

240 1318 350 1372 τὸν
397 1318 674 1390 ὁρώμενον
720 1321 780 1387 ἐξ
824 1321 1059 1393 οὐρανοῦ
1110 1321 1205 1376 καὶ
1250 1322 1355 1393 γῆς
1383 1323 1627 1395 κόσμον,
1677 1323 1737 1388 ἐξ
1766 1317 1827 1379 (in

1948 1322 2125 1376 lorum
2155 1319 2395 1375 virtutes
2429 1319 2660 1375 creavit.
2687 1318 2826 1372 Tum
2850 1329 2976 1388 post
3002 1318 3124 1374 illas
3156 1326 3311 1373 creat
3338 1318 3535 1373 visibi-

243 1412 375 1466 ἐστι
408 1414 503 1466 καὶ
534 1415 562 1466 6
589 1412 895 1486 ἄνθρωπος,
932 1415 1158 1487 μίμημα
1186 1416 1287 1486 τῆς
1309 1415 1513 1485 ὁρατῆς
1538 1416 1631 1470 καὶ
1656 1415 1830 1488 [ἀορά-

1950 1413 2051 1469 Iem
2086 1412 2377 1479 mundum,
2401 1411 2542 1468 cmlo
2566 1420 2623 1467 et
2650 1419 2794 1466 terra
2824 1410 3245 1477 consistentem,
3276 1410 3344 1466 ad
3371 1425 3537 1480 quem

244 1501 389 1575 του]
422 1504 675 1571 κτίσεως,
711 1505 913 1577 ὁρατὴν
948 1508 1045 1577 μὲν
1073 1508 1214 1579 ἔχων
1245 1507 1346 1579 τὴν
1374 1508 1574 1580 σάρκα,
1607 1509 1831 1578 ἀόρατοι

1949 1505 2183 1578 pertinet
2215 1505 2401 1571 homo,
2438 1504 2618 1575 imago
2657 1502 2891 1559 visibilis
2921 1501 3001 1575 [et
3030 1502 3346 1574 invisibilis]
3376 1517 3536 1557 crea-

245 1591 312 1646 δὲ
374 1594 475 1664 τὴν
522 1593 722 1666 ψυχήν.
794 1594 999 1649 Τοῦτον
1053 1596 1145 1649 τὸν
1197 1595 1487 1667 ἄνθρωπον
1532 1594 1832 1649 πλασθέντα

1952 1600 2150 1655 tionis:
2186 1598 2461 1669 siquidem
2509 1611 2730 1652 carnem
2775 1596 2942 1651 habet
2971 1595 3267 1661 visibilem,
3299 1595 3539 1650 animam

250 1685 619 1757 ἐνουθέτησεν
657 1688 685 1741 6
718 1686 851 1752 Θεὸς
876 1727 892 1751 ,
929 1688 1054 1751 δοὺς
1088 1687 1237 1759 αὐτῷ
1270 1689 1349 1752 είς
1380 1687 1717 1760 ἐπιστροφὴν
1746 1689 1837 1761 τὴν

1954 1702 2131 1749 autem
2186 1691 2543 1746 invisibilem.
2592 1691 2751 1746 Hunc
2780 1690 3070 1745 hominem
3108 1698 3355 1743 creatum
3389 1703 3541 1742 com-

252 1780 323 1831 ἑκ
380 1779 479 1850 τῆς
526 1780 736 1851 πλάνης
781 1781 1230 1852 εἰδωλολατρείας
1266 1780 1432 1852 νόμον
1478 1783 1726 1854 γραπτὸν
1756 1781 1839 1836 διὰ

1976 1783 2168 1838 nonuit
2212 1784 2377 1849 Deus,
2426 1782 2716 1853 legemque
2758 1797 2788 1836 a
2832 1780 3016 1852 Moyse
3066 1779 3435 1848 conscriptam
3487 1768 3563 1833 ei‘

252 1843 566 1938 Μωῦσέως.
612 1843 758 1929 Ἀλλ’
803 1874 905 1929 οὐκ
942 1843 1164 1945 ἴσχυσεν
1244 1843 1410 1947 νόμος
1561 1874 1839 1946 ἄνθρωπον

1951 1877 2125 1943 dedit,
2174 1883 2237 1931 ut
2279 1876 2349 1931 ab
2388 1891 2626 1931 erroneo
2670 1874 2947 1929 idolorum
2990 1873 3142 1928 cultu
3171 1880 3538 1927 averteretur.

253 1967 750 2023 ἀνακαλέσασθαιο
826 1962 946 2021 εἶτα
1006 1965 1330 2020 ἀπέστειλεν
1384 1968 1673 2041 προφήτας
1722 1983 1840 2019 νου-

1951 1968 2221 2036 Quoniam
2263 1974 2447 2023 autem
2472 1968 2562 2022 lex
2591 1966 2871 2021 hominem
2904 1981 3166 2021 revocare
3194 1982 3306 2020 non
3338 1966 3538 2037 potuit,

255 2057 589 2125 θετοῦντας,
640 2058 1039 2125 ἀπειλοῦντας,
1081 2058 1660 2131 θαυματουργοῦντας.
1706 2056 1842 2110 Ἀλλ’

1950 2063 2103 2119 misit
2157 2061 2370 2135 (Deus)
2420 2062 2721 2133 prophetas
2767 2062 3147 2126 cohortantes,
3191 2058 3537 2124 minitantes,

251 2148 382 2201 οὐδὲ
412 2147 588 2212 οὕτως
635 2150 664 2201 6
710 2148 1005 2220 πλανηθεὶς
1054 2147 1343 2220 ἄνθρωπος
1398 2150 1462 2201 ὲκ
1509 2148 1609 2217 τῆς
1636 2146 1838 2217 πλάνης

1954 2157 2219 2213 miracula
2254 2163 2558 2227 patrantes.
2591 2155 2661 2208 At
2700 2168 2881 2223 neque
2929 2153 3011 2207 sic
3056 2151 3222 2206 homo
3275 2150 3541 2206 seductus

252 2238 591 2310 ὲπεστρέψε.
645 2239 811 2303 Τέλος
857 2239 915 2292 δὲ
963 2239 1152 2294 λοιπὸν
1202 2239 1556 2303 κατοικτίσας
1608 2240 1669 2293 τὸ
1719 2238 1839 2293 ἴδιον

1955 2251 2021 2306 ab
2058 2266 2249 2305 errore
2287 2248 2475 2304 rediit.
2522 2247 2604 2303 Ad
2653 2255 2985 2309 extremum,
3036 2244 3283 2316 ﬁgmenti
3319 2244 3405 2298 sui
3436 2242 3542 2297 mi—

257 2329 510 2401 πλάσμα,
539 2333 566 2384 ὁ
591 2330 721 2395 Θεὸς
742 2331 911 2396 αὐτὸς
940 2333 1034 2386 ἐπὶ
1057 2333 1163 2401 γῆς
1188 2332 1367 2403 ὤφθη,
1392 2334 1623 2396 καὶτοῖς
1641 2332 1844 2404 ἀνθρώ·

1954 2352 2158 2407 sertus,
2196 2343 2343 2397 Deus
2372 2341 2489 2412 ipse
2517 2341 2572 2395 in
2606 2348 2752 2396 terra
2778 2338 3056 2410 apparuit,
3100 2346 3156 2392 et
3202 2352 3327 2392 cum
3359 2336 3541 2391 homi—

254 2439 391 2485 ποις
422 2424 499 2487 ὠς
525 2422 812 2492 ἅνθρωπος
841 2424 869 2477 6
899 2424 1033 2488 Θεὸς
1061 2425 1237 2494 Λόγος
1264 2425 1680 2494 συνανεστράφη
1706 2466 1720 2490 ,
1754 2424 1841 2478 καὶ

1955 2438 2120 2494 nibus
2167 2446 2227 2491 ut
2270 2437 2438 2490 homo
2493 2442 2850 2489 conversatus
2894 2441 2979 2486 est
3006 2432 3151 2486 Deus
3179 2431 3446 2491 Verbum,
3478 2445 3542 2484 ac

260 2517 450 2588 μορφὴ
480 2515 575 2568 τοῦ
606 2516 880 2572 Δεσπότου
907 2516 1001 2569 ἐπὶ
1021 2517 1127 2587 γῆς
1156 2515 1448 2586 κατῆλθεν,
1483 2516 1571 2570 ἵνα
1602 2517 1635 2588 ἡ
1666 2515 1847 2589 μορφὴ

1955 2530 2168 2602 species
2225 2528 2446 2583 Domini
2496 2526 2552 2580 in
2601 2534 2807 2582 terram
2855 2523 3174 2590 descendit,
3225 2532 3287 2577 ut
3328 2521 3542 2593 Species

255 2609 357 2662 τοῦ
384 2607 571 2661 δούλου
608 2609 666 2662 ἐν
693 2610 944 2682 οὐρανοῖς
973 2608 1199 2681 ἀνέλθῃ.

1198 2654 1199 2659 π
1954 2626 2101 2683 servi
2132 2625 2199 2679 ad
2231 2623 2401 2680 caelos
2429 2622 2785 2678 eveheretur.

329 2697 467 2757 Εἶτα
515 2701 768 2756 ἐκπεσὼν
805 2702 905 2773 τῆς
938 2702 1215 2773 προτέρας
1250 2702 1462 2774 πλάνης
1511 2703 1607 2756 καὶ
1636 2703 1854 2768 ἐλπίδος

2026 2719 2165 2775 Tum
2189 2717 2357 2787 igitur
2378 2715 2667 2787 improbus
2688 2713 2979 2769 hominum
3005 2709 3355 2767 adversarius
3369 2708 3543 2781 priori

261 2794 293 2848 6
319 2796 553 2867 πονηρὸς
579 2793 687 2849 τῶν
727 2793 1040 2868 ἀνθρώπων
1077 2794 1357 2867 πολέμιος,
1392 2796 1470 2862 ὡς
1498 2794 1637 2851 εἶδεν
1661 2798 1848 2853 ἑαυτὸν

1957 2828 2145 2869 errore
2191 2820 2359 2882 atque
2405 2825 2503 2881 spe
2541 2807 2766 2864 excidit.
2798 2805 2936 2862 Cum
2969 2813 3156 2860 autem
3181 2803 3396 2858 videret
3422 2816 3544 2857 sese

265 2888 571 2960 ἡττηθέντα
600 2888 695 2944 καὶ
720 2890 805 2943 διὰ
830 2888 1479 2967 Χριστοῦὶσυντριϐέντα,
1504 2891 1591 2946 διὰ
1617 2890 1852 2963 σταυροῦ

1957 2913 2278 2977 superatum
2307 2917 2371 2958 ac
2395 2918 2494 2973 per
2522 2899 2807 2957 Christum
2838 2897 3164 2959 contritum,
3196 2912 3296 2967 per
3320 2910 3544 2950 crucem

265 2982 586 3053 πατηθέντα
609 3022 625 3047 ,
662 2984 757 3036 καὶ
789 2981 879 3036 διὰ
908 2983 1288 3055 βαπτίσματος
1317 2982 1668 3053 βυθισθέντα,
1700 2984 1768 3037 τά
1793 3000 1852 3037 τε

1958 2996 2365 3059 conculcatum,
2408 3007 2507 3064 per
2550 2990 2825 3060 baptisma
2859 2988 2925 3043 ad
2957 2988 3185 3058 abyssos
3233 2986 3544 3049 detrusum,

264 3074 467 3131 εἴδωλα
522 3072 981 3145 καταστραφέντα
1005 3112 1020 3139 ,
1104 3073 1199 3127 καὶ
1254 3072 1355 3143 τὴν
1412 3072 1851 3146 εἰδωλολατρείαν

1961 3104 2125 3161 porro
2153 3087 2299 3142 idola
2328 3099 2543 3149 eversa,
2568 3082 2936 3135 idololatriam
2962 3095 3031 3133 ex
3058 3077 3378 3132 hominibus
3397 3076 3548 3131 dele-

265 3167 455 3221 λοιπὸν
489 3167 548 3232 ἐξ
577 3166 882 3238 ἀνθρώπων
916 3165 1399 3238 καταργηθεῖσαν,
1450 3167 1545 3220 καὶ
1592 3167 1690 3239 τὴν
1736 3166 1852 3220 θεο-

1959 3193 2092 3245 tam,
2127 3179 2225 3234 Dei
2254 3177 2624 3249 cognitionem
2657 3175 2715 3229 in
2744 3172 2952 3227 mundo
2980 3172 3329 3242 prtedicatam
3356 3188 3370 3223 :
3411 3170 3544 3239 quid

265 3261 505 3331 γνωσίαν
531 3263 591 3313 ὲν
614 3260 805 3332 κόσμῳ
826 3258 1218 3332 κηρυχθεῖσαν,
1249 3259 1302 3312 τί
1328 3262 1473 3312 ποιεῖ
1495 3262 1522 3313 6
1546 3260 1852 3331 κακοῦργος

1959 3274 2069 3346 agit
2100 3271 2391 3342 improbus“
2417 3277 2743 3339 astutusque
2765 3265 3034 3320 malorum
3056 3263 3351 3319 inventor?
3372 3262 3546 3316 Aliam

268 3353 370 3408 καὶ
417 3354 826 3423 παμμήχανος;
883 3352 1146 3423 δευτέραν
1190 3351 1359 3423 ἀλλην
1407 3353 1854 3422 εἰδωλολατρείαν

1961 3365 2249 3438 quamdam
2282 3362 2655 3417 idololatriam
2696 3367 2752 3414 et
2791 3372 3037 3413 errorem
3066 3356 3121 3411 in
3157 3355 3349 3411 orbem
3377 3365 3548 3409 terra-

268 3446 371 3502 καὶ
396 3446 605 3517 πλάνην
630 3449 710 3511 εἰς
737 3448 1063 3518 οἰκουμένην
1091 3445 1475 3515 κατέσπειρεν,
1499 3445 1566 3500 τὰ
1585 3445 1692 3500 τῶν
1709 3447 1855 3518 αἱρέ-

1960 3475 2081 3514 rum
2130 3456 2374 3521 diffudit,
2405 3454 2700 3508 haeresium
2732 3450 2963 3506 zizania.
2995 3449 3117 3505 Jam
3143 3448 3289 3502 enim
3320 3454 3547 3517 aposto-

236 3556 415 3594 σεων
445 3537 682 3604 ζιζάνια.
739 3539 958 3603 Εὐθέως
1007 3539 1102 3592 ἐπὶ
1144 3538 1253 3592 τῶν
1294 3538 1605 3591 ἀποστόλων
1636 3538 1823 3609 Σίμωνι

1958 3549 2138 3603 lorum
2183 3556 2428 3616 tempore
2465 3540 2724 3598 excitavit
2765 3541 3045 3596 Simonem
3097 3538 3346 3608 Magum,
3396 3536 3544 3590 dete-

266 3632 367 3689 τὸν
388 3632 580 3700 Μάγον
596 3633 909 3703 ἀναστήσας
928 3632 1283 3704 μυσεράρχην
1302 3630 1520 3700 πρῶτον
1535 3631 1640 3683 τῶν
1660 3629 1755 3683 τοῦ
1777 3631 1853 3683 κό·

1964 3640 2215 3697 stabilem
2267 3637 2563 3692 hzeresium
2611 3632 2805 3688 mundi
2846 3630 3153 3702 principem
3209 3630 3304 3699 qui
3345 3635 3551 3682 semet—

274 3743 417 3798 σμου
447 3726 736 3797 αἱρέσεων,
762 3725 991 3794 λέγοντα
1026 3725 1220 3777 ἑαυτὸν
1249 3720 1390 3777 εἷναι
1416 3724 1558 3778 θεόν.
1586 3720 1719 3777 Εἶτα
1742 3722 1860 3776 δεύ-

1964 3734 2147 3804 ipsum
2188 3732 2355 3785 deum
2385 3744 2506 3784 esse
2559 3726 2718 3782 dixit.
2762 3724 3019 3781 Secundo
3077 3724 3199 3778 loco
3238 3722 3546 3783 Nicolaum,

272 3833 435 3888 τερον
465 3817 756 3880 Νικόλαον,
792 3816 851 3883 ἐξ
877 3810 939 3870 οῦ
969 3817 1018 3868 οἱ
1045 3812 1370 3870 Νικολαῖται
1422 3815 1689 3882 ἐλέγοντο.
1726 3813 1859 3870 Εἶτα

1965 3840 1992 3880 e
2023 3839 2134 3894 quo
2165 3821 2447 3877 Nicolaitae
2487 3830 2618 3873 sunt
2659 3815 2949 3888 appellati;
2977 3823 3093 3868 tum
3142 3812 3449 3878 Theudam,
3495 3818 3552 3866 et.

273 3910 505 3965 Θευδᾶν.
549 3906 682 3964 Εἶτα
723 3910 942 3981 ἐτέρους
974 3908 1209 3978 καθεξῆς
1236 3907 1472 3972 οἰκείους
1501 3910 1737 3979 ἐργάτας
1768 3911 1860 3963 καὶ

1963 3924 2154 3985 postea
2191 3923 2420 3967 caeteros
2469 3910 2733 3978 deinceps
2778 3906 3014 3961 famulos
3061 3920 3191 3960 suos
3232 3903 3549 3972 errorisque

273 4003 382 4074 τῆς
406 4004 616 4074 πλάνης
643 4005 940 4075 ὲφευρέτας
961 4043 975 4065 ,
1002 4002 1070 4056 δι’
1096 4001 1191 4064 οὒς
1216 4004 1467 4056 πλεῖσται
1494 4003 1591 4057 καὶ
1616 4003 1860 4075 διάφοροι

1967 4007 2307 4069 inventores,
2346 4009 2572 4072 propter
2606 4014 2745 4070 quos
2779 3999 2967 4068 plures
2992 4013 3057 4053 ac
3086 3996 3317 4051 diversa:
3347 4002 3549 4049 sancta:

277 4097 436 4163 ἀγιαι
484 4095 691 4151 συνόδοι
745 4096 850 4151 ὑπὸ
890 4095 991 4166 τῆς
1025 4096 1321 4167 καθολικῆς
1360 4095 1687 4166 Ἐκκλησίας
1739 4112 1864 4148 συν-

1816 4112 1865 4148 v-
1967 4098 2162 4171 synodi
2193 4098 2263 4151 ab
2303 4094 2549 4151 Ecclesia
2588 4093 2860 4148 catholica
2900 4098 3217 4146 convocata:
3257 4096 3403 4143 sunt.

273 4188 667 4261 ηθροίσθησαν.

350 4279 508 4333 Οῦτω
532 4280 663 4333 ποτὲ
686 4281 807 4336 τότε
835 4280 1033 4354 ἀνέστη
1069 4282 1417 4354 μυσεράρχης
1434 4284 1650 4355 ’Ἄρειος
1685 4282 1865 4349 Ἀλεξο

2062 4280 2154 4336 Sic
2219 4276 2486 4347 temporis
2549 4274 2788 4329 decursu
2850 4271 3092 4328 surrexit
3150 4264 3553 4322 abominandus

278 4373 532 4444 ἀνδρείας
576 4374 948 4446 πρεσϐύτερος
972 4416 987 4441 ,
1022 4376 1196 4445 λέγων
1226 4378 1431 4445 κτίσμα
1457 4374 1593 4432 εἶναι
1622 4378 1713 4430 τὸν
1743 4379 1865 4431 Υἱὸν

1970 4371 2132 4427 Arius
2167 4369 2455 4440 presbyter
2483 4366 2913 4430 Alexandrinus,
2945 4363 3133 4418 dicens
3160 4368 3406 4414 creatum
3431 4371 3551 4410 esse

278 4468 378 4520 καὶ
405 4466 578 4535 Λόγον
607 4467 702 4520 τοῦ
729 4467 887 4533 Θεοῦ,
916 4468 1257 4540 έτεροούσιον
1286 4468 1382 4521 τοῦ
1408 4470 1642 4541 Πατρός·
1663 4470 1783 4523 καθ’
1807 4466 1865 4524 οὗ

1972 4463 2171 4518 Filium
2208 4460 2562 4529 Verbumque
2592 4458 2711 4523 Dei,
2744 4471 2927 4525 neque
2957 4452 3202 4525 ejusdem
3241 4465 3367 4506 cum
3394 4450 3551 4504 Patre

275 4558 310 4625 ή
344 4556 478 4625 ἀγία
502 4556 718 4621 σύνοδος
750 4559 783 4628 ἡ
815 4539 1070 4630 νικητικὴ
1098 4558 1208 4613 τῶν
1237 4560 1295 4612 ἐν
1322 4539 1540 4631 Νικαίᾳ.⁷
1560 4567 1663 4630 τιη’
1691 4560 1861 4628 ἁγίων

1967 4554 2277 4610 essentne:
2334 4561 2528 4607 contra
2587 4565 2751 4619 quem
2796 4556 2984 4602 sancta
3039 4543 3282 4616 synodus
3332 4541 3552 4596 Nicmna

277 4651 542 4721 Πατέρων
588 4652 955 4724 συνηθροίσθη
980 4692 995 4717 ,
1034 4652 1323 4724 ὁμοούσιον
1357 4654 1586 4725 ὁρίσασα
1615 4654 1708 4707 τὸν
1740 4654 1864 4707 Υίὸν

1974 4646 2233 4705 trecentis
2285 4644 2591 4701 octodecim
2648 4642 2854 4697 sanctis
2905 4640 3163 4696 Patribus
3210 4640 3549 4704 composita,

276 4743 360 4815 τῷ
402 4744 579 4813 Πατρὶ
629 4746 773 4799 κατά
816 4745 915 4817 τὴν
960 4746 1190 4818 θεότητα
1216 4788 1231 4812 ,
1295 4748 1393 4801 καὶ
1442 4748 1729 4817 ὀμοούσιον
1776 4747 1863 4800 τὸν

1970 4740 2207 4796 collecta
2238 4748 2343 4801 est,
2382 4737 2608 4793 ediccns
2645 4736 2845 4791 Filium
2878 4732 3184 4788 secundum
3207 4728 3552 4784 divinitatem

278 4834 448 4889 αὑτὸν
467 4837 599 4905 ἡμῖν
619 4840 732 4900 τοῖς
761 4837 1071 4909 ἀνθρώποις
1100 4839 1243 4892 κατά
1269 4840 1368 4911 τὴν
1390 4838 1555 4892 αὐτοῦ
1585 4839 1865 4910 ἀνθρωπό-

1968 4834 2141 4897 Patri,
2177 4831 2547 4900 eumdemque
2592 4827 2897 4884 secundum
2946 4823 3347 4880 humanitatem
3392 4817 3553 4874 nobis

280 4946 444 4998 τητα,
480 4930 770 5001 κηρῦξασα
789 4971 806 4997 ,
841 4932 902 4985 οὐ
933 4933 1139 5003 κτίσμα
1166 4933 1317 4997 ὄντα,
1349 4932 1485 4987 ἀλλὰ
1510 4932 1769 5005 Κτίστην·
1804 4932 1866 4987 οὐ

1969 4923 2497 4981 consubstantialem
2518 4937 2659 4986 esse,
2679 4936 2792 4976 non
2807 4928 3074 4984 creatum,
3094 4916 3190 4973 sed
3208 4914 3551 4979 Creatorem,

282 5024 522 5094 ποίημα,
549 5026 686 5078 ἀλλά
716 5026 955 5096 Ποιητὴν
983 5028 1091 5079 τῶν
1117 5027 1398 5083 ἁπάντων.
1430 5022 1565 5081 Εἶτα
1589 5026 1729 5098 μετὰ
1743 5027 1869 5098 χρό-

1969 5035 2080 5074 non
2105 5018 2330 5082 factum,
2356 5015 2454 5072 sed
2484 5014 2772 5070 Factorem
2800 5012 3069 5068 universi.
3103 5008 3332 5073 Deinde,
3354 5005 3556 5076 elapsis

284 5134 410 5180 νους
427 5117 501 5171 νε¹
528 5119 765 5189 ἀνεφάνη
794 5119 1122 5182 Μακεδόνιος
1148 5119 1176 5173 ὁ
1200 5119 1371 5184 δόλιος
1396 5120 1695 5183 ἐπίσκοπος
1715 5122 1871 5173 Κων-

1970 5112 2369 5183 quinquaginta
2403 5109 2650 5180 quinque
2699 5108 2880 5174 annis,
2921 5105 3133 5177 prodiit
3174 5101 3553 5163 Macedonius,

288 5212 801 5277 σταντινουπόλεως,
839 5211 1051 5284 κτίσμα
1078 5212 1254 5281 λέγων
1278 5212 1341 5265 τὸ
1363 5212 1589 5283 Πνεῦμα
1610 5212 1670 5265 τὸ
1692 5213 1866 5280 ἀγιον.

1970 5203 2195 5259 dolosus
2244 5203 2336 5258 ille
2394 5202 2688 5273 episcopus
2740 5197 3411 5267 Constantinopolitanus,
3459 5197 3552 5262 qui

288 5304 365 5360 Δι’
392 5304 451 5359 ὃν
481 5306 514 5376 ή
541 5306 673 5371 ἁγία
700 5307 918 5369 σύνοδος
939 5306 1050 5360 τῶν
1073 5313 1150 5379 ρν¹
1178 5306 1350 5376 ἁγίων
1376 5306 1634 5377 Πατέρων
1651 5306 1867 5376 γέγονε,

1972 5298 2239 5369 Spiritum
2274 5306 2527 5352 sanctum
2558 5304 2867 5351 creaturam
2906 5307 3028 5348 esse
3057 5287 3378 5345 declaravit.
3418 5287 3556 5340 Pro-

289 5396 574 5468 ὁμοοῠσιον
601 5398 837 5467 λέγουσα
860 5399 922 5452 τὸ
948 5399 1173 5471 Πνεῦμα
1199 5400 1262 5455 τὸ
1287 5401 1439 5469 ἆγιον
1468 5399 1562 5453 καὶ
1585 5398 1867 5467 ἇκτιστον,

1969 5400 2095 5462 pter
2148 5403 2311 5458 quem
2366 5397 2557 5443 sancta
2595 5386 2837 5459 synodus
2888 5392 3113 5441 centum
3159 5378 3556 5451 quinquaginta

291 5491 458 5562 ἧγουν
490 5490 615 5561 μίαν
643 5490 831 5544 οὐσίαν
847 5492 1082 5562 Πατρὸς,
1116 5494 1211 5546 καὶ
1236 5492 1499 5557 Υἱοῦ,καὶ
1524 5490 1681 5561 ἁγίου
1702 5491 1871 5545 Πνεῦ-

1972 5494 2291 5541 sanctorum
2345 5482 2567 5536 Patrum
2622 5488 2811 5535 coacta
2866 5486 2969 5543 est,
3022 5491 3144 5546 quae
3188 5472 3556 5545 promulgavit

297 5598 481 5652 ματος,
522 5582 651 5653 μίαν
682 5583 942 5653 θεότητα,
987 5584 1117 5655 μίαν
1146 5584 1423 5653 ἐξουσίαν,
1462 5583 1589 5656 μίαν
1617 5584 1867 5656 δύναμιν,

1973 5575 2245 5646 Spiritum
2277 5582 2528 5628 sanctum
2570 5572 2901 5634 increatum,
2940 5568 2995 5623 id
3024 5577 3132 5632 est,
3166 5581 3331 5622 unam
3361 5578 3554 5619 essen-

297 5673 353 5730 ὲν
377 5675 556 5746 τρισὶν
581 5673 966 5730 ὑποστάσεσιν.
1467 5655 1472 5656 7
1757 5655 1764 5656 ί

1975 5669 2107 5723 tiam
2132 5666 2328 5729 Patris,
2368 5665 2518 5731 Filii,
2546 5673 2602 5720 et
2637 5663 2879 5735 Spiritus
2919 5660 3122 5727 sancti,
3152 5675 3317 5714 unam
3351 5655 3554 5714 divini-

1974 5769 2167 5825 tatem,
2197 5775 2363 5814 unam
2391 5765 2739 5831 potestatem,
2768 5771 2934 5814 unam
2974 5753 3263 5820 virtutem,
3286 5752 3345 5809 in
3375 5749 3557 5809 tribus

1974 5852 2316 5912 substantiis.
