3908 6484
531 324 676 390 2943

1522 333 1585 396 S.
1618 332 1935 398 EULOGII
1975 331 2331 396 ARCHIEP.
2371 324 2748 396 ALEXAND.

3641 330 3781 399 Μ

601 442 984 515 Praeterlapsis
1038 443 1241 500 iterum
1289 442 1453 500 anuis
1508 444 1909 519 quinquaginta
1966 463 2093 503 uno.

2283 444 2508 516 Χρόνων
2532 445 2590 498 δέ
2615 462 2723 499 που
2748 443 2911 499 πάλιν
2934 444 3017 499 να⁸
3032 445 3475 518 διαδραμόντων,
3501 447 3781 519 προέκυψε

528 539 760 595 emersit
808 536 1120 603 Nestorius,
1171 538 1446 593 nefandus
1498 539 1858 611 impurusque
1906 543 2106 612 praesul

525 630 1209 700 Constantinopolitanus,
1237 631 1333 701 qui
1365 630 1791 702 hominiparam,
1831 649 1942 688 non
1980 634 2107 689 Dei-

529 739 716 794 param
770 737 893 778 esse
947 730 1192 777 sanctam
1242 722 1524 794 Virginem
1570 725 1828 781 asseruit.
1878 725 2109 796 Pr0pter

529 816 680 871 hunc
716 815 903 871 habita
949 823 1035 870 est
1063 816 1217 886 prior
1250 815 1525 887 Ephesina
1572 816 1934 871 ducentorum
1981 832 2108 872 san-

525 918 745 966 ctorum
794 909 1022 964 Patrum
1054 908 1317 979 synodus,
1370 924 1493 979 qua:
1543 907 1768 978 proprie
1812 917 1869 963 et
1913 923 2106 964 revera

527 1003 820 1073 Deiparam
866 1017 990 1058 esse
1030 1013 1275 1057 sanctam
1310 1002 1592 1073 Virginem
1625 1001 2011 1073 promulgavit,
2049 1008 2106 1057 et

529 1094 851 1150 Nestorium
907 1102 1115 1149 aeterno
1160 1094 1507 1149 anathemate
1554 1094 1848 1164 percussit.
1896 1092 2105 1149 Deinde

528 1195 653 1257 post
686 1186 871 1258 viginti
908 1186 1154 1257 quinque
1196 1186 1419 1241 circiter
1460 1201 1654 1253 annos,
1683 1186 1910 1243 emersit
1936 1185 2105 1258 Euty~

532 1275 667 1331 ches
714 1273 1000 1330 nefaustus
1046 1274 1509 1329 monasteriorum
1541 1274 2104 1345 Constantinopolita-

532 1382 730 1421 norum
776 1366 1228 1430 archimandrita,
1270 1366 1461 1422 dicens
1494 1382 1607 1422 non
1636 1365 2104 1424 consubstantiale

530 1458 692 1513 nobis
718 1473 839 1513 esse
873 1472 1076 1527 corpus
1104 1457 1345 1524 Christi;
1375 1456 1680 1529 eodemque
1710 1457 1825 1513 fere
1854 1467 2101 1529 tempore

532 1547 746 1603 exstitit
771 1547 1068 1602 Dioscorus
1097 1563 1236 1617 papa
1274 1546 1674 1602 Alexandrinus
1722 1547 1817 1617 qui
1848 1563 2009 1602 unam
2044 1548 2101 1604 in

529 1637 749 1694 Christo
782 1646 1033 1692 naturam
1070 1637 1229 1692 dixit.
1270 1638 1497 1708 Propter
1524 1637 1625 1692 hos
1653 1636 1790 1691 duos
1822 1636 2101 1694 detestan-

2210 536 2307 590 καὶ
2352 537 2648 609 Νεπόριος
2700 539 2730 591 ό
2776 538 2971 611 μιαρὸς
3022 541 3118 594 καὶ
3156 540 3475 613 ἀκάθαρτος
3524 542 3783 611 πρόεδρος

2208 630 2857 695 Κωνσταντινουπόλεως,
2874 631 3289 702 ἁνθρωποτόκον
3306 633 3490 702 λέγων
3509 634 3611 704 τὴν
3628 634 3786 699 ἁγίαν

2207 720 2507 792 Παρθένον,
2538 723 2635 777 καὶ
2659 724 2720 776 ού
2745 723 3027 777 Θεοτόκον·
3044 725 3113 778 δι’
3140 726 3201 779 δν
3228 727 3457 795 γέγονεν
3486 727 3522 795 ἡ
3551 728 3612 778 ἐν
3631 726 3785 793 Ἐσέ-

2208 831 2286 885 σῳ
2312 814 2375 868 τὸ
2396 815 2662 887 πρότερον
2693 823 2739 868 σ¹
2763 816 2935 884 ἁγίων
2959 818 3218 889 Πατέρων
3245 818 3494 882 σύνοδος,
3524 817 3786 871 Θεοτόκω

2204 906 2411 977 κυρίως
2439 909 2537 961 καὶ
2562 907 2775 979 ἀληθῶς
2804 908 3150 979 κηρύττουσα
3173 910 3273 980 τὴν
3295 910 3461 979 ἁγίαν
3486 909 3781 980 Παρθένον,

2205 998 2301 1049 καὶ
2331 997 2626 1069 Νεπόριον
2656 998 2864 1068 αίωνίῳ
2893 998 3196 1070 ἀναθέματι
3224 996 3679 1051 ύποϐαλοῦσα.”0
3701 998 3787 1049 διὰ

2204 1090 2423 1143 πάντων
2464 1089 2523 1142 δὲ
2564 1090 2693 1162 περί
2720 1107 2823 1143 που
2853 1089 2932 1144 κε’
2955 1091 3164 1160 χρόνων
3192 1089 3443 1160 Εὐτυχὴς
3465 1089 3496 1142 ό
3516 1088 3785 1157 δυστυχὴς

2203 1181 2633 1255 ἀρχιμανδρίτης
2692 1184 3077 1255 μοναστηρίων
3126 1181 3784 1244 Κωνσταντινουπόλεως,

2202 1275 2472 1345 ἀνέκυψεν
2512 1275 2589 1346 μὴ
2626 1274 2802 1344 λέγων
2844 1273 3132 1345 όμοούσιον
3160 1273 3319 1345 ἡμῶν
3350 1268 3495 1327 εἶναι
3525 1272 3598 1326 τὸ
3628 1271 3785 1341 σῶμα

2201 1366 2299 1420 τοῦ
2323 1365 2583 1437 Χριστοῦ.
2613 1364 2816 1420 Aut.me
2840 1363 2901 1419 δὲ
2928 1364 3027 1419 καὶ⁵
3048 1363 3341 1435 Διόσκορος
3364 1361 3650 1433 προῆλθεν
3668 1362 3783 1415 τότε

2202 1459 2392 1521 πάπας
2406 1457 2837 1529 Ἀλεξανδρείας,
2856 1455 2986 1526 μίαν
3004 1456 3165 1528 φύσιν
3178 1455 3353 1525 λέγων
3371 1458 3430 1510 ιν
3440 1454 3519 1525 τῷ
3536 1454 3779 1525 Χριστῷ·

2198 1550 2267 1605 δι’
2300 1549 2393 1615 οὖς
2427 1567 2579 1614 τινας
2620 1548 2715 1604 δύο
2755 1549 2985 1620 μιαροὺς
3014 1548 3370 1620 αίρεσιάρχας
3409 1546 3781 1617 συνηθροίσθη

2198 1645 2233 1713 ἠ
2276 1643 2409 1712 ἁγία
2439 1642 2655 1705 σύνοδος
2692 1642 2727 1712 ἡ
2759 1640 3104 1713 Χαλκηδόνος
3136 1640 3249 1693 τῶν
3276 1637 3580 1710 όρθοδόξων
3612 1637 3780 1703 ἁγίων

530 1728 631 1783 dos
680 1728 1080 1784 haeresiarchas
1127 1729 1356 1783 collecta
1396 1736 1481 1783 est
1519 1736 1832 1783 sanctorum
1874 1729 2093 1784 Patrum

2201 1735 2464 1805 Πατέρων
2497 1733 2953 1805 ἀναθεματίσασα
2982 1731 3111 1796 τοὺς
3139 1730 3461 1802 εἰρημένους
3490 1729 3779 1798 αἱρεσιάρ-

529 1820 771 1891 synodus
798 1820 1279 1885 Chalcedonensis,
1316 1836 1438 1890 qua:
1465 1828 1663 1890 praeter
1701 1819 1864 1875 modo
1903 1821 2093 1877 citatos

2201 1844 2342 1898 χας,
2400 1824 2539 1897 όμοῦ
2584 1842 2646 1879 τε
2694 1824 2791 1879 καὶ⁵
2830 1824 3159 1894 Νεστόριον,
3207 1822 3492 1892 ὁμοούσιον
3518 1822 3666 1891 ημῖν
3698 1820 3777 1871 τὸν

526 1911 918 1967 baresiarchas
968 1912 1280 1967 Nestorium
1328 1928 1548 1983 quoque
1586 1913 2095 1978 anathematizavit,

456 2004 459 2009 “
525 2000 808 2058 Christum
873 2014 1058 2059 autem
1120 2004 1423 2060 secundum
1483 2005 1879 2060 humanitatem
1936 2004 2098 2060 nobis

525 2094 1055 2153 consubstantialem
1090 2096 1284 2161 edixit,
1324 2108 1381 2153 et
1422 2098 1561 2153 duas
1591 2097 1954 2152 indivisibiles
2000 2113 2098 2151 na-

526 2196 679 2241 turas
727 2203 850 2241 cum
911 2204 1017 2242 una
1057 2204 1293 2259 persona
1335 2190 1641 2245 crcdendas
1691 2190 1900 2246 statuit.
1942 2188 2097 2246 Unus

523 2278 672 2335 enim
714 2289 801 2335 est
848 2278 1124 2346 Christus,
1159 2289 1353 2337 etnon
1381 2281 1513 2350 duo,
1550 2292 1608 2337 et
1637 2282 1941 2352 composita
1977 2282 2097 2353 ejus

524 2368 858 2425 substantia.

594 2459 893 2521 Exstinetis
917 2460 1102 2533 igitur,
1133 2461 1187 2516 id
1204 2471 1287 2517 est
1312 2461 1806 2528 anathematizatis,
1832 2461 1939 2517 illis
1960 2461 2097 2517 duo-

522 2550 629 2608 bus
674 2552 1078 2621 bmresiarchis,
1113 2555 1273 2610 annis
1316 2554 1431 2610 fere
1475 2565 1697 2610 centum
1733 2565 1861 2625 post
1910 2555 2095 2611 habita

522 2654 609 2700 est
648 2646 828 2701 fausta
878 2647 1069 2717 quinta
1100 2646 1361 2717 synodus,
1393 2648 1495 2704 sub
1519 2648 1828 2704 Iustiniano
1864 2648 2096 2717 impera-

525 2748 667 2801 tore,
706 2737 967 2793 adversus
1004 2738 1317 2810 Origenem,
1368 2740 1657 2812 Didymum
1686 2748 1741 2795 et
1778 2740 2092 2810 Evagrium,

523 2829 642 2900 qui,
670 2845 813 2885 vano
851 2846 1016 2885 sensu
1041 2831 1275 2903 abrepti,
1310 2833 1519 2888 animas
1550 2842 1765 2887 nostras
1805 2840 1931 2888 ante
1974 2848 2095 2888 cor-

524 2936 661 2991 pora
686 2923 742 2976 in
764 2924 920 2979 ccelis
943 2923 1144 2995 degere
1169 2931 1225 2978 et
1253 2940 1442 2994 pwnas
1470 2933 1703 2981 aeternas
1740 2926 1902 2979 ﬁnem
1940 2924 2095 2978 habi.

525 3026 681 3072 turas
725 3033 880 3083 esse,
930 3018 1319 3089 nugabantur:
1362 3019 1563 3089 quibus
1606 3017 1819 3072 cunctis
1850 3016 2091 3087 rejectis,

2198 1917 2431 1989 Χριστὸν
2461 1917 2600 1971 κατὰ
2627 1916 2725 1986 τὴν
2750 1915 3151 1987 ἀνθρωπότητα
3189 1913 3504 1984 κηρύξασα,
3556 1913 3665 1965 καὶ
3694 1912 3775 1964 δίιο

2198 2011 2533 2081 ἀδιαιρέτους
2557 2010 2786 2080 ὁρίσασα
2821 2010 2919 2061 σὺν
2953 2009 3035 2060 ἑνὶ
3064 2006 3336 2077 προσώπῳ
3364 2006 3773 2077 γνωριζομένας

2198 2103 2390 2172 φύσεις
2415 2119 2430 2134 ο
2490 2097 2571 2166 εἷς
2618 2102 2728 2171 γάρ
2780 2102 2930 2153 ἐστιν
2971 2101 3000 2153 ὁ
3028 2098 3265 2169 Χριστὸς
3301 2099 3396 2153 καὶ
3421 2098 3486 2152 ού
3511 2097 3619 2150 δύο
3643 2139 3662 2164 ,
3698 2102 3771 2150 καὶ

2199 2195 2456 2260 σύνθετος
2485 2193 2652 2251 αὑτοῦ
2684 2195 2718 2265 ή
2746 2193 3071 2256 ὑπόστασις.

2266 2458 2593 2527 Σὸεσθείσης
2621 2456 2800 2511 τοίνυν
2824 2455 3107 2526 κάκείνης,
3128 2455 3296 2525 ἧγουν
3321 2452 3767 2523 ἀναθεματισθεί·

2196 2571 2296 2623 σης
2326 2552 2428 2623 τῆς
2459 2551 2754 2622 ξυνωρίδος
2782 2550 2893 2604 τῶν
2936 2547 3331 2620 αίρεσιαρχῶν,
3366 2545 3643 2598 διίππασέ
3686 2561 3773 2596 που

2194 2653 2241 2716 ρ’
2256 2643 2464 2708 τούτοις
2486 2643 2699 2714 χρόνοις
2714 2642 2810 2695 καὶ
2830 2640 3101 2711 γέγονενή
3130 2637 3374 2709 μακαρία
3398 2636 3642 2707 πέμπτη
3668 2637 3777 2689 σύν-

2197 2736 2315 2799 οδος
2344 2735 2439 2789 ἐπὶ
2465 2731 2845 2789 Ἰουστινιανοῦ
2868 2731 2962 2786 τοῦ
2987 2729 3249 2803 βασιλέως
3274 2727 3417 2782 κατὰ
3437 2726 3776 2797 Ὠριγένου;,

2193 2830 2465 2900 Διδύμου,
2510 2828 2606 2883 καὶ
2647 2825 2948 2895 Εὐαγρίου,
2993 2822 3101 2877 τῶν
3143 2820 3561 2893 ματαιοφρόνων
3598 2820 3778 2891 ληρω-

2191 2920 2425 2975 δούντων
2453 2920 2833 2991 προῦπάρχειν
2862 2916 2973 2973 τῶν
3001 2916 3268 2987 σωμάτων
3290 2914 3451 2985 ἡμῶν
3472 2913 3575 2976 τὰς
3595 2913 3775 2982 ψυχὰς

2194 3015 2252 3067 ὲν
2294 3012 2544 3084 οὐρανοῖς
2588 3012 2684 3065 καὶ
2724 3009 2877 3074 τέλος
2920 3008 3066 3079 ἔχειν
3114 3007 3214 3078 τὴν
3256 3005 3483 3059 κόλασιν
3520 3001 3773 3057 αίώνιον·

523 3106 763 3177 synodus
792 3107 1059 3163 divinitus
1094 3108 1361 3178 inspirata
1385 3106 1509 3163 illos
1548 3107 1894 3161 anathemate
1918 3105 2088 3160 feriit.

2201 3105 2336 3176 Ξπερ
2387 3103 2606 3158 ᾶπαντα
2649 3100 2955 3155 ἅπεὸἀλετο
3011 3099 3108 3154 καὶ
3159 3096 3557 3167 ἀνεθεμάτισεν
3590 3095 3774 3156 αὐτοῖς

523 3198 773 3270 Longum
804 3208 890 3255 est
919 3202 983 3256 de
1014 3201 1245 3272 reliquis
1274 3203 1328 3256 in
1361 3200 1599 3256 diversis
1630 3198 1765 3255 locis
1788 3198 1933 3253 haud
1969 3212 2093 3253 raro

2201 3200 2233 3267 ἠ
2268 3196 2626 3259 θεόπνευστος
2656 3194 2894 3258 σύνοδος.
2932 3192 3161 3262 Μακρὸς
3194 3190 3238 3245 δ’
3267 3188 3333 3243 ἂν
3364 3188 3455 3258 εἴη
3480 3186 3649 3255 λόγος
3683 3186 3772 3240 καὶ

523 3289 726 3351 habitis
745 3294 949 3349 sanctis
968 3295 1191 3366 synodis
1210 3295 1515 3350 orationem
1533 3302 1739 3358 texere,
1757 3300 1814 3348 et
1833 3290 1902 3347 de
1926 3290 2093 3346 variis

524 3383 829 3440 hzcresibus
878 3393 1092 3456 tempus
1134 3395 1190 3441 et
1240 3386 1418 3441 locum
1470 3384 1673 3455 quibus
1729 3384 2089 3451 emerserint,

524 3491 809 3533 enarrare.
843 3478 1074 3545 Quidam
1125 3480 1273 3534 enim
1324 3496 1494 3534 unum
1531 3477 1750 3553 [Deum]
1779 3494 1899 3535 esse
1927 3493 2093 3549 negav

525 3577 679 3633 runt,
723 3578 782 3627 ut
810 3572 1070 3641 gentiles;
1104 3572 1194 3625 alii
1223 3573 1383 3637 duos,
1414 3573 1525 3627 imo
1548 3582 1785 3643 quatuor
1810 3571 2087 3635 dicebant,

527 3671 588 3715 ut
632 3661 821 3724 Ariani
859 3671 915 3717 et
947 3663 1260 3729 Manichzei;
1308 3664 1401 3718 alii
1445 3675 1557 3721 tres
1584 3664 1853 3720 essentias
1878 3664 1933 3717 in
1963 3678 2091 3717 san-

525 3762 612 3810 eta
642 3753 912 3809 Trinitate
946 3754 1191 3825 improbe
1225 3756 1763 3843 blasphemaverunt,
1812 3765 1873 3813 ut
1905 3756 2088 3813 Sabe].

523 3841 677 3906 liani,
725 3852 890 3915 atque
936 3861 1099 3900 unam
1130 3844 1185 3900 in
1210 3861 1275 3901 ea
1305 3841 1667 3903 substantiam
1700 3854 2082 3913 asseruerunt;

524 3934 618 3998 alii
648 3952 841 3994 rursus
865 3936 1273 4008 diSpensatione
1296 3938 1567 3996 Christi...

2199 3290 2329 3359 περ)⁵
2354 3288 2462 3342 τῶν
2485 3286 2691 3341 λοιπῶν
2715 3284 2960 3339 τοπικῶν
2986 3282 3247 3345 πολλάκις
3271 3278 3586 3350 γενομένων
3603 3278 3770 3346 ἁγίων

2197 3380 2430 3433 συνόδων
2458 3377 2851 3451 διηγήσασθαι,
2907 3376 3004 3431 καὶ
3034 3374 3144 3428 τῶν
3170 3371 3293 3426 καθ’
3318 3372 3555 3425 ἕκαστον
3583 3368 3770 3439 καιρὸν

2194 3473 2291 3528 καὶ
2315 3471 2502 3535 τόπον,
2532 3469 2916 3540 ἀναφανέντων
2942 3467 3203 3521 ποικίλων
3228 3464 3521 3536 αἱρέσεων,
3538 3463 3655 3515 τῶν
3680 3463 3769 3532 μὲν

2192 3562 2541 3635 ἀρνουμένων
2570 3562 2665 3616 τοῦ
2696 3558 2833 3614 εἶναι
2857 3559 3219 3630 ἓν,”Ελληνες·
3252 3556 3362 3610 τῶν
3384 3554 3443 3609 δὲ
3472 3555 3571 3608 δύο
3592 3556 3770 3625 λεγόν-

2191 3675 2299 3710 των
2333 3656 2429 3709 καὶ
2459 3655 2520 3709 τὸ
2546 3654 2807 3725 τέταρτον
2832 3654 2910 3718 δὲ,
2946 3649 3237 3723 ’Δρειανοὶ,
3270 3649 3594 3718 λίανιχαίοι,
3626 3648 3767 3717 τρεῖς

2190 3749 2379 3813 ούσίας
2431 3747 2527 3800 ἐπὶ
2567 3747 2667 3815 τῆς
2705 3745 2864 3813 ἁγίας
2919 3740 3388 3813 βλασφημούντων
3412 3739 3653 3812 Τριάδος
3681 3740 3767 3791 καὶ

2190 3844 2372 3899 αὐτῶν
2400 3844 2457 3898 δὲ
2488 3840 2857 3905 Σαϐελλιανοὶ,
2894 3838 3027 3909 μίαν
3054 3835 3321 3905 λεγόντων
3353 3833 3444 3887 ἐπ’
3473 3832 3650 3901 αὐτῆς
3673 3832 3765 3901 τὴν

2190 3938 2515 3992 ὑπόστασιν’
2544 3934 2719 3990 ἄλλων
2747 3933 2804 3987 δὲ
2826 3934 2895 4004 τῇ
2919 3928 3201 4001 οἰκονομία
3221 3926 3560 3999 limat-06....

545 4124 3741 4153 ’.ῃ-Μ*

1116 4301 2093 4434 FRAGMENTA
2209 4300 3179 4432 DOGMATICA.

520 4673 605 4737 Ex
633 4671 855 4743 Euiogio
884 4672 1243 4743 Alexandrino
1271 4671 1468 4727 Contra
1492 4689 1577 4727 eos
1600 4674 1691 4743 qui
1716 4674 1916 4737 dicunt,
1967 4693 1986 4726 ι
2022 4672 2081 4729 Si

2201 4675 2299 4727 Ἐκ
2362 4672 2482 4726 τῶν
2529 4670 2909 4743 συνηγοριῶν
2956 4668 3254 4743 Εὐλογίου
3305 4668 3748 4743 Ἀλεξανδρείας

593 4742 975 4803 dicitis/rabere
993 4742 1255 4798 Christum
1280 4745 1411 4797 duas
1433 4742 1774 4810 substantias,
1791 4746 2083 4799 necessario

587 4824 771 4879 sancta
800 4813 1029 4869 Trinitas
1060 4815 1343 4868 incantata
1367 4822 1464 4868 est.
1494 4831 1513 4865 ι

2259 4743 2411 4809 πρὸς
2455 4742 2598 4807 τοὺς
2637 4741 2966 4810 λέγονταςὲ
3025 4758 3046 4790 ι
3082 4741 3337 4810 Εῑνφατε
3371 4743 3483 4792 τὸν
3512 4740 3748 4810 Χριστὸν

2257 4807 2368 4867 δύο
2389 4807 2562 4898 ἔχειν
2587 4807 2803 4879 οὐσίας
2822 4851 2839 4877 ,
2878 4809 3114 4878 πάντως
3144 4809 3181 4877 ή
3216 4810 3356 4879 ἁγία
3390 4807 3570 4878 Τριὰς
3598 4807 3744 4863 πᾶσα

2256 4898 2647 4952 σεσαρκωται.
2683 4901 2703 4933 ι

1572 5000 1730 5072 (Aug.
1760 5000 1863 5057 ΜΑι
1889 5000 2083 5073 Script.
2111 5012 2209 5059 vet.
2255 5011 2297 5059 t.
2325 5002 2438 5069 Vll,
2473 5001 2561 5067 18,
2591 4999 2702 5073 i9.)

586 5116 714 5171 llaec
738 5125 866 5171 sunt
894 5133 1016 5187 quae
1044 5117 1113 5173 ab
1132 5117 1465 5177 adversariis
1486 5120 1857 5192 obiectantur.
1876 5123 2081 5179 Forsan

516 5210 663 5267 enim
691 5218 889 5279 putant
919 5209 1225 5265 divinitatis
1248 5212 1544 5267 essentiam
1574 5213 1911 5268 divisibilem
1936 5230 2078 5279 esse,

516 5304 675 5374 cujus
716 5318 822 5357 una
857 5318 984 5373 pars
1032 5303 1091 5360 in
1122 5303 1281 5359 Patre
1306 5314 1597 5372 cernatur,
1632 5307 1806 5361 altera
1832 5307 1888 5361 in
1917 5308 2076 5373 Filio,

516 5402 574 5450 et
606 5393 777 5447 altera
810 5392 867 5446 in
896 5392 1105 5462 Spiritu
1134 5402 1324 5453 sancto
1346 5433 1362 5458 ,
1411 5409 1515 5450 ceu
1559 5396 1816 5465 qualibet
1843 5410 2080 5466 persona

517 5499 584 5541 ex
609 5492 764 5554 parte
788 5484 988 5548 solum,
1014 5491 1071 5539 et
1094 5500 1204 5539 non
1230 5500 1295 5541 ex
1325 5492 1442 5539 toto
1470 5485 1693 5540 deitatis
1715 5487 2081 5556 proprietates

518 5576 739 5631 referat.
761 5576 872 5631 Nos
890 5590 1019 5630 vero
1042 5590 1387 5646 nequaquam
1409 5591 1476 5631 eo
1496 5577 1792 5646 impietatis
1806 5578 2079 5643 venimus,

522 5677 583 5721 ut
611 5671 663 5723 in
695 5668 881 5723 divina
905 5670 1143 5725 essentia
1170 5670 1492 5729 divisionem
1515 5680 1612 5727 aut
1630 5672 1926 5731 sectionem
1946 5673 2082 5728 ima-

523 5758 791 5841 gincmur.
842 5762 985 5831 Quin
1015 5762 1278 5830 dicimus,
1314 5766 1565 5835 quamvis
1593 5781 1885 5841 personam
1913 5767 2082 5825 certis

2258 5122 2443 5177 Ταῦτα
2486 5121 2596 5178 τῶν
2624 5122 2885 5178 ἐναντίων
2916 5122 3152 5193 ὑπάρχει
3182 5121 3573 5193 προϐλήματα.
3608 5124 3733 5177 Οίον⁹

2184 5235 2273 5275 ται
2296 5218 2405 5285 γὰρ
2428 5217 2558 5279 ἴσως
2584 5216 2845 5287 μεριστὴν
2865 5210 3005 5268 εἶναι
3030 5215 3128 5284 τὴν
3150 5216 3250 5284 τῆς
3272 5213 3530 5284 θεότητος
3554 5216 3741 5275 obsim,

2160 5309 2277 5362 ’καὶ
2323 5308 2386 5360 τὸ
2427 5308 2593 5379 μέρος
2640 5307 2811 5377 αὐτῆς
2858 5307 2919 5359 ὲν
2957 5306 3135 5377 llatth
3178 5304 3504 5372 θεωρεῖσθαι
3530 5349 3547 5372 ,
3602 5306 3658 5358 τὸ
3696 5303 3743 5358 δὲ

2182 5400 2241 5455 ὲν
2263 5400 2399 5470 Υἱῷ,
2427 5400 2489 5452 τὸ
2512 5400 2570 5453 δὲ
2600 5400 2658 5452 ἐν
2685 5398 2823 5470 ἁγίῳ
2848 5399 3151 5467 Ηνεύματι,
3182 5398 3260 5462 ὡς
3285 5398 3505 5469 ἐκείνης
3530 5398 3741 5452 ὑποστάς

2183 5509 2322 5555 σεως
2352 5493 2416 5545 ὲκ
2447 5491 2647 5563 μέρους
2666 5530 2683 5556 ,
2718 5490 2834 5544 ἀλλ’
2864 5492 2966 5544 ούκ
2996 5492 3053 5544 ὲν
3075 5494 3213 5544 πᾶσι
3241 5492 3356 5555 τοῖς
3378 5492 3481 5561 τῆς
3507 5492 3741 5560 θεότητος

2184 5582 2440 5653 ίδιώμασι
2471 5582 2903 5654 γνωριζομένης.
2959 5583 3150 5653 Ἡμεῖς
3179 5582 3236 5636 δὲ
3267 5584 3368 5636 οὐκ
3397 5584 3479 5647 είς
3503 5582 3743 5636 τοσοῦτον

2181 5676 2435 5738 ἀσεϐείας
2458 5675 2761 5748 ἡλάσαμεν.
2791 5676 2867 5740 ὠς
2895 5676 3163 5746 μερισμὸν
3187 5676 3440 5746 ἡγεῖσθαι
3481 5676 3574 5730 καὶ
3595 5691 3738 5727 κατα·

2184 5767 2356 5841 τομὴν
2392 5769 2519 5841 περὶ
2550 5767 2649 5840 τὴν
2674 5768 2827 5825 θείαν
2857 5770 3122 5841 ὑπάρχειν
3148 5768 3336 5824 οὐσίαν
3357 5786 3370 5799 ο
3408 5768 3545 5824 ἀλλά
3573 5782 3737 5837 φαμεν
