3908 6490
89 377 274 446 2945

1272 384 1731 450 FRAGMENTA
1774 386 2227 452 DOGMATICA.

3241 396 3384 461 2946

89 496 377 566 ἑκάστην
420 498 923 571 χαρακτηριστικὴν
966 498 1264 554 ὑπόστασιν
1294 501 1595 567 ἀνελλιπῶς
1637 503 1707 557 τὰ

1823 505 1955 561 totis
1976 505 2317 577 obsignatam
2344 505 2567 563 deitatis
2588 504 2825 580 insignia
2843 507 3152 579 possidere,
3173 521 3233 567 ut
3252 512 3379 567 nul-

84 588 220 655 τῆς
268 587 525 657 θεότητος
572 585 716 658 ἔχειν
752 589 1144 660 γνωρίσματα,
1189 588 1252 643 τδ
1286 590 1699 663 δημιουργικὸν,

89 678 212 731 καὶ
252 680 355 732 ὅσα
384 680 509 750 περὶ
533 680 631 751 τήν
655 680 909 736 ἄκτιστον
932 681 1094 751 φύσιν
1120 682 1373 754 ὑπάρχει.
1393 682 1549 737 Οὑτω
1570 686 1700 757 γάρ,

91 772 215 823 καὶ
278 772 566 842 ὁμοούσιον
618 773 719 843 τὴν
767 774 974 844 Τριάδα
1020 775 1239 847 φαμὲν,
1285 775 1361 839 ὡς
1402 780 1501 848 τῆς
1531 778 1704 849 αὐτῆς

88 863 318 927 οὐσίας
359 865 617 929 όλοτελῶς
658 866 717 919 ὲν
744 868 893 939 τρισὶ
923 867 1242 940 προσώποις
1269 870 1699 941 γνωριζομένης.

90 955 238 1008 Καὶ
288 957 403 1028 γὰρ
450 958 478 1010 6
518 957 705 1028 Πατὴρ
750 958 974 1023 τελείως
1020 958 1131 1029 ἔχει
1178 962 1276 1031 τὴν
1316 962 1416 1032 τῆς
1454 962 1704 1032 θεότητος

88 1043 319 1098 οὐσίαν
345 1062 362 1075 ·
408 1046 607 1116 ὁμοίως
638 1047 667 1098 6
696 1046 846 1112 Υίὸς,
878 1047 1080 1119 ὁμοίως
1104 1048 1165 1102 τὸ
1191 1049 1413 1120 Πνεῦμα
1438 1050 1500 1103 τὸ
1528 1050 1702 1120 ἅγιον.

89 1136 381 1202 Τούτοις,
409 1138 503 1192 καὶ
527 1140 555 1192 6
578 1141 677 1210 τῆς
701 1139 960 1208 ἀληθείας
984 1142 1055 1212 κή
1067 1140 1163 1212 ρυξ
1185 1140 1394 1204 Παῦλος
1416 1145 1709 1214 συνηγορεῖ

91 1229 380 1297 φάσκων·
420 1230 522 1285 Ἔν
552 1230 714 1297 αὐτῷ
742 1232 853 1301 γὰρ
886 1232 1157 1287 κατοικεῖ
1177 1233 1303 1289 πᾶν
1330 1232 1396 1287 τὸ
1416 1234 1708 1304 πλήρωμα

92 1320 235 1389 τῆς
265 1324 544 1390 θεότητος
572 1324 943 1392 σωματικῶς.
973 1326 1047 1379 Οὐ
1074 1325 1184 1396 γὰρ
1212 1324 1303 1380 τὸν
1328 1326 1547 1398 Πατέρα
1575 1329 1707 1399 φησι

94 1412 521 1485 σεσαρκῶσθαι
540 1457 554 1480 ,
604 1414 728 1469 ἀλλ’
760 1416 845 1470 ὅτι
877 1417 1026 1470 πᾶσα
1054 1417 1088 1487 ή
1118 1416 1307 1488 θεότης
1337 1417 1395 1470 ἐν
1421 1420 1543 1481 ταῖς
1572 1418 1708 1471 ὑπο-

96 1505 391 1560 στάσεσιν
423 1507 713 1580 ἀνελλιπὴς
741 1508 1015 1579 ὑπάρχει,
1066 1509 1123 1561 ὲν
1152 1508 1360 1581 Πατρὶ,
1395 1509 1453 1562 ἐν
1481 1510 1613 1580 Υίῷ,
1651 1510 1709 1563 ἐν

96 1599 275 1670 ἁγίῳ
318 1600 633 1672 Πνεύματι,
686 1603 745 1655 ὲν
792 1603 1001 1676 ἑκάστῃ
1044 1602 1343 1657 ὑποστάσει
1374 1604 1593 1666 τελείως
1619 1606 1710 1657 ὲν·-

99 1694 477 1764 υπὰρχουσα,
508 1695 650 1748 κατά
676 1694 776 1766 τὴν
801 1696 987 1765 φωνὴν
1014 1695 1106 1749 τοῦ
1135 1695 1387 1767 Σωτῆρος
1411 1695 1672 1766 λέγουσαν
1691 1711 1707 1727 ο

102 1786 342 1841 Πάντα
380 1786 452 1841 τὰ
492 1787 602 1843 τοῦ
631 1788 859 1857 Πατρός
891 1787 1003 1858 ἐμά
1030 1790 1189 1842 εἰσιν
1210 1805 1225 1820 ·
1275 1787 1575 1853 τουτέστιν,
1610 1788 1711 1841 ὅσα

1806 596 1923 651 lum
1972 596 2024 652 ei
2074 596 2254 663 desit;
2309 607 2442 667 puta
2486 598 2825 666 bonitatem,
2872 602 3095 658 creandi
3136 603 3284 667 vim,
3324 610 3382 657 et

1807 706 2149 761 quaecunque
2170 691 2424 747 increatae
2453 702 2663 747 natura:
2696 695 3052 749 conveniunt.
3077 695 3205 750 Ideo
3233 696 3383 749 enim

1809 780 2139 837 Trinitatem
2169 796 2292 837 esse
2315 783 2837 839 consubstantialem
2867 785 3227 855 proﬁtemur;
3255 785 3384 855 quia

1808 872 2121 928 substantia
2165 873 2359 929 eadem
2420 875 2476 929 in
2521 875 2699 930 tribus
2734 878 2987 946 personis
3028 877 3387 949 integerrime

1810 966 2179 1037 cognoscitur.
2236 966 2399 1021 Pater
2433 968 2582 1022 enim
2631 969 2899 1038 integram
2939 969 3163 1024 deitatis
3195 986 3387 1026 essen-

1810 1058 1941 1112 tiam
1970 1058 2159 1126 habet,
2191 1059 2363 1113 vcluti
2393 1059 2587 1123 Filius,
2622 1067 2677 1113 et
2707 1058 2949 1129 Spiritus
2976 1067 3217 1113 sanctus.
3255 1059 3388 1126 Quae

1811 1152 2013 1207 Paulus
2047 1152 2302 1208 veritatis
2328 1167 2509 1222 prmco
2539 1151 2849 1215 conﬁrmat,
2876 1152 2971 1207 ubi
3014 1152 3090 1205 ait
3119 1169 3133 1205 :
3168 1152 3233 1206 In
3272 1155 3387 1223 ipso

1810 1245 2071 1299 inhabitat
2120 1244 2290 1299 omnis
2333 1244 2604 1315 plenitudo
2651 1242 2943 1297 divinitatis
3009 1245 3383 1313 corporaliter.

1809 1336 1930 1392 Non
1958 1336 2103 1390 enim
2137 1336 2483 1391 incamatum
2512 1336 2727 1389 Patrem
2756 1348 2876 1389 esse
2907 1335 3135 1400 annuit,
3172 1336 3267 1389 sed
3302 1343 3389 1390 to-

1812 1437 1922 1483 tam
1972 1428 2319 1484 divinitatem
2352 1428 2525 1483 “tiullo
2566 1426 2783 1481 defectu
2824 1427 2881 1480 in
2922 1427 3100 1482 tribus
3138 1426 3390 1497 personis

1812 1530 2030 1578 exstare
2063 1538 2078 1575 :
2111 1520 2317 1591 quippe
2350 1534 2471 1590 qua:
2500 1518 2555 1572 in
2581 1518 2771 1583 Patre,
2808 1527 2865 1573 et
2893 1518 3063 1584 Filio,
3094 1531 3150 1573 et
3177 1518 3386 1589 Spiritu

1815 1621 2038 1676 sancto,
2077 1622 2135 1667 et
2166 1613 2223 1667 in
2250 1625 2579 1681 unaquaque
2603 1624 2838 1679 persona
2868 1609 3113 1679 perfecte
3137 1610 3385 1673 exsistat,

1815 1699 2118 1753 secundum
2165 1698 2464 1753 Salvatoris
2517 1712 2709 1751 vocem
2751 1712 2765 1750 :
2807 1696 2999 1751 Omnia
3046 1714 3163 1767 qua!
3207 1698 3387 1753 Patris

1817 1793 1919 1844 mei
1962 1801 2104 1856 sunt,
2138 1807 2256 1844 mea
2298 1797 2458 1854 sunt;
2490 1789 2597 1843 hoc
2642 1796 2746 1852 est,
2775 1804 3116 1859 quacunque
3139 1791 3389 1845 essentia:

100 1880 228 1949 τῆς
262 1879 360 1933 τοῦ
389 1879 602 1951 Πατρὸς
634 1880 821 1943 οὐσίας
854 1880 1090 1951 ὑπάρχει
1115 1880 1504 1951 γνωρίσματα,
1537 1880 1711 1936 ταῦτα

1823 1881 1996 1936 Patris
2024 1880 2281 1951 insignia,
2312 1879 2505 1934 eadem
2538 1888 2594 1933 et
2616 1877 2779 1933 Verbi
2804 1878 2897 1932 Dei
2931 1890 3081 1946 sunt,
3111 1882 3275 1936 etiam
3306 1883 3391 1936 in-

104 1970 223 2023 τοῦ
272 1971 410 2025 Θεοῦ
438 1971 649 2039 Λόγου,
700 1972 795 2025 καὶ
837 1971 1211 2042 σαρκωθέντος
1249 1972 1434 2025 ἐστίν’
1491 1972 1591 2043 οὐχ
1638 1972 1714 2036 ώς

103 2060 223 2114 τοῦ
275 2061 491 2133 Πατρός
537 2062 690 2126 ὄντος
725 2063 889 2128 Υίοῦ,
939 2063 972 2135 ἢ
1009 2062 1105 2116 τοῦ
1141 2063 1272 2117 Υἱοῦ
1297 2062 1451 2127 ὄντος
1478 2061 1711 2133 Πατρός.

107 2150 328 2204 Ταῦτα
371 2154 479 2224 γάρ
528 2152 767 2223 ὀνόματα
799 2153 1110 2223 σημαντικά
1153 2152 1251 2225 τῆς
1286 2154 1424 2225 πρὸς
1455 2154 1716 2225 ἀλλήλους

111 2240 381 2311 σχέσεως
412 2241 665 2313 ὑπάρχει.
726 2241 851 2307 Πῶς
880 2242 973 2297 οὖν
1021 2244 1094 2316 μὴ
1130 2244 1373 2312 εἴπωμεν
1401 2244 1501 2316 τὴν
1527 2245 1715 2299 οὐσίαν

109 2333 238 2402 τῆς
269 2331 525 2403 θεότητος
558 2332 860 2397 άνελλιπῶς
891 2335 949 2386 ὲν
979 2333 1058 2403 τῷ
1099 2334 1320 2405 Χριστῷ
1347 2330 1518 2401 εἶναι,
1554 2336 1716 2389 ὁπότε

112 2422 346 2476 τέλειον
372 2421 505 2477 Θεὸν
530 2421 690 2477 αὐτὸν
713 2421 852 2477 εἶναι
879 2440 1093 2494 φαμενς
1126 2424 1250 2489 Πῶς
1276 2425 1351 2491 δὲ,
1384 2426 1478 2480 καὶ
1502 2428 1613 2489 τοῖς
1630 2427 1718 2480 τέ-

116 2514 285 2569 λειον
299 2514 464 2567 αὐτὸν
480 2514 575 2568 ἄνθ
586 2532 764 2586 ρωπον
774 2515 1146 2586 ὁμολογοῦσιν,
1163 2517 1222 2570 οὑ
1241 2519 1422 2570 πᾶσαν
1436 2516 1533 2571 ἀνθ
1542 2517 1717 2589 ρωπό-

118 2618 307 2671 τητος
340 2601 530 2656 οὐσίαν
569 2604 896 2675 ἐνυπάρχειν
927 2606 1076 2677 αὑτῷ
1133 2607 1715 2679 προσομολογήσομεν;

125 2695 223 2748 Οὐ
252 2694 363 2765 γάρ
396 2695 563 2767 μέρος
591 2697 761 2768 αὐτῆς
797 2699 1162 2770 προσείληφεν
1181 2739 1196 2764 ,
1247 2699 1323 2763 ὡς
1342 2699 1717 2770 Ἀπολινάριός

132 2801 286 2853 φησι
304 2826 320 2851 ,
368 2787 546 2857 σάρκα
587 2786 708 2858 δίχα
737 2786 960 2859 λογικῆς
988 2788 1167 2859 ψυχῆς
1189 2828 1205 2851 .
1240 2790 1377 2843 ἀλλὰ
1408 2790 1589 2843 πᾶσαν
1618 2790 1718 2859 τὴν

131 2876 358 2942 οὐσίαν,
384 2878 413 2930 ὅ
440 2880 556 2931 ἐστι
586 2877 723 2950 σὰρξ
746 2878 1115 2953 ὲμψυχωμένη
1146 2880 1291 2952 ψυχῇ
1317 2881 1507 2952 λογικῇ
1534 2897 1593 2935 τε
1623 2881 1719 2935 καὶ

129 2970 336 3041 νοερᾷ.

216 3064 369 3134 Αὑτη
400 3062 508 3135 γάρ
540 3064 733 3128 κοινῶς
768 3064 826 3119 ἐν
853 3067 966 3130 τοῖς
996 3066 1122 3119 καθ’
1150 3065 1380 3120 ἕκαστον
1409 3064 1719 3136 ἀνθρώποις

128 3153 368 3217 τελείως
419 3155 798 3238 ἐνυπάρχουσα
817 3195 832 3221 ,
887 3157 1067 3211 οὐσία
1102 3158 1341 3223 εἰκότως
1371 3155 1449 3210 ἂν
1469 3157 1681 3224 ῥηθείη
1702 3174 1714 3186 ο
1746 3201 1791 3263 C

130 3244 475 3317 χωρίζονται
500 3247 608 3318 γὰρ
634 3247 876 3318 ἀλλήλων
903 3248 954 3301 οἱ
980 3248 1121 3301 κατὰ
1146 3248 1333 3320 μέρος,
1358 3249 1419 3302 οὑ
1445 3254 1511 3320 τῇ
1536 3252 1715 3321 οὐσίᾳ,

130 3341 261 3401 τοῖς
288 3337 346 3391 δὲ
373 3340 775 3409 παρεπομένοις
809 3339 1064 3409 ίδιώμασι
1084 3379 1100 3406 ,
1154 3339 1401 3410 μεγέθει,
1448 3341 1545 3393 καὶ
1573 3340 1718 3411 χρώ-

136 3447 281 3501 ματι
300 3471 317 3491 ,
359 3431 453 3483 καὶ
485 3432 668 3493 ἁπλῶς
696 3432 891 3494 εἰπεῖν,
923 3437 1041 3495 ταῖς
1068 3435 1585 3502 χαρακτηριπικοίς
1613 3432 1721 3485 τῶν

137 3522 464 3596 προσώπων
491 3524 759 3593 ποιότησι.
799 3523 924 3587 Πῶς
953 3524 1010 3577 δὲ
1038 3525 1132 3578 καὶ
1161 3524 1225 3576 ὲκ
1251 3524 1345 3578 δύο
1370 3525 1584 3593 φύσεων
1612 3525 1720 3595 φή-

142 3632 314 3668 σουσι
340 3615 431 3667 τὸν
455 3616 712 3685 Χριστὸν,
741 3616 789 3668 εἰ
821 3616 895 3685 μὴ
923 3616 1044 3668 ἀντὶ
1068 3615 1266 3670 οὐσιῶν
1296 3617 1479 3681 αὐτοῖς
1504 3617 1719 3689 νοηθείη

136 3708 208 3761 τὸ
256 3707 359 3777 τῆς
405 3708 618 3776 φύσεως
669 3707 881 3777 ὅνομα;
937 3707 997 3759 οὐ
1046 3706 1154 3777 γὰρ
1206 3707 1327 3759 ἀντὶ
1369 3706 1723 3759 ὑποστάσεων

138 3800 687 3873 χαρακτηριστικῶν,
710 3800 1045 3872 τολμήσουσι
1066 3801 1266 3868 λέγειν’
1292 3800 1414 3852 ἐπεὶ
1434 3800 1527 3853 καὶ
1548 3801 1611 3852 ὲκ
1631 3799 1722 3852 δύο

142 3893 466 3967 προσώπων
487 3894 997 3965 ἀναγκασθήσονται
1013 3896 1208 3946 εἰπεῖν’
1241 3894 1272 3965 ή
1297 3894 1405 3964 γὰρ
1426 3893 1723 3955 ὑπόστασις

143 3993 184 4061 ἡ
212 3988 714 4061 χαρακτηριστικὴ,
740 3988 1032 4059 πρόσωπον
1060 3987 1274 4040 δίδωσιν
1302 3988 1521 4039 ἐννοεῖν⁸
1554 3988 1609 4039 ὲν
1632 4004 1723 4057 χα-

152 4083 395 4152 ρακτῆρι
422 4080 480 4133 δέ
512 4098 690 4151 φημι,
728 4081 925 4150 μήπως
954 4082 1019 4151 τῇ
1053 4080 1270 4149 συνήθει
1301 4079 1407 4131 τῶν
1434 4080 1723 4150 αἱρετικῶν

146 4174 340 4244 ἀπάτῃ
385 4172 509 4242 δίχα
547 4172 894 4243 χαρακτῆρος
922 4170 1233 4225 ὑποθῶνται
1264 4172 1363 4243 τήν
1391 4171 1686 4224 ὑπόστασιν
1705 4186 1721 4202 ’

149 4266 272 4318 τότε
299 4264 408 4333 γὰρ
436 4263 534 4334 τὴν
563 4264 661 4332 τῆς
684 4263 871 4327 οὐσίας
900 4263 1177 4335 σημασίαν
1210 4263 1564 4335 ἀποφέρεται.
1598 4262 1724 4323 Πῶς

154 4358 211 4410 δὲ
260 4357 356 4411 καὶ
406 4356 687 4427 ὑμοούσιον
724 4356 799 4426 τῷ
832 4358 1006 4424 Πατρὶ
1038 4356 1132 4408 καὶ
1159 4357 1290 4426 ήμῖν
1317 4354 1603 4425 όμοούσιον
1633 4355 1724 4409 τὸν

152 4449 392 4522 Χριστὸν
416 4451 556 4520 μετὰ
573 4450 671 4520 τὴν
692 4450 886 4502 ἕνωσιν
907 4448 1251 4501 ὑποτίθενται
1269 4465 1283 4513 ;
1312 4449 1408 4501 καὶ
1427 4451 1488 4501 οὑ
1510 4449 1723 4519 ναρκῶ-

1816 1971 2025 2027 carnati
2052 1989 2066 2037 ;
2110 1987 2222 2025 non
2258 1981 2318 2026 ut
2346 1972 2507 2027 Pater
2537 1970 2708 2025 Filius
2736 1969 2836 2035 sit,
2874 1979 2967 2024 aut
2998 1971 3172 2025 Filius
3202 1972 3387 2026 Pater.

1816 2061 1943 2116 Haec
1967 2075 2207 2130 namque
2234 2059 2457 2114 nomina
2487 2058 2812 2112 relationem
2848 2057 3195 2112 solummodo
3222 2060 3390 2129 signi-

1816 2153 2004 2208 ﬁcant.
2054 2152 2236 2207 Eceur
2265 2166 2395 2221 ergo
2439 2165 2552 2204 non
2584 2150 2834 2204 dicamus
2864 2149 3171 2204 divinitatis
3198 2164 3388 2204 essen-

1818 2250 1971 2315 tiam,
2014 2249 2225 2318 absque
2263 2247 2376 2302 ullo
2408 2244 2649 2305 defectu,
2684 2244 2949 2313 integram
2977 2258 3096 2298 esse
3130 2242 3185 2297 in
3214 2243 3387 2309 Filio;

1816 2339 2265 2411 quandoquidem
2316 2337 2497 2407 ipsum
2543 2350 2664 2390 esse
2698 2334 3001 2404 perfectum
3036 2334 3208 2388 Deum
3255 2348 3388 2403 pro-

1816 2431 2180 2485 nuntiamus?
2231 2428 2334 2496 Qui
2382 2442 2517 2483 vero
2554 2442 2681 2482 cum
2712 2425 2796 2479 his
2833 2426 2926 2494 qui
2959 2425 3256 2495 perfectum
3290 2425 3391 2479 ho-

1816 2524 2024 2578 minem
2073 2522 2228 2576 illum
2260 2535 2382 2576 esse
2416 2520 2694 2585 fatentur,
2729 2526 2898 2572 totam
2935 2532 3153 2586 quoque
3190 2517 3391 2571 huma-

1818 2614 2012 2669 nitatis
2055 2612 2423 2669 substantiam
2472 2611 2526 2664 in
2573 2624 2640 2664 eo
2677 2623 2798 2664 esse
2844 2624 2954 2662 non
2988 2607 3392 2661 confiteamur?

1817 2707 1937 2763 Non
1979 2707 2125 2762 enim
2172 2713 2384 2776 partem
2421 2702 2690 2757 duntaxat
2719 2701 2842 2770 ejus
2870 2698 3106 2767 accepit,
3142 2706 3203 2751 ut
3231 2697 3394 2752 docet

1819 2799 2213 2872 Apollinarius,
2233 2796 2328 2851 sed
2354 2795 2716 2850 substantiam
2739 2792 3005 2861 integram
3034 2790 3148 2844 sive
3169 2803 3392 2844 carnem

1820 2894 2002 2949 anima
2032 2890 2288 2945 rationali
2318 2896 2376 2944 et
2401 2886 2745 2955 intelligente
2772 2885 3089 2939 animatum.

1891 3066 2016 3122 Haec
2065 3063 2210 3119 enim
2261 3061 2631 3118 communiter
2684 3060 2739 3115 in
2791 3057 3021 3128 singulis
3069 3055 3393 3110 hominibus

1822 3157 2061 3229 perfecte
2089 3151 2380 3216 exsistens,
2412 3150 2568 3202 οὐσία
2599 3149 2820 3211 εἰκότως
2850 3147 2917 3200 ἂν
2945 3145 3155 3216 ῥηθείη,
3197 3144 3250 3199 id
3284 3154 3391 3208 est,

1822 3252 1970 3297 recte
2014 3248 2098 3294 est
2140 3237 2468 3293 substantia.
2514 3235 2727 3305 Singuli
2762 3234 2911 3289 enim
2953 3233 3389 3303 distinguuntur,

1819 3335 1935 3391 sive
1974 3339 2299 3402 separantur
2338 3331 2483 3384 inter
2525 3344 2583 3383 se
2615 3343 2727 3383 non
2756 3326 3060 3382 substantia
3095 3367 3109 3391 ,
3136 3324 3233 3381 sed
3265 3342 3395 3397 pro-

1821 3424 2153 3497 prietatibus
2179 3421 2670 3492 consequentibus,
2707 3419 2822 3474 sive
2852 3418 3247 3474 comitantibus
3274 3433 3394 3474 ma-

1820 3516 2133 3590 gnitudine,
2168 3515 2373 3578 colore,
2406 3520 2486 3578 et,
2523 3520 2585 3567 ut
2618 3527 2730 3567 uno
2756 3511 2925 3567 verbo
2959 3511 3165 3577 dicam,
3195 3510 3393 3566 chara-

1821 3610 2115 3667 cteristieis
2141 3622 2501 3680 personarum
2533 3605 2909 3676 qualitatibus.
2934 3604 3220 3672 Quomodo
3244 3605 3393 3659 enim

1821 3721 1889 3760 ex
1935 3704 2150 3758 duabus
2192 3700 2407 3757 naturis
2447 3698 2727 3755 Christum
2758 3714 2879 3753 esse
2905 3699 3112 3762 dicent,
3152 3698 3257 3753 nisi
3296 3712 3397 3752 no-

1823 3814 1947 3852 men
1978 3805 2189 3850 naturae
2216 3810 2318 3865 pro
2344 3792 2669 3849 substantiis
2696 3792 3043 3862 intelligant?
3084 3791 3203 3847 Non
3245 3791 3395 3845 enim

1823 3888 2109 3943 audebunt
2144 3886 2331 3942 dicere
2375 3900 2473 3955 pro
2516 3883 2907 3955 hypostasibus
2933 3883 3397 3939 characteristicis

1823 3980 1933 4036 dici
1988 3996 2058 4034 ex
2107 3979 2323 4034 duabus
2363 3978 2598 4043 naturis,
2650 3993 2721 4032 ne
2773 3986 3040 4046 cogantur
3088 3976 3276 4031 dicere
3327 3994 3397 4031 ex

1823 4073 2035 4128 duabus
2068 4070 2340 4142 personis.
2380 4070 2697 4141 Hypostasis
2749 4070 2894 4124 enim
2947 4068 3396 4124 cbaracleristica

1825 4180 2059 4237 persona
2094 4163 2458 4232 intelligitur:
2506 4161 2631 4215 dico
2667 4169 2849 4215 autem
2883 4160 3215 4232 hypostasim
3262 4161 3395 4216 cha-

1824 4258 2241 4321 racteristieam,
2275 4256 2390 4311 sive
2426 4255 2480 4309 in
2510 4254 2860 4319 charactere,
2908 4268 2996 4317 ne,
3048 4252 3241 4307 fraude
3291 4255 3399 4308 lite-

1825 4350 2013 4405 reticis
2048 4357 2330 4414 consueta,
2378 4346 2712 4419 hypostasim
2761 4346 2881 4400 sine
2916 4345 3239 4401 charactere
3268 4362 3400 4415 sup-

1824 4451 2051 4512 ponant.
2085 4442 2241 4495 Tunc
2273 4441 2422 4496 enim
2451 4439 2909 4511 significationem
2941 4439 3262 4494 substantiae
3290 4440 3397 4494 fert

152 4558 244 4608 σι,
291 4540 385 4593 δύο
428 4541 526 4611 μὲν
565 4539 824 4610 ὁμοούσια
856 4540 1270 4611 ὁμολογοῦντες,
1310 4542 1633 4611 ἀρνούμενοι
1664 4539 1716 4592 δὲ

1825 4536 2152 4607 hypostasis.
2206 4533 2490 4601 Quomodo
2520 4544 2701 4586 autem
2731 4531 3259 4586 consubstantialem
3293 4533 3396 4586 Pa-

148 4635 251 4699 τὰς
282 4634 377 4687 δύο
404 4633 631 4700 alliciar;
693 4638 706 4647 ’

162 4942 496 5010 Ἀκτίθεσις
542 4942 691 5008 πρὸς
737 4939 877 5008 τοὺς
918 4940 1227 5010 λέγοντας,
1259 4939 1459 5006 ίδικὴν
1507 4939 1727 4995 οὐσίαν

223 5009 377 5066 εἶναι
408 5012 515 5065 τοῦ
546 5013 809 5079 Πατρός,
865 5017 961 5063 καὶ
1003 5009 1207 5078 ⁷ιδικὴν
1253 5011 1361 5065 τοῦ
1407 5011 1570 5076 Υἱοῦ,
1626 5010 1723 5062 καί

227 5086 447 5150 ὁμοίως
474 5082 582 5136 τοῦ
610 5084 782 5151 ἁγίου
811 5082 1174 5150 Πνεύματος.

227 5194 291 5247 Εἰ
342 5195 371 5245 6
393 5196 584 5260 Λόγος,
636 5193 757 5246 καθ’
792 5193 820 5246 6
865 5194 1036 5261 Λόγος
1064 5194 1232 5258 ἐστὶν,
1270 5193 1430 5263 φύσις
1461 5194 1628 5259 ἐστὶν,
1661 5196 1723 5248 οὐ

154 5285 283 5338 καθ’
310 5284 340 5336 ὃ
366 5285 517 5347 θεός·
551 5285 643 5336 καὶ
670 5284 698 5336 6
724 5283 931 5354 Πατὴρ,
952 5284 1074 5337 καθ’
1101 5284 1129 5336 6
1161 5285 1372 5355 Πατὴρ,
1395 5284 1555 5353 φύσις
1584 5286 1721 5345 ἐστὶ,

154 5378 251 5428 καὶ
283 5376 345 5428 οὑ
376 5376 499 5428 καθ’
528 5375 556 5428 6
586 5376 716 5439 θεός
742 5391 756 5406 '
791 5377 886 5428 atati.
917 5376 977 5427 τὸ
1007 5375 1231 5447 Πνεῦμα
1262 5378 1321 5430 τὺ
1346 5378 1520 5446 ἅγιον,
1550 5378 1673 5431 καθ’
1698 5378 1726 5430 6

152 5467 488 5537 ὲκπορευτὴ,
521 5468 681 5535 φύσις
707 5470 844 5531 ἐστὶ,
867 5468 961 5521 καὶ
990 5469 1050 5520 οὐ
1078 5467 1201 5522 καθ’
1226 5468 1254 5520 6
1282 5469 1433 5531 Θεὸς,
1460 5469 1567 5522 οὐδ’
1594 5468 1724 5522 ὁπό-

150 5575 311 5629 τερος
334 5560 514 5613 αὐτῶν
538 5558 690 5612 ἔσται
717 5560 873 5627 φύσει
895 5561 1027 5624 Θεός
1048 5577 1064 5593 ο
1095 5562 1251 5629 εἴπερ
1273 5561 1332 5613 τὸ
1354 5561 1515 5627 Θεὸς,
1538 5562 1725 5615 ούκέτι

154 5651 251 5703 καὶ
292 5651 570 5720 πατρὸτης
604 5654 693 5704 καὶ
723 5654 907 5723 υἱότης
940 5656 1032 5707 καὶ
1058 5654 1385 5724 ὲκπόρευσις
1410 5671 1425 5686 ·
1477 5655 1525 5706 εί
1555 5654 1610 5706 δὲ
1652 5654 1724 5725 μὴ

154 5739 309 5804 Θεὸς,
346 5740 551 5808 κτίσμα
579 5741 814 5805 πάντως.
863 5743 972 5796 Kal
1006 5743 1191 5796 πάλιν
1213 5761 1251 5821 ’κ
1279 5745 1367 5797 Ἑν
1398 5739 1479 5806 οἷς
1510 5744 1723 5814 διακρί-

156 5847 305 5882 νεται
356 5829 449 5883 τοῦ
494 5832 705 5901 Πατρός
752 5835 777 5887 ὁ
817 5833 1007 5902 Λόγος,
1045 5833 1251 5898 τούτοις
1279 5836 1372 5889 καὶ
1398 5835 1557 5904 φύσις
1584 5835 1722 5899 ἐστὶ,

1828 4627 1896 4677 tri
1954 4634 2009 4679 et
2058 4624 2219 4678 nobis
2273 4621 2553 4678 Christum
2598 4629 2725 4691 post
2761 4622 3020 4675 unionem
3070 4630 3303 4691 ponunt,
3341 4629 3399 4675 et

1825 4732 1935 4770 non
1982 4725 2111 4769 sunt
2158 4713 2362 4785 stupidi
2404 4712 2731 4768 conﬁtentes
2768 4713 2991 4783 quidem
3020 4712 3132 4768 duo
3158 4713 3399 4768 consub-

1826 4807 2122 4873 stantialia,
2155 4815 2418 4877 negantes
2445 4821 2578 4860 vero
2604 4804 2742 4860 duas
2767 4806 3145 4861 substantias?

1827 4941 2091 5012 Oppositio
2130 4943 2183 4995 in
2211 4940 2355 5012 illos,
2392 4941 2481 5012 qui
2517 4940 2697 4995 dicunt
2726 4939 3102 5012 particularem
3150 4940 3401 4994 substan-

1896 5010 2163 5082 tiamiesse
2197 5010 2412 5077 Patris,
2448 5021 2498 5066 et
2545 5010 2921 5082 particularem
2954 5010 3095 5075 Filii,
3129 5012 3401 5065 similiter-

1896 5100 1994 5153 que
2025 5081 2251 5153 Spiritus
2289 5084 2479 5137 sancti.

1897 5195 1953 5251 Si
1981 5195 2243 5261 Verbum,
2271 5194 2575 5250 secundum
2605 5194 2757 5265 quod
2786 5204 2870 5249 est
2904 5194 3172 5255 Verbum,
3204 5200 3401 5248 natura

1826 5296 1931 5351 est,
1959 5303 2068 5340 non
2095 5286 2397 5342 secundum
2424 5287 2569 5356 quod
2598 5288 2745 5342 Deus
2767 5297 2884 5353 est;
2914 5296 2970 5340 et
2992 5287 3176 5350 Pater,
3204 5300 3400 5339 secun-

1826 5380 1955 5434 dum
1980 5379 2127 5449 quod
2154 5378 2334 5443 Pater,
2367 5388 2557 5434 natura
2581 5389 2686 5445 est,
2715 5388 2770 5433 et
2792 5394 2900 5433 non
2924 5377 3223 5432 secundum
3251 5376 3397 5446 quod

1828 5471 1974 5525 Deus
2024 5478 2147 5536 est;
2199 5480 2255 5526 et
2304 5470 2543 5542 Spiritus
2601 5479 2847 5535 sanctus,
2881 5468 3184 5524 secundum
3250 5467 3399 5537 quod

1827 5562 2134 5633 procedens
2162 5571 2360 5617 natura
2391 5572 2495 5629 est,
2527 5571 2585 5617 et
2617 5579 2728 5617 non
2753 5561 3055 5617 secundum
3082 5557 3227 5628 quod
3253 5560 3401 5612 Deus

1825 5662 1941 5719 est;
1992 5654 2187 5708 horum
2248 5664 2444 5710 neuter
2497 5663 2694 5709 natura
2748 5655 2890 5708 Deus
2941 5653 3076 5718 erit;
3126 5650 3399 5717 siquidem

1827 5744 1997 5811 Deus,
2048 5746 2272 5801 minime
2349 5745 2678 5817 paternitas,
2747 5744 2937 5799 ﬁliatio
3001 5754 3057 5799 et
3118 5745 3402 5814 processio
3494 5768 3501 5775 ι

1825 5846 1937 5901 est;
1988 5837 2134 5905 quod
2186 5837 2231 5892 si
2278 5852 2387 5893 non
2426 5838 2572 5893 Deus
2612 5843 2719 5903 est,
2749 5844 3000 5893 creatura
3044 5833 3289 5891 omnino.
3331 5833 3401 5887 Et
