4018 6514
531 352 675 419 2947

1565 356 1628 418 S.
1666 354 1985 419 EULOGII
2022 354 2376 416 ARCHIEP.
2413 354 2793 420 ALEXAND.

3648 358 3789 425 2948

532 480 759 523 rursus:
792 465 854 521 In
880 464 1081 536 quibus
1118 463 1485 537 distinguitur
1510 481 1542 521 a
1568 467 1732 523 Patre
1762 467 2027 531 Verbum,
2061 466 2101 520 ir

2218 464 2432 529 τούτοις
2475 463 2532 518 δὲ
2573 464 2668 517 καὶ
2698 465 2836 535 πρὸς
2862 461 2963 535 τήν
2988 462 3169 535 σάρκα
3193 463 3512 531 ταυτίζεται
3540 466 3569 521 6
3592 467 3785 537 Λόγος·

533 559 622 613 his
648 565 845 612 natura
883 566 989 623 est,
1022 555 1216 611 iisdem
1247 571 1383 611 vero
1414 556 1484 611 ad
1525 572 1749 613 carnem
1780 557 2112 613 assimilatur

532 649 799 715 Verbum,
823 648 1071 719 ejusdem
1112 648 1333 718 quidem
1378 648 1455 702 ita
1492 658 1707 704 natura:
1732 632 1940 705 eritiac
1962 663 2109 713 caro,

531 742 756 798 alterius
801 748 984 796 autem
1019 752 1228 795 natura:
1265 756 1329 795 ac
1353 741 1537 795 Pater.
1584 740 2029 811 Singularitatem
2054 740 2111 795 in

530 833 925 889 communitate
975 839 1188 887 natura:
1230 832 1395 887 habet
1425 848 1549 887 cum
1579 831 2111 902 particularitatibus

528 941 652 996 qua:
685 925 839 980 illum
875 940 905 979 a
939 924 1335 979 communitate
1383 923 1748 996 distinguunt,
1778 938 1888 978 non
1912 938 2111 978 secun-

531 1018 665 1073 dum
708 1027 869 1072 notas
894 1033 1019 1087 qua:
1044 1017 1199 1071 illum
1230 1016 1299 1071 ab
1325 1016 1520 1071 iisdem
1547 1015 1853 1071 substantia
1877 1014 2107 1084 reliquis

528 1109 903 1180 distinguunt,
933 1109 1247 1163 communis
1275 1107 1398 1176 ejus
1421 1116 1617 1162 natura
1646 1116 1763 1173 est‘;
1793 1106 1888 1162 sed
1916 1122 2107 1162 secun-

526 1200 662 1255 dum
710 1208 882 1255 totam
910 1208 1026 1254 toto
1064 1200 1121 1254 in
1151 1199 1245 1254 illo
1272 1199 1629 1254 exsistentem
1656 1198 1913 1254 distincte
1944 1208 2107 1254 natu-

529 1306 668 1345 ram.
707 1290 827 1344 Non
855 1290 1002 1343 enim
1031 1288 1182 1343 aliud
1217 1297 1304 1344 est
1335 1288 1693 1344 subsistentia
1723 1288 1870 1343 circa
1893 1287 2110 1344 divinos

526 1381 839 1450 genitores,
897 1394 960 1433 ae
1005 1378 1313 1433 substantia
1367 1394 1491 1433 cum
1549 1378 2105 1448 particularitatibus.

527 1472 769 1541 Superat
802 1473 951 1526 enim
983 1471 1210 1526 omnino
1235 1471 1595 1525 subsistentia
1626 1471 1745 1542 ejus
1790 1471 2110 1527 substantia:

526 1564 928 1635 distiuguentes
956 1565 1023 1618 ab
1044 1564 1110 1618 iis
1142 1564 1233 1633 qui
1266 1564 1511 1633 ejusdem
1544 1563 1749 1633 speciei
1779 1574 1909 1619 sunt
1935 1565 2107 1635 parti-

526 1657 866 1712 cularitates.
914 1657 1072 1713 Unde
1104 1657 1243 1711 nihil
1276 1658 1331 1710 in
1362 1656 1687 1712 substantia:
1723 1658 1883 1711 istius
1911 1656 2109 1712 deﬁni-

526 1748 679 1802 tione
710 1746 1034 1811 assumitur,
1071 1734 1169 1801 sed
1218 1746 1275 1799 in
1316 1744 1678 1811 indicatione,
1710 1744 1981 1813 siquidem
2014 1759 2109 1814 ap-

2210 554 2458 627 όμοφυής
2494 556 2593 626 μὲν
2621 556 2773 610 ἔσται
2807 556 2950 610 οὕτω
2978 572 3043 625 γε
3072 556 3138 629 τῇ
3167 559 3334 628 σαρκὶ
3352 598 3367 622 ,
3401 560 3701 631 ἐτεροφυής
3728 563 3787 616 δὲ

2211 648 2289 719 τῷ
2311 648 2488 719 Πατρί
2509 664 2523 679 ο
2560 652 2621 701 τὸ
2646 648 2983 703 καθέκαστον
3007 648 3068 701 τὸ
3089 646 3269 703 κοινὸν
3289 646 3428 721 ἔχων
3454 652 3552 721 τῆς
3574 652 3789 719 φύσεως

2214 738 2354 810 μετὰ
2377 738 2484 792 τῶν
2505 740 2875 810 ἀφοριστικῶν
2903 739 3068 795 αὑτοῦ
3094 735 3203 794 ἀπὸ
3227 740 3321 794 τοῦ
3345 738 3527 796 κοινοῦ
3558 744 3788 812 ἰδιωμά-

2210 842 2318 881 των
2339 870 2355 896 ,
2404 829 2463 882 οὑ
2498 830 2640 884 κατὰ
2668 830 2735 885 τὰ
2762 831 3088 903 ἀφοριστικὰ
3113 832 3277 887 αὑτοῦ
3314 830 3422 887 ἀπὸ
3451 834 3560 887 τῶν
3584 834 3790 889 λοιπῶν

2213 919 2548 990 ὑμοουσίων,
2605 924 2747 977 κατά
2780 923 2953 978 ταῦτα
2988 926 3022 995 ή
3056 924 3210 997 κοινή
3239 926 3401 996 φύσις
3428 923 3578 981 ἐστίν
3598 944 3613 958 ·
3650 929 3792 983 ἀλλά

2214 1008 2355 1063 κατά
2409 1009 2509 1080 τὴν
2552 1008 2679 1081 ὃλην
2723 1012 2829 1083 ὅλῳ
2866 1011 3280 1083 ἐνυπάρχουσαν
3318 1010 3466 1085 αὑτῷ
3495 1015 3788 1087 όριστικῶς

2214 1101 2397 1171 φύσιν.
2441 1101 2575 1157 Οὐδὲ
2606 1104 2710 1175 γὰρ
2740 1104 2926 1175 ἕτερόν
2957 1106 3073 1159 ἐστι
3103 1108 3135 1176 ή
3163 1104 3461 1171 ὑπόστασις
3491 1104 3636 1162 κατά
3660 1110 3790 1173 τοὺς

2211 1192 2502 1262 Θεοφόρους
2532 1195 2782 1265 Πατέρας
2803 1233 2820 1258 ,
2867 1195 2900 1266 ἢ
2938 1194 3094 1249 οὑσία
3145 1196 3283 1267 μετὰ
3310 1197 3419 1250 τῶν
3452 1196 3787 1269 ἰδιωμάτωνδ

2210 1284 2517 1356 περιττεύει
2566 1287 2674 1358 γὰρ
2727 1289 2946 1352 πάντως
3010 1288 3044 1360 ή
3093 1289 3394 1354 ὑπόστασις
3449 1290 3551 1361 τῆς
3595 1292 3790 1357 οὐσίας

2209 1379 2383 1447 αὑτῆς
2432 1382 2543 1444 τοῖς
2584 1381 2957 1451 ἁφοριστικοῖς
2996 1381 3104 1434 ἀπὸ
3136 1381 3245 1434 τῶν
3276 1379 3480 1435 λοιπῶν
3520 1384 3791 1453 ὁμοειδῶν

2213 1468 2502 1540 ίδιώμασιν
2522 1486 2535 1499 ·
2584 1471 2707 1523 ὅθεν
2741 1470 2895 1525 οὐδὲν
2927 1473 2984 1524 ιν
3013 1470 3090 1542 τῷ
3117 1473 3228 1543 ὅρῳ
3273 1472 3373 1542 τῆς
3400 1473 3588 1537 οὑσίας
3614 1474 3789 1544 αὐτῆς

2209 1560 2572 1633 λαμϐάνεται,
2614 1564 2729 1616 ἀλλ’
2758 1566 2816 1618 ὲν
2843 1567 2908 1635 τῇ
2938 1566 3253 1636 ὑπογραφῆ,
3290 1566 3478 1637 ἐπειδὴ
3509 1568 3787 1621 ὲπουσιὼ-

2209 1652 2270 1723 δη
2326 1654 2722 1725 τυγχάνουσιν,
2778 1656 2879 1710 οὑκ
2929 1655 3182 1726 οὑσιώδη.
3236 1656 3327 1710 Διὸ
3371 1657 3467 1712 καὶ
3504 1655 3787 1724 Βασίλειός

2209 1761 2375 1814 φησιν
2396 1784 2412 1811 ,
2466 1747 2547 1798 ὃτι
2583 1746 2813 1811 ἕκαστος
2841 1747 2998 1818 ήμῶν
3029 1748 3124 1802 καὶ
3155 1746 3233 1818 τῷ
3264 1748 3428 1819 κοινῷ
3463 1751 3565 1819 τῆς
3592 1748 3785 1815 οὑσίας

522 1839 773 1909 parentia
802 1838 979 1893 solum
1012 1838 1276 1901 occurrit,
1300 1852 1410 1891 non
1441 1838 1769 1893 substantia.
1797 1836 1927 1892 Ideo
1955 1836 2101 1891 Basi-

2208 1836 2351 1907 λόγῳ
2383 1837 2478 1891 τοῦ
2510 1832 2648 1892 εἶναι
2680 1840 2933 1911 μετέχει·
2991 1841 3083 1894 καὶ
3129 1844 3241 1905 τοῖς
3270 1843 3399 1912 περὶ
3424 1842 3608 1896 αὑτῶν
3642 1841 3785 1897 ἰδιῶ-

522 1929 633 1985 lius
676 1929 832 1993 dicit,
868 1943 1146 1998 quemque
1186 1936 1440 1983 nostrum
1472 1927 1751 1982 communi
1780 1927 2101 1981 substantia:

523 2022 742 2077 ratione
759 2021 1093 2077 exsistentia:
1116 2021 1467 2092 participare;
1494 2031 1549 2076 et
1572 2020 2101 2091 particularitatibus

522 2129 625 2184 per
674 2113 942 2184 singulos,
997 2114 1160 2168 talem
1212 2124 1307 2167 aut
1356 2113 1521 2168 talem
1555 2128 1829 2183 quemque
1862 2127 2003 2167 esse.
2044 2109 2101 2166 Si

523 2211 857 2280 cogitatione
906 2218 1195 2264 moventes
1226 2224 1418 2264 omnes
1458 2225 1580 2279 qua:
1618 2209 1936 2279 contingere
1978 2222 2104 2278 pos-

524 2311 657 2357 sunt
690 2301 1177 2371 particularitates,
1208 2308 1265 2354 et
1293 2299 1443 2355 Petri
1487 2308 1740 2354 naturam
1764 2300 1936 2370 ipsam
1967 2314 2101 2354 con-

524 2393 865 2457 siderantes,
927 2394 1005 2448 ita
1058 2392 1374 2448 deﬁniendo
1433 2392 1699 2458 dicimus,
1760 2393 1917 2446 illum
1978 2406 2101 2447 esse

526 2485 729 2541 animal
759 2485 1085 2541 rationabile
1116 2485 1368 2540 mortale.
1405 2486 1607 2540 Eadem
1642 2495 1825 2540 autem
1854 2484 2101 2540 deﬁnitio

525 2578 585 2633 in
640 2586 840 2633 natura
894 2578 1221 2648 simpliciter
1257 2593 1289 2633 a
1331 2578 1495 2632 nobis
1536 2578 1875 2648 assignatur;
1907 2576 2101 2631 eadem

524 2686 657 2741 ergo
703 2671 811 2725 erit
861 2670 1001 2725 ratio
1043 2671 1100 2724 in
1137 2679 1335 2724 natura
1360 2670 1711 2739 simpliciter,
1740 2678 1797 2724 et
1822 2658 2099 2724 in'natura

526 2761 585 2816 in
630 2761 815 2831 aliquo
858 2760 1224 2816 considerata.
1268 2760 1555 2827 Quomodo
1594 2762 1761 2831 igitur
1800 2775 1910 2815 non
1941 2775 2101 2830 posse

525 2867 875 2908 communem
926 2854 981 2907 in
1027 2853 1258 2924 singulis
1306 2862 1557 2908 naturam
1592 2869 1735 2917 esse,
1771 2852 1876 2908 etsi
1903 2853 2100 2922 sapius

525 2962 597 3002 ex
622 2946 716 3000 illa
746 2945 973 3010 dicitur,
1002 2961 1035 2999 a
1061 2944 1217 2999 vobis
1251 2944 1551 2999 aﬁirmatur
1586 2946 1609 2998 ?
1635 2945 1709 2999 ita
1735 2952 1796 2999 ut
1821 2955 2017 3000 natura
2043 2943 2099 2998 in

527 3036 757 3108 singulis
782 3036 1110 3100 communis,
1150 3036 1507 3091 subsistentia
1541 3044 1722 3091 autem
1754 3036 2101 3106 particularis

525 3129 620 3185 sit.
659 3128 717 3184 Si
743 3143 1089 3183 communem
1113 3137 1365 3183 naturam
1386 3128 1624 3183 Verbum
1646 3143 1756 3183 non
1781 3128 2096 3198 assumpsit,
2125 3164 2169 3225 ο

527 3236 858 3277 excusamur
897 3236 999 3276 nos
1038 3220 1185 3290 quod
1232 3228 1485 3275 naturam
1530 3219 1767 3275 dicimus
1808 3220 1964 3275 illum
2013 3236 2100 3276 as-

529 3312 863 3382 sumpsisse,
912 3326 1024 3367 non
1066 3310 1288 3380 quidem
1341 3310 1784 3365 subsistentiales
1833 3310 2100 3380 cujusque

527 3402 995 3475 particularitates
1019 3420 1033 3456 :
1072 3402 1156 3457 ha:
1183 3402 1334 3458 enim
1358 3401 1604 3457 eiliciunt
1640 3402 1838 3457 Judam
1863 3418 1985 3458 csse
2017 3411 2099 3457 ta-

528 3497 637 3551 lem
674 3502 771 3549 aut
800 3495 997 3559 talem;
1028 3494 1177 3564 quod
1204 3494 1461 3549 omnibus
1490 3493 1714 3549 omnino
1739 3494 1965 3550 evidens
1992 3502 2096 3549 est.

526 3589 657 3645 ideo
687 3604 719 3644 e
750 3588 1139 3644 communibus
1179 3587 1504 3643 substantiis
1547 3588 1807 3643 unionem
1853 3587 1973 3643 ﬁeri
2013 3587 2098 3641 di-

527 3691 736 3747 centes,
769 3696 881 3735 non
911 3679 1311 3735 necessitamur
1341 3679 1603 3735 inducere
1634 3694 1826 3735 omnes
1872 3681 1924 3734 iu
1956 3680 2098 3734 invi-

528 3789 650 3830 cem
675 3772 1086 3837 subsistentias,
1121 3781 1182 3826 ut
1211 3772 1301 3827 isti
1338 3772 1636 3843 hypocrita:
1663 3772 2008 3826 cavillantur.
2042 3771 2098 3827 Si

527 3866 697 3937 igitur
719 3864 1018 3935 perfectam
1046 3871 1102 3921 et
1126 3863 1451 3933 completam
1476 3872 1534 3918 et
1561 3861 2098 3932 superabundantem

526 3959 584 4014 in
626 3959 720 4015 illo
768 3958 1074 4014 divinitatis
1114 3966 1364 4011 naturam
1408 3957 1689 4011 hominem
1738 3956 1933 4011 factam
1976 3969 2098 4011 esse

526 4052 785 4115 dicimus.
835 4066 957 4121 qua:
999 4050 1304 4107 necessitas
1348 4049 1495 4120 cogit
1542 4064 1644 4104 nos
1694 4049 1823 4105 talia
1864 4047 2099 4103 dicendo

528 4148 592 4195 ut
628 4141 841 4194 Patrem
886 4149 943 4195 et
972 4138 1241 4208 Spiritum
1279 4137 1347 4192 ad
1379 4138 1621 4193 hominis
1668 4138 2097 4207 assumptionem

526 4249 749 4304 quoque
773 4234 999 4288 omnino
1020 4231 1413 4287 demittamus?
1443 4230 1730 4296 Quomodo
1748 4229 1915 4295 enim,
1934 4230 2097 4284 Petro

526 4325 817 4389 cruciﬁxo,
847 4333 905 4380 et
923 4325 1093 4379 Paulo
1116 4324 1410 4388 deeollato,
1438 4338 1506 4378 eo
1532 4323 1678 4392 quod
1702 4323 1917 4378 illorum
1947 4331 2097 4377 uter-

526 4434 636 4488 que
661 4418 879 4488 plenam
910 4425 967 4472 et
989 4417 1318 4486 completam
1345 4430 1472 4471 cum
1502 4415 1820 4470 hominibus
1851 4430 2096 4469 commu-

2207 1947 2372 2000 μασιν
2396 1968 2413 1994 ,
2449 1931 2478 1984 ό
2510 1930 2659 1985 δεῖνά
2682 1932 2797 1985 ἐστι
2830 1932 2923 1986 καὶ
2954 1934 2982 1986 ὁ
3009 1933 3176 1987 δεῖνα.
3230 1932 3293 1986 Εἰ
3328 1936 3684 2006 χωρήσαντες
3714 1938 3780 2008 τῇ

2203 2021 2419 2092 ἐπινοίᾳ
2448 2020 2519 2074 τὰ
2550 2022 2937 2093 συμϐεϐηκότα
2967 2024 3231 2095 ἰδιώματα
3253 2062 3269 2088 ,
3322 2026 3420 2079 καὶ
3462 2025 3552 2095 ἐφ’
3580 2028 3782 2097 ἑαυτὴν

2202 2112 2299 2183 τὴν
2330 2114 2534 2185 Πέτρου
2565 2117 2937 2186 σκοπήσαντες
2963 2115 3146 2185 φύσιν,
3182 2117 3489 2188 ὁριζόμενοι
3514 2118 3665 2172 οὕτω
3695 2120 3784 2173 λέο

2202 2221 2396 2274 γομεν,
2432 2206 2514 2258 ὅτι
2545 2204 2685 2269 ζῶον
2707 2206 2922 2275 λογικὸν
2954 2207 3167 2279 θνητόνο
3204 2209 3232 2261 6
3260 2209 3421 2273 αὑτὸς
3449 2211 3506 2264 δὲ
3536 2212 3665 2281 ὄρος
3689 2208 3782 2266 καὶ

2202 2296 2296 2350 ἐπὶ
2343 2298 2441 2365 τῆς
2490 2296 2675 2362 ἁπλῶς
2728 2298 2944 2369 φύσεως
2997 2301 3141 2372 παρ’
3186 2301 3345 2372 ήμῶν
3375 2299 3723 2369 ἀποδίδοται,
3753 2302 3783 2356 6

2202 2388 2363 2451 αὑτὸς
2390 2388 2497 2461 ἄρα
2522 2388 2672 2443 ἔσται
2695 2389 2851 2459 λόγος
2874 2392 2966 2445 ὲπὶ
2986 2394 3084 2463 τῆς
3107 2392 3293 2455 ἁπλῶς
3314 2393 3549 2461 φύσεως,
3575 2394 3672 2447 καὶ
3690 2395 3784 2447 ἐπὶ

2200 2482 2299 2552 τῆς
2328 2482 2385 2534 ἐν
2404 2499 2509 2536 τινι
2538 2482 2935 2555 θεωρουμένης’
2968 2484 3068 2539 ποῦ
3094 2485 3184 2539 οὖν
3210 2487 3270 2540 τὸ
3299 2488 3373 2558 μὴ
3397 2486 3664 2541 δύνασθαι
3685 2488 3782 2555 τήν

2202 2574 2386 2643 φύσιν,
2418 2575 2511 2628 τοῦ
2542 2575 2665 2628 καθ’
2695 2575 2925 2630 ἕκαστον
2954 2576 3141 2647 κοινὴν
3166 2573 3334 2644 εἶναι,
3371 2578 3478 2632 κᾶν
3506 2578 3777 2641 πολλάκις

2200 2666 2261 2731 ἐξ
2300 2667 2468 2737 αὑτῆς
2502 2666 2766 2738 λέγηται,
2806 2670 2942 2741 ὅπερ
2978 2669 3038 2722 ἓν
3075 2668 3417 2741 βεϐαιοῦται;
3448 2670 3592 2724 ὥστε
3620 2670 3656 2738 ἡ
3680 2669 3777 2739 μὲν

2200 2759 2361 2828 φύσις
2390 2757 2483 2813 τοῦ
2512 2759 2635 2813 καθ’
2658 2760 2888 2814 ἕκαστον
2918 2760 3071 2833 κοινὴ
3091 2802 3107 2829 ,
3142 2762 3176 2832 ἡ
3203 2761 3250 2815 δ’
3280 2762 3582 2826 ὑπόστασις
3609 2763 3773 2834 ίδική.

2200 2852 2263 2905 Ei
2306 2851 2404 2923 τὴν
2438 2854 2625 2925 κοινὴν
2659 2854 2820 2923 φύσιν
2863 2855 2892 2907 6
2931 2855 3107 2925 Λόγος
3152 2856 3254 2910 οὑκ
3299 2857 3602 2920 ἀνέλαϐεν,
3643 2859 3775 2911 ἀπο-

2201 2943 2511 3015 λογούμεθα
2541 2946 2738 3016 ἡμεῖς,
2774 2946 2856 2999 ὅτι
2882 2946 2979 3017 τὴν
3003 2946 3165 3013 φύσιν
3190 2947 3416 3018 είπομεν
3443 2948 3608 3002 αὑτὸν
3636 2948 3771 3003 ἀνα-

2200 3033 2385 3088 λαϐεῖν
2410 3076 2427 3102 ,
2482 3036 2542 3089 οὑ
2593 3036 2699 3107 μὴν
2730 3037 2801 3089 τὰ
2829 3036 3170 3091 ὑποστατικά
3199 3038 3433 3093 ἑκάστου
3466 3039 3768 3110 ἰδιώματα·

2200 3124 2371 3178 ταῦτα
2401 3125 2509 3197 γὰρ
2538 3129 2685 3180 ποιεῖ
2711 3128 2801 3182 τὸν
2828 3126 3025 3182 Ἰούδαν
3057 3130 3152 3185 καὶ
3176 3129 3269 3183 τὸν
3296 3130 3444 3184 δεῖνα
3462 3147 3477 3160 ⁰
3513 3132 3544 3184 ὃ
3575 3148 3631 3184 τι
3660 3133 3771 3194 τοῖς

2202 3216 2429 3271 καθόλου
2470 3217 2637 3273 πᾶσιν
2672 3220 2819 3273 ἐστιν
2848 3218 3087 3292 εὑδηλον.
3129 3221 3331 3293 Διόπερ
3365 3224 3431 3276 ἐκ
3459 3222 3661 3277 κοινῶν
3685 3223 3771 3276 οὑ-

2201 3310 2334 3363 σιῶν
2364 3310 2612 3379 λέγοντες
2644 3310 2741 3379 τὴν
2769 3310 2959 3365 ἕνωσιν
2984 3311 3273 3380 γενέσθαι,
3327 3313 3428 3366 οὑκ
3460 3313 3769 3381 ἀναγκαζό-

2203 3402 2344 3472 μεθα
2384 3402 2726 3470 συνεισάγειν
2763 3402 2861 3463 τάς
2893 3402 2985 3455 ὑπ’
3010 3404 3179 3467 αὐτὰς
3206 3405 3537 3466 ὑποστάσεις
3564 3403 3765 3467 πάσας,

2198 3492 2274 3555 ὡς
2319 3492 2368 3544 οἱ
2418 3493 2753 3561 συκοφάνται
2794 3492 3072 3564 ληροῦσιν.
3122 3495 3186 3548 Ei
3219 3495 3396 3549 τοίνυν
3428 3495 3645 3549 τελείαν
3678 3493 3767 3550 καὶ

2197 3584 2455 3655 ἀνελλιπῆ
2500 3585 2594 3638 καὶ
2637 3584 2965 3659 ὑπερπλήρη
2994 3585 3187 3657 ἔχοντα
3227 3588 3285 3641 ἐν
3316 3587 3492 3659 ἑαυτῷ
3522 3589 3620 3658 τῆς
3650 3588 3768 3642 θεό-

2196 3693 2359 3745 τητος
2383 3674 2479 3748 τὴν
2499 3676 2659 3745 φύσιν
2679 3676 3100 3748 ὲνανθρωπῆσαι
3120 3678 3372 3748 λέγομεν,
3398 3680 3529 3732 ποία
3552 3680 3765 3749 ἀνάγκη

2199 3768 2345 3837 ἡμᾶς
2378 3765 2533 3820 τοῦτο
2564 3766 2821 3835 λέγοντας
2847 3768 3067 3832 πάντως
3098 3769 3193 3822 καὶ
3219 3769 3310 3824 τὸν
3339 3769 3561 3841 Πατέρα
3590 3770 3768 3824 καὶτὸ

2199 3861 2422 3932 Πνεῦμα
2448 3862 2836 3925 καταϐιϐάζειν
2864 3863 2944 3925 εἰς
2969 3863 3068 3933 τὴν
3092 3862 3530 3933 ὲνανθρώπησιν;
3568 3863 3635 3915 Τί
3665 3859 3767 3933 γὰρ

2199 3956 2407 4026 Πέτρου
2442 3955 2845 4025 σταυρωθέντος
2893 3954 2927 4025 ἢ
2964 3954 3179 4007 Παύλου
3208 3954 3641 4025 ἀποτμηθέντος,
3679 3957 3764 4007 καὶ

2199 4043 2430 4116 Θατέρου
2483 4044 2662 4097 αὑτῶν
2717 4046 2899 4117 πλήρη
2955 4047 3049 4099 καὶ
3094 4046 3390 4117 ὁλόκληρον
3440 4046 3540 4116 τὴν
3584 4045 3761 4113 κοινὴν

2197 4138 2410 4208 ἔχοντος
2455 4139 2564 4193 τῶν
2609 4138 2911 4210 ἀνθρώπων
2949 4140 3111 4208 φύσιν
3134 4179 3150 4205 ,
3200 4140 3326 4202 τοὺς
3354 4138 3579 4203 λοιποὺς
3614 4137 3758 4192 τοῦτο

2196 4229 2535 4300 παρέϐλαψε,
2572 4232 2699 4293 τοὺς
2728 4230 2831 4283 ὑπὸ
2857 4230 2953 4301 τὴν
2978 4231 3145 4301 αὑτήν
3172 4230 3545 4300 ἀναγομένους
3572 4229 3754 4298 φύσιν;

2195 4323 2276 4375 ὅτι
2309 4322 2370 4374 οὑ
2401 4322 2649 4388 φύσεων,
2686 4322 2801 4374 ἀλλ’
2832 4323 3184 4376 ὑποστάσεων
3219 4322 3489 4391 ἰδιότητας
3514 4321 3753 4374 διδασκόο

2197 4414 2360 4486 μεθα.
2420 4414 2721 4485 Γρηγόριος
2769 4416 2825 4467 ὲν
2869 4416 3108 4485 δευτέρῳ
3158 4414 3277 4467 κατ’
3312 4414 3585 4481 Εὑνομίου
3625 4413 3753 4481 λόγῳ

525 4523 653 4564 nem
682 4508 940 4563 habuerit
970 4515 1247 4571 naturam,
1274 4506 1517 4577 reliquos
1557 4506 1673 4561 haec
1702 4506 1969 4576 supplicia
2001 4506 2096 4561 lae—

2202 4506 2341 4561 οὑτω
2372 4508 2503 4578 φησὶ
2544 4507 2673 4578 περὶ
2714 4507 2946 4579 Πατρὸς,
2978 4508 3072 4562 καὶ
3099 4506 3252 4572 Υίοῦ,
3280 4508 3373 4560 καὶ
3404 4507 3565 4574 ἁγίου
3594 4504 3752 4559 Πνεύ-

529 4607 725 4655 serunt
775 4614 986 4664 omnes,
1032 4597 1126 4668 qui
1154 4596 1403 4653 eamdem
1431 4603 1681 4651 naturam
1711 4596 1889 4650 sortiti
1922 4596 2094 4651 sunt?

524 4692 655 4760 quia
697 4707 809 4746 non
838 4698 1158 4745 naturarum
1190 4688 1286 4744 sed
1328 4688 1808 4744 subsistentiarum
1852 4686 2094 4756 particu-

524 4783 774 4838 laritates
802 4782 1172 4853 agnoscimus.
1208 4779 1504 4851 Gregorius
1536 4777 1591 4833 in
1624 4777 1869 4833 secundo
1898 4788 2092 4835 contra

2202 4617 2369 4671 ματος
2391 4639 2405 4663 ,
2454 4598 2526 4663 ὡς
2559 4599 2645 4653 διὰ
2672 4599 2779 4653 τῶν
2805 4600 3048 4669 κλήσεων
3071 4598 3294 4663 τούτων,
3323 4598 3384 4650 οὑ
3410 4597 3627 4667 φύσεων
3651 4597 3750 4649 διαο

2199 4689 2370 4760 φορὰν
2390 4688 2778 4758 διδασκόμεθα,
2804 4688 2940 4742 ἀλλά
2966 4688 3132 4759 μόνας
3156 4688 3256 4751 τὰς
3278 4687 3387 4740 τῶν
3412 4685 3751 4739 ὑποστάσεων

2196 4781 2563 4852 γνωριστικάς
2600 4780 2889 4852 ἰδιότητας.

524 4876 859 4931 Eunomium
890 4888 1144 4929 sermone
1173 4873 1247 4927 ita
1276 4871 1411 4927 dicit
1453 4870 1521 4925 de
1568 4870 1746 4937 Patre,
1785 4877 1841 4926 et
1882 4870 2042 4933 Filio,
2086 4880 2142 4928 et
2180 4881 2372 4928 saneto
2420 4872 2647 4943 Spiritu,
2693 4871 2840 4941 quod
2891 4887 2991 4942 per
3039 4870 3139 4925 has
3186 4869 3605 4940 appellationes,
3651 4880 3749 4923 non

524 4985 846 5031 naturarum
870 4970 1234 5026 diﬁ‘ereutiam
1256 4967 1620 5040 agnoscimus,
1649 4965 1745 5022 sed
1771 4966 1914 5022 solas
1933 4967 2407 5025 subsistentiarum
2436 4968 2781 5023 distinctivas
2804 4967 3284 5037 particularitates.

736 5090 821 5146 Ex
852 5089 1063 5160 Eulogii
1090 5086 1438 5143 Alexandrini
1461 5084 1873 5155 Defemionibus.

2266 5084 2359 5136 Ἐκ
2384 5080 2503 5135 τῶν
2526 5079 2904 5150 Συνηγοριῶν
2924 5079 3220 5149 Εὐλογίου
3254 5077 3714 5147 Ἀλεξανδρείας.

1531 5200 1689 5270 (Aug.
1721 5199 1821 5253 MAI
1854 5196 2046 5267 Script.
2075 5207 2176 5251 vet.
2213 5207 2252 5252 t.
2287 5196 2419 5261 Vlll,
2442 5212 2499 5267 p.
2533 5196 2748 5265 54-57.)

593 5321 788 5378 Audivi
814 5320 1053 5390 aliquem
1092 5334 1283 5373 eorum
1311 5327 1533 5373 strenue
1564 5317 1885 5387 gestientem
1914 5316 2089 5369 disse-

462 5465 464 5467 ,
519 5429 662 5479 rere,
706 5428 815 5468 non
854 5426 974 5467 esse
1006 5419 1259 5464 naturam
1289 5408 1732 5479 impersonalem,
1768 5406 1864 5461 sed
1894 5422 2088 5461 conse-

519 5508 749 5561 etariam
804 5515 1013 5558 natura:
1067 5517 1375 5573 personam.
1436 5500 1493 5555 Si
1558 5500 1726 5570 igitur
1784 5499 1905 5553 dum
1959 5506 2088 5553 sunt

518 5607 759 5662 naturae,
824 5595 1117 5651 admodum
1176 5610 1395 5665 quoque
1456 5609 1577 5649 esse
1616 5593 1755 5646 duas
1801 5606 2086 5661 personas,

521 5691 798 5755 quomodo
834 5691 1053 5745 illorum
1098 5691 1191 5760 qui
1229 5690 1354 5744 talia
1387 5688 1671 5759 proferunt
1698 5702 1809 5741 non
1840 5700 1940 5740 nos
1986 5684 2089 5737 mi-

519 5797 751 5853 sereret,
782 5801 907 5840 cum
938 5786 1009 5840 ita
1042 5785 1328 5840 evidenter
1355 5783 1637 5847 aberrent,
1676 5790 1731 5837 et
1773 5780 2085 5836 Nestorium

2269 5314 2515 5368 Ἤκουσά
2564 5330 2708 5377 τινος
2755 5313 2937 5367 αὑτῶν
2984 5312 3245 5381 γενναίως
3293 5310 3544 5381 οἰομένου
3585 5306 3749 5361 διαλέ-

2192 5405 2384 5473 γεσθαι
2438 5406 2520 5459 ὅτι
2571 5408 2671 5459 οὑκ
2714 5405 2831 5459 ἔστι
2872 5404 3033 5474 φύσις
3065 5404 3412 5473 ἀπρόσωπος,
3449 5399 3588 5453 ἀλλά
3614 5414 3747 5467 παρ-

2191 5498 2382 5551 έπεται
2432 5500 2499 5568 τῇ
2539 5497 2697 5566 φύσει
2741 5498 2833 5551 καὶ
2866 5498 3179 5567 πρόσωπον.
3217 5495 3280 5548 Εί
3305 5489 3398 5547 οὖν
3427 5492 3522 5546 δύο
3548 5491 3744 5560 φύσεις,

2193 5591 2409 5654 πάντως
2449 5591 2543 5644 καὶ
2576 5590 2669 5643 δύο
2698 5592 2966 5661 πρόσωπα
2992 5604 3007 5620 ο
3062 5588 3183 5649 πῶς
3209 5586 3307 5641 οὑκ
3334 5586 3400 5640 ἄν
3425 5602 3511 5648 τις
3536 5584 3658 5646 τοὺς
3682 5579 3745 5632 τὰ

2192 5684 2415 5738 τοιαῦτα
2448 5683 2918 5755 προϐαλλομένους
2950 5682 3227 5753 ἐλεήσειεν
3250 5718 3265 5745 ,
3304 5679 3353 5732 οἳ
3396 5676 3583 5746 σαφῶς
3613 5673 3745 5728 οὑτω

2196 5777 2661 5851 προσπταίουσιν;
2714 5777 2807 5832 καὶ
2854 5775 3135 5847 Νεστορῑῳ
3168 5770 3622 5845 προσποιούμενοι
3654 5782 3742 5819 που
