4018 6512
242 378 390 444 2949

1409 369 1874 439 FRAGMENTA
1913 370 2342 438 DOGMATICA
2354 421 2369 436 .

3361 372 3508 440 9950

235 496 429 568 λεμεῖν
452 533 468 560 ,
523 494 638 558 τοῖς
682 491 849 547 αὑτοῦ
876 490 1227 564 προϐλήμασι
1252 489 1577 562 κέχρηνται,
1609 488 1706 544 καί.
1733 486 1832 557 τὴν

1935 486 2260 559 impugnare
2292 487 2637 554 simulantes,
2678 487 2845 561 hujus
2876 487 3217 563 argumentis
3252 497 3508 556 utuntur,

236 587 451 641 ἐκείνου
490 585 644 639 νόσον
686 584 748 638 τό
786 601 850 654 γε
889 584 976 637 ἐπ’
1015 585 1199 647 αὑτοῖς
1238 580 1606 648 ἀσπάζονταις
1637 583 1700 637 Εἰ
1723 581 1832 652 γὰρ

232 678 343 732 οὑκ
363 678 472 731 ἐστι
492 677 652 747 φύσις
672 677 1017 748 ἀπρόσωπος,
1035 676 1170 732 ἀλλὰ
1192 679 1283 729 καί
1304 676 1611 748 παρέπεται
1640 677 1704 744 τῇ
1733 672 1834 741 φύ-

241 785 331 821 σει
364 770 455 823 καὶ
487 767 801 838 πρόσωπον,
835 767 965 837 φασί
993 767 1049 821 δὲ
1079 769 1143 819 ἐκ
1172 765 1265 819 δύο
1293 766 1509 835 φύσεων
1533 765 1630 836 τὴν
1657 762 1829 833 ἀπόρ-

244 864 413 933 ρητον
434 860 628 914 ἕνωσιν
651 863 709 914 ἐν
732 859 953 931 Χριστῷ
975 859 1278 927 γεγονέναι,
1312 858 1422 931 ἄρα
1454 860 1519 910 ὲκ
1543 857 1636 909 δύο
1661 871 1830 926 προσ-

242 956 416 1009 ώπων
467 955 588 1008 κατ’
630 953 830 1015 αὑτοὺς
876 953 905 1005 ὁ
943 950 1335 1021 Ἐμμανουήλ,
1399 949 1495 1003 καὶ
1552 948 1828 1017 ἀνέῳκται

236 1046 431 1101 λοιπὸν
457 1049 569 1108 τοῖς
599 1043 983 1115 βλασφημοῦσι
1010 1042 1293 1113 παρρησία
1320 1040 1414 1095 δύο
1441 1039 1712 1112 πρόσωπα
1733 1040 1825 1093 λέ-

237 1156 365 1206 γειν
398 1140 457 1191 έν
487 1134 710 1207 Χριστῷ
733 1176 747 1197 ,
806 1136 944 1205 ὅπερ
998 1134 1195 1203 μανίας
1228 1133 1557 1204 ἀνάμεστον.
1607 1133 1683 1187 Οὐ
1718 1130 1827 1202 γὰρ

237 1230 306 1283 ἂν
341 1230 548 1300 Πέτρον
578 1228 609 1298 ἢ
640 1226 851 1281 Παῦλον
881 1229 934 1281 εί
958 1244 1043 1289 τις
1070 1227 1343 1291 ἑνώσειεν,
1371 1225 1500 1297 μίαν
1525 1224 1826 1279 ὑπόστασιν

240 1323 341 1375 καὶ
375 1321 434 1375 ἓν
463 1320 757 1391 πρόσωπον
791 1321 935 1373 εἴποι
959 1336 973 1350 ο
1022 1320 1077 1373 αἰ
1107 1321 1215 1390 γὰρ
1246 1319 1597 1384 ὑποστάσεις,
1624 1317 1660 1371 ἃ.
1688 1314 1826 1370 εἶναι

237 1416 530 1487 πρόσωπα-
556 1415 655 1487 τὴν
688 1415 810 1468 κατ’
839 1415 1027 1467 οὐσίαν
1081 1415 1175 1467 καί
1207 1415 1392 1485 σχέσιν
1420 1414 1613 1467 ἕνωσιν
1643 1412 1826 1465 ἐπιδέ-

238 1525 433 1579 χονται
454 1548 470 1572 ,
517 1482 585 1559 ᾏο
630 1507 732 1578 τὴν
761 1506 1125 1559 ὲνυπόστατον
1155 1506 1249 1559 καὶ
1278 1505 1337 1558 ἒν
1366 1505 1659 1575 πρόσωπον
1685 1505 1825 1558 ἀπο-

237 1600 515 1654 τελοῦσιν.
560 1599 697 1654 Κατ’
726 1599 917 1653 οὑσίαν
949 1599 1048 1669 μὲν
1076 1598 1170 1652 οὖν
1201 1598 1255 1650 αἰ
1284 1597 1610 1662 ὑποστάσεις
1641 1598 1827 1651 ἑνοῦν-

238 1710 355 1758 ται,
389 1692 467 1756 ὠς
501 1694 592 1745 ἐπὶ
620 1692 721 1761 τῆς
750 1692 915 1760 ἁγίας
941 1693 1171 1763 Τριάδος
1190 1708 1204 1724 ’
1259 1694 1412 1764 τρεῖς
1440 1693 1550 1762 γὰρ
1582 1690 1822 1745 ὑποστά-

240 1802 355 1849 σεις
392 1786 523 1856 μιᾶς
550 1784 739 1849 οὐσίας
772 1785 1133 1856 ὑπάρχουσιν.

323 1967 395 2019 Ἦ
443 1966 500 2021 δὲ
550 1964 694 2020 κατά
740 1964 923 2035 σχέσιν
967 1963 1165 2027 ἓνωσις
1198 1963 1338 2017 κατὰ
1370 1961 1603 2024 πολλοὺς
1630 1962 1831 2013 νοεῖται

236 2058 505 2129 τρόπους,
542 2058 601 2109 ὲν
639 2055 949 2127 ὁμωνυμίᾳ,
980 2058 1038 2109 ὲν
1070 2053 1411 2125 ἰσοτιμίᾳ,,ὲν
1450 2051 1829 2123 ταυτοὸουλίᾳ,

236 2145 337 2199 καὶ
371 2146 472 2199 ὅσα
501 2143 713 2208 τούτοις
742 2144 1105 2215 παραπλήσια
1124 2161 1139 2174 ·
1184 2145 1242 2198 ὲν
1270 2143 1560 2215 ὁμωνυμίᾳ
1587 2142 1686 2212 μὲν
1707 2183 1721 2207 ,
1758 2143 1834 2206 ὼς

245 2237 461 2301 Ἰούδας
490 2238 519 2291 ὁ
551 2236 829 2302 Ἰακώϐου,
858 2237 952 2291 καὶ
967 2238 1166 2299 Ἰούδας
1190 2236 1561 2309 Ἰσκαριώτης·
1596 2234 1834 2305 ἰσοτιμίᾳ

232 2329 291 2383 δὲ
351 2330 445 2383 καὶ
479 2329 863 2400 ταυτοεουλίᾳ,
902 2328 977 2393 ώς
1007 2330 1212 2401 Πέτρος
1241 2331 1336 2383 καὶ
1370 2329 1619 2399 Ἰωάννης
1639 2343 1653 2357 ·
1702 2328 1833 2381 ἑκά-

230 2439 405 2493 τερος
422 2424 527 2493 γὰρ
544 2422 840 2487 ἀπόστολος
860 2422 954 2476 καὶ
975 2420 1157 2487 αὑξειν
1193 2421 1483 2493 ἠϐούλοντο
1497 2421 1556 2473 τὸ
1575 2420 1835 2492 κήρυγμα

235 2518 337 2571 τοῦ
372 2516 630 2588 Χριστοῦ.
666 2517 731 2570 Ὃ
761 2514 852 2569 οὖν
884 2515 1053 2588 ἔφθην
1093 2514 1263 2568 εἰπὼν
1304 2516 1363 2568 αἱ
1393 2514 1486 2568 δύο
1509 2515 1835 2576 ὑποστάσεις

236 2614 417 2685 ἤγουν
442 2611 708 2682 πρόσωπα
734 2611 1017 2681 ὲνούμενα,
1043 2610 1297 2663 οὑδέποτε
1330 2608 1456 2680 μίαν
1484 2608 1836 2663 ἀποτελοῦσιν

238 2706 549 2759 ὑπόστασιν
578 2703 672 2758 καὶ
704 2702 762 2756 ἓν
800 2704 1107 2774 πρόσωπον.
1160 2703 1223 2755 Εἰ
1250 2697 1342 2755 οὖν
1384 2701 1450 2754 ὲκ
1489 2700 1581 2754 δύο
1620 2701 1836 2771 φύσεων

239 2800 268 2853 ὁ
294 2797 671 2869 Ἐμμανουήλ,
694 2798 727 2868 ἡ
751 2796 808 2850 δὲ
837 2795 997 2866 φύσις
1028 2796 1315 2866 πρόσωπόν
1339 2798 1455 2849 ὲστι
1478 2797 1596 2849 κατ’
1618 2795 1836 2860 αὑτοὺς,

242 2891 406 2945 ἔσται
450 2891 556 2961 ἄρα
606 2891 701 2943 καὶ
743 2891 808 2943 ὲκ
846 2888 940 2942 δύο
984 2887 1292 2959 προσώπων
1317 2929 1333 2955 ,
1366 2888 1509 2960 άπερ
1539 2888 1638 2941 οὐκ
1663 2886 1839 2941 ἐπιδέ-

242 2995 438 3049 χονται
465 2980 562 3049 τὴν
591 2978 952 3032 ὲνυπόστατον
981 2978 1178 3032 ἕνωσιν
1202 2995 1217 3010 ο
1266 2979 1360 3032 καὶ
1391 2976 1533 3032 οὑτω
1560 2979 1701 3032 κατά
1729 2978 1837 3031 τῶν

241 3069 661 3140 διεφθαρμένων
707 3070 866 3141 λόγον
905 3071 965 3124 τὸ
1006 3073 1106 3142 τῆς
1130 3071 1289 3126 ἀθέου
1317 3071 1635 3142 διαιρέσεως
1661 3070 1839 3140 δόγμα

242 3164 439 3236 χώραν
467 3164 723 3235 εὑρήσει⁶
780 3163 874 3216 καὶ
919 3163 1186 3235 Κύριλλος
1234 3161 1628 3233 ἐκϐληθήσεται
1668 3160 1904 3256 πάλαιο

244 3258 394 3310 κατὰ
422 3254 717 3327 Νεστορίου
748 3253 970 3308 τοιαῦτα
1000 3255 1170 3326 βοῶν,
1202 3253 1383 3324 ὀνήσει
1409 3254 1466 3306 δὲ
1495 3252 1612 3306 κατ’
1642 3252 1833 3306 οὐδένα

243 3351 451 3420 τρόπον
470 3348 560 3403 τδν
580 3349 738 3421 ὀρθὸν
752 3348 878 3420 περί
897 3348 996 3419 τῆς
1024 3346 1258 3411 πίστεως
1285 3346 1440 3415 λόγον
1469 3347 1548 3408 εἰς
1575 3344 1636 3398 τὸ
1661 3344 1833 3408 οὕτως

246 3442 426 3514 ἔχειν.
475 3442 595 3497 Κᾶν
627 3442 676 3494 εἰ
705 3439 1015 3513 προσώπων
1039 3439 1233 3492 ἕνωσιν
1263 3436 1639 3507 ὲπιφημίζωσί
1665 3452 1830 3501 τινες,

246 3536 374 3591 ἀλλ’
427 3534 526 3606 οὐχ
567 3534 740 3598 οὕτως
771 3533 895 3587 οὔτε
925 3534 958 3604 ἡ
989 3531 1216 3601 ἀλήθεια
1248 3532 1492 3595 ἀπαιτεῖ,
1527 3528 1641 3582 οὗθ’
1670 3530 1834 3599 ἡμεῖς

246 3625 560 3696 ἀνεξόμεθα
580 3662 595 3688 ,
641 3622 777 3678 ἀλλά
804 3621 902 3693 τὴν
929 3621 1120 3693 ἀκλινῆ
1152 3621 1244 3674 καὶ
1275 3620 1448 3692 μέσην
1472 3620 1588 3673 ὁδὸν
1618 3618 1833 3689 βαδιού-

247 3719 432 3790 μεθα,
461 3720 587 3782 τοὺς
621 3718 720 3789 μὲν
746 3717 915 3771 δυάδα
944 3716 1250 3787 προσώπων
1277 3714 1670 3783 εἰσαγαγόντας
1702 3713 1833 3765 ἁνα-

247 3812 639 3885 θεματίςοντες
661 3852 676 3878 ,
731 3810 832 3882 τὴν
874 3808 933 3862 δὲ
974 3808 1234 3880 ἀλήθειαν
1258 3806 1369 3862 τῶν
1396 3809 1454 3861 ἐν
1478 3804 1701 3878 Χριστῷ
1734 3803 1830 3857 δύο

249 3905 457 3962 οὐσιῶν
487 3902 898 3977 ὁμολογοῦντες.

340 4155 481 4210 Ἀλλ’
514 4154 646 4219 ῐσως
674 4153 734 4219 ἐξ
752 4152 982 4224 ἀπορίας
1010 4150 1351 4224 διαστρέφειν
1379 4151 1707 4225 πειρώμενοι
1735 4154 1834 4225 τὴν

253 4249 519 4320 τοιαύτην
550 4247 878 4317 πεποίηνται
910 4244 1196 4316 πρότασινο
1228 4245 1386 4316 ἡμῶν
1409 4246 1518 4318 γὰρ
1544 4248 1833 4301 ὲνυποστά-

254 4359 366 4404 τως
398 4339 685 4411 ἡνωμένας
713 4337 807 4391 δύο
833 4336 1027 4407 φύσεις
1053 4337 1357 4405 λεγόντων,
1394 4338 1831 4410 ὲθελοκωφῶσιν,

257 4437 359 4489 καὶ
397 4433 742 4506 περιξύοντες
772 4431 873 4503 τῆς
896 4431 1189 4502 ὁμολογίας
1216 4433 1248 4501 ἡ
1259 4431 1398 4502 μῶν,
1429 4431 1508 4501 τῷ
1533 4430 1833 4485 ἐνυποστά·

1933 589 1992 636 et
2021 581 2172 637 illius
2201 582 2457 637 morbum
2488 582 2563 638 ita
2594 582 2700 637 sibi
2748 582 3106 654 adjudicant?
3134 583 3191 639 Si
3220 584 3369 639 enim
3398 600 3511 639 non

1933 681 2019 729 est
2063 682 2261 728 natura
2296 673 2704 743 impersonalis,
2756 675 2851 731 sed
2895 683 3151 730 naturam
3201 674 3512 745 insequitur

1932 779 2200 834 persona,
2252 766 2444 822 dicunt
2487 781 2517 820 e
2568 766 2784 831 duabus
2839 768 3056 822 naturis
3113 768 3513 837 impossibilem

1930 855 1991 911 in
2035 856 2260 912 Christo
2314 858 2572 912 unionem
2607 857 2804 912 factam
2852 874 2995 923 esse,
3028 874 3157 930 ergo
3195 876 3263 914 ex
3296 860 3513 915 duabus

1929 950 2185 1020 personis
2239 951 2545 1006 secundum
2600 952 2735 1008 istos
2789 962 3002 1008 constat
3048 956 3403 1023 Emmanuel,
3457 965 3515 1012 et

1929 1051 2340 1111 consequenter
2409 1043 2657 1113 aperitur
2716 1044 3231 1114 blaSphemantibus
3284 1048 3514 1101 libertas

1930 1133 2067 1189 duas
2102 1150 2375 1204 personas
2401 1135 2621 1191 dicendi
2652 1135 2707 1191 in
2731 1136 2976 1202 Christo,
3006 1137 3151 1207 quod
3180 1146 3265 1191 est
3289 1138 3517 1191 demen-

1929 1226 2004 1280 tia
2067 1226 2352 1282 refertum.
2421 1228 2541 1282 Non
2591 1228 2760 1293 enim,
2818 1228 2863 1282 si
2915 1229 3138 1283 Petrum
3182 1238 3238 1283 et
3283 1229 3513 1282 Paulum

1929 1319 2199 1384 univeris,
2238 1335 2405 1374 unam
2456 1320 2872 1375 subsistentiam
2921 1329 2977 1375 et
3008 1337 3175 1375 unam
3220 1336 3514 1391 personam

1929 1415 2170 1481 dixeris;
2236 1431 2357 1485 quae
2417 1415 2565 1469 enim
2619 1415 3023 1480 subsistentiaz,
3085 1430 3208 1485 quae
3266 1429 3515 1485 personae

1928 1509 2190 1563 unionem
2237 1508 2291 1561 in
2326 1507 2636 1563 substantia
2665 1516 2722 1563 et
2747 1510 3016 1563 relatione
3062 1509 3359 1578 recipiunt,
3401 1526 3514 1565 non

1928 1616 2095 1655 unam
2132 1600 2548 1656 subsistentiam
2595 1616 2775 1670 neque
2820 1617 2986 1655 unam
3019 1616 3309 1670 personam
3345 1603 3514 1671 perﬁ-

1928 1692 2104 1746 ciunt.
2154 1690 2470 1746 Secundum
2515 1692 2881 1746 substantiam
2925 1692 3095 1761 igitur
3143 1691 3515 1749 subsistentia;

1929 1782 2220 1845 uniuntur,
2254 1791 2313 1841 ut
2344 1783 2399 1836 in
2431 1791 2619 1837 sancta
2646 1781 2881 1846 Triade;
2915 1789 3029 1835 tres
3063 1780 3212 1835 enim
3263 1780 3342 1835 ibi
3377 1782 3515 1837 sub-

1859 1851 1901 1905 B
1933 1874 2199 1929 sistentiae
2244 1874 2411 1929 unius
2444 1887 2573 1929 sunt
2603 1874 2943 1928 substantiae.

2034 1963 2178 2019 Unio
2242 1973 2428 2019 autem
2495 1963 2801 2019 secundum
2868 1965 3193 2022 relationem
3259 1965 3517 2037 plurimis

1934 2052 2247 2122 concipitur
2282 2053 2492 2118 modis,
2525 2053 2581 2106 in
2618 2054 2967 2125 homonymia
2992 2096 3007 2121 ,
3054 2057 3110 2111 in
3146 2057 3429 2128 dignitatis
3459 2064 3520 2112 et

1933 2145 2237 2201 voluntatis
2266 2145 2674 2213 conformitate,
2706 2154 2764 2203 et
2788 2150 2915 2204 aliis
2937 2166 3058 2220 qua:
3086 2152 3236 2207 hisce
3264 2152 3519 2207 referun-

1934 2246 2063 2293 tur:
2099 2238 2155 2293 in
2185 2240 2538 2313 homonymia
2561 2241 2809 2311 quidem,
2847 2252 2909 2297 ut
2941 2242 3112 2299 Judas
3140 2245 3311 2300 Jacob
3346 2245 3514 2309 ﬁlius,

1933 2339 1990 2386 et
2016 2331 2187 2386 Judas
2220 2332 2547 2400 Iscariotes;
2586 2333 2643 2386 in
2677 2332 2962 2403 dignitatis
2991 2344 3175 2390 autem
3222 2344 3280 2389 et
3320 2335 3522 2389 volun-

1936 2425 2067 2480 tatis
2118 2424 2529 2490 conformitate,
2567 2434 2629 2481 ut
2656 2427 2855 2481 Petrus
2886 2435 2943 2481 et
2973 2427 3236 2492 Joannes,
3281 2437 3518 2498 uterque

1934 2522 2083 2576 enim
2114 2522 2396 2593 apostolus
2421 2531 2478 2577 et
2507 2523 2812 2579 extendere
2843 2523 3102 2579 volebant
3124 2524 3332 2579 Christi
3379 2540 3520 2594 prae-

1936 2612 2293 2670 dicationem.
2325 2614 2483 2681 Quod
2521 2615 2689 2685 igitur
2718 2616 2830 2686 jam
2860 2616 3072 2671 asserui
3103 2615 3340 2671 dicens:
3392 2616 3519 2672 dua:

1935 2705 2338 2771 subsistentia,
2387 2723 2637 2777 personae
2687 2708 2929 2774 scilicet,
2989 2709 3182 2775 unitaa,
3232 2724 3517 2780 nunquam

1935 2812 2103 2865 unam
2149 2799 2563 2854 subsistentiam
2597 2817 2779 2871 neque
2824 2816 2989 2855 unam
3023 2816 3315 2871 personam
3353 2802 3520 2871 perii-

1936 2891 2109 2945 ciunt.
2159 2888 2215 2946 Si
2264 2891 2437 2963 igitur
2473 2908 2541 2948 ex
2577 2892 2795 2965 duabus
2843 2894 3059 2949 naturis
3113 2901 3328 2950 constat
3385 2894 3518 2949 Em-

1937 2982 2177 3047 manuel,
2207 2991 2263 3037 et
2290 2998 2520 3053 qumque
2550 2993 2749 3040 natura
2792 2986 2864 3041 sit
2908 3001 3147 3056 persona
3202 2986 3511 3042 secundum

1938 3071 2093 3136 istos,
2123 3073 2395 3127 constabit
2434 3090 2567 3145 ergo
2607 3091 2674 3131 ex
2709 3076 2925 3132 duabus
2946 3078 3223 3147 personis,
3254 3094 3376 3148 quae
3403 3094 3517 3134 non

1938 3159 2236 3215 admittunt
2287 3162 2552 3217 unionem
2606 3164 2664 3219 in
2712 3180 2822 3219 una
2873 3166 3249 3222 subsistentia.
3289 3167 3367 3223 Ita
3416 3184 3519 3238 per

1937 3250 2169 3305 istorum
2198 3252 2542 3322 perditorum
2576 3256 2845 3312 rationem
2873 3258 2982 3313 hoc
3007 3258 3187 3329 impiae
3207 3258 3517 3315 distinctio-

1933 3345 2021 3398 nis
2051 3344 2245 3415 dogma
2277 3347 2464 3403 locum
2493 3349 2779 3417 inveniet;
2809 3359 2865 3407 et
2898 3352 3139 3424 Cyrillus
3168 3350 3516 3408 deridebitur

1933 3448 2059 3489 cum
2104 3436 2233 3492 talia
2266 3436 2403 3492 dicit
2433 3439 2488 3493 in
2532 3439 2872 3504 Nestorium,
2906 3449 2962 3496 et
2990 3442 3143 3496 nullo
3174 3440 3339 3495 modo
3387 3455 3517 3511 pro-

1933 3527 2079 3583 derit
2111 3537 2171 3582 ut
2200 3536 2410 3586 rectum
2438 3532 2585 3588 circa
2612 3532 2740 3587 ﬁdei
2762 3535 3055 3599 rationem,
3081 3545 3142 3590 ut
3168 3536 3277 3590 tale
3295 3535 3511 3591 evadat.

1933 3620 2195 3686 Quamvis
2240 3638 2601 3692 personarum
2653 3626 2917 3681 unionem
2946 3629 3367 3697 patrocinantur
3392 3625 3517 3696 qui-

1934 3714 2082 3780 dam,
2127 3730 2239 3769 non
2292 3715 2348 3769 id
2394 3724 2577 3770 tamen
2613 3716 2819 3771 veritas
2868 3718 3131 3787 postulat,
3182 3731 3361 3788 neque
3409 3732 3517 3773 nos

1933 3806 2197 3873 feremus,
2249 3807 2345 3863 sed
2377 3808 2632 3863 inﬂexam
2663 3817 2720 3863 et
2745 3809 2981 3865 mediam
3013 3810 3156 3864 viam
3197 3826 3513 3881 sequemur,

1934 3898 2036 3954 hos
2079 3899 2174 3969 qui
2208 3899 2446 3954 duadem
2476 3915 2836 3969 personarum
2880 3901 3152 3956 inducunt
3199 3903 3517 3957 anathema-

1934 3990 2175 4055 tizando,
2212 3990 2506 4046 veritatem
2550 4000 2734 4046 autem
2780 3991 3016 4047 duarum
3049 3993 3105 4046 in
3134 3991 3356 4049 Christo
3385 3994 3518 4049 sub-

1934 4084 2259 4139 stantiarum
2287 4082 2620 4154 profitendo.

2038 4175 2145 4231 Sed
2213 4175 2356 4232 forte
2420 4176 2487 4231 ad
2552 4176 2929 4230 ditiicultatem
2980 4175 3295 4231 solvendam
3348 4176 3514 4230 talem

1935 4269 2258 4323 statuissent
2306 4268 2763 4339 propositionem.
2815 4268 2985 4323 Nobis
3036 4269 3183 4323 enim
3231 4268 3286 4322 in
3327 4268 3511 4323 subsi-

1934 4359 2139 4414 stentia
2189 4359 2372 4415 unitas
2424 4360 2561 4415 duas
2621 4368 2851 4414 naturas
2913 4358 3250 4423 dicentibus,
3316 4358 3515 4413 surdos

1934 4465 1994 4506 se
2055 4450 2340 4521 praebent,
2392 4458 2448 4506 ct
2506 4450 2664 4521 quasi
2710 4458 2957 4504 nostram
3000 4448 3514 4503 assertionemlra-

254 4545 368 4593 τως
399 4527 680 4598 ἡνωμένας
708 4524 1051 4597 προϐλήματι
1079 4524 1371 4594 κέχρηνται
1400 4522 1521 4577 καθ’
1552 4524 1708 4594 ἡμῶν
1735 4524 1833 4593 τῆς

1938 4540 2173 4606 dentes,
2230 4548 2481 4595 statuunt
2524 4540 2747 4610 quidem
2814 4540 2998 4594 unitas
3050 4539 3106 4593 in
3157 4539 3517 4595 subsistentia

260 4620 544 4692 ἡμετέρας
575 4617 870 4689 ὁμολογίας
899 4618 1156 4689 ἀπᾴδοντι
1180 4657 1196 4683 ,
1230 4616 1326 4669 καί
1358 4632 1544 4685 φασιν,
1576 4617 1691 4670 Οὑκ
1718 4616 1834 4670 ἐστι

260 4715 427 4784 φύσις
460 4713 790 4783 ἀπρόσωπος
811 4726 827 4741 ο
880 4710 934 4763 τί
967 4710 1146 4763 τοίνυν
1175 4709 1359 4771 αὑτοῖς
1392 4706 1452 4760 τὸ
1488 4708 1651 4777 σοφὸν
1678 4708 1836 4761 τοῦτο

262 4806 514 4878 βούλεται
542 4805 839 4876 πρόϐλημα
863 4821 878 4870 ;
916 4803 981 4855 Ei
1015 4800 1115 4872 μὲν
1155 4802 1237 4855 ὅτι
1265 4801 1325 4854 οὑ
1354 4801 1577 4854 δυνατὸν
1606 4799 1704 4864 τὰς
1732 4800 1838 4869 φύ-

261 4920 380 4966 σεις
412 4902 589 4965 ἄλλως
619 4902 653 4973 ἢ
685 4902 744 4955 ὲν
771 4897 1086 4971 προσώποις
1112 4897 1458 4969 θεωρεῖσθαι,
1490 4898 1700 4961 τούτοις
1729 4899 1839 4962 πᾶς

259 5014 346 5061 τις
374 4995 601 5052 καὶτῶν
632 4995 806 5068 μικρὰ
830 4994 1046 5046 εἰδότων
1076 4992 1583 5062 συνομολογήσειεψ
1619 4991 1702 5055 τίς
1728 4991 1838 5062 γὰρ

262 5091 451 5158 ἀγνοεῖ
494 5089 575 5142 ὅτι
621 5086 851 5141 καθόλου
897 5087 956 5139 ἐν
988 5087 1100 5148 τοῖς
1132 5085 1276 5139 κατά
1307 5085 1473 5155 μέρος
1501 5084 1835 5155 προσώποις,

264 5185 405 5254 ὅπερ
452 5185 572 5245 ταῖς
613 5181 1141 5252 χαρακτηρισπκαίς
1169 5178 1500 5232 ὑποστάσεσι
1528 5176 1839 5250 θεωρεῖται,

265 5278 353 5348 εἴη
399 5279 498 5348 τῆς
541 5276 794 5345 θεότητος
826 5272 989 5343 φύσις
1019 5273 1077 5325 ἐν
1104 5271 1311 5342 Πατρὶ,
1353 5273 1411 5325 ὲν
1442 5272 1580 5343 Υίῷ,
1615 5275 1672 5326 ὲν
1700 5272 1840 5344 ἀγίῳ

266 5368 544 5441 Πνεύματι
570 5386 586 5436 ;
623 5368 827 5441 ὁμοίως
859 5368 893 5438 ἡ
923 5367 1189 5440 ἀγγελικὴ
1220 5366 1383 5437 φύσις
1413 5367 1471 5420 έν
1499 5366 1743 5439 Μιχαὴλ,
1783 5369 1841 5420 ἐν

267 5462 509 5536 Γαϐριὴλ
549 5461 645 5517 καὶ
685 5464 800 5525 τοῖς
832 5461 1072 5525 λοιποϊς;
1114 5460 1209 5514 καί⁹
1235 5462 1269 5531 ἡ
1298 5460 1399 5530 τῆς
1424 5460 1843 5533 ἀνθρωπότητος

273 5556 434 5623 φύσις
481 5556 539 5609 ὲν
579 5554 693 5618 τοῖς
733 5554 855 5609 καθ’
883 5552 1114 5607 ἕκαστον
1138 5552 1465 5623 γνωρίζεται
1493 5552 1839 5624 προσώποις;

272 5649 339 5703 Εἰ
366 5650 423 5703 δὲ
451 5648 607 5702 τοῦτο
633 5648 913 5719 βούλονται
937 5645 1371 5711 κατασκευάζειν
1398 5647 1481 5699 ὅτι
1510 5646 1657 5717 πάσῃ
1684 5644 1842 5716 φύσει

276 5740 475 5807 ἰδιάζον
503 5742 825 5812 περιέπεται
852 5739 1164 5811 πρόσωπον,
1188 5739 1281 5793 ἐπὶ
1320 5739 1431 5793 τῶν
1462 5738 1537 5810 μὴ
1563 5738 1686 5792 καθ’
1709 5739 1841 5792 ὑπό-

277 5850 465 5891 στασιν
486 5834 784 5907 ἡνωμένων
807 5832 1044 5906 φύσεων,
1069 5833 1097 5888 ὃ
1123 5835 1268 5888 ἐστιν
1291 5831 1514 5901 οὑσιῶν,
1540 5832 1633 5888 καί
1654 5831 1843 5890 τοῦτον

1938 4643 2201 4700 naturas,
2251 4633 2346 4688 sed
2401 4643 2595 4688 contra
2640 4648 2743 4687 nos
2798 4631 3004 4686 utendo
3061 4633 3439 4703 propositione
3484 4648 3518 4688 a

1938 4738 2127 4787 nostra
2174 4727 2480 4784 assertione
2526 4725 2887 4797 discrepanti,
2934 4736 2991 4781 et
3034 4725 3227 4780 dicunt
3254 4741 3365 4779 non
3396 4740 3518 4779 esse

1938 4831 2193 4878 naturam
2242 4819 2687 4891 impersonalem.
2738 4816 2880 4884 Quid
2929 4817 3097 4888 igitur
3148 4817 3368 4886 sapiens
3413 4816 3519 4873 ista

1937 4914 2057 4968 vult
2098 4912 2454 4984 propositio?
2504 4910 2789 4980 Siquidem
2824 4926 2936 4967 non
2975 4924 3136 4979 posse
3172 4907 3292 4963 ﬁeri
3332 4908 3521 4966 dicant

1941 5016 2003 5059 ut
2041 5014 2255 5060 naturae
2278 5012 2703 5074 cognoscantur,
2730 5001 2838 5056 nisi
2879 5000 2934 5055 in
2969 5000 3224 5070 personis
3246 5001 3353 5056 hoc
3384 5015 3520 5071 pro-

1940 5096 2087 5151 fecto
2140 5096 2248 5150 illis
2298 5094 2632 5149 concesserit
2663 5092 2917 5162 quisquis
2946 5091 3030 5146 vel
3070 5092 3345 5146 modicum
3376 5090 3522 5161 peri-

1942 5198 2030 5243 tus
2080 5186 2171 5241 sit.
2208 5186 2341 5253 Quis
2370 5186 2516 5241 enim
2554 5185 2769 5256 ignorat
2812 5183 2865 5239 id
2899 5184 3049 5255 quod
3084 5184 3401 5239 universale
3434 5192 3522 5238 est

1943 5281 1997 5335 in
2051 5280 2283 5351 singulis
2329 5278 2604 5348 personis,
2636 5278 2690 5332 id
2717 5285 2803 5331 est
2835 5276 3211 5331 subsistentiis
3241 5280 3524 5331 characte-

1944 5372 2147 5428 risticis
2202 5371 2512 5441 inspicitur,
2562 5378 2717 5442 puta,
2763 5369 3079 5424 Divinilatis
3113 5375 3305 5422 natura
3336 5367 3390 5419 in
3418 5366 3522 5420 Pa-

1945 5475 2047 5529 tre,
2086 5463 2225 5518 Filio
2252 5472 2309 5517 et
2342 5470 2537 5518 sancto
2576 5462 2835 5534 Spiritu?
2875 5461 3121 5530 angelica
3171 5460 3226 5513 in
3267 5456 3521 5521 Michael,

1944 5556 2164 5612 Gabriel
2219 5565 2274 5610 et
2320 5557 2578 5611 caneris?
2608 5566 2663 5611 et
2696 5553 3055 5610 humanitatis
3083 5561 3283 5607 natura
3311 5550 3368 5604 in
3406 5551 3521 5605 sin-

1945 5650 2087 5720 gulis
2111 5650 2461 5720 cognoscitur
2490 5648 2785 5719 personis?
2834 5647 2930 5702 Sin
2964 5654 3147 5700 autem
3180 5643 3524 5699 contendunt

1948 5758 2392 5812 unamquamque
2427 5750 2680 5797 naturam
2719 5755 3012 5811 personam
3044 5738 3321 5810 propriam
3355 5736 3527 5793 comi-

1947 5833 2080 5903 tari;
2110 5834 2215 5891 hoc
2237 5833 2464 5905 quidem
2489 5850 2611 5892 esse
2640 5849 2834 5891 verum
2863 5830 3177 5892 censuerim
3207 5832 3264 5888 in
3288 5830 3526 5899 naturis,
