4018 6502
579 348 720 419 2951
1599 348 1663 412 S.
1703 345 2019 411 EULOGII
2058 340 2409 406 ARCHIEP.
2449 345 2828 411 ALEXAND.
3659 349 3771 416 2952

579 472 700 530 sive
720 468 1051 525 substantiis
1077 474 1199 538 qua:
1222 466 1527 523 secundum
1553 463 1966 521 subsistentiam
1988 460 2157 517 unita

2264 458 2436 532 ὀρθῶς
2460 460 2607 533 ἔχειν
2637 465 2879 536 ἠγοῦμαι
2908 462 3004 519 τὸν
3028 458 3203 532 λόγον·
3236 461 3329 515 ἐπὶ
3349 461 3408 516 δὲ
3430 461 3533 515 τῶν
3552 462 3605 515 ἐν
3622 466 3772 521 συνθέι

581 578 695 618 non
728 570 886 627 sunt;
929 568 987 615 at
1024 560 1215 630 procul
1254 559 1412 614 abest
1446 572 1478 613 a
1501 572 1657 623 vero,
1684 556 1731 611 si
1763 570 1944 611 sermo
1970 560 2056 609 est
2083 552 2154 606 de

2264 571 2341 608 σει
2368 556 2464 609 καὶ
2488 558 2869 622 ὲνυποστάτως
2892 558 3213 629 ήνωμένων,
3233 558 3426 628 πόρῤω
3446 556 3542 625 τῆς
3563 557 3773 628 ἀληθείας

583 652 799 707 naturis
827 666 950 721 quae
992 666 1091 721 per
1136 649 1592 720 compositionem
1620 658 1678 702 et
1713 645 1767 700 in
1794 642 2154 700 subsistentia

2264 647 2614 722 καθέστηκεν.
2644 652 2800 704 Ἔστι
2827 651 2936 721 γὰρ
2966 650 3055 703 ὅτε
3080 649 3327 720 διάφοροι
3354 647 3541 717 φύσεις
3565 650 3775 722 συνερχό-

582 743 934 812 copulantur.
984 743 1189 798 Verum
1229 741 1378 797 enim
1421 740 1477 796 in
1504 740 1611 795 hoc
1638 746 1855 795 constat
1888 755 1902 791 :
1934 734 2155 807 quando

583 834 906 890 differentes
946 842 1166 889 natura;
1209 831 1534 887 indivisibili
1572 830 1777 885 unione
1812 829 2154 888 coadunatte.

583 942 749 982 unam
777 940 1069 997 personam
1094 934 1151 981 et
1182 939 1347 979 unam
1377 921 1791 979 subsistentiam
1820 919 2153 991 perficiunt;

584 1020 632 1075 si
664 1030 901 1090 quatuor
929 1020 1042 1074 sint
1071 1020 1364 1083 elementa,
1392 1017 1712 1073 ditl‘erentes
1741 1024 1870 1071 sunt
1895 1014 2154 1070 substan-

587 1110 697 1175 tiae,
739 1109 837 1165 sed
882 1108 1136 1164 similiter
1179 1124 1353 1163 unum
1400 1106 1650 1163 eﬂiciunt
1686 1121 1891 1176 corpus
1919 1106 1974 1158 in
2007 1105 2157 1174 ligno

586 1209 683 1257 aut
724 1201 908 1272 lapide
951 1200 1360 1272 particulariter
1412 1208 1656 1270 sumpto,
1696 1196 1844 1268 quod
1898 1203 1984 1251 est
2024 1194 2159 1249 sub-—

586 1294 859 1351 sistentia.

659 1385 767 1442 Sed
795 1401 919 1440 cum
958 1385 1063 1440 hoc
1087 1384 1401 1454 exemplum
1422 1382 1668 1440 breviter
1688 1392 1745 1439 et
1770 1383 1937 1438 nimis
1961 1382 2159 1439 confu-

590 1492 650 1534 se
682 1477 991 1534 adhibitum
1024 1476 1266 1540 videtur,
1297 1477 1628 1532 sumendum
1679 1476 1842 1532 nobis
1871 1486 1955 1531 est
1979 1490 2163 1532 exem-

590 1570 745 1639 plum
771 1568 827 1622 in
852 1566 1075 1622 homine
1108 1582 1213 1620 una
1248 1566 1610 1621 subsistentia
1643 1565 1897 1635 praedito.
1926 1564 1987 1619 In
2014 1578 2159 1619 uno-

592 1674 816 1730 quoque
871 1667 1121 1713 nostrum
1181 1659 1377 1713 animae
1441 1659 1747 1715 substantia
1810 1658 1916 1713 alia
1961 1666 2046 1712 est
2098 1671 2163 1711 ac

2258 758 2419 812 μεναι
2449 742 2592 796 κατά
2618 741 2718 813 τὴν
2742 742 3046 813 ἀδιαίρετον
3069 742 3285 806 ἕνωσιν,
3322 739 3381 793 ιν
3408 740 3677 811 πρόσωπον
3703 746 3775 798 καὶ

2260 833 2390 903 μίαν
2412 833 2771 887 ἀποτελοῦσιν
2795 833 3114 899 ὑπόστασιν,
3138 834 3188 885 εί
3208 832 3276 885 τά
3296 832 3541 901 τέσσαρα
3563 837 3774 903 στοιχεῖα,

2254 926 2503 997 διάφοροι
2533 928 2874 999 ὑπάρχουσιν
2903 925 3104 987 οὐσίαι,
3136 925 3253 979 ἀλλ’
3277 924 3429 995 ὅμως
3456 924 3512 976 ἓν
3536 926 3776 980 ἀποτελοῦ-

2258 1036 2312 1074 σι
2344 1021 2503 1092 σῶμα
2531 1021 2687 1075 τοῦδε
2714 1020 2878 1092 τυχὸν
2904 1021 2999 1075 τοῦ
3023 1018 3182 1087 ξύλου
3224 1018 3259 1091 ἢ
3299 1017 3451 1071 λίθου
3477 1016 3580 1071 τῶν
3604 1020 3656 1072 ὲν
3679 1019 3777 1073 ίδιό-

2255 1131 2380 1185 τητι
2405 1114 2806 1187 θεωρουμένου,
2840 1115 2979 1186 ὅπερ
3003 1114 3152 1168 ἐστὶν
3178 1113 3497 1176 ὑπόστασιςε

2344 1379 2499 1434 Ἀλλ’
2544 1380 2778 1453 ἐπείπερ
2805 1381 3155 1453 παράδειγμα
3185 1383 3385 1454 κρᾶσιν
3412 1378 3557 1437 δοκεῖ
3583 1403 3682 1443 πως
3705 1388 3778 1458 tu.

2261 1473 2475 1542 φαίνειν
2505 1472 2602 1527 καὶ
2628 1474 2914 1544 σύγχυσιν,
2950 1473 3185 1545 ληπτέον
3210 1474 3347 1545 ἡμῖν
3372 1474 3435 1528 τὸ
3460 1476 3595 1529 κατὰ
3616 1477 3693 1531 τὸν
3712 1482 3781 1534 ἄν·

2261 1565 2478 1637 θρωπον
2501 1566 2858 1639 παράδειγμα
2874 1567 2968 1620 τὸν
2988 1567 3047 1619 ὲν
3070 1569 3168 1639 μιᾷ
3188 1566 3512 1621 ὑποστάσει·
3538 1570 3593 1622 ὲν
3612 1570 3781 1643 ἑκάστῳ

2261 1659 2371 1730 γὰρ
2398 1661 2431 1729 ἠ
2441 1659 2559 1728 μῶν
2601 1660 2634 1731 ἡ
2666 1659 2825 1715 οὐσία
2856 1660 2956 1729 τῆς
2982 1659 3159 1731 ψυχῆς
3188 1660 3353 1732 ἑτέρα
3380 1662 3549 1727 ἐστὶν,
3587 1661 3654 1726 ὡς
3679 1667 3780 1733 net;

597 1750 847 1821 corporis
877 1750 1221 1817 substantia;
1246 1750 1342 1806 sed
1373 1759 1554 1804 tamen
1589 1750 1673 1804 ha:
1704 1749 1826 1827 duae
1841 1748 2164 1804 substantiae

2264 1749 2361 1821 τὴν
2405 1750 2595 1803 οὐσίαν
2639 1750 2734 1804 τοῦ
2784 1750 3056 1822 σώματος.
3097 1750 3238 1807 Ἀλλ’
3276 1754 3430 1824 ὅμως
3457 1755 3511 1807 αἱ
3534 1754 3620 1808 δύο
3643 1758 3781 1810 οὐσίαι

588 1842 895 1911 conjuncta:
943 1841 998 1896 in
1058 1842 1289 1913 singulis
1344 1858 1509 1897 unam
1559 1858 1851 1913 personam
1897 1842 2161 1905 eﬂiciuut,

591 1932 748 1986 verbi
804 1932 1009 2004 gratia,
1069 1932 1338 1989 Joannem
1393 1943 1492 1989 aut
1544 1934 1777 1989 Paulum
1845 1942 1942 1988 aut
1990 1934 2159 1989 alium

589 2023 861 2093 quemvis,
890 2023 1011 2079 duas
1038 2034 1348 2079 manentes.
1389 2025 1508 2080 Non
1533 2024 1679 2080 enim
1705 2024 1886 2079 anima
1909 2024 2048 2081 facta
2080 2034 2165 2081 est

591 2130 747 2182 caro,
794 2131 976 2186 neque
1018 2132 1147 2172 caro
1178 2118 1360 2172 anima
1391 2116 1531 2173 facta
1557 2126 1661 2173 est.
1696 2117 1872 2187 Hujus
1898 2117 1980 2171 rei
2010 2118 2165 2173 testis

595 2216 682 2263 est
727 2206 931 2262 Paulus
972 2209 1223 2264 veritatis
1272 2224 1474 2279 praeco,
1518 2224 1644 2265 cum
1714 2209 1883 2276 dicit;
1943 2210 2166 2264 interior

592 2301 746 2355 homo
769 2309 818 2354 et
850 2302 1099 2367 exterior,
1134 2310 1197 2356 ut
1223 2301 1590 2358 diﬂ‘erentiam
1618 2302 1886 2373 signiticet
1910 2304 2167 2358 substan-

595 2394 819 2448 tiarum.
875 2395 1117 2466 Vestigia
1152 2396 1274 2466 ejus
1310 2407 1534 2452 secutus
1571 2396 1810 2452 Joannes
1845 2395 2164 2452 Constanti-

595 2487 813 2557 nopolis
835 2487 1128 2557 episcOpus
1150 2496 1206 2543 et
1225 2487 1499 2543 universae
1522 2487 1783 2543 Ecclesiae
1804 2488 2018 2554 doctor,
2037 2487 2167 2542 talia

595 2578 793 2632 scribit
823 2578 877 2633 in
902 2594 1003 2634 suo
1027 2580 1235 2649 scripto
1266 2595 1521 2635 sermone
1554 2579 1613 2636 In
1637 2580 2034 2636 obscuritatem
2059 2578 2167 2635 Ve-

599 2671 737 2725 teris
786 2671 1147 2727 Testamenti.
1190 2671 1398 2743 Duplex
1419 2674 1559 2727 enim
1602 2671 1739 2727 illud
1780 2671 1986 2728 animat
2013 2673 2167 2727 homo

598 2762 803 2818 duabus
846 2774 1093 2820 constans
1143 2765 1474 2831 substantiis,
1523 2768 1779 2821 sentiente
1827 2784 1959 2831 una,
1993 2765 2169 2821 altera

598 2864 778 2911 autem
811 2859 1094 2928 cogitante,
1125 2860 1362 2913 animam
1412 2860 1526 2913 dico
1555 2867 1605 2913 et
1635 2876 1844 2931 corpus,
1874 2868 1922 2914 et
1954 2861 2011 2915 in
2040 2859 2168 2914 caelo

598 2958 648 3003 et
668 2950 724 3002 in
755 2958 899 3003 terra
931 2951 1294 3021 cognationem
1316 2946 1530 3006 habens.
1572 2950 1710 3006 Nam
1733 2968 1826 3022 per
1852 2953 2169 3023 cogitantem

598 3042 952 3097 substantiam
972 3059 1082 3095 eam
1092 3044 1322 3097 municat
1347 3044 1589 3114 supernis
1610 3043 1907 3109 virtutibus,
1936 3060 2027 3115 per
2046 3059 2169 3098 sen-

2267 1840 2619 1895 συνελθοῦσαι
2651 1842 2709 1895 ὲν
2733 1844 2846 1907 τοῖς
2872 1844 2994 1897 καθ’
3018 1843 3270 1909 ἕκαστον,
3304 1845 3363 1899 ἓν
3392 1847 3664 1917 πρόσωπον
3684 1850 3780 1902 ἁπο-

2261 1932 2543 1997 τελοὺσιν,
2600 1934 2735 2007 φέρε
2779 1936 2955 1989 εἰπεῖν
2991 1936 3237 1992 Ἰωάννου
3285 1938 3319 2010 ἢ
3367 1939 3572 1994 Παύλου
3601 1941 3631 2011 ἢ
3660 1940 3779 1995 ἄλλον

2262 2026 2431 2090 τινὸς,
2463 2027 2716 2095 μείνασαι
2742 2026 2857 2081 δύο.
2892 2027 3030 2081 Οὑτε
3059 2030 3168 2102 γὰρ
3197 2031 3230 2101 ἡ
3256 2030 3407 2102 ψυχὴ
3441 2031 3572 2106 σὰρξ
3595 2033 3780 2101 ἐγένετο,

2263 2115 2389 2168 οὔτε
2438 2116 2543 2187 μὴν
2592 2118 2626 2187 ἡ
2670 2116 2807 2189 σὰρξ
2841 2119 2988 2191 ψυχὴ
3019 2120 3275 2189 γέγονεν·
3320 2124 3530 2195 μάρτυς
3556 2126 3608 2179 δὲ
3635 2128 3781 2181 τούτου

2265 2205 2479 2271 Παῦλος
2523 2210 2552 2262 ὁ
2589 2211 2765 2280 κῆρυξ
2794 2215 2893 2282 τῆς
2916 2213 3173 2284 ἀληθείας
3203 2216 3453 2284 φάσκων,
3496 2218 3549 2271 ’0
3576 2218 3685 2273 ἔσω
3704 2219 3781 2273 ἀνι

2266 2303 2497 2368 θρωπος
2542 2302 2644 2357 καὶ
2688 2306 2721 2359 ό
2758 2303 2908 2370 ἔξω,
2960 2305 3046 2359 ἵνα
3075 2307 3136 2361 τὸ
3165 2307 3425 2379 διάφορον
3458 2311 3678 2384 σημαίνῃ
3704 2314 3784 2365 τῶν

2263 2392 2494 2445 οὐσιῶν·
2528 2394 2704 2465 τούτῳ
2746 2395 2873 2450 καττ
2903 2395 3048 2467 ῐχνος
3080 2398 3349 2469 ἑπόμενος
3380 2400 3638 2471 Ἰωάννης,
3664 2401 3689 2454 6
3712 2404 3785 2474 τῆς

2267 2482 2889 2552 Κωνσταντινουπόλεως
2950 2487 3252 2553 ἐπίσκοπος
3324 2491 3420 2545 καὶ
3475 2492 3644 2563 πάσης
3694 2495 3784 2547 Ἐκι

2267 2571 2497 2641 κλησίας
2533 2573 2887 2643 διδάσκαλος,
2926 2579 3152 2633 τοιαῦτα
3184 2580 3391 2651 γράφει
3442 2582 3500 2634 ἐν
3538 2582 3611 2652 τῷ
3636 2584 3781 2651 ἔπιτε·

2266 2664 2569 2737 γραμμένῳ
2589 2666 2732 2737 λόγῳ
2754 2668 2835 2731 είς
2857 2668 2953 2739 τὴν
2977 2669 3241 2739 ἀσάφειαν
3262 2671 3367 2741 τῆς
3389 2671 3620 2736 Παλαιᾶς
3635 2672 3783 2743 Διαθῆ-

2267 2773 2371 2828 κης
2391 2771 2407 2788 ο
2446 2758 2710 2815 Διπλοῦν
2734 2760 2846 2830 τὰρ
2872 2762 3050 2817 τοῦτο
3090 2762 3160 2817 τὸ
3189 2762 3339 2825 ζῶον
3371 2766 3405 2819 ό
3428 2764 3707 2835 ἄνθρωπος
3730 2765 3781 2819 ἐκ

2266 2846 2378 2903 δύο
2401 2851 2803 2921 συγκείμενον
2829 2853 3073 2920 οὐσιῶν,
3108 2854 3221 2923 τῆς
3239 2855 3359 2925 μὲν
3384 2855 3676 2923 αἰσθητῆς,
3700 2855 3780 2922 τῆς

2267 2937 2336 2991 δὲ
2354 2940 2598 3010 νοητῆς,
2625 2940 2855 3012 ψυχῆς,
2879 2942 3055 3014 dem,
3087 2944 3186 2997 καί
3209 2944 3505 3015 σώματος,
3523 2944 3614 2998 καί
3633 2947 3691 2998 ἐν
3706 2948 3781 2999 οὐδ

2261 3031 2429 3100 ρανῷ
2475 3032 2575 3086 καὶ
2619 3033 2690 3086 ἐν
2733 3031 2812 3104 γῆ
2856 3034 3215 3105 συγγένειαν
3244 3037 3420 3107 ἕχον.
3466 3038 3564 3093 Διὰ
3587 3039 3680 3110 γὰρ
3701 3038 3780 3105 τῆς

600 3136 837 3200 tientem,
872 3134 1203 3189 terrestribus
1224 3144 1562 3190 conversatur
1581 3136 1754 3203 rebus,
1780 3146 1987 3192 arctum
2003 3137 2166 3207 factus

2270 3123 2495 3195 νοητῆς
2521 3126 2737 3193 οὐσίας
2764 3128 3039 3183 κοινωνεῖ
3062 3128 3192 3195 ταῖς
3215 3130 3342 3184 ἀνω
3363 3131 3688 3200 δυνάμεσιν·
3710 3131 3779 3184 διὰ

599 3226 873 3295 utriusque
902 3226 1184 3281 creationis
1221 3224 1510 3282 vinculum.
1561 3227 1639 3283 Ita
1678 3244 1812 3300 ergo
1859 3229 1915 3284 in
1947 3227 2170 3286 Christo

599 3318 835 3373 duarum
863 3319 1295 3375 substantiarum
1325 3320 1468 3376 facta
1490 3331 1573 3376 est
1602 3322 1734 3378 unio
1764 3323 1821 3378 in
1850 3338 2015 3378 unam
2036 3322 2169 3379 sub-

602 3410 913 3468 sistentiam
961 3421 1017 3467 et
1058 3429 1224 3469 unam
1278 3430 1603 3485 personam;
1648 3417 1752 3473 etsi
1808 3416 2043 3473 obscure
2076 3432 2174 3490 per

526 3532 531 3541 ι
600 3505 850 3574 exempla
883 3504 1321 3562 demonstratum
1342 3508 1449 3575 siti;
1481 3524 1719 3566 omnem
1733 3511 1882 3566 enim
1908 3511 2171 3567 unionem

601 3592 790 3649 habita
839 3594 894 3648 in
943 3593 1166 3651 Christo
1196 3596 1487 3677 dispositio
1518 3614 1648 3655 vere
1680 3615 1949 3672 superans
1980 3600 2175 3658 huma-

598 3700 728 3740 nam
760 3684 900 3757 l'ugit
928 3685 1299 3744 collationem.

673 3948 780 4006 Sed
814 3949 1017 4005 iterum
1052 3949 1248 4007 iisdem
1272 3950 1595 4021 epidemicis
1631 3953 1861 4019 morbis,
1886 3962 1943 4009 et
1970 3968 2173 4010 secun-

599 4042 732 4098 dum
781 4043 1056 4098 rationem
1095 4043 1214 4097 luto
1263 4042 1528 4108 immersi,
1557 4043 1675 4100 hazc
1699 4044 1913 4099 diverse
1938 4053 2174 4115 praeten-

600 4135 760 4189 dunt.
810 4133 1012 4189 Dicunt
1057 4134 1248 4190 enim:
1293 4149 1402 4189 non
1461 4143 1545 4191 est
1581 4136 2176 4199 substantiaiinsubsi-

600 4236 788 4291 stens;
822 4226 1099 4296 quomodo
1130 4242 1262 4297 ergo
1289 4241 1400 4281 non
1431 4226 1727 4282 dicendum
1755 4236 1840 4284 est
1868 4228 1925 4283 in
1955 4227 2173 4283 duabus

599 4318 996 4383 subsistentiis,
1060 4319 1107 4374 si
1158 4318 1296 4374 duas
1338 4318 1671 4375 substantias
1711 4319 1936 4375 dicitis?
1977 4320 2173 4377 Videte

601 4410 908 4482 peritorum
938 4412 1137 4466 horum
1170 4412 1569 4484 ignorantiam;
1600 4414 1742 4469 hanc
1778 4415 1926 4469 enim
1973 4414 2169 4470 incon-

2271 3213 2341 3268 δὲ
2389 3214 2498 3285 τῆς
2544 3217 2838 3288 αἰσθητῆς
2861 3258 2878 3283 ,
2930 3219 3058 3287 τοῖς
3088 3220 3185 3274 ἐπὶ
3216 3218 3333 3290 γῆς
3364 3221 3651 3290 συνῆπται
3672 3221 3780 3290 apd-

2270 3321 2513 3376 τμασιν,
2539 3308 2887 3378 σύνδεσμος
2909 3310 2995 3364 ὢν
3018 3312 3267 3382 ἀκριϐὴς
3288 3314 3570 3383 ἑκατέρας
3587 3312 3681 3384 τῆς
3697 3314 3780 3367 2r!-

2270 3412 2445 3466 σεως.
2503 3399 2691 3465 οὑτως
2715 3396 2809 3456 οὑν
2839 3402 2895 3456 ἐν
2912 3402 3134 3475 Χριστῷ
3145 3404 3253 3457 τῶν
3276 3404 3376 3459 δύο
3400 3404 3587 3458 οὑσιῶν
3609 3406 3779 3474 γέγονεν

2270 3492 2463 3559 ἕνωσις
2494 3498 2576 3560 είς
2608 3498 2738 3564 μίαν
2764 3497 3062 3552 ὑπόστασιν
3090 3498 3187 3551 καλ¹
3212 3496 3271 3550 ἓν
3296 3498 3585 3570 πρόσωπον
3605 3516 3619 3530 ο
3650 3498 3690 3550 εί
3712 3496 3779 3549 καὶ

2271 3587 2530 3675 ἀμυδρῶς
2557 3588 2646 3643 διὰ
2670 3588 2781 3643 τῶν
2804 3589 3263 3661 παραδειγμάτων
3291 3591 3678 3645 ἀποδέδεικται·
3705 3589 3780 3640 πᾶ-

2272 3696 2374 3732 σαν
2419 3679 2527 3752 γάρ
2572 3680 2768 3735 ἕνωσιν
2803 3682 2836 3753 ἡ
2869 3683 2927 3735 ἐν
2956 3682 3180 3754 Χριστῷ
3206 3684 3492 3753 οἰκονομία
3525 3683 3594 3746 ὡς
3614 3680 3781 3752 ἀληθῶς

2272 3772 2647 3844 ὑπεραίρουσα
2705 3775 2806 3843 τὴν
2860 3773 3235 3847 ἀνθρωπίνην,
3256 3774 3614 3847 διαδιδράσκει
3651 3771 3779 3827 κατάι

2269 3862 2452 3934 ληψιν.

2344 3955 2507 4011 Ἀλλὰ
2526 3956 2687 4010 πάλιν
2713 3958 2825 4021 τοῖς
2846 3957 3029 4024 αὑτοῖς
3055 3958 3493 4029 ὲμφιλοχωροῢσι
3514 3958 3773 4027 νοσήμασιν.

2271 4050 2369 4103 καὶ
2398 4048 2538 4103 κατὰ
2564 4050 2654 4103 τὸν
2677 4050 2836 4118 λόγον
2862 4050 2940 4121 τῷ
2972 4049 3217 4123 βορϐόρῳ
3243 4052 3626 4123 ὲγκυλιὸμενοιο
3649 4047 3774 4102 ταῦτα

2270 4144 2379 4214 γὰρ
2410 4143 2571 4197 πάλιν
2603 4144 2872 4214 διαφόρως
2903 4144 3299 4211 προϐάλλονται
3320 4161 3336 4177 ·
3377 4145 3509 4215 φασὶ
3536 4142 3661 4213 γὰρ,
3695 4137 3774 4192 Οὐκ

2272 4236 2419 4293 ἔστιν
2438 4237 2592 4291 οὐσία
2614 4236 3000 4301 ἀνυπόστατος.
3028 4238 3152 4302 Πῶς
3172 4234 3266 4292 οὖν
3288 4238 3393 4292 οὐκ
3416 4240 3474 4292 ὲν
3495 4237 3581 4291 δύο
3598 4232 3774 4289 timori-

2272 4341 2391 4379 σεσι
2422 4325 2612 4397 ῥητέον
2632 4365 2647 4389 ,
2678 4326 2836 4397 εἴπερ
2866 4327 2975 4397 ἄρα
3002 4324 3097 4380 δύο
3119 4325 3308 4390 οὐσίας
3336 4327 3507 4397 cpe-ct;
3536 4325 3677 4396 δρᾶτε
3698 4320 3772 4373 τῶν

2273 4417 2498 4489 κομψῶν
2531 4417 2735 4471 τούτων
2758 4417 2858 4490 τὴν
2883 4419 3105 4487 ἄγνοιαν
3128 4432 3147 4450 ⁸
3196 4420 3297 4491 τὴν
3340 4422 3452 4491 γάρ
3490 4419 3644 4487 αὐτὴν
3678 4414 3773 4484 ἡμῖν

598 4502 840 4560 siderate
886 4504 1128 4560 all‘erunt
1193 4504 1645 4576 propositionem,
1693 4508 1916 4563 nomina
1970 4508 2166 4563 iterum

2276 4487 2518 4580 ἀνοήτως
2564 4487 2857 4583 εἰσήγαγον
2904 4511 3206 4582 πρότασιν;
3253 4487 3364 4565 *τὰή
3391 4487 3616 4582 ὀνόματα
3656 4502 3770 4559 πάλιν

600 4593 978 4650 immutantes.
1027 4593 1159 4661 Quae
1209 4604 1292 4650 cst
1338 4596 1488 4651 enim
1526 4597 1889 4655 substantiam
1922 4600 2067 4656 inter
2112 4609 2169 4658 et

598 4692 854 4739 naturam
904 4683 1252 4740 ditierentia?
1309 4686 1457 4741 unde
1534 4687 1681 4745 idem
1724 4690 1884 4748 nobis
1913 4692 2166 4749 etiamin

599 4792 659 4832 re
682 4779 937 4847 praesenti
963 4793 1147 4833 sermo
1165 4780 1537 4851 suppleretur.
1559 4782 1807 4840 Dicerem
1836 4785 1982 4840 enim
2010 4785 2161 4842 istis:

597 4868 715 4925 Etsi
761 4869 1146 4925 consideretur
1170 4871 1228 4926 in
1250 4873 1683 4942 proprietatibus
1711 4876 2166 4934 cbaracteristicis

599 4959 766 5015 homo
790 4975 857 5013 ex
892 4961 1073 5015 anima
1113 4969 1172 5018 et
1200 4976 1434 5034 corpore
1464 4969 2011 5038 constans,plurimas
2040 4971 2173 5025 sub-

599 5051 879 5107 sistentias
908 5062 965 5108 et
991 5053 1263 5123 plurimos
1303 5056 1556 5114 homines
1591 5059 1746 5115 illum
1769 5059 1984 5116 eﬂicere
2014 5072 2174 5133 puta-

602 5148 706 5202 tis?
751 5146 871 5201 Non
899 5148 1046 5202 enim
1076 5148 1145 5203 ad
1185 5149 1241 5204 id
1282 5151 1529 5205 stultitia:
1552 5151 1798 5216 venistis,
1829 5162 1891 5207 ut
1915 5154 2175 5209 nesciatis

602 5237 769 5292 aiiam
797 5251 920 5293 esse
944 5238 1183 5293 animam
1211 5240 1268 5294 in
1305 5240 1607 5296 substantia
1631 5256 1697 5297 ac
1724 5257 1945 5314 corpus,
1975 5245 2171 5300 aliam-

598 5344 707 5400 que
733 5344 934 5400 corpus
974 5329 1120 5386 circa
1151 5330 1512 5387 substantiam
1539 5332 1808 5390 rationem
1843 5350 2084 5392 servare.
2111 5336 2169 5393 Si

554 5493 558 5497 ρ
598 5431 782 5478 autem
804 5439 1036 5494 quaeque
1077 5424 1383 5480 substantia
1416 5426 1717 5481 secundum
1745 5442 1843 5482 vos
1875 5427 2170 5498 particula-

600 5531 718 5571 rem
754 5515 1172 5572 subsistentiam
1226 5517 1728 5573 cbaracteristicam
1780 5519 1998 5590 recipit,
2055 5521 2169 5593 jam

600 5606 736 5660 mihi
767 5605 969 5660 unione
988 5614 1161 5671 caret,
1193 5615 1250 5661 et
1273 5622 1416 5662 unus
1446 5606 1506 5661 ﬁt
1531 5605 1661 5671 duo,
1688 5614 1747 5661 ut
1776 5607 1932 5663 vobis
1960 5616 2015 5663 et
2046 5608 2169 5663 ina-

598 5698 763 5754 nibus
795 5697 1196 5756 sabtilitatibus
1223 5700 1399 5757 visum
1458 5698 1549 5755 sit.
1595 5698 1692 5755 Sin
1746 5708 1930 5758 autem
1973 5715 2075 5773 ego
2102 5719 2169 5758 cx

668 5812 695 5851 δ
721 5810 846 5868 Lib.
878 5810 952 5879 iv,
984 5827 1033 5869 c.
1058 5813 1148 5869 28.

2272 4600 2697 4669 ὑπαλλάξαντες.
2733 4601 2831 4664 Τίς
2859 4601 2967 4671 γὰρ
2996 4601 3229 4672 διαφορὰ
3249 4601 3437 4665 οὑσίας
3463 4600 3554 4655 καὶ
3578 4596 3746 4667 φύσεως
3756 4608 3767 4653 ἱ

2267 4696 2353 4759 τίς
2377 4693 2435 4748 δὲ
2467 4691 2755 4764 προσώπου
2787 4692 3058 4763 προέστην
3086 4692 3145 4744 ὲν
3172 4692 3480 4762 χαρακτῆρι
3508 4688 3766 4743 ὑπόστασινε

2269 4785 2435 4842 Ὅθεν
2469 4786 2498 4839 ὁ
2525 4783 2687 4848 αὑτὸς
2716 4784 2847 4854 ἡμῖν
2891 4784 2989 4836 καὶ
3029 4783 3125 4836 ἐπὶ
3164 4782 3258 4835 τοῦ
3306 4781 3562 4853 παρόντος
3600 4775 3766 4845 ἀρκέσει

2265 4880 2421 4949 λόγος
2445 4894 2460 4911 ο
2495 4878 2703 4949 εἴποιμι
2734 4877 2841 4947 γάρ
2873 4877 2940 4931 ἂν
2968 4876 3103 4948 πρὸς
3132 4873 3328 4933 αὑτούς
3349 4889 3367 4907 ο
3403 4872 3510 4928 Καὶ
3534 4871 3579 4924 εί
3606 4868 3687 4939 μὲν
3705 4863 3766 4916 τὸν

2272 4972 2336 5023 ἐκ
2386 4969 2561 5039 ψυχῆς
2615 4969 2708 5022 καὶ
2756 4966 3008 5038 σώματος
3055 4969 3114 5020 ὲν
3164 4964 3446 5037 ἰδιώμασιν
3492 4971 3762 5033 χαρακτηρν

2271 5064 2472 5124 στικοϊς
2500 5060 2871 5133 θεωρούμενον
2899 5059 3220 5133 ἄνθρωπον,
3273 5058 3475 5121 πολλὰς
3505 5049 3764 5110 ὑποστάσεις

2266 5154 2361 5209 καὶ
2410 5154 2636 5217 πολλοὺς
2686 5153 3004 5224 ἀνθρώπους
3041 5155 3250 5209 δοκεῖτε
3282 5155 3495 5215 ποιεῖν;
3532 5147 3588 5202 οὐ
3613 5144 3699 5213 γὰρ
3720 5137 3765 5203 δὴ

2268 5245 2516 5300 τοσοῦτον
2546 5245 2741 5315 ἠλίθιοι
2773 5245 3073 5315 πεφύκατε,
3108 5247 3247 5301 ὥστε
3275 5244 3485 5314 ἀγνοεῖν
3511 5239 3678 5308 ἑτέραν
3696 5228 3766 5300 μὶν

2274 5333 2414 5391 εἶναι
2445 5337 2563 5390 κατ’
2585 5336 2773 5390 οὑσίαν
2803 5340 2901 5409 τὴν
2925 5338 3101 5409 ψυχὴν
3133 5338 3265 5408 πρὸς
3287 5336 3346 5389 τδ
3372 5334 3544 5404 σῶμα,
3560 5315 3765 5409 ἕτερονᾷ

2273 5431 2335 5483 τὸ
2378 5429 2538 5500 σῶμα
2588 5430 2679 5484 τὸν
2724 5407 2986 5500 περὶ-τῆς
3010 5407 3195 5493 οὑσίας
3224 5427 3380 5496 λόγον
3404 5424 3604 5493 ἐπέχειν
3623 5433 3636 5448 ⁸
3668 5413 3705 5465 εξ
3724 5407 3765 5459 δι

2276 5522 2477 5594 ἑκάστη
2502 5522 2658 5576 οὑσία
2682 5524 2805 5576 καθ’
2829 5520 2973 5592 ὑμᾶς
2998 5523 3169 5593 ίδικὴν
3188 5522 3479 5575 ὑπόστασιν
3499 5518 3766 5594 χαρακτηρίξ

2278 5592 2474 5685 στικὴν
2518 5614 2873 5685 ἀναδέχεται,
2929 5614 3060 5669 κενά
3104 5592 3194 5685 μοι
3226 5614 3292 5666 τὰ
3315 5614 3410 5683 τῆς
3436 5607 3669 5662 ἑνὼσεωςν
3693 5592 3767 5701 ξαὶ

2274 5705 2304 5760 ὁ
2347 5702 2429 5771 εἷς
2475 5707 2669 5777 γέγονε
2712 5709 2831 5775 δύο,
2880 5709 2968 5763 ἵνα
3000 5709 3128 5779 ὑμῖν
3158 5706 3285 5779 δόξῃ
3317 5706 3408 5762 καὶ
3439 5703 3544 5764 τοῖς
3567 5697 3764 5769 ματαίοις
