4018 6496
168 362 325 429 2953

1352 357 1812 420 FRAGMENTA
1853 353 2193 416 DOGMATI
2200 353 2285 412 CA
2298 397 2311 411 .

3305 342 3448 410 2954

171 478 542 549 σκινδάλμοις.
604 478 669 533 El
719 478 775 533 δὲ
829 477 939 546 ἐγὼ
994 479 1059 532 ὲκ
1097 477 1367 548 διαφόρων
1417 479 1619 532 οὐσιῶν
1673 477 1766 530 δύο

1896 475 2257 533 lill‘erentibus
2284 474 2611 531 substantiis
2631 474 2847 532 duabus
2868 482 3146 540 constans,
3186 489 3296 530 non
3326 486 3450 530 sum

172 571 560 641 συγκείμενος,
584 570 685 624 οὐκ
708 568 825 641 εἰμὶ
861 570 955 624 δύο
973 569 1269 642 ἄνθρωποι,
1294 569 1544 625 ἀλλὰκαὶ
1556 569 1763 635 τάςδύο

171 663 295 735 ἔχω
318 662 504 726 οὐσίας
534 661 636 731 τῆς
659 661 840 733 ψυχῆς
872 662 965 716 καὶ
994 662 1087 715 τοῦ
1120 663 1391 733 σώματος,
1426 662 1521 715 καὶ
1550 664 1609 715 έν
1633 662 1766 715 ὐπο-

176 756 376 808 στάσει
408 755 503 824 μιᾷ
536 752 850 824 θεωροῦμαι
874 794 889 819 ,
922 753 1005 817 τίς
1036 753 1249 824 ἀνάγκη
1280 754 1377 807 καὶ
1407 754 1499 807 ἐπὶ
1526 753 1763 821 Χριστοῦ

172 847 285 912 τὰς
330 847 422 901 δύο
463 846 651 909 οὐσίας
689 845 1091 917 ὁμολογοῦντα,
1141 846 1235 899 δύο
1268 846 1433 917 φάναι
1464 848 1559 900 καὶ
1592 847 1766 911 ίδικάς

176 940 287 1002 τὰς
319 938 642 1001 ὑποστάσεις
668 955 682 1003 ;
736 936 912 990 Αὐτοῦ
950 937 1049 1007 μὲν
1079 938 1188 1007 γὰρ
1218 940 1284 1009 τῇ
1316 938 1479 1006 φύσει
1521 938 1590 991 τὰ
1624 937 1764 1005 θεῖα,

177 1029 355 1083 αὐτοῦ
390 1029 444 1082 δὲ
475 1029 562 1083 διὰ
584 1028 684 1097 τὴν
714 1028 1080 1082 ένυπόστατον
1108 1027 1305 1081 ἕνωσιν
1332 1029 1399 1081 τὰ
1425 1027 1764 1097 ἀνθρώπινα·

176 1121 245 1174 οὐ
285 1120 395 1190 γὰρ
441 1120 499 1171 ὲν
530 1117 704 1189 ἑτέρῳ
728 1159 742 1183 ,
800 1119 916 1174 ἀλλ’
952 1120 1009 1172 ὲν
1040 1117 1190 1188 αὐτῷ
1224 1121 1256 1188 ἡ
1296 1118 1439 1190 ίδικὴ
1468 1117 1633 1172 αὐτοῦ
1667 1118 1769 1170 ὑπ-

177 1212 324 1281 έστη
378 1209 549 1280 σὰρξ,
605 1209 681 1272 ῶς
728 1209 1053 1281 προείρηται
1079 1225 1092 1239 ·
1137 1209 1198 1262 τὸ
1229 1210 1406 1263 κοινὸν
1437 1209 1544 1279 γὰρ
1572 1208 1771 1279 ἔχουσα

177 1303 291 1373 τῆς
341 1300 692 1372 ἀνθρωπίνης
736 1301 925 1363 οὐσίας
962 1300 1123 1355 τοῦτο
1145 1341 1161 1367 ,
1212 1301 1273 1354 τὸ
1303 1296 1442 1354 εἶναι
1475 1298 1612 1372 σάρξ
1636 1300 1769 1369 ἐψυ-

179 1396 415 1467 χωμένη
449 1392 595 1464 ψυχῇ
622 1394 852 1464 λογικῇ,
892 1393 950 1446 ἐν
985 1392 1132 1464 μόνῳ
1166 1391 1243 1463 τῷ
1275 1392 1396 1463 Θεῷ
1425 1392 1583 1462 Λόγῳ
1615 1392 1773 1462 ἔσχεν

180 1487 255 1542 τὰ
318 1487 461 1540 ίδικά
488 1525 503 1549 ,
554 1485 712 1539 τοῦτό
765 1488 881 1539 ἐστι
916 1486 975 1539 τὸ
1006 1473 1146 1539 εἷναι
1176 1484 1268 1538 τοῦ
1301 1485 1434 1538 Θεοῦ
1468 1486 1640 1554 Λόγου
1677 1486 1776 1538 καὶ

180 1581 287 1649 οὐχ
322 1578 511 1649 ἐτέρου
544 1577 700 1650 σάρξ.
738 1578 864 1641 Πῶς
892 1573 985 1631 οὖν
1016 1577 1182 1648 ἑτέρα
1235 1577 1555 1643 ὑπόστασις,
1584 1580 1617 1647 ἡ
1644 1576 1777 1647 μηδ-

182 1674 333 1736 όλως
353 1672 472 1725 καθ’
495 1671 691 1743 ἑαυτὴν
722 1671 1036 1737 ὐποστᾶσας

263 1764 478 1827 Ἀλλως
504 1780 562 1817 τε
595 1763 729 1834 μηδὲ
753 1762 910 1816 τοῦτο
931 1762 1316 1830 ἀγνοείτωσαν,
1344 1761 1426 1814 ὅτι
1451 1760 1570 1813 ἀντὶ
1591 1759 1779 1822 οὐσίας

1873 572 1984 626 duo
2017 570 2293 633 homines,
2320 567 2416 623 sed
2466 566 2604 622 duas
2650 568 2828 623 habeo
2862 567 3220 631 substantias,
3251 567 3453 622 anima:

1872 672 1929 719 et
1956 662 2228 732 corporis,
2271 670 2327 715 et
2353 660 2410 715 in
2435 676 2543 714 una
2566 660 2923 715 subsistentia
2947 660 3296 725 consideror,
3331 674 3456 729 quae

1873 754 2176 811 necessitas
2228 763 2312 808 est
2349 752 2489 807 duas
2530 752 2585 806 in
2626 751 2850 807 Christo
2891 753 3234 808 substantias
3291 750 3457 822 protl-

1876 854 2112 910 tentem,
2138 844 2277 899 duas
2297 858 2518 914 quoque
2545 843 2732 898 dicere
2776 852 2831 897 et
2866 845 3228 914 particulares
3282 845 3457 900 subsi-

1877 939 2150 995 stentias?
2171 937 2242 991 ad
2277 937 2433 991 illum
2458 938 2605 990 enim
2626 935 2909 1005 pertinent
2934 945 3131 990 natura
3159 936 3368 1002 divina,
3402 944 3461 990 et

1877 1029 1947 1085 ad
1974 1029 2128 1084 illum
2150 1043 2249 1099 per
2264 1026 2734 1082 subsistentialcm
2762 1026 3025 1081 unionem
3042 1026 3281 1081 humana
3310 1044 3323 1092 ;
3346 1042 3461 1081 non

1880 1121 1935 1175 in
1958 1121 2310 1189 alio'nempe,
2342 1117 2507 1172 sedin
2538 1118 2629 1171 illo
2660 1118 2883 1188 propria
2912 1119 3033 1189 ejus
3063 1118 3279 1173 exsistit
3307 1133 3457 1183 caro,

1880 1224 1939 1268 ut
1973 1228 2139 1284 supra
2182 1212 2426 1277 dicitur;
2472 1224 2822 1264 communem
2872 1224 3000 1265 caro
3069 1209 3213 1263 hanc
3249 1210 3462 1263 habens

1880 1310 2135 1362 humanae
2170 1303 2494 1359 substantim
2536 1302 2952 1373 proprietatem,
2991 1301 3223 1356 animari
3251 1300 3465 1356 scilicet

1881 1401 1950 1456 ab
1981 1400 2165 1454 animo
2192 1396 2469 1461 rationali,
2512 1396 2567 1449 in
2610 1396 2728 1450 solo
2758 1396 2872 1450 Deo
2895 1394 3079 1467 Verbo
3110 1396 3308 1450 habuit
3340 1409 3466 1465 par-

1886 1494 2195 1557 ticularem,
2239 1507 2361 1547 esse
2411 1490 2623 1546 scilicet
2655 1489 2750 1545 Dei
2779 1488 2947 1543 Verbi
3006 1498 3063 1543 et
3094 1502 3204 1543 non
3234 1489 3465 1543 alterius

1884 1603 2128 1643 carnem.
2178 1583 2466 1652 Quomodo
2516 1599 2647 1654 ergo
2682 1583 2787 1637 alia
2829 1580 3209 1647 subsistentia,
3238 1581 3466 1635 minime

1881 1681 2034 1751 juxta
2057 1676 2295 1748 seipsam
2324 1673 2669 1731 subsistens?

1955 1771 2132 1826 Aliter
2156 1785 2226 1824 ne
2249 1769 2367 1824 haec
2392 1768 2669 1838 ignorent,
2693 1780 2795 1836 pro
2812 1766 3120 1820 substantia
3160 1763 3469 1820 subsisten-

185 1859 220 1927 ἠ
244 1858 549 1921 ὑπόστασις
570 1859 681 1919 τοῖς
711 1856 886 1925 ἁγίοις
913 1854 1161 1926 Πατράσι
1198 1854 1455 1917 πολλάκις
1486 1851 1782 1925 ὲνῘνεν]όη-

1896 1860 2015 1916 tiam
2043 1876 2073 1914 a
2103 1859 2311 1916 sanctis
2339 1857 2596 1912 Patribus
2630 1855 2830 1926 saepius
2862 1854 3130 1924 reputari,
3162 1863 3222 1908 ut
3244 1862 3469 1909 sanctus

184 1966 303 2017 ται,
323 1949 400 2015 ὡς
417 1950 508 2003 καὶ
528 1947 780 2019 Κυρίλλῳ
795 1949 966 2001 δοκεῖ·
990 1950 1046 2001 ὲν
1068 1947 1175 2018 γὰρ
1189 1946 1267 2016 τῷ
1288 1945 1335 2015 γ’
1352 1945 1779 2017 ἁναθεματισμῷ

186 2057 373 2111 φησιν
400 2055 412 2066 ·
472 2040 546 2094 El
592 2057 683 2105 τις
724 2038 824 2092 ἐπὶ
854 2038 961 2091 τοῦ
988 2039 1128 2104 ἐνὸς
1155 2038 1410 2106 Χριστοῦ
1440 2038 1654 2106 διαιρεῖ
1675 2038 1781 2103 τὰς

185 2129 573 2196 ὑποστάσεις
602 2130 751 2200 μετὰ
781 2129 895 2197 τὴν
917 2128 1159 2183 ἕνωσιν.
1205 2130 1273 2183 Τὸ
1304 2130 1413 2198 γὰρ
1443 2129 1782 2199 ὑφεστηκὸς

184 2226 460 2280 ἐνταῦθα
488 2224 671 2293 δηλοῖ
695 2225 733 2293 ἡ
762 2225 1126 2290 ὑπόστασις*
1164 2227 1236 2277 οὺ
1266 2224 1375 2293 γὰρ
1406 2222 1482 2277 ἂν
1511 2226 1543 2277 ό
1568 2223 1780 2292 θεοφό-

178 2334 300 2385 ρος
356 2317 453 2370 ἐπὶ
496 2317 601 2371 τοῦ
630 2316 769 2381 ἐνὸς
798 2315 1056 2383 Χριστοῦ
1085 2314 1455 2381 ὑποστάσεις
1484 2312 1784 2384 ὠνόμαζεν

187 2414 223 2465 ό
254 2410 397 2476 ταῖς
428 2409 757 2480 Νεστορὶου
779 2408 1201 2477 ,ϐλασφημίαις
1234 2408 1326 2463 ἀεὶ
1360 2408 1674 2476 πολεμῶν,
1730 2411 1784 2463 εί

184 2498 274 2569 μὴ
308 2500 450 2555 ἀντὶ
475 2498 701 2555 οὐσιῶν
728 2499 917 2565 αὐτὰς
943 2498 1206 2568 ἐδέχετο.
1224 2498 1456 2569 Ὁμοίως
1482 2499 1615 2551 καὶό
1632 2496 1785 2565 ἅγιος

193 2590 524 2654 Ἀθανάσιος
552 2592 611 2644 ὲν
636 2594 701 2661 τῇ
734 2589 869 2659 πρὸς
885 2592 1127 2662 Ἀφρους
1153 2590 1411 2660 ἐπιστολῇ
1436 2606 1619 2661 φησιν·
1637 2589 1699 2645 Ἠ
1717 2589 1786 2642 δὲ

191 2682 547 2747 ὑπόστασις
581 2680 764 2734 οὐσία
787 2678 922 2733 ἐστὶ
940 2720 954 2741 ,
974 2679 1081 2735 Καὶ
1110 2678 1291 2733 οὐδὲν
1313 2678 1468 2733 ἄλλο
1494 2680 1786 2748 σημαινό-

188 2788 392 2840 μενον
412 2770 558 2840 ἕχει,
590 2768 628 2837 ἣ
654 2770 801 2823 αὐτὸ
827 2768 894 2823 τὸ
920 2770 1010 2845 ὅγε
1042 2770 1177 2840 ὅπερ
1205 2770 1233 2821 ὁ
1265 2768 1533 2839 Ἱερεμίας
1556 2768 1787 2838 ὓπαρξιν

195 2862 463 2933 ὀνομάζει
506 2861 679 2929 λέγων
701 2877 714 2891 ’
748 2860 861 2915 Καὶ
901 2861 1012 2915 οὐκ
1048 2858 1325 2928 ἤκουσαν
1360 2859 1573 2929 φωνὴν
1606 2860 1791 2928 ὑπάρ-

196 2953 359 3019 ξεως
380 2969 393 2982 ’
440 2952 473 3022 ἡ
504 2952 613 3021 γὰρ
641 2950 938 3016 ὑπόστασις
966 2952 1060 3005 καί
1088 2952 1121 3022 ἡ
1146 2950 1306 3005 οὐσία
1347 2949 1585 3020 ὓπαρξίς
1617 2952 1784 3003 ἐστιν·

196 3044 320 3098 ἔστι
378 3043 483 3114 γὰρ
550 3042 645 3095 καὶ
699 3041 953 3111 ὑπάρχει.
1012 3042 1076 3094 Ei
1118 3036 1210 3095 οὖν
1258 3058 1341 3105 τις
1395 3040 1793 3104 ένυποστάτους

198 3134 353 3189 κατά
382 3133 571 3187 τοῦτον
597 3133 689 3186 τὸν
716 3131 874 3198 λόγον
906 3132 1053 3185 είποι
1082 3132 1183 3196 τὰς
1206 3132 1415 3197 οὐσίας,
1453 3134 1481 3186 ὅ
1511 3134 1658 3186 ἐστιν
1685 3134 1791 3185 ὐπ-

199 3224 507 3297 ἀρχούσας,
535 3223 657 3276 οὐδὲ
682 3188 845 3295 ὴμείς
870 3188 1242 3295 ἀρνηθείημεν
1258 3239 1271 3254 ·
1304 3225 1339 3292 ὴ
1494 3224 1791 3287 ὑπόστασις
1816 3188 1861 3250 C

201 3319 349 3390 πρὸς
379 3318 477 3388 τὴν
505 3316 696 3373 οὐσίαν
731 3316 809 3387 τῷ
835 3312 975 3370 εἶναι
1008 3316 1108 3387 μέν
1132 3334 1188 3370 τι
1222 3317 1284 3369 οὐ
1313 3316 1562 3387 διαφέρει
1587 3354 1602 3381 ,
1656 3315 1792 3369 ἀλλά

199 3412 281 3483 τῷ
314 3412 423 3479 τὴν
456 3410 554 3481 μὲν
589 3409 782 3475 κοινῶς
814 3404 988 3475 εἶναι,
1028 3408 1173 3479 φημὶ
1201 3408 1257 3462 δὲ
1285 3408 1386 3477 τὴν
1414 3407 1604 3462 οὐσίαν
1626 3422 1641 3436 ·
1693 3407 1792 3478 τὴν

203 3507 258 3561 δ’
295 3503 605 3559 ὐπόστάσιν
658 3502 865 3567 ίδικῶς,
898 3503 1029 3555 ὅταν
1077 3501 1217 3571 μετά
1262 3499 1371 3553 τῶν
1414 3498 1647 3553 καθόλου
1702 3500 1796 3552 καὶ

208 3599 386 3653 ίδικόν
422 3615 473 3650 τι
497 3596 632 3666 ἔχοι.
664 3594 737 3648 Οὐ
768 3592 910 3647 κατά
932 3600 1090 3646 τοῦτο
1112 3588 1206 3645 οὖν
1232 3608 1417 3662 φαμεν
1470 3590 1571 3662 τὴν
1602 3591 1797 3661 ἡμετέ-

208 3707 310 3762 ραν
350 3690 409 3742 ὲν
436 3685 657 3759 Χριστῷ
687 3684 879 3739 οὐσίαν
911 3682 1273 3737 ένυπόστατον
1297 3676 1438 3735 εἶναι
1460 3722 1476 3748 ,
1511 3677 1624 3735 οἷον
1657 3681 1793 3734 ὑπό-

210 3796 410 3834 στασιν
453 3778 575 3832 καθ’
612 3777 811 3848 ἑαυτὴν
842 3773 1352 3847 χαρακτηριστικὴν
1380 3774 1476 3826 καὶ
1502 3774 1795 3845 πρόσωπον

208 3869 386 3927 οὖσαν
408 3913 423 3936 ,
480 3871 617 3924 ἀλλά
666 3869 789 3923 καθ’
814 3869 843 3923 ὃ
878 3867 1183 3937 ὑφέστηκέν
1210 3882 1268 3919 τε
1301 3867 1395 3920 καὶ
1420 3865 1572 3919 ἐστι⁶
1624 3866 1797 3918 ἐνίοτε

211 3965 325 4037 γὰρ
342 3963 405 4017 τὸ
432 3963 799 4034 ὑφεστηκέναι
822 3960 1019 4033 δηλοῖὴ
1048 3960 1370 4025 ὑπόστασις,
1393 3961 1421 4014 ὅ
1444 3962 1594 4014 ἐστιν
1621 3960 1801 4021 οὐσία,

211 4058 286 4121 ῶς
331 4055 742 4117 ἀποδέδεικται,
793 4054 918 4107 ὅταν
959 4052 1070 4107 τῶν
1108 4052 1626 4124 χαρακτηριστικῶν
1662 4052 1803 4105 ίδιω-

216 4148 411 4219 μάτων
444 4148 538 4202 καὶ
564 4147 694 4216 περ)⁹
718 4146 1011 4216 πρόσωπον
1041 4145 1439 4217 θεωρουμένων
1477 4144 1797 4216 ἐστέρηται.

227 4262 330 4318 Ἐκ
365 4260 485 4316 τῶν
525 4259 821 4331 Εὑλογίου
878 4260 1223 4331 Συνηγοριῶν
1280 4260 1413 4331 περὶ
1457 4259 1567 4316 τοῦ
1612 4259 1799 4316 αὐτοῦ

830 4332 1185 4400 κεφαλαίου.

1884 1953 2121 2025 Cyrillus
2150 1954 2340 2017 docet;
2382 1950 2439 2004 in
2483 1950 2591 2004 isto
2618 1949 2767 2003 enim
2794 1947 3254 2002 anathematismo
3285 1946 3422 2001 dicit
3450 1961 3466 1975 ·

1886 2044 1944 2099 Si
1974 2045 2089 2115 quis
2135 2046 2191 2097 in
2241 2058 2346 2095 uno
2378 2039 2585 2096 Christo
2642 2039 2917 2110 distinguit
2960 2038 3325 2115 subsistentias
3351 2040 3467 2106 post

1888 2136 2156 2188 unionem.
2192 2132 2401 2186 Etenim
2438 2131 2801 2184 exsistentiam
2835 2129 3038 2182 indicat
3075 2128 3145 2182 ibi
3185 2113 3472 2182 subsisten-

1888 2232 1999 2293 tia;
2032 2244 2135 2281 non
2180 2228 2320 2281 enim
2349 2228 2430 2280 hic
2456 2225 2786 2296 Theophorus
2821 2225 2878 2278 in
2918 2239 3024 2277 uno
3058 2223 3265 2279 Christo
3297 2223 3470 2277 subsie

1888 2322 2109 2375 stentias
2130 2328 2363 2374 vocasset
2396 2317 2623 2372 Nestorii
2653 2316 3007 2387 blasphemias
3061 2332 3267 2386 semper
3296 2316 3473 2386 impu-

1889 2430 2079 2485 gnans,
2104 2413 2205 2465 nisi
2232 2428 2327 2481 pro
2364 2410 2671 2464 substantiis
2701 2408 2827 2463 illas
2861 2409 3159 2478 accepisset.
3202 2406 3474 2461 Similiter

1888 2515 1944 2560 et
1960 2488 2185 2558 sanctus
2197 2502 2531 2558 Athanasius
2559 2501 2614 2555 in
2636 2516 2733 2555 sua
2760 2500 2827 2555 ad
2860 2500 3019 2554 Afros
3045 2498 3276 2569 epistola
3294 2497 3431 2553 dicit
3456 2514 3471 2551 :

1891 2595 2245 2649 Subsistentia
2292 2594 2588 2647 substantia
2635 2600 2733 2655 est,
2784 2607 2949 2663 neque
2981 2591 3149 2646 aliam
3202 2588 3478 2661 signiﬁca-

1891 2689 2086 2742 tionem
2131 2687 2303 2749 habet,
2358 2702 2420 2739 ac
2470 2686 2644 2754 ipsum
2694 2701 2816 2749 ens;
2847 2683 2997 2753 quod
3028 2681 3298 2737 Jeremias
3328 2679 3476 2736 exsi-

1892 2780 2150 2835 stentiam
2169 2788 2327 2833 vocat
2342 2777 2535 2833 dicens
2550 2794 2563 2830 :
2581 2775 2697 2830 Non
2719 2775 3004 2829 audierunt
3020 2789 3195 2828 vocem
3227 2774 3480 2827 exsisten-

1893 2873 2022 2927 tite”
2066 2886 2238 2925 :nam
2290 2869 2647 2925 subsistentia
2694 2877 2750 2922 et
2798 2867 3103 2924 substantia
3155 2865 3478 2923 exsistcntia

1894 2973 2061 3028 sunt;
2092 2969 2222 3017 sunt
2254 2960 2461 3015 etenim
2516 2970 2573 3014 et
2602 2960 2898 3015 exsistunt.
2939 2958 2995 3013 Si
3024 2958 3151 3027 quis
3182 2972 3315 3027 ergo
3352 2958 3481 3012 sub-

1896 3055 2154 3109 sistentes
2183 3051 2489 3106 secundum
2524 3052 2667 3105 hanc
2700 3050 2971 3113 rationem
3022 3060 3183 3105 vocat
3227 3050 3483 3105 substan-

1898 3144 2022 3202 tias.
2066 3141 2121 3195 id
2151 3150 2236 3195 est
2260 3140 2612 3205 exsistentcs,
2639 3155 2743 3193 nos
2765 3139 2990 3193 minime
3007 3140 3478 3194 contradicemus.

1899 3230 2274 3287 Subsistentia
2296 3230 2445 3285 enim
2473 3228 2526 3283 in
2552 3230 2629 3297 τῷ
2657 3245 2765 3282 esse
2790 3228 2951 3293 nihil,
2981 3244 3012 3283 a
3039 3229 3347 3283 substantia
3373 3228 3484 3283 dif-

1897 3323 2027 3387 l‘ert,
2072 3322 2167 3376 sed
2198 3322 2252 3375 in
2285 3321 2362 3386 τῷ
2387 3336 2738 3376 communem
2785 3336 2914 3385 esse,
2946 3322 3015 3376 de
3043 3322 3356 3376 substantia
3392 3321 3483 3375 lo-

1899 3430 2072 3484 quor;
2110 3413 2467 3468 subsistentia
2523 3421 2707 3469 autem
2745 3413 3096 3483 particularis
3123 3420 3208 3468 est
3243 3427 3369 3468 cum
3398 3427 3488 3484 ge-

1900 3506 2165 3561 neraliter
2200 3514 2415 3575 sumpta
2463 3504 2799 3574 particulare
2846 3505 3055 3575 aliquid
3101 3505 3321 3559 habeat.
3363 3503 3485 3559 Non

1900 3612 2031 3667 ergo
2069 3596 2195 3651 ideo
2226 3596 2463 3651 dicimus
2492 3607 2737 3652 nostram
2772 3597 2826 3650 in
2852 3596 3076 3653 Christo
3114 3597 3486 3653 substantiam

1902 3689 2295 3745 subsistentem
2325 3703 2468 3755 esse,
2523 3698 2587 3743 ut
2634 3689 3058 3745 subsistentiam
3113 3706 3236 3761 qua:
3280 3707 3379 3760 per
3426 3706 3488 3748 se

1907 3780 2356 3836 characteristica
2382 3790 2437 3836 et
2485 3782 2794 3851 personalis
2845 3783 2935 3847 sit,
2979 3783 3075 3839 sed
3124 3782 3179 3837 in
3218 3792 3489 3853 quantum

1904 3874 2120 3949 exsistit
2151 3882 2208 3928 et
2244 3881 2349 3930 est.
2410 3873 2717 3942 Aliquoties
2762 3874 2911 3928 enim
2964 3873 3230 3928 exsistere
3278 3872 3490 3928 indicat

1905 3964 2287 4029 subsistentia,
2338 3963 2393 4017 id
2421 3972 2508 4020 est
2554 3964 2887 4029 substantia,
2939 3973 2999 4019 ut
3044 3964 3488 4018 demonstratum

1904 4066 2009 4123 est,
2028 4058 2249 4128 quando
2271 4056 2737 4112 characteristicis
2754 4057 3189 4127 proprietatibus
3208 4064 3265 4110 et
3290 4056 3345 4111 in
3369 4072 3490 4126 per-

1905 4161 2040 4202 sona
2066 4144 2435 4200 consideratis
2461 4145 2729 4215 privatur.

1977 4261 2062 4316 Ea:
2092 4259 2307 4334 Eulogii
2328 4260 2754 4317 Defensionibus
2779 4259 2857 4315 De
2872 4260 3053 4315 eodem
3080 4269 3412 4333 argumento.

1447 4431 1587 4501 Aug.
1627 4428 1759 4495 MAI,
1798 4430 1836 4484 l.
1873 4448 1923 4485 c.
1960 4412 2013 4499 ip.
2055 4427 2143 4493 59,
2173 4427 2260 4483 60.

301 4549 363 4603 Ὀ
398 4547 594 4612 κοινῶς
624 4548 718 4602 καὶ
747 4548 806 4602 έν
858 4548 1077 4612 πολλοῖς
1128 4548 1437 4620 θεωρεῖται,
1468 4550 1533 4602 οὐ
1561 4548 1669 4602 τινὶ
1706 4548 1790 4620 μὲι

1979 4549 2153 4604 Omne
2187 4547 2336 4618 quod
2381 4546 2683 4601 universim
2742 4555 2799 4600 et
2832 4545 2888 4600 in
2922 4544 3180 4615 pluribus
3234 4543 3492 4599 conside-

218 4642 408 4708 πλέον,
440 4642 547 4694 τινὶ
573 4640 631 4694 δὲ
664 4639 907 4708 ἔλαττον,
971 4640 1239 4712 ὑπάρχον,
1266 4640 1425 4695 οὐσία
1457 4640 1802 4713 ὀνομάζεται.

230 4736 388 4788 Ἐπεὶ
412 4733 504 4787 οὖν
529 4733 605 4804 τῷ
631 4732 971 4788 καθέκαστον
1003 4733 1099 4789 ἀνθ
1110 4734 1277 4805 ρώπῳ
1303 4734 1362 4801 ἐξ
1401 4734 1518 4788 τσου
1542 4734 1805 4806 πρόσεστι

219 4826 280 4878 τὸ
309 4823 452 4880 εἶναι
504 4825 684 4896 σάρκα
731 4824 1136 4896 έμψυχωμένην
1178 4825 1324 4898 ψυχῇ
1356 4824 1571 4896 λογικῇ,
1599 4825 1627 4878 ὅ
1656 4826 1804 4879 ἑστιν

221 4913 604 4986 ἁνθρωπότης,
640 4915 779 4968 κατά
804 4914 962 4967 τοῦτο
988 4916 1088 4985 τὴν
1134 4916 1556 4988 ἀνθρωπότητα,
1588 4918 1683 4969 καὶ
1711 4915 1805 4969 δύο

222 5008 421 5060 οὐσιῶν
452 5007 809 5077 ὑπάρχουσαν
838 5006 1149 5080 γνώρισμα,
1200 5010 1331 5081 μίαν
1357 5011 1543 5080 φαμὲν
1592 5009 1804 5078 οὐσίαν,

224 5099 300 5163 ὡς
328 5100 525 5162 κοινῶς
556 5100 614 5151 έν
660 5099 825 5152 πᾶσιν
848 5098 1177 5169 ἀνθρώποις,
1207 5103 1302 5155 καὶ
1330 5101 1390 5167 ἐξ
1424 5101 1540 5156 ίσου
1567 5103 1804 5175 θεωρου-

229 5188 421 5260 μένην.
457 5189 580 5242 Ἐπὶ
602 5187 663 5242 δὲ
694 5188 792 5258 τῆς
824 5190 1178 5257 ὑποστάσεως
1206 5192 1304 5246 τοῦ
1340 5193 1712 5268 Ἐμμανουὴλ,
1745 5195 1807 5249 οὐ

227 5297 407 5351 φαμεν
439 5280 663 5350 ποιῆσαι
695 5280 823 5349 μίαν
849 5281 1031 5336 οὐσίαν
1054 5283 1153 5354 τὴν
1177 5284 1371 5338 ένωσιν
1429 5286 1529 5356 τῆς
1557 5287 1812 5359 θεότητος

226 5373 319 5426 καὶ
350 5372 451 5441 τῆς
483 5372 933 5443 ἀνθρωπότητος·
989 5377 1111 5430 ἐπεὶ
1140 5377 1354 5445 ἀνάγκη
1389 5380 1484 5431 καὶ
1508 5380 1565 5433 ὲν
1592 5379 1808 5444 πολλοζς

230 5463 576 5536 θεωρεῖσθαι,
610 5464 686 5526 ὡς
734 5464 1136 5521 ἀποδέδεικται.
1184 5469 1247 5521 Et
1286 5469 1380 5523 οὖν
1436 5471 1566 5541 μίαν
1619 5472 1807 5525 οὐσίαν

230 5554 363 5623 φασὶ
394 5552 645 5622 γενέσθαι
669 5552 738 5607 τά
775 5554 887 5619 δύο,
917 5556 1137 5621 πάντως
1164 5577 1266 5613 που
1294 5564 1394 5632 τῆς
1436 5563 1693 5635 τοιαύτης
1722 5562 1815 5616 οὐ·

234 5648 354 5713 σίας
386 5649 742 5719 μετειλήφασι
767 5654 860 5702 καὶ
891 5650 1090 5721 ἕτεροι,
1120 5654 1211 5707 καὶ
1243 5655 1300 5721 ἐξ
1332 5656 1447 5710 ἴσου
1482 5656 1559 5729 τῷ
1607 5658 1819 5730 Ἐμμα-

301 5764 323 5796 ¹
354 5763 554 5822 Jcrem.
590 5763 768 5845 x,.l0.

635 5857 906 5917 PATROL.
954 5858 1072 5920 Gn.
1118 5862 1465 5929 LXXXVI.

1910 4650 2086 4705 ratur,
2121 4651 2184 4694 ut
2224 4654 2327 4694 nec
2375 4639 2468 4694 alii
2516 4638 2773 4708 amplius,
2801 4638 2897 4691 alii
2946 4638 3129 4692 minus
3177 4638 3490 4699 conveniat,

1910 4733 2067 4786 οὐσία
2118 4730 2358 4787 essentia
2418 4730 2759 4784 nominatur.
2788 4727 3248 4797 Quandoquidem
3282 4725 3493 4781 homini

1909 4826 2140 4881 cuilibet
2164 4837 2421 4894 peraaque
2445 4822 2725 4884 convenit,
2752 4829 2813 4874 ut
2833 4820 2905 4875 sit
2939 4834 3068 4874 caro
3104 4819 3344 4874 animata
3370 4818 3490 4873 ani-

1914 4936 2015 4973 ma:
2046 4916 2301 4972 rationali
2337 4917 2486 4986 (nam
2520 4915 2577 4969 in
2604 4916 2707 4969 hoc
2734 4912 2990 4968 consistit
3028 4910 3368 4981 humanitas)
3400 4926 3491 4965 se-

1908 5010 2148 5067 cundum
2172 5010 2320 5063 hunc
2342 5022 2564 5062 sensum
2592 5006 3123 5074 humanitatem,qua
3148 5012 3359 5059 natura:
3375 5001 3500 5059 duae

1910 5109 2385 5174 representantur,
2432 5115 2596 5154 unam
2643 5098 2940 5155 essentiam
2987 5098 3245 5162 dicimus,
3293 5097 3500 5167 quippe

1907 5211 2029 5266 qua:
2079 5193 2357 5249 communi
2413 5203 2470 5248 et
2524 5192 2720 5263 aequali
2772 5192 2984 5246 ratione
3020 5192 3076 5246 in
3103 5190 3362 5245 omnibus
3396 5189 3501 5242 ho-

1910 5285 2156 5342 minibus
2177 5283 2583 5339 consideratur.
2619 5284 2688 5338 At
2717 5284 2772 5337 in
2808 5284 3091 5355 hypostasi
3119 5281 3500 5337 Emmanuelis

1914 5379 2175 5434 unionem
2242 5376 2548 5431 divinitatis
2601 5391 2727 5430 cum
2797 5376 3143 5430 humanitate
3199 5371 3500 5427 essentiam

1917 5488 2083 5526 unam
2114 5484 2377 5541 negamus
2410 5466 2801 5533 constituisse;
2830 5465 3037 5535 alioqui
3067 5464 3366 5519 essentiam
3394 5463 3501 5517 liu-

1908 5565 2152 5639 jusmodi
2201 5565 2258 5620 in
2308 5562 2495 5619 multis
2520 5561 2758 5632 perspici
2790 5560 3169 5616 necessarium
3197 5558 3360 5615 foret.
3396 5558 3506 5613 Na-

1920 5674 2040 5719 tura
2088 5662 2258 5728 euim,
2312 5659 2418 5715 hoc
2465 5667 2551 5716 est
2590 5656 2852 5725 essentia,
2890 5657 2947 5711 in
2996 5655 3188 5711 multis
3244 5667 3503 5727 peraeque

3064 5864 3138 5928 93
