  <div class='ocr_page' id='page_1' title='image "/cluster/home/n/w/nwhite01/storage/ocr_20150623/86:2/hvd.32044012719696/607.png"; bbox 0 0 3988 6494; ppageno 0'>
   <div class='ocr_carea' id='block_1_1' title="bbox 548 369 3754 451">
    <p class='ocr_par' dir='ltr' id='par_1_1' title="bbox 548 369 3754 451">
     <span class='ocr_line' id='line_1_1' title="bbox 548 369 3754 451; baseline 0.002 -20"><span class='ocrx_word' id='word_1_1' title='bbox 548 370 687 433; x_wconf 74' lang='grc'><strong>2955</strong></span> <span class='ocrx_word' id='word_1_2' title='bbox 1577 370 1637 429; x_wconf 91' lang='lat' dir='ltr'><strong>S.</strong></span> <span class='ocrx_word' id='word_1_3' title='bbox 1674 369 1992 432; x_wconf 84' lang='lat' dir='ltr'><strong>EULOGII</strong></span> <span class='ocrx_word' id='word_1_4' title='bbox 2026 373 2379 435; x_wconf 83' lang='lat' dir='ltr'><strong>ARCHIEP.</strong></span> <span class='ocrx_word' id='word_1_5' title='bbox 2423 375 2796 435; x_wconf 77' lang='lat' dir='ltr'><strong>ALEXAND.</strong></span> <span class='ocrx_word' id='word_1_6' title='bbox 3636 383 3754 451; x_wconf 75' lang='lat'><strong>2955</strong></span> 
     </span>
    </p>
   </div>
   <div class='ocr_carea' id='block_1_2' title="bbox 546 481 2121 571">
    <p class='ocr_par' dir='ltr' id='par_1_2' title="bbox 546 481 2120 555">
     <span class='ocr_line' id='line_1_2' title="bbox 546 481 2120 555; baseline -0.001 -16"><span class='ocrx_word' id='word_1_7' title='bbox 546 491 853 554; x_wconf 97' lang='lat' dir='ltr'><strong>spectatur,</strong></span> <span class='ocrx_word' id='word_1_8' title='bbox 887 493 947 539; x_wconf 92' lang='lat' dir='ltr'><strong>ut</strong></span> <span class='ocrx_word' id='word_1_9' title='bbox 971 490 1252 539; x_wconf 88' lang='lat' dir='ltr'><strong>ostensum</strong></span> <span class='ocrx_word' id='word_1_10' title='bbox 1276 490 1378 538; x_wconf 90' lang='lat' dir='ltr'><strong>est.</strong></span> <span class='ocrx_word' id='word_1_11' title='bbox 1409 481 1466 539; x_wconf 88' lang='lat' dir='ltr'><strong>Si</strong></span> <span class='ocrx_word' id='word_1_12' title='bbox 1492 483 1659 555; x_wconf 79' lang='lat' dir='ltr'><strong>igitur</strong></span> <span class='ocrx_word' id='word_1_13' title='bbox 1678 493 1929 541; x_wconf 87' lang='lat' dir='ltr'><strong>naturam</strong></span> <span class='ocrx_word' id='word_1_14' title='bbox 1957 500 2120 541; x_wconf 87' lang='lat' dir='ltr'><strong>unam</strong></span> 
     </span>
    </p>
   </div>
   <div class='ocr_carea' id='block_1_3' title="bbox 2179 481 3754 571">
    <p class='ocr_par' dir='ltr' id='par_1_3' title="bbox 2179 486 3754 571">
     <span class='ocr_line' id='line_1_3' title="bbox 2179 486 3754 571; baseline 0.008 -33"><span class='ocrx_word' id='word_1_15' title='bbox 2179 525 2199 571; x_wconf 40' lang='grc' dir='ltr'>ι</span> <span class='ocrx_word' id='word_1_16' title='bbox 2223 486 2407 557; x_wconf 86' lang='grc' dir='ltr'>νουὴλ,</span> <span class='ocrx_word' id='word_1_17' title='bbox 2432 487 2568 555; x_wconf 82' lang='grc' dir='ltr'>ὅπερ</span> <span class='ocrx_word' id='word_1_18' title='bbox 2588 486 2688 539; x_wconf 88' lang='grc' dir='ltr'><strong>οὐκ</strong></span> <span class='ocrx_word' id='word_1_19' title='bbox 2714 486 2849 540; x_wconf 79' lang='grc' dir='ltr'>ἔστι.</span> <span class='ocrx_word' id='word_1_20' title='bbox 2873 486 3022 557; x_wconf 82' lang='grc' dir='ltr'>Μηδὲ</span> <span class='ocrx_word' id='word_1_21' title='bbox 3042 487 3298 542; x_wconf 75' lang='grc' dir='ltr'>τοσοῦτον</span> <span class='ocrx_word' id='word_1_22' title='bbox 3318 495 3754 565; x_wconf 78' lang='grc' dir='ltr'>παραφρονήσειαν</span> 
     </span>
    </p>
   </div>
   <div class='ocr_carea' id='block_1_4' title="bbox 544 574 2119 659">
    <p class='ocr_par' dir='ltr' id='par_1_4' title="bbox 544 574 2119 647">
     <span class='ocr_line' id='line_1_4' title="bbox 544 574 2119 647; baseline 0.001 -17"><span class='ocrx_word' id='word_1_23' title='bbox 544 577 814 631; x_wconf 85' lang='lat' dir='ltr'><strong>ambabus</strong></span> <span class='ocrx_word' id='word_1_24' title='bbox 864 576 1123 630; x_wconf 79' lang='lat' dir='ltr'><strong>constitui</strong></span> <span class='ocrx_word' id='word_1_25' title='bbox 1179 574 1468 639; x_wconf 71' lang='lat' dir='ltr'><strong>atﬁrment,</strong></span> <span class='ocrx_word' id='word_1_26' title='bbox 1500 576 1751 631; x_wconf 89' lang='lat' dir='ltr'><strong>essentia</strong></span> <span class='ocrx_word' id='word_1_27' title='bbox 1781 577 2026 647; x_wconf 87' lang='lat' dir='ltr'><strong>ejusdem</strong></span> <span class='ocrx_word' id='word_1_28' title='bbox 2055 591 2119 633; x_wconf 87' lang='lat' dir='ltr'><strong>ac</strong></span> 
     </span>
    </p>
   </div>
   <div class='ocr_carea' id='block_1_5' title="bbox 2180 574 3755 659">
    <p class='ocr_par' dir='ltr' id='par_1_5' title="bbox 2227 576 3755 659">
     <span class='ocr_line' id='line_1_5' title="bbox 2227 576 3755 659; baseline 0.002 -31"><span class='ocrx_word' id='word_1_29' title='bbox 2227 577 2276 628; x_wconf 86' lang='grc' dir='ltr'><strong>οί</strong></span> <span class='ocrx_word' id='word_1_30' title='bbox 2308 577 2403 629; x_wconf 81' lang='grc' dir='ltr'><strong>νῦν</strong></span> <span class='ocrx_word' id='word_1_31' title='bbox 2453 576 2809 645; x_wconf 80' lang='grc' dir='ltr'>συκοφάνται,</span> <span class='ocrx_word' id='word_1_32' title='bbox 2838 578 2887 629; x_wconf 86' lang='grc' dir='ltr'><strong>εί</strong></span> <span class='ocrx_word' id='word_1_33' title='bbox 2919 578 3012 629; x_wconf 81' lang='grc' dir='ltr'>καὶ</span> <span class='ocrx_word' id='word_1_34' title='bbox 3065 578 3186 630; x_wconf 91' lang='grc' dir='ltr'>λίαν</span> <span class='ocrx_word' id='word_1_35' title='bbox 3239 579 3497 652; x_wconf 72' lang='grc' dir='ltr'><strong>θεομάχοι</strong></span> <span class='ocrx_word' id='word_1_36' title='bbox 3552 585 3637 638; x_wconf 71' lang='grc' dir='ltr'><strong>καὶ</strong></span> <span class='ocrx_word' id='word_1_37' title='bbox 3674 587 3755 659; x_wconf 73' lang='grc' dir='ltr'><strong>τῆς</strong></span> 
     </span>
    </p>
   </div>
   <div class='ocr_carea' id='block_1_6' title="bbox 546 666 2121 739">
    <p class='ocr_par' dir='ltr' id='par_1_6' title="bbox 546 668 2118 737">
     <span class='ocr_line' id='line_1_6' title="bbox 546 668 2118 737; baseline 0.001 -15"><span class='ocrx_word' id='word_1_38' title='bbox 546 669 868 724; x_wconf 79' lang='lat' dir='ltr'><strong>Emmanuel</strong></span> <span class='ocrx_word' id='word_1_39' title='bbox 913 668 1003 723; x_wconf 92' lang='lat' dir='ltr'><strong>alii</strong></span> <span class='ocrx_word' id='word_1_40' title='bbox 1055 676 1337 723; x_wconf 84' lang='lat' dir='ltr'><strong>consortes</strong></span> <span class='ocrx_word' id='word_1_41' title='bbox 1388 677 1572 733; x_wconf 91' lang='lat' dir='ltr'><strong>erunt,</strong></span> <span class='ocrx_word' id='word_1_42' title='bbox 1601 668 1747 737; x_wconf 87' lang='lat' dir='ltr'><strong>quod</strong></span> <span class='ocrx_word' id='word_1_43' title='bbox 1784 684 1973 724; x_wconf 85' lang='lat' dir='ltr'><strong>verum</strong></span> <span class='ocrx_word' id='word_1_44' title='bbox 2006 685 2118 724; x_wconf 90' lang='lat' dir='ltr'><strong>non</strong></span> 
     </span>
    </p>
   </div>
   <div class='ocr_carea' id='block_1_7' title="bbox 1543 666 3118 739">
    <p class='ocr_par' dir='ltr' id='par_1_7' title="bbox 1543 666 3118 739">
     <span class='ocr_line' id='line_1_7' title="bbox 1543 666 3118 739; baseline 0.001 -20"><span class='ocrx_word' id='word_1_45' title='bbox 1543 677 1572 733; x_wconf 71' lang='grc' dir='ltr'><strong>ι,</strong></span> <span class='ocrx_word' id='word_1_46' title='bbox 1601 668 1747 737; x_wconf 87' lang='lat' dir='ltr'><strong>quod</strong></span> <span class='ocrx_word' id='word_1_47' title='bbox 1784 684 1973 724; x_wconf 83' lang='lat' dir='ltr'><strong>verum</strong></span> <span class='ocrx_word' id='word_1_48' title='bbox 2006 685 2118 724; x_wconf 89' lang='lat' dir='ltr'><strong>non</strong></span> <span class='ocrx_word' id='word_1_49' title='bbox 2224 667 2485 738; x_wconf 75' lang='grc' dir='ltr'><strong>ἀληθείας</strong></span> <span class='ocrx_word' id='word_1_50' title='bbox 2510 667 2698 739; x_wconf 72' lang='grc' dir='ltr'>ἐχθροὶ</span> <span class='ocrx_word' id='word_1_51' title='bbox 2722 666 3118 737; x_wconf 74' lang='grc' dir='ltr'><strong>καθεστήκασι.</strong></span> 
     </span>
    </p>
   </div>
   <div class='ocr_carea' id='block_1_8' title="bbox 544 760 3697 833">
    <p class='ocr_par' dir='ltr' id='par_1_8' title="bbox 544 760 3697 833">
     <span class='ocr_line' id='line_1_8' title="bbox 544 760 3697 833; baseline 0.003 -16"><span class='ocrx_word' id='word_1_52' title='bbox 544 773 648 818; x_wconf 89' lang='lat' dir='ltr'><strong>est.</strong></span> <span class='ocrx_word' id='word_1_53' title='bbox 683 763 791 817; x_wconf 86' lang='lat' dir='ltr'><strong>Nec</strong></span> <span class='ocrx_word' id='word_1_54' title='bbox 826 762 913 816; x_wconf 82' lang='lat' dir='ltr'><strong>isti</strong></span> <span class='ocrx_word' id='word_1_55' title='bbox 954 760 1327 833; x_wconf 81' lang='lat' dir='ltr'><strong>sycophanta,</strong></span> <span class='ocrx_word' id='word_1_56' title='bbox 1375 762 1679 831; x_wconf 75' lang='lat' dir='ltr'><strong>quamlibet</strong></span> <span class='ocrx_word' id='word_1_57' title='bbox 1744 762 1856 817; x_wconf 87' lang='lat' dir='ltr'><strong>Deo</strong></span> <span class='ocrx_word' id='word_1_58' title='bbox 1913 764 2119 819; x_wconf 89' lang='lat' dir='ltr'><strong>bellum</strong></span> <span class='ocrx_word' id='word_1_59' title='bbox 2158 762 2418 830; x_wconf 76' lang='lat' dir='ltr'><strong>inferant,</strong></span> <span class='ocrx_word' id='word_1_60' title='bbox 2449 778 2517 818; x_wconf 90' lang='lat' dir='ltr'><strong>eo</strong></span> <span class='ocrx_word' id='word_1_61' title='bbox 2551 761 2805 817; x_wconf 87' lang='lat' dir='ltr'><strong>amentia</strong></span> <span class='ocrx_word' id='word_1_62' title='bbox 2831 762 3108 827; x_wconf 83' lang='lat' dir='ltr'><strong>venerint,</strong></span> <span class='ocrx_word' id='word_1_63' title='bbox 3140 772 3201 818; x_wconf 91' lang='lat' dir='ltr'><strong>ut</strong></span> <span class='ocrx_word' id='word_1_64' title='bbox 3231 773 3287 819; x_wconf 86' lang='lat' dir='ltr'><strong>et</strong></span> <span class='ocrx_word' id='word_1_65' title='bbox 3317 764 3422 819; x_wconf 82' lang='lat' dir='ltr'><strong>hoc</strong></span> <span class='ocrx_word' id='word_1_66' title='bbox 3456 774 3697 826; x_wconf 84' lang='lat' dir='ltr'><strong>astruant.</strong></span> 
     </span>
    </p>
   </div>
   <div class='ocr_carea' id='block_1_9' title="bbox 935 875 2510 945">
    <p class='ocr_par' dir='ltr' id='par_1_9' title="bbox 935 875 1729 945">
     <span class='ocr_line' id='line_1_9' title="bbox 935 875 1729 945; baseline 0 -16"><span class='ocrx_word' id='word_1_67' title='bbox 935 875 1004 929; x_wconf 82' lang='lat' dir='ltr'><strong>Et</strong></span> <span class='ocrx_word' id='word_1_68' title='bbox 1048 876 1361 945; x_wconf 78' lang='lat' dir='ltr'><strong>quibusdam</strong></span> <span class='ocrx_word' id='word_1_69' title='bbox 1393 876 1677 945; x_wconf 72' lang='lat' dir='ltr'><strong>interfectis</strong></span> <span class='ocrx_word' id='word_1_70' title='bbox 1713 894 1729 929; x_wconf 89' lang='lat'><strong><em>:</em></strong></span> 
     </span>
    </p>
   </div>
   <div class='ocr_carea' id='block_1_10' title="bbox 1687 875 3262 945">
    <p class='ocr_par' dir='ltr' id='par_1_10' title="bbox 1713 875 3262 945">
     <span class='ocr_line' id='line_1_10' title="bbox 1713 875 3262 945; baseline 0 -16"><span class='ocrx_word' id='word_1_71' title='bbox 1713 894 1729 929; x_wconf 89' lang='lat'><strong><em>:</em></strong></span> <span class='ocrx_word' id='word_1_72' title='bbox 2764 876 2870 931; x_wconf 80' lang='grc' dir='ltr'><strong>Καὶ</strong></span> <span class='ocrx_word' id='word_1_73' title='bbox 2906 876 3035 945; x_wconf 79' lang='grc' dir='ltr'>μεθ’</span> <span class='ocrx_word' id='word_1_74' title='bbox 3060 875 3231 944; x_wconf 81' lang='grc' dir='ltr'>ἔτερα</span> <span class='ocrx_word' id='word_1_75' title='bbox 3250 892 3262 904; x_wconf 82' lang='lat'>&#39;</span> 
     </span>
    </p>
   </div>
   <div class='ocr_carea' id='block_1_11' title="bbox 617 964 2192 1044">
    <p class='ocr_par' dir='ltr' id='par_1_11' title="bbox 617 966 2117 1038">
     <span class='ocr_line' id='line_1_11' title="bbox 617 966 2117 1038; baseline 0.001 -18"><span class='ocrx_word' id='word_1_76' title='bbox 617 966 1050 1031; x_wconf 86' lang='lat' dir='ltr'><strong>llumanitatcm,</strong></span> <span class='ocrx_word' id='word_1_77' title='bbox 1086 967 1214 1037; x_wconf 93' lang='lat' dir='ltr'><strong>quia</strong></span> <span class='ocrx_word' id='word_1_78' title='bbox 1238 982 1305 1020; x_wconf 78' lang='lat' dir='ltr'><strong>cx</strong></span> <span class='ocrx_word' id='word_1_79' title='bbox 1342 966 1574 1021; x_wconf 81' lang='lat' dir='ltr'><strong>diversis</strong></span> <span class='ocrx_word' id='word_1_80' title='bbox 1623 967 1788 1022; x_wconf 87' lang='lat' dir='ltr'><strong>rebus</strong></span> <span class='ocrx_word' id='word_1_81' title='bbox 1816 967 2117 1038; x_wconf 89' lang='lat' dir='ltr'><strong>composita</strong></span> 
     </span>
    </p>
   </div>
   <div class='ocr_carea' id='block_1_12' title="bbox 2180 964 3755 1044">
    <p class='ocr_par' dir='ltr' id='par_1_12' title="bbox 2295 964 3755 1044">
     <span class='ocr_line' id='line_1_12' title="bbox 2295 964 3755 1044; baseline 0.004 -23"><span class='ocrx_word' id='word_1_82' title='bbox 2295 969 2408 1039; x_wconf 81' lang='grc' dir='ltr'><strong>Τὴν</strong></span> <span class='ocrx_word' id='word_1_83' title='bbox 2458 968 2855 1039; x_wconf 86' lang='grc' dir='ltr'>άνθρωπότητα</span> <span class='ocrx_word' id='word_1_84' title='bbox 2908 967 3161 1020; x_wconf 88' lang='grc' dir='ltr'>σύνθετον</span> <span class='ocrx_word' id='word_1_85' title='bbox 3218 964 3384 1021; x_wconf 67' lang='grc' dir='ltr'>οὖσαν</span> <span class='ocrx_word' id='word_1_86' title='bbox 3430 970 3486 1034; x_wconf 75' lang='grc' dir='ltr'><strong>ἐξ</strong></span> <span class='ocrx_word' id='word_1_87' title='bbox 3530 972 3755 1044; x_wconf 72' lang='grc' dir='ltr'>ἀνομοίων</span> 
     </span>
    </p>
   </div>
   <div class='ocr_carea' id='block_1_13' title="bbox 546 1058 2121 1133">
    <p class='ocr_par' dir='ltr' id='par_1_13' title="bbox 546 1058 2117 1128">
     <span class='ocr_line' id='line_1_13' title="bbox 546 1058 2117 1128; baseline 0 -15"><span class='ocrx_word' id='word_1_88' title='bbox 546 1070 652 1127; x_wconf 86' lang='lat' dir='ltr'><strong>est,</strong></span> <span class='ocrx_word' id='word_1_89' title='bbox 690 1060 852 1114; x_wconf 85' lang='lat' dir='ltr'><strong>unius</strong></span> <span class='ocrx_word' id='word_1_90' title='bbox 881 1059 1135 1114; x_wconf 88' lang='lat' dir='ltr'><strong>essentia</strong></span> <span class='ocrx_word' id='word_1_91' title='bbox 1191 1058 1459 1123; x_wconf 88' lang='lat' dir='ltr'><strong>dicimus,</strong></span> <span class='ocrx_word' id='word_1_92' title='bbox 1520 1074 1629 1113; x_wconf 93' lang='lat' dir='ltr'><strong>non</strong></span> <span class='ocrx_word' id='word_1_93' title='bbox 1680 1058 1901 1128; x_wconf 90' lang='lat' dir='ltr'><strong>quidem</strong></span> <span class='ocrx_word' id='word_1_94' title='bbox 1932 1060 2117 1115; x_wconf 88' lang='lat' dir='ltr'><strong>habita</strong></span> 
     </span>
    </p>
   </div>
   <div class='ocr_carea' id='block_1_14' title="bbox 2181 1058 3756 1133">
    <p class='ocr_par' dir='ltr' id='par_1_14' title="bbox 2224 1060 3756 1133">
     <span class='ocr_line' id='line_1_14' title="bbox 2224 1060 3756 1133; baseline -0.003 -19"><span class='ocrx_word' id='word_1_95' title='bbox 2224 1062 2564 1132; x_wconf 81' lang='grc' dir='ltr'><strong>πραγμάτων</strong></span> <span class='ocrx_word' id='word_1_96' title='bbox 2600 1063 2729 1131; x_wconf 82' lang='grc' dir='ltr'>μιᾶς</span> <span class='ocrx_word' id='word_1_97' title='bbox 2757 1060 2945 1122; x_wconf 87' lang='grc' dir='ltr'>οὐσίας</span> <span class='ocrx_word' id='word_1_98' title='bbox 2978 1061 3178 1129; x_wconf 87' lang='grc' dir='ltr'>φαμὲν,</span> <span class='ocrx_word' id='word_1_99' title='bbox 3212 1062 3274 1113; x_wconf 84' lang='grc' dir='ltr'><strong>οὐ</strong></span> <span class='ocrx_word' id='word_1_100' title='bbox 3307 1062 3443 1132; x_wconf 65' lang='grc' dir='ltr'>πρὶς</span> <span class='ocrx_word' id='word_1_101' title='bbox 3489 1064 3580 1133; x_wconf 79' lang='grc' dir='ltr'>τὴν</span> <span class='ocrx_word' id='word_1_102' title='bbox 3605 1066 3756 1133; x_wconf 56' lang='grc' dir='ltr'>διαφο.</span> 
     </span>
    </p>
   </div>
   <div class='ocr_carea' id='block_1_15' title="bbox 548 1149 2123 1223">
    <p class='ocr_par' dir='ltr' id='par_1_15' title="bbox 548 1149 2118 1221">
     <span class='ocr_line' id='line_1_15' title="bbox 548 1149 2118 1221; baseline -0.001 -15"><span class='ocrx_word' id='word_1_103' title='bbox 548 1153 763 1207; x_wconf 84' lang='lat' dir='ltr'><strong>ratione</strong></span> <span class='ocrx_word' id='word_1_104' title='bbox 806 1152 999 1206; x_wconf 86' lang='lat' dir='ltr'><strong>anima</strong></span> <span class='ocrx_word' id='word_1_105' title='bbox 1034 1158 1089 1205; x_wconf 89' lang='lat' dir='ltr'><strong>ct</strong></span> <span class='ocrx_word' id='word_1_106' title='bbox 1136 1150 1403 1220; x_wconf 85' lang='lat' dir='ltr'><strong>corporis,</strong></span> <span class='ocrx_word' id='word_1_107' title='bbox 1437 1149 1531 1204; x_wconf 90' lang='lat' dir='ltr'><strong>sed</strong></span> <span class='ocrx_word' id='word_1_108' title='bbox 1586 1151 1759 1221; x_wconf 87' lang='lat' dir='ltr'><strong>magis</strong></span> <span class='ocrx_word' id='word_1_109' title='bbox 1805 1152 1924 1221; x_wconf 88' lang='lat' dir='ltr'><strong>ejus</strong></span> <span class='ocrx_word' id='word_1_110' title='bbox 1972 1151 2118 1221; x_wconf 89' lang='lat' dir='ltr'><strong>quod</strong></span> 
     </span>
    </p>
   </div>
   <div class='ocr_carea' id='block_1_16' title="bbox 2182 1149 3757 1223">
    <p class='ocr_par' dir='ltr' id='par_1_16' title="bbox 2225 1150 3757 1223">
     <span class='ocr_line' id='line_1_16' title="bbox 2225 1150 3757 1223; baseline 0.003 -17"><span class='ocrx_word' id='word_1_111' title='bbox 2225 1156 2325 1223; x_wconf 85' lang='grc' dir='ltr'>ρὰν</span> <span class='ocrx_word' id='word_1_112' title='bbox 2363 1153 2461 1223; x_wconf 79' lang='grc' dir='ltr'>τῆς</span> <span class='ocrx_word' id='word_1_113' title='bbox 2499 1152 2677 1223; x_wconf 73' lang='grc' dir='ltr'>ψυχῆς</span> <span class='ocrx_word' id='word_1_114' title='bbox 2732 1152 2826 1205; x_wconf 79' lang='grc' dir='ltr'>καὶ</span> <span class='ocrx_word' id='word_1_115' title='bbox 2854 1150 3131 1221; x_wconf 86' lang='grc' dir='ltr'>σώματος,</span> <span class='ocrx_word' id='word_1_116' title='bbox 3184 1150 3322 1205; x_wconf 84' lang='grc' dir='ltr'>ἀλλὰ</span> <span class='ocrx_word' id='word_1_117' title='bbox 3353 1153 3486 1222; x_wconf 78' lang='grc' dir='ltr'>πρὸς</span> <span class='ocrx_word' id='word_1_118' title='bbox 3530 1155 3584 1206; x_wconf 76' lang='grc' dir='ltr'><strong>τὸ</strong></span> <span class='ocrx_word' id='word_1_119' title='bbox 3613 1158 3757 1211; x_wconf 80' lang='grc' dir='ltr'>κοινὸν</span> 
     </span>
    </p>
   </div>
   <div class='ocr_carea' id='block_1_17' title="bbox 547 1238 2122 1316">
    <p class='ocr_par' dir='ltr' id='par_1_17' title="bbox 547 1242 2118 1314">
     <span class='ocr_line' id='line_1_17' title="bbox 547 1242 2118 1314; baseline -0.001 -15"><span class='ocrx_word' id='word_1_120' title='bbox 547 1259 838 1300; x_wconf 89' lang='lat' dir='ltr'><strong>commune</strong></span> <span class='ocrx_word' id='word_1_121' title='bbox 860 1252 976 1307; x_wconf 88' lang='lat' dir='ltr'><strong>est;</strong></span> <span class='ocrx_word' id='word_1_122' title='bbox 1002 1243 1203 1312; x_wconf 88' lang='lat' dir='ltr'><strong>quippe</strong></span> <span class='ocrx_word' id='word_1_123' title='bbox 1222 1258 1345 1296; x_wconf 92' lang='lat' dir='ltr'><strong>cum</strong></span> <span class='ocrx_word' id='word_1_124' title='bbox 1375 1242 1429 1295; x_wconf 94' lang='lat' dir='ltr'><strong>in</strong></span> <span class='ocrx_word' id='word_1_125' title='bbox 1453 1242 1709 1296; x_wconf 87' lang='lat' dir='ltr'><strong>omnibus</strong></span> <span class='ocrx_word' id='word_1_126' title='bbox 1731 1259 1850 1312; x_wconf 88' lang='lat' dir='ltr'><strong>qua</strong></span> <span class='ocrx_word' id='word_1_127' title='bbox 1871 1244 2118 1314; x_wconf 85' lang='lat' dir='ltr'><strong>ejusdem</strong></span> 
     </span>
    </p>
   </div>
   <div class='ocr_carea' id='block_1_18' title="bbox 2181 1238 3756 1316">
    <p class='ocr_par' dir='ltr' id='par_1_18' title="bbox 2221 1238 3756 1316">
     <span class='ocr_line' id='line_1_18' title="bbox 2221 1238 3756 1316; baseline 0.002 -19"><span class='ocrx_word' id='word_1_128' title='bbox 2221 1244 2536 1316; x_wconf 79' lang='grc' dir='ltr'><strong>ἀφορῶντες</strong></span> <span class='ocrx_word' id='word_1_129' title='bbox 2557 1262 2570 1276; x_wconf 93' lang='grc'><strong>·</strong></span> <span class='ocrx_word' id='word_1_130' title='bbox 2613 1244 2695 1296; x_wconf 81' lang='grc' dir='ltr'>ὃτι</span> <span class='ocrx_word' id='word_1_131' title='bbox 2755 1242 2949 1305; x_wconf 85' lang='grc' dir='ltr'>κοινῶς</span> <span class='ocrx_word' id='word_1_132' title='bbox 2972 1244 3028 1295; x_wconf 78' lang='grc' dir='ltr'>ἐν</span> <span class='ocrx_word' id='word_1_133' title='bbox 3054 1243 3190 1296; x_wconf 83' lang='grc' dir='ltr'>πᾶσι</span> <span class='ocrx_word' id='word_1_134' title='bbox 3232 1245 3347 1305; x_wconf 89' lang='grc' dir='ltr'>τοῖς</span> <span class='ocrx_word' id='word_1_135' title='bbox 3378 1238 3466 1295; x_wconf 83' lang='grc' dir='ltr'>ὐπ⁴</span> <span class='ocrx_word' id='word_1_136' title='bbox 3492 1246 3613 1299; x_wconf 73' lang='grc' dir='ltr'>αὐτὸ</span> <span class='ocrx_word' id='word_1_137' title='bbox 3650 1250 3756 1301; x_wconf 70' lang='grc' dir='ltr'>ἁνα-</span> 
     </span>
    </p>
   </div>
   <div class='ocr_carea' id='block_1_19' title="bbox 548 1329 2123 1407">
    <p class='ocr_par' dir='ltr' id='par_1_19' title="bbox 548 1332 2117 1407">
     <span class='ocr_line' id='line_1_19' title="bbox 548 1332 2117 1407; baseline -0.003 -16"><span class='ocrx_word' id='word_1_138' title='bbox 548 1335 752 1407; x_wconf 88' lang='lat' dir='ltr'><strong>speciei</strong></span> <span class='ocrx_word' id='word_1_139' title='bbox 797 1343 959 1396; x_wconf 89' lang='lat' dir='ltr'><strong>sunt,</strong></span> <span class='ocrx_word' id='word_1_140' title='bbox 1005 1332 1373 1387; x_wconf 88' lang='lat' dir='ltr'><strong>communiter</strong></span> <span class='ocrx_word' id='word_1_141' title='bbox 1418 1332 1817 1386; x_wconf 88' lang='lat' dir='ltr'><strong>consideretur.</strong></span> <span class='ocrx_word' id='word_1_142' title='bbox 1855 1333 1989 1387; x_wconf 86' lang='lat' dir='ltr'><strong>Nam</strong></span> <span class='ocrx_word' id='word_1_143' title='bbox 2028 1347 2117 1387; x_wconf 84' lang='lat' dir='ltr'><strong>es-</strong></span> 
     </span>
    </p>
   </div>
   <div class='ocr_carea' id='block_1_20' title="bbox 2180 1329 3755 1407">
    <p class='ocr_par' dir='ltr' id='par_1_20' title="bbox 2222 1329 3755 1405">
     <span class='ocr_line' id='line_1_20' title="bbox 2222 1329 3755 1405; baseline 0.002 -18"><span class='ocrx_word' id='word_1_144' title='bbox 2222 1336 2474 1405; x_wconf 85' lang='grc' dir='ltr'>γομένοις</span> <span class='ocrx_word' id='word_1_145' title='bbox 2540 1334 2849 1405; x_wconf 85' lang='grc' dir='ltr'>θεωρεῖται.</span> <span class='ocrx_word' id='word_1_146' title='bbox 2916 1329 3083 1398; x_wconf 81' lang='grc' dir='ltr'>Οὐτος</span> <span class='ocrx_word' id='word_1_147' title='bbox 3129 1335 3237 1403; x_wconf 88' lang='grc' dir='ltr'><strong>γάρ</strong></span> <span class='ocrx_word' id='word_1_148' title='bbox 3297 1336 3412 1386; x_wconf 79' lang='grc' dir='ltr'>ἐστι</span> <span class='ocrx_word' id='word_1_149' title='bbox 3460 1338 3552 1403; x_wconf 82' lang='grc' dir='ltr'>τῆς</span> <span class='ocrx_word' id='word_1_150' title='bbox 3603 1338 3755 1404; x_wconf 81' lang='grc' dir='ltr'>οὐσίας</span> 
     </span>
    </p>
   </div>
   <div class='ocr_carea' id='block_1_21' title="bbox 551 1421 2126 1499">
    <p class='ocr_par' dir='ltr' id='par_1_21' title="bbox 551 1421 2120 1491">
     <span class='ocr_line' id='line_1_21' title="bbox 551 1421 2120 1491; baseline -0.004 -8"><span class='ocrx_word' id='word_1_151' title='bbox 551 1430 742 1484; x_wconf 88' lang='lat' dir='ltr'><strong>scntia</strong></span> <span class='ocrx_word' id='word_1_152' title='bbox 770 1425 1019 1481; x_wconf 90' lang='lat' dir='ltr'><strong>deﬁnitio</strong></span> <span class='ocrx_word' id='word_1_153' title='bbox 1048 1425 1165 1478; x_wconf 89' lang='lat' dir='ltr'><strong>hac</strong></span> <span class='ocrx_word' id='word_1_154' title='bbox 1217 1432 1323 1487; x_wconf 66' lang='lat' dir='ltr'><strong>est,</strong></span> <span class='ocrx_word' id='word_1_155' title='bbox 1384 1438 1547 1491; x_wconf 89' lang='lat' dir='ltr'><strong>quam</strong></span> <span class='ocrx_word' id='word_1_156' title='bbox 1604 1421 1840 1476; x_wconf 85' lang='lat' dir='ltr'><strong>Basilius</strong></span> <span class='ocrx_word' id='word_1_157' title='bbox 1894 1422 2120 1478; x_wconf 89' lang='lat' dir='ltr'><strong>tradidit</strong></span> 
     </span>
    </p>
   </div>
   <div class='ocr_carea' id='block_1_22' title="bbox 2181 1421 3756 1499">
    <p class='ocr_par' dir='ltr' id='par_1_22' title="bbox 2222 1424 3756 1499">
     <span class='ocr_line' id='line_1_22' title="bbox 2222 1424 3756 1499; baseline 0.005 -21"><span class='ocrx_word' id='word_1_158' title='bbox 2222 1427 2368 1496; x_wconf 84' lang='grc' dir='ltr'>ὅρος,</span> <span class='ocrx_word' id='word_1_159' title='bbox 2407 1426 2481 1488; x_wconf 87' lang='grc' dir='ltr'>ὼς</span> <span class='ocrx_word' id='word_1_160' title='bbox 2536 1424 2822 1488; x_wconf 85' lang='grc' dir='ltr'>Βασίλειος</span> <span class='ocrx_word' id='word_1_161' title='bbox 2871 1426 3159 1479; x_wconf 80' lang='grc' dir='ltr'>ἐπαίδευσε</span> <span class='ocrx_word' id='word_1_162' title='bbox 3186 1424 3387 1493; x_wconf 82' lang='grc' dir='ltr'>λέγων,</span> <span class='ocrx_word' id='word_1_163' title='bbox 3442 1426 3521 1479; x_wconf 79' lang='grc' dir='ltr'>ὃτι</span> <span class='ocrx_word' id='word_1_164' title='bbox 3555 1430 3641 1481; x_wconf 86' lang='grc' dir='ltr'>Ὃν</span> <span class='ocrx_word' id='word_1_165' title='bbox 3667 1431 3756 1499; x_wconf 70' lang='grc' dir='ltr'>ἔχει</span> 
     </span>
    </p>
   </div>
   <div class='ocr_carea' id='block_1_23' title="bbox 548 1512 2123 1591">
    <p class='ocr_par' dir='ltr' id='par_1_23' title="bbox 548 1512 2116 1583">
     <span class='ocr_line' id='line_1_23' title="bbox 548 1512 2116 1583; baseline -0.005 -9"><span class='ocrx_word' id='word_1_166' title='bbox 548 1518 785 1574; x_wconf 91' lang='lat' dir='ltr'><strong>dicendo</strong></span> <span class='ocrx_word' id='word_1_167' title='bbox 839 1513 1351 1583; x_wconf 86' lang='lat' dir='ltr'><strong>:Quemadmodum</strong></span> <span class='ocrx_word' id='word_1_168' title='bbox 1408 1527 1697 1568; x_wconf 88' lang='lat' dir='ltr'><strong>commune</strong></span> <span class='ocrx_word' id='word_1_169' title='bbox 1751 1528 1808 1566; x_wconf 91' lang='lat' dir='ltr'><strong>se</strong></span> <span class='ocrx_word' id='word_1_170' title='bbox 1843 1513 2010 1567; x_wconf 83' lang='lat' dir='ltr'><strong>habet</strong></span> <span class='ocrx_word' id='word_1_171' title='bbox 2050 1512 2116 1566; x_wconf 91' lang='lat' dir='ltr'><strong>ad</strong></span> 
     </span>
    </p>
   </div>
   <div class='ocr_carea' id='block_1_24' title="bbox 2178 1512 3753 1591">
    <p class='ocr_par' dir='ltr' id='par_1_24' title="bbox 2222 1520 3753 1591">
     <span class='ocr_line' id='line_1_24' title="bbox 2222 1520 3753 1591; baseline 0.003 -18"><span class='ocrx_word' id='word_1_172' title='bbox 2222 1522 2381 1589; x_wconf 83' lang='grc' dir='ltr'>λόγον</span> <span class='ocrx_word' id='word_1_173' title='bbox 2418 1522 2478 1574; x_wconf 81' lang='grc' dir='ltr'><strong>τὸ</strong></span> <span class='ocrx_word' id='word_1_174' title='bbox 2528 1520 2867 1591; x_wconf 74' lang='grc' dir='ltr'>κοινδν“πρδς</span> <span class='ocrx_word' id='word_1_175' title='bbox 2900 1521 2957 1574; x_wconf 81' lang='grc' dir='ltr'><strong>τὸ</strong></span> <span class='ocrx_word' id='word_1_176' title='bbox 3005 1521 3156 1582; x_wconf 77' lang='grc' dir='ltr'>ἴδιον,</span> <span class='ocrx_word' id='word_1_177' title='bbox 3188 1520 3381 1573; x_wconf 79' lang='grc' dir='ltr'>τοῦτον</span> <span class='ocrx_word' id='word_1_178' title='bbox 3437 1521 3545 1591; x_wconf 76' lang='grc' dir='ltr'>ἔχει</span> <span class='ocrx_word' id='word_1_179' title='bbox 3576 1524 3753 1591; x_wconf 68' lang='grc' dir='ltr'>ἡούσία</span> 
     </span>
    </p>
   </div>
   <div class='ocr_carea' id='block_1_25' title="bbox 547 1603 2122 1683">
    <p class='ocr_par' dir='ltr' id='par_1_25' title="bbox 547 1603 2120 1681">
     <span class='ocr_line' id='line_1_25' title="bbox 547 1603 2120 1681; baseline -0.004 -17"><span class='ocrx_word' id='word_1_180' title='bbox 547 1609 901 1681; x_wconf 86' lang='lat' dir='ltr'><strong>particulare,</strong></span> <span class='ocrx_word' id='word_1_181' title='bbox 924 1607 1002 1661; x_wconf 90' lang='lat' dir='ltr'><strong>sic</strong></span> <span class='ocrx_word' id='word_1_182' title='bbox 1036 1605 1273 1661; x_wconf 89' lang='lat' dir='ltr'><strong>essentia</strong></span> <span class='ocrx_word' id='word_1_183' title='bbox 1316 1604 1383 1658; x_wconf 90' lang='lat' dir='ltr'><strong>ad</strong></span> <span class='ocrx_word' id='word_1_184' title='bbox 1409 1604 1760 1675; x_wconf 89' lang='lat' dir='ltr'><strong>hypostasim.</strong></span> <span class='ocrx_word' id='word_1_185' title='bbox 1786 1603 1958 1673; x_wconf 86' lang='lat' dir='ltr'><strong>Igitur</strong></span> <span class='ocrx_word' id='word_1_186' title='bbox 1980 1604 2120 1658; x_wconf 86' lang='lat' dir='ltr'><strong>ratio</strong></span> 
     </span>
    </p>
   </div>
   <div class='ocr_carea' id='block_1_26' title="bbox 2181 1603 3756 1683">
    <p class='ocr_par' dir='ltr' id='par_1_26' title="bbox 2225 1609 3756 1683">
     <span class='ocr_line' id='line_1_26' title="bbox 2225 1609 3756 1683; baseline 0.001 -18"><span class='ocrx_word' id='word_1_187' title='bbox 2225 1612 2358 1683; x_wconf 80' lang='grc' dir='ltr'>πρὸς</span> <span class='ocrx_word' id='word_1_188' title='bbox 2400 1613 2498 1683; x_wconf 82' lang='grc' dir='ltr'>τὴν</span> <span class='ocrx_word' id='word_1_189' title='bbox 2540 1612 2859 1666; x_wconf 79' lang='grc' dir='ltr'>ὑπόστασιν.</span> <span class='ocrx_word' id='word_1_190' title='bbox 2895 1610 3052 1665; x_wconf 81' lang='grc' dir='ltr'>Κατὰ</span> <span class='ocrx_word' id='word_1_191' title='bbox 3082 1610 3275 1663; x_wconf 82' lang='grc' dir='ltr'>τοῦτον</span> <span class='ocrx_word' id='word_1_192' title='bbox 3305 1609 3399 1663; x_wconf 81' lang='grc' dir='ltr'><strong>οὖν</strong></span> <span class='ocrx_word' id='word_1_193' title='bbox 3427 1610 3516 1662; x_wconf 80' lang='grc' dir='ltr'><strong>τὸν</strong></span> <span class='ocrx_word' id='word_1_194' title='bbox 3559 1616 3646 1680; x_wconf 80' lang='grc' dir='ltr'>τῆς</span> <span class='ocrx_word' id='word_1_195' title='bbox 3668 1630 3756 1667; x_wconf 79' lang='grc' dir='ltr'>κοι-</span> 
     </span>
    </p>
   </div>
   <div class='ocr_carea' id='block_1_27' title="bbox 549 1694 2124 1774">
    <p class='ocr_par' dir='ltr' id='par_1_27' title="bbox 549 1694 2120 1764">
     <span class='ocr_line' id='line_1_27' title="bbox 549 1694 2120 1764; baseline -0.004 -8"><span class='ocrx_word' id='word_1_196' title='bbox 549 1699 960 1756; x_wconf 86' lang='lat' dir='ltr'><strong>communitatis</strong></span> <span class='ocrx_word' id='word_1_197' title='bbox 1020 1696 1441 1759; x_wconf 81' lang='lat' dir='ltr'><strong>humanitatem,</strong></span> <span class='ocrx_word' id='word_1_198' title='bbox 1510 1710 1632 1764; x_wconf 88' lang='lat' dir='ltr'><strong>qua</strong></span> <span class='ocrx_word' id='word_1_199' title='bbox 1687 1694 1743 1748; x_wconf 90' lang='lat' dir='ltr'><strong>in</strong></span> <span class='ocrx_word' id='word_1_200' title='bbox 1801 1694 2120 1749; x_wconf 87' lang='lat' dir='ltr'><strong>hominibus</strong></span> 
     </span>
    </p>
   </div>
   <div class='ocr_carea' id='block_1_28' title="bbox 2182 1694 3757 1774">
    <p class='ocr_par' dir='ltr' id='par_1_28' title="bbox 2222 1700 3757 1774">
     <span class='ocr_line' id='line_1_28' title="bbox 2222 1700 3757 1774; baseline -0.001 -17"><span class='ocrx_word' id='word_1_201' title='bbox 2222 1704 2443 1774; x_wconf 76' lang='grc' dir='ltr'>νότητος</span> <span class='ocrx_word' id='word_1_202' title='bbox 2472 1704 2649 1772; x_wconf 88' lang='grc' dir='ltr'>λόγον,</span> <span class='ocrx_word' id='word_1_203' title='bbox 2690 1704 2820 1772; x_wconf 80' lang='grc' dir='ltr'>μιᾶς</span> <span class='ocrx_word' id='word_1_204' title='bbox 2849 1702 3039 1764; x_wconf 82' lang='grc' dir='ltr'>οὐσίας</span> <span class='ocrx_word' id='word_1_205' title='bbox 3062 1701 3241 1771; x_wconf 82' lang='grc' dir='ltr'>φαμὲν</span> <span class='ocrx_word' id='word_1_206' title='bbox 3265 1700 3366 1772; x_wconf 83' lang='grc' dir='ltr'>τὴν</span> <span class='ocrx_word' id='word_1_207' title='bbox 3392 1704 3450 1753; x_wconf 86' lang='grc' dir='ltr'>ὲν</span> <span class='ocrx_word' id='word_1_208' title='bbox 3494 1701 3757 1771; x_wconf 83' lang='grc' dir='ltr'>ἀνθρώποις</span> 
     </span>
    </p>
   </div>
   <div class='ocr_carea' id='block_1_29' title="bbox 550 1786 2125 1866">
    <p class='ocr_par' dir='ltr' id='par_1_29' title="bbox 550 1786 2119 1863">
     <span class='ocr_line' id='line_1_29' title="bbox 550 1786 2119 1863; baseline -0.006 -16"><span class='ocrx_word' id='word_1_209' title='bbox 550 1793 869 1863; x_wconf 91' lang='lat' dir='ltr'><strong>inspicitur,</strong></span> <span class='ocrx_word' id='word_1_210' title='bbox 897 1790 1057 1844; x_wconf 91' lang='lat' dir='ltr'><strong>unius</strong></span> <span class='ocrx_word' id='word_1_211' title='bbox 1086 1804 1207 1844; x_wconf 90' lang='lat' dir='ltr'><strong>esse</strong></span> <span class='ocrx_word' id='word_1_212' title='bbox 1228 1788 1483 1843; x_wconf 88' lang='lat' dir='ltr'><strong>essentia</strong></span> <span class='ocrx_word' id='word_1_213' title='bbox 1508 1786 1744 1841; x_wconf 90' lang='lat' dir='ltr'><strong>dicimus</strong></span> <span class='ocrx_word' id='word_1_214' title='bbox 1769 1804 1782 1840; x_wconf 88' lang='lat'>:</span> <span class='ocrx_word' id='word_1_215' title='bbox 1813 1787 1941 1855; x_wconf 90' lang='lat' dir='ltr'><strong>quia</strong></span> <span class='ocrx_word' id='word_1_216' title='bbox 1968 1802 2119 1841; x_wconf 86' lang='lat' dir='ltr'><strong>com-</strong></span> 
     </span>
    </p>
   </div>
   <div class='ocr_carea' id='block_1_30' title="bbox 2181 1786 3756 1866">
    <p class='ocr_par' dir='ltr' id='par_1_30' title="bbox 2223 1791 3756 1866">
     <span class='ocr_line' id='line_1_30' title="bbox 2223 1791 3756 1866; baseline -0.001 -19"><span class='ocrx_word' id='word_1_217' title='bbox 2223 1794 2619 1866; x_wconf 87' lang='grc' dir='ltr'>ἀνθρωπότητα</span> <span class='ocrx_word' id='word_1_218' title='bbox 2641 1809 2657 1827; x_wconf 79' lang='grc' dir='ltr'><strong>ο</strong></span> <span class='ocrx_word' id='word_1_219' title='bbox 2688 1795 2770 1847; x_wconf 86' lang='grc' dir='ltr'>ὅτι</span> <span class='ocrx_word' id='word_1_220' title='bbox 2807 1792 3002 1856; x_wconf 85' lang='grc' dir='ltr'>κοινῶς</span> <span class='ocrx_word' id='word_1_221' title='bbox 3027 1795 3085 1846; x_wconf 85' lang='grc' dir='ltr'>ὲν</span> <span class='ocrx_word' id='word_1_222' title='bbox 3137 1794 3309 1846; x_wconf 82' lang='grc' dir='ltr'>πᾶσιν</span> <span class='ocrx_word' id='word_1_223' title='bbox 3359 1791 3648 1863; x_wconf 81' lang='grc' dir='ltr'>ἀνθρώποις</span> <span class='ocrx_word' id='word_1_224' title='bbox 3668 1798 3756 1858; x_wconf 85' lang='grc' dir='ltr'>τοῖς</span> 
     </span>
    </p>
   </div>
   <div class='ocr_carea' id='block_1_31' title="bbox 550 1876 2125 1952">
    <p class='ocr_par' dir='ltr' id='par_1_31' title="bbox 550 1878 2122 1949">
     <span class='ocr_line' id='line_1_31' title="bbox 550 1878 2122 1949; baseline -0.004 -10"><span class='ocrx_word' id='word_1_225' title='bbox 550 1885 701 1939; x_wconf 82' lang='grc' dir='ltr'>ηιυηὶ</span> <span class='ocrx_word' id='word_1_226' title='bbox 726 1883 940 1937; x_wconf 89' lang='lat' dir='ltr'><strong>ratione</strong></span> <span class='ocrx_word' id='word_1_227' title='bbox 963 1880 1216 1935; x_wconf 91' lang='lat' dir='ltr'><strong>omnibus</strong></span> <span class='ocrx_word' id='word_1_228' title='bbox 1238 1888 1293 1933; x_wconf 91' lang='lat' dir='ltr'><strong>et</strong></span> <span class='ocrx_word' id='word_1_229' title='bbox 1315 1878 1613 1947; x_wconf 87' lang='lat' dir='ltr'><strong>unicuique</strong></span> <span class='ocrx_word' id='word_1_230' title='bbox 1641 1879 1851 1931; x_wconf 90' lang='lat' dir='ltr'><strong>homini</strong></span> <span class='ocrx_word' id='word_1_231' title='bbox 1876 1894 1941 1933; x_wconf 81' lang='lat' dir='ltr'><strong>ex</strong></span> <span class='ocrx_word' id='word_1_232' title='bbox 1963 1894 2122 1949; x_wconf 85' lang='lat' dir='ltr'><strong>aquo</strong></span> 
     </span>
    </p>
   </div>
   <div class='ocr_carea' id='block_1_32' title="bbox 2182 1876 3757 1952">
    <p class='ocr_par' dir='ltr' id='par_1_32' title="bbox 2182 1876 3757 1952">
     <span class='ocr_line' id='line_1_32' title="bbox 2182 1876 3757 1952; baseline 0.001 -20"><span class='ocrx_word' id='word_1_233' title='bbox 2182 1878 2197 1932; x_wconf 78' lang='grc' dir='ltr'><strong>ι</strong></span> <span class='ocrx_word' id='word_1_234' title='bbox 2228 1885 2347 1937; x_wconf 87' lang='grc' dir='ltr'>καθ’</span> <span class='ocrx_word' id='word_1_235' title='bbox 2373 1884 2603 1937; x_wconf 75' lang='grc' dir='ltr'>ἕκαστον</span> <span class='ocrx_word' id='word_1_236' title='bbox 2633 1884 2725 1936; x_wconf 79' lang='grc' dir='ltr'><strong>καὶ</strong></span> <span class='ocrx_word' id='word_1_237' title='bbox 2755 1882 2813 1949; x_wconf 80' lang='grc' dir='ltr'>ἐξ</span> <span class='ocrx_word' id='word_1_238' title='bbox 2845 1881 2959 1935; x_wconf 81' lang='grc' dir='ltr'>ἴσου</span> <span class='ocrx_word' id='word_1_239' title='bbox 3005 1881 3243 1952; x_wconf 83' lang='grc' dir='ltr'>ὑπάρχει</span> <span class='ocrx_word' id='word_1_240' title='bbox 3276 1880 3340 1933; x_wconf 83' lang='grc' dir='ltr'><strong>τδ</strong></span> <span class='ocrx_word' id='word_1_241' title='bbox 3365 1876 3503 1934; x_wconf 78' lang='grc' dir='ltr'>εἶναι</span> <span class='ocrx_word' id='word_1_242' title='bbox 3532 1881 3658 1945; x_wconf 80' lang='grc' dir='ltr'>ζῶον</span> <span class='ocrx_word' id='word_1_243' title='bbox 3690 1883 3757 1935; x_wconf 86' lang='grc' dir='ltr'>λο-</span> 
     </span>
    </p>
   </div>
   <div class='ocr_carea' id='block_1_33' title="bbox 549 1964 2124 2041">
    <p class='ocr_par' dir='ltr' id='par_1_33' title="bbox 549 1968 2123 2038">
     <span class='ocr_line' id='line_1_33' title="bbox 549 1968 2123 2038; baseline -0.004 -8"><span class='ocrx_word' id='word_1_244' title='bbox 549 1975 808 2031; x_wconf 84' lang='lat' dir='ltr'><strong>convenit</strong></span> <span class='ocrx_word' id='word_1_245' title='bbox 850 1982 911 2027; x_wconf 92' lang='lat' dir='ltr'><strong>ut</strong></span> <span class='ocrx_word' id='word_1_246' title='bbox 956 1972 1027 2027; x_wconf 88' lang='lat' dir='ltr'><strong>sit</strong></span> <span class='ocrx_word' id='word_1_247' title='bbox 1063 1970 1264 2025; x_wconf 88' lang='lat' dir='ltr'><strong>animal</strong></span> <span class='ocrx_word' id='word_1_248' title='bbox 1313 1969 1602 2034; x_wconf 87' lang='lat' dir='ltr'><strong>rationale,</strong></span> <span class='ocrx_word' id='word_1_249' title='bbox 1644 1968 2022 2038; x_wconf 81' lang='lat' dir='ltr'><strong>intelligentia</strong></span> <span class='ocrx_word' id='word_1_250' title='bbox 2068 1978 2123 2024; x_wconf 92' lang='lat' dir='ltr'><strong>et</strong></span> 
     </span>
    </p>
   </div>
   <div class='ocr_carea' id='block_1_34' title="bbox 2180 1964 3755 2041">
    <p class='ocr_par' dir='ltr' id='par_1_34' title="bbox 2228 1964 3755 2041">
     <span class='ocr_line' id='line_1_34' title="bbox 2228 1964 3755 2041; baseline 0.001 -19"><span class='ocrx_word' id='word_1_251' title='bbox 2228 1969 2385 2038; x_wconf 82' lang='grc' dir='ltr'>γικδν</span> <span class='ocrx_word' id='word_1_252' title='bbox 2417 1969 2631 2041; x_wconf 80' lang='grc' dir='ltr'>θνητὸν,</span> <span class='ocrx_word' id='word_1_253' title='bbox 2667 1969 2759 2023; x_wconf 82' lang='grc' dir='ltr'>νοῦ</span> <span class='ocrx_word' id='word_1_254' title='bbox 2819 1970 2914 2023; x_wconf 74' lang='grc' dir='ltr'><strong>καὶ</strong></span> <span class='ocrx_word' id='word_1_255' title='bbox 2953 1971 3269 2041; x_wconf 79' lang='grc' dir='ltr'>ἐπιστήμης</span> <span class='ocrx_word' id='word_1_256' title='bbox 3324 1968 3598 2024; x_wconf 77' lang='grc' dir='ltr'>δεκτικόν·</span> <span class='ocrx_word' id='word_1_257' title='bbox 3631 1964 3755 2035; x_wconf 70' lang='grc' dir='ltr'>οὗτος</span> 
     </span>
    </p>
   </div>
   <div class='ocr_carea' id='block_1_35' title="bbox 550 2058 2125 2137">
    <p class='ocr_par' dir='ltr' id='par_1_35' title="bbox 550 2060 2120 2137">
     <span class='ocr_line' id='line_1_35' title="bbox 550 2060 2120 2137; baseline -0.004 -14"><span class='ocrx_word' id='word_1_258' title='bbox 550 2067 855 2137; x_wconf 80' lang='lat' dir='ltr'><strong>disciplina</strong></span> <span class='ocrx_word' id='word_1_259' title='bbox 880 2080 1067 2135; x_wconf 81' lang='lat' dir='ltr'><strong>capax.</strong></span> <span class='ocrx_word' id='word_1_260' title='bbox 1098 2064 1251 2118; x_wconf 85' lang='lat' dir='ltr'><strong>Istae</strong></span> <span class='ocrx_word' id='word_1_261' title='bbox 1276 2063 1423 2117; x_wconf 89' lang='lat' dir='ltr'><strong>enim</strong></span> <span class='ocrx_word' id='word_1_262' title='bbox 1470 2061 1829 2115; x_wconf 87' lang='lat' dir='ltr'><strong>humanitatis</strong></span> <span class='ocrx_word' id='word_1_263' title='bbox 1869 2060 2120 2117; x_wconf 87' lang='lat' dir='ltr'><strong>deﬁnitio</strong></span> 
     </span>
    </p>
   </div>
   <div class='ocr_carea' id='block_1_36' title="bbox 2181 2058 3756 2137">
    <p class='ocr_par' dir='ltr' id='par_1_36' title="bbox 2227 2058 3756 2133">
     <span class='ocr_line' id='line_1_36' title="bbox 2227 2058 3756 2133; baseline 0 -18"><span class='ocrx_word' id='word_1_264' title='bbox 2227 2062 2335 2133; x_wconf 82' lang='grc' dir='ltr'>γὰρ</span> <span class='ocrx_word' id='word_1_265' title='bbox 2386 2064 2414 2114; x_wconf 86' lang='grc' dir='ltr'>ὁ</span> <span class='ocrx_word' id='word_1_266' title='bbox 2452 2062 2577 2131; x_wconf 80' lang='grc' dir='ltr'>ὄρος</span> <span class='ocrx_word' id='word_1_267' title='bbox 2607 2062 2707 2130; x_wconf 85' lang='grc' dir='ltr'>τῆς</span> <span class='ocrx_word' id='word_1_268' title='bbox 2738 2060 3177 2133; x_wconf 86' lang='grc' dir='ltr'>άνθρωπότητος.</span> <span class='ocrx_word' id='word_1_269' title='bbox 3228 2061 3405 2115; x_wconf 80' lang='grc' dir='ltr'>Ἐπὰν</span> <span class='ocrx_word' id='word_1_270' title='bbox 3432 2060 3487 2114; x_wconf 86' lang='grc' dir='ltr'>δὲ</span> <span class='ocrx_word' id='word_1_271' title='bbox 3516 2061 3581 2114; x_wconf 83' lang='grc' dir='ltr'>τὰ</span> <span class='ocrx_word' id='word_1_272' title='bbox 3619 2063 3670 2126; x_wconf 69' lang='grc' dir='ltr'><strong>ἐξ</strong></span> <span class='ocrx_word' id='word_1_273' title='bbox 3700 2058 3756 2115; x_wconf 67' lang='grc' dir='ltr'>ὧν</span> 
     </span>
    </p>
   </div>
   <div class='ocr_carea' id='block_1_37' title="bbox 549 2151 2124 2224">
    <p class='ocr_par' dir='ltr' id='par_1_37' title="bbox 549 2151 2121 2224">
     <span class='ocr_line' id='line_1_37' title="bbox 549 2151 2121 2224; baseline -0.004 -10"><span class='ocrx_word' id='word_1_274' title='bbox 549 2168 651 2214; x_wconf 83' lang='lat' dir='ltr'><strong>est.</strong></span> <span class='ocrx_word' id='word_1_275' title='bbox 675 2157 780 2214; x_wconf 88' lang='lat' dir='ltr'><strong>Ubi</strong></span> <span class='ocrx_word' id='word_1_276' title='bbox 809 2171 941 2210; x_wconf 85' lang='lat' dir='ltr'><strong>vero</strong></span> <span class='ocrx_word' id='word_1_277' title='bbox 964 2168 1259 2224; x_wconf 89' lang='lat' dir='ltr'><strong>pensamus</strong></span> <span class='ocrx_word' id='word_1_278' title='bbox 1288 2167 1351 2207; x_wconf 89' lang='lat' dir='ltr'><strong>ea</strong></span> <span class='ocrx_word' id='word_1_279' title='bbox 1375 2168 1439 2206; x_wconf 81' lang='lat' dir='ltr'><strong>ex</strong></span> <span class='ocrx_word' id='word_1_280' title='bbox 1464 2151 1666 2221; x_wconf 90' lang='lat' dir='ltr'><strong>quibus</strong></span> <span class='ocrx_word' id='word_1_281' title='bbox 1690 2160 1927 2217; x_wconf 88' lang='lat' dir='ltr'><strong>constat,</strong></span> <span class='ocrx_word' id='word_1_282' title='bbox 1956 2161 2121 2222; x_wconf 88' lang='lat' dir='ltr'><strong>atque</strong></span> 
     </span>
    </p>
   </div>
   <div class='ocr_carea' id='block_1_38' title="bbox 2179 2151 3754 2224">
    <p class='ocr_par' dir='ltr' id='par_1_38' title="bbox 2226 2151 3754 2224">
     <span class='ocr_line' id='line_1_38' title="bbox 2226 2151 3754 2224; baseline 0.001 -20"><span class='ocrx_word' id='word_1_283' title='bbox 2226 2155 2341 2205; x_wconf 77' lang='grc' dir='ltr'>ἐστι</span> <span class='ocrx_word' id='word_1_284' title='bbox 2371 2151 2739 2223; x_wconf 83' lang='grc' dir='ltr'>λογισώμεθα,</span> <span class='ocrx_word' id='word_1_285' title='bbox 2769 2153 2862 2205; x_wconf 72' lang='grc' dir='ltr'><strong>καὶ</strong></span> <span class='ocrx_word' id='word_1_286' title='bbox 2882 2153 3060 2224; x_wconf 76' lang='grc' dir='ltr'>ψυχὴν</span> <span class='ocrx_word' id='word_1_287' title='bbox 3098 2152 3480 2223; x_wconf 86' lang='grc' dir='ltr'>ὀνομάσωμεν,</span> <span class='ocrx_word' id='word_1_288' title='bbox 3512 2154 3598 2207; x_wconf 76' lang='grc' dir='ltr'><strong>καὶ</strong></span> <span class='ocrx_word' id='word_1_289' title='bbox 3627 2154 3754 2222; x_wconf 84' lang='grc' dir='ltr'>σῶμα</span> 
     </span>
    </p>
   </div>
   <div class='ocr_carea' id='block_1_39' title="bbox 549 2240 2124 2315">
    <p class='ocr_par' dir='ltr' id='par_1_39' title="bbox 549 2240 2121 2310">
     <span class='ocr_line' id='line_1_39' title="bbox 549 2240 2121 2310; baseline -0.004 -9"><span class='ocrx_word' id='word_1_290' title='bbox 549 2248 786 2301; x_wconf 88' lang='lat' dir='ltr'><strong>animam</strong></span> <span class='ocrx_word' id='word_1_291' title='bbox 829 2244 1198 2307; x_wconf 86' lang='lat' dir='ltr'><strong>nominamus,</strong></span> <span class='ocrx_word' id='word_1_292' title='bbox 1232 2250 1286 2297; x_wconf 89' lang='lat' dir='ltr'><strong>ct</strong></span> <span class='ocrx_word' id='word_1_293' title='bbox 1324 2256 1526 2310; x_wconf 91' lang='lat' dir='ltr'><strong>corpus</strong></span> <span class='ocrx_word' id='word_1_294' title='bbox 1556 2240 1992 2305; x_wconf 88' lang='lat' dir='ltr'><strong>consideramus,</strong></span> <span class='ocrx_word' id='word_1_295' title='bbox 2022 2256 2121 2295; x_wconf 89' lang='lat' dir='ltr'><strong>ne-</strong></span> 
     </span>
    </p>
   </div>
   <div class='ocr_carea' id='block_1_40' title="bbox 2182 2240 3757 2315">
    <p class='ocr_par' dir='ltr' id='par_1_40' title="bbox 2228 2243 3757 2315">
     <span class='ocr_line' id='line_1_40' title="bbox 2228 2243 3757 2315; baseline -0.001 -20"><span class='ocrx_word' id='word_1_296' title='bbox 2228 2244 2614 2313; x_wconf 85' lang='grc' dir='ltr'>σκοπήσωμεν,</span> <span class='ocrx_word' id='word_1_297' title='bbox 2649 2244 2710 2296; x_wconf 79' lang='grc' dir='ltr'>τὸ</span> <span class='ocrx_word' id='word_1_298' title='bbox 2743 2245 3035 2315; x_wconf 80' lang='grc' dir='ltr'>ἑτεροφυὲς</span> <span class='ocrx_word' id='word_1_299' title='bbox 3067 2246 3161 2299; x_wconf 74' lang='grc' dir='ltr'>καὶ</span> <span class='ocrx_word' id='word_1_300' title='bbox 3188 2243 3262 2297; x_wconf 83' lang='grc' dir='ltr'>τὰ</span> <span class='ocrx_word' id='word_1_301' title='bbox 3287 2244 3395 2298; x_wconf 74' lang='grc' dir='ltr'>ἴδια</span> <span class='ocrx_word' id='word_1_302' title='bbox 3438 2243 3543 2297; x_wconf 86' lang='grc' dir='ltr'><strong>τῶν</strong></span> <span class='ocrx_word' id='word_1_303' title='bbox 3594 2246 3757 2297; x_wconf 82' lang='grc' dir='ltr'>οὐσιῶν</span> 
     </span>
    </p>
   </div>
   <div class='ocr_carea' id='block_1_41' title="bbox 550 2324 2125 2409">
    <p class='ocr_par' dir='ltr' id='par_1_41' title="bbox 550 2324 2119 2409">
     <span class='ocr_line' id='line_1_41' title="bbox 550 2324 2119 2409; baseline -0.003 -18"><span class='ocrx_word' id='word_1_304' title='bbox 550 2353 826 2409; x_wconf 86' lang='lat' dir='ltr'><strong>quaquam</strong></span> <span class='ocrx_word' id='word_1_305' title='bbox 850 2335 1160 2391; x_wconf 88' lang='lat' dir='ltr'><strong>inﬁciamur</strong></span> <span class='ocrx_word' id='word_1_306' title='bbox 1182 2343 1476 2402; x_wconf 89' lang='lat' dir='ltr'><strong>utrumque</strong></span> <span class='ocrx_word' id='word_1_307' title='bbox 1499 2324 1729 2387; x_wconf 79' lang='lat' dir='ltr'><strong>diversa</strong></span> <span class='ocrx_word' id='word_1_308' title='bbox 1744 2342 1951 2387; x_wconf 83' lang='lat' dir='ltr'><strong>natura</strong></span> <span class='ocrx_word' id='word_1_309' title='bbox 1975 2348 2119 2398; x_wconf 89' lang='lat' dir='ltr'><strong>esse,</strong></span> 
     </span>
    </p>
   </div>
   <div class='ocr_carea' id='block_1_42' title="bbox 2179 2324 3754 2409">
    <p class='ocr_par' dir='ltr' id='par_1_42' title="bbox 2227 2334 3754 2407">
     <span class='ocr_line' id='line_1_42' title="bbox 2227 2334 3754 2407; baseline 0.001 -21"><span class='ocrx_word' id='word_1_310' title='bbox 2227 2334 2321 2387; x_wconf 71' lang='grc' dir='ltr'>καὶ</span> <span class='ocrx_word' id='word_1_311' title='bbox 2352 2335 2490 2404; x_wconf 81' lang='grc' dir='ltr'>μετά</span> <span class='ocrx_word' id='word_1_312' title='bbox 2515 2334 2612 2404; x_wconf 83' lang='grc' dir='ltr'><strong>τὴν</strong></span> <span class='ocrx_word' id='word_1_313' title='bbox 2654 2334 2849 2389; x_wconf 78' lang='grc' dir='ltr'>ἕνωσιν</span> <span class='ocrx_word' id='word_1_314' title='bbox 2889 2336 2988 2389; x_wconf 89' lang='grc' dir='ltr'><strong>οὐκ</strong></span> <span class='ocrx_word' id='word_1_315' title='bbox 3016 2335 3414 2407; x_wconf 83' lang='grc' dir='ltr'>ἁρνηθείημεν.</span> <span class='ocrx_word' id='word_1_316' title='bbox 3450 2334 3510 2388; x_wconf 76' lang='lat' dir='ltr'><strong>Et</strong></span> <span class='ocrx_word' id='word_1_317' title='bbox 3541 2334 3639 2405; x_wconf 74' lang='grc' dir='ltr'><strong>γάρ</strong></span> <span class='ocrx_word' id='word_1_318' title='bbox 3676 2334 3754 2402; x_wconf 75' lang='grc' dir='ltr'>τῆς</span> 
     </span>
    </p>
   </div>
   <div class='ocr_carea' id='block_1_43' title="bbox 550 2424 2125 2501">
    <p class='ocr_par' dir='ltr' id='par_1_43' title="bbox 550 2424 2120 2501">
     <span class='ocr_line' id='line_1_43' title="bbox 550 2424 2120 2501; baseline -0.005 -14"><span class='ocrx_word' id='word_1_319' title='bbox 550 2441 607 2487; x_wconf 90' lang='lat' dir='ltr'><strong>ct</strong></span> <span class='ocrx_word' id='word_1_320' title='bbox 631 2447 751 2501; x_wconf 85' lang='lat' dir='ltr'><strong>qua</strong></span> <span class='ocrx_word' id='word_1_321' title='bbox 781 2426 1145 2483; x_wconf 89' lang='lat' dir='ltr'><strong>essentiarum</strong></span> <span class='ocrx_word' id='word_1_322' title='bbox 1170 2427 1363 2480; x_wconf 89' lang='lat' dir='ltr'><strong>harum</strong></span> <span class='ocrx_word' id='word_1_323' title='bbox 1390 2424 1611 2495; x_wconf 90' lang='lat' dir='ltr'><strong>propria</strong></span> <span class='ocrx_word' id='word_1_324' title='bbox 1632 2432 1781 2489; x_wconf 88' lang='lat' dir='ltr'><strong>sunt,</strong></span> <span class='ocrx_word' id='word_1_325' title='bbox 1804 2424 1968 2487; x_wconf 85' lang='lat' dir='ltr'><strong>etiam</strong></span> <span class='ocrx_word' id='word_1_326' title='bbox 1994 2434 2120 2494; x_wconf 90' lang='lat' dir='ltr'><strong>post</strong></span> 
     </span>
    </p>
   </div>
   <div class='ocr_carea' id='block_1_44' title="bbox 2178 2424 3753 2501">
    <p class='ocr_par' dir='ltr' id='par_1_44' title="bbox 2222 2424 3753 2499">
     <span class='ocr_line' id='line_1_44' title="bbox 2222 2424 3753 2499; baseline -0.001 -21"><span class='ocrx_word' id='word_1_327' title='bbox 2222 2426 2392 2497; x_wconf 85' lang='grc' dir='ltr'>αὐτῆς</span> <span class='ocrx_word' id='word_1_328' title='bbox 2420 2427 2609 2490; x_wconf 77' lang='grc' dir='ltr'>οὐσίας</span> <span class='ocrx_word' id='word_1_329' title='bbox 2639 2427 2700 2480; x_wconf 81' lang='grc' dir='ltr'><strong>τὸ</strong></span> <span class='ocrx_word' id='word_1_330' title='bbox 2728 2428 2886 2499; x_wconf 85' lang='grc' dir='ltr'>σῶμα</span> <span class='ocrx_word' id='word_1_331' title='bbox 2919 2429 3012 2481; x_wconf 75' lang='grc' dir='ltr'>καὶ</span> <span class='ocrx_word' id='word_1_332' title='bbox 3034 2428 3261 2499; x_wconf 69' lang='grc' dir='ltr'><strong>ἡψυχὴ,</strong></span> <span class='ocrx_word' id='word_1_333' title='bbox 3284 2428 3391 2480; x_wconf 91' lang='grc' dir='ltr'><strong>τῶν</strong></span> <span class='ocrx_word' id='word_1_334' title='bbox 3412 2426 3468 2479; x_wconf 78' lang='grc' dir='ltr'>δὲ</span> <span class='ocrx_word' id='word_1_335' title='bbox 3498 2424 3753 2495; x_wconf 83' lang='grc' dir='ltr'>δμοουσίων</span> 
     </span>
    </p>
   </div>
   <div class='ocr_carea' id='block_1_45' title="bbox 552 2516 2127 2590">
    <p class='ocr_par' dir='ltr' id='par_1_45' title="bbox 552 2516 2120 2585">
     <span class='ocr_line' id='line_1_45' title="bbox 552 2516 2120 2585; baseline -0.004 -8"><span class='ocrx_word' id='word_1_336' title='bbox 552 2522 856 2577; x_wconf 84' lang='lat' dir='ltr'><strong>unitionem</strong></span> <span class='ocrx_word' id='word_1_337' title='bbox 888 2533 1130 2573; x_wconf 90' lang='lat' dir='ltr'><strong>manere.</strong></span> <span class='ocrx_word' id='word_1_338' title='bbox 1159 2517 1294 2573; x_wconf 86' lang='lat' dir='ltr'><strong>Nam</strong></span> <span class='ocrx_word' id='word_1_339' title='bbox 1331 2516 1376 2571; x_wconf 89' lang='lat' dir='ltr'><strong>si</strong></span> <span class='ocrx_word' id='word_1_340' title='bbox 1407 2531 1608 2585; x_wconf 91' lang='lat' dir='ltr'><strong>corpus</strong></span> <span class='ocrx_word' id='word_1_341' title='bbox 1651 2523 1709 2570; x_wconf 91' lang='lat' dir='ltr'><strong>et</strong></span> <span class='ocrx_word' id='word_1_342' title='bbox 1759 2516 1941 2569; x_wconf 89' lang='lat' dir='ltr'><strong>anima</strong></span> <span class='ocrx_word' id='word_1_343' title='bbox 1992 2526 2120 2571; x_wconf 91' lang='lat' dir='ltr'><strong>sunt</strong></span> 
     </span>
    </p>
   </div>
   <div class='ocr_carea' id='block_1_46' title="bbox 2177 2516 3752 2590">
    <p class='ocr_par' dir='ltr' id='par_1_46' title="bbox 2221 2516 3752 2590">
     <span class='ocr_line' id='line_1_46' title="bbox 2221 2516 3752 2590; baseline -0.002 -21"><span class='ocrx_word' id='word_1_344' title='bbox 2221 2518 2249 2569; x_wconf 86' lang='grc' dir='ltr'><strong>ό</strong></span> <span class='ocrx_word' id='word_1_345' title='bbox 2274 2518 2436 2579; x_wconf 78' lang='grc' dir='ltr'>αὐτὸς</span> <span class='ocrx_word' id='word_1_346' title='bbox 2462 2519 2641 2587; x_wconf 82' lang='grc' dir='ltr'>λόγος,</span> <span class='ocrx_word' id='word_1_347' title='bbox 2677 2519 2915 2590; x_wconf 82' lang='grc' dir='ltr'>φθαρτὸν</span> <span class='ocrx_word' id='word_1_348' title='bbox 2946 2519 3002 2572; x_wconf 85' lang='grc' dir='ltr'>δὲ</span> <span class='ocrx_word' id='word_1_349' title='bbox 3030 2519 3091 2572; x_wconf 86' lang='grc' dir='ltr'><strong>τδ</strong></span> <span class='ocrx_word' id='word_1_350' title='bbox 3126 2518 3313 2589; x_wconf 86' lang='grc' dir='ltr'>σῶμα,</span> <span class='ocrx_word' id='word_1_351' title='bbox 3349 2516 3538 2570; x_wconf 84' lang='grc' dir='ltr'>οὐκοῦν</span> <span class='ocrx_word' id='word_1_352' title='bbox 3564 2517 3658 2587; x_wconf 74' lang='grc' dir='ltr'>ἄρα</span> <span class='ocrx_word' id='word_1_353' title='bbox 3683 2517 3752 2568; x_wconf 76' lang='grc' dir='ltr'><strong>καὶ</strong></span> 
     </span>
    </p>
   </div>
   <div class='ocr_carea' id='block_1_47' title="bbox 549 2602 2124 2684">
    <p class='ocr_par' dir='ltr' id='par_1_47' title="bbox 549 2606 2122 2684">
     <span class='ocr_line' id='line_1_47' title="bbox 549 2606 2122 2684; baseline -0.004 -16"><span class='ocrx_word' id='word_1_354' title='bbox 549 2612 795 2684; x_wconf 82' lang='lat' dir='ltr'><strong>ejusdem</strong></span> <span class='ocrx_word' id='word_1_355' title='bbox 824 2622 1097 2673; x_wconf 75' lang='lat' dir='ltr'><strong>essentia,</strong></span> <span class='ocrx_word' id='word_1_356' title='bbox 1130 2606 1575 2678; x_wconf 90' lang='lat' dir='ltr'><strong>quandoquidem</strong></span> <span class='ocrx_word' id='word_1_357' title='bbox 1609 2606 1800 2660; x_wconf 87' lang='lat' dir='ltr'><strong>eadem</strong></span> <span class='ocrx_word' id='word_1_358' title='bbox 1851 2607 1991 2661; x_wconf 87' lang='lat' dir='ltr'><strong>ratio</strong></span> <span class='ocrx_word' id='word_1_359' title='bbox 2037 2615 2122 2661; x_wconf 91' lang='lat' dir='ltr'><strong>est</strong></span> 
     </span>
    </p>
   </div>
   <div class='ocr_carea' id='block_1_48' title="bbox 2176 2602 3751 2684">
    <p class='ocr_par' dir='ltr' id='par_1_48' title="bbox 2224 2602 3751 2681">
     <span class='ocr_line' id='line_1_48' title="bbox 2224 2602 3751 2681; baseline -0.004 -19"><span class='ocrx_word' id='word_1_360' title='bbox 2224 2611 2257 2678; x_wconf 88' lang='grc' dir='ltr'>ἠ</span> <span class='ocrx_word' id='word_1_361' title='bbox 2291 2608 2437 2681; x_wconf 77' lang='grc' dir='ltr'>ψυχὴ</span> <span class='ocrx_word' id='word_1_362' title='bbox 2456 2609 2849 2680; x_wconf 77' lang='grc' dir='ltr'>διαφθείρεται,</span> <span class='ocrx_word' id='word_1_363' title='bbox 2880 2612 2975 2663; x_wconf 76' lang='grc' dir='ltr'><strong>καὶ</strong></span> <span class='ocrx_word' id='word_1_364' title='bbox 3013 2609 3073 2663; x_wconf 76' lang='grc' dir='ltr'>τὸ</span> <span class='ocrx_word' id='word_1_365' title='bbox 3098 2609 3281 2678; x_wconf 78' lang='grc' dir='ltr'>λέγειν</span> <span class='ocrx_word' id='word_1_366' title='bbox 3334 2608 3590 2662; x_wconf 82' lang='grc' dir='ltr'>ἀθάνατον</span> <span class='ocrx_word' id='word_1_367' title='bbox 3641 2602 3751 2658; x_wconf 80' lang='grc' dir='ltr'>εἶναι</span> 
     </span>
    </p>
   </div>
   <div class='ocr_carea' id='block_1_49' title="bbox 550 2697 2125 2772">
    <p class='ocr_par' dir='ltr' id='par_1_49' title="bbox 550 2697 2122 2771">
     <span class='ocr_line' id='line_1_49' title="bbox 550 2697 2122 2771; baseline -0.004 -14"><span class='ocrx_word' id='word_1_368' title='bbox 550 2719 742 2757; x_wconf 92' lang='lat' dir='ltr'><strong>eorum</strong></span> <span class='ocrx_word' id='word_1_369' title='bbox 778 2717 900 2771; x_wconf 90' lang='lat' dir='ltr'><strong>qua</strong></span> <span class='ocrx_word' id='word_1_370' title='bbox 930 2698 1308 2755; x_wconf 89' lang='lat' dir='ltr'><strong>coessentialia</strong></span> <span class='ocrx_word' id='word_1_371' title='bbox 1339 2706 1468 2751; x_wconf 92' lang='lat' dir='ltr'><strong>sunt</strong></span> <span class='ocrx_word' id='word_1_372' title='bbox 1504 2697 1732 2766; x_wconf 88' lang='lat' dir='ltr'><strong>(alioqui</strong></span> <span class='ocrx_word' id='word_1_373' title='bbox 1763 2712 1895 2751; x_wconf 84' lang='lat' dir='ltr'><strong>vero</strong></span> <span class='ocrx_word' id='word_1_374' title='bbox 1922 2713 2122 2766; x_wconf 87' lang='lat' dir='ltr'><strong>corpus</strong></span> 
     </span>
    </p>
   </div>
   <div class='ocr_carea' id='block_1_50' title="bbox 2177 2697 3752 2772">
    <p class='ocr_par' dir='ltr' id='par_1_50' title="bbox 2224 2697 3752 2772">
     <span class='ocr_line' id='line_1_50' title="bbox 2224 2697 3752 2772; baseline -0.007 -13"><span class='ocrx_word' id='word_1_375' title='bbox 2224 2702 2324 2772; x_wconf 83' lang='grc' dir='ltr'><strong>τὴν</strong></span> <span class='ocrx_word' id='word_1_376' title='bbox 2361 2701 2557 2771; x_wconf 75' lang='grc' dir='ltr'>ψυχὴν,</span> <span class='ocrx_word' id='word_1_377' title='bbox 2605 2701 2800 2771; x_wconf 77' lang='grc' dir='ltr'>ψευδὲς</span> <span class='ocrx_word' id='word_1_378' title='bbox 2845 2700 3297 2772; x_wconf 83' lang='grc' dir='ltr'>άναδειχθήσεται</span> <span class='ocrx_word' id='word_1_379' title='bbox 3350 2700 3437 2754; x_wconf 82' lang='grc' dir='ltr'>διὰ</span> <span class='ocrx_word' id='word_1_380' title='bbox 3481 2699 3575 2763; x_wconf 81' lang='grc' dir='ltr'>τὰς</span> <span class='ocrx_word' id='word_1_381' title='bbox 3631 2697 3752 2767; x_wconf 82' lang='grc' dir='ltr'>ὑμῶν</span> 
     </span>
    </p>
   </div>
   <div class='ocr_carea' id='block_1_51' title="bbox 552 2788 2127 2863">
    <p class='ocr_par' dir='ltr' id='par_1_51' title="bbox 552 2788 2121 2863">
     <span class='ocr_line' id='line_1_51' title="bbox 552 2788 2121 2863; baseline -0.004 -14"><span class='ocrx_word' id='word_1_382' title='bbox 552 2793 881 2863; x_wconf 86' lang='lat' dir='ltr'><strong>corruptela</strong></span> <span class='ocrx_word' id='word_1_383' title='bbox 904 2791 1203 2847; x_wconf 78' lang='lat' dir='ltr'><strong>obnoxium</strong></span> <span class='ocrx_word' id='word_1_384' title='bbox 1217 2789 1346 2859; x_wconf 90' lang='lat' dir='ltr'><strong>est),</strong></span> <span class='ocrx_word' id='word_1_385' title='bbox 1366 2789 1597 2843; x_wconf 93' lang='lat' dir='ltr'><strong>omnino</strong></span> <span class='ocrx_word' id='word_1_386' title='bbox 1613 2788 1864 2856; x_wconf 89' lang='lat' dir='ltr'><strong>sequitur</strong></span> <span class='ocrx_word' id='word_1_387' title='bbox 1885 2788 2121 2842; x_wconf 89' lang='lat' dir='ltr'><strong>animam</strong></span> 
     </span>
    </p>
   </div>
   <div class='ocr_carea' id='block_1_52' title="bbox 1282 2788 2857 2863">
    <p class='ocr_par' dir='ltr' id='par_1_52' title="bbox 1283 2788 2857 2861">
     <span class='ocr_line' id='line_1_52' title="bbox 1283 2788 2857 2861; baseline 0.002 -20"><span class='ocrx_word' id='word_1_388' title='bbox 1283 2789 1346 2859; x_wconf 87' lang='grc' dir='ltr'>ι),</span> <span class='ocrx_word' id='word_1_389' title='bbox 1366 2789 1597 2843; x_wconf 86' lang='lat' dir='ltr'><strong>omnino</strong></span> <span class='ocrx_word' id='word_1_390' title='bbox 1613 2788 1864 2856; x_wconf 83' lang='lat' dir='ltr'><strong>sequitur</strong></span> <span class='ocrx_word' id='word_1_391' title='bbox 1885 2788 2121 2842; x_wconf 90' lang='lat' dir='ltr'><strong>animam</strong></span> <span class='ocrx_word' id='word_1_392' title='bbox 2226 2790 2486 2861; x_wconf 80' lang='grc' dir='ltr'>ἀνοήτους</span> <span class='ocrx_word' id='word_1_393' title='bbox 2508 2792 2857 2859; x_wconf 81' lang='grc' dir='ltr'>κενοφωνίας.</span> 
     </span>
    </p>
   </div>
   <div class='ocr_carea' id='block_1_53' title="bbox 551 2882 3750 2956">
    <p class='ocr_par' dir='ltr' id='par_1_53' title="bbox 551 2882 3750 2956">
     <span class='ocr_line' id='line_1_53' title="bbox 551 2882 3750 2956; baseline -0.003 -15"><span class='ocrx_word' id='word_1_394' title='bbox 551 2884 971 2955; x_wconf 89' lang='lat' dir='ltr'><strong>corruptibilem</strong></span> <span class='ocrx_word' id='word_1_395' title='bbox 1001 2898 1144 2947; x_wconf 91' lang='lat' dir='ltr'><strong>esse,</strong></span> <span class='ocrx_word' id='word_1_396' title='bbox 1210 2890 1267 2937; x_wconf 90' lang='lat' dir='ltr'><strong>et</strong></span> <span class='ocrx_word' id='word_1_397' title='bbox 1334 2892 1560 2952; x_wconf 74' lang='lat' dir='ltr'><strong>promer</strong></span> <span class='ocrx_word' id='word_1_398' title='bbox 1594 2882 1818 2936; x_wconf 84' lang='lat' dir='ltr'><strong>insanas</strong></span> <span class='ocrx_word' id='word_1_399' title='bbox 1852 2882 2193 2951; x_wconf 87' lang='lat' dir='ltr'><strong>nugacitates</strong></span> <span class='ocrx_word' id='word_1_400' title='bbox 2229 2894 2440 2938; x_wconf 81' lang='lat' dir='ltr'><strong>vestras</strong></span> <span class='ocrx_word' id='word_1_401' title='bbox 2481 2884 2600 2939; x_wconf 81' lang='lat' dir='ltr'><strong>falsi</strong></span> <span class='ocrx_word' id='word_1_402' title='bbox 2639 2896 2901 2956; x_wconf 85' lang='lat' dir='ltr'><strong>arguetur</strong></span> <span class='ocrx_word' id='word_1_403' title='bbox 2950 2884 3005 2940; x_wconf 87' lang='lat' dir='ltr'><strong>id</strong></span> <span class='ocrx_word' id='word_1_404' title='bbox 3050 2884 3200 2955; x_wconf 89' lang='lat' dir='ltr'><strong>quod</strong></span> <span class='ocrx_word' id='word_1_405' title='bbox 3233 2884 3528 2950; x_wconf 85' lang='lat' dir='ltr'><strong>asseritur,</strong></span> <span class='ocrx_word' id='word_1_406' title='bbox 3556 2882 3750 2937; x_wconf 82' lang='lat' dir='ltr'><strong>animam</strong></span> 
     </span>
    </p>
   </div>
   <div class='ocr_carea' id='block_1_54' title="bbox 551 2979 1092 3038">
    <p class='ocr_par' dir='ltr' id='par_1_54' title="bbox 551 2979 1092 3038">
     <span class='ocr_line' id='line_1_54' title="bbox 551 2979 1092 3038; baseline -0.011 0"><span class='ocrx_word' id='word_1_407' title='bbox 551 2996 675 3038; x_wconf 86' lang='lat' dir='ltr'><strong>esse</strong></span> <span class='ocrx_word' id='word_1_408' title='bbox 709 2979 1092 3037; x_wconf 87' lang='lat' dir='ltr'><strong>immortalem.</strong></span> 
     </span>
    </p>
   </div>
   <div class='ocr_carea' id='block_1_55' title="bbox 942 3089 2517 3166">
    <p class='ocr_par' dir='ltr' id='par_1_55' title="bbox 942 3093 2499 3166">
     <span class='ocr_line' id='line_1_55' title="bbox 942 3093 2499 3166; baseline -0.005 -16"><span class='ocrx_word' id='word_1_409' title='bbox 942 3094 1025 3150; x_wconf 74' lang='lat' dir='ltr'><strong>Ex</strong></span> <span class='ocrx_word' id='word_1_410' title='bbox 1048 3094 1262 3166; x_wconf 81' lang='lat' dir='ltr'><strong>Eulogii</strong></span> <span class='ocrx_word' id='word_1_411' title='bbox 1294 3093 1735 3149; x_wconf 85' lang='lat' dir='ltr'><strong>Defensionibus.</strong></span> <span class='ocrx_word' id='word_1_412' title='bbox 2150 3097 2191 3153; x_wconf 86' lang='lat' dir='ltr'><strong>c</strong></span> <span class='ocrx_word' id='word_1_413' title='bbox 2486 3154 2499 3163; x_wconf 25' lang='grc' dir='ltr'><strong><em>ἰ</em></strong></span> 
     </span>
    </p>
   </div>
   <div class='ocr_carea' id='block_1_56' title="bbox 1937 3089 3512 3166">
    <p class='ocr_par' dir='ltr' id='par_1_56' title="bbox 2150 3089 3512 3163">
     <span class='ocr_line' id='line_1_56' title="bbox 2150 3089 3512 3163; baseline -0.004 -17"><span class='ocrx_word' id='word_1_414' title='bbox 2150 3097 2191 3153; x_wconf 87' lang='lat' dir='ltr'><strong><em>C</em></strong></span> <span class='ocrx_word' id='word_1_415' title='bbox 2486 3154 2499 3163; x_wconf 36' lang='grc' dir='ltr'><em>ν</em></span> <span class='ocrx_word' id='word_1_416' title='bbox 2521 3091 2614 3143; x_wconf 81' lang='grc' dir='ltr'>Ἐκ</span> <span class='ocrx_word' id='word_1_417' title='bbox 2659 3089 2777 3143; x_wconf 81' lang='grc' dir='ltr'>τῶν</span> <span class='ocrx_word' id='word_1_418' title='bbox 2814 3090 3111 3162; x_wconf 76' lang='grc' dir='ltr'>Εὐλογίου</span> <span class='ocrx_word' id='word_1_419' title='bbox 3150 3089 3512 3162; x_wconf 88' lang='grc' dir='ltr'>Συνηγοριῶν.</span> 
     </span>
    </p>
   </div>
   <div class='ocr_carea' id='block_1_57' title="bbox 1783 3199 2554 3271">
    <p class='ocr_par' dir='ltr' id='par_1_57' title="bbox 1783 3199 2554 3271">
     <span class='ocr_line' id='line_1_57' title="bbox 1783 3199 2554 3271; baseline 0 -17"><span class='ocrx_word' id='word_1_420' title='bbox 1783 3200 1922 3271; x_wconf 81' lang='lat' dir='ltr'><strong>Ang.</strong></span> <span class='ocrx_word' id='word_1_421' title='bbox 1956 3200 2081 3265; x_wconf 76' lang='lat' dir='ltr'><strong>MAI,</strong></span> <span class='ocrx_word' id='word_1_422' title='bbox 2113 3201 2151 3254; x_wconf 94' lang='lat' dir='ltr'><strong>l.</strong></span> <span class='ocrx_word' id='word_1_423' title='bbox 2182 3215 2230 3254; x_wconf 93' lang='lat' dir='ltr'><strong>c.</strong></span> <span class='ocrx_word' id='word_1_424' title='bbox 2261 3214 2315 3269; x_wconf 92' lang='lat' dir='ltr'><strong>p.</strong></span> <span class='ocrx_word' id='word_1_425' title='bbox 2346 3200 2436 3263; x_wconf 79' lang='lat' dir='ltr'><strong>6i,</strong></span> <span class='ocrx_word' id='word_1_426' title='bbox 2467 3199 2554 3254; x_wconf 73' lang='grc'><strong>62.</strong></span> 
     </span>
    </p>
   </div>
   <div class='ocr_carea' id='block_1_58' title="bbox 624 3309 2199 3385">
    <p class='ocr_par' dir='ltr' id='par_1_58' title="bbox 624 3314 2122 3385">
     <span class='ocr_line' id='line_1_58' title="bbox 624 3314 2122 3385; baseline -0.007 -6"><span class='ocrx_word' id='word_1_427' title='bbox 624 3320 921 3379; x_wconf 89' lang='lat' dir='ltr'><strong>Sciendum</strong></span> <span class='ocrx_word' id='word_1_428' title='bbox 948 3320 1094 3373; x_wconf 88' lang='lat' dir='ltr'><strong>enim</strong></span> <span class='ocrx_word' id='word_1_429' title='bbox 1117 3325 1205 3372; x_wconf 90' lang='lat' dir='ltr'><strong>est</strong></span> <span class='ocrx_word' id='word_1_430' title='bbox 1249 3330 1370 3379; x_wconf 92' lang='lat' dir='ltr'><strong>nos,</strong></span> <span class='ocrx_word' id='word_1_431' title='bbox 1397 3314 1619 3385; x_wconf 85' lang='lat' dir='ltr'><strong>quando</strong></span> <span class='ocrx_word' id='word_1_432' title='bbox 1652 3315 2018 3384; x_wconf 88' lang='lat' dir='ltr'><strong>compositum</strong></span> <span class='ocrx_word' id='word_1_433' title='bbox 2044 3314 2122 3369; x_wconf 89' lang='lat' dir='ltr'><strong>di-</strong></span> 
     </span>
    </p>
   </div>
   <div class='ocr_carea' id='block_1_59' title="bbox 2172 3309 3747 3385">
    <p class='ocr_par' dir='ltr' id='par_1_59' title="bbox 2309 3309 3747 3381">
     <span class='ocr_line' id='line_1_59' title="bbox 2309 3309 3747 3381; baseline 0.001 -19"><span class='ocrx_word' id='word_1_434' title='bbox 2309 3309 2505 3364; x_wconf 74' lang='grc' dir='ltr'>Ἰστέον</span> <span class='ocrx_word' id='word_1_435' title='bbox 2547 3311 2655 3381; x_wconf 87' lang='grc' dir='ltr'>γὰρ</span> <span class='ocrx_word' id='word_1_436' title='bbox 2691 3311 2774 3363; x_wconf 87' lang='grc' dir='ltr'>ὃτι</span> <span class='ocrx_word' id='word_1_437' title='bbox 2813 3311 2934 3364; x_wconf 87' lang='grc' dir='ltr'>τότε</span> <span class='ocrx_word' id='word_1_438' title='bbox 2968 3312 3029 3364; x_wconf 82' lang='grc' dir='ltr'>τὸ</span> <span class='ocrx_word' id='word_1_439' title='bbox 3067 3311 3329 3366; x_wconf 88' lang='grc' dir='ltr'>σύνθετον</span> <span class='ocrx_word' id='word_1_440' title='bbox 3363 3311 3488 3381; x_wconf 82' lang='grc' dir='ltr'>μίαν</span> <span class='ocrx_word' id='word_1_441' title='bbox 3512 3310 3747 3371; x_wconf 82' lang='grc' dir='ltr'>άπολύτως</span> 
     </span>
    </p>
   </div>
   <div class='ocr_carea' id='block_1_60' title="bbox 554 3400 2129 3475">
    <p class='ocr_par' dir='ltr' id='par_1_60' title="bbox 554 3403 2121 3473">
     <span class='ocr_line' id='line_1_60' title="bbox 554 3403 2121 3473; baseline -0.015 -5"><span class='ocrx_word' id='word_1_442' title='bbox 554 3414 736 3467; x_wconf 86' lang='lat' dir='ltr'><strong>cimus</strong></span> <span class='ocrx_word' id='word_1_443' title='bbox 764 3424 929 3465; x_wconf 90' lang='lat' dir='ltr'><strong>unam</strong></span> <span class='ocrx_word' id='word_1_444' title='bbox 960 3406 1211 3462; x_wconf 83' lang='lat' dir='ltr'><strong>absolute</strong></span> <span class='ocrx_word' id='word_1_445' title='bbox 1239 3413 1515 3467; x_wconf 87' lang='lat' dir='ltr'><strong>naturam,</strong></span> <span class='ocrx_word' id='word_1_446' title='bbox 1546 3403 1772 3457; x_wconf 88' lang='lat' dir='ltr'><strong>minime</strong></span> <span class='ocrx_word' id='word_1_447' title='bbox 1796 3417 1958 3472; x_wconf 83' lang='lat' dir='ltr'><strong>posse</strong></span> <span class='ocrx_word' id='word_1_448' title='bbox 1990 3417 2121 3473; x_wconf 74' lang='lat' dir='ltr'><strong>pro.</strong></span> 
     </span>
    </p>
   </div>
   <div class='ocr_carea' id='block_1_61' title="bbox 2172 3400 3747 3475">
    <p class='ocr_par' dir='ltr' id='par_1_61' title="bbox 2220 3400 3747 3475">
     <span class='ocr_line' id='line_1_61' title="bbox 2220 3400 3747 3475; baseline 0.001 -21"><span class='ocrx_word' id='word_1_449' title='bbox 2220 3402 2450 3471; x_wconf 83' lang='grc' dir='ltr'>λέγομεν</span> <span class='ocrx_word' id='word_1_450' title='bbox 2502 3402 2695 3471; x_wconf 88' lang='grc' dir='ltr'>φύσιν,</span> <span class='ocrx_word' id='word_1_451' title='bbox 2744 3404 2833 3455; x_wconf 87' lang='grc' dir='ltr'>ὅτε</span> <span class='ocrx_word' id='word_1_452' title='bbox 2885 3403 3085 3473; x_wconf 78' lang='grc' dir='ltr'>μηκέτι</span> <span class='ocrx_word' id='word_1_453' title='bbox 3133 3404 3413 3475; x_wconf 86' lang='grc' dir='ltr'>δυνάμεθα</span> <span class='ocrx_word' id='word_1_454' title='bbox 3458 3404 3640 3474; x_wconf 84' lang='grc' dir='ltr'>κυρίως</span> <span class='ocrx_word' id='word_1_455' title='bbox 3679 3400 3747 3455; x_wconf 74' lang='grc' dir='ltr'><strong>ἐπ’</strong></span> 
     </span>
    </p>
   </div>
   <div class='ocr_carea' id='block_1_62' title="bbox 556 3491 2131 3575">
    <p class='ocr_par' dir='ltr' id='par_1_62' title="bbox 556 3493 2123 3575">
     <span class='ocr_line' id='line_1_62' title="bbox 556 3493 2123 3575; baseline -0.006 -19"><span class='ocrx_word' id='word_1_456' title='bbox 556 3504 677 3575; x_wconf 84' lang='lat' dir='ltr'><strong>prie</strong></span> <span class='ocrx_word' id='word_1_457' title='bbox 703 3502 756 3556; x_wconf 90' lang='lat' dir='ltr'><strong>in</strong></span> <span class='ocrx_word' id='word_1_458' title='bbox 781 3501 888 3555; x_wconf 89' lang='lat' dir='ltr'><strong>hoc</strong></span> <span class='ocrx_word' id='word_1_459' title='bbox 924 3496 1258 3567; x_wconf 89' lang='lat' dir='ltr'><strong>simplicium</strong></span> <span class='ocrx_word' id='word_1_460' title='bbox 1284 3493 1546 3549; x_wconf 88' lang='lat' dir='ltr'><strong>adhibere</strong></span> <span class='ocrx_word' id='word_1_461' title='bbox 1577 3494 1801 3548; x_wconf 87' lang='lat' dir='ltr'><strong>nomina</strong></span> <span class='ocrx_word' id='word_1_462' title='bbox 1826 3512 1839 3547; x_wconf 89' lang='lat'><strong>:</strong></span> <span class='ocrx_word' id='word_1_463' title='bbox 1887 3494 2123 3563; x_wconf 82' lang='lat' dir='ltr'><strong>exempli</strong></span> 
     </span>
    </p>
   </div>
   <div class='ocr_carea' id='block_1_63' title="bbox 2171 3491 3746 3575">
    <p class='ocr_par' dir='ltr' id='par_1_63' title="bbox 2222 3491 3746 3566">
     <span class='ocr_line' id='line_1_63' title="bbox 2222 3491 3746 3566; baseline 0 -20"><span class='ocrx_word' id='word_1_464' title='bbox 2222 3494 2386 3547; x_wconf 84' lang='grc' dir='ltr'>αὐτοῦ</span> <span class='ocrx_word' id='word_1_465' title='bbox 2426 3493 2498 3546; x_wconf 84' lang='grc' dir='ltr'>τὰ</span> <span class='ocrx_word' id='word_1_466' title='bbox 2536 3494 2645 3546; x_wconf 88' lang='grc' dir='ltr'><strong>τῶν</strong></span> <span class='ocrx_word' id='word_1_467' title='bbox 2677 3494 2864 3548; x_wconf 85' lang='grc' dir='ltr'>ἁπλῶν</span> <span class='ocrx_word' id='word_1_468' title='bbox 2893 3494 3076 3562; x_wconf 80' lang='grc' dir='ltr'>λέγειν</span> <span class='ocrx_word' id='word_1_469' title='bbox 3113 3494 3379 3566; x_wconf 71' lang='grc' dir='ltr'>ὀνόματασ</span> <span class='ocrx_word' id='word_1_470' title='bbox 3414 3491 3520 3547; x_wconf 79' lang='grc' dir='ltr'>οἶόν</span> <span class='ocrx_word' id='word_1_471' title='bbox 3544 3511 3590 3546; x_wconf 87' lang='grc' dir='ltr'><strong>τι</strong></span> <span class='ocrx_word' id='word_1_472' title='bbox 3616 3493 3746 3562; x_wconf 81' lang='grc' dir='ltr'>λέγω·</span> 
     </span>
    </p>
   </div>
   <div class='ocr_carea' id='block_1_64' title="bbox 557 3583 2132 3663">
    <p class='ocr_par' dir='ltr' id='par_1_64' title="bbox 557 3583 2124 3663">
     <span class='ocr_line' id='line_1_64' title="bbox 557 3583 2124 3663; baseline -0.008 -15"><span class='ocrx_word' id='word_1_473' title='bbox 557 3593 753 3663; x_wconf 88' lang='lat' dir='ltr'><strong>gratia,</strong></span> <span class='ocrx_word' id='word_1_474' title='bbox 803 3604 1004 3659; x_wconf 90' lang='lat' dir='ltr'><strong>corpus</strong></span> <span class='ocrx_word' id='word_1_475' title='bbox 1034 3603 1066 3642; x_wconf 89' lang='lat' dir='ltr'><strong>e</strong></span> <span class='ocrx_word' id='word_1_476' title='bbox 1100 3593 1338 3656; x_wconf 87' lang='lat' dir='ltr'><strong>quatuor</strong></span> <span class='ocrx_word' id='word_1_477' title='bbox 1381 3583 1668 3639; x_wconf 89' lang='lat' dir='ltr'><strong>elementis</strong></span> <span class='ocrx_word' id='word_1_478' title='bbox 1718 3591 1998 3647; x_wconf 87' lang='lat' dir='ltr'><strong>constans,</strong></span> <span class='ocrx_word' id='word_1_479' title='bbox 2056 3597 2124 3637; x_wconf 81' lang='lat' dir='ltr'><strong>ex</strong></span> 
     </span>
    </p>
   </div>
   <div class='ocr_carea' id='block_1_65' title="bbox 2171 3583 3746 3663">
    <p class='ocr_par' dir='ltr' id='par_1_65' title="bbox 2223 3583 3746 3655">
     <span class='ocr_line' id='line_1_65' title="bbox 2223 3583 3746 3655; baseline -0.001 -19"><span class='ocrx_word' id='word_1_480' title='bbox 2223 3586 2295 3636; x_wconf 84' lang='grc' dir='ltr'><strong>Τὸ</strong></span> <span class='ocrx_word' id='word_1_481' title='bbox 2344 3585 2409 3637; x_wconf 81' lang='grc' dir='ltr'>ὲκ</span> <span class='ocrx_word' id='word_1_482' title='bbox 2457 3585 2741 3653; x_wconf 83' lang='grc' dir='ltr'>τεσσάρων</span> <span class='ocrx_word' id='word_1_483' title='bbox 2787 3585 3067 3655; x_wconf 83' lang='grc' dir='ltr'>στοιχείων</span> <span class='ocrx_word' id='word_1_484' title='bbox 3117 3585 3281 3655; x_wconf 86' lang='grc' dir='ltr'>σῶμα</span> <span class='ocrx_word' id='word_1_485' title='bbox 3337 3585 3680 3654; x_wconf 77' lang='grc' dir='ltr'>συγκείμενον,</span> <span class='ocrx_word' id='word_1_486' title='bbox 3703 3583 3746 3649; x_wconf 77' lang='grc' dir='ltr'><strong>ἐξ</strong></span> 
     </span>
    </p>
   </div>
   <div class='ocr_carea' id='block_1_66' title="bbox 556 3672 2131 3755">
    <p class='ocr_par' dir='ltr' id='par_1_66' title="bbox 556 3676 2120 3755">
     <span class='ocr_line' id='line_1_66' title="bbox 556 3676 2120 3755; baseline -0.008 -16"><span class='ocrx_word' id='word_1_487' title='bbox 556 3700 698 3755; x_wconf 86' lang='lat' dir='ltr'><strong>aqua</strong></span> <span class='ocrx_word' id='word_1_488' title='bbox 714 3682 967 3744; x_wconf 89' lang='lat' dir='ltr'><strong>dicimus,</strong></span> <span class='ocrx_word' id='word_1_489' title='bbox 991 3690 1160 3740; x_wconf 84' lang='lat' dir='ltr'><strong>terra.</strong></span> <span class='ocrx_word' id='word_1_490' title='bbox 1181 3692 1311 3732; x_wconf 87' lang='lat' dir='ltr'><strong>aere</strong></span> <span class='ocrx_word' id='word_1_491' title='bbox 1336 3684 1393 3731; x_wconf 90' lang='lat' dir='ltr'><strong>et</strong></span> <span class='ocrx_word' id='word_1_492' title='bbox 1414 3676 1567 3745; x_wconf 89' lang='lat' dir='ltr'><strong>igne;</strong></span> <span class='ocrx_word' id='word_1_493' title='bbox 1590 3688 1786 3743; x_wconf 87' lang='lat' dir='ltr'><strong>aquam</strong></span> <span class='ocrx_word' id='word_1_494' title='bbox 1814 3684 1872 3729; x_wconf 89' lang='lat' dir='ltr'><strong>et</strong></span> <span class='ocrx_word' id='word_1_495' title='bbox 1898 3683 2120 3738; x_wconf 84' lang='lat' dir='ltr'><strong>terram,</strong></span> 
     </span>
    </p>
   </div>
   <div class='ocr_carea' id='block_1_67' title="bbox 2171 3672 3746 3755">
    <p class='ocr_par' dir='ltr' id='par_1_67' title="bbox 2224 3672 3746 3745">
     <span class='ocr_line' id='line_1_67' title="bbox 2224 3672 3746 3745; baseline 0 -20"><span class='ocrx_word' id='word_1_496' title='bbox 2224 3674 2436 3739; x_wconf 74' lang='grc' dir='ltr'>ὓδατος,</span> <span class='ocrx_word' id='word_1_497' title='bbox 2457 3674 2690 3744; x_wconf 72' lang='grc' dir='ltr'>ἔφαμεν,</span> <span class='ocrx_word' id='word_1_498' title='bbox 2720 3675 2812 3729; x_wconf 78' lang='grc' dir='ltr'>καὶ</span> <span class='ocrx_word' id='word_1_499' title='bbox 2849 3675 2955 3744; x_wconf 79' lang='grc' dir='ltr'>γῆς</span> <span class='ocrx_word' id='word_1_500' title='bbox 2994 3676 3154 3743; x_wconf 83' lang='grc' dir='ltr'>ἀέρος</span> <span class='ocrx_word' id='word_1_501' title='bbox 3179 3692 3238 3728; x_wconf 84' lang='grc' dir='ltr'><strong>τε</strong></span> <span class='ocrx_word' id='word_1_502' title='bbox 3288 3679 3384 3730; x_wconf 76' lang='grc' dir='ltr'>καὶ</span> <span class='ocrx_word' id='word_1_503' title='bbox 3415 3677 3590 3745; x_wconf 80' lang='grc' dir='ltr'>πυρὸς,</span> <span class='ocrx_word' id='word_1_504' title='bbox 3634 3672 3746 3741; x_wconf 82' lang='grc' dir='ltr'>ὕδωρ</span> 
     </span>
    </p>
   </div>
   <div class='ocr_carea' id='block_1_68' title="bbox 559 3763 2134 3841">
    <p class='ocr_par' dir='ltr' id='par_1_68' title="bbox 559 3763 2122 3841">
     <span class='ocr_line' id='line_1_68' title="bbox 559 3763 2122 3841; baseline -0.008 -12"><span class='ocrx_word' id='word_1_505' title='bbox 559 3788 747 3830; x_wconf 88' lang='lat' dir='ltr'><strong>aerem</strong></span> <span class='ocrx_word' id='word_1_506' title='bbox 792 3780 848 3827; x_wconf 90' lang='lat' dir='ltr'><strong>et</strong></span> <span class='ocrx_word' id='word_1_507' title='bbox 898 3771 1079 3841; x_wconf 88' lang='lat' dir='ltr'><strong>ignem</strong></span> <span class='ocrx_word' id='word_1_508' title='bbox 1124 3767 1344 3838; x_wconf 85' lang='lat' dir='ltr'><strong>proprie</strong></span> <span class='ocrx_word' id='word_1_509' title='bbox 1392 3781 1506 3820; x_wconf 92' lang='lat' dir='ltr'><strong>non</strong></span> <span class='ocrx_word' id='word_1_510' title='bbox 1548 3779 1841 3835; x_wconf 90' lang='lat' dir='ltr'><strong>possumus</strong></span> <span class='ocrx_word' id='word_1_511' title='bbox 1889 3763 2073 3819; x_wconf 88' lang='lat' dir='ltr'><strong>dicere</strong></span> <span class='ocrx_word' id='word_1_512' title='bbox 2106 3803 2122 3825; x_wconf 92' lang='lat'><strong>,</strong></span> 
     </span>
    </p>
   </div>
   <div class='ocr_carea' id='block_1_69' title="bbox 2169 3763 3744 3841">
    <p class='ocr_par' dir='ltr' id='par_1_69' title="bbox 2224 3765 3744 3837">
     <span class='ocr_line' id='line_1_69' title="bbox 2224 3765 3744 3837; baseline 0.005 -20"><span class='ocrx_word' id='word_1_513' title='bbox 2224 3765 2314 3817; x_wconf 71' lang='grc' dir='ltr'><strong>καὶ</strong></span> <span class='ocrx_word' id='word_1_514' title='bbox 2346 3766 2451 3834; x_wconf 84' lang='grc' dir='ltr'><strong>γῆν</strong></span> <span class='ocrx_word' id='word_1_515' title='bbox 2487 3766 2625 3835; x_wconf 82' lang='grc' dir='ltr'>ἀέρα</span> <span class='ocrx_word' id='word_1_516' title='bbox 2661 3783 2722 3817; x_wconf 82' lang='grc' dir='ltr'><strong>τε</strong></span> <span class='ocrx_word' id='word_1_517' title='bbox 2762 3766 2858 3818; x_wconf 82' lang='grc' dir='ltr'>καὶ</span> <span class='ocrx_word' id='word_1_518' title='bbox 2894 3766 3007 3836; x_wconf 78' lang='grc' dir='ltr'>πῦρ</span> <span class='ocrx_word' id='word_1_519' title='bbox 3036 3767 3137 3819; x_wconf 91' lang='grc' dir='ltr'><strong>οὐκ</strong></span> <span class='ocrx_word' id='word_1_520' title='bbox 3182 3768 3249 3820; x_wconf 79' lang='grc' dir='ltr'><strong>ἂν</strong></span> <span class='ocrx_word' id='word_1_521' title='bbox 3288 3768 3530 3837; x_wconf 74' lang='grc' dir='ltr'>εἴποιμεν</span> <span class='ocrx_word' id='word_1_522' title='bbox 3562 3765 3744 3834; x_wconf 78' lang='grc' dir='ltr'>κυρίως.</span> 
     </span>
    </p>
   </div>
   <div class='ocr_carea' id='block_1_70' title="bbox 560 3852 2135 3929">
    <p class='ocr_par' dir='ltr' id='par_1_70' title="bbox 560 3858 2125 3928">
     <span class='ocr_line' id='line_1_70' title="bbox 560 3858 2125 3928; baseline -0.008 -7"><span class='ocrx_word' id='word_1_523' title='bbox 560 3876 617 3921; x_wconf 88' lang='lat' dir='ltr'><strong>et</strong></span> <span class='ocrx_word' id='word_1_524' title='bbox 673 3864 797 3919; x_wconf 88' lang='lat' dir='ltr'><strong>ideo</strong></span> <span class='ocrx_word' id='word_1_525' title='bbox 846 3876 1010 3917; x_wconf 86' lang='lat' dir='ltr'><strong>unam</strong></span> <span class='ocrx_word' id='word_1_526' title='bbox 1047 3858 1335 3928; x_wconf 88' lang='lat' dir='ltr'><strong>corporis,</strong></span> <span class='ocrx_word' id='word_1_527' title='bbox 1395 3868 1648 3911; x_wconf 87' lang='lat' dir='ltr'><strong>naturam</strong></span> <span class='ocrx_word' id='word_1_528' title='bbox 1707 3870 2003 3920; x_wconf 85' lang='lat' dir='ltr'><strong>vocamus,</strong></span> <span class='ocrx_word' id='word_1_529' title='bbox 2056 3870 2125 3908; x_wconf 91' lang='lat' dir='ltr'><strong>eo</strong></span> 
     </span>
    </p>
   </div>
   <div class='ocr_carea' id='block_1_71' title="bbox 2171 3852 3746 3929">
    <p class='ocr_par' dir='ltr' id='par_1_71' title="bbox 2223 3852 3746 3929">
     <span class='ocr_line' id='line_1_71' title="bbox 2223 3852 3746 3929; baseline 0.003 -20"><span class='ocrx_word' id='word_1_530' title='bbox 2223 3856 2318 3909; x_wconf 86' lang='grc' dir='ltr'>καὶ</span> <span class='ocrx_word' id='word_1_531' title='bbox 2342 3855 2429 3908; x_wconf 82' lang='grc' dir='ltr'><strong>διὰ</strong></span> <span class='ocrx_word' id='word_1_532' title='bbox 2454 3856 2610 3908; x_wconf 86' lang='grc' dir='ltr'>τοῦτο</span> <span class='ocrx_word' id='word_1_533' title='bbox 2642 3857 2770 3925; x_wconf 90' lang='grc' dir='ltr'>μίαν</span> <span class='ocrx_word' id='word_1_534' title='bbox 2796 3857 3052 3927; x_wconf 82' lang='grc' dir='ltr'>σώματος</span> <span class='ocrx_word' id='word_1_535' title='bbox 3075 3858 3236 3927; x_wconf 88' lang='grc' dir='ltr'>φύσιν</span> <span class='ocrx_word' id='word_1_536' title='bbox 3268 3856 3669 3929; x_wconf 77' lang='grc' dir='ltr'>ἐπονομάζομεν,</span> <span class='ocrx_word' id='word_1_537' title='bbox 3688 3852 3746 3914; x_wconf 77' lang='grc' dir='ltr'><strong>ὡς</strong></span> 
     </span>
    </p>
   </div>
   <div class='ocr_carea' id='block_1_72' title="bbox 556 3946 2131 4023">
    <p class='ocr_par' dir='ltr' id='par_1_72' title="bbox 556 3946 2125 4023">
     <span class='ocr_line' id='line_1_72' title="bbox 556 3946 2125 4023; baseline -0.006 -14"><span class='ocrx_word' id='word_1_538' title='bbox 556 3953 706 4023; x_wconf 88' lang='lat' dir='ltr'><strong>quod</strong></span> <span class='ocrx_word' id='word_1_539' title='bbox 733 3951 881 4007; x_wconf 90' lang='lat' dir='ltr'><strong>istud</strong></span> <span class='ocrx_word' id='word_1_540' title='bbox 904 3950 1126 4021; x_wconf 86' lang='lat' dir='ltr'><strong>proprie</strong></span> <span class='ocrx_word' id='word_1_541' title='bbox 1145 3948 1478 4018; x_wconf 91' lang='lat' dir='ltr'><strong>simplicium</strong></span> <span class='ocrx_word' id='word_1_542' title='bbox 1507 3947 1824 4002; x_wconf 88' lang='lat' dir='ltr'><strong>nominibus</strong></span> <span class='ocrx_word' id='word_1_543' title='bbox 1838 3946 2125 4016; x_wconf 89' lang='lat' dir='ltr'><strong>designare</strong></span> 
     </span>
    </p>
   </div>
   <div class='ocr_carea' id='block_1_73' title="bbox 2168 3946 3743 4023">
    <p class='ocr_par' dir='ltr' id='par_1_73' title="bbox 2227 3946 3743 4019">
     <span class='ocr_line' id='line_1_73' title="bbox 2227 3946 3743 4019; baseline -0.004 -18"><span class='ocrx_word' id='word_1_544' title='bbox 2227 3947 2423 4015; x_wconf 73' lang='grc' dir='ltr'>μηκέτι</span> <span class='ocrx_word' id='word_1_545' title='bbox 2454 3946 2587 3999; x_wconf 81' lang='grc' dir='ltr'>αὐτὸ</span> <span class='ocrx_word' id='word_1_546' title='bbox 2610 3948 2813 4017; x_wconf 86' lang='grc' dir='ltr'>κυρίως</span> <span class='ocrx_word' id='word_1_547' title='bbox 2846 3952 2964 4012; x_wconf 86' lang='grc' dir='ltr'>τοῖς</span> <span class='ocrx_word' id='word_1_548' title='bbox 2986 3950 3212 4019; x_wconf 86' lang='grc' dir='ltr'>ὀνόμασι</span> <span class='ocrx_word' id='word_1_549' title='bbox 3242 3952 3357 4004; x_wconf 81' lang='grc' dir='ltr'><strong>τῶν</strong></span> <span class='ocrx_word' id='word_1_550' title='bbox 3389 3949 3563 4004; x_wconf 82' lang='grc' dir='ltr'>ἁπλῶν</span> <span class='ocrx_word' id='word_1_551' title='bbox 3594 3949 3743 3999; x_wconf 78' lang='grc' dir='ltr'>ἐπονο·</span> 
     </span>
    </p>
   </div>
   <div class='ocr_carea' id='block_1_74' title="bbox 557 4033 2132 4112">
    <p class='ocr_par' dir='ltr' id='par_1_74' title="bbox 557 4039 2122 4112">
     <span class='ocr_line' id='line_1_74' title="bbox 557 4039 2122 4112; baseline -0.006 -10"><span class='ocrx_word' id='word_1_552' title='bbox 557 4062 669 4102; x_wconf 90' lang='lat' dir='ltr'><strong>non</strong></span> <span class='ocrx_word' id='word_1_553' title='bbox 721 4046 985 4099; x_wconf 80' lang='lat' dir='ltr'><strong>valemus.</strong></span> <span class='ocrx_word' id='word_1_554' title='bbox 1039 4043 1199 4106; x_wconf 88' lang='lat' dir='ltr'><strong>Item,</strong></span> <span class='ocrx_word' id='word_1_555' title='bbox 1224 4058 1256 4098; x_wconf 91' lang='lat' dir='ltr'><strong>e</strong></span> <span class='ocrx_word' id='word_1_556' title='bbox 1297 4042 1571 4112; x_wconf 87' lang='lat' dir='ltr'><strong>lapidibus</strong></span> <span class='ocrx_word' id='word_1_557' title='bbox 1611 4050 1668 4095; x_wconf 89' lang='lat' dir='ltr'><strong>et</strong></span> <span class='ocrx_word' id='word_1_558' title='bbox 1705 4040 1867 4109; x_wconf 83' lang='lat' dir='ltr'><strong>lignis</strong></span> <span class='ocrx_word' id='word_1_559' title='bbox 1899 4039 2122 4093; x_wconf 91' lang='lat' dir='ltr'><strong>domum</strong></span> 
     </span>
    </p>
   </div>
   <div class='ocr_carea' id='block_1_75' title="bbox 2168 4033 3743 4112">
    <p class='ocr_par' dir='ltr' id='par_1_75' title="bbox 2228 4033 3743 4107">
     <span class='ocr_line' id='line_1_75' title="bbox 2228 4033 3743 4107; baseline -0.004 -17"><span class='ocrx_word' id='word_1_560' title='bbox 2228 4038 2419 4107; x_wconf 78' lang='grc' dir='ltr'>μάζειν</span> <span class='ocrx_word' id='word_1_561' title='bbox 2452 4038 2744 4107; x_wconf 78' lang='grc' dir='ltr'>ἰσχύοντες·</span> <span class='ocrx_word' id='word_1_562' title='bbox 2778 4040 2875 4092; x_wconf 69' lang='grc' dir='ltr'><strong>κα)⁸</strong></span> <span class='ocrx_word' id='word_1_563' title='bbox 2904 4041 3067 4094; x_wconf 86' lang='grc' dir='ltr'>πάλιν</span> <span class='ocrx_word' id='word_1_564' title='bbox 3093 4043 3158 4095; x_wconf 82' lang='grc' dir='ltr'>ὲκ</span> <span class='ocrx_word' id='word_1_565' title='bbox 3186 4041 3353 4096; x_wconf 85' lang='grc' dir='ltr'>λίθων</span> <span class='ocrx_word' id='word_1_566' title='bbox 3384 4042 3474 4094; x_wconf 78' lang='grc' dir='ltr'>καὶ</span> <span class='ocrx_word' id='word_1_567' title='bbox 3500 4038 3650 4103; x_wconf 79' lang='grc' dir='ltr'>ξύλων</span> <span class='ocrx_word' id='word_1_568' title='bbox 3670 4033 3743 4103; x_wconf 80' lang='grc' dir='ltr'><strong>τὴν</strong></span> 
     </span>
    </p>
   </div>
   <div class='ocr_carea' id='block_1_76' title="bbox 559 4126 2134 4201">
    <p class='ocr_par' dir='ltr' id='par_1_76' title="bbox 559 4126 2125 4199">
     <span class='ocr_line' id='line_1_76' title="bbox 559 4126 2125 4199; baseline -0.004 -11"><span class='ocrx_word' id='word_1_569' title='bbox 559 4134 815 4197; x_wconf 89' lang='lat' dir='ltr'><strong>dicimus,</strong></span> <span class='ocrx_word' id='word_1_570' title='bbox 844 4132 992 4185; x_wconf 88' lang='lat' dir='ltr'><strong>illam</strong></span> <span class='ocrx_word' id='word_1_571' title='bbox 1036 4140 1219 4185; x_wconf 89' lang='lat' dir='ltr'><strong>autem</strong></span> <span class='ocrx_word' id='word_1_572' title='bbox 1254 4145 1356 4184; x_wconf 92' lang='lat' dir='ltr'><strong>nec</strong></span> <span class='ocrx_word' id='word_1_573' title='bbox 1395 4130 1539 4199; x_wconf 83' lang='lat' dir='ltr'><strong>ligna</strong></span> <span class='ocrx_word' id='word_1_574' title='bbox 1577 4142 1679 4182; x_wconf 89' lang='lat' dir='ltr'><strong>nec</strong></span> <span class='ocrx_word' id='word_1_575' title='bbox 1703 4126 1913 4196; x_wconf 87' lang='lat' dir='ltr'><strong>lapides</strong></span> <span class='ocrx_word' id='word_1_576' title='bbox 1937 4127 2125 4182; x_wconf 90' lang='lat' dir='ltr'><strong>nullus</strong></span> 
     </span>
    </p>
   </div>
   <div class='ocr_carea' id='block_1_77' title="bbox 2167 4126 3742 4201">
    <p class='ocr_par' dir='ltr' id='par_1_77' title="bbox 2222 4128 3742 4201">
     <span class='ocr_line' id='line_1_77' title="bbox 2222 4128 3742 4201; baseline -0.002 -22"><span class='ocrx_word' id='word_1_577' title='bbox 2222 4128 2400 4182; x_wconf 77' lang='grc' dir='ltr'>οὶκίαν</span> <span class='ocrx_word' id='word_1_578' title='bbox 2431 4130 2632 4199; x_wconf 82' lang='grc' dir='ltr'>φαμὲν,</span> <span class='ocrx_word' id='word_1_579' title='bbox 2676 4130 2809 4194; x_wconf 80' lang='grc' dir='ltr'>ξύλα</span> <span class='ocrx_word' id='word_1_580' title='bbox 2844 4131 2903 4183; x_wconf 82' lang='grc' dir='ltr'>δὲ</span> <span class='ocrx_word' id='word_1_581' title='bbox 2939 4132 3111 4201; x_wconf 84' lang='grc' dir='ltr'>αὐτὴν</span> <span class='ocrx_word' id='word_1_582' title='bbox 3139 4135 3234 4186; x_wconf 73' lang='grc' dir='ltr'>καὶ</span> <span class='ocrx_word' id='word_1_583' title='bbox 3264 4132 3447 4194; x_wconf 83' lang='grc' dir='ltr'>λίθους</span> <span class='ocrx_word' id='word_1_584' title='bbox 3481 4130 3572 4183; x_wconf 71' lang='grc' dir='ltr'><strong>οὐκ</strong></span> <span class='ocrx_word' id='word_1_585' title='bbox 3599 4128 3653 4181; x_wconf 75' lang='grc' dir='ltr'>ἄν</span> <span class='ocrx_word' id='word_1_586' title='bbox 3678 4142 3742 4187; x_wconf 88' lang='grc' dir='ltr'><strong>τις</strong></span> 
     </span>
    </p>
   </div>
   <div class='ocr_carea' id='block_1_78' title="bbox 558 4212 2133 4293">
    <p class='ocr_par' dir='ltr' id='par_1_78' title="bbox 558 4212 2119 4289">
     <span class='ocr_line' id='line_1_78' title="bbox 558 4212 2119 4289; baseline -0.005 -16"><span class='ocrx_word' id='word_1_587' title='bbox 558 4226 747 4289; x_wconf 89' lang='lat' dir='ltr'><strong>posset</strong></span> <span class='ocrx_word' id='word_1_588' title='bbox 809 4216 1117 4279; x_wconf 86' lang='lat' dir='ltr'><strong>nominare,</strong></span> <span class='ocrx_word' id='word_1_589' title='bbox 1169 4215 1216 4269; x_wconf 90' lang='lat' dir='ltr'><strong>si</strong></span> <span class='ocrx_word' id='word_1_590' title='bbox 1271 4214 1510 4284; x_wconf 88' lang='lat' dir='ltr'><strong>propriis</strong></span> <span class='ocrx_word' id='word_1_591' title='bbox 1548 4212 1776 4267; x_wconf 81' lang='lat' dir='ltr'><strong>vocibus</strong></span> <span class='ocrx_word' id='word_1_592' title='bbox 1809 4213 1888 4267; x_wconf 91' lang='lat' dir='ltr'><strong>uti</strong></span> <span class='ocrx_word' id='word_1_593' title='bbox 1936 4214 2119 4267; x_wconf 77' lang='lat' dir='ltr'><strong>vellet.</strong></span> 
     </span>
    </p>
   </div>
   <div class='ocr_carea' id='block_1_79' title="bbox 2166 4212 3741 4293">
    <p class='ocr_par' dir='ltr' id='par_1_79' title="bbox 2224 4215 3741 4293">
     <span class='ocr_line' id='line_1_79' title="bbox 2224 4215 3741 4293; baseline -0.003 -20"><span class='ocrx_word' id='word_1_594' title='bbox 2224 4220 2476 4285; x_wconf 83' lang='grc' dir='ltr'>καλέσοι,</span> <span class='ocrx_word' id='word_1_595' title='bbox 2510 4221 2725 4291; x_wconf 89' lang='grc' dir='ltr'>κυρίαις</span> <span class='ocrx_word' id='word_1_596' title='bbox 2753 4222 2935 4288; x_wconf 77' lang='grc' dir='ltr'>λέξεσι</span> <span class='ocrx_word' id='word_1_597' title='bbox 2972 4223 3207 4293; x_wconf 83' lang='grc' dir='ltr'>χρῆσθαι</span> <span class='ocrx_word' id='word_1_598' title='bbox 3245 4223 3587 4293; x_wconf 70' lang='grc' dir='ltr'>βουλόμενος*</span> <span class='ocrx_word' id='word_1_599' title='bbox 3616 4215 3741 4269; x_wconf 83' lang='grc' dir='ltr'>πάλιν</span> 
     </span>
    </p>
   </div>
   <div class='ocr_carea' id='block_1_80' title="bbox 558 4301 2133 4384">
    <p class='ocr_par' dir='ltr' id='par_1_80' title="bbox 558 4301 2119 4372">
     <span class='ocr_line' id='line_1_80' title="bbox 558 4301 2119 4372; baseline -0.006 -9"><span class='ocrx_word' id='word_1_600' title='bbox 558 4310 694 4363; x_wconf 90' lang='lat' dir='ltr'><strong>ltem</strong></span> <span class='ocrx_word' id='word_1_601' title='bbox 719 4306 996 4362; x_wconf 91' lang='lat' dir='ltr'><strong>hominem</strong></span> <span class='ocrx_word' id='word_1_602' title='bbox 1022 4304 1204 4360; x_wconf 88' lang='lat' dir='ltr'><strong>anima</strong></span> <span class='ocrx_word' id='word_1_603' title='bbox 1225 4313 1283 4357; x_wconf 88' lang='lat' dir='ltr'><strong>et</strong></span> <span class='ocrx_word' id='word_1_604' title='bbox 1321 4316 1554 4372; x_wconf 88' lang='lat' dir='ltr'><strong>corpore</strong></span> <span class='ocrx_word' id='word_1_605' title='bbox 1580 4311 1834 4355; x_wconf 89' lang='lat' dir='ltr'><strong>constare</strong></span> <span class='ocrx_word' id='word_1_606' title='bbox 1862 4301 2119 4368; x_wconf 91' lang='lat' dir='ltr'><strong>dicimus,</strong></span> 
     </span>
    </p>
   </div>
   <div class='ocr_carea' id='block_1_81' title="bbox 2164 4301 3739 4384">
    <p class='ocr_par' dir='ltr' id='par_1_81' title="bbox 2224 4307 3739 4384">
     <span class='ocr_line' id='line_1_81' title="bbox 2224 4307 3739 4384; baseline 0.001 -22"><span class='ocrx_word' id='word_1_607' title='bbox 2224 4312 2313 4362; x_wconf 77' lang='grc' dir='ltr'>τὸν</span> <span class='ocrx_word' id='word_1_608' title='bbox 2341 4311 2624 4379; x_wconf 81' lang='grc' dir='ltr'>ἄνθρωπον</span> <span class='ocrx_word' id='word_1_609' title='bbox 2664 4315 2728 4366; x_wconf 83' lang='grc' dir='ltr'>ὲκ</span> <span class='ocrx_word' id='word_1_610' title='bbox 2773 4313 2949 4382; x_wconf 82' lang='grc' dir='ltr'>ψυχῆς</span> <span class='ocrx_word' id='word_1_611' title='bbox 2997 4315 3091 4367; x_wconf 77' lang='grc' dir='ltr'><strong>καὶ</strong></span> <span class='ocrx_word' id='word_1_612' title='bbox 3139 4314 3392 4384; x_wconf 85' lang='grc' dir='ltr'>σώματος</span> <span class='ocrx_word' id='word_1_613' title='bbox 3428 4307 3556 4364; x_wconf 84' lang='grc' dir='ltr'>εἷναί</span> <span class='ocrx_word' id='word_1_614' title='bbox 3581 4320 3739 4374; x_wconf 66' lang='grc' dir='ltr'>φαμεν,</span> 
     </span>
    </p>
   </div>
   <div class='ocr_carea' id='block_1_82' title="bbox 559 4389 2134 4474">
    <p class='ocr_par' dir='ltr' id='par_1_82' title="bbox 559 4389 2122 4461">
     <span class='ocr_line' id='line_1_82' title="bbox 559 4389 2122 4461; baseline -0.003 -14"><span class='ocrx_word' id='word_1_615' title='bbox 559 4409 670 4447; x_wconf 94' lang='lat' dir='ltr'><strong>non</strong></span> <span class='ocrx_word' id='word_1_616' title='bbox 704 4401 888 4447; x_wconf 90' lang='lat' dir='ltr'><strong>autem</strong></span> <span class='ocrx_word' id='word_1_617' title='bbox 922 4391 1144 4461; x_wconf 89' lang='lat' dir='ltr'><strong>proprie</strong></span> <span class='ocrx_word' id='word_1_618' title='bbox 1167 4404 1289 4443; x_wconf 89' lang='lat' dir='ltr'><strong>esse</strong></span> <span class='ocrx_word' id='word_1_619' title='bbox 1311 4389 1549 4442; x_wconf 84' lang='lat' dir='ltr'><strong>animam</strong></span> <span class='ocrx_word' id='word_1_620' title='bbox 1575 4397 1630 4442; x_wconf 89' lang='lat' dir='ltr'><strong>et</strong></span> <span class='ocrx_word' id='word_1_621' title='bbox 1660 4403 1893 4456; x_wconf 86' lang='lat' dir='ltr'><strong>corpus;</strong></span> <span class='ocrx_word' id='word_1_622' title='bbox 1930 4397 1987 4442; x_wconf 89' lang='lat' dir='ltr'><strong>et</strong></span> <span class='ocrx_word' id='word_1_623' title='bbox 2017 4389 2122 4443; x_wconf 89' lang='lat' dir='ltr'><strong>hoc</strong></span> 
     </span>
    </p>
   </div>
   <div class='ocr_carea' id='block_1_83' title="bbox 2164 4389 3739 4474">
    <p class='ocr_par' dir='ltr' id='par_1_83' title="bbox 2226 4395 3739 4474">
     <span class='ocr_line' id='line_1_83' title="bbox 2226 4395 3739 4474; baseline 0 -22"><span class='ocrx_word' id='word_1_624' title='bbox 2226 4401 2385 4469; x_wconf 86' lang='grc' dir='ltr'>σῶμα</span> <span class='ocrx_word' id='word_1_625' title='bbox 2435 4402 2493 4454; x_wconf 80' lang='grc' dir='ltr'>δὲ</span> <span class='ocrx_word' id='word_1_626' title='bbox 2539 4403 2634 4455; x_wconf 77' lang='grc' dir='ltr'><strong>καὶ</strong></span> <span class='ocrx_word' id='word_1_627' title='bbox 2678 4403 2857 4473; x_wconf 77' lang='grc' dir='ltr'>ψυχὴν</span> <span class='ocrx_word' id='word_1_628' title='bbox 2897 4404 3080 4457; x_wconf 82' lang='grc' dir='ltr'>οὐκέτι</span> <span class='ocrx_word' id='word_1_629' title='bbox 3121 4403 3351 4474; x_wconf 85' lang='grc' dir='ltr'>κυρίως·</span> <span class='ocrx_word' id='word_1_630' title='bbox 3401 4402 3490 4455; x_wconf 77' lang='grc' dir='ltr'><strong>καὶ</strong></span> <span class='ocrx_word' id='word_1_631' title='bbox 3532 4397 3664 4467; x_wconf 75' lang='grc' dir='ltr'>δῆλον</span> <span class='ocrx_word' id='word_1_632' title='bbox 3693 4395 3739 4445; x_wconf 76' lang='grc' dir='ltr'><strong>ἐκ</strong></span> 
     </span>
    </p>
   </div>
   <div class='ocr_carea' id='block_1_84' title="bbox 557 4476 2132 4565">
    <p class='ocr_par' dir='ltr' id='par_1_84' title="bbox 557 4476 2120 4548">
     <span class='ocr_line' id='line_1_84' title="bbox 557 4476 2120 4548; baseline -0.004 -10"><span class='ocrx_word' id='word_1_633' title='bbox 557 4483 788 4539; x_wconf 89' lang='lat' dir='ltr'><strong>evidens</strong></span> <span class='ocrx_word' id='word_1_634' title='bbox 817 4490 903 4536; x_wconf 90' lang='lat' dir='ltr'><strong>est</strong></span> <span class='ocrx_word' id='word_1_635' title='bbox 941 4496 1008 4535; x_wconf 80' lang='lat' dir='ltr'><strong>ex</strong></span> <span class='ocrx_word' id='word_1_636' title='bbox 1036 4495 1102 4534; x_wconf 94' lang='lat' dir='ltr'><strong>eo</strong></span> <span class='ocrx_word' id='word_1_637' title='bbox 1131 4477 1275 4548; x_wconf 91' lang='lat' dir='ltr'><strong>quod</strong></span> <span class='ocrx_word' id='word_1_638' title='bbox 1320 4476 1614 4546; x_wconf 89' lang='lat' dir='ltr'><strong>nequimus</strong></span> <span class='ocrx_word' id='word_1_639' title='bbox 1646 4476 1840 4531; x_wconf 86' lang='lat' dir='ltr'><strong>anima</strong></span> <span class='ocrx_word' id='word_1_640' title='bbox 1872 4485 1967 4531; x_wconf 88' lang='lat' dir='ltr'><strong>aut</strong></span> <span class='ocrx_word' id='word_1_641' title='bbox 1994 4494 2120 4533; x_wconf 92' lang='lat' dir='ltr'><strong>cor-</strong></span> 
     </span>
    </p>
   </div>
   <div class='ocr_carea' id='block_1_85' title="bbox 2162 4476 3737 4565">
    <p class='ocr_par' dir='ltr' id='par_1_85' title="bbox 2222 4486 3737 4565">
     <span class='ocr_line' id='line_1_85' title="bbox 2222 4486 3737 4565; baseline -0.003 -23"><span class='ocrx_word' id='word_1_642' title='bbox 2222 4489 2316 4543; x_wconf 84' lang='grc' dir='ltr'>τοῦ</span> <span class='ocrx_word' id='word_1_643' title='bbox 2350 4491 2425 4561; x_wconf 81' lang='grc' dir='ltr'>μὴ</span> <span class='ocrx_word' id='word_1_644' title='bbox 2452 4491 2709 4546; x_wconf 85' lang='grc' dir='ltr'>δύνασθαι</span> <span class='ocrx_word' id='word_1_645' title='bbox 2738 4494 2827 4546; x_wconf 82' lang='grc' dir='ltr'>τὸν</span> <span class='ocrx_word' id='word_1_646' title='bbox 2858 4497 2956 4565; x_wconf 75' lang='grc' dir='ltr'><strong>τῆς</strong></span> <span class='ocrx_word' id='word_1_647' title='bbox 2984 4494 3164 4563; x_wconf 78' lang='grc' dir='ltr'>ψυχῆς</span> <span class='ocrx_word' id='word_1_648' title='bbox 3195 4494 3226 4564; x_wconf 81' lang='grc' dir='ltr'>ἢ</span> <span class='ocrx_word' id='word_1_649' title='bbox 3267 4494 3363 4548; x_wconf 80' lang='grc' dir='ltr'>τοῦ</span> <span class='ocrx_word' id='word_1_650' title='bbox 3394 4494 3620 4561; x_wconf 83' lang='grc' dir='ltr'>σώματος</span> <span class='ocrx_word' id='word_1_651' title='bbox 3643 4486 3737 4554; x_wconf 83' lang='grc' dir='ltr'>ὅρον</span> 
     </span>
    </p>
   </div>
   <div class='ocr_carea' id='block_1_86' title="bbox 560 4563 2135 4654">
    <p class='ocr_par' dir='ltr' id='par_1_86' title="bbox 560 4563 2116 4644">
     <span class='ocr_line' id='line_1_86' title="bbox 560 4563 2116 4644; baseline -0.006 -15"><span class='ocrx_word' id='word_1_652' title='bbox 560 4574 710 4644; x_wconf 90' lang='lat' dir='ltr'><strong>poris</strong></span> <span class='ocrx_word' id='word_1_653' title='bbox 747 4570 1121 4627; x_wconf 86' lang='lat' dir='ltr'><strong>deﬁnitionem</strong></span> <span class='ocrx_word' id='word_1_654' title='bbox 1156 4569 1211 4621; x_wconf 90' lang='lat' dir='ltr'><strong>in</strong></span> <span class='ocrx_word' id='word_1_655' title='bbox 1246 4574 1540 4633; x_wconf 88' lang='lat' dir='ltr'><strong>utrumque</strong></span> <span class='ocrx_word' id='word_1_656' title='bbox 1568 4563 1867 4629; x_wconf 86' lang='lat' dir='ltr'><strong>adhibere,</strong></span> <span class='ocrx_word' id='word_1_657' title='bbox 1905 4574 1962 4618; x_wconf 92' lang='lat' dir='ltr'><strong>et</strong></span> <span class='ocrx_word' id='word_1_658' title='bbox 1987 4580 2116 4634; x_wconf 89' lang='lat' dir='ltr'><strong>pro-</strong></span> 
     </span>
    </p>
   </div>
   <div class='ocr_carea' id='block_1_87' title="bbox 2160 4563 3735 4654">
    <p class='ocr_par' dir='ltr' id='par_1_87' title="bbox 2160 4563 3735 4654">
     <span class='ocr_line' id='line_1_87' title="bbox 2160 4563 3735 4654; baseline -0.001 -22"><span class='ocrx_word' id='word_1_659' title='bbox 2160 4566 2194 4619; x_wconf 79' lang='grc' dir='ltr'>ί)</span> <span class='ocrx_word' id='word_1_660' title='bbox 2222 4581 2316 4633; x_wconf 69' lang='grc' dir='ltr'>ἐπὶ</span> <span class='ocrx_word' id='word_1_661' title='bbox 2356 4580 2449 4636; x_wconf 86' lang='grc' dir='ltr'>τοῦ</span> <span class='ocrx_word' id='word_1_662' title='bbox 2502 4563 2921 4654; x_wconf 83' lang='grc' dir='ltr'>συναμφοτέρου</span> <span class='ocrx_word' id='word_1_663' title='bbox 2962 4563 3291 4651; x_wconf 79' lang='grc' dir='ltr'>ἀποδιδόναι,</span> <span class='ocrx_word' id='word_1_664' title='bbox 3314 4584 3407 4638; x_wconf 76' lang='grc' dir='ltr'>καὶ</span> <span class='ocrx_word' id='word_1_665' title='bbox 3428 4580 3597 4635; x_wconf 87' lang='grc' dir='ltr'>τούτου</span> <span class='ocrx_word' id='word_1_666' title='bbox 3613 4574 3735 4646; x_wconf 79' lang='grc' dir='ltr'>χάριν</span> 
     </span>
    </p>
   </div>
   <div class='ocr_carea' id='block_1_88' title="bbox 557 4656 2132 4746">
    <p class='ocr_par' dir='ltr' id='par_1_88' title="bbox 557 4656 2119 4736">
     <span class='ocr_line' id='line_1_88' title="bbox 557 4656 2119 4736; baseline -0.006 -15"><span class='ocrx_word' id='word_1_667' title='bbox 557 4677 744 4736; x_wconf 88' lang='lat' dir='ltr'><strong>pterea</strong></span> <span class='ocrx_word' id='word_1_668' title='bbox 772 4678 840 4718; x_wconf 83' lang='lat' dir='ltr'><strong>ex</strong></span> <span class='ocrx_word' id='word_1_669' title='bbox 886 4661 1102 4714; x_wconf 89' lang='lat' dir='ltr'><strong>duobus</strong></span> <span class='ocrx_word' id='word_1_670' title='bbox 1150 4658 1361 4711; x_wconf 90' lang='lat' dir='ltr'><strong>naturis</strong></span> <span class='ocrx_word' id='word_1_671' title='bbox 1404 4671 1526 4711; x_wconf 88' lang='lat' dir='ltr'><strong>esse</strong></span> <span class='ocrx_word' id='word_1_672' title='bbox 1581 4656 1836 4711; x_wconf 89' lang='lat' dir='ltr'><strong>dicimus.</strong></span> <span class='ocrx_word' id='word_1_673' title='bbox 1882 4657 2119 4712; x_wconf 80' lang='lat' dir='ltr'><strong>Diversa</strong></span> 
     </span>
    </p>
   </div>
   <div class='ocr_carea' id='block_1_89' title="bbox 2158 4656 3733 4746">
    <p class='ocr_par' dir='ltr' id='par_1_89' title="bbox 2221 4663 3733 4746">
     <span class='ocr_line' id='line_1_89' title="bbox 2221 4663 3733 4746; baseline -0.007 -21"><span class='ocrx_word' id='word_1_674' title='bbox 2221 4674 2285 4725; x_wconf 80' lang='grc' dir='ltr'>ὲκ</span> <span class='ocrx_word' id='word_1_675' title='bbox 2315 4672 2407 4726; x_wconf 89' lang='grc' dir='ltr'><strong>δύο</strong></span> <span class='ocrx_word' id='word_1_676' title='bbox 2457 4673 2672 4743; x_wconf 81' lang='grc' dir='ltr'>φύσεων</span> <span class='ocrx_word' id='word_1_677' title='bbox 2717 4675 2965 4744; x_wconf 78' lang='grc' dir='ltr'>λέγοντες</span> <span class='ocrx_word' id='word_1_678' title='bbox 3013 4677 3303 4746; x_wconf 80' lang='grc' dir='ltr'>(ὲτεροφυῆ</span> <span class='ocrx_word' id='word_1_679' title='bbox 3351 4675 3458 4745; x_wconf 82' lang='grc' dir='ltr'>γὰρ</span> <span class='ocrx_word' id='word_1_680' title='bbox 3485 4681 3547 4725; x_wconf 82' lang='grc' dir='ltr'><strong>τα</strong></span> <span class='ocrx_word' id='word_1_681' title='bbox 3586 4663 3733 4720; x_wconf 89' lang='grc' dir='ltr'>συνελ-</span> 
     </span>
    </p>
   </div>
   <div class='ocr_carea' id='block_1_90' title="bbox 554 4750 2129 4839">
    <p class='ocr_par' dir='ltr' id='par_1_90' title="bbox 554 4751 2122 4823">
     <span class='ocr_line' id='line_1_90' title="bbox 554 4751 2122 4823; baseline -0.004 -11"><span class='ocrx_word' id='word_1_682' title='bbox 554 4760 701 4812; x_wconf 85' lang='lat' dir='ltr'><strong>enim</strong></span> <span class='ocrx_word' id='word_1_683' title='bbox 729 4767 939 4811; x_wconf 86' lang='lat' dir='ltr'><strong>natura</strong></span> <span class='ocrx_word' id='word_1_684' title='bbox 964 4752 1351 4823; x_wconf 89' lang='lat' dir='ltr'><strong>componentia</strong></span> <span class='ocrx_word' id='word_1_685' title='bbox 1386 4761 1443 4807; x_wconf 92' lang='lat' dir='ltr'><strong>et</strong></span> <span class='ocrx_word' id='word_1_686' title='bbox 1481 4751 1711 4806; x_wconf 86' lang='lat' dir='ltr'><strong>diversa</strong></span> <span class='ocrx_word' id='word_1_687' title='bbox 1736 4752 1968 4807; x_wconf 84' lang='lat' dir='ltr'><strong>invicem</strong></span> <span class='ocrx_word' id='word_1_688' title='bbox 1992 4752 2122 4806; x_wconf 87' lang='lat' dir='ltr'><strong>sub-</strong></span> 
     </span>
    </p>
   </div>
   <div class='ocr_carea' id='block_1_91' title="bbox 2157 4750 3732 4839">
    <p class='ocr_par' dir='ltr' id='par_1_91' title="bbox 2222 4750 3732 4839">
     <span class='ocr_line' id='line_1_91' title="bbox 2222 4750 3732 4839; baseline -0.007 -25"><span class='ocrx_word' id='word_1_689' title='bbox 2222 4762 2382 4816; x_wconf 87' lang='grc' dir='ltr'>θόντα</span> <span class='ocrx_word' id='word_1_690' title='bbox 2433 4766 2526 4817; x_wconf 75' lang='grc' dir='ltr'><strong>καὶ</strong></span> <span class='ocrx_word' id='word_1_691' title='bbox 2581 4765 2828 4835; x_wconf 86' lang='grc' dir='ltr'>ἀλλήλοις</span> <span class='ocrx_word' id='word_1_692' title='bbox 2879 4767 2978 4837; x_wconf 86' lang='grc' dir='ltr'>οὐχ</span> <span class='ocrx_word' id='word_1_693' title='bbox 3034 4764 3340 4839; x_wconf 83' lang='grc' dir='ltr'>ὁμοούσια),</span> <span class='ocrx_word' id='word_1_694' title='bbox 3387 4764 3506 4835; x_wconf 87' lang='grc' dir='ltr'>μίαν</span> <span class='ocrx_word' id='word_1_695' title='bbox 3549 4759 3626 4812; x_wconf 79' lang='grc' dir='ltr'>ἐπὶ</span> <span class='ocrx_word' id='word_1_696' title='bbox 3664 4750 3732 4805; x_wconf 74' lang='grc' dir='ltr'>τοῦ</span> 
     </span>
    </p>
   </div>
   <div class='ocr_carea' id='block_1_92' title="bbox 555 4844 2130 4927">
    <p class='ocr_par' dir='ltr' id='par_1_92' title="bbox 555 4844 2113 4914">
     <span class='ocr_line' id='line_1_92' title="bbox 555 4844 2113 4914; baseline -0.003 -11"><span class='ocrx_word' id='word_1_697' title='bbox 555 4848 791 4910; x_wconf 85' lang='lat' dir='ltr'><strong>stantia,</strong></span> <span class='ocrx_word' id='word_1_698' title='bbox 850 4860 1016 4899; x_wconf 91' lang='lat' dir='ltr'><strong>unam</strong></span> <span class='ocrx_word' id='word_1_699' title='bbox 1061 4844 1117 4897; x_wconf 90' lang='lat' dir='ltr'><strong>in</strong></span> <span class='ocrx_word' id='word_1_700' title='bbox 1151 4845 1458 4913; x_wconf 88' lang='lat' dir='ltr'><strong>composito</strong></span> <span class='ocrx_word' id='word_1_701' title='bbox 1490 4852 1743 4898; x_wconf 89' lang='lat' dir='ltr'><strong>naturam</strong></span> <span class='ocrx_word' id='word_1_702' title='bbox 1774 4853 2113 4914; x_wconf 88' lang='lat' dir='ltr'><strong>reputamus.</strong></span> 
     </span>
    </p>
   </div>
   <div class='ocr_carea' id='block_1_93' title="bbox 2157 4844 3732 4927">
    <p class='ocr_par' dir='ltr' id='par_1_93' title="bbox 2222 4845 3732 4927">
     <span class='ocr_line' id='line_1_93' title="bbox 2222 4845 3732 4927; baseline 0.003 -22"><span class='ocrx_word' id='word_1_703' title='bbox 2222 4854 2475 4907; x_wconf 83' lang='grc' dir='ltr'>συνθέτου</span> <span class='ocrx_word' id='word_1_704' title='bbox 2513 4856 2673 4924; x_wconf 85' lang='grc' dir='ltr'>φύσιν</span> <span class='ocrx_word' id='word_1_705' title='bbox 2700 4854 3022 4926; x_wconf 78' lang='grc' dir='ltr'>δοξάζομεν·</span> <span class='ocrx_word' id='word_1_706' title='bbox 3056 4857 3175 4909; x_wconf 83' lang='grc' dir='ltr'>οὐδὲ</span> <span class='ocrx_word' id='word_1_707' title='bbox 3221 4860 3328 4927; x_wconf 79' lang='grc' dir='ltr'><strong>γάρ</strong></span> <span class='ocrx_word' id='word_1_708' title='bbox 3360 4855 3509 4923; x_wconf 85' lang='grc' dir='ltr'>σῶμα</span> <span class='ocrx_word' id='word_1_709' title='bbox 3539 4850 3565 4919; x_wconf 80' lang='grc' dir='ltr'>ἢ</span> <span class='ocrx_word' id='word_1_710' title='bbox 3596 4845 3732 4914; x_wconf 65' lang='grc' dir='ltr'>ψυχὴν</span> 
     </span>
    </p>
   </div>
   <div class='ocr_carea' id='block_1_94' title="bbox 553 4936 2128 5023">
    <p class='ocr_par' dir='ltr' id='par_1_94' title="bbox 553 4936 2117 5006">
     <span class='ocr_line' id='line_1_94' title="bbox 553 4936 2117 5006; baseline -0.004 -12"><span class='ocrx_word' id='word_1_711' title='bbox 553 4940 673 4994; x_wconf 83' lang='grc' dir='ltr'><strong>Νοη</strong></span> <span class='ocrx_word' id='word_1_712' title='bbox 696 4938 843 4992; x_wconf 89' lang='lat' dir='ltr'><strong>enim</strong></span> <span class='ocrx_word' id='word_1_713' title='bbox 892 4951 1092 5005; x_wconf 88' lang='lat' dir='ltr'><strong>corpus</strong></span> <span class='ocrx_word' id='word_1_714' title='bbox 1118 4943 1174 4989; x_wconf 90' lang='lat' dir='ltr'><strong>et</strong></span> <span class='ocrx_word' id='word_1_715' title='bbox 1194 4936 1433 4990; x_wconf 88' lang='lat' dir='ltr'><strong>animam</strong></span> <span class='ocrx_word' id='word_1_716' title='bbox 1460 4936 1680 5005; x_wconf 89' lang='lat' dir='ltr'><strong>proprie</strong></span> <span class='ocrx_word' id='word_1_717' title='bbox 1705 4937 1990 5006; x_wconf 90' lang='lat' dir='ltr'><strong>loquentes</strong></span> <span class='ocrx_word' id='word_1_718' title='bbox 2021 4952 2117 4989; x_wconf 82' lang='lat' dir='ltr'><strong>vo-</strong></span> 
     </span>
    </p>
   </div>
   <div class='ocr_carea' id='block_1_95' title="bbox 2156 4936 3731 5023">
    <p class='ocr_par' dir='ltr' id='par_1_95' title="bbox 2222 4939 3731 5023">
     <span class='ocr_line' id='line_1_95' title="bbox 2222 4939 3731 5023; baseline 0.009 -24"><span class='ocrx_word' id='word_1_719' title='bbox 2222 4950 2693 5018; x_wconf 80' lang='grc' dir='ltr'>κυριολεκτοῦντες</span> <span class='ocrx_word' id='word_1_720' title='bbox 2733 4952 3007 5005; x_wconf 82' lang='grc' dir='ltr'>ἀποκαλοῦ</span> <span class='ocrx_word' id='word_1_721' title='bbox 3017 4972 3115 5022; x_wconf 87' lang='grc' dir='ltr'><strong>μεν</strong></span> <span class='ocrx_word' id='word_1_722' title='bbox 3154 4955 3245 5006; x_wconf 84' lang='grc' dir='ltr'><strong>τὸν</strong></span> <span class='ocrx_word' id='word_1_723' title='bbox 3274 4954 3573 5023; x_wconf 64' lang='grc' dir='ltr'>ἄνθρωπον,</span> <span class='ocrx_word' id='word_1_724' title='bbox 3597 4944 3638 4996; x_wconf 70' lang='grc' dir='ltr'><strong>εί</strong></span> <span class='ocrx_word' id='word_1_725' title='bbox 3664 4939 3731 4992; x_wconf 54' lang='grc' dir='ltr'><strong>καὶ</strong></span> 
     </span>
    </p>
   </div>
   <div class='ocr_carea' id='block_1_96' title="bbox 552 5027 2127 5115">
    <p class='ocr_par' dir='ltr' id='par_1_96' title="bbox 552 5027 2112 5097">
     <span class='ocr_line' id='line_1_96' title="bbox 552 5027 2112 5097; baseline 0 -15"><span class='ocrx_word' id='word_1_726' title='bbox 552 5043 741 5082; x_wconf 91' lang='lat' dir='ltr'><strong>camus</strong></span> <span class='ocrx_word' id='word_1_727' title='bbox 779 5028 1079 5091; x_wconf 90' lang='lat' dir='ltr'><strong>hominem,</strong></span> <span class='ocrx_word' id='word_1_728' title='bbox 1138 5028 1240 5081; x_wconf 91' lang='lat' dir='ltr'><strong>etsi</strong></span> <span class='ocrx_word' id='word_1_729' title='bbox 1270 5036 1548 5081; x_wconf 87' lang='lat' dir='ltr'><strong>assuetum</strong></span> <span class='ocrx_word' id='word_1_730' title='bbox 1580 5028 1650 5082; x_wconf 91' lang='lat' dir='ltr'><strong>sit</strong></span> <span class='ocrx_word' id='word_1_731' title='bbox 1683 5027 1981 5097; x_wconf 86' lang='lat' dir='ltr'><strong>Scriptura</strong></span> <span class='ocrx_word' id='word_1_732' title='bbox 2012 5045 2112 5082; x_wconf 83' lang='lat' dir='ltr'><strong>sa-</strong></span> 
     </span>
    </p>
   </div>
   <div class='ocr_carea' id='block_1_97' title="bbox 2153 5027 3728 5115">
    <p class='ocr_par' dir='ltr' id='par_1_97' title="bbox 2220 5032 3728 5115">
     <span class='ocr_line' id='line_1_97' title="bbox 2220 5032 3728 5115; baseline 0.006 -25"><span class='ocrx_word' id='word_1_733' title='bbox 2220 5039 2446 5106; x_wconf 86' lang='grc' dir='ltr'>σύνηθες</span> <span class='ocrx_word' id='word_1_734' title='bbox 2471 5042 2536 5111; x_wconf 79' lang='grc' dir='ltr'>τῇ</span> <span class='ocrx_word' id='word_1_735' title='bbox 2568 5043 2755 5113; x_wconf 79' lang='grc' dir='ltr'>Γραφῇ</span> <span class='ocrx_word' id='word_1_736' title='bbox 2787 5045 3043 5106; x_wconf 81' lang='grc' dir='ltr'>πολλάκις</span> <span class='ocrx_word' id='word_1_737' title='bbox 3081 5048 3144 5115; x_wconf 79' lang='grc' dir='ltr'>τῇ</span> <span class='ocrx_word' id='word_1_738' title='bbox 3171 5044 3447 5115; x_wconf 73' lang='grc' dir='ltr'>ἐλευθερίᾳ</span> <span class='ocrx_word' id='word_1_739' title='bbox 3471 5032 3728 5108; x_wconf 70' lang='grc' dir='ltr'><strong>κεχρημένη</strong></span> 
     </span>
    </p>
   </div>
   <div class='ocr_carea' id='block_1_98' title="bbox 550 5116 2125 5204">
    <p class='ocr_par' dir='ltr' id='par_1_98' title="bbox 550 5116 2110 5188">
     <span class='ocr_line' id='line_1_98' title="bbox 550 5116 2110 5188; baseline 0.001 -18"><span class='ocrx_word' id='word_1_740' title='bbox 550 5118 676 5187; x_wconf 86' lang='lat' dir='ltr'><strong>pius</strong></span> <span class='ocrx_word' id='word_1_741' title='bbox 694 5116 947 5171; x_wconf 87' lang='lat' dir='ltr'><strong>libertate</strong></span> <span class='ocrx_word' id='word_1_742' title='bbox 966 5117 1144 5171; x_wconf 57' lang='lat' dir='ltr'><strong>utenti</strong></span> <span class='ocrx_word' id='word_1_743' title='bbox 1169 5116 1395 5185; x_wconf 85' lang='lat' dir='ltr'><strong>spiritus</strong></span> <span class='ocrx_word' id='word_1_744' title='bbox 1424 5126 1577 5185; x_wconf 89' lang='lat' dir='ltr'><strong>parte</strong></span> <span class='ocrx_word' id='word_1_745' title='bbox 1602 5126 1775 5170; x_wconf 87' lang='lat' dir='ltr'><strong>totum</strong></span> <span class='ocrx_word' id='word_1_746' title='bbox 1799 5117 2110 5188; x_wconf 79' lang='lat' dir='ltr'><strong>designare,</strong></span> 
     </span>
    </p>
   </div>
   <div class='ocr_carea' id='block_1_99' title="bbox 2152 5116 3727 5204">
    <p class='ocr_par' dir='ltr' id='par_1_99' title="bbox 2220 5120 3727 5204">
     <span class='ocr_line' id='line_1_99' title="bbox 2220 5120 3727 5204; baseline 0.007 -23"><span class='ocrx_word' id='word_1_747' title='bbox 2220 5130 2317 5182; x_wconf 80' lang='grc' dir='ltr'>τοῦ</span> <span class='ocrx_word' id='word_1_748' title='bbox 2354 5132 2666 5202; x_wconf 87' lang='grc' dir='ltr'>Πνεύματος</span> <span class='ocrx_word' id='word_1_749' title='bbox 2686 5135 2749 5186; x_wconf 81' lang='grc' dir='ltr'>ὲκ</span> <span class='ocrx_word' id='word_1_750' title='bbox 2768 5134 2859 5187; x_wconf 79' lang='grc' dir='ltr'>τοῦ</span> <span class='ocrx_word' id='word_1_751' title='bbox 2885 5135 2950 5204; x_wconf 84' lang='grc' dir='ltr'>μέ</span> <span class='ocrx_word' id='word_1_752' title='bbox 2961 5153 3081 5204; x_wconf 90' lang='grc' dir='ltr'>ρους</span> <span class='ocrx_word' id='word_1_753' title='bbox 3099 5137 3157 5189; x_wconf 80' lang='grc' dir='ltr'>τὸ</span> <span class='ocrx_word' id='word_1_754' title='bbox 3176 5137 3294 5189; x_wconf 81' lang='grc' dir='ltr'>ὅλον</span> <span class='ocrx_word' id='word_1_755' title='bbox 3317 5130 3655 5202; x_wconf 66' lang='grc' dir='ltr'>ὲπονομάξεινυ</span> <span class='ocrx_word' id='word_1_756' title='bbox 3671 5120 3727 5179; x_wconf 65' lang='grc' dir='ltr'><strong>ώῖ</strong></span> 
     </span>
    </p>
   </div>
   <div class='ocr_carea' id='block_1_100' title="bbox 552 5208 2127 5297">
    <p class='ocr_par' dir='ltr' id='par_1_100' title="bbox 552 5208 2115 5279">
     <span class='ocr_line' id='line_1_100' title="bbox 552 5208 2115 5279; baseline 0.001 -14"><span class='ocrx_word' id='word_1_757' title='bbox 552 5219 809 5278; x_wconf 85' lang='lat' dir='ltr'><strong>tanquam</strong></span> <span class='ocrx_word' id='word_1_758' title='bbox 855 5224 965 5262; x_wconf 92' lang='lat' dir='ltr'><strong>non</strong></span> <span class='ocrx_word' id='word_1_759' title='bbox 1000 5208 1284 5262; x_wconf 81' lang='lat' dir='ltr'><strong>submissa</strong></span> <span class='ocrx_word' id='word_1_760' title='bbox 1324 5210 1455 5279; x_wconf 83' lang='lat' dir='ltr'><strong>jugo</strong></span> <span class='ocrx_word' id='word_1_761' title='bbox 1494 5210 1777 5263; x_wconf 86' lang='lat' dir='ltr'><strong>servitutis</strong></span> <span class='ocrx_word' id='word_1_762' title='bbox 1816 5210 2115 5266; x_wconf 75' lang='lat' dir='ltr'><strong>dialectica</strong></span> 
     </span>
    </p>
   </div>
   <div class='ocr_carea' id='block_1_101' title="bbox 2149 5208 3724 5297">
    <p class='ocr_par' dir='ltr' id='par_1_101' title="bbox 2221 5211 3724 5297">
     <span class='ocr_line' id='line_1_101' title="bbox 2221 5211 3724 5297; baseline 0.001 -26"><span class='ocrx_word' id='word_1_763' title='bbox 2221 5219 2368 5289; x_wconf 80' lang='grc' dir='ltr'>ζυγῷ</span> <span class='ocrx_word' id='word_1_764' title='bbox 2392 5220 2634 5285; x_wconf 88' lang='grc' dir='ltr'>δουλείας</span> <span class='ocrx_word' id='word_1_765' title='bbox 2653 5224 2752 5275; x_wconf 91' lang='grc' dir='ltr'><strong>οὐκ</strong></span> <span class='ocrx_word' id='word_1_766' title='bbox 2775 5226 3065 5297; x_wconf 81' lang='grc' dir='ltr'>ἐνεχομένῃ</span> <span class='ocrx_word' id='word_1_767' title='bbox 3084 5226 3181 5289; x_wconf 79' lang='grc' dir='ltr'>τῆς</span> <span class='ocrx_word' id='word_1_768' title='bbox 3197 5223 3525 5290; x_wconf 82' lang='grc' dir='ltr'>διαλεκτικῆς</span> <span class='ocrx_word' id='word_1_769' title='bbox 3547 5211 3724 5288; x_wconf 63' lang='grc' dir='ltr'>ματαιά⁴</span> 
     </span>
    </p>
   </div>
   <div class='ocr_carea' id='block_1_102' title="bbox 547 5300 2122 5388">
    <p class='ocr_par' dir='ltr' id='par_1_102' title="bbox 547 5300 2109 5357">
     <span class='ocr_line' id='line_1_102' title="bbox 547 5300 2109 5357; baseline 0.001 -2"><span class='ocrx_word' id='word_1_770' title='bbox 547 5301 824 5356; x_wconf 72' lang='lat' dir='ltr'><strong>vanitatis.</strong></span> <span class='ocrx_word' id='word_1_771' title='bbox 856 5302 915 5355; x_wconf 92' lang='lat' dir='ltr'><strong>ln</strong></span> <span class='ocrx_word' id='word_1_772' title='bbox 970 5300 1192 5356; x_wconf 85' lang='lat' dir='ltr'><strong>Christo</strong></span> <span class='ocrx_word' id='word_1_773' title='bbox 1227 5310 1409 5354; x_wconf 88' lang='lat' dir='ltr'><strong>autem</strong></span> <span class='ocrx_word' id='word_1_774' title='bbox 1448 5301 1743 5355; x_wconf 79' lang='lat' dir='ltr'><strong>ineﬁ&#39;ahilis</strong></span> <span class='ocrx_word' id='word_1_775' title='bbox 1786 5310 1841 5356; x_wconf 93' lang='lat' dir='ltr'><strong>et</strong></span> <span class='ocrx_word' id='word_1_776' title='bbox 1868 5320 1976 5356; x_wconf 91' lang='lat' dir='ltr'><strong>non</strong></span> <span class='ocrx_word' id='word_1_777' title='bbox 2010 5305 2109 5357; x_wconf 86' lang='lat' dir='ltr'><strong>hu-</strong></span> 
     </span>
    </p>
   </div>
   <div class='ocr_carea' id='block_1_103' title="bbox 2149 5300 3724 5388">
    <p class='ocr_par' dir='ltr' id='par_1_103' title="bbox 2216 5300 3724 5388">
     <span class='ocr_line' id='line_1_103' title="bbox 2216 5300 3724 5388; baseline 0.005 -24"><span class='ocrx_word' id='word_1_778' title='bbox 2216 5328 2393 5382; x_wconf 82' lang='grc' dir='ltr'>τητος⁶</span> <span class='ocrx_word' id='word_1_779' title='bbox 2414 5314 2503 5365; x_wconf 70' lang='grc' dir='ltr'>ἐπὶ</span> <span class='ocrx_word' id='word_1_780' title='bbox 2533 5315 2587 5367; x_wconf 89' lang='grc' dir='ltr'><strong>δὲ</strong></span> <span class='ocrx_word' id='word_1_781' title='bbox 2608 5316 2700 5367; x_wconf 81' lang='grc' dir='ltr'>τοῦ</span> <span class='ocrx_word' id='word_1_782' title='bbox 2718 5316 2947 5386; x_wconf 82' lang='grc' dir='ltr'>Χριστοῦ</span> <span class='ocrx_word' id='word_1_783' title='bbox 2967 5318 3240 5388; x_wconf 77' lang='grc' dir='ltr'>ἄφραστος</span> <span class='ocrx_word' id='word_1_784' title='bbox 3264 5319 3359 5387; x_wconf 84' lang='grc' dir='ltr'><strong>μὲν</strong></span> <span class='ocrx_word' id='word_1_785' title='bbox 3389 5317 3475 5369; x_wconf 72' lang='grc' dir='ltr'><strong>καὶ</strong></span> <span class='ocrx_word' id='word_1_786' title='bbox 3513 5300 3724 5371; x_wconf 65' lang='grc' dir='ltr'><strong>ἁλάλητὅς</strong></span> 
     </span>
    </p>
   </div>
   <div class='ocr_carea' id='block_1_104' title="bbox 548 5390 2123 5482">
    <p class='ocr_par' dir='ltr' id='par_1_104' title="bbox 548 5390 2104 5463">
     <span class='ocr_line' id='line_1_104' title="bbox 548 5390 2104 5463; baseline 0.002 -19"><span class='ocrx_word' id='word_1_787' title='bbox 548 5406 708 5445; x_wconf 78' lang='lat' dir='ltr'><strong>mana</strong></span> <span class='ocrx_word' id='word_1_788' title='bbox 748 5391 1118 5461; x_wconf 83' lang='lat' dir='ltr'><strong>intelligentia</strong></span> <span class='ocrx_word' id='word_1_789' title='bbox 1171 5390 1299 5444; x_wconf 78' lang='lat' dir='ltr'><strong>huic</strong></span> <span class='ocrx_word' id='word_1_790' title='bbox 1333 5392 1525 5445; x_wconf 86' lang='lat' dir='ltr'><strong>anima</strong></span> <span class='ocrx_word' id='word_1_791' title='bbox 1550 5393 1738 5461; x_wconf 86' lang='lat' dir='ltr'><strong>juncta</strong></span> <span class='ocrx_word' id='word_1_792' title='bbox 1764 5403 1849 5446; x_wconf 91' lang='lat' dir='ltr'><strong>est</strong></span> <span class='ocrx_word' id='word_1_793' title='bbox 1886 5409 1989 5448; x_wconf 88' lang='lat' dir='ltr'><strong>nec</strong></span> <span class='ocrx_word' id='word_1_794' title='bbox 2030 5396 2104 5463; x_wconf 90' lang='lat' dir='ltr'><strong>ju-</strong></span> 
     </span>
    </p>
   </div>
   <div class='ocr_carea' id='block_1_105' title="bbox 2147 5390 3722 5482">
    <p class='ocr_par' dir='ltr' id='par_1_105' title="bbox 2219 5401 3722 5480">
     <span class='ocr_line' id='line_1_105' title="bbox 2219 5401 3722 5480; baseline -0.008 -23"><span class='ocrx_word' id='word_1_795' title='bbox 2219 5408 2333 5458; x_wconf 75' lang='grc' dir='ltr'>ἐστι</span> <span class='ocrx_word' id='word_1_796' title='bbox 2362 5408 2395 5476; x_wconf 80' lang='grc' dir='ltr'><strong>ἡ</strong></span> <span class='ocrx_word' id='word_1_797' title='bbox 2423 5408 2616 5471; x_wconf 72' lang='grc' dir='ltr'>ἓνωσις</span> <span class='ocrx_word' id='word_1_798' title='bbox 2643 5410 2740 5463; x_wconf 89' lang='grc' dir='ltr'><strong>οὐκ</strong></span> <span class='ocrx_word' id='word_1_799' title='bbox 2763 5410 3099 5480; x_wconf 81' lang='grc' dir='ltr'>ἀνθρώπινος</span> <span class='ocrx_word' id='word_1_800' title='bbox 3130 5414 3251 5474; x_wconf 83' lang='grc' dir='ltr'>νοῦς</span> <span class='ocrx_word' id='word_1_801' title='bbox 3284 5412 3476 5479; x_wconf 81' lang='grc' dir='ltr'>ταύτης</span> <span class='ocrx_word' id='word_1_802' title='bbox 3515 5401 3722 5471; x_wconf 79' lang='grc' dir='ltr'>ἐφίκοιτο,</span> 
     </span>
    </p>
   </div>
   <div class='ocr_carea' id='block_1_106' title="bbox 545 5483 2120 5572">
    <p class='ocr_par' dir='ltr' id='par_1_106' title="bbox 545 5483 2112 5555">
     <span class='ocr_line' id='line_1_106' title="bbox 545 5483 2112 5555; baseline 0.001 -18"><span class='ocrx_word' id='word_1_803' title='bbox 545 5491 690 5537; x_wconf 82' lang='lat' dir='ltr'><strong>stum</strong></span> <span class='ocrx_word' id='word_1_804' title='bbox 720 5485 1031 5554; x_wconf 63' lang='lat' dir='ltr'><strong>exemplum</strong></span> <span class='ocrx_word' id='word_1_805' title='bbox 1065 5483 1119 5535; x_wconf 88' lang='lat' dir='ltr'><strong>in</strong></span> <span class='ocrx_word' id='word_1_806' title='bbox 1153 5483 1411 5537; x_wconf 89' lang='lat' dir='ltr'><strong>omnibus</strong></span> <span class='ocrx_word' id='word_1_807' title='bbox 1466 5485 1715 5539; x_wconf 82' lang='lat' dir='ltr'><strong>invenire</strong></span> <span class='ocrx_word' id='word_1_808' title='bbox 1750 5485 1961 5540; x_wconf 82' lang='lat' dir='ltr'><strong>ratione</strong></span> <span class='ocrx_word' id='word_1_809' title='bbox 1988 5503 2112 5555; x_wconf 83' lang='lat' dir='ltr'><strong>pos-</strong></span> 
     </span>
    </p>
   </div>
   <div class='ocr_carea' id='block_1_107' title="bbox 2145 5483 3720 5572">
    <p class='ocr_par' dir='ltr' id='par_1_107' title="bbox 2212 5489 3720 5572">
     <span class='ocr_line' id='line_1_107' title="bbox 2212 5489 3720 5572; baseline 0.003 -24"><span class='ocrx_word' id='word_1_810' title='bbox 2212 5496 2333 5549; x_wconf 78' lang='grc' dir='ltr'>οὐδὲ</span> <span class='ocrx_word' id='word_1_811' title='bbox 2380 5499 2724 5569; x_wconf 82' lang='grc' dir='ltr'>παράδειγμα</span> <span class='ocrx_word' id='word_1_812' title='bbox 2758 5502 2935 5571; x_wconf 81' lang='grc' dir='ltr'>εὑρεῖν</span> <span class='ocrx_word' id='word_1_813' title='bbox 2963 5502 3073 5556; x_wconf 72' lang='grc' dir='ltr'>ἴσον</span> <span class='ocrx_word' id='word_1_814' title='bbox 3108 5505 3249 5557; x_wconf 85' lang='grc' dir='ltr'>κατά</span> <span class='ocrx_word' id='word_1_815' title='bbox 3287 5522 3347 5572; x_wconf 82' lang='grc' dir='ltr'><strong>γε</strong></span> <span class='ocrx_word' id='word_1_816' title='bbox 3374 5502 3553 5559; x_wconf 79' lang='grc' dir='ltr'>πάντα,</span> <span class='ocrx_word' id='word_1_817' title='bbox 3576 5489 3720 5552; x_wconf 62' lang='grc' dir='ltr'>λέγω.</span> 
     </span>
    </p>
   </div>
   <div class='ocr_carea' id='block_1_108' title="bbox 543 5574 2118 5664">
    <p class='ocr_par' dir='ltr' id='par_1_108' title="bbox 543 5574 2111 5645">
     <span class='ocr_line' id='line_1_108' title="bbox 543 5574 2111 5645; baseline 0.004 -20"><span class='ocrx_word' id='word_1_818' title='bbox 543 5586 754 5636; x_wconf 79' lang='lat' dir='ltr'><strong>sumus,</strong></span> <span class='ocrx_word' id='word_1_819' title='bbox 791 5588 915 5625; x_wconf 89' lang='lat' dir='ltr'><strong>cum</strong></span> <span class='ocrx_word' id='word_1_820' title='bbox 963 5574 1115 5625; x_wconf 88' lang='lat' dir='ltr'><strong>illum</strong></span> <span class='ocrx_word' id='word_1_821' title='bbox 1162 5588 1269 5625; x_wconf 91' lang='lat' dir='ltr'><strong>non</strong></span> <span class='ocrx_word' id='word_1_822' title='bbox 1298 5574 1479 5645; x_wconf 85' lang='lat' dir='ltr'><strong>solum</strong></span> <span class='ocrx_word' id='word_1_823' title='bbox 1520 5589 1587 5627; x_wconf 80' lang='lat' dir='ltr'><strong>ex</strong></span> <span class='ocrx_word' id='word_1_824' title='bbox 1619 5574 1905 5631; x_wconf 86' lang='lat' dir='ltr'><strong>divinitate</strong></span> <span class='ocrx_word' id='word_1_825' title='bbox 1928 5587 1983 5631; x_wconf 92' lang='lat' dir='ltr'><strong>et</strong></span> <span class='ocrx_word' id='word_1_826' title='bbox 2016 5578 2111 5631; x_wconf 86' lang='lat' dir='ltr'><strong>Im-</strong></span> 
     </span>
    </p>
   </div>
   <div class='ocr_carea' id='block_1_109' title="bbox 2146 5574 3721 5664">
    <p class='ocr_par' dir='ltr' id='par_1_109' title="bbox 2214 5575 3721 5664">
     <span class='ocr_line' id='line_1_109' title="bbox 2214 5575 3721 5664; baseline -0.002 -24"><span class='ocrx_word' id='word_1_827' title='bbox 2214 5588 2718 5661; x_wconf 81' lang='grc' dir='ltr'>δυνήσεται,ὲπειδὴ</span> <span class='ocrx_word' id='word_1_828' title='bbox 2744 5594 2799 5645; x_wconf 80' lang='grc' dir='ltr'>δὲ</span> <span class='ocrx_word' id='word_1_829' title='bbox 2822 5594 2982 5646; x_wconf 80' lang='grc' dir='ltr'>αὐτὸν</span> <span class='ocrx_word' id='word_1_830' title='bbox 3007 5595 3065 5646; x_wconf 84' lang='grc' dir='ltr'><strong>οὐ</strong></span> <span class='ocrx_word' id='word_1_831' title='bbox 3097 5596 3254 5664; x_wconf 89' lang='grc' dir='ltr'>μόνον</span> <span class='ocrx_word' id='word_1_832' title='bbox 3281 5598 3343 5649; x_wconf 83' lang='grc' dir='ltr'>ὲκ</span> <span class='ocrx_word' id='word_1_833' title='bbox 3377 5592 3598 5657; x_wconf 86' lang='grc' dir='ltr'>θεότητος</span> <span class='ocrx_word' id='word_1_834' title='bbox 3616 5575 3721 5664; x_wconf 66' lang='grc' dir='ltr'><strong>εἷνιξ</strong></span> 
     </span>
    </p>
   </div>
   <div class='ocr_carea' id='block_1_110' title="bbox 542 5660 2117 5753">
    <p class='ocr_par' dir='ltr' id='par_1_110' title="bbox 542 5662 2107 5738">
     <span class='ocr_line' id='line_1_110' title="bbox 542 5662 2107 5738; baseline 0.005 -24"><span class='ocrx_word' id='word_1_835' title='bbox 542 5662 804 5718; x_wconf 86' lang='lat' dir='ltr'><strong>manitate</strong></span> <span class='ocrx_word' id='word_1_836' title='bbox 830 5676 1083 5720; x_wconf 87' lang='lat' dir='ltr'><strong>constare</strong></span> <span class='ocrx_word' id='word_1_837' title='bbox 1124 5664 1377 5727; x_wconf 90' lang='lat' dir='ltr'><strong>dicimus,</strong></span> <span class='ocrx_word' id='word_1_838' title='bbox 1438 5663 1531 5717; x_wconf 91' lang='lat' dir='ltr'><strong>sed</strong></span> <span class='ocrx_word' id='word_1_839' title='bbox 1558 5664 1613 5717; x_wconf 89' lang='lat' dir='ltr'><strong>in</strong></span> <span class='ocrx_word' id='word_1_840' title='bbox 1656 5665 1751 5719; x_wconf 92' lang='lat' dir='ltr'><strong>illo</strong></span> <span class='ocrx_word' id='word_1_841' title='bbox 1787 5666 1865 5719; x_wconf 91' lang='lat' dir='ltr'><strong>uti</strong></span> <span class='ocrx_word' id='word_1_842' title='bbox 1895 5670 2107 5738; x_wconf 83' lang='lat' dir='ltr'><strong>simpli-</strong></span> 
     </span>
    </p>
   </div>
   <div class='ocr_carea' id='block_1_111' title="bbox 2143 5660 3718 5753">
    <p class='ocr_par' dir='ltr' id='par_1_111' title="bbox 2218 5660 3718 5753">
     <span class='ocr_line' id='line_1_111' title="bbox 2218 5660 3718 5753; baseline -0.01 -22"><span class='ocrx_word' id='word_1_843' title='bbox 2218 5682 2309 5731; x_wconf 74' lang='grc' dir='ltr'>καὶ</span> <span class='ocrx_word' id='word_1_844' title='bbox 2363 5660 2775 5752; x_wconf 76' lang='grc' dir='ltr'>ἁνθρωπότητός</span> <span class='ocrx_word' id='word_1_845' title='bbox 2799 5702 2995 5753; x_wconf 84' lang='grc' dir='ltr'>φαμεν,</span> <span class='ocrx_word' id='word_1_846' title='bbox 3026 5660 3159 5739; x_wconf 80' lang='grc' dir='ltr'><strong>ἀλλά</strong></span> <span class='ocrx_word' id='word_1_847' title='bbox 3183 5688 3277 5739; x_wconf 67' lang='grc' dir='ltr'><strong>καὶ</strong></span> <span class='ocrx_word' id='word_1_848' title='bbox 3299 5688 3404 5749; x_wconf 75' lang='grc' dir='ltr'>τοῖς</span> <span class='ocrx_word' id='word_1_849' title='bbox 3420 5680 3637 5747; x_wconf 73' lang='grc' dir='ltr'>ὀνόμασιν</span> <span class='ocrx_word' id='word_1_850' title='bbox 3654 5660 3718 5717; x_wconf 72' lang='grc' dir='ltr'><strong>ἐπ’</strong></span> 
     </span>
    </p>
   </div>
   <div class='ocr_carea' id='block_1_112' title="bbox 542 5751 2117 5849">
    <p class='ocr_par' dir='ltr' id='par_1_112' title="bbox 542 5751 2105 5817">
     <span class='ocr_line' id='line_1_112' title="bbox 542 5751 2105 5817; baseline 0.008 -14"><span class='ocrx_word' id='word_1_851' title='bbox 542 5751 687 5805; x_wconf 87' lang='lat' dir='ltr'><strong>cium</strong></span> <span class='ocrx_word' id='word_1_852' title='bbox 722 5754 1059 5808; x_wconf 87' lang='lat' dir='ltr'><strong>nominibus.</strong></span> <span class='ocrx_word' id='word_1_853' title='bbox 1106 5754 1277 5808; x_wconf 87' lang='lat' dir='ltr'><strong>Deum</strong></span> <span class='ocrx_word' id='word_1_854' title='bbox 1305 5753 1452 5808; x_wconf 90' lang='lat' dir='ltr'><strong>enim</strong></span> <span class='ocrx_word' id='word_1_855' title='bbox 1475 5752 1710 5811; x_wconf 88' lang='lat' dir='ltr'><strong>dicimus</strong></span> <span class='ocrx_word' id='word_1_856' title='bbox 1739 5755 2020 5814; x_wconf 87' lang='lat' dir='ltr'><strong>Christum</strong></span> <span class='ocrx_word' id='word_1_857' title='bbox 2050 5773 2105 5817; x_wconf 92' lang='lat' dir='ltr'><strong>et</strong></span> 
     </span>
    </p>
   </div>
   <div class='ocr_carea' id='block_1_113' title="bbox 2146 5751 3721 5849">
    <p class='ocr_par' dir='ltr' id='par_1_113' title="bbox 2208 5751 3721 5849">
     <span class='ocr_line' id='line_1_113' title="bbox 2208 5751 3721 5849; baseline 0 -28"><span class='ocrx_word' id='word_1_858' title='bbox 2208 5768 2372 5822; x_wconf 76' lang='grc' dir='ltr'>αὐτοῦ</span> <span class='ocrx_word' id='word_1_859' title='bbox 2430 5751 2744 5841; x_wconf 81' lang='grc' dir='ltr'>κεχρήμεθα</span> <span class='ocrx_word' id='word_1_860' title='bbox 2775 5751 2889 5827; x_wconf 82' lang='grc' dir='ltr'><strong>τῶν</strong></span> <span class='ocrx_word' id='word_1_861' title='bbox 2912 5775 3265 5829; x_wconf 75' lang='grc' dir='ltr'>ἁπλῶνοθεὸν</span> <span class='ocrx_word' id='word_1_862' title='bbox 3300 5777 3401 5849; x_wconf 75' lang='grc' dir='ltr'>γὰρ</span> <span class='ocrx_word' id='word_1_863' title='bbox 3432 5771 3629 5836; x_wconf 79' lang='grc' dir='ltr'>λέγομεν</span> <span class='ocrx_word' id='word_1_864' title='bbox 3652 5755 3721 5806; x_wconf 65' lang='grc' dir='ltr'><strong>τὸν</strong></span> 
     </span>
    </p>
   </div>
  </div>
