3988 6518
242 365 387 432 2957

1422 351 1890 415 FRAGMENTA
1924 352 2382 417 DOGMATICA.

3374 358 3518 422 2958

240 476 486 549 Χριστὸν
520 473 616 529 καὶ
653 472 943 543 ἄνθρωπον
971 466 1064 522 τὸν
1101 465 1288 530 αὑτὸν.
1323 465 1464 534 ὅπερ
1493 464 1580 518 ἐπ’
1611 464 1836 518 ἐκείνων

1963 465 2196 521 :umdem
2217 465 2501 522 hominem
2533 466 2682 537 quod
2713 465 2769 522 in
2797 465 2919 523 istis
2946 467 3173 540 proprie
3195 464 3383 525 dicere
3409 486 3519 524 non

238 570 426 641 λέγειν
472 566 677 639 κυρίως
724 566 827 619 οὐκ
872 561 1087 633 ἔχομεν’
1138 558 1345 629 κυρίως
1389 556 1498 629 γὰρ
1545 554 1644 609 καὶ
1694 553 1837 608 κατὰ

237 663 506 735 ἀλήθειαν
562 658 697 723 Θεὸς
749 658 778 712 6
825 655 1102 728 Χριστόςο
1151 652 1234 707 διὸ
1287 649 1496 721 κυρίως
1549 648 1647 702 καὶ
1696 647 1839 703 κατὰ

239 758 504 828 ἀλήθειαν
539 754 805 809 Θεοτόκον
844 751 946 822 τῆν
988 749 1154 818 ἁγίαν
1190 743 1468 817 Παρθένον
1503 740 1708 813 φαμέν·
1743 741 1839 795 καὶ

240 854 455 925 κυρίως
508 848 630 906 κατ’
681 847 941 919 ἀλήθειαν
991 844 1281 915 ἄνθρωπος
1318 843 1348 894 6
1389 838 1573 901 αὐτὸς,
1622 835 1839 905 ἀληθῶς

240 944 562 1007 ἀποθανὼν,
618 940 838 1013 ἀληθῶς
887 936 1160 999 ἀναστάς⁸
1214 933 1405 987 τούτου
1460 930 1622 1001 χάριν
1676 927 1839 981 αὑτὸν

246 1038 385 1109 μίαν
416 1037 578 1107 φύσιν
611 1034 798 1097 ἁπλῶς
832 1034 1005 1086 εἰπεῖν
1033 1029 1317 1084 ἀδύνατον*
1357 1025 1445 1079 διὰ
1473 1021 1633 1078 τοῦτο
1660 1021 1840 1075 τοίνυν

238 1131 413 1198 ἡμεῖς
443 1128 533 1181 καὶ
554 1128 616 1180 ὲκ
641 1124 735 1179 δύο
763 1124 996 1193 λέγομεν
1018 1121 1256 1192 φύσεων,
1282 1116 1473 1186 ἐπειδὴ
1499 1116 1562 1169 ὲκ
1586 1114 1841 1184 θεότητος

240 1221 414 1273 αὑτὸν
467 1218 625 1289 ἴσμεν
680 1214 776 1269 καὶ
827 1210 1246 1283 άνθρωπότητος
1302 1206 1691 1275 συγκείμενον,
1748 1204 1842 1256 καὶ⁴

242 1308 527 1382 ἑτεροφιιῗ,
554 1309 621 1363 τὰ
648 1307 972 1361 συνελθόντα
1001 1302 1363 1373 γνωρίζομενο
1402 1298 1495 1352 καὶ
1526 1296 1621 1350 δύο
1650 1295 1842 1366 φύσεις

241 1401 561 1474 διαιρετοὺς
621 1396 881 1453 ὲπάὐτοῦ
941 1395 1212 1464 λέγομεν,
1287 1388 1475 1457 ἐπειδὴ
1544 1386 1677 1441 Θεὸν
1750 1385 1845 1438 καὶ

243 1495 543 1565 ἄνθρωπον
564 1491 770 1562 κυρίως
790 1488 880 1542 τὸν
903 1485 1069 1542 αὑτὸν
1087 1481 1229 1538 εἶναι
1250 1480 1570 1551 δοξάζομεψ
1593 1476 1844 1547 καθάπερ

242 1586 274 1637 6
337 1586 395 1637 ὲν
444 1581 623 1651 ἁγίοις
672 1582 809 1649 φησι
864 1574 1135 1647 Κύριλλος
1180 1574 1240 1626 ὲν
1292 1574 1357 1643 τῇ
1425 1568 1652 1640 δευτέρᾳ
1710 1567 1845 1636 πρὸς

243 1677 557 1731 Σούκενσον
610 1671 891 1743 ἐπιστολῇ,
948 1670 1101 1725 Ἕνα
1148 1665 1387 1721 καὶτὸν
1435 1661 1624 1716 αὐτόν
1666 1660 1845 1714 τοῦτο

244 1768 500 1824 κάκεῖνο
544 1764 913 1834 ὑπάρχονταο
968 1759 1064 1815 καὶ
1106 1757 1381 1827 σκόπησον
1427 1752 1504 1817 ὡς
1546 1752 1649 1805 οὐκ
1669 1746 1843 1815 εἶπεν,

241 1864 319 1916 ἐκ
361 1863 581 1917 τούτου
606 1859 889 1914 κάκείνου
916 1853 1271 1922 ὑπάρχοντα
1304 1848 1423 1920 (καὶ
1452 1844 1614 1900 τοῦτο
1645 1844 1754 1914 γὰρ
1781 1839 1849 1914 ἦν

242 1953 501 2025 ἀληθὲς),
537 1951 674 2005 ἀλλὰ
730 1948 906 2004 τοῦτο
952 1943 1199 2001 κάκεῖνο
1232 1938 1612 2010 ὑπάρχονταο
1644 1936 1706 1989 τὸ
1741 1936 1849 2004 γὰρ

240 2048 418 2103 τοῦτο
448 2047 689 2111 κάκεῖνο,
723 2042 819 2096 δύο
859 2041 1077 2101 πάντως
1104 2036 1246 2102 ἐστὶ,
1284 2034 1389 2088 κᾶν
1425 2030 1588 2093 αὐτὸς
1620 2028 1696 2100 μὴ
1726 2026 1851 2080 6ου-

244 2142 501 2211 Αηθείηςο
536 2139 697 2193 πάλιν
729 2136 787 2190 δὲ
813 2135 842 2188 6
873 2132 1037 2194 αὐτὸς
1062 2131 1199 2201 πρὸς
1227 2124 1592 2196 Οὐαλεριανὸν
1621 2122 1714 2175 τὸν
1751 2118 1847 2211 τοῦ

244 2209 506 2288 Είκονίου
561 2229 858 2284 ἐπίσκοπον
912 2222 1053 2277 οὕτω
1108 2219 1343 2291 γράψει’
1395 2212 1605 2271 Οὐκοῦν
1656 2209 1853 2281 ὁμολο-
1906 2250 1915 2260 .

243 2323 465 2393 γοῦμεν
492 2320 569 2393 ῶς
603 2318 701 2390 μὲν
734 2316 798 2370 τὸ
839 2312 948 2368 ἀπὸ
985 2310 1190 2383 σαρκὸς
1223 2305 1361 2378 σάρξ
1397 2306 1538 2368 ἐστι,
1582 2302 1643 2356 τὸ
1679 2300 1738 2353 δὲ
1784 2300 1849 2352 ὲκ

244 2418 394 2473 Θεοῦ
439 2417 592 2479 Θεός’
628 2415 746 2468 ἐστι
780 2411 839 2466 δὲ
881 2410 1021 2465 κατὰ
1050 2405 1250 2460 ταυτὸν
1292 2401 1583 2473 ἀμφότερα
1613 2394 1849 2469 Χριστὸς

244 2507 334 2575 εἷς
386 2509 461 2563 ὢν
490 2509 618 2573 Υἱὸς
657 2508 757 2561 καὶ
796 2500 877 2569 εἷς
909 2502 1115 2575 Κύριος
1159 2499 1299 2571 μετὰ
1345 2498 1445 2567 τῆς
1495 2494 1632 2556 ιδίας
1681 2488 1848 2544 αὐτοῦ

248 2602 500 2674 σαρκὸςο
553 2601 616 2656 τὸ
668 2599 727 2653 δὲ
782 2597 875 2650 τὸν
930 2592 1167 2664 Χριστὸν
1224 2588 1365 2644 εἶναι
1415 2584 1748 2657 ἀμφότερα,
1796 2580 1851 2674 τί

245 2672 448 2766 ἔτερόν
489 2696 658 2757 ἐστιν,
707 2689 866 2762 ἢδύο
910 2685 1049 2741 εἶναι
1094 2683 1286 2755 φύσεις
1331 2681 1423 2734 τὸν
1462 2674 1744 2749 Χριστόν;
1788 2672 1850 2725 οὐ

248 2786 373 2858 γὰρ
412 2781 565 2839 εἶπεν
596 2782 834 2837 ἐνταῦθα
861 2780 921 2846 ἐξ
947 2778 1274 2850 ἀμφοτέρων
1301 2770 1443 2828 εἶναι
1472 2771 1564 2824 τὸν
1592 2765 1850 2839 Χριστὸν,

248 2879 380 2933 ἀλλ’
403 2880 485 2933 ὅτι
514 2876 804 2948 ἀμφότερά
830 2877 976 2929 ἐστιν
1002 2875 1030 2928 6
1055 2869 1290 2943 Χριστὸς
1321 2861 1401 2930 εἷς
1433 2864 1529 2918 ῶν.

263 2995 381 3049 Ἐκ
421 2991 542 3046 τῶν
564 2990 859 3059 Εὐλογίου
898 2983 1246 3059 Συνηγοριῶκξ
1282 2980 1432 3059 πρίῖς
1462 2976 1606 3059 iam.
1638 2972 1853 3059 ’

331 3044 464 3129 τάξ,
492 3044 583 3115 ότι
616 3044 633 3113 έ
659 3044 870 3115 Είδύο
912 3044 1068 3129 goat}:
1103 3044 1342 3129 οὐσίας,
1370 3044 1417 3103 ὅν
1449 3048 1590 3129 ,ἐστι
1637 3044 1856 3129 φυσεις

334 3113 698 3202 iii-3,19“:
713 3113 1102 3202 ίπὰντιιῖςημίιι
1137 3113 1351 3202 γέγοκὲ
1384 3120 1601 3188 φύσιςο
1637 3113 1711 3167 τὰ
1742 3113 1854 3179 γὰρ

335 3195 653 3274 ἔνοῦμενά,
686 3202 926 3265 πάντως
957 3196 1029 3251 ἔν
1065 3213 1120 3250 τι
1154 3195 1397 3259 γίνεται.
1441 3208 1459 3239 ›

1936 574 2267 630 possumus;
2324 560 2550 630 proprie
2598 560 2745 615 enim
2776 569 2833 614 et
2871 561 3178 617 secundum
3227 560 3521 616 veritatem

1938 651 2194 708 Christus
2238 664 2324 709 est
2348 653 2531 719 Deus;
2560 653 2687 709 ideo
2713 654 2939 725 proprie
2961 664 3017 709 et
3041 653 3349 709 secundum
3375 657 3524 711 veri-

1939 757 2111 804 tatem
2153 748 2249 803 Dei
2300 748 2527 803 Matrem
2571 747 2853 819 Virginem
2899 756 3145 803 sanctam
3173 747 3441 815 dicimus;
3469 756 3524 803 et

1940 840 2167 911 proprie
2194 840 2503 896 secundum
2538 840 2829 896 veritatem
2882 839 3049 895 homo
3073 846 3159 895 est
3195 839 3365 906 idem,
3391 854 3524 895 vere

1941 943 2217 998 mortuus,
2260 948 2394 987 vere
2426 946 2743 1000 resurgens.
2764 930 3135 997 Quamobrem
3170 930 3326 985 illum
3362 946 3526 986 unam

1944 1022 2274 1092 simpliciter
2298 1030 2554 1077 naturam
2579 1021 2769 1078 dicere
2797 1021 3141 1092 impossibile
3174 1030 3278 1086 est,
3306 1030 3529 1091 propte-

1944 1130 2037 1170 rea
2066 1114 2234 1185 igitur
2254 1130 2356 1171 nos
2390 1123 2448 1171 et
2476 1131 2543 1171 ex
2578 1115 2794 1170 duabus
2822 1114 3041 1169 naturis
3072 1121 3329 1168 constare
3384 1113 3527 1168 dici-

1943 1224 2087 1274 mus,
2130 1225 2255 1263 cum
2299 1209 2592 1264 divinitate
2644 1208 2800 1262 illum
2844 1206 3051 1263 scimus
3095 1215 3153 1262 et
3184 1206 3529 1261 humanitate

1946 1308 2223 1366 constare,
2257 1310 2316 1357 et
2360 1300 2596 1355 diversa:
2629 1314 2751 1355 esse
2781 1309 2991 1354 naturae
3021 1298 3413 1368 componentia
3439 1312 3531 1353 co-

1946 1393 2284 1465 gnoscimus.
2321 1394 2481 1449 Dicas
2514 1406 2738 1462 quoque
2766 1400 2997 1446 naturas
3024 1390 3320 1448 distinctas
3354 1390 3410 1445 in
3437 1392 3531 1446 illo

1948 1488 2212 1553 dicimus,
2242 1503 2367 1542 cum
2399 1488 2571 1542 Deum
2610 1494 2667 1541 et
2709 1484 2991 1539 hominem
3021 1483 3246 1554 proprie
3273 1483 3529 1539 eumdem

1947 1592 2070 1632 esse
2099 1585 2440 1646 reputamus.
2473 1576 2629 1631 Sicut
2658 1584 2885 1631 sanctus
2911 1573 3150 1645 Cyrillus
3187 1573 3324 1629 dicit
3357 1575 3414 1628 in
3445 1589 3534 1631 se-

1950 1671 2131 1726 cunda
2183 1670 2249 1725 ad
2295 1668 2637 1725 Succensum
2672 1668 2931 1739 epistola,
2976 1667 3150 1723 Unum
3201 1676 3250 1721 et
3292 1666 3532 1722 eumdem

1949 1766 2044 1818 hoc
2067 1774 2115 1819 et
2142 1764 2277 1819 illud
2306 1781 2447 1830 esse;
2480 1772 2536 1819 et
2581 1763 2883 1821 notandum
2930 1762 3074 1817 hanc
3116 1776 3227 1816 non
3254 1760 3440 1817 dicere
3469 1778 3535 1815 ea.

1952 1859 2047 1912 hoc
2077 1867 2125 1913 et
2156 1858 2249 1912 illo
2284 1875 2412 1921 esse,
2444 1857 2594 1913 istud
2622 1858 2770 1912 enim
2801 1856 2946 1911 foret
2979 1870 3201 1920 verum,
3232 1855 3329 1911 sed
3360 1856 3456 1910 hoc
3483 1862 3532 1910 et

1950 1951 2088 2005 illud
2144 1968 2273 2006 esse.
2312 1952 2429 2007 Hoc
2478 1966 2677 2022 nempe
2711 1958 2768 2006 et
2812 1948 2951 2006 illud
2978 1950 3090 2005 duo
3115 1949 3345 2004 omnino
3379 1957 3532 2012 sunt.

1951 2044 2055 2099 etsi
2106 2043 2378 2099 nolueris.
2425 2044 2631 2098 lterum
2679 2042 2827 2099 idem
2876 2043 2945 2099 ad
2980 2042 3335 2100 Valerianum
3361 2039 3535 2096 Iconii

1950 2136 2277 2206 episcopum
2327 2135 2410 2190 sic
2466 2135 2700 2190 scribit:
2734 2136 2880 2205 Ergo
2932 2132 3259 2204 proﬁtemur
3310 2146 3538 2187 carnem

1951 2228 2179 2298 quidem
2206 2244 2238 2283 e
2264 2244 2431 2283 carne
2456 2243 2601 2291 esse,
2631 2229 2805 2283 Deum
2866 2242 2999 2282 vero
3035 2242 3105 2282 ex
3136 2227 3288 2289 Deo;
3320 2230 3405 2280 est
3435 2238 3538 2277 au-

1958 2329 2068 2375 tem
2097 2330 2326 2391 propter
2368 2320 2514 2374 idem
2539 2318 2798 2374 Christus
2828 2326 3087 2387 utraque,
3126 2332 3254 2372 cum
3285 2315 3359 2371 sit
3393 2330 3539 2370 unus

1956 2413 2129 2468 Filius
2175 2423 2234 2469 et
2278 2428 2423 2468 unus
2464 2412 2733 2467 Dominus
2772 2426 2897 2465 cum
2938 2410 3166 2479 propria
3213 2424 3312 2464 sua
3346 2422 3536 2462 carne.

1956 2506 2238 2561 Christum
2268 2514 2455 2560 autem
2491 2518 2614 2559 esse
2654 2512 2912 2572 utraque,
2936 2501 3070 2573 quid
3106 2499 3257 2557 aliud
3292 2507 3398 2562 est,
3431 2498 3539 2554 nisi

1958 2599 2097 2653 duas
2128 2612 2251 2653 esse
2279 2605 2509 2652 naturas
2538 2596 2593 2650 in
2619 2595 2884 2651 Christo?
2912 2609 3027 2649 non
3055 2593 3205 2648 enim
3250 2592 3365 2647 illic
3399 2589 3540 2645 dixit

1955 2706 2023 2745 ex
2061 2690 2310 2759 utrisque
2336 2703 2459 2744 esse
2486 2687 2795 2753 Christum,
2843 2686 2940 2742 sed
2976 2695 3215 2755 utraque
3256 2683 3540 2740 Christum

1954 2799 2075 2840 esse
2105 2799 2232 2840 cum
2280 2798 2426 2838 unus
2453 2781 2544 2837 sit.

1963 2964 2049 3020 Ex
2096 2962 2309 3031 Eulogii
2363 2959 2813 3031 Defensionibus
2861 2959 2932 3013 ad
2987 2975 3072 3013 eos
3108 2957 3212 3031 qui
3280 2955 3463 3009 dicunt
3518 2974 3537 3010 :

2038 3053 2056 3085 ‹
2102 3028 2356 3094 Unarn,si
2390 3031 2523 3085 duas
2547 3031 2718 3085 dicitis
2735 3030 3081 3092 substantias,
3100 3028 3155 3080 id
3183 3034 3260 3080 est
3287 3036 3538 3086 naturas,

2035 3106 2214 3159 unitas
2248 3118 2378 3168 esse,
2416 3103 2629 3156 omnino
2663 3101 2862 3171 factam
2890 3116 3003 3171 esse
3041 3108 3336 3162 naturam;
3362 3097 3540 3150 unitas

2033 3176 2195 3236 enim,
2230 3175 2445 3227 omnino
2493 3168 2671 3225 unum‘
2699 3172 2826 3241 quid
2866 3168 3005 3239 ﬁeri.
3048 3188 3066 3220 ι

1595 3307 1735 3373 Ang.
1764 3298 1867 3354 ΜΑι
1894 3296 1935 3351 l.
1967 3312 2015 3351 c.
2050 3309 2105 3363 p.
2140 3292 2228 3347 63.

339 3446 408 3502 El
433 3445 529 3517 μὲν
553 3441 616 3496 τὸ
651 3440 721 3496 ἓν
753 3458 805 3493 τι
844 3434 1099 3507 γενέσθαι
1129 3431 1274 3488 κατὰ
1296 3431 1397 3500 τὴν
1430 3435 1855 3517 χαρακτηριστιῖ

2030 3414 2090 3469 Si
2118 3410 2341 3483 quidem
2374 3424 2539 3463 unum
2559 3406 2693 3478 quid
2719 3403 2842 3461 ﬂeri
2872 3404 3178 3460 secundum
3201 3404 3542 3459 characteri-

258 3541 375 3610 κὴν
421 3538 721 3592 ὑπόστασιν
755 3532 1036 3604 βούλονται
1066 3522 1521 3585 κατασκευάζειν,
1554 3515 1731 3589 ὀρθῶς
1760 3512 1857 3566 καὶ

260 3634 393 3687 λίαν
427 3628 665 3691 εὐσεϐῶς
691 3627 787 3681 καὶ
826 3621 1036 3694 συνῳδὰ
1072 3622 1186 3682 τοῖς
1227 3618 1286 3670 ὲν
1319 3611 1623 3684 Χαλκηδόνι
1654 3610 1860 3678 δογμα-

260 3732 533 3796 τίζουσιν·
562 3728 804 3780 κάκεῖνοι
828 3721 937 3792 γὰρ
966 3718 1092 3789 μίαν
1120 3714 1421 3768 ὑπόστασιν
1441 3704 1855 3775 ἀποφαίνονται,

260 3792 367 3876 δύο
407 3822 580 3883 δὲτὰς
624 3816 810 3879 οὐσίας
834 3829 848 3843 °
880 3814 915 3884 ἡ
938 3810 1047 3882 γὰρ
1094 3805 1229 3878 σὰρξ
1255 3803 1438 3874 ἔμεινε
1473 3798 1633 3870 σὰρξ,
1674 3796 1722 3848 εί
1764 3792 1859 3845 καὶ

263 3915 369 3969 τοῦ
416 3912 551 3967 Θεοῦ
600 3911 773 3978 Λόγου
822 3903 961 3979 σὰρξ
1003 3901 1244 3970 ἐγένετο,
1288 3897 1317 3950 ὅ
1361 3895 1479 3947 ἔστι
1524 3886 1857 3979 προσείληφε

268 4006 458 4077 σάρκα
482 4004 576 4058 καὶ
600 4002 810 4074 ἥνωσεν
836 3977 1015 4065 ἑαυτῷ
1044 3988 1393 4077 άδιαιρέτως,
1416 3983 1493 4077 Οὐ
1518 3977 1860 4077 γὰρ-τροπὴν

267 4071 487 4164 ὑπέστη
507 4096 607 4166 τὴν
629 4071 711 4157 είς
736 4090 937 4162 σάρκα·
963 4086 1094 4147 Θεὸς
1116 4083 1226 4154 γὰρ
1246 4076 1604 4137 ἀναλλοίωτος
1626 4071 1861 4139 ὑπάρχει

265 4188 377 4256 τῆς
405 4165 635 4255 Τριάδος
658 4184 693 4253 ἡ
724 4179 904 4251 φύσιςο
937 4175 1013 4239 ὡς
1049 4174 1186 4244 ἔφην
1218 4165 1313 4224 οὖν
1352 4166 1649 4256 ἁσύγχυτοι
1682 4176 1864 4256 μεμε-ῖ-

270 4246 507 4349 ντέκασίν
544 4246 1116 4342 ὲντῶγἚμμανουὴλ
1159 4260 1238 4332 τῷ
1276 4260 1359 4313 ἑνὶ
1390 4251 1718 4349 Χριστῷ
1747 4246 1864 4349 Υἱιῖξ

270 4339 372 4424 τοῦ
404 4366 542 4422 Θεοῦ
592 4339 732 4436 μετά
770 4339 870 4432 την
909 4353 1326 4426 ὲνανθρὼπησιν
1361 4349 1418 4402 αἱ
1458 4345 1551 4399 δύο
1588 4342 1785 4436 οὐσίαιῖ
1815 4339 1865 4436 εί

274 4462 341 4516 δὲ
371 4462 500 4531 μίαν
532 4431 721 4513 οὐσίαν
748 4431 880 4523 φασὶ
903 4447 1190 4520 γεγονέναι
1222 4444 1319 4506 τὰς
1347 4441 1439 4494 δύο
1464 4436 1673 4531 φύσεις,
1709 4431 1867 4531 λελή-

277 4553 440 4605 θασιν
457 4548 682 4609 ἑαυτοὺς
704 4544 1045 4605 ἀπατῶντες,
1067 4539 1161 4592 καλ⁵
1185 4535 1445 4605 σύγχυσιν
1467 4529 1502 4599 ἢ
1518 4527 1723 4599 τροπὴν
1738 4524 1868 4576 ὑπο-

280 4644 583 4714 τιθέμενοι,
617 4640 694 4703 ὡς
721 4640 819 4707 τῆς
848 4637 976 4708 μιᾶς
1005 4628 1309 4702 τραπείσης
1353 4627 1433 4688 είς
1471 4622 1570 4692 τὴν
1613 4619 1806 4689 ἑτέραν

281 4737 647 4810 συγχυθείσης
669 4752 685 4767 ο

1959 3508 2153 3563 sticam
2170 3503 2583 3561 subsistentiam
2598 3501 2793 3555 volunt
2808 3508 3074 3561 statuere,
3098 3512 3245 3553 recte
3263 3508 3319 3552 et
3332 3496 3422 3567 pie
3441 3497 3543 3552 ad-

1959 3602 2186 3657 modum
2222 3608 2279 3655 et
2316 3598 2678 3655 conformiter
2700 3612 2826 3651 cum
2857 3595 3243 3651 Chalcedonia:
3282 3595 3543 3650 Patribus

1960 3694 2352 3768 dogmatizant.
2377 3692 2443 3746 lli
2463 3691 2611 3747 enim
2629 3705 2792 3745 unam
2806 3688 3220 3745 subsistentiam
3235 3688 3541 3749 declarant,

1961 3789 2099 3845 duas
2135 3795 2325 3842 autem
2353 3782 2764 3841 subsistentias.
2799 3780 2945 3837 Caro
2973 3780 3123 3836 enim
3149 3781 3356 3835 mansit
3388 3794 3541 3841 caro,

1962 3882 2065 3939 etsi
2089 3881 2184 3937 Dei
2207 3878 2365 3936 verbi
2394 3894 2526 3934 caro
2548 3880 2694 3937 facta
2713 3880 2806 3947 sit,
2830 3881 2883 3935 id
2896 3888 2983 3935 est
2997 3890 3223 3933 carnem
3241 3872 3545 3943 sumpserit
3574 3940 3579 3943 η

1962 3984 2019 4029 et
2034 3974 2143 4029 sibi
2168 3972 2616 4044 inseparabiliter
2642 3971 2885 4026 univerit
2905 3988 2920 4037 ;
2937 3984 3050 4024 non
3070 3967 3218 4022 enim
3236 3966 3292 4019 in
3316 3977 3544 4019 carnem

1964 4081 2270 4122 conversus
2295 4072 2411 4131 est;
2456 4080 2583 4118 nam
2612 4065 2758 4119 Deus
2789 4058 3157 4117 immutabilis
3193 4064 3280 4113 est
3321 4053 3545 4111 Triadis

1967 4173 2186 4214 natura.
2229 4159 2301 4215 Ut
2344 4158 2459 4213 dixi
2502 4158 2693 4228 igitur,
2752 4154 3058 4210 inconfusus
3105 4158 3430 4206 manserunt
3486 4148 3545 4202 in

1966 4251 2293 4308 Emmanuel
2321 4264 2433 4304 uno
2467 4248 2695 4304 Christo
2725 4247 2863 4303 Filio
2894 4244 2993 4300 Dei
3017 4251 3143 4315 post
3204 4238 3549 4296 incarnatio—

1967 4360 2096 4400 nem
2119 4344 2242 4398 duze
2269 4341 2633 4407 substantiae;
2663 4339 2749 4394 sin
2779 4345 2969 4392 autem
2988 4349 3155 4389 unam
3179 4330 3549 4388 substantiam

1968 4435 2162 4490 dicunt
2186 4433 2357 4488 factas
2389 4447 2511 4487 esse
2541 4430 2682 4485 duas
2708 4437 2959 4495 naturas,
2994 4426 3215 4495 seipsos
3262 4421 3552 4492 decipien—

1971 4538 2053 4583 tes
2076 4526 2292 4588 fallunt,
2333 4538 2460 4578 cum
2512 4521 2897 4577 confusionem
2960 4532 3061 4572 seu
3125 4512 3550 4571 conversionem

1968 4627 2238 4684 statuant,
2257 4626 2519 4686 tanquam
2556 4630 2666 4669 una
2712 4625 2982 4668 conversa
3021 4608 3192 4665 fuerit
3217 4607 3274 4660 in
3320 4606 3553 4661 alteram

731 4697 813 4786 ὅτι
848 4697 962 4801 γὰρ
1009 4697 1080 4780 τά
1122 4722 1383 4792 ὲνούμενα
1440 4716 1723 4786 ἀτρέπτως
1774 4711 1855 4763 καλ

1974 4724 2071 4770 aut
2101 4729 2227 4770 cum
2253 4713 2424 4768 altera
2453 4708 2705 4765 confusa.
2737 4703 2897 4771 Quod
2925 4703 3076 4757 enim
3098 4699 3270 4754 unitas
3297 4697 3556 4753 substan-

278 4783 963 4903 ἆξᾷξᾷύτωξφυλᾎέτέτοξι
991 4822 1048 4874 ὲν
1073 4820 1140 4890 τῇ
1172 4783 1348 4885 οἰκεία
1394 4783 1673 4877 ποσότητι,
1712 4802 1855 4903 τοῦτ(

1977 4810 2065 4864 tiae
2102 4808 2311 4876 absque
2339 4801 2707 4859 conversione
2738 4805 2794 4852 et
2833 4794 3167 4851 confusione
3209 4804 3553 4845 conserven-

2102 4901 2109 4903 .
2361 4896 2372 4903 .
2703 4900 2712 4903 _
2811 4889 2827 4903 .
3151 4883 3307 4903 ηις,
3372 4887 3521 4903 μ.--

282 4896 470 4996 σαφῶς
491 4926 621 4994 ὑμῖν
646 4896 984 4989 παραστήσω
1004 4913 1094 4967 διὰ
1108 4906 1551 4981 παραδείγματος
1572 4900 1682 4952 τῶν
1702 4896 1870 4996 τριῶν

280 4992 637 5074 ὑποστάσεων
676 5010 999 5082 άδιαιρέτως
1050 5006 1145 5059 καὶ
1197 4998 1523 5075 ἀσυγχύτως
1571 4992 1869 5082 ἡνωμένων

280 5112 425 5168 κατὰ
456 5110 554 5182 τὴν
579 5106 790 5169 οὐσίαν,
823 5101 971 5173 φημὶ⁹
989 5099 1045 5154 δὲ
1077 5096 1211 5168 πρὸς
1242 5090 1456 5162 Πατρὸς
1486 5086 1582 5182 καὶ
1613 5083 1745 5182 Υίοὺ
1779 5081 1873 5182 καὶ

282 5206 440 5274 ἁγίου
479 5172 832 5271 ῐίνεύματος⁹
876 5172 938 5248 οὐ
984 5191 1095 5263 γὰρ
1138 5189 1226 5242 διὰ
1276 5184 1338 5238 τὸ
1386 5172 1868 5274 ἡνῶσθαιᾴαὑτάς,

286 5270 385 5369 μία
431 5270 729 5354 ὑπόστασις
764 5288 1052 5359 γεγόνασιν
1077 5324 1092 5349 ,
1134 5280 1247 5336 ἀλλ’
1276 5274 1553 5349 ἡνωμέναι
1599 5270 1697 5343 μέν
1732 5271 1871 5369 εἰσιν

285 5360 430 5447 κατὰ
465 5389 566 5458 τὴν
602 5384 812 5449 οὐσίαν,
849 5383 906 5435 ὲν
937 5377 1090 5449 τρισὶ⁴
1121 5376 1177 5429 δὲ
1215 5372 1308 5426 καὶ
1338 5367 1643 5441 ήνωμέναις
1672 5360 1872 5458 γνωρί-

288 5484 471 5548 ζονται
512 5476 908 5533 ὑποστάσεσινο
945 5471 1116 5533 οὕτως
1148 5466 1242 5520 και
1286 5462 1378 5516 ἐπὶ
1416 5460 1514 5530 τῆς
1561 5454 1873 5525 οἰκονομίας

286 5576 383 5631 τοῦ
427 5571 666 5645 Χριστοῦ
721 5568 815 5621 δύο
865 5565 1045 5618 οὐσίαι
1095 5558 1374 5632 ἡνωμέναι
1416 5550 1738 5621 ἀδιαιρέτως
1781 5548 1876 5601 καὶ⁵

289 5643 611 5740 ἁσυγχὺτως
642 5664 979 5735 ὑπάρχουσιν
996 5676 1008 5688 ·
1039 5656 1241 5710 κείσθω
1262 5652 1318 5706 δὲ
1342 5649 1402 5703 τὸ
1426 5647 1774 5740 παράδειγμα
1801 5643 1879 5740 εἰς

296 5733 467 5833 μόνον.
495 5762 556 5814 τὸ
588 5733 940 5827 παραστῆσαι
974 5749 1034 5802 τὸ
1074 5744 1367 5816 πρόὸλημα
1395 5739 1456 5791 τό
1489 5735 1685 5807 σαθρόν
1709 5751 1722 5764 °
1760 5733 1883 5786 ἐπεὶ

290 5826 353 5911 τὸ
400 5854 499 5927 τῆς
548 5855 607 5909 ἐν
658 5844 882 5923 Χριστῷ
940 5840 1207 5904 ἐνώσεως,
1263 5834 1499 5906 ἔμπαλιν
1560 5828 1593 5899 ἦ
1646 5828 1737 5883 ἐπὶ
1786 5826 1883 5898 τῆς

1981 4910 2069 4954 tur
2101 4901 2154 4954 in
2186 4896 2410 4969 propria
2442 4892 2773 4963 quantitate,
2811 4889 2922 4943 hoc
2977 4886 3123 4941 clare
3151 4883 3309 4937 vobis
3367 4887 3558 4936 osten-

1980 4993 2106 5047 dam
2125 5006 2225 5060 per
2255 4986 2568 5055 exemplum
2604 4982 2771 5036 trium
2822 4974 3310 5033 subsistentiarum
3348 4970 3558 5025 indivi-

1979 5084 2215 5139 sibiliter
2244 5089 2301 5135 et
2331 5076 2621 5133 inconfuse
2655 5073 2937 5127 unitarum
2958 5065 3269 5123 secundum
3299 5064 3562 5118 substan-

1980 5177 2143 5239 tiam;
2166 5173 2235 5228 de
2258 5172 2418 5226 Patre
2453 5168 2596 5230 dico,
2630 5165 2768 5220 Filio
2798 5172 2854 5217 et
2914 5157 3126 5230 Spiritu
3180 5162 3395 5211 sancto.
3438 5152 3562 5207 Non

1979 5269 2127 5324 enim
2158 5267 2265 5321 illae
2290 5262 2669 5334 perunionem
2724 5270 2832 5310 una
2878 5249 3187 5309 substantia
3250 5249 3406 5311 ﬁunt,
3463 5244 3563 5299 sed

1982 5362 2150 5418 unita:
2178 5357 2403 5430 quidem
2428 5363 2561 5410 sunt
2595 5348 2903 5407 secundum
2950 5342 3341 5405 substantiam,
3376 5340 3433 5393 in
3462 5340 3565 5391 tri-

1982 5457 2087 5511 bus
2114 5462 2297 5507 autem
2314 5460 2370 5505 et
2390 5446 2561 5504 unitis
2579 5439 2959 5499 subsistentiis
2979 5452 3102 5492 esse
3125 5439 3561 5504 cognoscuntur;

1981 5551 2056 5604 ita
2086 5548 2143 5601 in
2174 5542 2382 5601 Christi
2401 5536 2766 5610 dispositione
2789 5532 2912 5587 duae
2948 5526 3273 5584 substantiae
3312 5530 3443 5578 sunt
3483 5522 3567 5575 in-

1982 5638 2341 5699 divisibiliter
2394 5643 2451 5689 et
2515 5628 2803 5686 inconfuse
2868 5622 3060 5677 unitaz.
3114 5618 3434 5676 Proferatur
3461 5615 3567 5668 hoc

1985 5732 2297 5802 exemplum
2318 5723 2666 5782 solummodo
2698 5720 2761 5774 ad
2796 5714 3197 5773 ostendendam
3238 5718 3569 5765 controver-

1988 5825 2124 5882 siam
2148 5795 2369 5878 inanem
2405 5832 2566 5883 esse;
2597 5829 2721 5869 cum
2749 5810 2879 5867 unio
2909 5810 2965 5864 in
2986 5805 3212 5862 Christo
3238 5817 3349 5857 non
3374 5795 3571 5853 eadem
