3988 6488
520 320 662 385 2959

1522 324 1585 388 S.
1627 323 1942 386 EULOGII
1981 324 2334 385 ARCHIEP.
2376 321 2751 383 ALEXAND.

3614 322 3729 389 2960

522 437 593 491 sit
625 450 689 489 ac
720 434 774 489 in
799 434 1021 490 Triade.
1054 434 1156 492 Hic
1205 436 1351 491 enim
1387 436 1528 492 alius
1583 447 1639 494 et
1668 440 1831 505 alius,
1865 456 1933 496 ne
1961 439 2096 494 sub-

2202 437 2427 509 Τριάδος
2455 438 2589 509 ἔχει·
2629 439 2746 492 ἐκεῖ
2778 439 2877 509 μὲν
2902 437 3011 508 γὰρ
3047 436 3201 498 ἄλλος
3230 436 3326 491 καὶ
3359 434 3531 503 ἄλλος,
3568 440 3643 493 ἵνα
3669 442 3733 513 μὴ

520 524 803 581 sistentias
824 525 1248 592 confundamus,
1290 543 1403 582 non
1434 529 1582 584 aliud
1615 540 1671 585 et
1716 531 1897 594 aliud;
1924 547 2093 585 unum

520 619 668 672 enim
718 626 774 673 et
833 618 976 673 idem
1029 618 1133 673 tria
1170 628 1299 673 sunt
1350 621 1406 673 in
1442 620 1753 677 divinitate.
1789 622 1846 675 In
1880 622 2096 677 Emma-

522 711 655 764 nuel
697 720 881 765 autem
937 711 1087 765 aliud
1144 721 1229 767 est
1281 712 1566 776 divinitas,
1598 714 1749 767 aliud
1778 715 2096 769 humanitas

523 818 593 857 ne
614 803 951 858 substantias
979 805 1405 860 confundamus.
1450 805 1569 860 Non
1607 805 1754 860 enim
1791 806 1933 860 idem
1964 815 2096 860 sunt

523 904 795 947 aeternum
821 902 877 949 et
899 896 1222 964 temporale,
1252 895 1468 950 visibile
1501 906 1557 951 et
1606 896 1923 962 invisibile;
1983 912 2095 951 non

523 992 707 1038 autem
730 984 937 1039 dicitur
965 986 1109 1041 alius
1132 992 1187 1039 et
1217 986 1379 1048 alius,
1412 1002 1480 1040 ne
1503 988 1611 1043 hoc
1642 988 1753 1042 ﬁat.
1786 988 1906 1042 Duo
1944 990 2094 1043 enim

524 1075 731 1130 unione
755 1092 919 1131 unam
939 1092 1229 1147 personam
1256 1076 1500 1132 eﬂiciunt
1528 1087 1585 1132 et
1616 1094 1778 1133 unam
1804 1078 2093 1134 characte-

524 1168 767 1225 risticam
800 1169 1236 1224 subsistentiam.

897 1280 980 1335 Ea:
1020 1279 1235 1351 Eulogii
1278 1279 1717 1335 Defensionibus.

595 1398 673 1452 Ne
703 1412 833 1467 ergo
863 1396 1083 1466 negotia
1114 1395 1274 1450 nobis
1304 1396 1692 1465 praestent,qui
1726 1396 1867 1450 nihil
1899 1410 2096 1450 sanum

525 1491 765 1560 cogitare
798 1488 1007 1551 volunt,
1036 1486 1133 1541 sed
1164 1486 1573 1541 inconsiderate
1597 1488 1867 1557 garriunt,
1895 1496 1949 1541 et
1973 1502 2095 1541 rec-

524 1591 633 1635 tam
656 1588 712 1635 et
746 1577 1288 1647 irreprehensibilem
1319 1577 1482 1631 ﬁdem
1519 1587 1779 1632 excutere
1822 1580 2094 1633 nituntur.

523 1674 634 1728 Nos
662 1672 809 1727 enim
834 1686 1005 1725 unum
1036 1669 1318 1725 Christum
1371 1670 1467 1724 Dei
1520 1670 1720 1723 Filium
1779 1669 2094 1734 adoramus,

526 1765 581 1818 in
622 1779 786 1818 carne
842 1762 1021 1817 visum
1052 1762 1139 1816 bis
1164 1762 1257 1831 qui
1299 1763 1354 1816 in
1404 1772 1555 1816 terra
1608 1762 1852 1832 degunt;
1894 1762 2097 1816 distin-
2128 1798 2170 1853 Β

524 1857 765 1911 ctionem
817 1863 1000 1909 tamen
1056 1853 1403 1907 divinitatem
1460 1853 1607 1907 inter
1633 1862 1689 1907 et
1736 1868 1957 1907 carnem
1995 1853 2094 1907 ad-

524 1946 815 2001 mittimus.
850 1945 997 1998 Deus
1023 1943 1171 1999 enim
1200 1942 1441 1997 Verbum
1471 1951 1733 2003 mternus.
1763 1951 1847 1998 est
1877 1944 2094 1997 increa-

524 2049 635 2103 tus,
682 2035 1059 2105 impassibilis,
1109 2044 1165 2089 et
1211 2050 1332 2102 qua:
1376 2033 1575 2087 decent
1622 2034 1866 2088 divinam
1914 2033 2097 2103 perfe-

524 2130 788 2184 ctionem.
815 2126 957 2182 Caro
981 2134 1165 2179 autem
1199 2125 1345 2179 illius
1376 2140 1545 2178 unum
1581 2125 1791 2195 aliquid
1822 2140 1948 2178 cum
2002 2124 2096 2178 illo

524 2219 764 2273 elliciens
793 2233 893 2287 per
940 2228 1147 2272 arctam
1184 2225 1240 2271 et
1292 2216 1769 2273 subsistentialem
1810 2216 2096 2279 unionem,

524 2311 593 2365 de
622 2326 729 2380 qua
764 2309 1124 2379 propheticus
1160 2308 1397 2363 Joannes
1433 2309 1653 2373 clamat,
1707 2308 1931 2369 Verbum
1973 2324 2098 2360 caro

525 2406 723 2473 factum
745 2410 819 2455 est
848 2411 896 2455 et
923 2401 1175 2455 habitavit
1200 2402 1253 2453 in
1287 2400 1430 2454 nobis
1452 2401 1492 2465 ³,
1525 2399 1863 2471 temporalis,
1888 2408 2094 2465 creata,

523 2494 798 2566 passibilis
857 2500 960 2549 est.
1025 2492 1229 2549 Omnes
1292 2502 1474 2548 autem
1537 2494 1657 2549 illas
1719 2493 1904 2549 carnis
1967 2509 2095 2563 pro-

525 2586 791 2655 prietates
816 2583 1145 2654 proﬁtemur
1174 2582 1347 2638 factas
1368 2598 1490 2639 esse
1510 2599 1735 2653 quoque
1769 2584 1869 2639 Dei
1888 2583 2055 2639 Verbi
2080 2599 2095 2647 ;

525 2690 653 2729 nam
679 2676 723 2728 si
751 2674 977 2744 propria
1007 2675 1127 2745 ejus
1155 2688 1284 2729 caro
1314 2673 1504 2739 fuerit,
1545 2673 1776 2730 evidens
1804 2684 1889 2730 est
1912 2675 2098 2730 carnis

526 2764 893 2834 proprietates
936 2764 1055 2834 ejus
1106 2778 1327 2834 quoque
1374 2763 1589 2820 futuras
1643 2780 1786 2820 esse.
1837 2764 2098 2835 Proprias

525 2855 673 2909 enim
698 2854 805 2911 sibi
831 2856 952 2911 illas
982 2856 1133 2921 facit,
1171 2858 1276 2912 etsi
1324 2873 1437 2913 non
1484 2857 1813 2928 subjiciatur
1862 2858 1968 2913 illis
2013 2857 2100 2911 di-

525 2947 655 3001 vina
684 2948 803 3018 ejus
835 2958 1049 3003 natura.
1096 2949 1317 3003 Etenim
1371 2964 1566 3004 omnes
1613 2946 1786 3004 Verbi
1825 2949 1925 3004 Dei
1971 2962 2096 3003 esse

524 3044 650 3104 post
676 3037 1109 3093 incarnationem
1160 3040 1345 3095 carnis
1388 3040 1508 3111 ejus
1566 3038 1960 3109 proprietates,
2010 3037 2095 3091 di-

2195 534 2293 596 τὰς
2320 533 2645 595 ὑποστάσεις
2690 534 3039 603 συγχέωμεν,
3073 534 3174 586 οὑκ
3205 534 3331 587 ἄλλο
3376 532 3434 593 δὲ
3478 535 3567 587 καὶ
3594 536 3729 589 mo-

2196 624 2255 677 ἓν
2293 624 2401 697 γὰρ
2444 625 2514 678 τὰ
2553 625 2681 694 τρία
2726 628 2820 679 καὶ
2860 625 3057 679 ταυτὸν
3102 627 3170 695 τῇ
3215 625 3450 694 θεότητι·
3494 624 3549 677 έν
3593 626 3641 680 δὲ
3668 630 3731 700 τῷ

2211 717 2557 787 Ἐμμανουήλ
2588 718 2715 773 ἄλλο
2751 719 2848 788 μὲν
2881 717 3093 786 θεότης,
3122 717 3251 771 ἄλλο
3293 717 3351 770 δὲ
3397 716 3733 790 άνθρωπότης,

2198 809 2287 863 ἵνα
2343 809 2417 879 μὴ
2473 810 2573 874 τὰς
2624 811 2812 874 οὑσίας
2863 810 3181 880 συγχέωμεν
3211 810 3314 863 ὀὑ
3348 808 3456 881 γὰρ
3500 812 3645 866 ταυτδ
3688 816 3736 868 τὸ

2198 900 2423 971 ἄχρονον
2443 901 2522 972 τῷ
2556 902 2613 954 ὲν
2641 902 2848 971 χρόνῳ,
2873 902 2966 954 καὶ
2992 900 3053 953 τὸ
3080 901 3274 971 ὁρατὸν
3307 900 3385 970 τῷ
3415 902 3632 972 ἀοράτῳ
3656 907 3737 959 οὑκ

2197 992 2355 1054 ἄλλος
2382 992 2438 1045 δὲ
2468 993 2561 1046 καὶ⁵
2586 992 2763 1059 ἄλλος,
2802 993 2876 1064 μὴ
2904 992 3132 1060 γένοιτοο
3166 993 3233 1047 τὰ
3262 992 3374 1064 γὰρ
3401 994 3661 1065 ἀμφότερα
3684 1000 3735 1069 τῇ

2198 1081 2388 1134 ένώσει
2423 1080 2482 1133 ἓν
2516 1081 2809 1152 πρόσωπον
2841 1082 3176 1152 ἀπετελέσθη
3196 1120 3211 1147 ,
3247 1082 3345 1134 καὶ
3380 1082 3507 1151 μίαν
3540 1084 3736 1138 Orabam-

2201 1186 2285 1223 σιν
2313 1171 2837 1241 χαρακτηριστικήν.

2491 1283 2592 1336 Ἕκ
2631 1279 2750 1334 τῶν
2786 1283 3085 1353 Εὐλοτίου
3126 1283 3495 1353 Συνηγοριῶν.

2268 1396 2359 1468 Μὴ
2387 1398 2565 1449 τοίνυν
2604 1397 2907 1467 πράγματα
2937 1397 3070 1467 ἡμῖν
3101 1396 3493 1466 παρεχέτωσαν
3522 1396 3567 1450 oi
3603 1399 3739 1470 μηδὲν

2199 1488 2349 1555 ὑγιὲς
2382 1490 2521 1540 νοεῖν
2563 1486 2895 1558 βουλόμενοι,
2931 1487 3065 1540 ἀλλὰ
3108 1487 3284 1557 μάτην
3325 1486 3739 1554 εἰκαιολογοῦντες

2199 1580 2292 1630 καὶ
2329 1579 2427 1649 τὴν
2465 1577 2628 1649 ὀρθὴν
2669 1578 2763 1632 καὶ
2804 1577 3104 1649 ἀμώμητον
3134 1576 3368 1649 [πίστιν]
3405 1577 3738 1651 διαταράττειν

2198 1663 2630 1734 ἐπιχειροῦντες·
2674 1668 2835 1735 ἡμεῖς
2885 1665 2991 1739 γὰρ
3046 1665 3141 1719 ἕνα
3198 1668 3435 1737 Χριστὸν
3478 1668 3595 1722 Υἱὸν
3629 1669 3739 1724 Θεοῦ

2200 1755 2612 1826 προσκυνοῦμεν
2643 1758 2808 1828 σαρκὶ
2834 1757 3067 1826 ὀφθέντα
3095 1762 3206 1823 τοῖς
3240 1761 3336 1813 ἐπὶ
3368 1760 3490 1830 γῆς·
3517 1761 3741 1833 διαφορὰν

2202 1843 2385 1913 μέντοι
2433 1846 2529 1917 τῆς
2574 1846 2828 1916 θεότητος
2872 1849 3008 1919 πρὸς
3047 1851 3146 1918 τὴν
3193 1852 3375 1922 σάρκα
3412 1851 3737 1919 γινώσκομεν·

2199 1937 2293 1990 καὶ
2328 1936 2437 2007 γὰρ
2470 1939 2497 1991 ό
2531 1937 2664 2001 Θεὸς
2716 1939 2891 2006 Λόγος
2931 1939 3173 2011 ἄχρονος,
3225 1942 3495 2007 ἄκτιστος,
3541 1943 3737 2014 ἀπαθὴς,

2199 2029 2293 2096 καὶ
2348 2030 2449 2084 ὅσα
2499 2031 2699 2102 πρέπει
2750 2034 2815 2102 τῇ
2867 2031 2987 2102 θεία
3038 2033 3427 2107 μεγαλωσύνη·
3470 2037 3503 2105 ἡ
3546 2036 3598 2088 δὲ
3633 2039 3740 2107 σὰρξ

2197 2119 2360 2172 αὑτοῦ
2401 2120 2460 2172 ἓν
2502 2138 2552 2173 τι
2596 2122 2917 2193 ὑπάρχουσα
2951 2125 3086 2193 πρὸς
3118 2126 3281 2177 αὑτὸν
3334 2126 3421 2179 διὰ
3469 2128 3563 2196 τὴν
3597 2128 3741 2197 ἄκραν

2199 2212 2297 2265 καὶ
2352 2212 2712 2268 ὲνυπόστατον
2766 2215 2990 2281 ἕνωσιν,
3044 2218 3112 2270 δι’
3158 2219 3224 2287 ἣν
3275 2218 3369 2270 καὶ
3422 2220 3451 2272 ὁ
3497 2218 3741 2283 θεσπέσιος

2212 2305 2460 2375 Ἰωάννης
2497 2305 2627 2376 βοᾷ·
2674 2306 2735 2360 '0
2774 2308 2956 2376 λόγος
2992 2310 3150 2377 σὰρξ
3183 2308 3422 2379 ἐγένετο
3466 2309 3555 2363 καὶ
3590 2310 3740 2374 ἐσκή-

2196 2412 2394 2450 νωσεν
2420 2397 2490 2450 ἐν
2518 2396 2683 2466 ἡμῖν,
2715 2397 2970 2469 έγχρονος
3004 2400 3264 2471 ὑπάρχει.
3300 2401 3511 2471 κτιστὴ,
3536 2402 3737 2470 παθητήο

2198 2486 2374 2540 πάντα
2417 2487 2474 2540 δὲ
2522 2488 2695 2543 ταῦτα
2742 2491 2841 2560 τῆς
2891 2492 3091 2562 σαρκὸς
3130 2492 3497 2563 ὁμολογοῦμεν
3530 2492 3739 2560 γενέσθαι

2196 2578 2288 2630 τοῦ
2335 2578 2470 2632 Θεοῦ
2516 2579 2711 2648 Λόγουο
2760 2582 2809 2634 εὶ
2857 2581 2965 2653 γὰρ
3002 2583 3106 2637 ἰδία
3135 2582 3302 2637 αὑτοῦ
3350 2586 3384 2654 ή
3426 2584 3573 2653 σάρξ,
3612 2584 3737 2654 δῆλον

2196 2669 2279 2721 ὅτι
2316 2670 2410 2722 καὶ
2459 2670 2527 2723 τὰ
2564 2670 2663 2739 τῆς
2709 2672 2911 2739 σαρκὸς
2953 2674 3130 2727 πάντα
3173 2672 3343 2728 αὑτοῦ
3379 2673 3545 2727 ἔσται’
3576 2676 3737 2727 οἰκειο-

2197 2764 2429 2815 ποιετται
2459 2761 2568 2833 γὰρ
2590 2762 2752 2830 αὐτὰ,
2780 2765 2829 2816 εἰ
2857 2764 2950 2817 καὶ
2976 2764 3049 2834 μὴ
3082 2765 3344 2819 ὑπέκειτο
3365 2765 3568 2829 τούτοις
3593 2764 3737 2836 ήνθεεα

2195 2850 2361 2904 αὑτοῦ
2419 2851 2609 2920 φύσις·
2635 2854 2718 2907 ὅτι
2748 2855 2856 2925 γάρ
2897 2856 3075 2909 πάντα
3121 2855 3218 2909 τοῦ
3251 2855 3392 2909 Θεοῦ
3447 2856 3609 2923 Λόγου
3642 2856 3737 2908 ἐστὶ

2199 2943 2335 3011 μετὰ
2381 2942 2477 3012 τὴν
2522 2944 2933 3016 ένανθρώπησιν
2986 2947 3055 3000 τά
3100 2947 3203 3016 τῆς
3256 2946 3463 3018 σαρκὸς
3504 2947 3734 3012 αὑτοῦ,ἠ

2197 3029 2315 3085 Θεία
2360 3031 2550 3103 Γραφὴ
2576 3035 2720 3104 ἡμᾶς
2768 3033 3029 3089 παιδεύειο
3062 3037 3197 3107 φησὶ
3229 3039 3344 3108 γὰρ
3365 3077 3379 3100 ,
3418 3037 3738 3106 Ἑωράκαμεν

528 3127 655 3180 vina
686 3126 966 3196 Scriptura
998 3144 1099 3185 nos
1136 3130 1317 3196 docet,
1353 3130 1489 3185 dicit
1515 3130 1704 3186 enim:
1738 3129 1971 3184 Vidimus
1996 3129 2099 3183 Do-

2204 3120 2312 3175 τὸν
2339 3122 2578 3190 Κύριον,
2608 3123 2669 3176 τὸ
2700 3126 3105 3195 συναμφότερον
3129 3126 3389 3195 λέγουσα·
3420 3130 3448 3181 ό
3468 3129 3567 3199 γὰρ
3596 3130 3735 3198 ἑωρα-

529 3218 754 3281 minum,
780 3228 1074 3288 utrumque
1098 3220 1435 3291 signiﬁcans.
1472 3220 1574 3288 Qui
1629 3222 1776 3277 enim
1810 3222 1947 3276 vidit
1979 3236 2100 3276 car-

530 3325 654 3363 nem
681 3309 909 3374 Christi,
931 3319 1108 3365 totum
1132 3311 1296 3376 vidit,
1329 3312 1770 3385 etsilinvisibilis
1805 3322 2001 3367 natura
2027 3312 2101 3366 sit

529 3400 819 3464 divinitas;
840 3408 897 3454 et
918 3400 1116 3456 iterum
1140 3401 1454 3457 :Dominum
1477 3402 1661 3473 gloria
1680 3420 1784 3458 non
1806 3402 2102 3463 cruciﬁxi:-

528 3500 643 3545 sent
672 3493 714 3555 ⁸,
740 3491 925 3547 divina
947 3508 1143 3562 nempe
1172 3502 1368 3548 natura
1430 3495 1524 3549 illo
1552 3510 1661 3549 non
1696 3495 1957 3564 patiente,
2004 3494 2099 3549 sed

531 3584 755 3653 propria
817 3599 1005 3640 carne.
1055 3586 1328 3641 Docemur
1380 3602 1512 3657 ergo
1563 3587 1651 3642 his
1698 3588 1958 3643 omnibus
2003 3586 2101 3641 Dei

530 3676 697 3731 Verbi
733 3677 1002 3732 incarnati
1036 3677 1211 3733 fuisse
1244 3688 1300 3733 et
1326 3678 1544 3735 divinas
1569 3688 1625 3735 et
1665 3681 1934 3735 humanas
1969 3695 2100 3749 pro-

530 3768 831 3837 prietates;
857 3768 954 3823 sed
980 3769 1039 3823 in
1065 3768 1152 3823 bis
1185 3770 1388 3839 quibus
1416 3770 1621 3826 dicitur
1661 3772 1943 3827 Christum
1970 3786 2097 3826 esu-

531 3861 747 3925 rivisse,
774 3861 1044 3927 sitivisse,
1072 3871 1275 3918 tactum
1315 3872 1411 3917 aut
1462 3878 1683 3933 passum
1722 3863 1911 3927 fuisse,
1965 3874 2100 3933 puto

532 3949 687 4003 illum
739 3966 849 4004 non
910 3950 966 4005 iu
1033 3950 1219 4006 divina
1249 3959 1447 4006 natura
1496 3951 1611 4006 haec
1635 3959 1921 4021 expertum
1955 3965 2098 4015 esse,

532 4039 627 4094 sed
664 4040 718 4094 in
773 4057 936 4098 carne
982 4058 1146 4113 quam
1202 4053 1533 4115 sumpserat,
1567 4050 1623 4098 et
1670 4058 1769 4113 per
1819 4056 1984 4111 quam
2043 4050 2103 4095 ut

530 4130 697 4183 homo
724 4139 1085 4186 conversatus
1099 4140 1202 4186 est.

2203 3210 2315 3276 κὼς
2343 3213 2441 3283 τῷ
2478 3213 2654 3282 σάρκα
2688 3216 2781 3269 τοῦ
2813 3217 3071 3288 Χριστοῦ,
3108 3218 3230 3272 ὅλον
3270 3220 3556 3283 ἐθεάσατο,
3582 3222 3624 3273 ει
3660 3223 3731 3275 καὶ

2204 3305 2430 3369 ἀθέατος
2462 3308 2520 3359 τὸ
2550 3307 2688 3362 κατὰ
2711 3307 2871 3377 φύσιν
2900 3311 2933 3379 ἡ
2963 3310 3153 3382 θεότης
3178 3312 3446 3384 ὑπῆρχεν
3477 3314 3562 3367 καὶ
3585 3313 3731 3378 πάλιν,

2210 3398 2330 3450 Οὐκ
2363 3397 2440 3451 ἂν
2475 3398 2581 3451 τὸν
2607 3400 2825 3469 Κύριον
2860 3400 2972 3469 τῆς
2992 3401 3177 3469 δόξης
3203 3404 3585 3472 ἐσταύρωσαν
3601 3421 3615 3437 ·
3638 3404 3734 3457 καί·

2207 3504 2289 3541 τοι
2334 3492 2402 3559 τῇ
2453 3490 2574 3562 θεία
2638 3491 2799 3560 φύσει
2844 3493 3006 3547 αὑτοῦ
3062 3494 3137 3564 μὴ
3185 3495 3480 3561 παθόντος,
3530 3494 3647 3549 ἀλλὰ
3679 3494 3730 3565 τῇ

2208 3580 2384 3651 οἰκεία
2414 3583 2612 3651 σαρκί·
2645 3583 3009 3655 διδασκόμεθα
3044 3583 3139 3640 οὖν
3179 3588 3240 3639 έν
3276 3588 3412 3642 πᾶσι
3443 3586 3645 3650 τούτοις,
3669 3586 3730 3638 ὅτι

2206 3672 2299 3725 τοῦ
2327 3674 2461 3726 Θεοῦ
2490 3674 2661 3743 Λόγου
2696 3676 3068 3742 σαρκωθέντος
3095 3673 3164 3749 ἦν
3190 3678 3262 3733 τά
3286 3694 3347 3733 τε
3378 3679 3630 3749 θεοπρεπῆ
3656 3678 3731 3733 καὶ

2204 3762 2273 3815 τά
2298 3763 2631 3836 ἀνθρώπων
2668 3765 2782 3818 ἀλλ’
2821 3768 2880 3820 ὲν
2916 3764 2995 3828 οἷς
3036 3784 3201 3837 φησιν
3245 3769 3330 3823 ὅτι
3370 3770 3632 3840 ἐπείνησεν
3658 3766 3731 3821 καὶ

2205 3854 2455 3925 ὲδίψησεν
2487 3856 2520 3926 ἢ
2553 3855 2876 3928 ἐψηλαφήθη
2913 3859 2945 3929 ἢ
2975 3860 3163 3933 ὼράθη
3187 3900 3204 3926 ,
3238 3862 3345 3916 νοῶ
3369 3863 3449 3917 ὅτι
3472 3862 3533 3916 οὑ
3556 3864 3615 3933 τῇ
3638 3860 3729 3930 θείᾳ

2203 3949 2365 4013 φύσει
2386 3946 2555 4002 ταῦτα
2584 3949 2871 4017 πέπονθεν,
2896 3950 3034 4005 ἀλλὰ
3055 3955 3121 4023 τῇ
3147 3953 3549 4025 προσληφθεισῃ
3577 3951 3724 4021 σαρκὶ,

2204 4037 2324 4091 καθ’
2360 4037 2427 4108 ἣν
2458 4039 2741 4109 ἄνθρωπος
2769 4041 3138 4113 ἐχρημάτισεν
3166 4042 3266 4115 (1).

901 4309 956 4365 8.
992 4310 1205 4383 Eulogii
1230 4314 1548 4383 patriarcha:
1568 4313 1941 4376 Alexandrini,
1972 4326 2036 4363 ex
2073 4309 2161 4363 lib.
2190 4326 2270 4375 tu,
2295 4309 2557 4364 Adversus
2582 4308 2931 4366 Novatianos.
2960 4312 3115 4367 Pltot.
3144 4312 3275 4368 Cod.
3304 4314 3426 4370 280.

1127 4471 1188 4524 F.
1230 4470 1521 4525 Fasscrsco
1553 4469 1834 4525 COMBEHS.
1867 4468 2187 4538 interprete.
2217 4466 2464 4523 Biblioth.
2489 4466 2794 4524 Concionat.
2820 4477 2860 4524 t.
2900 4470 2967 4536 V,
2991 4485 3047 4539 p.
3090 4469 3210 4523 127.

602 4626 755 4694 Quod
784 4627 859 4680 ait
891 4626 1198 4696 Apostolus,
1235 4626 1541 4681 Voluntarie
1572 4627 1903 4697 peccantibus
1951 4626 2099 4680 nobis

532 4728 647 4790 post
685 4727 954 4789 acceptam
990 4718 1235 4770 notitiam
1257 4719 1509 4781 veritatis,
1521 4720 1638 4788 jam
1657 4732 1759 4771 non
1782 4715 2100 4775 relinquitur

532 4826 628 4881 pro
656 4818 864 4879 peccato
892 4810 1060 4862 hostia
1079 4809 1122 4873 ⁸,
1151 4824 1263 4862 non
1282 4822 1348 4862 eo
1370 4816 1580 4878 spectat
1617 4816 1872 4877 tanquam
1895 4808 2105 4863 sacriti-

531 4903 678 4957 cium
718 4900 945 4955 omnino
967 4901 1246 4955 sublatum
1277 4900 1450 4955 velit:
1488 4901 1584 4955 sed
1631 4900 1766 4954 illud
1810 4900 2097 4962 duntaxat,

534 4994 684 5065 quod
716 4994 853 5063 legis
883 4994 993 5048 ritu
1025 4993 1326 5064 peragitur.
1367 4993 1481 5048 Nec
1518 4992 1680 5046 modo
1740 4992 1794 5046 id
1824 5006 1995 5062 genus
2016 5006 2104 5045 sa-

532 5084 727 5139 criﬁcii
762 5092 930 5149 velat,
968 5084 1063 5139 sed
1094 5094 1149 5139 et
1172 5100 1489 5154 supremum
1513 5084 1783 5155 judicium
1813 5083 1883 5136 iis
1939 5082 2107 5135 inter-

533 5175 794 5237 minatur,
829 5174 923 5244 qui
955 5182 1077 5243 post
1109 5174 1345 5245 agnitam
1373 5174 1685 5237 veritatem,
1730 5187 1795 5227 ac
1816 5187 1942 5227 cum
1991 5186 2107 5242 my-

532 5267 731 5322 sticum
757 5264 1086 5319 sacrificium
1121 5267 1267 5321 nacti
1294 5266 1427 5327 sint,
1460 5265 1528 5319 ad
1562 5265 1754 5335 legale,
1780 5265 1926 5334 quod
1984 5272 2107 5318 tan-

533 5369 717 5415 torum
752 5374 815 5413 ac
840 5358 1117 5412 hircorum
1145 5357 1516 5411 immolatione
1568 5363 1880 5425 praestatur,
1936 5355 2103 5411 sacri.

604 5540 800 5595 'Joan.
835 5558 873 5607 ι,
909 5540 995 5595 14.
1069 5539 1133 5593 δι
1185 5538 1310 5593 Cor.
1336 5555 1392 5602 ιι,
1445 5537 1498 5592 8.
1577 5537 1598 5569 ⁸
1631 5536 1799 5591 Hebr.
1831 5551 1883 5601 ι,
1917 5535 2006 5590 26.

2212 4624 2396 4679 licium
2428 4625 2683 4680 redeunt.
2710 4626 2946 4696 Haecque
2969 4627 3105 4683 adeo
3136 4627 3344 4682 Paulus
3364 4641 3429 4682 eo
3456 4624 3620 4681 animo
3664 4622 3723 4676 lo-

2209 4714 2419 4783 quitur,
2452 4722 2512 4767 ut
2538 4714 2780 4779 Judaeos,
2805 4717 2901 4786 qui
2954 4716 3022 4771 ad
3056 4716 3342 4772 Christum
3391 4716 3496 4786 jam
3526 4724 3721 4768 accesse-

2212 4813 2333 4857 rant
2362 4814 2580 4859 revocet
2627 4806 2696 4860 ab
2725 4807 3111 4863 observatione
3162 4806 3439 4878 legalium.
3495 4799 3714 4871 Quemad-

2210 4896 2433 4949 modum
2458 4897 2625 4967 igitur
2646 4898 2915 4967 legalibus
2936 4898 3307 4969 baptismatis,
3336 4898 3416 4953 sic
3443 4903 3496 4952 et
3521 4890 3718 4949 cruentis

2211 4986 2522 5049 sacriﬁciis,
2556 4988 2626 5042 iis
2673 4988 2973 5043 interdicit.
2998 4989 3171 5045 Judaei
3202 5003 3437 5058 namque
3472 4998 3596 5055 quos
3621 4994 3719 5051 pec-

2211 5077 2318 5131 cati
2373 5086 2559 5133 reatus
2614 5079 2967 5150 astringeret,
3035 5080 3277 5149 pritnum
3323 5077 3533 5149 quidem
3575 5069 3719 5139 expia-

2213 5171 2435 5234 bantur,
2465 5180 2689 5241 tumque
2719 5187 2859 5241 aqua
2920 5154 3287 5227 abluebantur
3317 5186 3380 5225 ac
3432 5162 3718 5234 intingeban-

2213 5271 2339 5326 tur;
2374 5277 2438 5316 ac
2463 5270 2741 5330 postremo
2768 5265 2879 5334 jam
2897 5264 3146 5318 cruentis
3182 5262 3375 5318 hostiis
3422 5256 3716 5317 faciebam!

2212 5354 2416 5423 quibus
2444 5368 2541 5407 eos
2595 5369 2832 5410 avocans
2876 5356 3193 5421 Apostolus,
3240 5353 3508 5412 terribiles
3541 5354 3716 5418 (ιιιοιιυε

606 5675 681 5743 (l)
716 5674 1100 5744 Sequebantur
1127 5673 1181 5726 in
1217 5672 1407 5744 codice
1443 5672 1664 5742 plurimi
1705 5670 1901 5727 Pisidae
1934 5670 2101 5726 iambi
2146 5670 2409 5725 adversus
2463 5670 2747 5734 Severum,
2795 5685 2935 5738 quos
2958 5684 3058 5740 ego
3085 5683 3236 5725 more
3274 5681 3392 5723 meo
3410 5652 3709 5739 praetermisi,

534 5745 660 5815 quia
684 5743 871 5800 extant
901 5745 955 5799 in
979 5743 1335 5799 editionibus.
