3988 6498
233 416 380 482 ωδι

1411 427 1871 488 FRAGMENTA
1907 427 2360 490 DOGMATICA.

3352 424 3497 491 2962

239 529 426 586 minas
446 527 656 602 adjicit.
686 530 902 603 Quippe
926 535 1217 604 oportebat
1250 549 1377 590 vera
1404 536 1574 591 semel
1631 536 1814 592 hostia
1845 540 1891 598 Α
1919 537 2153 606 ficandos
2174 540 2215 591 ⁸.
2248 538 2423 605 Quem
2457 536 2623 607 igitur
2645 536 2713 592 ad
2746 537 2969 593 modum
3018 536 3358 607 impossibile
3412 538 3500 591 (lin

241 620 304 678 in
355 624 831 681 consummatione
889 628 1076 683 saeculi
1141 643 1242 699 pro
1306 630 1547 697 peccatis
1633 629 1823 685 oblata

244 716 423 785 (Agno
446 714 665 771 scilicet
693 717 791 772 Dei
820 719 915 789 qui
966 720 1110 775 tollit
1141 733 1425 791 peccatum
1459 721 1670 788 mundi,
1718 722 1824 775 im-

243 805 472 877 molato)
517 823 627 862 non
675 810 912 881 amplius
960 820 1195 876 restare,
1246 813 1343 868 sed
1369 828 1585 869 cessare
1612 813 1826 885 oﬂ‘erri,

244 895 447 949 multas
489 895 609 951 illas
648 896 851 968 legales
914 914 979 954 ac
1025 901 1233 971 typicas
1278 901 1488 958 hostias
1540 920 1641 973 pro
1698 920 1828 974 pec-

245 983 404 1037 catis.
460 982 623 1040 Teste
682 988 831 1040 enim
879 989 1073 1045 eodem
1126 992 1423 1061 Apostolo,
1483 993 1827 1063 impossibile

244 1082 355 1140 est,
387 1076 540 1145 Agno
568 1077 665 1132 Dei
696 1081 865 1134 semel
885 1080 1185 1148 immolato,
1215 1085 1332 1139 tolli
1383 1101 1579 1141 rursus
1603 1096 1826 1155 peccata

246 1175 534 1222 taurorum
589 1170 854 1240 sanguine
905 1187 970 1228 ac
1025 1173 1333 1229 hircorum.
1402 1176 1518 1231 Una
1555 1177 1827 1240 enim,in-

245 1258 410 1327 quit,
435 1258 717 1328 oblatione,
749 1266 1129 1319 consummavit
1185 1268 1239 1320 in
1270 1275 1577 1337 perpetuum
1628 1269 1826 1323 sancti-

1930 625 2011 679 xit
2062 625 2328 696 sanguine
2379 634 2659 679 taurorum
2741 635 2904 695 atque
2957 626 3237 682 hircorum
3293 624 3501 680 auferri

1931 726 2179 789 peccata,
2214 717 2282 772 ad
2300 716 2554 772 eumdem
2583 725 2640 771 et
2664 719 2951 788 sequentia
2980 718 3113 773 dicit
3136 732 3152 747 ’
3195 717 3501 773 Voluntaria

1934 810 2270 880 peccantibus
2293 808 2439 863 nobis
2463 809 2505 873 ",
2562 815 2672 862 etc.
2740 808 2872 862 Nam
2905 817 2962 863 et
3006 808 3154 877 quod
3188 807 3348 862 nobis
3400 816 3506 861 tre-

1935 902 2199 958 mendum
2222 898 2493 955 Dominici
2521 898 2776 968 corporis
2803 898 3134 954 sacrificium
3166 899 3365 968 agitur,
3392 911 3503 950 non

1930 994 2274 1062 aliarumque
2305 990 2613 1045 hostiarum
2640 989 2849 1044 oblatio
2905 997 3009 1054 est,
3037 989 3133 1043 sed
3180 990 3299 1060 ejus
3355 1002 3503 1042 com-

1929 1084 2257 1140 memoratio
2284 1098 2407 1153 quac
2435 1081 2605 1137 semel
2667 1081 2848 1135 oblata
2880 1088 2982 1135 est.
3030 1080 3143 1134 Hoc
3195 1080 3371 1149 facite,
3412 1078 3498 1132 in-

1930 1176 2073 1248 quit,
2095 1177 2150 1229 in
2182 1190 2356 1229 meam
2389 1171 3124 1229 commemorationetht:
3163 1169 3503 1234 Quotiescun-

1931 1280 2031 1335 que
2061 1264 2304 1334 facimus,
2328 1269 2548 1315 mortem
2584 1259 2796 1314 Domini
2827 1260 3205 1313 annuntiamus
3222 1259 3264 1310 ’.

247 1398 544 1467 Εὐλοτιου
572 1395 743 1481 παίζει
780 1398 1563 1481 Ἀᾀρξαῖδρείαςηέρμηνεία
1602 1408 1688 1471 είς
1727 1406 1817 1473 τὸ,

1932 1403 2147 1474 Eulogii
2191 1416 2364 1481 papa;
2392 1399 2743 1481 Alexgndrini
2778 1399 3191 1481 commentarius
3228 1398 3284 1452 in
3312 1397 3447 1452 illud
3480 1435 3494 1451 .

580 1485 599 1517 ι
627 1468 819 1535 Σίμων
852 1468 1041 1535 Ἰωνᾶ,
1065 1468 1442 1542 ἀγαπᾷςίλιεξ
1477 1495 1495 1528 ι

2306 1469 2488 1527 Simon
2518 1468 2763 1534 Joannis,
2804 1486 2955 1526 amas
2993 1484 3073 1522 me
3106 1468 3131 1521 ἰ)

1340 1616 1478 1687 Ang.
1511 1615 1613 1672 Max
1645 1615 1819 1672 Class.
1848 1615 2002 1671 Auct.
2037 1621 2076 1669 t.
2112 1612 2181 1679 X,
2207 1627 2263 1683 p.
2299 1609 2424 1667 485.

321 1759 446 1812 Ὀτι
500 1760 721 1830 ἐρωτῶν
766 1764 795 1815 6
854 1761 1316 1837 Κύριος[εῐπε]τῷ
1361 1766 1589 1836 Πέτρῳ·
1629 1765 1824 1834 Σίμων

256 1848 451 1916 Ἰωνᾶ,
502 1851 741 1921 ἀγαπᾷς
783 1872 861 1924 με
898 1855 1089 1911 πλέον
1126 1858 1391 1924 τούτων;
1436 1858 1537 1911 οὐκ
1587 1858 1753 1921 αὐτὸς
1796 1859 1826 1911 6

244 1940 429 1995 πάντα
456 1941 634 2007 εἰδὼς,
664 1942 834 1998 θέλων
855 1944 1047 2016 μαθεῖν
1080 1946 1362 2020 ἐπηρώτα,
1388 1948 1504 2003 ἀλλ’
1526 1948 1826 2019 ὲπεὶέμελ-

242 2033 339 2089 λεν
365 2034 516 2106 αύτῷ
546 2036 607 2091 τδ
640 2038 891 2107 ποίμνιον
923 2041 1370 2108 καταπιστεύειν,
1395 2042 1485 2095 ἵνα
1512 2041 1661 2113 δείξῃ
1689 2044 1824 2112 ὅσην

241 2125 364 2196 εχει
403 2127 658 2199 πρόνοιαν
685 2128 779 2182 τοῦ
813 2131 1087 2201 ποιμνίου,
1121 2131 1281 2187 τοῦτο
1322 2136 1501 2187 ποιεῖ·
1539 2136 1567 2189 6
1598 2134 1709 2204 γὰρ
1734 2134 1825 2187 τὸν

241 2215 456 2288 φίλτρῳ
478 2216 658 2288 πολλῷ
680 2219 813 2289 πρὸς
849 2219 944 2274 τδν
971 2221 1250 2293 Δεσπότην
1280 2224 1660 2295 ἀναπτόμενον
1725 2226 1825 2294 ὲφ-

244 2310 417 2364 ιστῶν
459 2310 540 2382 τῷ
571 2311 828 2384 ποιμνίῳ,
870 2313 971 2385 τὴν
1002 2316 1136 2386 ὅσην
1164 2317 1294 2387 περὶ
1341 2317 1411 2371 τὰ
1439 2317 1686 2389 πρόϐατα
1713 2318 1829 2373 διά-

241 2399 401 2454 θεσιν
417 2401 743 2473 παρίστησιν
783 2405 1171 2476 ἀναμφιϐόλως
1188 2421 1203 2437 ο
1221 2406 1311 2461 διὰ
1326 2408 1427 2478 τὴν
1452 2409 1624 2478 αὐτὴν
1642 2410 1824 2462 αἰτίαν

239 2494 345 2548 καὶ
369 2495 552 2565 τρίτον
588 2497 788 2569 ἐρωτᾷ,
826 2498 926 2570 τὴν
954 2501 1160 2573 πολλὴν
1187 2502 1320 2574 περὶ
1338 2504 1408 2558 τά
1460 2504 1656 2574 λογικὰ
1690 2507 1827 2577 πρό-

240 2584 389 2640 ϐατα
414 2587 730 2659 ἐπιμέλειαν
758 2590 1169 2663 ἐνδεικνύμενος
1189 2610 1205 2625 ο
1238 2594 1355 2666 ἀμα
1373 2595 1432 2648 δὲ
1461 2595 1671 2667 βαθμόν
1696 2614 1820 2649 τινα

238 2678 356 2733 τῶν
375 2680 811 2752 ποιμαινομένων
830 2683 1082 2749 διέξεισιν
1100 2700 1115 2717 ο
1138 2687 1299 2756 ἀρνία
1326 2688 1589 2760 πρότερον
1608 2689 1827 2761 βόσκειν

246 2769 706 2841 ἐγκελευόμενος·
735 2769 854 2828 εἶτα
885 2776 1179 2847 προϐάτια,
1210 2778 1247 2832 ὃ.
1282 2779 1531 2849 πρόϐατα
1562 2780 1712 2846 ὄντα,
1738 2781 1829 2835 διά

238 2877 367 2914 τινα
397 2862 714 2932 πταίσματα
775 2867 1327 2939 κατασμικρυνθέντα
1355 2870 1455 2940 τῆς
1497 2870 1700 2941 ἀρετῆς
1731 2872 1826 2925 καὶ

238 2950 345 3019 τῆς
372 2950 728 3020 τελειότητος,
758 2955 840 3018 είς
872 2957 1145 3027 προϐάτια
1194 2959 1643 3031 ἀνθυπέστρεψεν
1663 2977 1678 2992 ο
1724 2963 1821 3016 καὶ

1996 1759 2134 1815 Cum
2195 1758 2565 1829 interrogaret
2644 1758 2874 1814 Petrum
2945 1758 3233 1826 Dominus,
3317 1758 3501 1815 Simon

1925 1851 2181 1916 Joannes,
2208 1850 2490 1920 inquiens,
2525 1848 2699 1921 diligis
2726 1867 2807 1904 me
2835 1850 2952 1921 plus
2989 1852 3068 1905 his
3092 1851 3171 1904 ‘°?
3204 1867 3315 1907 non
3373 1852 3501 1907 ideo

1929 1943 2303 2014 interrogabat
2326 1942 2416 1997 ille
2446 1941 2542 2013 qui
2569 1942 2753 1997 omnia
2780 1944 2954 2009 novit,
2992 1952 3053 1999 ut
3080 1943 3355 2011 disceret;
3403 1960 3502 1999 ve-

1926 2050 2051 2089 rum
2078 2035 2182 2089 hoc
2235 2034 2430 2105 agebat
2460 2044 2520 2089 ut
2571 2035 2887 2090 ostenderet
2928 2045 3187 2106 quantam
3231 2036 3300 2091 de
3338 2052 3501 2107 grege

1927 2141 2092 2198 quem
2118 2128 2280 2182 Petro
2301 2128 2699 2183 commissurus
2743 2137 2882 2194 erat,
2927 2138 3145 2199 gereret
3179 2129 3501 2184 sollicitudi-

1926 2232 2085 2272 nem:
2121 2216 2253 2272 dum
2305 2218 2453 2273 enim
2476 2233 2605 2272 eum
2634 2217 2784 2289 gregi
2818 2218 3127 2288 praeficeret
3183 2220 3279 2289 qui
3328 2220 3502 2274 maxi-

1927 2326 2019 2364 mo
2046 2311 2103 2365 in
2126 2311 2420 2367 Dominum
2443 2326 2631 2371 amore
2665 2312 2915 2377 ardebat,
2952 2312 3169 2385 proprii
3198 2329 3325 2385 erga
3369 2328 3500 2369 oves

1927 2417 2057 2457 suas
2110 2404 2340 2458 aﬂ‘ectus
2363 2404 2768 2460 vehementiam
2827 2404 3116 2460 evidenter
3159 2405 3499 2461 declarabat.

1925 2493 2160 2566 Propter
2187 2497 2436 2552 eamdem
2468 2512 2689 2553 causam
2728 2505 2813 2552 ter
2838 2497 3161 2570 interrogat,
3198 2514 3399 2568 nempe
3439 2506 3503 2552 ut

1928 2588 2242 2654 maximam,
2273 2603 2436 2657 quam
2475 2589 2643 2643 habet
2687 2588 3047 2644 rationalium.
3068 2589 3254 2645 ovium
3285 2605 3498 2654 curam,

1930 2679 2286 2746 manifestat;
2316 2696 2508 2734 verum
2540 2680 2707 2734 etiam
2743 2681 2800 2734 in
2826 2682 3001 2751 prima
3050 2682 3142 2735 illa
3187 2681 3499 2752 interroga-

1928 2771 2080 2826 tione
2098 2771 2298 2841 gradus
2338 2770 2606 2841 quosdam
2654 2786 2844 2826 eorum
2884 2773 2978 2841 qui
3029 2781 3352 2841 pascuntur,
3407 2774 3502 2828 de-

1931 2861 2168 2917 scribit:
2224 2877 2394 2932 agnos
2436 2861 2709 2932 siquidem
2750 2878 2979 2933 pascere
3022 2864 3265 2934 primum
3300 2865 3497 2936 jubet;

1934 2953 2139 3009 deinde
2170 2952 2437 3018 oviculas,
2469 2970 2612 3023 quae,
2642 2970 2769 3009 eum
2792 2971 2923 3010 oves
2958 2956 3113 3025 prius
3134 2956 3497 3022 exstitissent,

238 3036 431 3092 λοιπὸν
462 3040 522 3093 τὸ
542 3040 727 3112 τρίτον
756 3042 827 3096 τὰ
849 3045 1030 3097 τέλεια
1070 3045 1322 3115 ἐπιφέρει
1370 3047 1621 3117 πρόϐατα
1644 3063 1657 3077 ·
1718 3048 1821 3118 ἀρ-

1931 3054 2119 3116 postea
2142 3061 2241 3115 per
2272 3046 2460 3116 lapsus
2482 3046 2746 3115 quosdam
2791 3048 2998 3103 virtute
3056 3056 3111 3103 et
3152 3048 3499 3117 perfectione

239 3130 381 3194 νίοις
409 3132 537 3200 γοῦν
570 3134 880 3198 εἰκάξονται
911 3138 961 3190 οἱ
992 3137 1073 3190 ἔτι
1099 3138 1371 3207 γάλακτος
1414 3141 1508 3193 καὶ
1539 3140 1821 3211 στοιχειώ-

238 3221 370 3287 δους
396 3223 740 3290 διδασκαλίας
768 3226 1043 3298 δεόμενοι·
1075 3229 1390 3299 προϐατίοις
1422 3230 1479 3285 δὲ
1510 3233 1559 3285 οἱ
1582 3232 1675 3286 διά
1696 3251 1821 3289 τινα

241 3316 669 3387 παραπτώματα
703 3320 1276 3391 κατασμικρυνθέντες
1302 3326 1400 3392 τῆς
1444 3323 1782 3394 τελειότητος
1801 3340 1816 3355 °

240 3407 540 3479 προϐάτοις
574 3408 633 3463 δὲ
653 3412 701 3463 οι
725 3411 806 3474 είς
827 3411 887 3464 τὺ
907 3412 1112 3466 τέλειον
1139 3414 1542 3486 ἀναϐεϐηκότες
1592 3415 1689 3469 καὶ
1718 3416 1821 3485 τῆς

240 3499 485 3565 πίστεως
539 3502 634 3556 καὶ
664 3502 772 3556 τῶν
802 3502 1055 3574 πράξεων
1076 3519 1090 3535 ο
1123 3506 1219 3558 καὶ
1270 3506 1462 3560 σκόπει
1493 3508 1645 3571 ὅπως
1681 3524 1818 3579 προ-

241 3590 524 3646 τάττειτά
553 3591 717 3664 ἀτελῆ
743 3593 851 3648 τῶν
875 3594 1094 3651 τελείων
1117 3610 1133 3628 '
1161 3595 1574 3669 προηγούμενος
1599 3597 1707 3668 γὰρ
1739 3596 1819 3667 τῷ

242 3686 494 3757 Δεσπότῃ
530 3686 728 3750 σκοπὸς
755 3689 788 3759 ἡ
810 3686 919 3741 τῶν
950 3690 1289 3759 ἁμαρτωλῶν
1322 3691 1586 3761 σωτηρία,
1608 3692 1691 3746 Οὐ
1713 3689 1822 3761 γὰρ

239 3772 456 3847 ἦλθον.
477 3779 630 3848 φησὶ,
663 3779 919 3834 καλέσαι
941 3778 1231 3848 δικαίους,
1250 3782 1409 3837 ἀλλὰ
1434 3785 1821 3851 ἁμαρτωλοὺς

240 3872 322 3935 εις
343 3870 687 3938 μετάνοιαν.

250 4093 363 4148 Τοῦ
416 4095 489 4151 ἐν
520 4095 710 4166 ἁγίοις
742 4099 1039 4169 Εὑλογίου
1076 4100 1535 4168 Ἀλεξανδρείας
1599 4102 1686 4167 εὶς
1720 4100 1807 4165 τὸ,

622 4186 641 4220 ι
677 4168 899 4239 Ζεῦτος
921 4169 1039 4224 τῶν
1057 4173 1381 4240 τρυγόνων.
1425 4192 1441 4221 ι

1928 3136 2249 3200 deminutae,
2286 3137 2342 3191 in
2370 3138 2715 3193 ovicularum
2772 3138 3023 3193 ordinem
3086 3146 3496 3204 retrocessere;

1931 3240 2045 3286 tum
2069 3230 2293 3286 demum
2332 3246 2464 3287 oves
2527 3231 2800 3302 perfectas
2844 3230 3081 3287 inducit.
3130 3233 3299 3302 Agnis
3332 3246 3500 3301 porro

1927 3322 2299 3377 assimilantur
2341 3323 2436 3392 qui
2483 3323 2624 3378 lacte
2672 3323 2855 3377 adhuc
2906 3332 2962 3378 et
3010 3322 3333 3378 elementari
3402 3323 3501 3377 do-

1927 3413 2106 3469 ctrina
2136 3413 2414 3484 indigent;
2456 3414 2694 3469 oviculis
2720 3415 2815 3485 qui
2852 3431 2950 3484 per
2981 3414 3229 3484 quaedam
3269 3413 3493 3473 delicta.

1928 3502 2270 3574 perfectione
2301 3504 2572 3560 deminuti
2598 3516 2768 3572 sunt;
2794 3506 3010 3567 ovibus,
3057 3504 3153 3573 qui
3194 3503 3261 3558 ad
3298 3502 3422 3557 ﬁdei
3448 3511 3504 3555 et

1930 3596 2056 3651 vita:
2076 3595 2469 3666 perfectionem
2530 3597 2992 3653 conscenderunt.
3048 3595 3183 3650 Vide
3232 3605 3500 3664 praeterea

1930 3688 2208 3759 quomodo
2256 3689 2581 3761 imperfecta
2632 3689 2893 3759 perfectis
2939 3696 3258 3759 praeponat:
3304 3683 3500 3755 pra‘ci-

1930 3797 2077 3853 puus
2130 3781 2393 3837 videlicet
2452 3782 2667 3838 Domini
2724 3796 2924 3851 scopus
2982 3779 3091 3834 fuit
3149 3788 3498 3848 peccatorum

1930 3876 2115 3931 salus:
2149 3873 2265 3927 Non
2295 3876 2413 3929 veni
2461 3875 2632 3939 enim,
2666 3874 2863 3944 inquit.
2921 3889 3108 3927 vocare
3150 3874 3343 3942 justos,
3402 3870 3492 3923 sed

1932 3977 2228 4037 peccatores
2257 3967 2325 4019 ad
2363 3967 2725 4036 paenitentiam
2755 3966 2817 4018 “.

2060 4103 2243 4158 Sancti
2283 4104 2493 4175 Eulogii
2522 4101 2873 4157 Alexandrini
2901 4102 2955 4155 in
2982 4100 3116 4154 illud
3145 4116 3161 4154 :
3204 4119 3221 4150 ι
3244 4098 3357 4153 Par

2551 4184 2842 4227 turturum.
2874 4192 2891 4223 ι

1335 4353 1471 4425 Ang.
1497 4352 1599 4407 ΜΑι
1636 4351 1809 4407 Class.
1842 4351 1995 4407 Auct.
2027 4361 2065 4405 t.
2100 4351 2171 4416 Χ,
2204 4368 2260 4422 p.
2292 4354 2416 4408 495.

314 4517 536 4572 Πολλῶν
590 4517 760 4572 ὅντων
803 4517 981 4586 ζώων,
1024 4519 1060 4575 ἀ
1090 4520 1149 4573 έν
1170 4521 1239 4591 τῇ
1264 4518 1374 4573 τῶν
1404 4518 1663 4589 καθαρῶν
1692 4520 1817 4574 ἐτά-

1994 4515 2131 4572 Cum
2162 4516 2401 4586 plurima
2436 4524 2622 4572 essent
2651 4515 2907 4571 animalia
2961 4531 3083 4586 quas
3124 4515 3179 4569 in
3230 4530 3495 4585 purorum

238 4611 345 4683 χΘη
376 4610 579 4683 μερίδι,
603 4610 694 4666 διὰ
732 4611 786 4665 τί
835 4611 999 4668 πέντε
1029 4613 1166 4683 μόνα
1187 4612 1537 4677 ὲθυσιάζοντο
1569 4614 1684 4677 τοῖς
1711 4629 1821 4665 πα-

1922 4606 2116 4662 ordine
2150 4606 2511 4672 haberentur,
2534 4622 2706 4676 quare
2741 4607 2987 4676 quinque
3015 4614 3225 4661 tantum
3260 4622 3293 4661 a
3340 4617 3498 4662 vete-

238 4703 436 4769 λαιοῑς,
490 4704 717 4775 τράγος,
749 4706 846 4759 καὶ
877 4705 1054 4776 κριὸς,
1106 4705 1200 4759 καὶ
1258 4703 1406 4776 βοῦς,
1442 4703 1685 4775 τρυγὼν,
1717 4705 1814 4757 καὶ

1931 4698 2081 4751 ribus
2107 4696 2555 4765 immolabantur,
2579 4713 2815 4767 nempe:
2850 4697 3061 4762 hircus,
3086 4697 3231 4752 aries
3283 4708 3340 4752 et
3373 4697 3494 4761 bos,

248 4795 575 4866 περιστερά;
607 4794 810 4867 Επειδὴ
829 4794 1077 4867 βούλεται
1094 4797 1243 4867 ἡμᾶς
1259 4795 1287 4847 6
1306 4795 1477 4863 Λόγος
1498 4794 1597 4858 τὰς
1623 4795 1818 4865 αἰσθή-

1923 4798 2108 4843 turtur
2144 4796 2201 4844 et
2242 4789 2539 4844 columba?
2585 4788 2681 4844 His
2709 4790 2969 4845 videlicet
3014 4790 3289 4861 signiﬁcat
3346 4788 3497 4844 Scri-

238 4904 357 4953 σεις
383 4888 542 4959 ἡμῶν
566 4888 657 4942 τὸν
684 4888 797 4942 ῐσον
824 4890 1269 4961 ὑποϐαλλομένας
1297 4887 1532 4961 ἀριθμὸν
1563 4886 1810 4959 καθαρὰς

1931 4889 2106 4951 ptura,
2136 4896 2238 4936 nos
2263 4881 2376 4936 Deo
2400 4895 2568 4951 puros
2585 4880 2783 4937 ell‘erre
2802 4882 3005 4937 debere
3034 4896 3228 4937 sensus
3253 4890 3493 4946 nostros,

238 4982 538 5052 προσάγειν
564 4980 705 5051 Θεῷ.

408 5093 520 5147 Τοῦ
544 5093 615 5147 ἐν
634 5094 825 5163 ἁγίοις
845 5093 1142 5176 Εὐλοτίου
1169 5089 1644 5158 Ἀλεξανδρείας.

309 5204 435 5258 Ὀτι
474 5206 570 5258 καὶ
600 5203 687 5257 διά
718 5204 825 5256 τῶν
884 5202 1062 5257 κυνῶν
1102 5203 1203 5269 τὴν
1232 5201 1543 5273 ὑπερϐολὴν
1588 5202 1689 5270 τῆς
1718 5200 1813 5253 τοῦ

1922 4975 2019 5043 qui
2045 4990 2234 5045 parem
2272 4990 2563 5029 numerum
2593 4990 2707 5045 pra:
2744 4990 2803 5030 se
2829 4974 3037 5030 ferunt.

2113 5087 2295 5143 Sancti
2329 5088 2544 5161 Eulogii
2574 5090 2896 5160 patriarcha:
2925 5088 3299 5143 Alexandrini.

1984 5202 2195 5258 Canum
2242 5204 2521 5259 mentione
2563 5219 2830 5259 summam
2874 5201 3063 5258 divitis
3108 5201 3491 5257 crudelitatem

234 5299 495 5353 πλουσίου
531 5298 801 5369 ἁπηνείας
830 5298 1043 5369 ἐλέγχει
1079 5298 1112 5367 ἠ
1141 5294 1427 5367 παραϐολή
1449 5310 1461 5324 ·
1496 5294 1545 5346 oi
1575 5294 1674 5363 μὲν
1704 5294 1813 5364 γὰρ

1931 5294 2164 5364 :oarguit
2216 5295 2493 5364 parabola.
2547 5294 2683 5349 Nam
2728 5309 2893 5349 canes
2941 5290 3321 5347 misericordia
3364 5305 3492 5357 erga

233 5394 397 5456 κύνες
424 5391 788 5461 οἰκτείροντες
820 5391 986 5444 αὐτοῦ
1018 5391 1118 5461 τὴν
1149 5388 1352 5457 πολλὴν
1408 5386 1808 5458 ταλαιπωρίαν,

1916 5403 2135 5459 gravem
2159 5387 2350 5441 Lazari
2378 5388 2743 5442 calamitatem
2770 5386 3049 5451 commoti,
3073 5384 3219 5454 quod
3238 5390 3492 5452 poterant

232 5484 375 5554 ὅπερ
425 5484 681 5537 ἐδύναντο
710 5486 887 5536 ποιεῖν
947 5482 1217 5553 ἔπραττον
1255 5480 1661 5553 περιλείχοντες
1711 5478 1809 5532 καίΙ

1931 5480 2398 5552 gratificabantur,
2452 5480 2599 5535 illius
2648 5480 2834 5534 ulcera
2884 5479 3156 5548 [ingentes
3205 5490 3269 5530 ac
3320 5475 3487 5527 veluti

232 5565 348 5623 οἷον
367 5571 785 5640 ἀποσμήχοντες
806 5571 970 5624 αὑτοῦ
1009 5571 1069 5624 τὸ
1118 5572 1274 5635 ἕλκος
1299 5573 1416 5634 ταῖς
1442 5568 1716 5638 γλώσσαις
1736 5585 1750 5599 ο
1782 5571 1811 5623 6

1931 5573 2123 5645 linguis
2174 5574 2289 5629 suis
2327 5573 2722 5642 abstergentes.
2772 5572 2841 5626 At
2888 5568 3042 5626 dives
3084 5570 3313 5626 canibus
3360 5582 3491 5638 erga

314 5826 605 5892 'llebr.x,
655 5825 741 5880 14.
823 5824 1113 5881 'ibid.26.
1194 5826 1213 5856 "
1251 5825 1383 5880 Luc.
1446 5842 1577 5890 χχιι,
1644 5828 1722 5881 18.

1801 5829 1820 5859 9
1852 5828 1871 5881 ι
1904 5829 2028 5881 Cor.
2065 5844 2100 5891 f,
2155 5826 2241 5881 26.
2327 5827 2367 5857 ¹⁰
2394 5824 2548 5879 Joan.
2586 5839 2693 5890 ιιι,
2732 5822 2815 5876 15.
