3988 6478
516 395 660 461 2963
1070 394 1132 456 S.
1170 384 1490 456 EULOGII
1527 392 1881 455 ARCHIEP.
1922 390 2304 453 ALEXAND.
2326 386 2799 452 FRAGMENTA
2839 386 3303 455 DOGMATICA.
3650 390 3767 457 296i

416 542 429 555 ι
511 511 887 569 contribulem
930 524 1093 567 suum
1130 509 1326 567 durior
1369 511 1438 567 ab
1483 510 1574 566 bis
1625 511 1766 580 ipsis
1811 509 1991 566 convii

2210 505 2269 560 δὲ
2298 506 2393 560 καὶ
2418 504 2527 559 τῶν
2579 504 2762 559 κυνῶν
2806 505 2937 577 περὶ
2966 505 3059 559 τὸν
3104 505 3376 576 ὁμόφυλον
3404 505 3766 577 ἀπηνεστερος,

515 608 696 659 batur.
731 603 925 659 Merito
955 602 1126 674 igitur
1164 603 1277 674 igni
1311 602 1469 659 dives
1493 603 1789 659 damnatus
1822 602 1944 658 fuit.

2217 599 2315 653 καὶ
2347 600 2415 653 δι’
2446 600 2627 655 αὐτῶν
2658 599 2924 671 ἠλέγχετο
2938 600 3048 654 τῶν
3075 600 3255 655 κυνῶν
3274 618 3288 632 ·
3320 600 3410 656 διὰ
3434 600 3591 655 τοῦτο
3617 604 3766 659 κάκεί-

2219 710 2311 747 νον
2333 693 2395 746 τὸ
2430 692 2544 764 πῦρ
2564 693 2948 765 ἀδυσωπήτως
2983 694 3339 764 μετέρχεται.

1014 824 1229 898 Eulogii
1256 824 1627 881 Alexandrini.

2606 828 2909 898 Εὐλογίου
2947 826 3416 898 Ἀλεξανδρείας.

589 944 717 1001 Haec
734 960 955 1017 quoque
983 952 1212 1015 propter
1229 958 1503 1015 pauperes
1526 942 1726 1013 recipit
1754 942 1922 1005 Deus,
1949 940 2113 996 modo

2293 943 2519 1014 Δέχεται
2537 943 2632 997 καὶ
2650 942 2824 997 ταῦτα
2848 941 2938 995 διὰ
2960 942 3070 995 τῶν
3097 944 3348 1011 πενήτων
3366 944 3395 996 ὁ
3424 942 3559 1007 Θεός
3575 959 3589 973 ·
3620 942 3680 997 ἂν
3702 945 3776 1013 μό-

520 1032 786 1109 deinceps
827 1054 857 1092 a
902 1047 1130 1107 peccato
1177 1052 1489 1092 caveamus.
1531 1035 1767 1091 Pulchre
1820 1034 1968 1089 enim
2031 1035 2090 1088 ﬁt

2222 1054 2311 1090 νον
2339 1035 2436 1089 τοῦ
2463 1032 2652 1089 λοιποῦ
2681 1034 3049 1104 φυλαξώμεθα
3092 1034 3168 1104 μὴ
3217 1034 3581 1105 ἁμαρτάνειν.
3625 1037 3776 1089 Καλὸν

521 1131 567 1184 si
596 1131 763 1185 etiam
796 1131 1049 1211 avaritia‘
1070 1129 1321 1186 collectis
1360 1129 1561 1199 opibus
1609 1129 1819 1185 amicos
1865 1128 2028 1183 nobis
2059 1128 2096 1181 ir

2223 1130 2332 1201 γὰρ
2365 1127 2470 1183 κᾶν
2522 1126 2612 1181 διὰ
2662 1127 2770 1181 τῶν
2814 1128 2914 1198 τῆς
2945 1126 3259 1191 πλεονεξίας
3287 1126 3592 1198 χρημάτων
3622 1127 3777 1196 φίλους

520 1223 630 1278 hoc
679 1224 888 1279 mundo
936 1240 1341 1294 comparemus,
1375 1224 1472 1294 qui
1507 1224 1616 1277 illis
1649 1221 1878 1293 quidem
1927 1230 2095 1292 egent

2224 1220 2459 1275 κτᾶσθαι
2491 1220 2619 1284 τοὺς
2642 1220 2701 1274 ὲν
2729 1217 2806 1289 τῷ
2831 1219 3022 1290 κόσμῳ
3053 1218 3228 1289 τούτῳ
3258 1218 3609 1288 πενομένους,
3639 1219 3777 1272 πλον-

523 1316 619 1371 sed
652 1317 764 1371 Deo
797 1326 927 1371 sunt
958 1316 1199 1372 divites:
1232 1327 1295 1371 ut
1319 1332 1444 1371 cum
1485 1316 1876 1381 defecerimus,
1907 1313 2098 1369 nullan

2224 1315 2375 1377 σίους
2418 1314 2475 1367 δὲ
2531 1313 2675 1368 κατὰ
2724 1312 2888 1366 Θεόν·
2948 1313 3034 1365 ἴνα
3072 1312 3204 1365 ὅταν
3244 1310 3587 1381 ὲκλίπωμεν,
3646 1313 3781 1381 μηδὲν

524 1402 795 1461 habentes
842 1407 968 1461 vita:
1014 1407 1311 1477 justitiam,
1362 1406 1557 1461 saltem
1592 1405 1665 1460 ob
1712 1406 1912 1461 collata
1942 1406 1997 1459 in
2026 1421 2099 1460 eo

2226 1408 2447 1478 ἔχοντες
2480 1407 2713 1471 ζωτικὸν
2740 1405 3038 1475 δικαίωμα.
3077 1404 3145 1458 δι’
3183 1398 3259 1459 ὧν
3285 1403 3486 1467 αὐτοὺς
3514 1398 3573 1457 εὖ
3620 1404 3780 1476 ἐποιή-

524 1498 815 1564 beneﬁcia,
874 1499 1148 1569 recipiant
1200 1513 1302 1554 nos
1351 1498 1406 1553 in
1459 1498 1820 1555 tabernacula
1870 1514 1991 1563 sua,
2022 1511 2095 1569 qu

2227 1516 2421 1570 σαμεν,
2455 1500 2536 1563 είς
2573 1499 2675 1561 τὰς
2724 1496 2939 1552 ἑαυτῶν
2994 1497 3142 1568 ἡμᾶς
3173 1495 3381 1574 mima;
3440 1497 3491 1548 oi
3524 1495 3782 1565 ἠλεημένοι

526 1601 774 1645 nostram
808 1591 1246 1647 misericordiam
1280 1593 1493 1663 experti
1525 1592 1700 1648 fuere.
1735 1591 1843 1647 Sed
1875 1593 1918 1648 si
1952 1608 2022 1648 ne
2054 1594 2101 1649 dt

2229 1591 2628 1657 ὑποδέξωνται.⁸
2685 1591 2748 1643 Ei
2783 1590 2839 1643 δὲ
2876 1588 3013 1661 μηδὲ
3074 1590 3140 1641 ὲκ
3170 1587 3264 1642 τοῦ
3303 1588 3546 1659 μαμωνᾶ
3572 1586 3667 1657 τῆς
3693 1587 3784 1641 ἀδι-

526 1696 838 1738 mammona
856 1684 1082 1754 quidem
1118 1686 1450 1756 iniquitatis,
1477 1686 1531 1741 id
1568 1695 1653 1741 est
1681 1687 1947 1752 avaritiae,
1983 1686 2101 1743 bent

2231 1683 2370 1748 κίας,
2394 1682 2515 1755 ἦτοι
2542 1682 2642 1753 τῆς
2664 1680 3002 1747 πλεονεξίας,
3036 1678 3098 1733 εὖ
3125 1682 3300 1732 ποιεῖν
3320 1678 3451 1748 Θελή
3462 1695 3672 1746 σαιμεν,
3690 1679 3784 1742 πῶς

526 1774 711 1831 facere
761 1777 1126 1843 voluerimus,
1170 1780 1295 1849 quis
1342 1779 1505 1834 nobis
1550 1778 1762 1843 credet,
1816 1777 1935 1834 fore
1975 1787 2037 1834 ut
2068 1781 2101 1834 si

2228 1772 2293 1829 ἂν
2321 1772 2748 1845 πιστευθείημεν
2774 1773 2858 1826 ὅτι
2893 1773 2941 1825 εί
2974 1772 3260 1843 προσῆσαν
3292 1772 3429 1840 ἡμῖν
3496 1767 3557 1835 ἐξ
3603 1770 3781 1823 οἰκείων

526 1876 699 1939 parta:
750 1869 991 1939 propriis
1043 1868 1329 1924 laboribus
1382 1884 1518 1939 opes
1568 1868 1857 1933 adessent,
1913 1885 1981 1924 ex
2030 1869 2101 1924 bi:

2229 1866 2416 1920 κόπων
2441 1866 2547 1938 χρὴ
2557 1882 2725 1936 ματα,
2750 1866 2962 1928 τούτοις
2988 1864 3055 1917 ἂν
3078 1862 3206 1926 τοὺς
3227 1862 3427 1925 ἐνδεεῖς
3462 1862 3782 1931 ἠλεήσαμενς

527 1972 731 2029 egenos
757 1959 1195 2015 misericorditer
1223 1960 1576 2015 solaremur?
1604 1959 1741 2015 Nam
1772 1960 1815 2014 si
1841 1975 1910 2013 ne
1940 1960 2102 2015 alien:

2227 1961 2291 2016 Et
2314 1961 2425 2031 γὰρ
2454 1961 2519 2013 ὲκ
2549 1958 2660 2042 τῶν
2688 1958 2985 2029 ἀλλοτρίων
3017 1956 3111 2010 καὶ
3143 1954 3178 2009 ἃ
3210 1956 3380 2025 χωρὶς
3401 1954 3594 2007 κόπων
3627 1953 3784 2006 πλεον-

528 2053 778 2124 quidem,
805 2065 862 2111 et
890 2073 1013 2126 quae
1061 2057 1270 2128 absque
1310 2057 1499 2111 labore
1540 2070 1704 2109 avare
1748 2054 2097 2124 possidemus

2230 2054 2467 2118 εκτικῶς
2497 2051 2855 2124 ἐκτησάμεθα
2883 2094 2897 2118 ,
2927 2051 2985 2105 οὐ
3026 2047 3430 2121 μετεδώκαμεν,
3458 2044 3497 2100 ἃ
3525 2048 3616 2098 καὶ
3644 2048 3785 2099 οἰκεῖα

526 2148 792 2203 nolumus
840 2150 1275 2215 communicare,
1323 2147 1604 2218 quomodo
1633 2163 1697 2201 ea
1728 2162 1850 2215 qua:
1899 2146 2101 2215 propri:

2230 2146 2381 2199 δοκεῖ
2410 2141 2571 2205 εἶναι.
2599 2143 2694 2197 καὶ
2727 2140 2907 2195 πόνων
2959 2138 3106 2196 ἰδίων
3165 2137 3399 2207 καρπὸς,
3466 2134 3590 2199 πῶς
3615 2134 3677 2190 ἄν
3703 2153 3786 2190 τινι

528 2240 811 2308 videntur,
832 2250 1262 2312 nostrorumque
1284 2242 1539 2296 laborum
1554 2238 1767 2293 fructus
1791 2237 2103 2307 impertitur

1706 2254 1767 2292 us
1791 2236 2121 2307 impertituri
2233 2238 2440 2294 τούτων
2474 2237 2797 2310 μεταδοῦναι
2828 2234 3278 2305 πιστευθείημεν.

531 2333 789 2404 cuiquam
830 2332 1124 2389 credemur
1146 2334 1169 2388 ?

1650 2491 1779 2555 ΜΑι,
1808 2488 1948 2544 Bibl.
1975 2488 2145 2543 Nova.
2171 2488 2446 2555 Patrum,
2474 2487 2565 2553 Ill,
2595 2487 2721 2543 104.

835 2601 1047 2675 Eulogii
1077 2605 1403 2674 patriarcha:
1441 2603 1816 2658 Aleaandrini.

2516 2600 2818 2669 Εὐλογίου
2838 2598 3008 2653 mina
3030 2596 3504 2666 Ἀλεξανδρείας.

608 2697 991 2754 Remittuntur
1018 2698 1339 2768 iniquitates
1381 2699 1436 2752 in
1466 2698 1762 2770 baptismo,
1790 2709 2047 2771 tegentur
2072 2700 2129 2754 in

2297 2697 2370 2750 Τὸ
2423 2697 2524 2768 μὲν
2571 2697 2934 2767 ἀφείθησαν,
2979 2694 3073 2748 ἐπὶ
3138 2694 3233 2749 τοῦ
3295 2694 3691 2765 βαπτίσματος,
3740 2691 3785 2743 τὸ

535 2788 883 2860 ptenitentia.
909 2790 1087 2845 Dictio
1111 2799 1318 2857 autem,
1352 2808 1456 2845 non
1496 2792 1840 2862 imputaverit
1876 2792 2110 2846 Domina.

2232 2789 2289 2845 δὲ
2338 2790 2868 2859 ὲπεκαλύφθησαν
2914 2788 3008 2841 ἐπὶ
3043 2788 3143 2858 τῆς
3194 2785 3492 2857 μετανοίας
3540 2782 3777 2837 τάττεται.

539 2884 795 2939 enucleat
826 2884 1156 2939 vocabulum
1196 2893 1402 2957 tegere;
1435 2902 1561 2940 nam
1611 2896 1760 2942 recta
1804 2887 2114 2958 ptenitenti:

2232 2881 2304 2935 Τὸ
2331 2881 2409 2947 δὲ,
2448 2874 2497 2948 ᾧ
2538 2883 2609 2935 οὐ
2652 2880 2739 2951 μὴ
2775 2880 3098 2950 λογίσηται
3132 2880 3369 2947 Κύριος,
3415 2875 3671 2946 ὲξήγησίς
3698 2876 3785 2926 im

538 2983 765 3045 peccata
813 2975 979 3047 tegit,
1015 2986 1071 3031 ut
1098 2977 1213 3048 jam
1240 2977 1385 3048 apud
1417 2978 1591 3032 Deum
1626 2993 1737 3034 non
1770 2988 2113 3048 reputentur.

2239 2971 2336 3027 τοῦ
2381 2971 2871 3043 ἐπικαλυφθῆναι
2897 2987 2912 3002 ο
2943 2974 2975 3043 ὴ
3003 2972 3111 3043 γὰρ
3155 2970 3291 3043 ὀρθὴ
3337 2970 3602 3040 μετάνοια
3633 2969 3785 3020 ἐπικα-

2234 3067 2431 3120 λύπτει
2472 3066 2573 3132 τὰς
2607 3066 2886 3138 ἁμαρτίας
2906 3105 2922 3131 ,
2945 3064 3087 3119 ὥστε
3131 3064 3206 3137 μὴ
3231 3062 3384 3136 παρὰ
3417 3062 3499 3133 τῷ
3526 3059 3642 3130 Θεῷ
3666 3059 3785 3127 λογί-

2237 3158 2428 3223 ζεσθαι
2462 3158 2691 3223 ταύτας.

541 3302 629 3364 De
660 3300 967 3384 Operibus
991 3310 1197 3372 sancti
1229 3308 1495 3389 Eulogii
1536 3312 1881 3390 deperditis
1921 3313 2049 3393 lege
2099 3316 2531 3398 qyprhotius
2560 3316 2744 3398 habet
2788 3333 2855 3378 in
2900 3316 3316 3398 Bibliotheca,
3370 3321 3556 3384 codd.
3591 3335 3779 3393 ccxxv,

1267 3407 1525 3467 ccxxvr,
1558 3409 1789 3469 ccxxx,
1831 3395 2321 3477 εοιΧΧΧίΙηιῙαε
2357 3397 2731 3476 Patrologiaa
2769 3404 2914 3460 tom.
2953 3398 3105 3461 CIII.

619 3531 660 3562 “
686 3529 822 3588 Luc.
855 3549 909 3599 ν,
938 3533 1028 3589 52.
