3944 6506
137 431 3428 483 w

1474 653 1645 698 ANNO
1683 656 1905 700 DOMlNl
1942 656 2151 702 DXCVI.

692 838 863 1019 S.
1028 837 1933 1019 SYMEON
2082 838 2929 1020 JUNIOR.

968 1332 1123 1421 DE
1191 1333 1287 1422 S.
1362 1332 2015 1426 SYMEONE
2109 1332 2706 1423 S'I‘YLITA

1063 1543 1129 1589 IN
1172 1542 1383 1589 MONTE
1410 1540 1688 1587 MIRABILI
1714 1542 1917 1588 PROPR
1947 1543 2333 1589 ANTIOCHIAM
2363 1542 2584 1597 SYRLE,

592 1693 1190 1757 COMMENTARIUS
1232 1690 1590 1753 PRIEVIUS
1621 1691 1845 1751 CONR.
1887 1690 2324 1762 JANNINGHI,
2358 1689 2787 1750 SOCIETATIS
2820 1691 3019 1752 JESU.

1181 1860 1465 1930 (Bonna.
1494 1859 1610 1913 Act.
1643 1856 1828 1912 Sanct.
1867 1866 1909 1912 t.
1946 1856 1989 1911 V
2020 1856 2170 1923 Maii,
2202 1871 2257 1927 p.
2290 1856 2441 1925 298.)

130 2169 171 2237 ᾗ
236 2166 281 2223 l.
337 2164 515 2219 Trium
564 2164 797 2234 ejusdem
836 2163 1063 2217 nominis
1106 2159 1422 2237 S‘tylitarum
1462 2159 1758 2222 diversitas,
1790 2164 2102 2227 Aquarum
2163 2174 2335 2212 unum
2387 2158 2575 2213 laudat
2628 2158 3019 2213 inveniendum
3069 2158 3215 2227 apud
3270 2174 3330 2213 se
3372 2160 3442 2214 ad

628 2237 960 2304 cognomina,
994 2240 1043 2286 et
1064 2231 1253 2286 cultus.

236 2349 292 2401 l.
328 2347 645 2401 Graecorum
667 2344 961 2408 'l‘riodion,
994 2346 1155 2415 cujus
1180 2344 1236 2398 in
1269 2358 1466 2398 eorum
1498 2343 1756 2398 ecclesiis

135 2455 182 2492 ιι
196 2455 304 2493 sus
337 2448 469 2491 esta
493 2436 780 2491 Dominica
804 2436 1243 2506 Scptuagesima:
1280 2450 1457 2503 usque
1488 2434 1556 2489 ad
1598 2443 1755 2488 octa-

139 2546 292 2583 vam
334 2530 716 2591 Pentecostes,
752 2528 808 2582 in
833 2528 1061 2583 Canone
1089 2526 1265 2582 Fcriaz
1296 2542 1348 2580 γι
1390 2536 1521 2581 ante
1561 2527 1754 2581 Domi-

142 2639 189 2674 ιι
202 2622 352 2676 icam
388 2619 1129 2690 Quinquagcsimae,quando
1156 2618 1216 2673 ﬁt
1238 2618 1492 2672 Memoria
1518 2620 1755 2671 omnium

141 2723 479 2769 sanctorum
504 2720 553 2766 et
586 2712 923 2782 Deiferorum
955 2711 1205 2774 Patrum,
1233 2712 1324 2780 qui
1353 2712 1410 2763 in
1455 2711 1755 2764 monastica

152 2807 554 2862 exercitatione
597 2803 953 2875 singulariter
1037 2802 1344 2866 eluxerunt,
1404 2802 1613 2871 Μνήμη
1646 2800 1755 2851 τῶν

150 2902 336 2955 ὁσίων
368 2900 465 2952 καὶ
482 2898 769 2968 Θεοφόρων
801 2898 1083 2967 Πατέρων,
1108 2897 1218 2949 τῶν
1268 2899 1327 2949 ὲν
1348 2897 1580 2965 ἀσκήσει
1611 2894 1754 2963 λαμ-

150 2993 432 3063 ῲάντων,
487 3005 682 3046 eorum
740 2990 1078 3045 celebriores
1132 2990 1415 3060 sigillatim
1454 2999 1512 3043 et
1554 2987 1755 3042 ordine

155 3084 524 3155 alphabetico
546 3082 855 3144 laudandos
881 3082 1164 3152 pr0ponit,
1192 3099 1287 3151 per
1305 3082 1586 3137 Canonem
1614 3082 1756 3136 bene

158 3180 423 3248 longum.
456 3177 517 3231 In
540 3176 705 3246 hujus
732 3185 919 3229 autem
950 3175 1181 3229 canonis
1209 3173 1315 3229 ode
1364 3176 1418 3235 6,
1465 3172 1689 3242 strophe
1722 3172 1757 3226 5

161 3271 358 3342 (cujus
389 3278 446 3323 et
481 3268 756 3323 Baronius
784 3267 1041 3321 meminit
1063 3266 1131 3321 ad
1179 3282 1270 3320 an.
1298 3266 1424 3330 842,
1457 3280 1613 3319 num.
1638 3264 1753 3334 27),

162 3362 481 3435 Symeones
527 3367 769 3430 quatuor
810 3360 891 3415 sic
922 3366 1474 3414 commemorantur:
1514 3356 1757 3427 Οὐρανὸς

161 3456 612 3523 τετραφὸστερος
680 3452 852 3521 ἐφάνη
883 3454 943 3504 ὲν
974 3454 1068 3521 γῇ,
1136 3451 1170 3521 ἡ
1219 3449 1308 3503 διὰ
1357 3448 1439 3511 δὶς
1476 3447 1571 3501 δύο
1618 3447 1756 3518 αὓτη

1863 2252 2068 2305 calcem
2101 2250 2550 2321 Evangeliorum,
2580 2251 2813 2305 Arabire
2868 2250 2922 2303 in
2945 2249 3178 2321 [Egypto
3215 2252 3440 2319 perpul-

1863 2343 1996 2397 chre
2030 2344 2391 2412 scriptorum,
2422 2359 2514 2396 an.
2546 2352 2853 2413 martyrum
2888 2360 2985 2406 uti,
3025 2342 3077 2396 id
3130 2350 3215 2397 est
3236 2342 3443 2397 Christi

1866 2434 2038 2498 i286;
2075 2435 2157 2488 sic
2187 2443 2369 2489 autem
2404 2435 2478 2488 ibi
2508 2436 2863 2489 referuntur:
2894 2437 2926 2489 4
2959 2434 3166 2489 mensis
3181 2435 3327 2489 Vhot
3347 2450 3445 2489 seu

1866 2527 1890 2579 l
1923 2526 2266 2595 Septembris
2296 2526 2569 2597 Symeonis
2627 2526 2857 2585 Detenti.
2897 2529 3061 2597 cujus
3098 2527 3448 2597 cognominis

1865 2619 2010 2672 ratio
2041 2619 2189 2672 haud
2218 2619 2381 2673 facile
2415 2629 2646 2688 apparet
2672 2637 2687 2685 ;
2718 2620 2787 2673 29
2824 2621 3030 2674 mensis
3058 2621 3308 2675 Bachnes
3346 2636 3446 2673 seu

1862 2711 1932 2765 24
1963 2711 2110 2775 Maii,
2141 2714 2312 2765 sancti
2354 2710 2628 2781 Symeonis
2655 2711 2879 2781 Magni;
2912 2714 2945 2767 5
2991 2713 3196 2767 mensis
3241 2712 3444 2776 Musre,

1865 2804 1917 2856 id
1944 2812 2030 2857 est
2062 2804 2130 2857 2'7
2154 2804 2286 2859 Julii
2323 2845 2336 2868 ,
2391 2802 2666 2874 Symconis
2711 2802 2938 2873 Stylitw.
2999 2803 3193 2858 Itidem
3249 2804 3446 2859 iisdem

1864 2895 2064 2950 diebus
2095 2906 2458 2951 recensentur
2500 2897 2667 2951 etiam
2703 2896 2758 2950 in
2804 2897 3141 2952 Kalendario
3190 2898 3437 2970 Syriaco,

1862 2988 2012 3056 quod
2050 2988 2307 3042 Patribus
2332 2990 2537 3043 nostris
2576 2988 2929 3043 Henschenio
2952 2999 3008 3044 et
3038 2989 3445 3059 Papcbrochio,

1865 3081 2054 3134 Roma:
2116 3080 2171 3134 in
2243 3082 2476 3151 collegio
2548 3081 2902 3145 Maronitico,
2962 3081 3159 3136 Latine
3214 3082 3446 3137 dictavit

1864 3175 1926 3227 Ι).
1980 3173 2300 3242 Josephus,
2366 3174 2583 3244 collegii
2643 3174 2891 3245 ejusdem
2960 3175 3263 3240 alumnus,
3341 3175 3447 3229 hoc

1868 3267 2035 3320 modo
2073 3285 2086 3320 :
2124 3265 2307 3321 Obitus
2348 3268 2521 3320 sancti
2566 3266 2844 3337 Symeonis
2896 3268 3057 3338 primi
3100 3266 3442 3338 Stylitarum,

1863 3360 2035 3413 sancti
2060 3356 2447 3429 Symeonis.....
2482 3360 2656 3412 sancti
2683 3357 2957 3429 Symeonis
2980 3356 3206 3429 Stylitw.
3269 3360 3448 3428 Atque

1866 3454 2062 3507 eodem
2092 3452 2209 3507 fere
2236 3448 2424 3515 modo,
2455 3453 2676 3524 punctis
2709 3453 2874 3507 etiam
2918 3453 2982 3506 ad
3008 3452 3311 3506 secundum
3348 3468 3451 3505 no-

165 3544 515 3615 Συμεὼνειος
551 3543 863 3613 ὁμωνυμία,
886 3543 942 3595 ἐν
970 3542 1085 3603 τοῖς
1113 3540 1324 3603 στύλοις
1348 3542 1495 3610 τρεῖς
1514 3540 1639 3604 εἱσι,
1670 3540 1766 3593 καὶ

1874 3544 2021 3608 tatis,
2046 3546 2169 3598 loco
2192 3543 2344 3598 vocis
2366 3543 2604 3615 alicujus
2639 3544 2947 3599 deﬁcientis
2979 3559 3192 3613 usuque
3211 3544 3446 3607 extritat,

166 3634 252 3700 εἷς
282 3638 312 3689 ὁ
335 3636 665 3699 22116;.ch
694 3635 770 3689 bis
796 3635 1026 3688 duorum
1048 3632 1367 3705 Symeonum
1400 3634 1758 3705 homonymia,

174 3730 439 3799 apparuit
472 3731 527 3781 in
573 3737 718 3782 terra
772 3726 914 3781 velut
943 3725 1134 3780 coelum
1182 3736 1417 3796 quatuor
1476 3725 1763 3780 luminari-

168 3824 265 3875 bus
308 3822 638 3886 distinctum,
679 3838 905 3891 quorum
964 3828 1067 3873 tres
1100 3821 1155 3873 in
1189 3819 1447 3877 columnis
1499 3822 1761 3885 vixerunt,

176 3933 319 3969 unus
349 3913 663 3985 appellatur
692 3913 871 3969 Salus.
897 3915 1115 3971 Colitur
1139 3915 1371 3969 ultimus
1400 3913 1491 3968 die
1531 3914 1557 3966 1
1603 3912 1760 3968 Julii.

175 4007 509 4078 Stylitarum
558 4005 671 4060 duo
717 4007 997 4062 notissimi
1050 4015 1201 4071 sunt,
1234 4006 1403 4061 etiam
1456 4004 1601 4074 apud
1646 4004 1763 4060 Mo-

177 4100 345 4155 schus
368 4106 428 4153 et
449 4108 725 4169 quotquot
752 4099 845 4153 alii
868 4098 1074 4155 Gnecis
1121 4100 1324 4154 ritibus
1366 4106 1637 4163 utuntur;
1686 4114 1765 4151 se-

179 4192 322 4255 nior,
349 4191 384 4245 5
408 4190 657 4246 Januarii
684 4191 830 4262 apud
875 4191 1123 4257 Latinos,
1168 4192 1314 4263 apud
1364 4192 1587 4247 Graecos
1617 4193 1641 4246 1
1670 4191 1768 4246 Se-

178 4281 489 4353 ptembris;
535 4283 747 4352 jnnior,
774 4282 988 4337 Latinis
1014 4282 1192 4338 Fastis
1225 4284 1445 4354 ignotus
1478 4298 1656 4352 usque
1696 4280 1766 4336 ad

180 4375 604 4430 renovationem
650 4374 1023 4446 Martyrologii
1080 4390 1111 4428 a
1142 4374 1380 4429 Baronio
1430 4374 1650 4440 factam,
1684 4373 1766 4429 le-

178 4468 490 4522 stivitatem
542 4467 709 4521 habet
763 4466 1188 4521 celeberrimam
1231 4465 1461 4521 Oriente
1505 4475 1621 4524 toto
1675 4466 1768 4521 die

178 4560 254 4616 24
315 4559 468 4621 Maii,
519 4559 711 4614 nescio
758 4575 826 4614 ex
881 4574 994 4628 quo
1037 4558 1220 4628 capite
1283 4558 1490 4612 relatus
1549 4557 1617 4611 ab
1668 4573 1767 4612 eo-

180 4652 310 4707 dem
334 4650 571 4705 Baronio
593 4650 660 4703 ad
686 4651 720 4704 5
737 4648 1104 4719 Septembris,
1136 4656 1259 4702 rato
1283 4648 1431 4702 hunc
1456 4647 1611 4701 illum
1646 4662 1767 4702 esse

180 4756 352 4812 quem
387 4740 525 4810 ipsis
554 4740 815 4795 Kalendis
840 4738 1016 4795 Graeci
1043 4738 1352 4794 celebrant.
1392 4738 1616 4793 Tertius
1645 4738 1769 4809 Sty-

180 4834 583 4898 litarum,cum
629 4834 808 4888 titulis
849 4832 1154 4904 Presbyteri
1208 4842 1258 4886 et
1296 4832 1765 4896 Arclzimandritw,

1869 3636 2224 3705 reperiuntur
2254 3635 2333 3689 illi
2372 3635 2515 3705 apud
2545 3635 2867 3701 Seldenum,
2892 3635 3084 3689 itidem
3133 3634 3227 3689 ubi
3262 3650 3445 3704 supra,

1870 3727 1926 3780 in
1976 3727 2085 3782 alio
2156 3727 2487 3782 Kalendario
2560 3727 2710 3798 quod
2774 3729 3087 3797 composuit
3159 3728 3448 3782 Mahumed

1869 3819 2113 3874 Achmed
2139 3819 2533 3875 Calcasendius
2568 3823 2632 3873 de
2659 3822 2803 3890 festis
2832 3820 3186 3891 Coptitarum,
3227 3822 3321 3875 ubi
3352 3838 3452 3875 no-

1869 3912 2018 3966 mina
2040 3911 2119 3966 sic
2146 3912 2446 3981 leguntur:
2484 3913 2509 3965 1
2538 3912 2873 3981 septembris
2912 3910 3186 3982 Symeonis
3223 3911 3449 3981 Stylita’.

1868 4003 1939 4058 22
1962 4019 2062 4073 pro
2087 4004 2156 4058 24
2179 4002 2302 4057 Maii
2338 4002 2549 4057 Festum
2595 4002 2891 4075 Symeonis,
2945 4004 3013 4057 27
3055 4004 3184 4059 Julii
3244 4002 3449 4057 Festum

1871 4094 2145 4166 Symeonis
2180 4094 2393 4166 Stylitw
2423 4112 2441 4150 :
2476 4096 2612 4165 quin
2658 4095 2825 4150 etiam
2864 4095 2931 4150 ad
2991 4096 3057 4149 14
3108 4096 3454 4164 Septembris

1870 4186 2116 4253 additur,
2152 4187 2274 4241 aliis
2298 4188 2559 4243 omnibus
2613 4189 2883 4258 ignotum,
2938 4188 3125 4257 festum
3179 4186 3453 4259 Symeonis

1871 4277 2113 4350 Stylitaz;
2141 4287 2197 4333 et
2231 4278 2504 4334 Seldeuus
2537 4294 2635 4333 sua
2673 4294 2841 4333 manu
2904 4279 3182 4348 ascripsit,
3232 4278 3454 4332 alterius

1870 4387 1959 4424 seu
1984 4369 2270 4436 Junioris;
2303 4386 2467 4441 quam
2499 4382 2668 4434 recte,
2705 4370 2823 4441 ipse
2851 4370 3071 4425 viderit.
3105 4371 3163 4425 ln
3188 4371 3457 4441 Martyro-

1871 4459 2017 4529 logio
2036 4460 2526 4531 Arabo-ngyptio,
2555 4459 2704 4529 quod
2732 4460 2926 4514 iisdem
2963 4461 3225 4514 Patribus
3282 4462 3457 4515 inter—

1871 4561 2121 4622 pretatus
2152 4552 2441 4607 estGratia
2496 4552 2800 4616 Simonius,
2840 4562 2994 4607 tune.
3028 4553 3275 4623 ejusdem
3344 4553 3458 4608 col~

1872 4646 1999 4716 legii
2025 4646 2284 4700 alumnus
2308 4661 2456 4699 nunc
2479 4645 2937 4715 archiepiscopus
2966 4645 3348 4714 Tripolitanus
3398 4646 3455 4699 in

1873 4738 2049 4809 Syria,
2077 4737 2561 4792 soluminvenitur
2594 4736 2859 4791 Memoria
2909 4738 3081 4791 sancti
3142 4735 3323 4789 Patris
3355 4735 3455 4808 Sy-

1873 4831 2073 4884 meonis
2107 4829 2441 4891 Miraculosi,
2468 4830 2711 4899 ascripta
2731 4830 2801 4883 2i
2831 4829 2976 4883 Maii.

188 4926 311 4981 solo
336 4926 607 4980 hactenus
623 4926 850 4981 nomine
887 4924 1061 4980 ferme
1087 4934 1255 4980 notus
1294 4924 1456 4979 nobis
1508 4932 1630 4979 est:
1666 4939 1773 4979 nec
1802 4906 1844 4964 (ἶ
1949 4922 2060 4976 Leo
2085 4922 2340 4986 Allatius,
2375 4921 2431 4976 in
2456 4922 2703 4976 Diatriba
2737 4922 2806 4977 de
2834 4922 3170 4993 Symeonum
3226 4925 3456 4994 scriptis

184 5018 338 5072 enim
370 5018 505 5072 satis
538 5026 755 5073 constat
782 5018 962 5088 ipsum
987 5033 1131 5083 esse,
1158 5019 1255 5088 qui
1310 5018 1366 5072 in
1396 5017 1588 5073 Cilicia
1612 5018 1771 5083 vixit,

185 5117 240 5162 et
274 5108 505 5163 fulmine
534 5118 715 5163 tactus
744 5109 908 5173 obiit,
954 5108 1155 5164 Joanni
1205 5109 1431 5164 Moscho
1483 5108 1540 5163 in
1601 5108 1772 5163 Prato

188 5199 461 5268 .pirituali
486 5199 744 5254 laudatus
791 5217 805 5253 :
863 5199 928 5255 ad
962 5200 1111 5255 diem
1163 5201 1233 5255 27
1262 5200 1397 5256 Julii
1444 5200 1770 5256 memoriam

188 5292 312 5356 e;us
329 5289 506 5345 Graeci
538 5291 809 5347 recolunt.

258 5385 315 5438 2.
365 5382 572 5439 Eadem
615 5383 785 5437 trium
845 5384 1038 5441 saltem
1093 5384 1430 5456 Symeonum
1485 5384 1781 5439 distinctio

194 5477 335 5530 adeo
364 5491 465 5545 per
487 5474 773 5531 Orientem
803 5486 934 5531 nota
960 5477 1068 5531 fuit
1088 5518 1103 5543 ,
1149 5486 1211 5531 ut
1230 5480 1396 5531 etiam
1419 5478 1485 5531 ad
1530 5478 1780 5548 Coptitas

193 5582 289 5623 seu
323 5565 675 5623 Christianos
701 5567 983 5639 Egyptios
1013 5570 1377 5639 pertinuerit:
1419 5570 1563 5639 quod
1614 5586 1780 5639 appa-

196 5666 307 5713 ruit
339 5675 405 5714 ex
433 5674 625 5715 eorum
646 5659 1010 5725 Kalendariis,
1040 5663 1093 5715 in
1126 5662 1304 5717 lucem
1327 5663 1493 5717 editis
1517 5678 1545 5717 a
1572 5664 1777 5718 Jacobi)

196 5747 457 5816 Seldeno,
500 5748 598 5805 lib.
629 5766 687 5805 Ill
733 5748 802 5805 de
844 5750 1133 5853 Synedriis
1176 5750 1535 5808 Hebraeorum
1598 5769 1648 5808 c.
1689 5754 1774 5820 15,

1876 5016 2085 5084 Optime
2134 5015 2203 5069 de
2233 5014 2606 5086 Symeonibus
2647 5014 2993 5079 meritus,de
3018 5015 3240 5069 Juniore
3266 5031 3456 5085 agens,

1877 5107 2065 5173 Graeci,
2106 5107 2309 5178 inquit,
2338 5109 2671 5171 recentiores,
2696 5116 2753 5159 ut
2783 5108 3016 5177 primum
3054 5108 3119 5162 ab
3150 5110 3247 5162 hoc
3266 5126 3458 5163 secun-

1878 5199 1944 5252 do
1964 5198 2317 5270 distinguant,
2352 5201 2583 5269 primum
2622 5198 2935 5271 Symeonem
2961 5202 3054 5254 τὸν
3108 5203 3169 5254 ὲν
3212 5206 3277 5272 τῇ
3322 5205 3463 5272 μάν.-

1877 5290 1998 5362 δρᾳ,
2017 5291 2299 5345 secundum
2324 5292 2459 5346 hunc
2484 5292 2575 5345 τὸν
2597 5295 2656 5346 ὲν
2683 5292 2982 5364 θαυμαστῷ
3002 5294 3117 5365 ὄρει
3145 5295 3419 5364 appellant
3442 5313 3460 5352 :

1880 5382 2077 5452 utique
2106 5398 2136 5436 a
2165 5382 2287 5437 loco
2320 5382 2375 5437 in
2423 5398 2535 5453 quo
2569 5384 2770 5454 singuli
2804 5391 3116 5449 extremum
3148 5385 3274 5438 vitae
3311 5386 3463 5440 diem

1880 5476 2166 5541 obierunt,
2215 5477 2269 5531 in
2306 5492 2406 5531 sua
2453 5477 2688 5547 quisque
2734 5478 2989 5532 columna
3024 5496 3040 5545 ;
3075 5477 3291 5546 primus
3347 5478 3467 5532 lon-

1879 5569 2002 5641 gius
2033 5569 2103 5624 ab
2138 5569 2460 5635 Antiochia,
2488 5571 2635 5625 inter
2659 5570 2804 5623 hanc
2843 5578 2900 5624 et
2928 5569 3223 5639 Aleppum,
3263 5570 3343 5624 uti
3382 5578 3463 5625 te-

1881 5662 1983 5717 stis
2043 5672 2128 5718 est
2183 5663 2278 5733 qui
2315 5679 2495 5732 nuper
2532 5662 2713 5716 adhuc
2743 5662 3057 5716 columnam
3091 5660 3232 5715 vidit
3268 5662 3465 5717 Frater

1879 5755 2153 5812 Antonius
2180 5756 2451 5813 Gonzalcs
2488 5753 3086 5811 Minoritazsecundus
3118 5754 3265 5811 haud
3302 5755 3462 5829 longe
