3988 6482
583 364 722 428 2967

1851 365 1912 424 S.
1948 363 2244 425 SYMEON
2281 364 2589 426 JUNIOR.
2658 393 2671 404 η

3662 377 3770 446 2968

584 492 614 530 ιι
677 475 946 531 suburbio
1011 475 1285 543 Daphnes,
1338 473 1391 527 in
1449 482 1635 529 monte
1686 490 1850 544 quem
1900 476 2154 545 pluribus
2185 481 2228 535 A
2260 473 2406 528 intra
2437 475 2717 528 mandram
2746 475 3004 530 conclusa
3042 475 3165 544 fuit,
3215 478 3295 533 uti
3337 479 3599 547 Senioris,
3642 502 3773 556 prout

584 568 965 623 describemus
993 566 1153 620 infra.
1180 567 1257 621 De
1292 566 1472 637 primo
1498 565 1716 620 abunde
1743 566 2041 621 Bollandus
2063 580 2157 620 no-

583 669 697 715 ster
726 658 838 730 egit
861 660 919 714 in
949 658 1230 722 Januario,
1258 667 1313 713 et
1341 657 1684 728 cognominis
1713 657 1961 726 praedicti
1986 657 2155 711 ratio-

592 766 723 804 nem
774 765 841 804 ex
880 759 1109 805 auctore
1152 749 1299 803 haud
1358 750 1522 819 paulo
1568 749 1866 819 antiquiori
1919 749 2156 818 Evagrio

584 841 998 912 intelligendam
1040 841 1217 903 dedit,
1256 841 1510 910 allegatis
1566 840 1687 909 ejus
1742 838 1947 903 verbis,
1979 853 2157 893 annos

582 933 709 987 vitae
734 933 813 987 sic
842 932 1326 997 distribuentibus,
1367 940 1425 985 ut
1451 931 1649 985 dicatis
1683 930 1858 1001 egisse
1909 932 1967 983 ὲν
2018 930 2153 1000 αὐτῇ

586 1024 896 1095 καλουμένῃ
965 1023 1189 1095 Μάνδρᾳ
1246 1024 1387 1077 ἒπτα
1450 1024 1542 1077 καὶ
1578 1024 1984 1095 τεσσαράκοντα
2034 1021 2151 1091 ἔτη,

582 1115 638 1168 in
685 1131 748 1168 ea
790 1132 907 1185 qum
932 1125 1147 1170 vocatur
1194 1115 1423 1169 Mandra
1471 1131 1638 1168 annos
1681 1115 2038 1184 quadraginta
2075 1130 2156 1167 se-

584 1214 748 1275 ptem,
775 1206 1033 1261 videlicet
1057 1207 1286 1260 ultimos
1324 1205 1450 1260 vitm
1488 1221 1620 1271 sum,
1656 1206 1823 1275 idque
1866 1220 2032 1274 supra
2066 1220 2155 1259 va-

586 1300 701 1354 rias
723 1298 1030 1355 successive
1064 1300 1369 1362 columnas,
1398 1300 1542 1353 intra
1577 1299 1827 1353 eamdem
1873 1298 2152 1352 Mandram

584 1398 822 1451 erectas,
866 1396 1033 1457 prout
1064 1404 1130 1441 ex
1182 1388 1302 1440 Vita
1330 1387 1399 1441 ab
1428 1387 1671 1441 Antonio
1707 1388 1979 1456 discipulo
2020 1387 2154 1441 scri-

583 1485 679 1546 pta
712 1477 1053 1547 intelligitur.
1091 1477 1186 1530 Est
1214 1486 1401 1531 autem
1437 1477 1665 1531 Mandra
1692 1478 1745 1531 in
1770 1478 1949 1547 primo
1987 1486 2154 1546 atque

582 1568 884 1636 originario
935 1583 1037 1622 suo
1075 1568 1402 1638 signiﬁcato,
1447 1569 1605 1623 locus
1650 1570 1887 1624 maceria
1938 1570 2153 1639 lapidea

581 1659 1004 1728 circumseptus,
1033 1660 1248 1728 qualem
1294 1660 1400 1714 sibi
1447 1661 1501 1713 in
1531 1660 1701 1731 Syriae
1738 1662 1946 1731 campis
1972 1662 2153 1717 facere

582 1752 839 1806 solebant
888 1761 1157 1820 pastores,
1190 1752 1446 1821 intraque
1476 1768 1596 1806 eam
1626 1753 1866 1822 pecudes
1892 1769 2022 1809 suas
2047 1770 2151 1809 no-

580 1852 678 1897 ctu
744 1844 1020 1914 colligere,
1055 1843 1147 1897 ubi
1173 1858 1203 1897 a
1233 1844 1375 1912 lupis
1410 1859 1474 1898 ac
1524 1843 1744 1899 furibus
1772 1854 1901 1899 tuta:
1942 1856 2147 1901 essent.

582 1935 751 1999 Talis,
786 1949 888 1989 nec
945 1936 1072 1999 alia,
1099 1934 1205 1989 fuit
1235 1934 1482 2001 Mandra,
1521 1951 1643 2004 quae
1677 1937 1857 2004 primo
1903 1935 2150 2007 Symeoni

582 2043 783 2082 nomen
806 2027 958 2081 dedit
989 2045 1003 2092 ;
1036 2028 1239 2097 quippe
1277 2027 1369 2096 qui
1395 2036 1592 2097 ιιι-αξιοι·
1619 2044 1787 2082 unum
1833 2030 1938 2084 sibi
1992 2032 2153 2086 mini-

579 2129 846 2176 strantem
871 2119 1165 2173 Antonium
1187 2118 1366 2173 nullos
1393 2120 1599 2173 sciatur
1615 2118 1874 2175 habuisse
1905 2119 2150 2190 discipu-

583 2213 703 2279 los;
727 2221 863 2266 eteo
888 2220 1095 2265 tantum
1116 2212 1221 2266 ﬁne
1256 2214 1377 2266 loco
1393 2227 1554 2281 quem
1579 2212 1832 2265 columna
1861 2228 1959 2267 sua
1987 2228 2153 2268 occu-

582 2305 750 2375 pabat
775 2304 1141 2359 circumduxit
1181 2305 1497 2365 maceriam.
1530 2319 1599 2358 ne
1633 2304 1979 2373 promiscuus
2003 2305 2070 2359 ad
2094 2322 2152 2360 se

585 2409 842 2448 accessus
879 2393 1104 2449 daretur
1138 2394 1305 2447 etiam
1335 2393 1661 2447 mulieribus
1692 2410 1705 2445 :
1734 2393 1861 2447 huic
1889 2410 2021 2448 vero
2052 2394 2150 2449 ad-

576 2486 767 2555 juncta
793 2495 912 2539 erat
961 2484 1187 2539 mandra
1229 2485 1423 2547 altera,
1455 2485 1599 2539 intra
1625 2499 1789 2554 quam
1821 2500 1943 2540 sese
1991 2501 2151 2555 pere-

581 2576 724 2645 grini
778 2576 1131 2646 hospitesque
1186 2577 1536 2645 reciperent,
1572 2575 1749 2630 donec
1785 2576 1852 2630 ad
1901 2585 2149 2631 sanctum

580 2664 1026 2720 admitterentur.

653 2758 707 2812 4.
746 2756 1016 2813 Caeterum
1044 2758 1175 2828 quia
1204 2758 1464 2828 paulatim
1500 2775 1632 2814 usus
1664 2758 1927 2823 obtinuit,
1954 2766 2014 2813 ut
2035 2775 2149 2814 m0-

580 2850 881 2905 n'achorum
940 2852 1190 2906 coenobia
1238 2852 1480 2907 Mandra:
1509 2896 1523 2916 ,
1556 2859 1611 2906 et
1671 2852 1863 2906 harum
1913 2852 2150 2922 prml‘ecti

581 2942 899 2997 dicerentur
932 2944 1400 3009 Archimandritw;
1441 2944 1569 2999 hinc
1615 2945 1817 2999 factum
1851 2953 1911 2999 ut
1956 2944 2152 2999 Senior

583 3035 834 3107 Symeon,
867 3037 962 3107 qui
982 3038 1097 3108 jam
1127 3036 1329 3105 passim
1366 3036 1863 3106 cognominabatur
1924 3035 2150 3107 Symeon

2258 565 2470 631 dicitur,
2514 567 2570 619 in
2625 566 2745 620 Vita
2779 568 2968 621 matris
2993 608 3007 633 ,
3039 571 3360 638 apparuisse
3402 573 3487 626 illa
3530 591 3556 627 e
3593 580 3773 639 sabdiali

2258 666 2410 727 parte
2436 658 2677 712 mandra:
2697 699 2711 721 ,
2762 664 2819 712 in
2872 676 2979 728 qua
3043 661 3288 717 columna
3318 674 3435 717 erat
3462 682 3480 733 ;
3512 669 3600 722 sed
3622 674 3772 731 eadem

2258 748 2490 802 mandra
2511 749 2840 819 intelligitur
2865 751 3125 806 habuisse
3155 762 3342 821 partes
3368 772 3478 809 non
3516 759 3767 832 subdiales,

2255 855 2449 894 verum
2483 850 2651 896 tectas
2689 856 2788 909 per
2822 842 3045 896 modum
3082 844 3306 898 claustri
3339 849 3662 906 monachalis
3687 856 3768 909 cir-

2256 931 2739 985 cumeurrentibus
2770 933 3170 987 monachorum
3224 935 3405 1000 cellis,
3463 952 3578 1006 qua:
3608 941 3658 994 in
3701 943 3772 999 im.

2255 1021 2502 1089 pluvium
2532 1031 2698 1090 atque
2726 1022 2783 1076 in
2806 1024 3119 1079 columnam
3151 1037 3504 1095 prospectum
3527 1029 3770 1103 habebant,

2256 1112 2722 1179 quemadmodum
2751 1116 2916 1169 etiam
2948 1116 3114 1171 hodie
3132 1116 3333 1183 videri,
3357 1120 3576 1174 memini
3609 1139 3682 1178 me
3700 1141 3772 1179 au-

2256 1204 2459 1260 divisse
2489 1222 2556 1260 ex
2587 1206 2655 1260 iis
2684 1207 2778 1276 qui
2814 1207 3211 1279 Hierosolymis
3254 1211 3489 1275 reversi,
3517 1214 3665 1269 etiam
3689 1218 3771 1272 An-

2257 1296 2453 1350 tiochae
2483 1297 2743 1352 dicebant
2773 1314 2831 1353 se
2860 1298 3053 1354 fuisse.
3080 1298 3147 1355 Et
3174 1300 3279 1355 hoc
3301 1310 3388 1356 est
3423 1308 3770 1373 monasterium,

2256 1388 2323 1442 de
2348 1404 2457 1457 quo
2485 1393 2539 1443 in
2569 1390 2689 1445 Vita
2709 1392 2885 1445 sancti
2915 1406 2972 1444 n.
3012 1391 3136 1453 168,
3182 1392 3284 1446 ubi
3315 1393 3485 1447 etiam
3513 1393 3570 1448 lit
3608 1401 3770 1455 mentio

2256 1478 2527 1548 inferioris
2561 1480 2882 1535 monasterii
2930 1479 2997 1534 ad
3026 1480 3221 1549 pedem
3282 1482 3455 1536 credo
3487 1486 3671 1539 montis
3699 1504 3771 1556 po-

2256 1570 2367 1633 siti,
2396 1586 2495 1640 pro
2526 1571 2860 1639 recipiendis
2890 1572 3199 1642 hospitibus
3223 1574 3420 1627 etaliis
3442 1574 3666 1641 advenis,
3688 1580 3770 1634 sic-

2256 1661 2334 1715 uti
2366 1662 2555 1716 videre
2579 1673 2663 1718 est
2686 1663 2741 1717 in
2773 1664 2928 1718 Italia
2989 1666 3387 1720 monasterium
3461 1669 3677 1735 positum
3722 1673 3769 1725 ad

2255 1751 2449 1821 pedem
2489 1753 2696 1807 montis
2724 1762 2888 1823 atque
2910 1755 3088 1808 eremi
3114 1754 3569 1813 Camalduleusis.
3596 1761 3770 1818 Utrobi-

2254 1859 2361 1912 que
2391 1853 2575 1897 autem
2605 1859 2861 1913 magnum
2889 1845 3290 1915 discipulorum
3320 1864 3604 1904 numerum
3644 1853 3772 1907 habe~

2252 1934 2347 1987 bat
2379 1944 2639 1989 sanctus:
2670 1936 2874 2004 quibus
2917 1947 2975 1992 et
3014 1939 3237 1993 vivendi
3267 1956 3518 1995 normam
3568 1948 3770 2012 praescri-

2253 2036 2475 2095 pserat,
2515 2028 2675 2096 cuius
2704 2028 3149 2084 observationem
3196 2032 3500 2086 moriturus
3544 2049 3772 2089 commen-

2252 2118 2421 2172 davit.
2452 2120 2579 2174 Fuit
2612 2136 2745 2191 ergo
2774 2137 2901 2176 vere
2951 2122 3387 2177 Archimandrita
3424 2125 3512 2178 hic
3561 2124 3763 2197 Symeon.

2251 2210 2405 2265 Nihil
2444 2222 2622 2267 tamen
2658 2222 2935 2282 opuserat
2951 2216 3227 2285 ejusmodi
3252 2232 3382 2271 eum
3416 2218 3569 2271 titulo
3613 2221 3766 2288 appel-

2250 2304 2383 2368 lare,
2417 2305 2512 2373 qui
2532 2306 2643 2374 jam
2668 2306 2908 2361 habebat
2931 2307 3001 2361 ab
3028 2308 3176 2361 onmi
3228 2309 3494 2363 memoria
3549 2310 3770 2365 notiorem

2251 2395 2723 2449 nomenclaturam
2771 2396 2865 2449 τοῦ
2913 2399 2971 2449 ἐν
3026 2399 3105 2469 τῷ
3150 2399 3448 2469 θαυμαστῷ
3492 2401 3619 2470 ὄρει,
3660 2402 3771 2456 unde

2251 2487 2558 2554 composito
2597 2487 2821 2541 nomine
2857 2488 3375 2545 Tltaumastoristam
3407 2493 3634 2560 appellat
3658 2494 3771 2547 Alla-

2252 2578 2383 2632 tius.
2401 2578 2574 2649 Hujus
2588 2578 2758 2634 cultui
2782 2590 2943 2636 vetus
2958 2581 3323 2652 Menologium
3336 2583 3547 2655 Crypta:
3562 2585 3765 2650 Ferrata,

2247 2667 2402 2737 jussu
2430 2668 2615 2723 Basilii
2649 2670 2997 2739 imperatoris
3043 2673 3365 2737 collectum,
3399 2689 3467 2728 ex
3516 2690 3672 2743 eoque
3699 2691 3768 2729 ac-

2252 2766 2472 2827 ceptum
2499 2774 2675 2829 nuper
2702 2761 3142 2831 impressumque
3174 2762 3439 2817 Basiliani
3476 2763 3605 2817 ritus
3627 2763 3764 2817 lloro~

2251 2850 2457 2921 legium
2486 2852 2811 2907 ascribit25
2875 2854 2999 2908 Maii
3037 2870 3136 2923 per
3185 2855 3354 2909 unius
3404 2855 3514 2909 diei
3549 2856 3763 2924 anticipa-

2252 2942 2480 3008 tionem,
2522 2944 2656 2998 satis
2689 2944 3094 3014 lrequenterin
3154 2946 3249 3000 illo
3288 2945 3590 3015 MenOIOgio
3617 2946 3760 3000 obser-

2254 3044 2435 3090 vatam
2458 3051 2490 3090 a
2520 3037 2703 3102 nobis,
2734 3036 2962 3092 incertis
2991 3052 3061 3091 an
3091 3053 3214 3092 eam
3238 3046 3495 3107 oporteat
3514 3037 3761 3099 collectori,

580 3130 636 3185 in
669 3128 917 3190 Handra,
946 3127 1002 3182 in
1046 3127 1262 3182 excusis
1299 3127 1612 3183 Graecorum
1643 3128 1956 3182 Ritualibus
1986 3144 2151 3183 voce-
2180 3140 2219 3194 c
2255 3142 2323 3180 an
2360 3128 2537 3181 solum
2579 3128 2839 3197 scriptori
2883 3127 3180 3197 imputare.
3235 3129 3448 3184 Caetera
3478 3129 3642 3183 omnia
3680 3137 3760 3182 tam

581 3228 673 3275 tur
724 3218 1177 3282 Archimandrita,
1206 3226 1406 3287 praeter
1457 3219 1626 3271 totius
1676 3219 1922 3272 historia:
1963 3218 2146 3274 ﬁdem.

579 3310 759 3365 Minus
786 3309 944 3380 longe
965 3308 1261 3373 aberravit,
1292 3309 1496 3364 erravit
1528 3318 1709 3363 tamen
1755 3319 1947 3366 auctor
1976 3310 2149 3380 Syna-

580 3401 722 3461 xarii
770 3400 1202 3463 Claromontani,
1229 3400 1463 3472 elogium
1498 3402 1618 3473 ejus
1648 3403 1727 3456 sic
1762 3401 1963 3456 ﬁniens
1994 3419 2007 3453 :
2060 3402 2149 3455 Ἐκ

581 3492 713 3561 γοῦν
771 3491 864 3544 τοῦ
941 3492 1158 3562 οἰκῆσαι
1223 3496 1291 3564 τῇ
1323 3493 1497 3565 λαύρᾳ
1561 3499 1626 3564 τῇ
1704 3494 2148 3567 ὲπονομαξομένῃ

579 3583 827 3655 Μάνδρᾳ,
858 3583 1072 3650 λέγεται.
1103 3584 1325 3654 Συμεὼν
1355 3587 1383 3637 ὁ
1404 3587 1499 3655 τῆς
1522 3587 1777 3656 Μάνδρας
1814 3604 1825 3616 ·
1865 3590 1928 3640 ἐκ
1958 3588 2015 3640 δὲ
2054 3588 2147 3642 τοῦ

581 3676 662 3738 εἰς
688 3674 972 3743 διαφόρους
1008 3673 1232 3737 στύλους
1264 3675 1563 3744 ἀναχυῆναι
1588 3717 1601 3739 ,
1631 3678 1876 3728 καλεῖται
1925 3678 2149 3746 Συμεὼν

578 3766 857 3835 Στυλίτης.
888 3766 970 3821 Ex
996 3783 1054 3820 eo
1082 3768 1219 3837 quod
1250 3768 1522 3821 habitabat
1552 3769 1606 3821 in
1637 3771 1954 3824 monasterio
2011 3771 2149 3839 quod

576 3856 862 3915 vocabatur
885 3857 1133 3924 Mandra,
1160 3859 1351 3912 dicitur
1371 3858 1559 3929 Symeo
1596 3862 1650 3914 in
1690 3860 1961 3917 Mandra:
1993 3878 2055 3916 ea:
2089 3878 2147 3916 eo

576 3964 699 4001 vero
734 3949 870 4016 quod
896 3949 1125 4003 diversos
1154 3948 1349 4019 Stylos,
1379 3951 1432 4003 id
1480 3961 1561 4005 est
1611 3954 1915 4014 columnas,
1963 3969 2149 4008 ascen-

577 4039 673 4103 dit,
703 4042 1008 4093 nominatur
1058 4039 1282 4110 Symeon
1344 4040 1575 4111 Stylites.
1610 4043 1762 4097 Licet
1813 4045 2147 4109 cnim,teste

575 4130 829 4201 Evagrio,
856 4134 909 4185 in
934 4134 1285 4197 monasterio,
1311 4136 1366 4186 in
1401 4151 1501 4203 quo
1538 4136 1768 4203 primunt
1816 4137 2019 4190 divinas
2067 4140 2145 4192 vi-

578 4224 731 4280 vendi
782 4225 1150 4293 prmceptiones
1190 4225 1388 4287 didicit,
1422 4243 1588 4278 annos
1614 4227 1739 4279 vixit
1777 4244 1991 4292 novem,
2037 4245 2145 4283 non

580 4323 761 4371 tamen
796 4314 900 4369 hoc
923 4316 1314 4370 monasterium
1368 4318 1595 4385 proprio
1633 4320 1857 4375 nomine
1910 4323 2145 4377 vocaba-

577 4412 673 4459 tur
702 4405 950 4470 Mandra,
985 4407 1080 4462 sed
1124 4406 1417 4472 Timothei;
1457 4425 1636 4479 neque
1687 4428 1989 4482 congruum
2018 4414 2142 4479 fuit,

2254 3219 2629 3288 manuscripta
2655 3234 2820 3287 quam
2853 3219 2995 3289 typis
3025 3234 3229 3274 excusa
3254 3220 3458 3274 Menaaa
3483 3234 3541 3273 ac
3571 3220 3760 3288 Synaxa-

2252 3312 2333 3366 ria
2366 3311 2636 3366 inhaerent
2665 3310 2773 3365 diei
2803 3311 2873 3365 ab
2931 3318 3162 3365 auctore
3192 3312 3334 3367 Vitae
3358 3319 3557 3374 notato,
3599 3309 3759 3379 quiest

2253 3401 2345 3455 hic
2375 3400 2445 3455 24
2494 3399 2644 3463 Maii,
2675 3399 2897 3468 quando
2933 3400 3098 3454 etiam
3135 3400 3365 3464 Menzea,
3404 3400 3545 3469 quod
3563 3401 3677 3453 alias
3697 3413 3758 3451 ra-

2244 3508 2398 3557 rum,
2434 3492 2509 3547 ita
2563 3500 2736 3547 totum
2762 3490 3000 3547 cilicium
3027 3490 3095 3545 de
3144 3491 3251 3546 hoc
3296 3500 3490 3546 sancto
3531 3497 3755 3560 peragunt,

2252 3586 2566 3640 utalterius
2594 3585 2830 3654 alicujus
2897 3598 2996 3638 nec
3044 3582 3616 3638 commemorationem
3664 3578 3756 3647 qui-

2250 3677 2374 3731 dem
2409 3677 2733 3747 adjungant.

2320 3769 2372 3823 6.
2432 3770 2637 3822 Auctor
2686 3766 2850 3821 oﬂicii
2874 3776 3040 3837 atque
3100 3766 3331 3821 canonis
3377 3764 3583 3819 videtur
3627 3762 3753 3816 fuisse

2248 3866 2473 3911 sanctus
2509 3856 2837 3920 Germanus,
2896 3856 3211 3925 patriarcha
3258 3852 3755 3922 Constantinopolita-

2247 3969 2378 4007 nus:
2406 3953 2569 4024 hujus
2594 3952 2862 4023 siquidem
2895 3952 3102 4006 nomini
3130 3952 3432 4007 ascribitur
3463 3948 3750 4019 Tr0parium,

2246 4054 2369 4115 post
2415 4046 2688 4100 Similaria
2746 4045 2812 4099 ad
2851 4044 3073 4109 Gloria,
3128 4044 3279 4114 quod
3345 4052 3432 4100 est
3487 4044 3635 4097 tale:
3689 4038 3753 4097 Εἰς

2244 4139 2368 4207 ὅρος
2432 4138 2637 4207 ὑψηλὴν
2692 4136 3034 4206 συμϐολικῶς
3093 4135 3152 4189 τὸ
3198 4135 3510 4207 θαυμαστὸν
3553 4130 3750 4187 ἀνελθὼν.

2244 4228 2340 4280 καὶ
2365 4228 2462 4298 τὴν
2494 4227 2695 4297 σεπτὴν
2722 4227 2949 4280 κιόωτὸν
3001 4226 3076 4287 ὡς
3131 4226 3323 4279 ἄδυτον
3376 4223 3628 4284 εἰσελθὼν,
3651 4219 3753 4289 πρᾶ-

2245 4319 2326 4384 ξιν
2340 4319 2565 4389 ἀρίστην
2587 4320 2678 4371 καὶ
2699 4319 2950 4372 ἐπίϐασιν
2967 4318 3205 4389 θεωριῶν
3224 4318 3561 4385 ὲπεδείξω,τῇ
3584 4314 3662 4384 μὲν
3672 4312 3749 4381 βίον

2243 4408 2608 4479 λαμπρύνας,
2663 4409 2880 4480 δεσμοῖς
2954 4409 3193 4479 σιδηροῖς
3235 4410 3311 4473 ὡς
3359 4410 3620 4479 ὀρμίσκοις
3659 4420 3750 4475 χρυ-

580 4503 692 4549 uta
730 4494 852 4548 loco
878 4511 1038 4564 quem
1064 4511 1204 4567 pene
1242 4513 1379 4567 puer
1410 4499 1771 4564 habitaverat,
1805 4517 2001 4556 nomen
2028 4517 2146 4557 sor-

2251 4504 2359 4563 σοῖς
2385 4501 2780 4570 κοσμούμενος·
2808 4502 2934 4571 τῇδε
2961 4501 3092 4554 Θεὸν
3119 4501 3259 4571 ὁρῶν
3297 4519 3358 4554 τε
3399 4502 3488 4555 καὶ
3516 4499 3745 4568 ὁρώμενος.

578 4587 777 4647 tiretur
828 4595 951 4655 post
1006 4596 1259 4643 mortem.
1290 4588 1434 4645 Fieri
1466 4599 1647 4645 tamen
1703 4593 1882 4661 potuit
1934 4603 2143 4648 utnon

579 4677 758 4736 solum
809 4692 978 4745 super
1032 4678 1172 4744 illas,
1205 4696 1342 4749 quas
1371 4680 1463 4736 ille
1499 4683 1813 4738 successive
1860 4684 2146 4740 dimiserat

576 4769 861 4823 columnas
881 4770 1247 4825 ascenderent
1272 4773 1366 4826 alii
1413 4773 1507 4827 diu
1550 4783 1737 4843 postea
1767 4791 1780 4839 ;
1812 4776 1907 4829 sed
1938 4776 2102 4830 etiam
2126 4819 2142 4843 ,
2180 4794 2203 4803 α

575 4861 826 4929 quamvis
878 4877 1082 4932 corpus
1129 4871 1275 4917 esset
1328 4864 1649 4929 Antiochiae,
1708 4867 1895 4934 plures
1964 4875 2145 4921 tamen

578 4953 668 5013 alii
720 4952 923 5007 ibidem
989 4955 1225 5018 collecti,
1274 4957 1472 5025 partim
1507 4958 1735 5029 Stylitm,
1789 4960 1985 5028 partim
2019 4958 2143 5014 Cm-

576 5042 812 5109 nobitae,
884 5044 1169 5100 effecerint
1232 5048 1469 5116 amplam
1537 5064 1604 5102 ao
1658 5047 1920 5103 famosam
1981 5050 2144 5103 Man-

578 5130 731 5184 dram
769 5149 781 5185 :
819 5132 886 5186 ad
923 5150 1084 5202 quam
1115 5136 1242 5204 quia
1275 5135 1520 5206 undique
1555 5139 1950 5192 accurrehatur
1985 5156 2014 5193 a
2050 5156 2146 5207 pe-

577 5223 831 5292 regrinis,
863 5225 1141 5279 celebrem
1176 5226 1251 5279 ibi
1300 5225 1570 5296 Symconis
1604 5228 1917 5282 columnam
1965 5230 2145 5285 visere

575 5308 949 5381 cupientibus,
982 5317 1129 5387 apud
1164 5321 1504 5374 recentiores
1536 5320 1828 5375 invaluerit
1849 5362 1862 5383 ,
1900 5330 1957 5375 ut
1990 5324 2145 5390 cujus

576 5404 833 5471 etluznua
869 5409 1049 5462 stabat
1080 5409 1134 5462 in
1163 5409 1406 5471 Mandra.
1438 5411 1614 5480 ipsum
1657 5428 1875 5487 quoque
1902 5415 1956 5466 in
1989 5414 2143 5466 Man-

574 5499 673 5551 dra
704 5501 1175 5569 cognominarent.
1204 5501 1545 5568 llaec,minus
1568 5504 1641 5557 ibi
1674 5504 1941 5573 explicata
1974 5521 2002 5557 a
2028 5505 2146 5559 Bol-

576 5590 764 5653 lando,
804 5592 1012 5660 placuit
1041 5593 1132 5647 hic
1158 5593 1451 5648 deducere.

648 5682 702 5736 5.
739 5681 1024 5745 Secundus
1055 5683 1278 5756 Symcon
1299 5702 1423 5741 vere
1453 5702 1516 5745 ac
1540 5688 1760 5757 prOprie
1817 5687 1999 5742 vocari
2049 5703 2145 5761 po-

577 5771 683 5830 tuit
708 5770 1137 5831 Archimandrita
1175 5795 1191 5832 :
1220 5795 1326 5832 non
1348 5779 1493 5836 enim
1528 5781 1702 5835 solum
1739 5782 1991 5836 columna
2025 5783 2143 5853 ejus

2245 4596 2337 4647 καὶ
2372 4593 2530 4663 μόνος
2562 4594 2709 4663 μόνῳ
2738 4593 3077 4664 προσλαλῶνο
3103 4594 3161 4646 ὃν
3183 4594 3416 4657 ἱκέτευε,
3437 4592 3664 4657 σεδὰσμιε
3680 4585 3747 4635 Συ·

2248 4683 2412 4754 μεὼν,
2451 4684 2592 4754 ὑπὲρ
2619 4684 2726 4736 τῶν
2757 4683 2946 4752 ψυχῶν
2991 4684 3164 4753 ὑμῶν.
3220 4684 3453 4739 Videtur
3500 4676 3743 4749 respexisse

2245 4785 2438 4831 auctor
2466 4777 2534 4830 ad
2559 4776 2849 4831 Noeticam
2894 4791 3099 4840 arcam,
3158 4776 3215 4830 in
3276 4776 3502 4830 summis
3537 4765 3742 4824 Armenia?

2246 4868 2528 4922 montibus
2556 4868 2933 4938 quiescentem
2951 4908 2966 4931 ,
2988 4867 3130 4922 sicut
3151 4867 3384 4937 legimus
3402 4866 3647 4921 Geneseos
3662 4868 3736 4907 vm.

2245 4960 2420 5015 Verba
2474 4959 2591 5029 ipsa
2621 4959 2811 5013 Latine
2839 4957 2920 5013 sic
2951 4958 3124 5013 reddo
3150 4976 3163 5011 :
3192 4957 3257 5011 In
3288 4966 3505 5011 montem
3522 4948 3737 5005 excelsum.

2244 5050 2522 5121 symbolice
2556 5051 2852 5105 mirabilem
2889 5051 3193 5113 ascendens,
3221 5058 3271 5103 et
3329 5044 3647 5103 venerandam
3675 5052 3737 5088 ar-

2246 5162 2361 5198 cam
2389 5142 2528 5197 velut
2554 5145 2771 5213 adytum
2799 5130 3313 5212 sacrum'ingressus,
3348 5141 3581 5211 optimam
3600 5142 3737 5199 opera-

2247 5236 2439 5288 tionem
2470 5243 2518 5287 ει
2539 5235 3041 5305 contemplationum
3059 5235 3361 5288 divinarum
3390 5230 3631 5287 sublimem
3649 5232 3738 5315 grlt'

2245 5328 2371 5380 dum
2415 5327 2686 5381 ostendisti
2718 5336 2766 5379 te
2825 5336 3166 5380 assecutum:
3198 5328 3314 5378 hinc
3364 5322 3557 5394 quidem
3603 5318 3736 5382 {enm

2245 5416 2489 5481 vinculis,
2516 5424 2770 5483 tanquam
2790 5418 2963 5469 aureis
2992 5413 3291 5476 monilibus,
3311 5426 3488 5481 corpus
3509 5406 3735 5457 θεῖονπαΜὶ

2246 5509 2366 5564 inde
2413 5525 2534 5562 υενο
2575 5507 2743 5565 Deum
2791 5509 3109 5577 conspiciens
3157 5506 3219 5558 ab
3276 5519 3433 5573 eoque
3477 5495 3732 5577 competit“.

2246 5601 2370 5653 dum
2396 5598 2537 5652 solus
2556 5597 2653 5651 soli
2672 5597 2987 5667 loquereris:
3017 5613 3169 5666 quem
3197 5612 3290 5665 pro
3314 5591 3492 5647 nostris
3522 5576 3735 5671 animali“

2246 5690 2558 5759 depreceris,
2611 5704 2946 5756 qumsumns,
2977 5686 3202 5756 Symeon
3254 5680 3547 5739 venerande.
3593 5669 3733 5734 5108'”

2248 5781 2545 5853 prn'ligitur
2583 5781 2856 5835 distichon
2885 5778 3195 5850 hujusmodi
3223 5794 3235 5831 :
