3988 6486
261 366 422 431 2069

421 475 750 548 Θαυμᾳττδν
778 474 911 548 ᾤκει
936 474 1067 545 πρὶν
1096 472 1321 548 Συμεὼν
1336 474 1451 548 χῆς⁸
1482 474 1629 544 ὅρος,

421 529 565 602 llam;
591 529 648 600 δὲ
672 529 1100 616 πανόαύμαᾶτον
1127 529 1269 598 οἰὶιεῖ
1299 529 1574 616 νῧνᾝρός.

273 661 405 731 Quo
437 661 738 725 indicatur,
764 661 912 730 quod
941 662 1033 730 qui
1054 661 1110 714 in
1142 668 1287 713 terra
1312 668 1541 714 montem
1566 661 1863 713 mirabilem

270 755 575 819 habitabat,
610 769 749 808 nunc
768 752 883 806 caeli
915 761 1145 806 montem
1177 753 1407 805 maxime
1445 750 1743 805 mirabilem
1768 753 1868 806 ha-

273 846 447 900 bitet:
475 854 531 901 et
574 844 632 900 in
686 844 834 898 hunc
887 856 1114 897 sensum
1161 842 1329 899 etiam
1364 842 1689 913 premeris
1746 856 1867 897 me-

273 938 417 992 trica
443 955 456 991 :

425 1044 611 1100 Εἶκάδι
667 1044 767 1118 ἡδὲ
800 1046 1038 1118 τετάρτῃ
1055 1045 1181 1116 ὅρος
1208 1040 1433 1114 Συμεὼν
1468 1040 1699 1113 ἦμειψε·

426 1156 617 1211 Vicena
648 1164 846 1229 quarta
877 1165 1109 1211 montem
1133 1152 1360 1225 Symeon
1392 1154 1635 1208 mutavit.

275 1292 640 1365 Evangelium
669 1294 911 1365 denique
929 1293 1310 1363 praescribitur
1325 1298 1653 1362 argumento
1677 1298 1864 1361 aptum

273 1404 347 1443 ex
404 1389 591 1443 verbis
631 1388 873 1443 Matthtei
905 1404 977 1442 v:
1036 1386 1133 1441 Vos
1168 1388 1291 1440 estis
1325 1387 1417 1440 lux
1458 1386 1642 1439 mundi
1685 1401 1703 1439 :
1762 1400 1866 1438 non

274 1487 450 1549 potest
478 1481 660 1533 civitas
689 1480 936 1533 abscondi
964 1494 1123 1548 super
1147 1487 1376 1533 montem
1404 1479 1598 1548 posita,
1628 1487 1740 1532 etc.

355 1568 407 1622 7.
450 1568 598 1623 Idem
643 1568 921 1624 secundus
991 1584 1088 1624 seu
1144 1568 1338 1623 Iunior
1392 1567 1655 1639 Symeon,
1696 1569 1865 1623 etiam

276 1661 551 1732 presbyter
582 1661 704 1725 fuit,
738 1662 819 1715 uti
856 1662 1032 1716 scitur
1068 1678 1135 1716 ex
1166 1662 1306 1716 Vitae
1349 1677 1399 1716 c.
1433 1662 1499 1716 19
1524 1678 1537 1714 :
1565 1661 1752 1716 nullus
1782 1669 1864 1715 ta-

280 1765 410 1805 men
447 1750 579 1806 hinc
611 1751 746 1805 mihi
775 1752 1071 1821 scrupulus
1117 1752 1365 1807 nascitur
1409 1751 1557 1806 circa
1608 1752 1859 1818 tertium,

287 1844 388 1912 qui
414 1858 524 1897 non
554 1844 732 1897 solum
758 1816 921 1915 seque
938 1860 1002 1898 ac
1030 1845 1121 1899 ille
1140 1844 1407 1915 presbyter
1428 1844 1615 1908 fuerit,
1652 1816 1863 1914 specia;
1888 1816 1936 1875 Β

286 1934 426 1991 liter
451 1945 637 1991 autem
682 1936 867 1993 dictus
926 1937 998 1992 sit
1040 1936 1497 1991 Arcliimandrita.
1541 1937 1678 1992 Nam
1736 1938 1867 1992 licet

275 2027 427 2083 alius
477 2043 699 2098 quoque
761 2029 887 2083 talis
915 2027 1103 2091 fuerit,
1133 2028 1503 2083 communiter
1535 2038 1717 2083 tamen
1771 2044 1868 2098 ap-

272 2121 589 2191 pellabatur
635 2121 819 2175 aliter.
861 2118 1018 2186 Quod
1070 2130 1259 2175 autem
1323 2120 1465 2175 nihil
1513 2120 1867 2190 impediverit

272 2212 531 2267 simulet
591 2211 844 2283 Slylitam
885 2226 1007 2267 esse
1053 2221 1110 2266 et
1162 2212 1675 2277 Archimandritam,
1718 2221 1868 2282 patet

269 2319 347 2360 ex
371 2305 490 2359 Vita
517 2305 777 2359 secundi:
814 2320 979 2374 quem
1019 2306 1188 2360 etiam
1226 2321 1296 2360 ex
1323 2304 1525 2360 eadem
1590 2305 1864 2376 intelligi-

272 2411 410 2450 mus
440 2396 494 2449 in
516 2411 613 2450 sua
652 2396 914 2451 columna
940 2412 1049 2451 non
1079 2396 1154 2450 ita
1190 2397 1527 2466 perstitisse,
1557 2398 1692 2467 quin
1721 2413 1865 2467 saepe

272 2487 353 2542 ab
374 2487 570 2543 eadem
615 2488 1004 2551 descenderet,
1068 2504 1182 2543 non
1217 2490 1397 2544 solum
1444 2490 1511 2544 ad
1564 2490 1866 2560 discipulos

278 2581 433 2637 intra
463 2582 769 2647 mandram,
791 2582 884 2637 sed
907 2581 1075 2636 etiam
1105 2581 1173 2635 ad
1205 2580 1440 2637 inferius
1467 2582 1864 2637 monasterium

277 2672 649 2727 visitandum.
680 2672 747 2726 Et
779 2672 918 2727 forte
943 2672 1113 2728 statio
1150 2672 1242 2727 illa
1270 2673 1327 2727 in
1367 2673 1646 2736 columna,
1698 2674 1866 2730 certis

282 2764 803 2834 interrumpebatur
838 2764 1281 2819 conversationis
1316 2765 1629 2825 communis
1685 2767 1863 2820 inter-

277 2856 463 2911 vallis.
499 2855 557 2910 ld
585 2871 717 2910 vero
744 2857 910 2910 etiam
939 2855 1323 2911 necessarium
1353 2855 1461 2912 fuit
1492 2857 1544 2912 ei
1575 2857 1671 2927 qui
1731 2874 1862 2927 pre-

276 2944 474 3014 sbyter
502 2953 643 3009 erat,
677 2957 738 2998 ut
783 2955 971 3015 posset
1008 2945 1201 3000 divina
1244 2946 1533 3001 celebrare
1574 2948 1859 3018 mysteria,

272 3037 747 3107 quemadmodum
788 3037 937 3092 hunc
977 3038 1046 3092 de
1075 3052 1188 3108 quo
1223 3039 1439 3109 agimus
1476 3049 1728 3095 sanctum
1761 3040 1863 3112 Sy-

1413 362 2018 426 COMMENTARIUS
2052 363 2420 426 PRlEVIUS.

3405 360 3550 428 2970

1890 474 1931 530 Α
1962 472 2074 528 tres
2107 475 2282 529 nostri
2330 472 2559 529 Parisiis
2607 474 2960 530 contulerant
3006 488 3131 529 eum
3171 471 3545 530 Combeﬁsio:

1977 564 2123 620 unde
2143 579 2256 619 non
2286 565 2489 619 mirum
2515 566 2562 621 si
2582 566 2673 622 hic
2701 568 2837 636 ipsis
2860 567 2996 620 nihil
3014 568 3153 621 certi
3185 574 3298 621 tum
3325 581 3552 637 respon-

1972 656 2117 711 derit
2162 657 2232 712 de
2263 658 2571 713 orthodoxa
2597 660 2901 729 Hegumeui
2938 658 3369 715 Xerocercensis
3416 657 3548 724 ﬁde,

1971 758 2030 804 et
2054 751 2457 820 opusculorum
2494 767 2605 807 una
2634 767 2761 807 cum
2820 754 2942 809 Vita
2989 753 3398 825 descriptorum
3453 750 3553 808 do-

1969 841 2185 905 ctrina.

1932 1052 1947 1063 Γ
1966 996 1998 1066 §
2029 995 2094 1051 ll.
2127 1026 2196 1037 —-
2221 997 2296 1051 De
2318 997 2496 1052 Monte
2532 996 2788 1074 Mirabili,
2823 997 2877 1074 in
2919 1013 3031 1074 quo
3060 1008 3277 1055 sanctus
3324 1000 3553 1074 Symeon

2572 1068 2763 1122 Iunior
2824 1068 2975 1125 vixit.

2040 1202 2094 1257 8.
2123 1203 2385 1258 Sanctum
2418 1203 2766 1276 Symeonem,
2790 1204 2858 1260 de
2882 1220 2992 1276 quo
3014 1206 3249 1277 agimus,
3269 1207 3553 1265 Juniorcm

1968 1294 2252 1367 Stylitam,
2289 1296 2344 1350 in
2382 1296 2564 1352 lucem
2588 1298 2768 1366 primo
2800 1298 3035 1366 editum,
3071 1300 3390 1366 Antiochia,
3445 1302 3548 1373 Sy-

1971 1388 2068 1443 ria:
2089 1388 2377 1442 notissima
2403 1388 2557 1454 urbs,
2594 1390 2838 1459 excepit,
2904 1407 3144 1461 moxque
3194 1393 3249 1446 in
3296 1382 3543 1448 vicinum

1969 1487 2214 1535 montem
2253 1480 2553 1535 transtulit.
2588 1480 2722 1535 inde
2754 1481 2801 1536 is
2827 1497 2887 1536 se
2917 1484 3156 1538 contulit
3206 1485 3261 1538 in
3312 1484 3549 1540 Montem

1971 1573 2302 1639 Mirabilem,
2345 1574 2441 1643 qui
2476 1573 2758 1644 praecipua
2804 1574 2911 1627 viri
2962 1577 3139 1630 sancti
3184 1578 3436 1647 palaestra
3477 1579 3553 1634 ita

1967 1666 2151 1722 dictus
2173 1666 2299 1731 fuit,
2334 1682 2445 1720 non
2480 1668 2563 1737 (ut
2588 1668 2898 1737 suspicatur
2925 1668 3171 1740 quidam)
3225 1678 3352 1725 ante
3384 1671 3552 1742 hujus

1969 1760 2023 1814 in
2055 1759 2209 1814 illum
2240 1759 2562 1823 adventum,
2594 1759 2742 1813 unde
2764 1776 2889 1814 cum
2934 1761 3039 1815 hoc
3082 1763 3551 1818 communicatum
3624 1818 3637 1829 ,

1968 1866 2170 1905 nomen
2194 1850 2431 1917 fuisset;
2466 1850 2564 1905 sed
2588 1867 2652 1905 ex
2682 1850 2847 1922 hujus
2878 1851 3053 1921 ipsius
3078 1853 3340 1909 inauditis
3384 1864 3551 1924 atque

1968 1944 2312 1999 admirandis
2343 1944 2503 2013 plane
2528 1944 2828 2013 operibus;
2866 1944 2947 1999 uti
2998 1960 3125 1998 mox
3158 1946 3366 2002 indicat
3416 1949 3547 2003 Pro-

1967 2036 2126 2108 logus
2166 2034 2311 2090 Vitae
2339 2050 2505 2105 quam
2537 2035 2737 2090 damus
2766 2054 2778 2089 :
2812 2036 2924 2091 imo
2954 2052 3021 2091 ex
3051 2036 3147 2090 Dei
3173 2037 3346 2106 ipsius
3379 2047 3543 2105 nutu,

1968 2128 2433 2199 quemadmodum
2461 2144 2517 2183 n.
2554 2127 2623 2183 79
2656 2144 2918 2199 expresse
2946 2139 3225 2183 narratur.
3269 2129 3405 2185 Cum
3441 2132 3546 2201 igi-

1970 2228 2061 2274 tur
2081 2219 2134 2274 in
2161 2218 2308 2275 illius
2327 2220 2568 2275 decursu
2587 2220 2851 2290 frequens
2882 2222 3148 2276 memoria
3171 2221 3263 2277 liat
3288 2238 3399 2277 non
3429 2232 3552 2277 tan-

1971 2319 2085 2364 tum
2114 2310 2316 2365 Montis
2344 2310 2495 2365 illius
2523 2311 2793 2366 Mirabilis
2817 2353 2831 2377 ,
2880 2313 2975 2367 sed
3000 2313 3304 2368 Antiochim
3327 2328 3548 2384 quoque

1966 2409 2022 2455 et
2048 2401 2343 2471 Daphnes,
2398 2401 2543 2455 haud
2590 2403 2831 2457 otiosum
2880 2403 3068 2471 fuerit,
3117 2410 3291 2458 totam
3349 2404 3547 2458 horum

1968 2492 2213 2545 locorum
2263 2490 2732 2560 descriptionem,
2812 2494 3121 2563 elegantem
3180 2508 3313 2547 sane
3380 2500 3549 2563 atque

1966 2593 2306 2649 accuratam,
2341 2599 2409 2638 ex
2450 2583 2661 2638 Joanne
2696 2583 2913 2650 Phocus,
2954 2585 3051 2654 qui
3091 2600 3183 2638 an.
3233 2583 3372 2638 H85
3422 2584 3550 2638 istic
3628 2652 3631 2653 ν

1968 2675 2352 2745 peregrinatus
2386 2676 2501 2728 visa
2531 2684 2749 2728 enarrat
2779 2674 3026 2741 referre;
3076 2684 3139 2728 ut
3182 2675 3250 2729 ad
3312 2691 3539 2730 manum

1967 2767 2167 2821 habeat
2187 2768 2384 2830 lector,
2413 2766 2583 2820 veluti
2611 2766 2973 2831 delineatum,
3014 2767 3122 2820 loci
3171 2766 3226 2820 in
3270 2783 3382 2837 quo
3413 2784 3542 2823 ver-

1966 2874 2156 2914 samur
2196 2859 2366 2913 totius
2401 2860 2588 2913 situm.
2610 2857 2704 2913 Sic
2728 2859 2805 2913 ait
2833 2858 2923 2911 ille
2954 2874 3011 2912 n.
3050 2859 3107 2911 Η
3136 2876 3150 2911 :

2036 2949 2299 3004 Exstabat
2357 2961 2507 3014 tum,
2552 2965 2673 3002 cum
2729 2957 2866 3014 erat,
2898 2950 2968 3002 ad
3014 2948 3263 3003 Orontem
3306 2949 3555 3005 Antiochi

1967 3040 2238 3111 Theopolis
2261 3082 2275 3106 ,
2311 3043 2639 3095 theatrorum
2664 3042 3050 3112 magnitudine,
3093 3050 3335 3096 stoarum
3376 3043 3554 3112 splen-

270 3152 533 3191 mconem
558 3135 752 3191 fecisse
786 3137 840 3191 in
868 3136 1249 3191 anniversario
1276 3152 1390 3191 suae
1427 3139 1642 3201 matris,
1664 3137 1864 3205 legitur
1891 3168 1933 3223 ϐ
1970 3133 2203 3195 doribus.
2232 3131 2550 3202 templorum
2579 3132 2881 3196 structuris.
2926 3131 3077 3201 copia
3106 3133 3230 3186 ilem
3267 3133 3458 3186 civium
3500 3142 3551 3187 et

275 3234 345 3284 in
380 3230 543 3299 hujus
573 3238 776 3283 sancta:
809 3227 931 3283 Vita
978 3245 1035 3282 n.
1061 3229 1151 3283 7i.
1175 3228 1349 3283 Porro
1376 3227 1531 3283 tertii
1559 3228 1709 3283 illius
1737 3228 1861 3299 Sty-

270 3323 393 3376 litze
444 3322 732 3393 Symeonis
792 3322 911 3375 Vita
956 3321 1134 3392 optari
1185 3321 1404 3376 facilius
1463 3330 1646 3390 potest
1692 3338 1859 3391 quam

271 3414 513 3482 sperari.
544 3412 681 3467 Nam
714 3412 864 3482 quod
889 3412 957 3466 ad
986 3413 1390 3482 Ephemerides
1427 3412 1863 3468 Graeco-moseas

273 3514 474 3560 noster
497 3506 660 3559 Pater
693 3504 1109 3574 Papebrocbius
1143 3505 1232 3558 die
1260 3505 1321 3558 21
1365 3505 1520 3569 Julii,
1573 3515 1861 3574 postquam

270 3594 392 3664 egit
424 3594 490 3648 de
515 3603 703 3648 sancto
730 3593 1001 3665 Symeone
1045 3594 1194 3659 Salo,
1254 3595 1460 3649 indicat
1480 3610 1539 3648 se
1587 3596 1863 3665 reperisse

271 3686 458 3741 Vitam
486 3688 768 3757 cujusdam
794 3689 966 3742 sancti
998 3688 1272 3759 Symeonis
1294 3687 1553 3751 Junioris,
1574 3688 1864 3758 Ilegumeni

270 3782 454 3835 sancti
545 3781 833 3834 Mamantis
908 3782 962 3833 in
1031 3780 1320 3834 Xeracerco
1386 3780 1636 3851 (rectius
1701 3779 1866 3833 Xero-

281 3872 483 3941 cerco),
503 3872 570 3927 de
602 3887 710 3942 quo
737 3872 1027 3926 dubitabat
1057 3888 1124 3925 an
1147 3881 1335 3941 posset
1362 3872 1508 3925 inter
1533 3878 1754 3925 sanctos
1779 3886 1866 3924 re-

280 3964 446 4030 ferri,
475 3972 533 4019 et
564 3964 791 4033 quidem
842 3963 911 4017 ad
936 3973 1420 4033 pnememoratum
1466 3962 1535 4017 26
1577 3962 1744 4027 Julii;
1809 3961 1861 4015 id

280 4056 380 4112 hic
410 4072 441 4111 a
470 4072 556 4111 me
584 4057 761 4111 voluit
792 4071 893 4111 suo
922 4056 1146 4111 nomine
1165 4065 1550 4121 retractatum,
1575 4066 1863 4126 postquam

279 4149 420 4219 legit
444 4164 565 4218 qua:
591 4148 660 4202 de
687 4149 807 4218 ejus
836 4164 950 4203 non
984 4164 1115 4203 sana
1143 4148 1250 4202 ﬁde
1280 4148 1699 4203 accuratissime
1727 4163 1861 4201 con-

284 4241 431 4313 gerit
464 4240 574 4295 Leo
601 4240 840 4294 Allatius
887 4256 941 4310 p.
970 4240 1090 4294 157.
1160 4240 1516 4295 Demonstrat
1563 4239 1713 4294 enim
1744 4240 1859 4304 hic,

282 4348 352 4387 ex
382 4332 533 4387 illius
592 4331 948 4401 potissimum
1024 4331 1247 4401 scriptis
1298 4340 1649 4402 propagatam
1721 4332 1866 4385 inter

282 4422 588 4477 monachos
650 4420 872 4477 Graecos
921 4422 1098 4477 fuisse
1142 4422 1747 4493 Omphalopsychorum
1795 4422 1865 4477 de

1969 3224 2274 3278 divitiarum
2303 3223 2704 3294 magniﬁcentia
2744 3223 2972 3293 superba
3004 3240 3067 3276 ac
3095 3233 3321 3290 tumens,
3345 3224 3554 3296 lateque

1964 3328 2182 3371 ca’teras
2221 3318 2329 3386 fere
2354 3316 2634 3370 orientales
2665 3316 2815 3370 urbes
2861 3318 3229 3387 exsuperabat.
3262 3315 3366 3373 Sed
3419 3327 3553 3373 tem-

1964 3427 2061 3480 pus
2095 3427 2158 3463 ac
2198 3411 2271 3463 vis
2303 3409 2538 3462 barbara
2570 3408 2875 3463 beatitatem
2926 3408 3072 3463 illius
3121 3411 3406 3466 exhausit:
3437 3410 3554 3465 licet

1964 3507 2245 3575 conspicua
2280 3505 2450 3557 adhuc
2480 3504 2568 3569 sit,
2616 3513 2667 3556 et
2707 3504 2937 3556 turrium
2973 3502 3257 3558 altitudine
3276 3513 3327 3557 et
3355 3519 3554 3574 prepa-

1965 3596 2316 3669 gnaculorum
2350 3594 2645 3658 validitate,
2681 3605 2729 3648 et
2770 3604 3045 3665 pratorum
3071 3612 3133 3648 ac
3157 3598 3351 3666 ﬂorum
3381 3597 3554 3650 omni-

1963 3708 2098 3761 gena
2134 3689 2475 3760 fecunditate,
2500 3697 2549 3740 et
2577 3688 2631 3741 in
2664 3686 2842 3756 plures
2872 3703 2984 3740 sese
3009 3687 3353 3741 dividentium
3381 3705 3555 3759 aqua-

1967 3799 2088 3835 rum
2119 3779 2328 3844 sibilis;
2356 3794 2474 3831 cum
2530 3777 2737 3848 placide
2768 3778 2959 3846 ﬂuvius
3005 3776 3338 3847 circumﬂuat
3375 3778 3555 3830 urbem

1966 3882 2015 3928 et
2046 3876 2240 3944 cingat,
2270 3881 2319 3925 et
2341 3870 2489 3925 molli
2515 3880 2659 3926 tactu
2687 3872 2799 3941 ejus
2845 3879 3018 3924 turres
3070 3870 3552 3940 circumplectatur.

1966 3967 2191 4038 Insuper
2224 3982 2252 4020 e
2301 3964 2526 4020 Castalii
2555 3964 2713 4033 fontis
2756 3965 2969 4035 ﬂuentis
3019 3965 3219 4033 egregie
3256 3964 3556 4033 irrigatur;

1968 4061 2117 4129 cujus
2144 4074 2294 4129 aqua!
2329 4058 2645 4111 torrentium
2677 4056 2850 4109 instar
2880 4054 3174 4125 pelluntur,
3208 4064 3256 4108 et
3308 4054 3558 4124 frequen-

1968 4151 2102 4202 tibus
2147 4146 2418 4201 sulcorum
2460 4147 2586 4199 rivis
2639 4146 2820 4199 urbem
2869 4145 3173 4198 universam
3204 4144 3554 4213 perfundunt,

1967 4257 2187 4310 eamque
2215 4240 2439 4311 ﬂuxibus
2480 4248 2767 4309 aspergunt
2795 4256 2813 4302 ;
2841 4252 3124 4307 operarum
3163 4237 3311 4305 copia
3349 4245 3397 4289 et
3426 4251 3555 4289 con-

1968 4334 2153 4386 ditoris
2193 4329 2590 4402 magniﬁcentia
2624 4345 2689 4383 ea:
2726 4329 2834 4383 illis
2877 4328 3103 4398 fontibus
3127 4344 3221 4398 per
3244 4337 3445 4389 montes
3485 4326 3556 4380 ad

1967 4426 2140 4495 ipsum
2185 4424 2449 4476 civitatem
2504 4420 2746 4475 laticibus
2797 4421 3095 4491 corrigatis.
3124 4419 3219 4473 Hic
3268 4419 3416 4488 fama
3461 4433 3555 4488 per

277 4513 515 4569 Lumine
546 4513 811 4569 Taborazo
841 4514 1123 4579 haeresim;
1158 4529 1319 4583 quam
1340 4523 1529 4583 postea
1560 4513 1861 4582 Gregorius
1888 4515 1941 4574 D
1967 4517 2145 4571 orbem
2187 4514 2463 4586 vulgatum
2503 4514 2750 4585 Daphnes
2778 4514 3103 4577 suburbium,
3134 4512 3359 4582 proceris
3391 4526 3546 4563 omne

280 4605 535 4659 Palamas
583 4604 791 4675 aliique
859 4620 1159 4674 sequaCt‘s,
1220 4605 1565 4659 diSSImulato
1615 4606 1862 4675 magistri

279 4696 532 4761 nomine,
582 4695 1024 4766 pertinacissime
1057 4702 1483 4765 propugnaruut
1514 4694 1732 4763 lateque
1755 4695 1867 4749 dis-

281 4788 670 4855 seminarunt;
706 4796 761 4843 et
792 4788 881 4841 cui
917 4796 977 4841 ut
1001 4788 1177 4856 major
1226 4787 1620 4841 conciliaretur
1671 4796 1863 4840 aucto-

278 4882 454 4945 ritas;
478 4882 794 4950 conscripta
816 4880 909 4933 illa
961 4879 1087 4933 Vita
1138 4886 1244 4942 est,
1293 4878 1640 4948 conﬁctaque
1681 4880 1865 4933 eidem

280 4972 584 5043 subjuncta
611 4971 900 5025 miracula.
936 4970 1073 5025 Cum
1112 4980 1300 5024 autem
1360 4970 1611 5024 Palamas
1657 4971 1866 5025 circum

280 5063 531 5118 medium
552 5065 737 5118 saeculi
755 5081 839 5118 xw
859 5063 1133 5128 ﬂoruerit,
1154 5062 1424 5118 credibile
1450 5078 1553 5116 non
1576 5062 1636 5116 lit
1664 5063 1733 5117 de
1757 5070 1866 5117 tam

286 5157 507 5211 recenti
540 5172 702 5228 agere
726 5157 951 5212 Menzea.
981 5156 1136 5223 Quod
1171 5157 1214 5211 si
1252 5157 1320 5211 ad
1346 5172 1573 5211 manum
1594 5158 1716 5212 Vita
1752 5150 1885 5227 ipsa

282 5262 439 5303 nunc
482 5258 653 5315 esset,
700 5249 806 5304 levi
864 5258 1006 5304 tunc
1052 5249 1215 5304 oculo
1238 5259 1295 5304 et
1343 5250 1462 5304 solo
1502 5250 1664 5305 titulo
1709 5259 1870 5304 tenus

286 5338 422 5392 olim
447 5338 717 5407 inspecta,
751 5339 1003 5393 fortassis
1026 5339 1177 5395 hunc
1194 5340 1635 5410 qualemcunque
1674 5348 1730 5395 et
1774 5357 1873 5395 cu-

285 5432 600 5502 juscunque
627 5430 755 5485 ﬁdei
786 5431 1118 5499 Symeonem
1168 5426 1276 5486 alio
1329 5447 1560 5503 prorsus
1599 5432 1689 5487 die
1719 5447 1870 5486 mor-

289 5531 447 5577 tuum
496 5523 840 5587 ostenderet,
882 5532 935 5577 et
982 5524 1035 5578 in
1071 5525 1324 5579 columna
1372 5539 1615 5593 unquam
1664 5524 1870 5579 vixisse

288 5612 575 5683 probaret.
596 5614 788 5670 Restat
815 5615 985 5684 igitur
1011 5624 1071 5669 ut
1092 5616 1184 5670 hic
1210 5624 1528 5681 retractata,
1549 5615 1624 5669 ibi
1645 5616 1868 5670 delean-

294 5711 406 5756 tur.
449 5704 607 5759 Edita
637 5720 803 5774 porro
823 5705 927 5760 fuit
956 5707 1136 5762 Allatii
1170 5709 1238 5762 de
1268 5696 1589 5763 Simeonum
1646 5708 1871 5779 scriptis

297 5792 551 5851 Dialriba
583 5796 744 5851 annis
784 5805 1039 5869 quatuor.
1068 5806 1356 5869 postquam
1385 5800 1452 5856 de
1483 5800 1572 5858 illa
1609 5800 1732 5858 Vita
1770 5802 1867 5858 Pa-

1966 4624 2128 4679 genus
2177 4606 2451 4660 arboribus
2496 4612 2844 4669 exornatum;
2899 4612 2948 4657 et
3006 4620 3154 4658 mons
3210 4611 3285 4657 est
3318 4602 3548 4655 maxime

1968 4699 2178 4763 nobilis,
2206 4713 2360 4769 quem
2413 4697 2759 4751 admirandus
2792 4695 3017 4766 Symeon
3056 4698 3112 4749 in
3168 4696 3549 4749 habitationem

1969 4793 2262 4862 adoptavit.

2043 4882 2131 4937 10.
2157 4882 2310 4936 Hisce
2349 4880 2611 4949 ﬁnitimus
2661 4887 2734 4933 est
2766 4897 2915 4935 mons
2952 4879 3175 4934 Maurus
3200 4884 3249 4931 et
3274 4875 3557 4946 Scopulus,

1970 4975 2027 5029 in
2061 4974 2248 5045 quibus
2275 4972 2569 5041 antiquitus
2596 4970 2750 5025 multi
2775 4970 2884 5025 Deo
2916 4969 3261 5024 addictissimi
3284 4970 3404 5035 viri,
3432 4986 3552 5023 eum

1972 5068 2297 5137 requirentes
2351 5066 2687 5131 invenerunt,
2721 5072 2771 5117 et
2826 5065 2895 5118 ad
2922 5066 3032 5119 hrcc
3073 5072 3315 5134 tempora
3355 5064 3552 5135 perdu-

1972 5166 2119 5221 rant,
2153 5167 2201 5212 et
2225 5158 2565 5212 laudatorum
2598 5157 2855 5210 montium
2886 5155 3286 5226 pulchritudine
3326 5155 3556 5226 pellecti,

1969 5251 2130 5306 silvas
2165 5250 2485 5305 inhabitant.
2513 5246 2780 5303 Castalius
2821 5246 2936 5316 fons
2953 5249 3094 5301 inter
3122 5248 3251 5302 duos
3278 5246 3436 5300 colles
3460 5262 3552 5298 ea"-

1970 5342 2172 5405 siliens,
2200 5356 2264 5394 ex
2313 5340 2449 5410 ejus,
2476 5340 2567 5409 qui
2608 5338 2664 5391 in
2698 5354 2849 5391 mare
2910 5340 3194 5408 procurrit,
3231 5337 3338 5390 ima
3383 5344 3556 5405 parte,

1974 5434 2165 5487 eximia
2212 5431 2457 5503 quaedam
2507 5446 2772 5500 aquarum
2825 5431 3029 5501 irrigua
3079 5428 3307 5493 evomit;
3344 5429 3399 5480 in
3454 5442 3557 5495 quo

1973 5524 2300 5595 prwgrandis
2328 5522 2555 5593 assurgit
2581 5524 2834 5591 porticus,
2860 5538 3073 5575 cursum
3098 5521 3255 5590 fontis
3274 5533 3553 5572 concame-

1973 5633 2122 5671 rans.
2149 5616 2284 5670 Hinc
2308 5630 2462 5686 aqua:
2483 5614 2758 5686 afﬂuenter
2794 5613 3143 5684 prosilientes,
3168 5613 3222 5665 in
3247 5611 3374 5664 duos
3418 5610 3555 5663 rivos

1976 5709 2300 5763 dividuntur.
2331 5709 2534 5762 Earum
2577 5724 2687 5760 una
2711 5723 2835 5777 pars
2866 5722 2960 5775 per
3004 5704 3291 5759 altissimos
3339 5704 3556 5767 ductus,

1975 5798 2134 5855 veluti
2152 5799 2323 5854 sulcos
2338 5798 2602 5864 derivata,
2627 5812 2773 5867 mque
2797 5812 2856 5850 ac
2885 5795 3060 5849 aerius
3084 5796 3297 5863 ﬂuvius,
3321 5809 3383 5849 ex
3402 5802 3560 5863 parte
