3944 6496
534 348 673 414 2971

1817 343 1879 403 S.
1921 339 2217 403 SYMEON
2256 338 2558 400 JUNIOR.

3646 334 3752 398 2972

535 465 753 518 dextera
781 462 1145 532 superiorique
1164 461 1218 514 in
1236 460 1418 514 urbem
1437 460 1655 531 inﬂuit;
1684 457 1860 513 altera
1878 456 2108 511 sinistris
2140 458 2182 512 Α
2208 453 2416 507 fuerint
2442 470 2455 506 :
2498 452 2589 506 hic
2616 450 2917 505 eminuisse
2942 447 3087 503 inter
3137 461 3337 502 omnes
3367 444 3641 499 dicendus
3663 458 3751 509 est.

536 556 671 622 fonti
699 554 823 607 locis
847 552 1223 619 campestribus
1264 551 1565 615 exundans,
1600 551 1655 603 in
1695 549 1976 621 paludibus
2016 564 2099 599 su-

537 652 862 715 perstagnat,
887 642 1233 711 universaque
1281 642 1529 711 Daphnes
1569 648 1728 710 prata
1777 640 1998 701 irrorat,
2027 637 2115 689 de-

539 752 679 789 mum
739 734 882 789 lavis
932 733 1146 787 Orontis
1191 735 1403 803 ﬂuentis
1431 735 1771 787 immiscetur.
1799 730 1951 785 Mons
1991 747 2112 785 vero

540 827 909 889 admirandus,
938 827 1076 879 inter
1107 827 1286 877 urbem
1318 833 1367 878 et
1399 840 1546 878 mare
1575 824 1767 886 elatus,
1796 840 1877 876 res
1902 825 2112 893 egregia

541 933 602 969 ac
623 915 920 985 spectabilis
968 925 1015 968 et
1055 916 1443 969 advenientium
1469 914 1633 968 oculis
1686 914 1949 977 delicium,
1989 930 2113 966 con-

542 1009 795 1077 spicitur:
813 1023 1039 1076 namque
1058 1007 1171 1059 urbi
1199 1006 1473 1076 Rhosoque
1497 1006 2115 1074 conterminus,utraque

538 1116 602 1153 ea;
651 1108 803 1169 parte
842 1099 1103 1151 montibus
1146 1096 1370 1167 Scopulo
1414 1096 1755 1167 Caucasoque
1798 1097 2114 1165 constringi-

540 1198 645 1243 tur.
673 1188 892 1244 Orontes
918 1191 1105 1259 fluvius
1130 1189 1422 1241 innumeris
1448 1189 1793 1257 inﬂexionum
1834 1186 2112 1240 vorticibus

544 1282 614 1335 ad
655 1282 806 1351 pedes
838 1282 1024 1335 montis
1054 1281 1288 1349 proﬂuit,
1319 1287 1368 1332 et
1392 1280 1447 1333 in
1486 1295 1635 1332 mare
1666 1296 1834 1349 aquas
1856 1280 2111 1333 immittit.

614 1373 790 1427 H.111
844 1374 1032 1426 montis
1063 1373 1279 1441 hujusce
1333 1372 1527 1425 vertice
1581 1388 1803 1442 magnus
1861 1370 1954 1424 ille
2011 1372 2111 1436 vir,

540 1464 831 1535 tranquille
858 1467 1022 1518 vitam
1046 1480 1209 1533 agens
1232 1473 1281 1516 et
1312 1464 1367 1517 in
1393 1464 1548 1517 corde
1577 1464 1906 1517 ascensiones
1936 1464 2113 1533 dispo-

541 1575 690 1623 nens,
723 1573 940 1627 corpore
964 1557 1201 1610 sublimis
1224 1555 1514 1620 extollitur,
1538 1564 1587 1609 et
1612 1573 1728 1609 cum
1758 1558 1870 1626 ipso
1900 1572 2115 1625 corpore

540 1651 792 1704 wthereus
816 1649 956 1716 ﬁeri,
974 1650 1213 1718 interque
1234 1648 1401 1701 Deum
1424 1655 1472 1701 et
1495 1648 1727 1701 homines
1750 1648 1949 1700 medius
1980 1662 2111 1711 esse,

539 1740 823 1794 contendit.
851 1739 918 1792 At
945 1755 1051 1801 qua
1082 1739 1286 1791 ratione
1320 1738 1429 1791 Deo
1452 1737 1625 1791 dedito
1653 1738 1763 1791 viro
1788 1739 1891 1791 ista
1915 1753 1995 1791 res
2015 1738 2114 1791 ad-

539 1832 822 1884 miratione
871 1830 1033 1900 digna
1083 1831 1329 1892 evenerit,
1352 1831 1461 1898 ipse
1508 1829 1701 1883 dicam.
1735 1829 2113 1899 Lapicidarum

540 1939 702 1992 Opera
726 1924 1028 1975 summitate
1049 1920 1238 1975 Montis
1249 1921 1565 1975 Admirandi
1585 1926 1689 1975 atte
1708 1930 1983 1985 excavata,
2000 1938 2112 1975 mo-

542 2013 833 2065 nasterium
853 2026 912 2063 ex
927 2027 1030 2063 uno
1049 2010 1382 2080 ejusdemque
1400 2018 1609 2065 natura:
1632 2009 1807 2081 lapide
1829 2012 2109 2079 exstruxit,

546 2104 601 2156 in
640 2103 788 2172 cujus
814 2102 983 2155 medio
1006 2104 1242 2156 nativam
1269 2102 1571 2157 columnam
1596 2104 1938 2158 excidendam
1954 2120 2115 2158 cura-

541 2197 633 2254 vit.
662 2196 715 2249 in
737 2209 903 2264 eaque
923 2195 1142 2263 vestigia
1162 2196 1356 2263 posuit,
1375 2194 1621 2263 ﬁrmans,
1643 2198 1720 2249 uti
1736 2213 1891 2250 sacra
1923 2205 2116 2250 sonant

544 2286 796 2357 Eloquia,
822 2302 981 2355 super
1000 2293 1203 2351 petram
1231 2286 1381 2355 pedes
1404 2288 1581 2340 suos‘.
1608 2286 1793 2341 Versus
1816 2287 1980 2341 solem
1997 2302 2117 2340 vero

544 2378 890 2440 exorientem,
923 2374 1179 2443 templum
1210 2374 1314 2427 Deo
1343 2374 1755 2444 pulcherrimum
1776 2378 2042 2439 excitavit,
2063 2377 2119 2431 in

544 2468 683 2538 quod
709 2466 1025 2520 convocabat
1059 2465 1340 2535 discipulos
1376 2481 1394 2519 :
1437 2477 1595 2536 atque
1638 2470 1716 2522 ita
1747 2468 1841 2522 sub
1882 2470 1968 2522 dio
2011 2469 2120 2536 ipse

547 2575 905 2623 commorans,
930 2558 1014 2612 illi
1061 2567 1169 2611 tota
1202 2560 1429 2613 noctein
1460 2558 1653 2630 templo
1674 2569 1894 2624 stantes,
1928 2569 1984 2614 ut
2026 2561 2119 2614 de-

546 2651 693 2704 cebat
725 2659 957 2712 sanctos,
986 2650 1215 2703 debitum
1240 2651 1345 2703 Deo
1376 2649 1577 2703 cultum
1606 2652 1907 2721 offerebant.

622 2741 708 2795 12.
734 2739 1014 2794 Hactenus
1032 2741 1365 2809 perpulchre
1385 2742 1624 2796 Joannes
1649 2742 1864 2797 Phocze.
1908 2742 1967 2797 In
1995 2743 2121 2812 qui-

548 2835 653 2888 bus
678 2842 857 2887 tamen
890 2832 992 2887 sub
1023 2832 1184 2887 finem
1212 2834 1442 2901 paucula
1507 2833 1778 2903 quaedam,
1813 2851 1881 2889 ex
1916 2836 2124 2890 versio-

558 2940 629 2978 ne
654 2923 859 2986 Allatii,
889 2938 1052 2993 quam
1093 2933 1149 2978 et
1174 2940 1275 2978 nos
1305 2924 1427 2979 loco
1444 2926 1718 2996 assignato
1735 2926 2000 2997 integram
2024 2927 2121 2982 de-

556 3015 759 3081 dimus,
790 3015 1151 3079 subobscura,
1186 3016 1277 3071 hic
1304 3032 1428 3071 cum
1455 3015 1643 3073 Graeco
1694 3025 1843 3072 textu
1904 3018 2122 3084 collata,

2142 1794 2190 1854 B

2214 560 2337 599 cum
2365 543 2633 598 nominati
2668 540 2925 611 Scapulus
2949 550 3004 594 et
3026 539 3294 595 Caucasus
3350 537 3529 591 veluti
3558 552 3647 605 pro
3682 556 3754 608 ap-

2213 635 2543 705 pendicibus
2580 634 2934 707 adjiciantur.
2961 648 3065 687 nec
3095 632 3264 685 ullum
3299 630 3555 683 aliorum
3600 644 3757 681 nomen

2213 735 2446 796 excepto
2476 726 2688 791 Mauro,
2714 733 2810 779 aut
2843 724 2955 788 hic,
3016 732 3111 777 aut
3165 723 3222 775 in
3247 722 3407 783 Vita,
3468 718 3627 784 forte,
3682 736 3756 773 nec

2214 819 2343 873 alibi
2373 819 2652 872 memoriae
2686 817 2967 887 proditum
3012 815 3356 870 inveniatur.

2285 911 2371 965 14.
2404 911 2470 964 Ει
2515 925 2664 973 sane,
2714 923 2881 978 quem
2934 908 3153 962 eminus
3202 905 3604 959 advenientium
3668 921 3755 957 acs-

2215 1001 2278 1055 lis
2301 1000 2545 1054 delicium
2573 1000 2813 1069 appellat
2839 1006 3051 1061 auctor,
3086 1012 3197 1049 non
3233 994 3587 1066 iniucundus
3622 993 3753 1047 fuerit

2214 1094 2368 1149 locus
2394 1108 2619 1147 necesse
2663 1101 2769 1157 est,
2794 1090 3045 1159 quamvis
3076 1088 3130 1142 in
3163 1088 3311 1151 Vita,
3346 1103 3408 1140 n.
3449 1086 3539 1148 92,
3564 1086 3754 1140 desertus

2214 1184 2561 1255 iucultusque,
2584 1201 2700 1245 .non
2753 1186 2818 1237 ab
2850 1200 3012 1252 aqua,
3042 1190 3206 1245 tecto,
3242 1180 3433 1233 aliave
3461 1194 3517 1230 re
3541 1178 3604 1230 ad
3634 1180 3755 1230 vitam

2214 1277 2509 1330 necessaria
2569 1277 2856 1329 instructus
2926 1275 3161 1327 dicatur.
3234 1267 3753 1326 Commendationem

2214 1369 2416 1438 quippe
2446 1369 2717 1423 meruisse
2755 1375 2935 1436 potest
2962 1364 3080 1435 ipsa
3111 1362 3417 1419 sterilitate
3449 1368 3611 1429 atque
3636 1376 3756 1428 aspe-

2214 1462 2377 1514 ritate
2408 1475 2527 1520 sua,
2561 1458 2763 1528 quibus
2792 1457 3004 1520 oculos,
3022 1453 3341 1509 virentibus
3371 1451 3586 1507 circum
3610 1450 3754 1506 riden-

2215 1550 2472 1619 tibusque
2523 1549 2697 1619 pratis
2744 1556 3016 1611 assuetos,
3044 1544 3356 1616 jucundius
3377 1542 3661 1597 alliciebat.
3682 1542 3755 1595 Po-

2215 1642 2321 1695 tuit
2348 1641 2515 1695 etiam
2545 1639 2781 1703 laudari,
2808 1638 2954 1708 quod
2978 1635 3484 1709 injucundissimus
3525 1632 3642 1687 inde
3658 1648 3754 1701 pm-

2216 1742 2437 1802 spectus
2464 1740 2629 1787 esset.
2664 1730 2790 1785 Sive
2830 1729 2979 1784 enim
3010 1728 3179 1799 (quod
3226 1726 3448 1782 sanctis
3477 1724 3754 1778 deliciarum

2217 1826 2460 1879 omnium
2496 1822 2977 1878 deliciosissimum
2991 1820 3096 1892 est)
3118 1830 3339 1875 erectos
3366 1819 3427 1872 in
3447 1818 3641 1872 uelum
3662 1817 3755 1868 vul-

2216 1927 2305 1972 tus
2318 1917 2496 1987 placet
2516 1917 2733 1981 tollere,
2766 1916 2857 1970 hic
2877 1915 3174 1985 spatiosius
3198 1913 3561 1982 lucidiusque
3580 1910 3753 1979 conspi-

2216 2009 2384 2073 citur,
2419 2009 2589 2064 nul-lis
2621 2017 2785 2064 terra:
2804 2007 3126 2078 fumigantis
3164 2005 3469 2061 inamcenis
3507 2002 3755 2073 vaporibus

2217 2100 2622 2169 interceptum:
2655 2100 2772 2154 sive
2820 2107 3041 2154 terrena
3116 2096 3488 2167 contemplari
3544 2094 3749 2155 delectat,

2217 2193 2348 2249 inde
2378 2209 2442 2248 ac
2479 2194 2789 2250 ccelestium
2840 2192 3256 2249 meditatidnem
3295 2189 3563 2247 securius
3604 2202 3749 2243 ascen.

2217 2302 2441 2352 surum;
2476 2286 2822 2356 ubi,quteso,
2858 2293 3130 2340 terrarum
3166 2284 3520 2353 voluptatum
3564 2278 3748 2348 amplior

2220 2386 2646 2448 sanctarumque
2730 2377 3129 2448 cogitationum
3197 2376 3445 2431 fertilior
3524 2372 3749 2441 campus?

2220 2470 2396 2525 Urbes
2443 2469 2712 2539 imprimis
2772 2469 3031 2540 subjecta
3074 2468 3370 2523 Antiochia
3410 2481 3477 2521 ac
3524 2463 3746 2521 Seleucia.

2221 2562 2607 2617 memorabiles
2633 2562 2867 2617 maxime
2893 2577 2958 2616 ac
2990 2562 3270 2631 speciosae,
3292 2559 3431 2631 quid
3465 2573 3571 2612 non
3595 2570 3749 2624 repra-

2221 2656 2478 2709 sentant?
2509 2655 2648 2710 Hinc
2698 2653 2994 2724 Scopulus,
3018 2652 3320 2722 asperitate
3348 2664 3451 2704 sua
3490 2659 3705 2702 amamus
3734 2660 3744 2705 ;

2224 2745 2351 2800 inde
2375 2745 2650 2799 celebrata
2682 2743 2930 2799 omnium
2961 2742 3200 2811 scriptis,
3228 2750 3289 2795 ut
3310 2734 3746 2805 merita,Daphne.

2223 2847 2488 2907 quantum
2516 2838 2807 2891 recreant!
2845 2835 3044 2904 Prope,
3076 2833 3178 2887 sub
3215 2834 3338 2903 ipso
3383 2839 3583 2891 monte,
3637 2825 3739 2880 ludit

2224 2928 2394 2983 variis
2433 2926 2710 2982 meandris
2745 2934 2911 2995 atque
2936 2923 3275 2978 anfractibus
3312 2914 3745 2988 Oronteszprocul

2226 3028 2377 3089 patet
2398 3017 2853 3089 spatiosissimum
2882 3023 3045 3084 atque
3060 3013 3235 3068 oculis
3261 3006 3654 3066 interminabile
3667 3019 3737 3073 pc-

552 3106 785 3161 clariora
818 3106 944 3161 feci.
976 3105 1118 3172 Quid
1147 3107 1294 3161 enim
1318 3107 1423 3161 sibi
1459 3108 1578 3162 vult
1604 3108 1780 3163 istud:
1808 3108 1874 3163 In
1924 3110 2122 3162 cotum-
2148 3136 2195 3197 α
2227 3114 2413 3184 lngus;
2446 3118 2595 3181 patet
2631 3110 2761 3163 item
2786 3107 3005 3161 diversa
3038 3115 3220 3169 terrae,
3251 3104 3387 3158 hinc
3422 3104 3476 3156 in
3501 3095 3737 3155 collesela-

554 3214 625 3250 na
659 3195 853 3266 gradus
882 3196 1145 3265 appinxit,
1202 3195 1295 3249 ubi
1349 3194 1535 3250 Gra'ce
1602 3204 1689 3250 est
1742 3199 1797 3249 ὲν
1853 3197 1991 3249 κίονι
2024 3197 2122 3260 τὰς

557 3288 745 3358 βάσεις
777 3287 969 3340 testo?
1000 3287 1228 3342 Rectius
1256 3296 1312 3341 et
1339 3296 1669 3357 argumento
1729 3289 1986 3357 praesenti
2031 3305 2123 3344 ac-

558 3379 962 3434 commodatius
988 3378 1502 3448 interpretaberis,:
1533 3380 1598 3434 In
1626 3380 1876 3436 columna
1908 3384 2125 3453 vestigia

556 3487 649 3525 seu
700 3471 852 3541 pedes
897 3471 1088 3541 posuit.
1144 3472 1384 3526 lnnuere
1435 3473 1641 3543 quippe
1699 3476 1818 3529 vult
1866 3476 2125 3545 scriptor,

558 3564 884 3634 Symeonem
905 3564 1223 3619 ascendisse
1249 3564 1566 3620 columnam
1596 3606 1611 3631 ,
1656 3568 1715 3620 in
1759 3584 1923 3637 eaque
1980 3577 2129 3623 stan-

560 3663 666 3709 tem
694 3654 798 3710 sub
835 3655 927 3709 dio
958 3655 1211 3711 laudasse
1232 3656 1427 3712 Deum.

632 3747 720 3801 13.
748 3747 838 3801 Sic
870 3747 1036 3817 igitur
1065 3748 1231 3801 situm
1261 3748 1466 3803 montis
1506 3751 1757 3820 concipe.
1794 3749 1912 3807 Non
1939 3752 2128 3807 admo-

560 3835 695 3890 dum
726 3837 917 3905 procul
970 3836 1039 3890 ab
1097 3836 1408 3902 Antiochia,
1467 3838 1536 3893 ad
1588 3837 1853 3895 Orontem
1900 3841 2129 3896 ﬂuvium

563 3924 809 3991 condita,
857 3927 1509 3996 septentrionemversus
1555 3930 1689 3986 urbs
1730 3932 1952 3987 Rhesus
1984 3935 2126 3988 mari

556 4017 801 4089 adiacet:
836 4018 980 4074 inter
1013 4027 1302 4089 utramque
1336 4030 1505 4085 terra,
1532 4022 1879 4094 longiuscule
1900 4026 1956 4080 in
1976 4042 2126 4083 mare

560 4125 753 4165 versus
794 4110 1135 4165 occidentem
1170 4126 1523 4181 procurrens,
1551 4114 1607 4168 in
1656 4125 1904 4171 extremo
1934 4117 2128 4173 Seleu-

557 4201 701 4255 ciam
752 4201 1070 4269 continent,
1102 4204 1203 4257 150
1242 4202 1416 4257 stadia
1480 4203 1775 4260 Antiochia
1829 4207 2082 4263 dissitarn

557 4292 699 4347 adeo
726 4300 785 4347 ut
810 4292 1044 4350 formam
1073 4295 1341 4365 trigonum
1370 4304 1539 4351 terna:
1566 4297 1684 4352 istae
1710 4298 1961 4355 civitates
1987 4316 2127 4369 quo-

556 4383 853 4439 dammodo
897 4395 1317 4455 repraisentent,
1346 4389 1465 4457 pari
1491 4388 1662 4444 ferme
1693 4390 1837 4445 inter
1865 4408 1923 4446 se
1945 4394 2127 4461 spatio

2229 3216 2316 3269 με,
2351 3204 2477 3259 inde
2506 3202 2563 3257 in
2588 3202 2755 3256 valles
2775 3199 3067 3269 depressas,
3099 3196 3230 3251 alibi
3260 3194 3494 3257 arentis,
3525 3190 3635 3246 alibi
3650 3203 3743 3241 cun-

2227 3298 2346 3353 sita:
2384 3296 2571 3351 facies.
2601 3292 2814 3363 Ecquid
2849 3291 3017 3362 igitur
3044 3290 3218 3355 deest,
3253 3297 3315 3344 ut
3360 3287 3593 3342 delicium
3632 3280 3739 3335 dica-

2231 3399 2321 3444 tur
2350 3405 2507 3444 mons
2544 3386 2695 3443 iste?

2376 3480 2403 3551 §
2431 3479 2518 3534 lll.
2557 3478 2629 3531 De
2665 3487 2820 3532 aetate
2855 3477 3026 3532 sancti
3056 3473 3335 3545 Symeonis
3371 3471 3610 3528 Junioris.

2303 3573 2389 3627 l5.
2426 3573 2544 3626 Duo
2573 3572 2839 3625 hactenus
2872 3583 3138 3639 perquam
3165 3567 3430 3631 obscura,
3462 3577 3573 3634 quae
3608 3558 3660 3613 ad
3681 3555 3737 3608 di-

2229 3664 2579 3719 stinctionem
2640 3662 2971 3733 Symeonum
3028 3660 3396 3732 Stylitarum,
3446 3667 3645 3726 qumque
3681 3647 3727 3700 ad

2229 3756 2465 3810 Montem
2489 3754 2812 3817 Mirabilem,
2844 3753 2960 3808 solo
2990 3752 3105 3808 fere
3128 3752 3355 3807 nomine
3376 3751 3467 3804 diu
3496 3744 3729 3816 cognitum.

2227 3846 2484 3910 attinent,
2516 3845 2860 3916 prosecutis;
2893 3843 3036 3899 haud
3070 3844 3231 3913 paulo
3252 3843 3471 3913 gravior
3506 3832 3730 3893 difﬁcultas

2227 3936 2498 3992 incumbit
2523 3935 2823 3990 definiendi
2849 3943 3084 3996 certum,
3112 3936 3157 3988 si
3190 3935 3386 4004 possit,
3413 3942 3632 3997 tempus.
3656 3932 3729 3990 (ιυο

2226 4028 2422 4085 Junior
2452 4028 2687 4099 Symeon
2716 4033 2879 4080 natus
2908 4032 3267 4094 mortuusque
3305 4023 3486 4078 fuerit.
3510 4016 3723 4073 Neminem

2228 4120 2473 4190 reperire
2526 4118 2686 4173 licuit
2740 4126 3047 4181 auctorem,
3079 4117 3177 4186 qui
3236 4112 3632 4170 determinatius
3658 4101 3725 4155 ali-

2228 4211 2357 4281 quid
2387 4211 2703 4275 a‘flirmaret,
2739 4224 2905 4279 quam
2934 4209 3106 4263 fuisse
3160 4208 3483 4279 Symeonem
3534 4195 3720 4266 temW’i’

2226 4305 2319 4358 bus
2333 4303 2528 4357 Justini
2559 4301 2812 4358 Senioris.
2842 4302 2957 4356 lmo
2981 4318 3160 4371 neque
3189 4301 3336 4367 Vita,
3364 4312 3516 4370 quam
3557 4284 3719 4357 subjici-

2229 4394 2524 4457 mus,deem
2537 4408 2810 4447 annumve
2834 4402 2986 4447 ortus
3001 4401 3094 4447 aut
3107 4392 3291 4446 obitus
3308 4392 3450 4446 illius
3465 4378 3718 4443 determina-

555 4474 847 4530 distantes.
892 4474 1032 4531 Hinc
1060 4492 1239 4542 mons,
1287 4479 1383 4548 qui
1440 4480 1791 4536 Antiochiam
1854 4482 2126 4537 Rhosum-
2156 4466 2203 4522 Ῑ)
2231 4491 2342 4537 tum
2362 4483 2541 4552 ponit;
2577 4482 2816 4553 suggerit
2837 4491 3015 4537 tamen
3030 4464 3719 4550 quzedamhincinde.e!‘l“i'

553 4578 666 4633 que
692 4563 896 4618 dicitur
918 4566 1286 4629 committere,
1325 4566 1635 4623 Seleuciam
1684 4571 1916 4625 includit
1944 4587 2127 4642 segre-

551 4664 757 4727 gatque
789 4658 858 4712 ab
884 4658 1097 4728 reliqua
1117 4659 1461 4714 continente.
1486 4661 1665 4733 Atque
1721 4664 1796 4720 ita
1841 4675 1991 4720 recte
2018 4682 2116 4736 po-

556 4746 712 4803 nitur
739 4746 884 4802 inter
915 4748 1107 4803 urbem
1139 4749 1542 4806 Antiochenam
1589 4762 1758 4824 atque
1811 4772 1963 4812 mare
2007 4758 2123 4813 ela-

557 4845 679 4891 tus:
714 4839 861 4907 quod
896 4841 1073 4910 ipsum
1110 4840 1276 4896 etiam
1299 4856 1364 4895 ex
1414 4843 1541 4898 Vita
1567 4861 1624 4899 n.
1663 4847 1727 4900 77
1762 4849 1996 4903 stabiliri
2030 4866 2125 4920 po-

556 4937 683 4983 test.
706 4930 886 4987 llabet
915 4948 1079 5002 porro
1100 4949 1260 4989 mons
1292 4936 1398 4990 iste
1426 4937 1706 5006 oppositos
1754 4940 1894 4997 duos
1941 4942 2123 5010 alios;

554 5035 792 5088 quorum
818 5023 957 5077 alter
990 5024 1106 5092 qui,
1139 5023 1397 5093 Sc0pulus
1449 5025 1671 5095 dicitur,
1705 5029 1951 5085 Seleucia
1982 5032 2128 5087 Rho-

554 5122 680 5162 sum
713 5110 959 5165 tendenti
986 5113 1163 5168 media
1194 5116 1441 5171 occurrit
1481 5118 1590 5181 via,
1623 5120 1759 5173 mari
1794 5121 2123 5191 imminens;

553 5208 614 5254 et
642 5199 712 5255 ab
740 5199 844 5255 hac
901 5203 1060 5267 urbe,
1096 5205 1287 5270 credo,
1326 5205 1575 5277 Scopolus
1610 5210 1855 5268 Rhosicus
1889 5215 2130 5284 appella-

556 5298 686 5356 tur;
716 5291 976 5357 alterum,
1004 5294 1091 5348 cui
1122 5294 1388 5351 Caucasus
1440 5315 1640 5355 nomen
1667 5304 1883 5374 obtigit,
1934 5307 1989 5361 in
2025 5307 2126 5362 ad-

555 5396 713 5435 versa
735 5398 856 5438 esse
888 5394 1044 5454 parte
1071 5386 1263 5441 Montis
1289 5388 1547 5444 Illirabilis
1568 5432 1581 5455 ,
1638 5394 1895 5451 videlicet
1948 5399 2128 5454 orien-

564 5472 682 5534 tali.
719 5490 786 5527 ex
839 5478 1157 5533 narratione
1180 5489 1433 5536 constare
1481 5483 1720 5539 videtur.
1765 5486 1920 5553 Quod
1964 5490 2127 5561 siqui

556 5563 650 5617 alii
682 5566 854 5621 colles
894 5582 1180 5626 montesve
1234 5571 1612 5643 ignobiliores,
1665 5578 2126 5646 quemadmodum

558 5655 677 5710 fieri
714 5660 915 5714 assolet
943 5671 1108 5731 atque
1139 5662 1194 5719 in
1226 5664 1347 5721 Vita
1378 5666 1543 5723 etiam
1578 5668 1852 5738 proditur,
1889 5671 2126 5728 circum-

640 5774 653 5803 ³
692 5775 832 5828 l’sal.
864 5792 1043 5844 χχιιι,
1081 5780 1133 5833 ’5.

2233 4572 2335 4627 bus
2363 4571 2579 4626 definiri
2598 4571 2831 4627 certiora
2852 4572 3082 4641 possint.
3095 4571 3217 4625 Mox
3232 4571 3446 4625 enimn.
3466 4566 3522 4621 10
3532 4560 3712 4617 habetur.

2234 4665 2556 4737 Symeonem
2586 4666 2994 4736 quinquennem
3020 4665 3206 4733 fuisse,
3244 4683 3370 4722 cum
3407 4664 3568 4737 gravis
3608 4663 3715 4711 terra

2233 4762 2417 4808 motus
2428 4754 2774 4808 Antiochiam
2797 4752 3287 4824 labefactavit,quo
3308 4767 3490 4810 eversa
3503 4747 3711 4809 illiusquo-

2235 4862 2341 4916 que
2360 4847 2553 4902 domus
2572 4847 2716 4901 inter
2749 4847 2884 4903 alias
2910 4857 3015 4910 est,
3054 4856 3110 4902 et
3133 4856 3291 4917 pater
3317 4847 3482 4903 ruinis
3508 4837 3711 4897 involutus

2234 4936 2466 4992 interiit.
2496 4937 2788 4992 Definitum
2821 4936 2913 4991 hic
2944 4937 3109 5000 foret.
3137 4940 3183 4993 si
3225 4940 3435 4998 felicior
3479 4922 3703 4989 Antiochia.

2230 5030 2411 5085 minus
2438 5029 2823 5099 frequentibus
2851 5038 3104 5098 quassata
3136 5030 3378 5085 motibus
3406 5028 3591 5082 fuisset.
3615 5017 3705 5071 θυο-

2230 5137 2353 5176 rum
2377 5120 2749 5176 meminerunt
2772 5130 3025 5175 auctores
3054 5122 3321 5191 Evagrius
3342 5132 3493 5191 atque
3506 5105 3707 5176 Τιιεοριιει·

2228 5228 2349 5279 nes,
2375 5212 2471 5282 qui
2505 5212 2608 5267 sub
2634 5212 2780 5266 idem
2814 5212 2929 5267 fere
2950 5220 3183 5283 tempus,
3218 5215 3494 5286 interjecto
3512 5201 3706 5261 mensium

2231 5308 2455 5377 triginta
2488 5321 2599 5361 non
2631 5306 2867 5375 amplius
2898 5307 3093 5376 spatio.
3128 5307 3482 5363 invaluerunt.

2305 5397 2391 5453 16.
2420 5396 2668 5452 Priorem
2709 5396 2785 5450 sic
2821 5395 3366 5468 describitEvagrius
3390 5398 3425 5451 Ι.
3453 5410 3516 5459 tv,
3543 5380 3703 5455 cap-51

2230 5489 2426 5545 Iisdem
2464 5488 2663 5544 Justini
2696 5488 3010 5559 temporibus
3030 5489 3212 5544 crebra
3241 5491 3507 5560 graviaque
3534 5469 3704 5534 incendia

2233 5584 2523 5639 Antiochia:
2553 5584 2906 5652 contigerunt,
2947 5598 3063 5651 qua:
3090 5582 3250 5637 veluti
3274 5584 3420 5637 duces
3449 5574 3703 5649 {uerentur-

2236 5670 2503 5744 riﬁcoruni
2554 5686 2710 5731 terra:
2752 5684 3008 5739 motuum,
3035 5675 3223 5730 ibidem
3272 5685 3441 5746 postea
3485 5662 3702 5723 conserat?
