  <div class='ocr_page' id='page_1' title='image "/cluster/home/n/w/nwhite01/storage/ocr_20150623/86:2/hvd.32044012719696/616.png"; bbox 0 0 3988 6626; ppageno 0'>
   <div class='ocr_carea' id='block_1_1' title="bbox 279 395 1931 484">
    <p class='ocr_par' dir='ltr' id='par_1_1' title="bbox 279 395 1931 468">
     <span class='ocr_line' id='line_1_1' title="bbox 279 395 1931 468; baseline 0.004 -6"><span class='ocrx_word' id='word_1_1' title='bbox 279 395 484 463; x_wconf 74' lang='grc'><strong><em>2973</em></strong></span> <span class='ocrx_word' id='word_1_2' title='bbox 1464 407 1931 468; x_wconf 83' lang='lat' dir='ltr'><strong><em>COMMENTAR</em></strong></span> 
     </span>
    </p>
   </div>
   <div class='ocr_carea' id='block_1_2' title="bbox 2031 395 3594 484">
    <p class='ocr_par' dir='ltr' id='par_1_2' title="bbox 2031 407 3594 484">
     <span class='ocr_line' id='line_1_2' title="bbox 2031 407 3594 484; baseline 0.01 -15"><span class='ocrx_word' id='word_1_3' title='bbox 2031 409 2064 469; x_wconf 74' lang='grc' dir='ltr'><strong>Β</strong></span> <span class='ocrx_word' id='word_1_4' title='bbox 2103 407 2471 470; x_wconf 56' lang='lat' dir='ltr'><strong><em>PRIEVIUS.</em></strong></span> <span class='ocrx_word' id='word_1_5' title='bbox 2939 437 2942 440; x_wconf 71' lang='lat'><strong><em>&#39;</em></strong></span> <span class='ocrx_word' id='word_1_6' title='bbox 3447 419 3594 484; x_wconf 65' lang='grc'><strong><em>2974</em></strong></span> 
     </span>
    </p>
   </div>
   <div class='ocr_carea' id='block_1_3' title="bbox 287 518 1931 611">
    <p class='ocr_par' dir='ltr' id='par_1_3' title="bbox 287 518 1913 590">
     <span class='ocr_line' id='line_1_3' title="bbox 287 518 1913 590; baseline 0.008 -23"><span class='ocrx_word' id='word_1_7' title='bbox 287 518 960 590; x_wconf 73' lang='lat' dir='ltr'><strong><em>rum,prteluseruntque</em></strong></span> <span class='ocrx_word' id='word_1_8' title='bbox 1017 522 1411 579; x_wconf 72' lang='lat' dir='ltr'><strong><em>calamitatibus</em></strong></span> <span class='ocrx_word' id='word_1_9' title='bbox 1461 527 1716 580; x_wconf 76' lang='lat' dir='ltr'><strong><em>venturis.</em></strong></span> <span class='ocrx_word' id='word_1_10' title='bbox 1772 527 1913 580; x_wconf 87' lang='lat' dir='ltr'><strong><em>Nam</em></strong></span> 
     </span>
    </p>
   </div>
   <div class='ocr_carea' id='block_1_4' title="bbox 2031 518 3589 611">
    <p class='ocr_par' dir='ltr' id='par_1_4' title="bbox 2031 527 3589 611">
     <span class='ocr_line' id='line_1_4' title="bbox 2031 527 3589 611; baseline 0.012 -32"><span class='ocrx_word' id='word_1_11' title='bbox 2031 527 2200 591; x_wconf 58' lang='grc' dir='ltr'>λείας,</span> <span class='ocrx_word' id='word_1_12' title='bbox 2235 527 2365 598; x_wconf 74' lang='grc' dir='ltr'><strong><em>μηνὶ</em></strong></span> <span class='ocrx_word' id='word_1_13' title='bbox 2385 527 2593 598; x_wconf 83' lang='grc' dir='ltr'><strong><em>δεκάτῳ</em></strong></span> <span class='ocrx_word' id='word_1_14' title='bbox 2620 544 2634 558; x_wconf 75' lang='grc' dir='ltr'><strong><em>ο</em></strong></span> <span class='ocrx_word' id='word_1_15' title='bbox 2669 527 2774 582; x_wconf 73' lang='grc' dir='ltr'><strong><em>ἀνὰ</em></strong></span> <span class='ocrx_word' id='word_1_16' title='bbox 2802 528 2893 583; x_wconf 77' lang='grc' dir='ltr'><strong><em>τὸν</em></strong></span> <span class='ocrx_word' id='word_1_17' title='bbox 2922 531 3263 603; x_wconf 76' lang='grc' dir='ltr'><strong><em>Ἀρτεμίσιον</em></strong></span> <span class='ocrx_word' id='word_1_18' title='bbox 3296 537 3438 607; x_wconf 82' lang='grc' dir='ltr'><strong><em>μῆνα</em></strong></span> <span class='ocrx_word' id='word_1_19' title='bbox 3468 543 3589 611; x_wconf 71' lang='grc' dir='ltr'><strong><em>ἦτοι</em></strong></span> 
     </span>
    </p>
   </div>
   <div class='ocr_carea' id='block_1_5' title="bbox 291 608 1931 700">
    <p class='ocr_par' dir='ltr' id='par_1_5' title="bbox 291 608 1918 692">
     <span class='ocr_line' id='line_1_5' title="bbox 291 608 1918 692; baseline 0.011 -34"><span class='ocrx_word' id='word_1_20' title='bbox 291 608 482 664; x_wconf 76' lang='lat' dir='ltr'><strong><em>brevi</em></strong></span> <span class='ocrx_word' id='word_1_21' title='bbox 536 621 653 680; x_wconf 87' lang='lat' dir='ltr'><strong><em>post</em></strong></span> <span class='ocrx_word' id='word_1_22' title='bbox 688 622 939 684; x_wconf 83' lang='lat' dir='ltr'><strong><em>tempore,</em></strong></span> <span class='ocrx_word' id='word_1_23' title='bbox 966 635 1107 672; x_wconf 89' lang='lat' dir='ltr'><strong><em>anno</em></strong></span> <span class='ocrx_word' id='word_1_24' title='bbox 1135 623 1355 690; x_wconf 88' lang='lat' dir='ltr'><strong><em>septimo</em></strong></span> <span class='ocrx_word' id='word_1_25' title='bbox 1401 623 1608 692; x_wconf 89' lang='lat' dir='ltr'><strong><em>imperii</em></strong></span> <span class='ocrx_word' id='word_1_26' title='bbox 1648 622 1846 676; x_wconf 83' lang='lat' dir='ltr'><strong><em>Justin-i</em></strong></span> <span class='ocrx_word' id='word_1_27' title='bbox 1869 632 1918 676; x_wconf 89' lang='lat' dir='ltr'><strong><em>et</em></strong></span> 
     </span>
    </p>
   </div>
   <div class='ocr_carea' id='block_1_6' title="bbox 2031 608 3588 700">
    <p class='ocr_par' dir='ltr' id='par_1_6' title="bbox 2031 608 3588 700">
     <span class='ocr_line' id='line_1_6' title="bbox 2031 608 3588 700; baseline 0.008 -26"><span class='ocrx_word' id='word_1_28' title='bbox 2031 622 2224 685; x_wconf 78' lang='grc' dir='ltr'><strong><em>Μάῖον,</em></strong></span> <span class='ocrx_word' id='word_1_29' title='bbox 2280 620 2476 691; x_wconf 77' lang='grc' dir='ltr'><strong><em>ὲννέιτῃ</em></strong></span> <span class='ocrx_word' id='word_1_30' title='bbox 2495 620 2551 674; x_wconf 82' lang='grc' dir='ltr'><strong><em>δὲ</em></strong></span> <span class='ocrx_word' id='word_1_31' title='bbox 2608 622 2824 692; x_wconf 83' lang='grc' dir='ltr'><strong><em>εἰκοστῇ</em></strong></span> <span class='ocrx_word' id='word_1_32' title='bbox 2872 624 3037 676; x_wconf 74' lang='grc' dir='ltr'>αὑτοῦ</span> <span class='ocrx_word' id='word_1_33' title='bbox 3073 627 3274 700; x_wconf 73' lang='grc' dir='ltr'><strong><em>ἡμέρᾳ.</em></strong></span> <span class='ocrx_word' id='word_1_34' title='bbox 3307 630 3462 684; x_wconf 80' lang='lat' dir='ltr'><strong><em>Anno</em></strong></span> <span class='ocrx_word' id='word_1_35' title='bbox 3491 608 3588 686; x_wconf 11' lang='lat' dir='ltr'><strong><em>ise-</em></strong></span> 
     </span>
    </p>
   </div>
   <div class='ocr_carea' id='block_1_7' title="bbox 299 702 3596 784">
    <p class='ocr_par' dir='ltr' id='par_1_7' title="bbox 299 702 3596 784">
     <span class='ocr_line' id='line_1_7' title="bbox 299 702 3596 784; baseline 0.008 -32"><span class='ocrx_word' id='word_1_36' title='bbox 299 715 520 755; x_wconf 71' lang='lat' dir='ltr'><strong><em>tnense</em></strong></span> <span class='ocrx_word' id='word_1_37' title='bbox 552 702 751 758; x_wconf 85' lang='lat' dir='ltr'><strong><em>decimo</em></strong></span> <span class='ocrx_word' id='word_1_38' title='bbox 779 722 799 770; x_wconf 86' lang='lat'><strong><em>;</em></strong></span> <span class='ocrx_word' id='word_1_39' title='bbox 827 724 1003 761; x_wconf 81' lang='lat' dir='ltr'><strong><em>mense</em></strong></span> <span class='ocrx_word' id='word_1_40' title='bbox 1041 709 1322 765; x_wconf 79' lang='lat' dir='ltr'><strong><em>Artemisio</em></strong></span> <span class='ocrx_word' id='word_1_41' title='bbox 1349 729 1440 766; x_wconf 89' lang='lat' dir='ltr'><strong><em>seu</em></strong></span> <span class='ocrx_word' id='word_1_42' title='bbox 1462 713 1642 778; x_wconf 76' lang='lat' dir='ltr'><strong><em>Maio;</em></strong></span> <span class='ocrx_word' id='word_1_43' title='bbox 1681 715 1764 768; x_wconf 90' lang='lat' dir='ltr'><strong><em>die</em></strong></span> <span class='ocrx_word' id='word_1_44' title='bbox 1808 715 1920 784; x_wconf 84' lang='lat' dir='ltr'><strong><em>ejus</em></strong></span> <span class='ocrx_word' id='word_1_45' title='bbox 2021 714 2183 782; x_wconf 91' lang='lat' dir='ltr'><strong><em>ptimo</em></strong></span> <span class='ocrx_word' id='word_1_46' title='bbox 2207 712 2414 782; x_wconf 91' lang='lat' dir='ltr'><strong><em>imperii</em></strong></span> <span class='ocrx_word' id='word_1_47' title='bbox 2427 711 2651 776; x_wconf 77' lang='lat' dir='ltr'><strong><em>Justini,</em></strong></span> <span class='ocrx_word' id='word_1_48' title='bbox 2677 730 2850 767; x_wconf 82' lang='lat' dir='ltr'><strong><em>mense</em></strong></span> <span class='ocrx_word' id='word_1_49' title='bbox 2871 715 3104 772; x_wconf 88' lang='lat' dir='ltr'><strong><em>decimo:</em></strong></span> <span class='ocrx_word' id='word_1_50' title='bbox 3129 735 3303 773; x_wconf 89' lang='lat' dir='ltr'><strong><em>mense</em></strong></span> <span class='ocrx_word' id='word_1_51' title='bbox 3318 721 3596 781; x_wconf 85' lang='lat' dir='ltr'><strong><em>Artemisio</em></strong></span> 
     </span>
    </p>
   </div>
   <div class='ocr_carea' id='block_1_8' title="bbox 299 796 3588 874">
    <p class='ocr_par' dir='ltr' id='par_1_8' title="bbox 299 796 3588 874">
     <span class='ocr_line' id='line_1_8' title="bbox 299 796 3588 874; baseline 0.008 -31"><span class='ocrx_word' id='word_1_52' title='bbox 299 805 484 846; x_wconf 81' lang='lat' dir='ltr'><strong><em>nona</em></strong></span> <span class='ocrx_word' id='word_1_53' title='bbox 507 810 569 846; x_wconf 83' lang='lat' dir='ltr'><strong><em>ac</em></strong></span> <span class='ocrx_word' id='word_1_54' title='bbox 599 796 865 862; x_wconf 89' lang='lat' dir='ltr'><strong><em>vicesima,</em></strong></span> <span class='ocrx_word' id='word_1_55' title='bbox 893 800 1004 869; x_wconf 88' lang='lat' dir='ltr'><strong><em>ipso</em></strong></span> <span class='ocrx_word' id='word_1_56' title='bbox 1044 804 1260 856; x_wconf 82' lang='lat' dir='ltr'><strong><em>meridie</em></strong></span> <span class='ocrx_word' id='word_1_57' title='bbox 1293 804 1438 872; x_wconf 66' lang='lat' dir='ltr'><strong><em>feria:</em></strong></span> <span class='ocrx_word' id='word_1_58' title='bbox 1460 814 1641 869; x_wconf 67' lang='lat' dir='ltr'><strong><em>sextis,</em></strong></span> <span class='ocrx_word' id='word_1_59' title='bbox 1665 813 1722 858; x_wconf 86' lang='lat' dir='ltr'><strong><em>ut</em></strong></span> <span class='ocrx_word' id='word_1_60' title='bbox 1763 821 1922 859; x_wconf 89' lang='lat' dir='ltr'><strong><em>voca-</em></strong></span> <span class='ocrx_word' id='word_1_61' title='bbox 2018 821 2109 859; x_wconf 87' lang='lat' dir='ltr'><strong><em>seu</em></strong></span> <span class='ocrx_word' id='word_1_62' title='bbox 2136 802 2297 869; x_wconf 81' lang='lat' dir='ltr'><strong><em>Maio,</em></strong></span> <span class='ocrx_word' id='word_1_63' title='bbox 2326 804 2409 857; x_wconf 92' lang='lat' dir='ltr'><strong><em>die</em></strong></span> <span class='ocrx_word' id='word_1_64' title='bbox 2431 805 2544 874; x_wconf 84' lang='lat' dir='ltr'><strong><em>ejus</em></strong></span> <span class='ocrx_word' id='word_1_65' title='bbox 2586 821 2724 859; x_wconf 90' lang='lat' dir='ltr'><strong><em>nona</em></strong></span> <span class='ocrx_word' id='word_1_66' title='bbox 2759 815 2808 860; x_wconf 93' lang='lat' dir='ltr'><strong><em>et</em></strong></span> <span class='ocrx_word' id='word_1_67' title='bbox 2833 808 3097 863; x_wconf 88' lang='lat' dir='ltr'><strong><em>vicesima.</em></strong></span> <span class='ocrx_word' id='word_1_68' title='bbox 3126 809 3236 864; x_wconf 86' lang='lat' dir='ltr'><strong><em>Cur</em></strong></span> <span class='ocrx_word' id='word_1_69' title='bbox 3266 812 3312 866; x_wconf 88' lang='lat' dir='ltr'><strong><em>si</em></strong></span> <span class='ocrx_word' id='word_1_70' title='bbox 3356 831 3588 870; x_wconf 88' lang='lat' dir='ltr'><strong><em>mensem</em></strong></span> 
     </span>
    </p>
   </div>
   <div class='ocr_carea' id='block_1_9' title="bbox 301 884 3584 970">
    <p class='ocr_par' dir='ltr' id='par_1_9' title="bbox 301 884 3584 970">
     <span class='ocr_line' id='line_1_9' title="bbox 301 884 3584 970; baseline 0.009 -38"><span class='ocrx_word' id='word_1_71' title='bbox 301 887 451 944; x_wconf 72' lang='lat' dir='ltr'><strong><em>(ur,</em></strong></span> <span class='ocrx_word' id='word_1_72' title='bbox 472 884 809 940; x_wconf 77' lang='lat' dir='ltr'><strong><em>hebdomadis</em></strong></span> <span class='ocrx_word' id='word_1_73' title='bbox 843 905 861 952; x_wconf 88' lang='lat'><strong><em>;</em></strong></span> <span class='ocrx_word' id='word_1_74' title='bbox 887 893 1150 945; x_wconf 89' lang='lat' dir='ltr'><strong><em>succussio</em></strong></span> <span class='ocrx_word' id='word_1_75' title='bbox 1183 910 1245 945; x_wconf 92' lang='lat' dir='ltr'><strong><em>ac</em></strong></span> <span class='ocrx_word' id='word_1_76' title='bbox 1266 903 1435 947; x_wconf 90' lang='lat' dir='ltr'><strong><em>motus</em></strong></span> <span class='ocrx_word' id='word_1_77' title='bbox 1466 905 1638 956; x_wconf 72' lang='lat' dir='ltr'><strong><em>terrre,</em></strong></span> <span class='ocrx_word' id='word_1_78' title='bbox 1665 895 1919 948; x_wconf 88' lang='lat' dir='ltr'><strong><em>invaden-</em></strong></span> <span class='ocrx_word' id='word_1_79' title='bbox 2021 894 2278 948; x_wconf 88' lang='lat' dir='ltr'><strong><em>decimum</em></strong></span> <span class='ocrx_word' id='word_1_80' title='bbox 2300 896 2428 948; x_wconf 88' lang='lat' dir='ltr'><strong><em>anni</em></strong></span> <span class='ocrx_word' id='word_1_81' title='bbox 2449 896 2657 965; x_wconf 78' lang='lat' dir='ltr'><strong><em>septimi</em></strong></span> <span class='ocrx_word' id='word_1_82' title='bbox 2681 896 2798 950; x_wconf 91' lang='lat' dir='ltr'><strong><em>vult</em></strong></span> <span class='ocrx_word' id='word_1_83' title='bbox 2830 897 3084 968; x_wconf 76' lang='lat' dir='ltr'><strong><em>intelligi,</em></strong></span> <span class='ocrx_word' id='word_1_84' title='bbox 3121 903 3584 970; x_wconf 78' lang='lat' dir='ltr'><strong><em>quemadmodum</em></strong></span> 
     </span>
    </p>
   </div>
   <div class='ocr_carea' id='block_1_10' title="bbox 303 975 3592 1059">
    <p class='ocr_par' dir='ltr' id='par_1_10' title="bbox 303 975 3592 1059">
     <span class='ocr_line' id='line_1_10' title="bbox 303 975 3592 1059; baseline 0.009 -36"><span class='ocrx_word' id='word_1_85' title='bbox 303 981 419 1026; x_wconf 75' lang='lat' dir='ltr'><strong><em>(es</em></strong></span> <span class='ocrx_word' id='word_1_86' title='bbox 472 975 674 1041; x_wconf 86' lang='lat' dir='ltr'><strong><em>urbem,</em></strong></span> <span class='ocrx_word' id='word_1_87' title='bbox 712 994 842 1046; x_wconf 88' lang='lat' dir='ltr'><strong><em>pene</em></strong></span> <span class='ocrx_word' id='word_1_88' title='bbox 899 990 1068 1034; x_wconf 89' lang='lat' dir='ltr'><strong><em>totam</em></strong></span> <span class='ocrx_word' id='word_1_89' title='bbox 1113 983 1349 1051; x_wconf 87' lang='lat' dir='ltr'><strong><em>funditus</em></strong></span> <span class='ocrx_word' id='word_1_90' title='bbox 1374 986 1762 1040; x_wconf 89' lang='lat' dir='ltr'><strong><em>subverterunt.</em></strong></span> <span class='ocrx_word' id='word_1_91' title='bbox 1792 985 1922 1039; x_wconf 83' lang='lat' dir='ltr'><strong><em>Post</em></strong></span> <span class='ocrx_word' id='word_1_92' title='bbox 2021 986 2158 1040; x_wconf 87' lang='lat' dir='ltr'><strong><em>diem</em></strong></span> <span class='ocrx_word' id='word_1_93' title='bbox 2189 989 2490 1041; x_wconf 89' lang='lat' dir='ltr'><strong><em>vicesimum</em></strong></span> <span class='ocrx_word' id='word_1_94' title='bbox 2535 1005 2732 1042; x_wconf 90' lang='lat' dir='ltr'><strong><em>nonum</em></strong></span> <span class='ocrx_word' id='word_1_95' title='bbox 2783 989 3039 1059; x_wconf 80' lang='lat' dir='ltr'><strong><em>intelligit</em></strong></span> <span class='ocrx_word' id='word_1_96' title='bbox 3092 995 3280 1047; x_wconf 79' lang='lat' dir='ltr'><strong><em>mensis</em></strong></span> <span class='ocrx_word' id='word_1_97' title='bbox 3322 996 3592 1052; x_wconf 84' lang='lat' dir='ltr'><strong><em>Artemisii</em></strong></span> 
     </span>
    </p>
   </div>
   <div class='ocr_carea' id='block_1_11' title="bbox 305 1063 1924 1147">
    <p class='ocr_par' dir='ltr' id='par_1_11' title="bbox 305 1063 1924 1147">
     <span class='ocr_line' id='line_1_11' title="bbox 305 1063 1924 1147; baseline 0.01 -32"><span class='ocrx_word' id='word_1_98' title='bbox 305 1063 453 1118; x_wconf 63' lang='lat' dir='ltr'><strong><em>Istuc</em></strong></span> <span class='ocrx_word' id='word_1_99' title='bbox 496 1070 739 1122; x_wconf 82' lang='lat' dir='ltr'><strong><em>successit</em></strong></span> <span class='ocrx_word' id='word_1_100' title='bbox 797 1072 933 1140; x_wconf 82' lang='lat' dir='ltr'><strong><em>ignis</em></strong></span> <span class='ocrx_word' id='word_1_101' title='bbox 985 1090 1210 1144; x_wconf 84' lang='lat' dir='ltr'><strong><em>quoque,</em></strong></span> <span class='ocrx_word' id='word_1_102' title='bbox 1250 1085 1298 1128; x_wconf 93' lang='lat' dir='ltr'><strong><em>et</em></strong></span> <span class='ocrx_word' id='word_1_103' title='bbox 1354 1077 1718 1131; x_wconf 80' lang='lat' dir='ltr'><strong><em>calamitatem</em></strong></span> <span class='ocrx_word' id='word_1_104' title='bbox 1768 1078 1924 1147; x_wconf 88' lang='lat' dir='ltr'><strong><em>quasi</em></strong></span> 
     </span>
    </p>
   </div>
   <div class='ocr_carea' id='block_1_12' title="bbox 306 1158 1923 1240">
    <p class='ocr_par' dir='ltr' id='par_1_12' title="bbox 306 1158 1923 1240">
     <span class='ocr_line' id='line_1_12' title="bbox 306 1158 1923 1240; baseline 0.009 -31"><span class='ocrx_word' id='word_1_105' title='bbox 306 1172 462 1210; x_wconf 79' lang='lat' dir='ltr'><strong><em>cum</em></strong></span> <span class='ocrx_word' id='word_1_106' title='bbox 507 1158 614 1212; x_wconf 84' lang='lat' dir='ltr'><strong><em>illis</em></strong></span> <span class='ocrx_word' id='word_1_107' title='bbox 674 1163 903 1231; x_wconf 88' lang='lat' dir='ltr'><strong><em>partitus</em></strong></span> <span class='ocrx_word' id='word_1_108' title='bbox 954 1173 1050 1219; x_wconf 87' lang='lat' dir='ltr'><strong><em>est.</em></strong></span> <span class='ocrx_word' id='word_1_109' title='bbox 1086 1164 1284 1230; x_wconf 84' lang='lat' dir='ltr'><strong><em>Quibus</em></strong></span> <span class='ocrx_word' id='word_1_110' title='bbox 1309 1169 1448 1223; x_wconf 89' lang='lat' dir='ltr'><strong><em>enim</em></strong></span> <span class='ocrx_word' id='word_1_111' title='bbox 1476 1168 1600 1223; x_wconf 90' lang='lat' dir='ltr'><strong><em>locis</em></strong></span> <span class='ocrx_word' id='word_1_112' title='bbox 1648 1170 1923 1240; x_wconf 87' lang='lat' dir='ltr'><strong><em>quassatio</em></strong></span> 
     </span>
    </p>
   </div>
   <div class='ocr_carea' id='block_1_13' title="bbox 314 1255 1924 1328">
    <p class='ocr_par' dir='ltr' id='par_1_13' title="bbox 314 1255 1924 1328">
     <span class='ocr_line' id='line_1_13' title="bbox 314 1255 1924 1328; baseline 0.009 -30"><span class='ocrx_word' id='word_1_113' title='bbox 314 1257 617 1319; x_wconf 83' lang='lat' dir='ltr'><strong><em>motusque</em></strong></span> <span class='ocrx_word' id='word_1_114' title='bbox 645 1262 1010 1321; x_wconf 84' lang='lat' dir='ltr'><strong><em>pepercerant,</em></strong></span> <span class='ocrx_word' id='word_1_115' title='bbox 1039 1255 1138 1309; x_wconf 90' lang='lat' dir='ltr'><strong><em>illa</em></strong></span> <span class='ocrx_word' id='word_1_116' title='bbox 1166 1258 1306 1328; x_wconf 85' lang='lat' dir='ltr'><strong><em>ignis</em></strong></span> <span class='ocrx_word' id='word_1_117' title='bbox 1331 1261 1529 1312; x_wconf 87' lang='lat' dir='ltr'><strong><em>circum</em></strong></span> <span class='ocrx_word' id='word_1_118' title='bbox 1551 1259 1836 1328; x_wconf 79' lang='lat' dir='ltr'><strong><em>deposcens</em></strong></span> <span class='ocrx_word' id='word_1_119' title='bbox 1869 1261 1924 1312; x_wconf 91' lang='lat' dir='ltr'><strong><em>in</em></strong></span> 
     </span>
    </p>
   </div>
   <div class='ocr_carea' id='block_1_14' title="bbox 313 1338 1925 1422">
    <p class='ocr_par' dir='ltr' id='par_1_14' title="bbox 313 1338 1925 1422">
     <span class='ocr_line' id='line_1_14' title="bbox 313 1338 1925 1422; baseline 0.011 -33"><span class='ocrx_word' id='word_1_120' title='bbox 313 1338 546 1394; x_wconf 74' lang='lat' dir='ltr'><strong><em>cineres</em></strong></span> <span class='ocrx_word' id='word_1_121' title='bbox 599 1341 919 1415; x_wconf 79' lang='lat' dir='ltr'><strong><em>favillasque</em></strong></span> <span class='ocrx_word' id='word_1_122' title='bbox 964 1347 1186 1417; x_wconf 85' lang='lat' dir='ltr'><strong><em>redegit.</em></strong></span> <span class='ocrx_word' id='word_1_123' title='bbox 1219 1348 1348 1414; x_wconf 71' lang='lat' dir='ltr'><strong><em>Quae</em></strong></span> <span class='ocrx_word' id='word_1_124' title='bbox 1379 1367 1537 1420; x_wconf 87' lang='lat' dir='ltr'><strong><em>porro</em></strong></span> <span class='ocrx_word' id='word_1_125' title='bbox 1569 1351 1712 1404; x_wconf 84' lang='lat' dir='ltr'><strong><em>urbis</em></strong></span> <span class='ocrx_word' id='word_1_126' title='bbox 1747 1362 1925 1422; x_wconf 81' lang='lat' dir='ltr'><strong><em>partes</em></strong></span> 
     </span>
    </p>
   </div>
   <div class='ocr_carea' id='block_1_15' title="bbox 321 1433 1928 1513">
    <p class='ocr_par' dir='ltr' id='par_1_15' title="bbox 321 1433 1928 1513">
     <span class='ocr_line' id='line_1_15' title="bbox 321 1433 1928 1513; baseline 0.009 -31"><span class='ocrx_word' id='word_1_127' title='bbox 321 1433 576 1498; x_wconf 84' lang='lat' dir='ltr'><strong><em>ruerint,</em></strong></span> <span class='ocrx_word' id='word_1_128' title='bbox 608 1445 733 1504; x_wconf 88' lang='lat' dir='ltr'><strong><em>quot</em></strong></span> <span class='ocrx_word' id='word_1_129' title='bbox 760 1438 997 1492; x_wconf 82' lang='lat' dir='ltr'><strong><em>homines</em></strong></span> <span class='ocrx_word' id='word_1_130' title='bbox 1025 1441 1260 1509; x_wconf 77' lang='lat' dir='ltr'><strong><em>flammis</em></strong></span> <span class='ocrx_word' id='word_1_131' title='bbox 1289 1443 1638 1513; x_wconf 80' lang='lat' dir='ltr'><strong><em>motibusque,</em></strong></span> <span class='ocrx_word' id='word_1_132' title='bbox 1674 1444 1752 1496; x_wconf 87' lang='lat' dir='ltr'><strong><em>uti</em></strong></span> <span class='ocrx_word' id='word_1_133' title='bbox 1778 1444 1928 1497; x_wconf 86' lang='lat' dir='ltr'><strong><em>simi-</em></strong></span> 
     </span>
    </p>
   </div>
   <div class='ocr_carea' id='block_1_16' title="bbox 323 1522 1926 1603">
    <p class='ocr_par' dir='ltr' id='par_1_16' title="bbox 323 1522 1926 1603">
     <span class='ocr_line' id='line_1_16' title="bbox 323 1522 1926 1603; baseline 0.01 -29"><span class='ocrx_word' id='word_1_134' title='bbox 323 1522 448 1577; x_wconf 83' lang='lat' dir='ltr'><strong><em>lius</em></strong></span> <span class='ocrx_word' id='word_1_135' title='bbox 504 1542 621 1580; x_wconf 87' lang='lat' dir='ltr'><strong><em>vero</em></strong></span> <span class='ocrx_word' id='word_1_136' title='bbox 649 1535 745 1592; x_wconf 88' lang='lat' dir='ltr'><strong><em>est,</em></strong></span> <span class='ocrx_word' id='word_1_137' title='bbox 788 1529 1126 1598; x_wconf 87' lang='lat' dir='ltr'><strong><em>interierint,</em></strong></span> <span class='ocrx_word' id='word_1_138' title='bbox 1191 1548 1310 1603; x_wconf 73' lang='lat' dir='ltr'><strong><em>quae</em></strong></span> <span class='ocrx_word' id='word_1_139' title='bbox 1353 1536 1514 1588; x_wconf 87' lang='lat' dir='ltr'><strong><em>etiam</em></strong></span> <span class='ocrx_word' id='word_1_140' title='bbox 1547 1535 1814 1590; x_wconf 88' lang='lat' dir='ltr'><strong><em>mirabilia</em></strong></span> <span class='ocrx_word' id='word_1_141' title='bbox 1843 1537 1926 1590; x_wconf 89' lang='lat' dir='ltr'><strong><em>di-</em></strong></span> 
     </span>
    </p>
   </div>
   <div class='ocr_carea' id='block_1_17' title="bbox 323 1618 1930 1706">
    <p class='ocr_par' dir='ltr' id='par_1_17' title="bbox 323 1618 1930 1706">
     <span class='ocr_line' id='line_1_17' title="bbox 323 1618 1930 1706; baseline 0.014 -40"><span class='ocrx_word' id='word_1_142' title='bbox 323 1618 599 1688; x_wconf 75' lang='lat' dir='ltr'><strong><em>cendique</em></strong></span> <span class='ocrx_word' id='word_1_143' title='bbox 637 1619 889 1689; x_wconf 89' lang='lat' dir='ltr'><strong><em>facultate</em></strong></span> <span class='ocrx_word' id='word_1_144' title='bbox 919 1630 1065 1683; x_wconf 91' lang='lat' dir='ltr'><strong><em>omni</em></strong></span> <span class='ocrx_word' id='word_1_145' title='bbox 1089 1631 1301 1700; x_wconf 84' lang='lat' dir='ltr'><strong><em>majora</em></strong></span> <span class='ocrx_word' id='word_1_146' title='bbox 1326 1635 1662 1703; x_wconf 83' lang='lat' dir='ltr'><strong><em>contigerint,</em></strong></span> <span class='ocrx_word' id='word_1_147' title='bbox 1719 1633 1930 1706; x_wconf 84' lang='lat' dir='ltr'><strong><em>lugubri</em></strong></span> 
     </span>
    </p>
   </div>
   <div class='ocr_carea' id='block_1_18' title="bbox 324 1720 1925 1792">
    <p class='ocr_par' dir='ltr' id='par_1_18' title="bbox 324 1720 1925 1792">
     <span class='ocr_line' id='line_1_18' title="bbox 324 1720 1925 1792; baseline 0.014 -33"><span class='ocrx_word' id='word_1_148' title='bbox 324 1721 654 1776; x_wconf 76' lang='lat' dir='ltr'><strong><em>prosecutus</em></strong></span> <span class='ocrx_word' id='word_1_149' title='bbox 703 1725 778 1770; x_wconf 86' lang='lat' dir='ltr'><strong><em>est</em></strong></span> <span class='ocrx_word' id='word_1_150' title='bbox 820 1720 1060 1773; x_wconf 90' lang='lat' dir='ltr'><strong><em>oratione</em></strong></span> <span class='ocrx_word' id='word_1_151' title='bbox 1107 1721 1344 1779; x_wconf 81' lang='lat' dir='ltr'><strong><em>Joannes</em></strong></span> <span class='ocrx_word' id='word_1_152' title='bbox 1402 1726 1604 1792; x_wconf 79' lang='lat' dir='ltr'><strong><em>rhetor,</em></strong></span> <span class='ocrx_word' id='word_1_153' title='bbox 1635 1726 1925 1782; x_wconf 87' lang='lat' dir='ltr'><strong><em>Historiam</em></strong></span> 
     </span>
    </p>
   </div>
   <div class='ocr_carea' id='block_1_19' title="bbox 325 1806 1926 1884">
    <p class='ocr_par' dir='ltr' id='par_1_19' title="bbox 325 1806 1926 1884">
     <span class='ocr_line' id='line_1_19' title="bbox 325 1806 1926 1884; baseline 0.014 -32"><span class='ocrx_word' id='word_1_154' title='bbox 325 1816 504 1857; x_wconf 80' lang='lat' dir='ltr'><strong><em>suam</em></strong></span> <span class='ocrx_word' id='word_1_155' title='bbox 536 1806 619 1859; x_wconf 92' lang='lat' dir='ltr'><strong><em>hic</em></strong></span> <span class='ocrx_word' id='word_1_156' title='bbox 661 1807 997 1864; x_wconf 86' lang='lat' dir='ltr'><strong><em>concludens.</em></strong></span> <span class='ocrx_word' id='word_1_157' title='bbox 1049 1812 1380 1884; x_wconf 85' lang='lat' dir='ltr'><strong><em>Euphrasius</em></strong></span> <span class='ocrx_word' id='word_1_158' title='bbox 1406 1834 1527 1871; x_wconf 85' lang='lat' dir='ltr'><strong><em>vero</em></strong></span> <span class='ocrx_word' id='word_1_159' title='bbox 1553 1821 1715 1873; x_wconf 87' lang='lat' dir='ltr'><strong><em>etiam</em></strong></span> <span class='ocrx_word' id='word_1_160' title='bbox 1756 1821 1926 1874; x_wconf 86' lang='lat' dir='ltr'><strong><em>ruinis</em></strong></span> 
     </span>
    </p>
   </div>
   <div class='ocr_carea' id='block_1_20' title="bbox 2020 1077 3598 1158">
    <p class='ocr_par' dir='ltr' id='par_1_20' title="bbox 2020 1077 3598 1158">
     <span class='ocr_line' id='line_1_20' title="bbox 2020 1077 3598 1158; baseline 0.007 -26"><span class='ocrx_word' id='word_1_161' title='bbox 2020 1095 2110 1132; x_wconf 91' lang='lat' dir='ltr'><strong><em>seu</em></strong></span> <span class='ocrx_word' id='word_1_162' title='bbox 2138 1077 2298 1141; x_wconf 81' lang='lat' dir='ltr'><strong><em>Maii;</em></strong></span> <span class='ocrx_word' id='word_1_163' title='bbox 2325 1093 2442 1138; x_wconf 89' lang='lat' dir='ltr'><strong><em>cur.</em></strong></span> <span class='ocrx_word' id='word_1_164' title='bbox 2470 1081 2714 1148; x_wconf 90' lang='lat' dir='ltr'><strong><em>inquam,</em></strong></span> <span class='ocrx_word' id='word_1_165' title='bbox 2740 1079 3036 1151; x_wconf 78' lang='lat' dir='ltr'><strong><em>utrobique</em></strong></span> <span class='ocrx_word' id='word_1_166' title='bbox 3054 1098 3162 1137; x_wconf 92' lang='lat' dir='ltr'><strong><em>non</em></strong></span> <span class='ocrx_word' id='word_1_167' title='bbox 3184 1085 3432 1154; x_wconf 80' lang='lat' dir='ltr'><strong><em>loquitur</em></strong></span> <span class='ocrx_word' id='word_1_168' title='bbox 3453 1090 3598 1158; x_wconf 86' lang='lat' dir='ltr'><strong><em>pari-</em></strong></span> 
     </span>
    </p>
   </div>
   <div class='ocr_carea' id='block_1_21' title="bbox 2021 1168 3595 1235">
    <p class='ocr_par' dir='ltr' id='par_1_21' title="bbox 2021 1168 3595 1235">
     <span class='ocr_line' id='line_1_21' title="bbox 2021 1168 3595 1235; baseline 0.007 -11"><span class='ocrx_word' id='word_1_169' title='bbox 2021 1168 2307 1224; x_wconf 84' lang='lat' dir='ltr'><strong><em>lormiter?</em></strong></span> <span class='ocrx_word' id='word_1_170' title='bbox 2351 1169 2607 1225; x_wconf 85' lang='lat' dir='ltr'><strong><em>Secundo</em></strong></span> <span class='ocrx_word' id='word_1_171' title='bbox 2656 1171 2776 1226; x_wconf 88' lang='lat' dir='ltr'><strong><em>loco</em></strong></span> <span class='ocrx_word' id='word_1_172' title='bbox 2804 1173 2949 1228; x_wconf 90' lang='lat' dir='ltr'><strong><em>diem</em></strong></span> <span class='ocrx_word' id='word_1_173' title='bbox 2981 1175 3188 1230; x_wconf 86' lang='lat' dir='ltr'><strong><em>mensis</em></strong></span> <span class='ocrx_word' id='word_1_174' title='bbox 3235 1176 3441 1233; x_wconf 89' lang='lat' dir='ltr'><strong><em>indicat</em></strong></span> <span class='ocrx_word' id='word_1_175' title='bbox 3495 1196 3595 1235; x_wconf 82' lang='lat' dir='ltr'><strong><em>ex-</em></strong></span> 
     </span>
    </p>
   </div>
   <div class='ocr_carea' id='block_1_22' title="bbox 2021 1261 3592 1339">
    <p class='ocr_par' dir='ltr' id='par_1_22' title="bbox 2021 1261 3592 1339">
     <span class='ocr_line' id='line_1_22' title="bbox 2021 1261 3592 1339; baseline 0.007 -25"><span class='ocrx_word' id='word_1_176' title='bbox 2021 1276 2208 1331; x_wconf 85' lang='lat' dir='ltr'><strong><em>presse</em></strong></span> <span class='ocrx_word' id='word_1_177' title='bbox 2230 1277 2330 1331; x_wconf 89' lang='lat' dir='ltr'><strong><em>per</em></strong></span> <span class='ocrx_word' id='word_1_178' title='bbox 2363 1261 2654 1316; x_wconf 82' lang='lat' dir='ltr'><strong><em>relativum</em></strong></span> <span class='ocrx_word' id='word_1_179' title='bbox 2679 1263 2866 1329; x_wconf 80' lang='grc' dir='ltr'>αὐτοῦ,</span> <span class='ocrx_word' id='word_1_180' title='bbox 2911 1265 3046 1334; x_wconf 89' lang='lat' dir='ltr'><strong><em>ejus.</em></strong></span> <span class='ocrx_word' id='word_1_181' title='bbox 3089 1282 3200 1321; x_wconf 89' lang='lat' dir='ltr'><strong><em>non</em></strong></span> <span class='ocrx_word' id='word_1_182' title='bbox 3243 1268 3373 1323; x_wconf 92' lang='lat' dir='ltr'><strong><em>item</em></strong></span> <span class='ocrx_word' id='word_1_183' title='bbox 3410 1271 3592 1339; x_wconf 89' lang='lat' dir='ltr'><strong><em>primo</em></strong></span> 
     </span>
    </p>
   </div>
   <div class='ocr_carea' id='block_1_23' title="bbox 2023 1354 3596 1419">
    <p class='ocr_par' dir='ltr' id='par_1_23' title="bbox 2023 1354 3596 1419">
     <span class='ocr_line' id='line_1_23' title="bbox 2023 1354 3596 1419; baseline 0.007 -12"><span class='ocrx_word' id='word_1_184' title='bbox 2023 1367 2268 1408; x_wconf 86' lang='lat' dir='ltr'><strong><em>mensem</em></strong></span> <span class='ocrx_word' id='word_1_185' title='bbox 2297 1354 2426 1408; x_wconf 85' lang='lat' dir='ltr'><strong><em>anni</em></strong></span> <span class='ocrx_word' id='word_1_186' title='bbox 2454 1372 2469 1419; x_wconf 89' lang='lat'><strong>;</strong></span> <span class='ocrx_word' id='word_1_187' title='bbox 2500 1354 2651 1409; x_wconf 89' lang='lat' dir='ltr'><strong><em>nulla</em></strong></span> <span class='ocrx_word' id='word_1_188' title='bbox 2680 1355 2771 1410; x_wconf 91' lang='lat' dir='ltr'><strong><em>hic</em></strong></span> <span class='ocrx_word' id='word_1_189' title='bbox 2798 1357 3006 1412; x_wconf 87' lang='lat' dir='ltr'><strong><em>mentio</em></strong></span> <span class='ocrx_word' id='word_1_190' title='bbox 3059 1359 3366 1416; x_wconf 86' lang='lat' dir='ltr'><strong><em>relationis.</em></strong></span> <span class='ocrx_word' id='word_1_191' title='bbox 3408 1360 3596 1418; x_wconf 69' lang='lat' dir='ltr'><strong><em>Voluit</em></strong></span> 
     </span>
    </p>
   </div>
   <div class='ocr_carea' id='block_1_24' title="bbox 2024 1443 3597 1518">
    <p class='ocr_par' dir='ltr' id='par_1_24' title="bbox 2024 1443 3597 1518">
     <span class='ocr_line' id='line_1_24' title="bbox 2024 1443 3597 1518; baseline 0.006 -20"><span class='ocrx_word' id='word_1_192' title='bbox 2024 1443 2192 1515; x_wconf 84' lang='lat' dir='ltr'><strong><em>igitur</em></strong></span> <span class='ocrx_word' id='word_1_193' title='bbox 2221 1460 2334 1499; x_wconf 92' lang='lat' dir='ltr'><strong><em>non</em></strong></span> <span class='ocrx_word' id='word_1_194' title='bbox 2355 1444 2484 1499; x_wconf 91' lang='lat' dir='ltr'><strong><em>anni</em></strong></span> <span class='ocrx_word' id='word_1_195' title='bbox 2509 1445 2754 1514; x_wconf 86' lang='lat' dir='ltr'><strong><em>septimi,</em></strong></span> <span class='ocrx_word' id='word_1_196' title='bbox 2787 1447 2882 1500; x_wconf 85' lang='lat' dir='ltr'><strong><em>sed</em></strong></span> <span class='ocrx_word' id='word_1_197' title='bbox 2929 1463 3091 1518; x_wconf 87' lang='lat' dir='ltr'><strong><em>supra</em></strong></span> <span class='ocrx_word' id='word_1_198' title='bbox 3123 1449 3298 1514; x_wconf 92' lang='lat' dir='ltr'><strong><em>illum,</em></strong></span> <span class='ocrx_word' id='word_1_199' title='bbox 3348 1467 3597 1508; x_wconf 89' lang='lat' dir='ltr'><strong><em>mensem</em></strong></span> 
     </span>
    </p>
   </div>
   <div class='ocr_carea' id='block_1_25' title="bbox 2025 1535 3602 1610">
    <p class='ocr_par' dir='ltr' id='par_1_25' title="bbox 2025 1535 3602 1610">
     <span class='ocr_line' id='line_1_25' title="bbox 2025 1535 3602 1610; baseline 0.006 -20"><span class='ocrx_word' id='word_1_200' title='bbox 2025 1535 2302 1590; x_wconf 88' lang='lat' dir='ltr'><strong><em>decimum</em></strong></span> <span class='ocrx_word' id='word_1_201' title='bbox 2327 1535 2667 1607; x_wconf 84' lang='lat' dir='ltr'><strong><em>signiﬁcare;</em></strong></span> <span class='ocrx_word' id='word_1_202' title='bbox 2705 1537 2852 1606; x_wconf 92' lang='lat' dir='ltr'><strong><em>quod</em></strong></span> <span class='ocrx_word' id='word_1_203' title='bbox 2886 1546 2944 1593; x_wconf 89' lang='lat' dir='ltr'><strong><em>ut</em></strong></span> <span class='ocrx_word' id='word_1_204' title='bbox 3003 1541 3270 1610; x_wconf 89' lang='lat' dir='ltr'><strong><em>liquidius</em></strong></span> <span class='ocrx_word' id='word_1_205' title='bbox 3318 1542 3460 1599; x_wconf 87' lang='lat' dir='ltr'><strong><em>foret</em></strong></span> <span class='ocrx_word' id='word_1_206' title='bbox 3496 1560 3602 1601; x_wconf 88' lang='lat' dir='ltr'><strong><em>nec</em></strong></span> 
     </span>
    </p>
   </div>
   <div class='ocr_carea' id='block_1_26' title="bbox 2028 1627 3602 1706">
    <p class='ocr_par' dir='ltr' id='par_1_26' title="bbox 2028 1627 3602 1706">
     <span class='ocr_line' id='line_1_26' title="bbox 2028 1627 3602 1706; baseline 0.007 -25"><span class='ocrx_word' id='word_1_207' title='bbox 2028 1627 2083 1682; x_wconf 91' lang='lat' dir='ltr'><strong><em>in</em></strong></span> <span class='ocrx_word' id='word_1_208' title='bbox 2109 1643 2357 1683; x_wconf 89' lang='lat' dir='ltr'><strong><em>errorem</em></strong></span> <span class='ocrx_word' id='word_1_209' title='bbox 2377 1629 2696 1699; x_wconf 83' lang='lat' dir='ltr'><strong><em>quempiam</em></strong></span> <span class='ocrx_word' id='word_1_210' title='bbox 2756 1629 3020 1702; x_wconf 88' lang='lat' dir='ltr'><strong><em>deinceps</em></strong></span> <span class='ocrx_word' id='word_1_211' title='bbox 3070 1633 3386 1698; x_wconf 88' lang='lat' dir='ltr'><strong><em>induceret,</em></strong></span> <span class='ocrx_word' id='word_1_212' title='bbox 3428 1638 3602 1706; x_wconf 86' lang='lat' dir='ltr'><strong><em>parti-</em></strong></span> 
     </span>
    </p>
   </div>
   <div class='ocr_carea' id='block_1_27' title="bbox 2027 1717 3595 1791">
    <p class='ocr_par' dir='ltr' id='par_1_27' title="bbox 2027 1717 3595 1791">
     <span class='ocr_line' id='line_1_27' title="bbox 2027 1717 3595 1791; baseline 0.007 -19"><span class='ocrx_word' id='word_1_213' title='bbox 2027 1717 2208 1772; x_wconf 88' lang='lat' dir='ltr'><strong><em>culam</em></strong></span> <span class='ocrx_word' id='word_1_214' title='bbox 2256 1717 2372 1784; x_wconf 80' lang='grc' dir='ltr'><strong><em>καί,</em></strong></span> <span class='ocrx_word' id='word_1_215' title='bbox 2417 1726 2488 1784; x_wconf 91' lang='lat' dir='ltr'><strong><em>et,</em></strong></span> <span class='ocrx_word' id='word_1_216' title='bbox 2539 1735 2855 1790; x_wconf 83' lang='lat' dir='ltr'><strong><em>quanquam</em></strong></span> <span class='ocrx_word' id='word_1_217' title='bbox 2902 1722 2994 1777; x_wconf 79' lang='lat' dir='ltr'><strong><em>vix</em></strong></span> <span class='ocrx_word' id='word_1_218' title='bbox 3039 1727 3428 1791; x_wconf 84' lang='lat' dir='ltr'><strong><em>necessariam,</em></strong></span> <span class='ocrx_word' id='word_1_219' title='bbox 3459 1744 3595 1783; x_wconf 90' lang='lat' dir='ltr'><strong><em>con-</em></strong></span> 
     </span>
    </p>
   </div>
   <div class='ocr_carea' id='block_1_28' title="bbox 2029 1809 3595 1883">
    <p class='ocr_par' dir='ltr' id='par_1_28' title="bbox 2029 1809 3595 1883">
     <span class='ocr_line' id='line_1_28' title="bbox 2029 1809 3595 1883; baseline 0.008 -22"><span class='ocrx_word' id='word_1_220' title='bbox 2029 1815 2207 1862; x_wconf 87' lang='lat' dir='ltr'><strong><em>stante</em></strong></span> <span class='ocrx_word' id='word_1_221' title='bbox 2230 1809 2397 1862; x_wconf 89' lang='lat' dir='ltr'><strong><em>etiam</em></strong></span> <span class='ocrx_word' id='word_1_222' title='bbox 2428 1809 2547 1864; x_wconf 89' lang='lat' dir='ltr'><strong><em>sine</em></strong></span> <span class='ocrx_word' id='word_1_223' title='bbox 2568 1810 2658 1866; x_wconf 90' lang='lat' dir='ltr'><strong><em>illa</em></strong></span> <span class='ocrx_word' id='word_1_224' title='bbox 2677 1826 2843 1866; x_wconf 88' lang='lat' dir='ltr'><strong><em>sensu</em></strong></span> <span class='ocrx_word' id='word_1_225' title='bbox 2882 1827 3048 1883; x_wconf 86' lang='lat' dir='ltr'><strong><em>quem</em></strong></span> <span class='ocrx_word' id='word_1_226' title='bbox 3082 1813 3470 1882; x_wconf 83' lang='lat' dir='ltr'><strong><em>indicavimus,</em></strong></span> <span class='ocrx_word' id='word_1_227' title='bbox 3494 1818 3595 1873; x_wconf 88' lang='lat' dir='ltr'><strong><em>ad-</em></strong></span> 
     </span>
    </p>
   </div>
   <div class='ocr_carea' id='block_1_29' title="bbox 329 1893 2538 1978">
    <p class='ocr_par' dir='ltr' id='par_1_29' title="bbox 329 1893 2538 1978">
     <span class='ocr_line' id='line_1_29' title="bbox 329 1893 2538 1978; baseline 0.01 -35"><span class='ocrx_word' id='word_1_228' title='bbox 329 1893 688 1966; x_wconf 80' lang='lat' dir='ltr'><strong><em>interceptus.</em></strong></span> <span class='ocrx_word' id='word_1_229' title='bbox 711 1900 873 1953; x_wconf 91' lang='lat' dir='ltr'><strong><em>vitam</em></strong></span> <span class='ocrx_word' id='word_1_230' title='bbox 909 1900 1081 1966; x_wconf 77' lang='lat' dir='ltr'><strong><em>ﬁnivit</em></strong></span> <span class='ocrx_word' id='word_1_231' title='bbox 1104 1919 1123 1957; x_wconf 89' lang='lat'><strong><em>:</em></strong></span> <span class='ocrx_word' id='word_1_232' title='bbox 1159 1922 1220 1958; x_wconf 83' lang='lat' dir='ltr'><strong><em>ac</em></strong></span> <span class='ocrx_word' id='word_1_233' title='bbox 1283 1915 1451 1960; x_wconf 90' lang='lat' dir='ltr'><strong><em>morte</em></strong></span> <span class='ocrx_word' id='word_1_234' title='bbox 1509 1925 1608 1962; x_wconf 87' lang='lat' dir='ltr'><strong><em>sua</em></strong></span> <span class='ocrx_word' id='word_1_235' title='bbox 1661 1909 1923 1978; x_wconf 86' lang='lat' dir='ltr'><strong><em>publicam</em></strong></span> <span class='ocrx_word' id='word_1_236' title='bbox 1959 1895 1998 1948; x_wconf 76' lang='grc' dir='ltr'><strong>Β</strong></span> <span class='ocrx_word' id='word_1_237' title='bbox 2021 1899 2193 1971; x_wconf 68' lang='lat' dir='ltr'><strong><em>licere</em></strong></span> <span class='ocrx_word' id='word_1_238' title='bbox 2224 1899 2402 1954; x_wconf 74' lang='lat' dir='ltr'><strong><em>Visum</em></strong></span> <span class='ocrx_word' id='word_1_239' title='bbox 2434 1909 2538 1956; x_wconf 70' lang='grc' dir='ltr'><strong><em>θεί-</em></strong></span> 
     </span>
    </p>
   </div>
   <div class='ocr_carea' id='block_1_30' title="bbox 326 1985 1924 2068">
    <p class='ocr_par' dir='ltr' id='par_1_30' title="bbox 326 1985 1924 2068">
     <span class='ocr_line' id='line_1_30' title="bbox 326 1985 1924 2068; baseline 0.01 -33"><span class='ocrx_word' id='word_1_240' title='bbox 326 1985 709 2042; x_wconf 68' lang='grc' dir='ltr'><strong><em>ελΙαηιὶιαιθυι</em></strong></span> <span class='ocrx_word' id='word_1_241' title='bbox 742 1993 912 2057; x_wconf 70' lang='lat' dir='ltr'><strong><em>auxit,</em></strong></span> <span class='ocrx_word' id='word_1_242' title='bbox 950 1995 1156 2048; x_wconf 88' lang='lat' dir='ltr'><strong><em>nemine</em></strong></span> <span class='ocrx_word' id='word_1_243' title='bbox 1173 1997 1315 2066; x_wconf 86' lang='lat' dir='ltr'><strong><em>jam,</em></strong></span> <span class='ocrx_word' id='word_1_244' title='bbox 1341 1996 1432 2068; x_wconf 91' lang='lat' dir='ltr'><strong><em>qui</em></strong></span> <span class='ocrx_word' id='word_1_245' title='bbox 1473 2003 1756 2068; x_wconf 84' lang='lat' dir='ltr'><strong><em>profutura</em></strong></span> <span class='ocrx_word' id='word_1_246' title='bbox 1797 2015 1924 2068; x_wconf 89' lang='lat' dir='ltr'><strong><em>sug-</em></strong></span> 
     </span>
    </p>
   </div>
   <div class='ocr_carea' id='block_1_31' title="bbox 325 2083 1925 2158">
    <p class='ocr_par' dir='ltr' id='par_1_31' title="bbox 325 2083 1925 2158">
     <span class='ocr_line' id='line_1_31' title="bbox 325 2083 1925 2158; baseline 0.008 -29"><span class='ocrx_word' id='word_1_247' title='bbox 325 2087 574 2145; x_wconf 87' lang='lat' dir='ltr'><strong><em>gereret,</em></strong></span> <span class='ocrx_word' id='word_1_248' title='bbox 595 2090 902 2148; x_wconf 84' lang='lat' dir='ltr'><strong><em>superante.</em></strong></span> <span class='ocrx_word' id='word_1_249' title='bbox 933 2083 1102 2140; x_wconf 82' lang='lat' dir='ltr'><strong><em>Addit</em></strong></span> <span class='ocrx_word' id='word_1_250' title='bbox 1133 2087 1503 2158; x_wconf 87' lang='lat' dir='ltr'><strong><em>Theophanes</em></strong></span> <span class='ocrx_word' id='word_1_251' title='bbox 1529 2107 1542 2144; x_wconf 90' lang='lat'><strong>:</strong></span> <span class='ocrx_word' id='word_1_252' title='bbox 1583 2089 1772 2145; x_wconf 84' lang='lat' dir='ltr'><strong><em>Omnes</em></strong></span> <span class='ocrx_word' id='word_1_253' title='bbox 1793 2107 1925 2158; x_wconf 85' lang='lat' dir='ltr'><strong><em>quo-</em></strong></span> 
     </span>
    </p>
   </div>
   <div class='ocr_carea' id='block_1_32' title="bbox 327 2170 1924 2240">
    <p class='ocr_par' dir='ltr' id='par_1_32' title="bbox 327 2170 1924 2240">
     <span class='ocr_line' id='line_1_32' title="bbox 327 2170 1924 2240; baseline 0.012 -24"><span class='ocrx_word' id='word_1_254' title='bbox 327 2182 447 2234; x_wconf 81' lang='lat' dir='ltr'><strong><em>que</em></strong></span> <span class='ocrx_word' id='word_1_255' title='bbox 475 2170 610 2222; x_wconf 57' lang='lat' dir='ltr'><strong><em>rei!“</em></strong></span> <span class='ocrx_word' id='word_1_256' title='bbox 638 2179 688 2224; x_wconf 92' lang='lat' dir='ltr'><strong><em>et</em></strong></span> <span class='ocrx_word' id='word_1_257' title='bbox 702 2171 930 2228; x_wconf 67' lang='lat' dir='ltr'><strong><em>ecclesia:</em></strong></span> <span class='ocrx_word' id='word_1_258' title='bbox 948 2177 1310 2240; x_wconf 88' lang='lat' dir='ltr'><strong><em>conciderunt,</em></strong></span> <span class='ocrx_word' id='word_1_259' title='bbox 1337 2189 1386 2233; x_wconf 94' lang='lat' dir='ltr'><strong><em>et</em></strong></span> <span class='ocrx_word' id='word_1_260' title='bbox 1419 2181 1558 2236; x_wconf 87' lang='lat' dir='ltr'><strong><em>urbis</em></strong></span> <span class='ocrx_word' id='word_1_261' title='bbox 1575 2182 1730 2236; x_wconf 87' lang='lat' dir='ltr'><strong><em>decor</em></strong></span> <span class='ocrx_word' id='word_1_262' title='bbox 1755 2183 1924 2235; x_wconf 90' lang='lat' dir='ltr'><strong><em>omnis</em></strong></span> 
     </span>
    </p>
   </div>
   <div class='ocr_carea' id='block_1_33' title="bbox 331 2255 1924 2331">
    <p class='ocr_par' dir='ltr' id='par_1_33' title="bbox 331 2255 1924 2331">
     <span class='ocr_line' id='line_1_33' title="bbox 331 2255 1924 2331; baseline 0.008 -23"><span class='ocrx_word' id='word_1_263' title='bbox 331 2255 549 2311; x_wconf 87' lang='lat' dir='ltr'><strong><em>deletus</em></strong></span> <span class='ocrx_word' id='word_1_264' title='bbox 571 2266 647 2312; x_wconf 88' lang='lat' dir='ltr'><strong><em>est</em></strong></span> <span class='ocrx_word' id='word_1_265' title='bbox 681 2277 698 2314; x_wconf 89' lang='lat'><strong><em>:</em></strong></span> <span class='ocrx_word' id='word_1_266' title='bbox 735 2262 825 2314; x_wconf 89' lang='lat' dir='ltr'><strong><em>sed</em></strong></span> <span class='ocrx_word' id='word_1_267' title='bbox 878 2279 1045 2331; x_wconf 89' lang='lat' dir='ltr'><strong><em>neque</em></strong></span> <span class='ocrx_word' id='word_1_268' title='bbox 1075 2265 1196 2319; x_wconf 88' lang='lat' dir='ltr'><strong><em>talis</em></strong></span> <span class='ocrx_word' id='word_1_269' title='bbox 1225 2266 1507 2322; x_wconf 89' lang='lat' dir='ltr'><strong><em>calamitas</em></strong></span> <span class='ocrx_word' id='word_1_270' title='bbox 1561 2269 1681 2323; x_wconf 88' lang='lat' dir='ltr'><strong><em>aliis</em></strong></span> <span class='ocrx_word' id='word_1_271' title='bbox 1717 2267 1924 2324; x_wconf 74' lang='lat' dir='ltr'><strong><em>stuc-alis</em></strong></span> 
     </span>
    </p>
   </div>
   <div class='ocr_carea' id='block_1_34' title="bbox 331 2351 1923 2433">
    <p class='ocr_par' dir='ltr' id='par_1_34' title="bbox 331 2351 1923 2433">
     <span class='ocr_line' id='line_1_34' title="bbox 331 2351 1923 2433; baseline 0.01 -33"><span class='ocrx_word' id='word_1_272' title='bbox 331 2351 534 2417; x_wconf 82' lang='lat' dir='ltr'><strong><em>quavis</em></strong></span> <span class='ocrx_word' id='word_1_273' title='bbox 576 2352 630 2404; x_wconf 90' lang='lat' dir='ltr'><strong><em>in</em></strong></span> <span class='ocrx_word' id='word_1_274' title='bbox 691 2353 816 2407; x_wconf 89' lang='lat' dir='ltr'><strong><em>urbe</em></strong></span> <span class='ocrx_word' id='word_1_275' title='bbox 871 2359 1113 2428; x_wconf 88' lang='lat' dir='ltr'><strong><em>contigit.</em></strong></span> <span class='ocrx_word' id='word_1_276' title='bbox 1139 2358 1504 2415; x_wconf 87' lang='lat' dir='ltr'><strong><em>Pientissimus</em></strong></span> <span class='ocrx_word' id='word_1_277' title='bbox 1529 2371 1705 2416; x_wconf 90' lang='lat' dir='ltr'><strong><em>autem</em></strong></span> <span class='ocrx_word' id='word_1_278' title='bbox 1760 2363 1923 2433; x_wconf 90' lang='lat' dir='ltr'><strong><em>impe-</em></strong></span> 
     </span>
    </p>
   </div>
   <div class='ocr_carea' id='block_1_35' title="bbox 334 2441 1924 2524">
    <p class='ocr_par' dir='ltr' id='par_1_35' title="bbox 334 2441 1924 2524">
     <span class='ocr_line' id='line_1_35' title="bbox 334 2441 1924 2524; baseline 0.009 -32"><span class='ocrx_word' id='word_1_279' title='bbox 334 2450 501 2493; x_wconf 86' lang='lat' dir='ltr'><strong><em>rator</em></strong></span> <span class='ocrx_word' id='word_1_280' title='bbox 529 2441 790 2510; x_wconf 83' lang='lat' dir='ltr'><strong><em>Justinus,</em></strong></span> <span class='ocrx_word' id='word_1_281' title='bbox 818 2463 875 2500; x_wconf 93' lang='lat' dir='ltr'><strong><em>re</em></strong></span> <span class='ocrx_word' id='word_1_282' title='bbox 897 2451 1129 2519; x_wconf 89' lang='lat' dir='ltr'><strong><em>cognita,</em></strong></span> <span class='ocrx_word' id='word_1_283' title='bbox 1154 2451 1358 2521; x_wconf 85' lang='lat' dir='ltr'><strong><em>ingenti</em></strong></span> <span class='ocrx_word' id='word_1_284' title='bbox 1391 2452 1572 2506; x_wconf 88' lang='lat' dir='ltr'><strong><em>dolore</em></strong></span> <span class='ocrx_word' id='word_1_285' title='bbox 1595 2454 1763 2508; x_wconf 87' lang='lat' dir='ltr'><strong><em>animi</em></strong></span> <span class='ocrx_word' id='word_1_286' title='bbox 1801 2470 1924 2524; x_wconf 88' lang='lat' dir='ltr'><strong><em>per-</em></strong></span> 
     </span>
    </p>
   </div>
   <div class='ocr_carea' id='block_1_36' title="bbox 333 2534 1928 2615">
    <p class='ocr_par' dir='ltr' id='par_1_36' title="bbox 333 2534 1928 2615">
     <span class='ocr_line' id='line_1_36' title="bbox 333 2534 1928 2615; baseline 0.011 -33"><span class='ocrx_word' id='word_1_287' title='bbox 333 2547 552 2595; x_wconf 84' lang='lat' dir='ltr'><strong><em>cussus,</em></strong></span> <span class='ocrx_word' id='word_1_288' title='bbox 575 2534 780 2590; x_wconf 91' lang='lat' dir='ltr'><strong><em>sublato</em></strong></span> <span class='ocrx_word' id='word_1_289' title='bbox 808 2539 995 2608; x_wconf 87' lang='lat' dir='ltr'><strong><em>capitis</em></strong></span> <span class='ocrx_word' id='word_1_290' title='bbox 1015 2541 1098 2593; x_wconf 89' lang='lat' dir='ltr'><strong><em>sui</em></strong></span> <span class='ocrx_word' id='word_1_291' title='bbox 1140 2549 1335 2595; x_wconf 88' lang='lat' dir='ltr'><strong><em>ornatu</em></strong></span> <span class='ocrx_word' id='word_1_292' title='bbox 1377 2559 1717 2615; x_wconf 87' lang='lat' dir='ltr'><strong><em>purpuraque</em></strong></span> <span class='ocrx_word' id='word_1_293' title='bbox 1768 2545 1928 2614; x_wconf 90' lang='lat' dir='ltr'><strong><em>depo-</em></strong></span> 
     </span>
    </p>
   </div>
   <div class='ocr_carea' id='block_1_37' title="bbox 333 2623 1926 2706">
    <p class='ocr_par' dir='ltr' id='par_1_37' title="bbox 333 2623 1926 2706">
     <span class='ocr_line' id='line_1_37' title="bbox 333 2623 1926 2706; baseline 0.009 -30"><span class='ocrx_word' id='word_1_294' title='bbox 333 2624 474 2681; x_wconf 82' lang='lat' dir='ltr'><strong><em>sita.</em></strong></span> <span class='ocrx_word' id='word_1_295' title='bbox 506 2623 685 2694; x_wconf 88' lang='lat' dir='ltr'><strong><em>plures</em></strong></span> <span class='ocrx_word' id='word_1_296' title='bbox 721 2626 830 2682; x_wconf 88' lang='lat' dir='ltr'><strong><em>dies</em></strong></span> <span class='ocrx_word' id='word_1_297' title='bbox 859 2645 1071 2684; x_wconf 89' lang='lat' dir='ltr'><strong><em>saccum</em></strong></span> <span class='ocrx_word' id='word_1_298' title='bbox 1113 2633 1326 2686; x_wconf 89' lang='lat' dir='ltr'><strong><em>indutus</em></strong></span> <span class='ocrx_word' id='word_1_299' title='bbox 1359 2633 1491 2688; x_wconf 69' lang='lat' dir='ltr'><strong><em>luxit</em></strong></span> <span class='ocrx_word' id='word_1_300' title='bbox 1518 2652 1537 2700; x_wconf 90' lang='lat'><em>;</em></span> <span class='ocrx_word' id='word_1_301' title='bbox 1571 2635 1700 2689; x_wconf 90' lang='lat' dir='ltr'><strong><em>adeo</em></strong></span> <span class='ocrx_word' id='word_1_302' title='bbox 1749 2644 1807 2689; x_wconf 89' lang='lat' dir='ltr'><strong><em>ut</em></strong></span> <span class='ocrx_word' id='word_1_303' title='bbox 1845 2637 1926 2706; x_wconf 88' lang='lat' dir='ltr'><strong><em>fe-</em></strong></span> 
     </span>
    </p>
   </div>
   <div class='ocr_carea' id='block_1_38' title="bbox 344 2715 1926 2794">
    <p class='ocr_par' dir='ltr' id='par_1_38' title="bbox 344 2715 1926 2794">
     <span class='ocr_line' id='line_1_38' title="bbox 344 2715 1926 2794; baseline 0.008 -28"><span class='ocrx_word' id='word_1_304' title='bbox 344 2723 441 2767; x_wconf 83' lang='lat' dir='ltr'><strong><em>sta</em></strong></span> <span class='ocrx_word' id='word_1_305' title='bbox 490 2731 693 2785; x_wconf 88' lang='lat' dir='ltr'><strong><em>quoque</em></strong></span> <span class='ocrx_word' id='word_1_306' title='bbox 735 2715 846 2771; x_wconf 89' lang='lat' dir='ltr'><strong><em>luce</em></strong></span> <span class='ocrx_word' id='word_1_307' title='bbox 877 2721 1160 2788; x_wconf 88' lang='lat' dir='ltr'><strong><em>procedens</em></strong></span> <span class='ocrx_word' id='word_1_308' title='bbox 1189 2723 1244 2775; x_wconf 90' lang='lat' dir='ltr'><strong><em>in</em></strong></span> <span class='ocrx_word' id='word_1_309' title='bbox 1271 2722 1545 2794; x_wconf 84' lang='lat' dir='ltr'><strong><em>templum,</em></strong></span> <span class='ocrx_word' id='word_1_310' title='bbox 1565 2741 1815 2779; x_wconf 86' lang='lat' dir='ltr'><strong><em>coronam</em></strong></span> <span class='ocrx_word' id='word_1_311' title='bbox 1833 2734 1926 2780; x_wconf 88' lang='lat' dir='ltr'><strong><em>aut</em></strong></span> 
     </span>
    </p>
   </div>
   <div class='ocr_carea' id='block_1_39' title="bbox 343 2809 1925 2889">
    <p class='ocr_par' dir='ltr' id='par_1_39' title="bbox 343 2809 1925 2889">
     <span class='ocr_line' id='line_1_39' title="bbox 343 2809 1925 2889; baseline 0.008 -27"><span class='ocrx_word' id='word_1_312' title='bbox 343 2809 684 2882; x_wconf 83' lang='lat' dir='ltr'><strong><em>chlamydem</em></strong></span> <span class='ocrx_word' id='word_1_313' title='bbox 707 2823 913 2882; x_wconf 85' lang='lat' dir='ltr'><strong><em>gestare</em></strong></span> <span class='ocrx_word' id='word_1_314' title='bbox 938 2819 1214 2872; x_wconf 87' lang='lat' dir='ltr'><strong><em>renuerit:</em></strong></span> <span class='ocrx_word' id='word_1_315' title='bbox 1241 2834 1422 2872; x_wconf 89' lang='lat' dir='ltr'><strong><em>verum</em></strong></span> <span class='ocrx_word' id='word_1_316' title='bbox 1460 2819 1535 2872; x_wconf 88' lang='lat' dir='ltr'><strong><em>sic</em></strong></span> <span class='ocrx_word' id='word_1_317' title='bbox 1565 2819 1791 2889; x_wconf 86' lang='lat' dir='ltr'><strong><em>simplici</em></strong></span> <span class='ocrx_word' id='word_1_318' title='bbox 1827 2821 1925 2874; x_wconf 90' lang='lat' dir='ltr'><strong><em>ha-</em></strong></span> 
     </span>
    </p>
   </div>
   <div class='ocr_carea' id='block_1_40' title="bbox 338 2903 1925 2979">
    <p class='ocr_par' dir='ltr' id='par_1_40' title="bbox 338 2903 1925 2979">
     <span class='ocr_line' id='line_1_40' title="bbox 338 2903 1925 2979; baseline 0.006 -24"><span class='ocrx_word' id='word_1_319' title='bbox 338 2903 461 2956; x_wconf 83' lang='lat' dir='ltr'><strong><em>bitu</em></strong></span> <span class='ocrx_word' id='word_1_320' title='bbox 500 2920 614 2956; x_wconf 88' lang='lat' dir='ltr'><strong><em>cum</em></strong></span> <span class='ocrx_word' id='word_1_321' title='bbox 647 2904 760 2958; x_wconf 83' lang='lat' dir='ltr'><strong><em>solo</em></strong></span> <span class='ocrx_word' id='word_1_322' title='bbox 799 2907 1032 2979; x_wconf 81' lang='lat' dir='ltr'><strong><em>mandga</em></strong></span> <span class='ocrx_word' id='word_1_323' title='bbox 1061 2925 1324 2978; x_wconf 86' lang='lat' dir='ltr'><strong><em>purpureo</em></strong></span> <span class='ocrx_word' id='word_1_324' title='bbox 1355 2912 1696 2978; x_wconf 88' lang='lat' dir='ltr'><strong><em>processerit,</em></strong></span> <span class='ocrx_word' id='word_1_325' title='bbox 1729 2927 1791 2964; x_wconf 91' lang='lat' dir='ltr'><strong><em>ac</em></strong></span> <span class='ocrx_word' id='word_1_326' title='bbox 1836 2927 1925 2964; x_wconf 91' lang='lat' dir='ltr'><strong><em>co-</em></strong></span> 
     </span>
    </p>
   </div>
   <div class='ocr_carea' id='block_1_41' title="bbox 343 2999 1927 3074">
    <p class='ocr_par' dir='ltr' id='par_1_41' title="bbox 343 2999 1927 3074">
     <span class='ocr_line' id='line_1_41' title="bbox 343 2999 1927 3074; baseline 0.006 -28"><span class='ocrx_word' id='word_1_327' title='bbox 343 3012 472 3050; x_wconf 86' lang='lat' dir='ltr'><strong><em>ram</em></strong></span> <span class='ocrx_word' id='word_1_328' title='bbox 505 3005 610 3051; x_wconf 92' lang='lat' dir='ltr'><strong><em>toto</em></strong></span> <span class='ocrx_word' id='word_1_329' title='bbox 644 3008 843 3053; x_wconf 87' lang='lat' dir='ltr'><strong><em>.senatu</em></strong></span> <span class='ocrx_word' id='word_1_330' title='bbox 875 2999 1212 3070; x_wconf 86' lang='lat' dir='ltr'><strong><em>ingemuerit,</em></strong></span> <span class='ocrx_word' id='word_1_331' title='bbox 1243 3003 1522 3072; x_wconf 75' lang='lat' dir='ltr'><strong><em>cazterique</em></strong></span> <span class='ocrx_word' id='word_1_332' title='bbox 1562 3019 1740 3057; x_wconf 82' lang='lat' dir='ltr'><strong><em>omnes</em></strong></span> <span class='ocrx_word' id='word_1_333' title='bbox 1772 3003 1927 3074; x_wconf 88' lang='lat' dir='ltr'><strong><em>lugu-</em></strong></span> 
     </span>
    </p>
   </div>
   <div class='ocr_carea' id='block_1_42' title="bbox 336 3087 1926 3162">
    <p class='ocr_par' dir='ltr' id='par_1_42' title="bbox 336 3087 1926 3162">
     <span class='ocr_line' id='line_1_42' title="bbox 336 3087 1926 3162; baseline 0.005 -22"><span class='ocrx_word' id='word_1_334' title='bbox 336 3087 467 3141; x_wconf 83' lang='lat' dir='ltr'><strong><em>bria</em></strong></span> <span class='ocrx_word' id='word_1_335' title='bbox 527 3089 698 3143; x_wconf 86' lang='lat' dir='ltr'><strong><em>induti</em></strong></span> <span class='ocrx_word' id='word_1_336' title='bbox 753 3107 861 3144; x_wconf 86' lang='lat' dir='ltr'><strong><em>una</em></strong></span> <span class='ocrx_word' id='word_1_337' title='bbox 924 3107 1043 3145; x_wconf 89' lang='lat' dir='ltr'><strong><em>cum</em></strong></span> <span class='ocrx_word' id='word_1_338' title='bbox 1093 3092 1207 3162; x_wconf 87' lang='lat' dir='ltr'><strong><em>ipso</em></strong></span> <span class='ocrx_word' id='word_1_339' title='bbox 1262 3092 1531 3148; x_wconf 73' lang='lat' dir='ltr'><strong><em>luxerunt.</em></strong></span> <span class='ocrx_word' id='word_1_340' title='bbox 1565 3091 1691 3148; x_wconf 63' lang='lat' dir='ltr'><strong><em>Haec</em></strong></span> <span class='ocrx_word' id='word_1_341' title='bbox 1734 3092 1812 3148; x_wconf 88' lang='lat' dir='ltr'><strong><em>illi</em></strong></span> <span class='ocrx_word' id='word_1_342' title='bbox 1857 3093 1926 3148; x_wconf 86' lang='lat' dir='ltr'><strong><em>de</em></strong></span> 
     </span>
    </p>
   </div>
   <div class='ocr_carea' id='block_1_43' title="bbox 339 3178 1288 3248">
    <p class='ocr_par' dir='ltr' id='par_1_43' title="bbox 339 3178 1288 3248">
     <span class='ocr_line' id='line_1_43' title="bbox 339 3178 1288 3248; baseline 0.008 -17"><span class='ocrx_word' id='word_1_343' title='bbox 339 3178 523 3248; x_wconf 86' lang='lat' dir='ltr'><strong><em>priori</em></strong></span> <span class='ocrx_word' id='word_1_344' title='bbox 547 3178 891 3237; x_wconf 85' lang='lat' dir='ltr'><strong><em>Antiocheno</em></strong></span> <span class='ocrx_word' id='word_1_345' title='bbox 924 3191 1086 3238; x_wconf 75' lang='lat' dir='ltr'><strong><em>terra:</em></strong></span> <span class='ocrx_word' id='word_1_346' title='bbox 1113 3193 1288 3239; x_wconf 89' lang='lat' dir='ltr'><strong><em>motu.</em></strong></span> 
     </span>
    </p>
   </div>
   <div class='ocr_carea' id='block_1_44' title="bbox 2097 1989 3592 2066">
    <p class='ocr_par' dir='ltr' id='par_1_44' title="bbox 2097 1989 3592 2066">
     <span class='ocr_line' id='line_1_44' title="bbox 2097 1989 3592 2066; baseline 0.007 -23"><span class='ocrx_word' id='word_1_347' title='bbox 2097 1989 2182 2043; x_wconf 80' lang='grc'><strong><em>18.</em></strong></span> <span class='ocrx_word' id='word_1_348' title='bbox 2220 1989 2324 2046; x_wconf 87' lang='lat' dir='ltr'><strong><em>Sed</em></strong></span> <span class='ocrx_word' id='word_1_349' title='bbox 2361 1991 2671 2057; x_wconf 89' lang='lat' dir='ltr'><strong><em>redeamus,</em></strong></span> <span class='ocrx_word' id='word_1_350' title='bbox 2711 1993 2857 2049; x_wconf 92' lang='lat' dir='ltr'><strong><em>unde</em></strong></span> <span class='ocrx_word' id='word_1_351' title='bbox 2897 1994 3132 2066; x_wconf 82' lang='lat' dir='ltr'><strong><em>digressi</em></strong></span> <span class='ocrx_word' id='word_1_352' title='bbox 3163 2011 3376 2053; x_wconf 87' lang='lat' dir='ltr'><strong><em>sumus.</em></strong></span> <span class='ocrx_word' id='word_1_353' title='bbox 3408 1998 3592 2054; x_wconf 81' lang='lat' dir='ltr'><strong><em>Poste-</em></strong></span> 
     </span>
    </p>
   </div>
   <div class='ocr_carea' id='block_1_45' title="bbox 2026 2080 3599 2158">
    <p class='ocr_par' dir='ltr' id='par_1_45' title="bbox 2026 2080 3599 2158">
     <span class='ocr_line' id='line_1_45' title="bbox 2026 2080 3599 2158; baseline 0.007 -25"><span class='ocrx_word' id='word_1_354' title='bbox 2026 2080 2190 2134; x_wconf 87' lang='lat' dir='ltr'><strong><em>rioris</em></strong></span> <span class='ocrx_word' id='word_1_355' title='bbox 2237 2089 2420 2136; x_wconf 89' lang='lat' dir='ltr'><strong><em>motus</em></strong></span> <span class='ocrx_word' id='word_1_356' title='bbox 2467 2083 2837 2139; x_wconf 85' lang='lat' dir='ltr'><strong><em>calamitatem</em></strong></span> <span class='ocrx_word' id='word_1_357' title='bbox 2865 2085 2945 2140; x_wconf 91' lang='lat' dir='ltr'><strong><em>sic</em></strong></span> <span class='ocrx_word' id='word_1_358' title='bbox 2979 2097 3205 2142; x_wconf 89' lang='lat' dir='ltr'><strong><em>enarrat</em></strong></span> <span class='ocrx_word' id='word_1_359' title='bbox 3229 2089 3599 2158; x_wconf 81' lang='lat' dir='ltr'><strong><em>Theophanes</em></strong></span> 
     </span>
    </p>
   </div>
   <div class='ocr_carea' id='block_1_46' title="bbox 2026 2171 3594 2244">
    <p class='ocr_par' dir='ltr' id='par_1_46' title="bbox 2026 2171 3594 2244">
     <span class='ocr_line' id='line_1_46' title="bbox 2026 2171 3594 2244; baseline 0.006 -19"><span class='ocrx_word' id='word_1_360' title='bbox 2026 2186 2170 2226; x_wconf 92' lang='lat' dir='ltr'><strong><em>anno</em></strong></span> <span class='ocrx_word' id='word_1_361' title='bbox 2202 2171 2236 2225; x_wconf 77' lang='lat'><strong>2</strong></span> <span class='ocrx_word' id='word_1_362' title='bbox 2288 2172 2609 2240; x_wconf 74' lang='lat' dir='ltr'><strong><em>Iustiniani,</em></strong></span> <span class='ocrx_word' id='word_1_363' title='bbox 2666 2175 2759 2244; x_wconf 89' lang='lat' dir='ltr'><strong><em>qui</em></strong></span> <span class='ocrx_word' id='word_1_364' title='bbox 2819 2176 2924 2231; x_wconf 72' lang='lat'><strong><em>528</em></strong></span> <span class='ocrx_word' id='word_1_365' title='bbox 2969 2187 3056 2232; x_wconf 89' lang='lat' dir='ltr'><strong><em>est</em></strong></span> <span class='ocrx_word' id='word_1_366' title='bbox 3084 2194 3207 2239; x_wconf 58' lang='lat' dir='ltr'><strong><em>mra:</em></strong></span> <span class='ocrx_word' id='word_1_367' title='bbox 3238 2180 3594 2234; x_wconf 89' lang='lat' dir='ltr'><strong><em>communis:</em></strong></span> 
     </span>
    </p>
   </div>
   <div class='ocr_carea' id='block_1_47' title="bbox 2027 2261 3602 2340">
    <p class='ocr_par' dir='ltr' id='par_1_47' title="bbox 2027 2261 3602 2340">
     <span class='ocr_line' id='line_1_47' title="bbox 2027 2261 3602 2340; baseline 0.006 -25"><span class='ocrx_word' id='word_1_368' title='bbox 2027 2261 2229 2317; x_wconf 87' lang='lat' dir='ltr'><strong><em>Eodem</em></strong></span> <span class='ocrx_word' id='word_1_369' title='bbox 2279 2281 2419 2318; x_wconf 90' lang='lat' dir='ltr'><strong><em>anno</em></strong></span> <span class='ocrx_word' id='word_1_370' title='bbox 2473 2268 2665 2321; x_wconf 81' lang='lat' dir='ltr'><strong><em>mensis</em></strong></span> <span class='ocrx_word' id='word_1_371' title='bbox 2709 2267 3017 2323; x_wconf 89' lang='lat' dir='ltr'><strong><em>Novembris</em></strong></span> <span class='ocrx_word' id='word_1_372' title='bbox 3042 2270 3126 2323; x_wconf 87' lang='lat' dir='ltr'><strong><em>die</em></strong></span> <span class='ocrx_word' id='word_1_373' title='bbox 3159 2288 3297 2326; x_wconf 90' lang='lat' dir='ltr'><strong><em>nona</em></strong></span> <span class='ocrx_word' id='word_1_374' title='bbox 3336 2289 3501 2340; x_wconf 90' lang='lat' dir='ltr'><strong><em>supra</em></strong></span> <span class='ocrx_word' id='word_1_375' title='bbox 3523 2273 3602 2324; x_wconf 86' lang='lat' dir='ltr'><strong><em>vi-</em></strong></span> 
     </span>
    </p>
   </div>
   <div class='ocr_carea' id='block_1_48' title="bbox 2026 2347 3602 2426">
    <p class='ocr_par' dir='ltr' id='par_1_48' title="bbox 2026 2347 3602 2426">
     <span class='ocr_line' id='line_1_48' title="bbox 2026 2347 3602 2426; baseline 0.006 -26"><span class='ocrx_word' id='word_1_376' title='bbox 2026 2347 2294 2411; x_wconf 88' lang='lat' dir='ltr'><strong><em>cesimam,</em></strong></span> <span class='ocrx_word' id='word_1_377' title='bbox 2326 2349 2456 2402; x_wconf 89' lang='lat' dir='ltr'><strong><em>hora</em></strong></span> <span class='ocrx_word' id='word_1_378' title='bbox 2509 2349 2614 2404; x_wconf 89' lang='lat' dir='ltr'><strong><em>diei</em></strong></span> <span class='ocrx_word' id='word_1_379' title='bbox 2668 2353 2848 2415; x_wconf 86' lang='lat' dir='ltr'><strong><em>tertia,</em></strong></span> <span class='ocrx_word' id='word_1_380' title='bbox 2885 2354 3018 2424; x_wconf 87' lang='lat' dir='ltr'><strong><em>feria</em></strong></span> <span class='ocrx_word' id='word_1_381' title='bbox 3054 2365 3272 2426; x_wconf 89' lang='lat' dir='ltr'><strong><em>quarta,</em></strong></span> <span class='ocrx_word' id='word_1_382' title='bbox 3317 2357 3602 2410; x_wconf 86' lang='lat' dir='ltr'><strong><em>indictione</em></strong></span> 
     </span>
    </p>
   </div>
   <div class='ocr_carea' id='block_1_49' title="bbox 2025 2437 3599 2511">
    <p class='ocr_par' dir='ltr' id='par_1_49' title="bbox 2025 2437 3599 2511">
     <span class='ocr_line' id='line_1_49' title="bbox 2025 2437 3599 2511; baseline 0.004 -21"><span class='ocrx_word' id='word_1_383' title='bbox 2025 2437 2270 2506; x_wconf 89' lang='lat' dir='ltr'><strong><em>septima,</em></strong></span> <span class='ocrx_word' id='word_1_384' title='bbox 2308 2437 2515 2492; x_wconf 87' lang='lat' dir='ltr'><strong><em>biennio</em></strong></span> <span class='ocrx_word' id='word_1_385' title='bbox 2549 2453 2662 2510; x_wconf 90' lang='lat' dir='ltr'><strong><em>post</em></strong></span> <span class='ocrx_word' id='word_1_386' title='bbox 2694 2444 3022 2511; x_wconf 87' lang='lat' dir='ltr'><strong><em>superiorem</em></strong></span> <span class='ocrx_word' id='word_1_387' title='bbox 3051 2445 3276 2510; x_wconf 88' lang='lat' dir='ltr'><strong><em>cladem,</em></strong></span> <span class='ocrx_word' id='word_1_388' title='bbox 3301 2444 3599 2509; x_wconf 83' lang='lat' dir='ltr'><strong><em>Antiochia,</em></strong></span> 
     </span>
    </p>
   </div>
   <div class='ocr_carea' id='block_1_50' title="bbox 2027 2525 3605 2602">
    <p class='ocr_par' dir='ltr' id='par_1_50' title="bbox 2027 2525 3605 2602">
     <span class='ocr_line' id='line_1_50' title="bbox 2027 2525 3605 2602; baseline 0.005 -23"><span class='ocrx_word' id='word_1_389' title='bbox 2027 2525 2211 2580; x_wconf 89' lang='lat' dir='ltr'><strong><em>civitas</em></strong></span> <span class='ocrx_word' id='word_1_390' title='bbox 2245 2544 2460 2598; x_wconf 85' lang='lat' dir='ltr'><strong><em>magna,</em></strong></span> <span class='ocrx_word' id='word_1_391' title='bbox 2488 2530 2658 2602; x_wconf 67' lang='lat' dir='ltr'><strong><em>plagae</em></strong></span> <span class='ocrx_word' id='word_1_392' title='bbox 2687 2532 2886 2587; x_wconf 73' lang='lat' dir='ltr'><strong><em>ctelitus</em></strong></span> <span class='ocrx_word' id='word_1_393' title='bbox 2917 2533 3088 2589; x_wconf 78' lang='lat' dir='ltr'><strong><em>illata:</em></strong></span> <span class='ocrx_word' id='word_1_394' title='bbox 3117 2536 3371 2590; x_wconf 91' lang='lat' dir='ltr'><strong><em>damnum</em></strong></span> <span class='ocrx_word' id='word_1_395' title='bbox 3411 2537 3605 2589; x_wconf 80' lang='lat' dir='ltr'><strong><em>iterant</em></strong></span> 
     </span>
    </p>
   </div>
   <div class='ocr_carea' id='block_1_51' title="bbox 2027 2618 3606 2695">
    <p class='ocr_par' dir='ltr' id='par_1_51' title="bbox 2027 2618 3606 2695">
     <span class='ocr_line' id='line_1_51' title="bbox 2027 2618 3606 2695; baseline 0.006 -27"><span class='ocrx_word' id='word_1_396' title='bbox 2027 2633 2184 2686; x_wconf 88' lang='lat' dir='ltr'><strong><em>passa</em></strong></span> <span class='ocrx_word' id='word_1_397' title='bbox 2249 2628 2344 2671; x_wconf 88' lang='lat' dir='ltr'><strong><em>est.</em></strong></span> <span class='ocrx_word' id='word_1_398' title='bbox 2379 2618 2569 2690; x_wconf 82' lang='lat' dir='ltr'><strong><em>Ingens</em></strong></span> <span class='ocrx_word' id='word_1_399' title='bbox 2617 2623 2810 2692; x_wconf 86' lang='lat' dir='ltr'><strong><em>quippe</em></strong></span> <span class='ocrx_word' id='word_1_400' title='bbox 2861 2633 3016 2678; x_wconf 78' lang='lat' dir='ltr'><strong><em>terrae</em></strong></span> <span class='ocrx_word' id='word_1_401' title='bbox 3075 2634 3246 2678; x_wconf 88' lang='lat' dir='ltr'><strong><em>motus</em></strong></span> <span class='ocrx_word' id='word_1_402' title='bbox 3293 2642 3385 2695; x_wconf 89' lang='lat' dir='ltr'><strong><em>per</em></strong></span> <span class='ocrx_word' id='word_1_403' title='bbox 3417 2627 3606 2679; x_wconf 83' lang='lat' dir='ltr'><strong><em>horam</em></strong></span> 
     </span>
    </p>
   </div>
   <div class='ocr_carea' id='block_1_52' title="bbox 2028 2709 3604 2785">
    <p class='ocr_par' dir='ltr' id='par_1_52' title="bbox 2028 2709 3604 2785">
     <span class='ocr_line' id='line_1_52' title="bbox 2028 2709 3604 2785; baseline 0.004 -25"><span class='ocrx_word' id='word_1_404' title='bbox 2028 2725 2190 2762; x_wconf 90' lang='lat' dir='ltr'><strong><em>unam</em></strong></span> <span class='ocrx_word' id='word_1_405' title='bbox 2217 2709 2410 2779; x_wconf 87' lang='lat' dir='ltr'><strong><em>factus,</em></strong></span> <span class='ocrx_word' id='word_1_406' title='bbox 2429 2721 2587 2782; x_wconf 87' lang='lat' dir='ltr'><strong><em>atque</em></strong></span> <span class='ocrx_word' id='word_1_407' title='bbox 2604 2713 2896 2768; x_wconf 87' lang='lat' dir='ltr'><strong><em>horrendus</em></strong></span> <span class='ocrx_word' id='word_1_408' title='bbox 2924 2716 3136 2768; x_wconf 90' lang='lat' dir='ltr'><strong><em>omnino</em></strong></span> <span class='ocrx_word' id='word_1_409' title='bbox 3158 2717 3385 2785; x_wconf 82' lang='lat' dir='ltr'><strong><em>mugitus</em></strong></span> <span class='ocrx_word' id='word_1_410' title='bbox 3417 2733 3444 2770; x_wconf 95' lang='lat' dir='ltr'><strong><em>e</em></strong></span> <span class='ocrx_word' id='word_1_411' title='bbox 3476 2718 3604 2770; x_wconf 77' lang='lat' dir='ltr'><strong><em>cmlo</em></strong></span> 
     </span>
    </p>
   </div>
   <div class='ocr_carea' id='block_1_53' title="bbox 2026 2799 3608 2881">
    <p class='ocr_par' dir='ltr' id='par_1_53' title="bbox 2026 2799 3608 2881">
     <span class='ocr_line' id='line_1_53' title="bbox 2026 2799 3608 2881; baseline 0.015 -30"><span class='ocrx_word' id='word_1_412' title='bbox 2026 2799 2240 2853; x_wconf 87' lang='lat' dir='ltr'><strong><em>auditus</em></strong></span> <span class='ocrx_word' id='word_1_413' title='bbox 2294 2810 2416 2856; x_wconf 89' lang='lat' dir='ltr'><strong><em>est:</em></strong></span> <span class='ocrx_word' id='word_1_414' title='bbox 2451 2805 2630 2856; x_wconf 86' lang='lat' dir='ltr'><strong><em>omnia</em></strong></span> <span class='ocrx_word' id='word_1_415' title='bbox 2669 2821 2877 2879; x_wconf 77' lang='lat' dir='ltr'><strong><em>quoque</em></strong></span> <span class='ocrx_word' id='word_1_416' title='bbox 2918 2805 3143 2881; x_wconf 68' lang='lat' dir='ltr'><strong><em>(E&#39;ilficia</em></strong></span> <span class='ocrx_word' id='word_1_417' title='bbox 3193 2817 3239 2869; x_wconf 82' lang='lat' dir='ltr'><strong><em>et</em></strong></span> <span class='ocrx_word' id='word_1_418' title='bbox 3298 2809 3437 2870; x_wconf 73' lang='lat' dir='ltr'><strong><em>nutri</em></strong></span> <span class='ocrx_word' id='word_1_419' title='bbox 3495 2807 3608 2872; x_wconf 67' lang='lat' dir='ltr'><strong><em>Stilo</em></strong></span> 
     </span>
    </p>
   </div>
   <div class='ocr_carea' id='block_1_54' title="bbox 2027 2901 3605 2978">
    <p class='ocr_par' dir='ltr' id='par_1_54' title="bbox 2027 2901 3605 2978">
     <span class='ocr_line' id='line_1_54' title="bbox 2027 2901 3605 2978; baseline 0.011 -30"><span class='ocrx_word' id='word_1_420' title='bbox 2027 2901 2239 2964; x_wconf 61' lang='lat' dir='ltr'><strong><em>aequata</em></strong></span> <span class='ocrx_word' id='word_1_421' title='bbox 2288 2904 2410 2948; x_wconf 88' lang='lat' dir='ltr'><strong><em>sunt</em></strong></span> <span class='ocrx_word' id='word_1_422' title='bbox 2441 2914 2459 2962; x_wconf 90' lang='lat'><strong><em>;</em></strong></span> <span class='ocrx_word' id='word_1_423' title='bbox 2499 2914 2719 2971; x_wconf 66' lang='lat' dir='ltr'><strong><em>quisque</em></strong></span> <span class='ocrx_word' id='word_1_424' title='bbox 2748 2906 3090 2960; x_wconf 86' lang='lat' dir='ltr'><strong><em>substiterant</em></strong></span> <span class='ocrx_word' id='word_1_425' title='bbox 3120 2909 3176 2961; x_wconf 92' lang='lat' dir='ltr'><strong><em>in</em></strong></span> <span class='ocrx_word' id='word_1_426' title='bbox 3229 2911 3398 2978; x_wconf 86' lang='lat' dir='ltr'><strong><em>priori</em></strong></span> <span class='ocrx_word' id='word_1_427' title='bbox 3445 2919 3605 2965; x_wconf 71' lang='lat' dir='ltr'><strong><em>terra:</em></strong></span> 
     </span>
    </p>
   </div>
   <div class='ocr_carea' id='block_1_55' title="bbox 2027 2989 3605 3070">
    <p class='ocr_par' dir='ltr' id='par_1_55' title="bbox 2027 2989 3605 3070">
     <span class='ocr_line' id='line_1_55' title="bbox 2027 2989 3605 3070; baseline 0.013 -34"><span class='ocrx_word' id='word_1_428' title='bbox 2027 2992 2170 3038; x_wconf 88' lang='lat' dir='ltr'><strong><em>motu</em></strong></span> <span class='ocrx_word' id='word_1_429' title='bbox 2208 2995 2403 3042; x_wconf 89' lang='lat' dir='ltr'><strong><em>veteres</em></strong></span> <span class='ocrx_word' id='word_1_430' title='bbox 2432 2989 2864 3060; x_wconf 79' lang='lat' dir='ltr'><strong><em>substructiones,</em></strong></span> <span class='ocrx_word' id='word_1_431' title='bbox 2899 3013 2972 3052; x_wconf 67' lang='lat' dir='ltr'><strong><em>ea:</em></strong></span> <span class='ocrx_word' id='word_1_432' title='bbox 3013 3015 3152 3053; x_wconf 90' lang='lat' dir='ltr'><strong><em>nunc</em></strong></span> <span class='ocrx_word' id='word_1_433' title='bbox 3181 3001 3420 3070; x_wconf 88' lang='lat' dir='ltr'><strong><em>funditus</em></strong></span> <span class='ocrx_word' id='word_1_434' title='bbox 3457 3019 3605 3056; x_wconf 87' lang='lat' dir='ltr'><strong><em>ever-</em></strong></span> 
     </span>
    </p>
   </div>
   <div class='ocr_carea' id='block_1_56' title="bbox 2025 3079 3606 3159">
    <p class='ocr_par' dir='ltr' id='par_1_56' title="bbox 2025 3079 3606 3159">
     <span class='ocr_line' id='line_1_56' title="bbox 2025 3079 3606 3159; baseline 0.01 -27"><span class='ocrx_word' id='word_1_435' title='bbox 2025 3094 2098 3132; x_wconf 74' lang='lat' dir='ltr'><strong><em>sa:</em></strong></span> <span class='ocrx_word' id='word_1_436' title='bbox 2119 3093 2138 3131; x_wconf 91' lang='lat'><strong><em>:</em></strong></span> <span class='ocrx_word' id='word_1_437' title='bbox 2177 3079 2399 3153; x_wconf 87' lang='lat' dir='ltr'><strong><em>denique</em></strong></span> <span class='ocrx_word' id='word_1_438' title='bbox 2417 3085 2670 3154; x_wconf 86' lang='lat' dir='ltr'><strong><em>quidquid</em></strong></span> <span class='ocrx_word' id='word_1_439' title='bbox 2703 3094 2812 3140; x_wconf 93' lang='lat' dir='ltr'><strong><em>tam</em></strong></span> <span class='ocrx_word' id='word_1_440' title='bbox 2834 3089 3213 3158; x_wconf 87' lang='lat' dir='ltr'><strong><em>imperatorum</em></strong></span> <span class='ocrx_word' id='word_1_441' title='bbox 3253 3092 3570 3148; x_wconf 89' lang='lat' dir='ltr'><strong><em>liberalitate</em></strong></span> <span class='ocrx_word' id='word_1_442' title='bbox 3591 3134 3606 3159; x_wconf 91' lang='lat'><strong><em>,</em></strong></span> 
     </span>
    </p>
   </div>
   <div class='ocr_carea' id='block_1_57' title="bbox 2029 3174 3605 3248">
    <p class='ocr_par' dir='ltr' id='par_1_57' title="bbox 2029 3174 3605 3248">
     <span class='ocr_line' id='line_1_57' title="bbox 2029 3174 3605 3248; baseline 0.01 -25"><span class='ocrx_word' id='word_1_443' title='bbox 2029 3185 2192 3240; x_wconf 88' lang='lat' dir='ltr'><strong><em>quam</em></strong></span> <span class='ocrx_word' id='word_1_444' title='bbox 2249 3174 2470 3242; x_wconf 80' lang='lat' dir='ltr'><strong><em>privatis</em></strong></span> <span class='ocrx_word' id='word_1_445' title='bbox 2519 3177 2710 3230; x_wconf 89' lang='lat' dir='ltr'><strong><em>civium</em></strong></span> <span class='ocrx_word' id='word_1_446' title='bbox 2775 3180 3067 3248; x_wconf 85' lang='lat' dir='ltr'><strong><em>sumptibus</em></strong></span> <span class='ocrx_word' id='word_1_447' title='bbox 3113 3182 3231 3235; x_wconf 88' lang='lat' dir='ltr'><strong><em>urbi</em></strong></span> <span class='ocrx_word' id='word_1_448' title='bbox 3269 3184 3605 3238; x_wconf 87' lang='lat' dir='ltr'><strong><em>conciliatum</em></strong></span> 
     </span>
    </p>
   </div>
   <div class='ocr_carea' id='block_1_58' title="bbox 424 3231 3599 3348">
    <p class='ocr_par' dir='ltr' id='par_1_58' title="bbox 424 3231 3599 3348">
     <span class='ocr_line' id='line_1_58' title="bbox 424 3231 3599 3348; baseline 0.008 -44"><span class='ocrx_word' id='word_1_449' title='bbox 800 3276 1130 3346; x_wconf 66' lang='lat' dir='ltr'><strong><em>priusquam</em></strong></span> <span class='ocrx_word' id='word_1_450' title='bbox 1191 3278 1259 3332; x_wconf 69' lang='lat' dir='ltr'><strong>ad</strong></span> <span class='ocrx_word' id='word_1_451' title='bbox 1312 3278 1551 3334; x_wconf 51' lang='lat' dir='ltr'><strong><em>alterum</em></strong></span> <span class='ocrx_word' id='word_1_452' title='bbox 1603 3279 1922 3348; x_wconf 61' lang='lat' dir='ltr'><strong><em>progredia-</em></strong></span> <span class='ocrx_word' id='word_1_453' title='bbox 1953 3231 1994 3288; x_wconf 69' lang='grc' dir='ltr'>Ο</span> <span class='ocrx_word' id='word_1_454' title='bbox 2031 3261 2205 3331; x_wconf 84' lang='lat' dir='ltr'><strong><em>fuerat</em></strong></span> <span class='ocrx_word' id='word_1_455' title='bbox 2238 3263 2442 3319; x_wconf 85' lang='lat' dir='ltr'><strong><em>decoris</em></strong></span> <span class='ocrx_word' id='word_1_456' title='bbox 2475 3275 2632 3336; x_wconf 90' lang='lat' dir='ltr'><strong><em>atque</em></strong></span> <span class='ocrx_word' id='word_1_457' title='bbox 2668 3277 2910 3334; x_wconf 89' lang='lat' dir='ltr'><strong><em>ornatus,</em></strong></span> <span class='ocrx_word' id='word_1_458' title='bbox 2942 3271 2994 3324; x_wconf 89' lang='lat' dir='ltr'><strong><em>id</em></strong></span> <span class='ocrx_word' id='word_1_459' title='bbox 3023 3279 3132 3324; x_wconf 89' lang='lat' dir='ltr'><strong><em>tum</em></strong></span> <span class='ocrx_word' id='word_1_460' title='bbox 3159 3289 3312 3326; x_wconf 87' lang='lat' dir='ltr'><strong><em>omne</em></strong></span> <span class='ocrx_word' id='word_1_461' title='bbox 3341 3274 3599 3344; x_wconf 73' lang='lat' dir='ltr'><strong><em>deiectum</em></strong></span> 
     </span>
    </p>
   </div>
   <div class='ocr_carea' id='block_1_59' title="bbox 347 3365 1930 3442">
    <p class='ocr_par' dir='ltr' id='par_1_59' title="bbox 347 3365 1930 3442">
     <span class='ocr_line' id='line_1_59' title="bbox 347 3365 1930 3442; baseline 0.006 -26"><span class='ocrx_word' id='word_1_462' title='bbox 347 3379 499 3427; x_wconf 88' lang='lat' dir='ltr'><strong><em>mur,</em></strong></span> <span class='ocrx_word' id='word_1_463' title='bbox 525 3365 1085 3425; x_wconf 88' lang='lat' dir='ltr'><strong><em>monitumlectorem</em></strong></span> <span class='ocrx_word' id='word_1_464' title='bbox 1133 3372 1324 3438; x_wconf 84' lang='lat' dir='ltr'><strong><em>velim,</em></strong></span> <span class='ocrx_word' id='word_1_465' title='bbox 1356 3386 1457 3427; x_wconf 89' lang='lat' dir='ltr'><strong><em>nos</em></strong></span> <span class='ocrx_word' id='word_1_466' title='bbox 1503 3371 1660 3426; x_wconf 90' lang='lat' dir='ltr'><strong><em>illum</em></strong></span> <span class='ocrx_word' id='word_1_467' title='bbox 1710 3372 1930 3442; x_wconf 76' lang='lat' dir='ltr'><strong><em>Evagrii</em></strong></span> 
     </span>
    </p>
   </div>
   <div class='ocr_carea' id='block_1_60' title="bbox 341 3445 1928 3534">
    <p class='ocr_par' dir='ltr' id='par_1_60' title="bbox 341 3445 1928 3534">
     <span class='ocr_line' id='line_1_60' title="bbox 341 3445 1928 3534; baseline 0.004 -24"><span class='ocrx_word' id='word_1_468' title='bbox 341 3445 553 3520; x_wconf 83' lang='lat' dir='ltr'><strong><em>locum,</em></strong></span> <span class='ocrx_word' id='word_1_469' title='bbox 579 3475 720 3512; x_wconf 88' lang='lat' dir='ltr'><strong><em>anno</em></strong></span> <span class='ocrx_word' id='word_1_470' title='bbox 745 3463 972 3530; x_wconf 90' lang='lat' dir='ltr'><strong><em>septimo</em></strong></span> <span class='ocrx_word' id='word_1_471' title='bbox 997 3502 1012 3526; x_wconf 91' lang='lat'><strong><em>,</em></strong></span> <span class='ocrx_word' id='word_1_472' title='bbox 1047 3479 1233 3518; x_wconf 89' lang='lat' dir='ltr'><strong><em>mense</em></strong></span> <span class='ocrx_word' id='word_1_473' title='bbox 1262 3463 1462 3518; x_wconf 90' lang='lat' dir='ltr'><strong><em>decimo</em></strong></span> <span class='ocrx_word' id='word_1_474' title='bbox 1499 3465 1707 3534; x_wconf 89' lang='lat' dir='ltr'><strong><em>imperii</em></strong></span> <span class='ocrx_word' id='word_1_475' title='bbox 1732 3464 1928 3518; x_wconf 83' lang='lat' dir='ltr'><strong><em>Justini</em></strong></span> 
     </span>
    </p>
   </div>
   <div class='ocr_carea' id='block_1_61' title="bbox 345 3550 1929 3627">
    <p class='ocr_par' dir='ltr' id='par_1_61' title="bbox 345 3550 1929 3627">
     <span class='ocr_line' id='line_1_61' title="bbox 345 3550 1929 3627; baseline 0.006 -25"><span class='ocrx_word' id='word_1_476' title='bbox 345 3550 474 3618; x_wconf 77' lang='lat' dir='ltr'><strong><em>{qui</em></strong></span> <span class='ocrx_word' id='word_1_477' title='bbox 501 3564 688 3606; x_wconf 87' lang='lat' dir='ltr'><strong><em>errare</em></strong></span> <span class='ocrx_word' id='word_1_478' title='bbox 707 3551 840 3608; x_wconf 80' lang='lat' dir='ltr'><strong><em>fecit</em></strong></span> <span class='ocrx_word' id='word_1_479' title='bbox 865 3553 1193 3620; x_wconf 87' lang='lat' dir='ltr'><strong><em>Baronium,</em></strong></span> <span class='ocrx_word' id='word_1_480' title='bbox 1223 3556 1546 3625; x_wconf 89' lang='lat' dir='ltr'><strong><em>errorisque</em></strong></span> <span class='ocrx_word' id='word_1_481' title='bbox 1607 3557 1856 3627; x_wconf 82' lang='lat' dir='ltr'><strong><em>arguitur</em></strong></span> <span class='ocrx_word' id='word_1_482' title='bbox 1898 3572 1929 3612; x_wconf 89' lang='lat' dir='ltr'><strong><em>a</em></strong></span> 
     </span>
    </p>
   </div>
   <div class='ocr_carea' id='block_1_62' title="bbox 343 3641 1929 3719">
    <p class='ocr_par' dir='ltr' id='par_1_62' title="bbox 343 3641 1929 3719">
     <span class='ocr_line' id='line_1_62' title="bbox 343 3641 1929 3719; baseline 0.005 -24"><span class='ocrx_word' id='word_1_483' title='bbox 343 3641 572 3696; x_wconf 75' lang='lat' dir='ltr'><strong><em>Valesio</em></strong></span> <span class='ocrx_word' id='word_1_484' title='bbox 602 3642 657 3697; x_wconf 92' lang='lat' dir='ltr'><strong><em>in</em></strong></span> <span class='ocrx_word' id='word_1_485' title='bbox 689 3643 1162 3701; x_wconf 83' lang='lat' dir='ltr'><strong><em>Adnotationibus</em></strong></span> <span class='ocrx_word' id='word_1_486' title='bbox 1191 3646 1331 3716; x_wconf 88' lang='lat' dir='ltr'><strong><em>hic),</em></strong></span> <span class='ocrx_word' id='word_1_487' title='bbox 1382 3646 1670 3719; x_wconf 82' lang='lat' dir='ltr'><strong><em>interjecta</em></strong></span> <span class='ocrx_word' id='word_1_488' title='bbox 1694 3649 1929 3718; x_wconf 86' lang='lat' dir='ltr'><strong><em>conjun-</em></strong></span> 
     </span>
    </p>
   </div>
   <div class='ocr_carea' id='block_1_63' title="bbox 345 3733 1928 3810">
    <p class='ocr_par' dir='ltr' id='par_1_63' title="bbox 345 3733 1928 3810">
     <span class='ocr_line' id='line_1_63' title="bbox 345 3733 1928 3810; baseline 0.006 -24"><span class='ocrx_word' id='word_1_489' title='bbox 345 3733 538 3788; x_wconf 87' lang='lat' dir='ltr'><strong><em>ctione</em></strong></span> <span class='ocrx_word' id='word_1_490' title='bbox 565 3741 636 3796; x_wconf 89' lang='lat' dir='ltr'><strong><em>et,</em></strong></span> <span class='ocrx_word' id='word_1_491' title='bbox 662 3735 744 3789; x_wconf 89' lang='lat' dir='ltr'><strong><em>sic</em></strong></span> <span class='ocrx_word' id='word_1_492' title='bbox 764 3736 1067 3807; x_wconf 82' lang='lat' dir='ltr'><strong><em>corrigere,</em></strong></span> <span class='ocrx_word' id='word_1_493' title='bbox 1104 3755 1246 3792; x_wconf 86' lang='lat' dir='ltr'><strong><em>anno</em></strong></span> <span class='ocrx_word' id='word_1_494' title='bbox 1267 3740 1488 3810; x_wconf 88' lang='lat' dir='ltr'><strong><em>septimo</em></strong></span> <span class='ocrx_word' id='word_1_495' title='bbox 1520 3747 1568 3792; x_wconf 91' lang='lat' dir='ltr'><strong><em>et</em></strong></span> <span class='ocrx_word' id='word_1_496' title='bbox 1615 3756 1788 3794; x_wconf 88' lang='lat' dir='ltr'><strong><em>mense</em></strong></span> <span class='ocrx_word' id='word_1_497' title='bbox 1835 3741 1928 3794; x_wconf 91' lang='lat' dir='ltr'><strong><em>de-</em></strong></span> 
     </span>
    </p>
   </div>
   <div class='ocr_carea' id='block_1_64' title="bbox 350 3825 1926 3901">
    <p class='ocr_par' dir='ltr' id='par_1_64' title="bbox 350 3825 1926 3901">
     <span class='ocr_line' id='line_1_64' title="bbox 350 3825 1926 3901; baseline 0.005 -23"><span class='ocrx_word' id='word_1_498' title='bbox 350 3825 492 3879; x_wconf 88' lang='lat' dir='ltr'><strong><em>cimo</em></strong></span> <span class='ocrx_word' id='word_1_499' title='bbox 517 3827 726 3896; x_wconf 86' lang='lat' dir='ltr'><strong><em>imperii</em></strong></span> <span class='ocrx_word' id='word_1_500' title='bbox 747 3827 964 3895; x_wconf 85' lang='lat' dir='ltr'><strong><em>Justini,</em></strong></span> <span class='ocrx_word' id='word_1_501' title='bbox 985 3838 1045 3885; x_wconf 91' lang='lat' dir='ltr'><strong><em>ut</em></strong></span> <span class='ocrx_word' id='word_1_502' title='bbox 1073 3846 1272 3901; x_wconf 89' lang='lat' dir='ltr'><strong><em>nempe</em></strong></span> <span class='ocrx_word' id='word_1_503' title='bbox 1308 3841 1581 3887; x_wconf 88' lang='lat' dir='ltr'><strong><em>statuatur</em></strong></span> <span class='ocrx_word' id='word_1_504' title='bbox 1599 3833 1692 3888; x_wconf 91' lang='lat' dir='ltr'><strong><em>hic</em></strong></span> <span class='ocrx_word' id='word_1_505' title='bbox 1724 3841 1926 3897; x_wconf 82' lang='lat' dir='ltr'><strong><em>motus,</em></strong></span> 
     </span>
    </p>
   </div>
   <div class='ocr_carea' id='block_1_65' title="bbox 358 3919 1928 3996">
    <p class='ocr_par' dir='ltr' id='par_1_65' title="bbox 358 3919 1928 3996">
     <span class='ocr_line' id='line_1_65' title="bbox 358 3919 1928 3996; baseline 0.006 -24"><span class='ocrx_word' id='word_1_506' title='bbox 358 3919 442 3974; x_wconf 90' lang='lat' dir='ltr'><strong><em>uti</em></strong></span> <span class='ocrx_word' id='word_1_507' title='bbox 467 3919 652 3986; x_wconf 88' lang='lat' dir='ltr'><strong><em>debet,</em></strong></span> <span class='ocrx_word' id='word_1_508' title='bbox 677 3923 946 3978; x_wconf 86' lang='lat' dir='ltr'><strong><em>accidisse</em></strong></span> <span class='ocrx_word' id='word_1_509' title='bbox 978 3935 1174 3980; x_wconf 87' lang='lat' dir='ltr'><strong><em>octavo</em></strong></span> <span class='ocrx_word' id='word_1_510' title='bbox 1203 3927 1422 3996; x_wconf 89' lang='lat' dir='ltr'><strong><em>imperii</em></strong></span> <span class='ocrx_word' id='word_1_511' title='bbox 1478 3943 1624 3982; x_wconf 91' lang='lat' dir='ltr'><strong><em>anno</em></strong></span> <span class='ocrx_word' id='word_1_512' title='bbox 1665 3928 1733 3983; x_wconf 91' lang='lat' dir='ltr'><strong><em>ad</em></strong></span> <span class='ocrx_word' id='word_1_513' title='bbox 1764 3927 1928 3982; x_wconf 84' lang='lat' dir='ltr'><strong><em>linem</em></strong></span> 
     </span>
    </p>
   </div>
   <div class='ocr_carea' id='block_1_66' title="bbox 351 4012 1926 4086">
    <p class='ocr_par' dir='ltr' id='par_1_66' title="bbox 351 4012 1926 4086">
     <span class='ocr_line' id='line_1_66' title="bbox 351 4012 1926 4086; baseline 0.008 -24"><span class='ocrx_word' id='word_1_514' title='bbox 351 4019 644 4081; x_wconf 73' lang='lat' dir='ltr'><strong><em>vergente,</em></strong></span> <span class='ocrx_word' id='word_1_515' title='bbox 680 4012 776 4082; x_wconf 83' lang='lat' dir='ltr'><strong><em>qui</em></strong></span> <span class='ocrx_word' id='word_1_516' title='bbox 839 4013 1008 4069; x_wconf 86' lang='lat' dir='ltr'><strong><em>refert</em></strong></span> <span class='ocrx_word' id='word_1_517' title='bbox 1066 4030 1276 4070; x_wconf 89' lang='lat' dir='ltr'><strong><em>annum</em></strong></span> <span class='ocrx_word' id='word_1_518' title='bbox 1325 4017 1570 4086; x_wconf 88' lang='lat' dir='ltr'><strong><em>vulgaris</em></strong></span> <span class='ocrx_word' id='word_1_519' title='bbox 1632 4033 1758 4073; x_wconf 66' lang='lat' dir='ltr'><strong><em>uerte</em></strong></span> <span class='ocrx_word' id='word_1_520' title='bbox 1797 4019 1926 4085; x_wconf 75' lang='lat'><strong><em>526,</em></strong></span> 
     </span>
    </p>
   </div>
   <div class='ocr_carea' id='block_1_67' title="bbox 347 4103 1929 4169">
    <p class='ocr_par' dir='ltr' id='par_1_67' title="bbox 347 4103 1929 4169">
     <span class='ocr_line' id='line_1_67' title="bbox 347 4103 1929 4169; baseline 0.006 -14"><span class='ocrx_word' id='word_1_521' title='bbox 347 4103 576 4169; x_wconf 88' lang='lat' dir='ltr'><strong><em>quando</em></strong></span> <span class='ocrx_word' id='word_1_522' title='bbox 643 4103 830 4160; x_wconf 82' lang='lat' dir='ltr'><strong><em>littera</em></strong></span> <span class='ocrx_word' id='word_1_523' title='bbox 883 4106 1242 4162; x_wconf 88' lang='lat' dir='ltr'><strong><em>Dominicalis</em></strong></span> <span class='ocrx_word' id='word_1_524' title='bbox 1287 4106 1336 4161; x_wconf 82' lang='grc' dir='ltr'><em>ο</em></span> <span class='ocrx_word' id='word_1_525' title='bbox 1382 4107 1624 4163; x_wconf 86' lang='lat' dir='ltr'><strong><em>faciebat</em></strong></span> <span class='ocrx_word' id='word_1_526' title='bbox 1672 4108 1817 4164; x_wconf 90' lang='lat' dir='ltr'><strong><em>diem</em></strong></span> <span class='ocrx_word' id='word_1_527' title='bbox 1859 4111 1929 4166; x_wconf 74' lang='lat'><strong><em>29</em></strong></span> 
     </span>
    </p>
   </div>
   <div class='ocr_carea' id='block_1_68' title="bbox 351 4189 1929 4258">
    <p class='ocr_par' dir='ltr' id='par_1_68' title="bbox 351 4189 1929 4258">
     <span class='ocr_line' id='line_1_68' title="bbox 351 4189 1929 4258; baseline 0.007 -11"><span class='ocrx_word' id='word_1_528' title='bbox 351 4193 484 4248; x_wconf 77' lang='lat' dir='ltr'><strong><em>Maii</em></strong></span> <span class='ocrx_word' id='word_1_529' title='bbox 548 4209 675 4249; x_wconf 90' lang='lat' dir='ltr'><strong><em>eum</em></strong></span> <span class='ocrx_word' id='word_1_530' title='bbox 740 4189 903 4252; x_wconf 77' lang='lat' dir='ltr'><strong><em>Feria</em></strong></span> <span class='ocrx_word' id='word_1_531' title='bbox 959 4198 992 4252; x_wconf 87' lang='grc'>6</span> <span class='ocrx_word' id='word_1_532' title='bbox 1052 4198 1418 4256; x_wconf 88' lang='lat' dir='ltr'><strong><em>hebdomadis</em></strong></span> <span class='ocrx_word' id='word_1_533' title='bbox 1469 4201 1790 4258; x_wconf 90' lang='lat' dir='ltr'><strong><em>convenire.</em></strong></span> <span class='ocrx_word' id='word_1_534' title='bbox 1850 4203 1929 4258; x_wconf 85' lang='lat' dir='ltr'><strong><em>Ita</em></strong></span> 
     </span>
    </p>
   </div>
   <div class='ocr_carea' id='block_1_69' title="bbox 352 4285 1930 4361">
    <p class='ocr_par' dir='ltr' id='par_1_69' title="bbox 352 4285 1930 4361">
     <span class='ocr_line' id='line_1_69' title="bbox 352 4285 1930 4361; baseline 0.006 -23"><span class='ocrx_word' id='word_1_535' title='bbox 352 4300 495 4339; x_wconf 86' lang='lat' dir='ltr'><strong><em>vero</em></strong></span> <span class='ocrx_word' id='word_1_536' title='bbox 544 4285 710 4341; x_wconf 89' lang='lat' dir='ltr'><strong><em>etiam</em></strong></span> <span class='ocrx_word' id='word_1_537' title='bbox 739 4287 808 4341; x_wconf 84' lang='lat' dir='ltr'><strong><em>ab</em></strong></span> <span class='ocrx_word' id='word_1_538' title='bbox 843 4288 1076 4360; x_wconf 79' lang='lat' dir='ltr'><strong><em>Evagrio</em></strong></span> <span class='ocrx_word' id='word_1_539' title='bbox 1105 4292 1372 4361; x_wconf 87' lang='lat' dir='ltr'><strong><em>scriptum</em></strong></span> <span class='ocrx_word' id='word_1_540' title='bbox 1402 4291 1573 4348; x_wconf 82' lang='lat' dir='ltr'><strong><em>fuisse</em></strong></span> <span class='ocrx_word' id='word_1_541' title='bbox 1598 4292 1794 4349; x_wconf 82' lang='lat' dir='ltr'><strong><em>suadet</em></strong></span> <span class='ocrx_word' id='word_1_542' title='bbox 1835 4309 1930 4348; x_wconf 80' lang='lat' dir='ltr'><strong><em>ex-</em></strong></span> 
     </span>
    </p>
   </div>
   <div class='ocr_carea' id='block_1_70' title="bbox 349 4375 1932 4454">
    <p class='ocr_par' dir='ltr' id='par_1_70' title="bbox 349 4375 1932 4454">
     <span class='ocr_line' id='line_1_70' title="bbox 349 4375 1932 4454; baseline 0.007 -25"><span class='ocrx_word' id='word_1_543' title='bbox 349 4375 697 4444; x_wconf 86' lang='lat' dir='ltr'><strong><em>pressissima</em></strong></span> <span class='ocrx_word' id='word_1_544' title='bbox 730 4379 1410 4450; x_wconf 87' lang='lat' dir='ltr'><strong><em>mentiotemporis,inter</em></strong></span> <span class='ocrx_word' id='word_1_545' title='bbox 1449 4390 1747 4454; x_wconf 89' lang='lat' dir='ltr'><strong><em>utrumque</em></strong></span> <span class='ocrx_word' id='word_1_546' title='bbox 1771 4391 1932 4440; x_wconf 71' lang='lat' dir='ltr'><strong><em>terrae</em></strong></span> 
     </span>
    </p>
   </div>
   <div class='ocr_carea' id='block_1_71' title="bbox 354 4467 1925 4542">
    <p class='ocr_par' dir='ltr' id='par_1_71' title="bbox 354 4467 1925 4542">
     <span class='ocr_line' id='line_1_71' title="bbox 354 4467 1925 4542; baseline 0.006 -23"><span class='ocrx_word' id='word_1_547' title='bbox 354 4474 569 4520; x_wconf 89' lang='lat' dir='ltr'><strong><em>motum</em></strong></span> <span class='ocrx_word' id='word_1_548' title='bbox 597 4467 793 4538; x_wconf 88' lang='lat' dir='ltr'><strong><em>elapsi,</em></strong></span> <span class='ocrx_word' id='word_1_549' title='bbox 825 4469 976 4538; x_wconf 90' lang='lat' dir='ltr'><strong><em>quod</em></strong></span> <span class='ocrx_word' id='word_1_550' title='bbox 1010 4471 1089 4525; x_wconf 82' lang='lat' dir='ltr'><strong><em>ait</em></strong></span> <span class='ocrx_word' id='word_1_551' title='bbox 1124 4471 1349 4542; x_wconf 77' lang='lat' dir='ltr'><strong><em>triginta</em></strong></span> <span class='ocrx_word' id='word_1_552' title='bbox 1413 4474 1692 4528; x_wconf 88' lang='lat' dir='ltr'><strong><em>mensium</em></strong></span> <span class='ocrx_word' id='word_1_553' title='bbox 1723 4473 1925 4540; x_wconf 82' lang='lat' dir='ltr'><strong><em>fuisse;</em></strong></span> 
     </span>
    </p>
   </div>
   <div class='ocr_carea' id='block_1_72' title="bbox 357 4557 2010 4632">
    <p class='ocr_par' dir='ltr' id='par_1_72' title="bbox 357 4557 2010 4632">
     <span class='ocr_line' id='line_1_72' title="bbox 357 4557 2010 4632; baseline 0.005 -22"><span class='ocrx_word' id='word_1_554' title='bbox 357 4557 508 4627; x_wconf 88' lang='lat' dir='ltr'><strong><em>quod</em></strong></span> <span class='ocrx_word' id='word_1_555' title='bbox 538 4567 754 4630; x_wconf 87' lang='lat' dir='ltr'><strong><em>tempus</em></strong></span> <span class='ocrx_word' id='word_1_556' title='bbox 790 4559 836 4616; x_wconf 91' lang='lat' dir='ltr'><strong><em>si</em></strong></span> <span class='ocrx_word' id='word_1_557' title='bbox 874 4561 1104 4632; x_wconf 87' lang='lat' dir='ltr'><strong><em>adjicias</em></strong></span> <span class='ocrx_word' id='word_1_558' title='bbox 1132 4561 1200 4616; x_wconf 88' lang='lat' dir='ltr'><strong><em>ad</em></strong></span> <span class='ocrx_word' id='word_1_559' title='bbox 1230 4562 1377 4617; x_wconf 89' lang='lat' dir='ltr'><strong><em>diem</em></strong></span> <span class='ocrx_word' id='word_1_560' title='bbox 1409 4562 1479 4618; x_wconf 72' lang='lat'><strong><em>29</em></strong></span> <span class='ocrx_word' id='word_1_561' title='bbox 1533 4564 1744 4619; x_wconf 87' lang='lat' dir='ltr'><strong><em>mensis</em></strong></span> <span class='ocrx_word' id='word_1_562' title='bbox 1775 4564 1925 4626; x_wconf 84' lang='lat' dir='ltr'><strong><em>Maii,</em></strong></span> <span class='ocrx_word' id='word_1_563' title='bbox 1966 4571 2010 4626; x_wconf 82' lang='grc' dir='ltr'><strong><em>ι)</em></strong></span> 
     </span>
    </p>
   </div>
   <div class='ocr_carea' id='block_1_73' title="bbox 355 4647 1974 4725">
    <p class='ocr_par' dir='ltr' id='par_1_73' title="bbox 355 4647 1974 4725">
     <span class='ocr_line' id='line_1_73' title="bbox 355 4647 1974 4725; baseline 0.005 -24"><span class='ocrx_word' id='word_1_564' title='bbox 355 4647 492 4704; x_wconf 89' lang='lat' dir='ltr'><strong><em>dicti</em></strong></span> <span class='ocrx_word' id='word_1_565' title='bbox 518 4664 640 4705; x_wconf 72' lang='lat' dir='ltr'><strong><em>serae</em></strong></span> <span class='ocrx_word' id='word_1_566' title='bbox 675 4651 922 4722; x_wconf 86' lang='lat' dir='ltr'><strong><em>vulgaris</em></strong></span> <span class='ocrx_word' id='word_1_567' title='bbox 942 4653 1071 4706; x_wconf 90' lang='lat' dir='ltr'><strong><em>anni</em></strong></span> <span class='ocrx_word' id='word_1_568' title='bbox 1103 4651 1228 4716; x_wconf 72' lang='lat'><strong><em>526,</em></strong></span> <span class='ocrx_word' id='word_1_569' title='bbox 1247 4661 1510 4723; x_wconf 81' lang='lat' dir='ltr'><strong><em>exsurget</em></strong></span> <span class='ocrx_word' id='word_1_570' title='bbox 1563 4669 1746 4709; x_wconf 89' lang='lat' dir='ltr'><strong><em>annus</em></strong></span> <span class='ocrx_word' id='word_1_571' title='bbox 1789 4655 1936 4725; x_wconf 84' lang='lat' dir='ltr'><strong><em>ejus-</em></strong></span> <span class='ocrx_word' id='word_1_572' title='bbox 1958 4713 1974 4723; x_wconf 67' lang='grc'><em>,</em></span> 
     </span>
    </p>
   </div>
   <div class='ocr_carea' id='block_1_74' title="bbox 357 4741 1938 4818">
    <p class='ocr_par' dir='ltr' id='par_1_74' title="bbox 357 4741 1938 4818">
     <span class='ocr_line' id='line_1_74' title="bbox 357 4741 1938 4818; baseline 0.005 -23"><span class='ocrx_word' id='word_1_573' title='bbox 357 4741 484 4796; x_wconf 82' lang='lat' dir='ltr'><strong><em>dem</em></strong></span> <span class='ocrx_word' id='word_1_574' title='bbox 501 4758 624 4799; x_wconf 65' lang='lat' dir='ltr'><strong><em>aer-ae</em></strong></span> <span class='ocrx_word' id='word_1_575' title='bbox 644 4743 771 4805; x_wconf 69' lang='lat'><strong><em>528,</em></strong></span> <span class='ocrx_word' id='word_1_576' title='bbox 801 4745 1011 4800; x_wconf 88' lang='lat' dir='ltr'><strong><em>mensis</em></strong></span> <span class='ocrx_word' id='word_1_577' title='bbox 1038 4745 1374 4811; x_wconf 85' lang='lat' dir='ltr'><strong><em>November,</em></strong></span> <span class='ocrx_word' id='word_1_578' title='bbox 1401 4744 1523 4801; x_wconf 90' lang='lat' dir='ltr'><strong><em>dies</em></strong></span> <span class='ocrx_word' id='word_1_579' title='bbox 1556 4745 1647 4813; x_wconf 75' lang='lat'><strong><em>29,</em></strong></span> <span class='ocrx_word' id='word_1_580' title='bbox 1672 4763 1784 4816; x_wconf 90' lang='lat' dir='ltr'><strong><em>quo</em></strong></span> <span class='ocrx_word' id='word_1_581' title='bbox 1805 4763 1938 4818; x_wconf 69' lang='lat' dir='ltr'><strong><em>pra:-</em></strong></span> 
     </span>
    </p>
   </div>
   <div class='ocr_carea' id='block_1_75' title="bbox 360 4832 1938 4904">
    <p class='ocr_par' dir='ltr' id='par_1_75' title="bbox 360 4832 1938 4904">
     <span class='ocr_line' id='line_1_75' title="bbox 360 4832 1938 4904; baseline 0.003 -18"><span class='ocrx_word' id='word_1_582' title='bbox 360 4832 479 4888; x_wconf 90' lang='lat' dir='ltr'><strong><em>cise</em></strong></span> <span class='ocrx_word' id='word_1_583' title='bbox 518 4835 882 4904; x_wconf 87' lang='lat' dir='ltr'><strong><em>posteriorem</em></strong></span> <span class='ocrx_word' id='word_1_584' title='bbox 928 4843 1093 4890; x_wconf 63' lang='lat' dir='ltr'><strong><em>terra;</em></strong></span> <span class='ocrx_word' id='word_1_585' title='bbox 1129 4843 1340 4891; x_wconf 85' lang='lat' dir='ltr'><strong><em>motum</em></strong></span> <span class='ocrx_word' id='word_1_586' title='bbox 1367 4835 1613 4891; x_wconf 62' lang='lat' dir='ltr'><strong><em>saeviisse</em></strong></span> <span class='ocrx_word' id='word_1_587' title='bbox 1635 4852 1702 4891; x_wconf 85' lang='lat' dir='ltr'><strong><em>ex</em></strong></span> <span class='ocrx_word' id='word_1_588' title='bbox 1755 4836 1938 4892; x_wconf 88' lang='lat' dir='ltr'><strong><em>Theo-</em></strong></span> 
     </span>
    </p>
   </div>
   <div class='ocr_carea' id='block_1_76' title="bbox 356 4925 1938 4996">
    <p class='ocr_par' dir='ltr' id='par_1_76' title="bbox 356 4925 1938 4996">
     <span class='ocr_line' id='line_1_76' title="bbox 356 4925 1938 4996; baseline 0.002 -19"><span class='ocrx_word' id='word_1_589' title='bbox 356 4925 541 4994; x_wconf 72' lang='lat' dir='ltr'><strong><em>phane</em></strong></span> <span class='ocrx_word' id='word_1_590' title='bbox 574 4925 808 4996; x_wconf 87' lang='lat' dir='ltr'><strong><em>aliisque</em></strong></span> <span class='ocrx_word' id='word_1_591' title='bbox 847 4925 1135 4981; x_wconf 80' lang='lat' dir='ltr'><strong><em>manifeste</em></strong></span> <span class='ocrx_word' id='word_1_592' title='bbox 1177 4933 1414 4981; x_wconf 87' lang='lat' dir='ltr'><strong><em>constat.</em></strong></span> <span class='ocrx_word' id='word_1_593' title='bbox 1447 4926 1635 4996; x_wconf 87' lang='lat' dir='ltr'><strong><em>Neque</em></strong></span> <span class='ocrx_word' id='word_1_594' title='bbox 1672 4925 1938 4981; x_wconf 88' lang='lat' dir='ltr'><strong><em>credibile</em></strong></span> 
     </span>
    </p>
   </div>
   <div class='ocr_carea' id='block_1_77' title="bbox 359 5017 1941 5088">
    <p class='ocr_par' dir='ltr' id='par_1_77' title="bbox 359 5017 1941 5088">
     <span class='ocr_line' id='line_1_77' title="bbox 359 5017 1941 5088; baseline -0.001 -15"><span class='ocrx_word' id='word_1_595' title='bbox 359 5025 445 5073; x_wconf 88' lang='lat' dir='ltr'><strong><em>est</em></strong></span> <span class='ocrx_word' id='word_1_596' title='bbox 466 5025 752 5073; x_wconf 88' lang='lat' dir='ltr'><strong><em>auctorem</em></strong></span> <span class='ocrx_word' id='word_1_597' title='bbox 787 5019 883 5088; x_wconf 88' lang='lat' dir='ltr'><strong><em>qui</em></strong></span> <span class='ocrx_word' id='word_1_598' title='bbox 937 5025 1046 5073; x_wconf 91' lang='lat' dir='ltr'><strong><em>tam</em></strong></span> <span class='ocrx_word' id='word_1_599' title='bbox 1094 5024 1352 5072; x_wconf 88' lang='lat' dir='ltr'><strong><em>accurate</em></strong></span> <span class='ocrx_word' id='word_1_600' title='bbox 1397 5017 1763 5072; x_wconf 85' lang='lat' dir='ltr'><strong><em>minutissima</em></strong></span> <span class='ocrx_word' id='word_1_601' title='bbox 1791 5033 1941 5087; x_wconf 71' lang='lat' dir='ltr'><strong><em>quae-</em></strong></span> 
     </span>
    </p>
   </div>
   <div class='ocr_carea' id='block_1_78' title="bbox 361 5108 1936 5179">
    <p class='ocr_par' dir='ltr' id='par_1_78' title="bbox 361 5108 1936 5179">
     <span class='ocr_line' id='line_1_78' title="bbox 361 5108 1936 5179; baseline 0 -16"><span class='ocrx_word' id='word_1_602' title='bbox 361 5124 473 5179; x_wconf 86' lang='lat' dir='ltr'><strong><em>que</em></strong></span> <span class='ocrx_word' id='word_1_603' title='bbox 509 5108 850 5173; x_wconf 82' lang='lat' dir='ltr'><strong><em>observavit,</em></strong></span> <span class='ocrx_word' id='word_1_604' title='bbox 887 5109 1144 5164; x_wconf 88' lang='lat' dir='ltr'><strong><em>utetiam</em></strong></span> <span class='ocrx_word' id='word_1_605' title='bbox 1175 5108 1368 5164; x_wconf 90' lang='lat' dir='ltr'><strong><em>horam</em></strong></span> <span class='ocrx_word' id='word_1_606' title='bbox 1398 5116 1455 5164; x_wconf 91' lang='lat' dir='ltr'><strong><em>et</em></strong></span> <span class='ocrx_word' id='word_1_607' title='bbox 1497 5115 1763 5178; x_wconf 88' lang='lat' dir='ltr'><strong><em>punctum</em></strong></span> <span class='ocrx_word' id='word_1_608' title='bbox 1800 5117 1936 5163; x_wconf 83' lang='lat' dir='ltr'><strong><em>tem-</em></strong></span> 
     </span>
    </p>
   </div>
   <div class='ocr_carea' id='block_1_79' title="bbox 358 5201 1937 5273">
    <p class='ocr_par' dir='ltr' id='par_1_79' title="bbox 358 5201 1937 5273">
     <span class='ocr_line' id='line_1_79' title="bbox 358 5201 1937 5273; baseline 0 -16"><span class='ocrx_word' id='word_1_609' title='bbox 358 5201 535 5273; x_wconf 86' lang='lat' dir='ltr'><strong><em>poris,</em></strong></span> <span class='ocrx_word' id='word_1_610' title='bbox 560 5216 674 5271; x_wconf 90' lang='lat' dir='ltr'><strong><em>quo</em></strong></span> <span class='ocrx_word' id='word_1_611' title='bbox 711 5211 896 5258; x_wconf 90' lang='lat' dir='ltr'><strong><em>motus</em></strong></span> <span class='ocrx_word' id='word_1_612' title='bbox 942 5201 1134 5273; x_wconf 71' lang='lat' dir='ltr'><strong><em>cmpit,</em></strong></span> <span class='ocrx_word' id='word_1_613' title='bbox 1181 5202 1555 5271; x_wconf 83' lang='lat' dir='ltr'><strong><em>expresserit;</em></strong></span> <span class='ocrx_word' id='word_1_614' title='bbox 1591 5201 1937 5257; x_wconf 89' lang='lat' dir='ltr'><strong><em>aberravisse</em></strong></span> 
     </span>
    </p>
   </div>
   <div class='ocr_carea' id='block_1_80' title="bbox 356 5293 1934 5364">
    <p class='ocr_par' dir='ltr' id='par_1_80' title="bbox 356 5293 1934 5364">
     <span class='ocr_line' id='line_1_80' title="bbox 356 5293 1934 5364; baseline 0 -16"><span class='ocrx_word' id='word_1_615' title='bbox 356 5309 508 5350; x_wconf 80' lang='lat' dir='ltr'><strong><em>anno</em></strong></span> <span class='ocrx_word' id='word_1_616' title='bbox 533 5294 774 5363; x_wconf 85' lang='lat' dir='ltr'><strong><em>integro,</em></strong></span> <span class='ocrx_word' id='word_1_617' title='bbox 811 5295 1116 5364; x_wconf 67' lang='lat' dir='ltr'><strong><em>praesertim</em></strong></span> <span class='ocrx_word' id='word_1_618' title='bbox 1145 5308 1270 5348; x_wconf 90' lang='lat' dir='ltr'><strong><em>cum</em></strong></span> <span class='ocrx_word' id='word_1_619' title='bbox 1326 5293 1422 5348; x_wconf 80' lang='lat' dir='ltr'><strong><em>vix</em></strong></span> <span class='ocrx_word' id='word_1_620' title='bbox 1478 5295 1720 5363; x_wconf 89' lang='lat' dir='ltr'><strong><em>potuerit</em></strong></span> <span class='ocrx_word' id='word_1_621' title='bbox 1752 5294 1934 5364; x_wconf 87' lang='lat' dir='ltr'><strong><em>ipsum</em></strong></span> 
     </span>
    </p>
   </div>
   <div class='ocr_carea' id='block_1_81' title="bbox 357 5382 1933 5452">
    <p class='ocr_par' dir='ltr' id='par_1_81' title="bbox 357 5382 1933 5452">
     <span class='ocr_line' id='line_1_81' title="bbox 357 5382 1933 5452; baseline -0.003 -14"><span class='ocrx_word' id='word_1_622' title='bbox 357 5383 592 5440; x_wconf 84' lang='lat' dir='ltr'><strong><em>secundi</em></strong></span> <span class='ocrx_word' id='word_1_623' title='bbox 649 5393 834 5439; x_wconf 86' lang='lat' dir='ltr'><strong><em>motus</em></strong></span> <span class='ocrx_word' id='word_1_624' title='bbox 887 5382 1216 5438; x_wconf 89' lang='lat' dir='ltr'><strong><em>distinctum</em></strong></span> <span class='ocrx_word' id='word_1_625' title='bbox 1276 5393 1495 5452; x_wconf 89' lang='lat' dir='ltr'><strong><em>tempus</em></strong></span> <span class='ocrx_word' id='word_1_626' title='bbox 1538 5383 1844 5452; x_wconf 83' lang='lat' dir='ltr'><strong><em>praeterire,</em></strong></span> <span class='ocrx_word' id='word_1_627' title='bbox 1902 5397 1933 5434; x_wconf 85' lang='lat' dir='ltr'><strong><em>a</em></strong></span> 
     </span>
    </p>
   </div>
   <div class='ocr_carea' id='block_1_82' title="bbox 356 5471 1932 5542">
    <p class='ocr_par' dir='ltr' id='par_1_82' title="bbox 356 5471 1932 5542">
     <span class='ocr_line' id='line_1_82' title="bbox 356 5471 1932 5542; baseline 0 -16"><span class='ocrx_word' id='word_1_628' title='bbox 356 5471 700 5542; x_wconf 82' lang='lat' dir='ltr'><strong><em>TheOphane</em></strong></span> <span class='ocrx_word' id='word_1_629' title='bbox 737 5471 895 5542; x_wconf 84' lang='lat' dir='ltr'><strong><em>longe</em></strong></span> <span class='ocrx_word' id='word_1_630' title='bbox 922 5471 1234 5540; x_wconf 88' lang='lat' dir='ltr'><strong><em>posteriore</em></strong></span> <span class='ocrx_word' id='word_1_631' title='bbox 1261 5471 1711 5526; x_wconf 89' lang='lat' dir='ltr'><strong><em>determinatum.</em></strong></span> <span class='ocrx_word' id='word_1_632' title='bbox 1757 5471 1932 5532; x_wconf 81' lang='lat' dir='ltr'><strong><em>Adde,</em></strong></span> 
     </span>
    </p>
   </div>
   <div class='ocr_carea' id='block_1_83' title="bbox 357 5563 1936 5634">
    <p class='ocr_par' dir='ltr' id='par_1_83' title="bbox 357 5563 1936 5634">
     <span class='ocr_line' id='line_1_83' title="bbox 357 5563 1936 5634; baseline -0.002 -15"><span class='ocrx_word' id='word_1_633' title='bbox 357 5565 402 5619; x_wconf 90' lang='lat' dir='ltr'><strong><em>si</em></strong></span> <span class='ocrx_word' id='word_1_634' title='bbox 475 5563 610 5634; x_wconf 89' lang='lat' dir='ltr'><strong><em>quid</em></strong></span> <span class='ocrx_word' id='word_1_635' title='bbox 661 5564 831 5620; x_wconf 89' lang='lat' dir='ltr'><strong><em>etiam</em></strong></span> <span class='ocrx_word' id='word_1_636' title='bbox 879 5564 986 5619; x_wconf 89' lang='lat' dir='ltr'><strong><em>hoc</em></strong></span> <span class='ocrx_word' id='word_1_637' title='bbox 1030 5563 1298 5619; x_wconf 88' lang='lat' dir='ltr'><strong><em>momenti</em></strong></span> <span class='ocrx_word' id='word_1_638' title='bbox 1345 5563 1534 5626; x_wconf 87' lang='lat' dir='ltr'><strong><em>habet,</em></strong></span> <span class='ocrx_word' id='word_1_639' title='bbox 1577 5563 1695 5634; x_wconf 89' lang='lat' dir='ltr'><strong><em>ipsa</em></strong></span> <span class='ocrx_word' id='word_1_640' title='bbox 1746 5570 1936 5618; x_wconf 83' lang='lat' dir='ltr'><strong><em>aucto-</em></strong></span> 
     </span>
    </p>
   </div>
   <div class='ocr_carea' id='block_1_84' title="bbox 359 5654 1934 5726">
    <p class='ocr_par' dir='ltr' id='par_1_84' title="bbox 359 5654 1934 5726">
     <span class='ocr_line' id='line_1_84' title="bbox 359 5654 1934 5726; baseline -0.001 -17"><span class='ocrx_word' id='word_1_641' title='bbox 359 5657 438 5711; x_wconf 89' lang='lat' dir='ltr'><strong><em>ris</em></strong></span> <span class='ocrx_word' id='word_1_642' title='bbox 466 5656 658 5721; x_wconf 86' lang='lat' dir='ltr'><strong><em>verba,</em></strong></span> <span class='ocrx_word' id='word_1_643' title='bbox 689 5656 747 5711; x_wconf 89' lang='lat' dir='ltr'><strong><em>in</em></strong></span> <span class='ocrx_word' id='word_1_644' title='bbox 776 5655 970 5712; x_wconf 89' lang='lat' dir='ltr'><strong><em>eadem</em></strong></span> <span class='ocrx_word' id='word_1_645' title='bbox 1000 5655 1115 5712; x_wconf 80' lang='lat' dir='ltr'><strong><em>fere</em></strong></span> <span class='ocrx_word' id='word_1_646' title='bbox 1138 5655 1371 5726; x_wconf 88' lang='lat' dir='ltr'><strong><em>periodo</em></strong></span> <span class='ocrx_word' id='word_1_647' title='bbox 1401 5654 1621 5710; x_wconf 90' lang='lat' dir='ltr'><strong><em>diversa</em></strong></span> <span class='ocrx_word' id='word_1_648' title='bbox 1671 5654 1934 5725; x_wconf 88' lang='lat' dir='ltr'><strong><em>loquendi</em></strong></span> 
     </span>
    </p>
   </div>
   <div class='ocr_carea' id='block_1_85' title="bbox 362 5743 1932 5815">
    <p class='ocr_par' dir='ltr' id='par_1_85' title="bbox 362 5743 1932 5815">
     <span class='ocr_line' id='line_1_85' title="bbox 362 5743 1932 5815; baseline 0.002 -19"><span class='ocrx_word' id='word_1_649' title='bbox 362 5744 537 5798; x_wconf 78' lang='lat' dir='ltr'><strong><em>forma</em></strong></span> <span class='ocrx_word' id='word_1_650' title='bbox 565 5745 804 5810; x_wconf 84' lang='lat' dir='ltr'><strong><em>utentis,</em></strong></span> <span class='ocrx_word' id='word_1_651' title='bbox 836 5743 931 5799; x_wconf 89' lang='lat' dir='ltr'><strong><em>ubi</em></strong></span> <span class='ocrx_word' id='word_1_652' title='bbox 955 5753 1137 5804; x_wconf 87' lang='lat' dir='ltr'><strong><em>tamen</em></strong></span> <span class='ocrx_word' id='word_1_653' title='bbox 1166 5743 1361 5800; x_wconf 89' lang='lat' dir='ltr'><strong><em>eadem</em></strong></span> <span class='ocrx_word' id='word_1_654' title='bbox 1383 5745 1582 5800; x_wconf 89' lang='lat' dir='ltr'><strong><em>volunt</em></strong></span> <span class='ocrx_word' id='word_1_655' title='bbox 1611 5743 1932 5815; x_wconf 85' lang='lat' dir='ltr'><strong><em>signiﬁcari.</em></strong></span> 
     </span>
    </p>
   </div>
   <div class='ocr_carea' id='block_1_86' title="bbox 367 5833 1933 5910">
    <p class='ocr_par' dir='ltr' id='par_1_86' title="bbox 367 5833 1933 5910">
     <span class='ocr_line' id='line_1_86' title="bbox 367 5833 1933 5910; baseline 0 -20"><span class='ocrx_word' id='word_1_656' title='bbox 367 5833 459 5890; x_wconf 81' lang='lat' dir='ltr'><strong><em>Sic</em></strong></span> <span class='ocrx_word' id='word_1_657' title='bbox 493 5835 612 5892; x_wconf 80' lang='lat' dir='ltr'><strong><em>ait:</em></strong></span> <span class='ocrx_word' id='word_1_658' title='bbox 661 5835 747 5892; x_wconf 86' lang='grc' dir='ltr'>Ἐν</span> <span class='ocrx_word' id='word_1_659' title='bbox 775 5837 854 5908; x_wconf 80' lang='grc' dir='ltr'><strong><em>τῷ</em></strong></span> <span class='ocrx_word' id='word_1_660' title='bbox 879 5836 1097 5910; x_wconf 69' lang='grc' dir='ltr'><strong><em>ἑϐδόμῳ</em></strong></span> <span class='ocrx_word' id='word_1_661' title='bbox 1124 5837 1235 5892; x_wconf 74' lang='grc' dir='ltr'><strong>ἔτει</strong></span> <span class='ocrx_word' id='word_1_662' title='bbox 1285 5839 1384 5910; x_wconf 73' lang='grc' dir='ltr'><strong><em>τῆς</em></strong></span> <span class='ocrx_word' id='word_1_663' title='bbox 1426 5837 1711 5893; x_wconf 75' lang='grc' dir='ltr'>ἰουστίνου</span> <span class='ocrx_word' id='word_1_664' title='bbox 1776 5837 1933 5909; x_wconf 67' lang='grc' dir='ltr'><strong><em>βασις</em></strong></span> 
     </span>
    </p>
   </div>
   <div class='ocr_carea' id='block_1_87' title="bbox 2028 3354 3607 3428">
    <p class='ocr_par' dir='ltr' id='par_1_87' title="bbox 2028 3354 3607 3428">
     <span class='ocr_line' id='line_1_87' title="bbox 2028 3354 3607 3428; baseline 0.009 -21"><span class='ocrx_word' id='word_1_665' title='bbox 2028 3354 2084 3407; x_wconf 92' lang='lat' dir='ltr'><strong><em>in</em></strong></span> <span class='ocrx_word' id='word_1_666' title='bbox 2111 3363 2329 3410; x_wconf 89' lang='lat' dir='ltr'><strong><em>terram.</em></strong></span> <span class='ocrx_word' id='word_1_667' title='bbox 2361 3355 2456 3410; x_wconf 84' lang='lat' dir='ltr'><strong><em>His</em></strong></span> <span class='ocrx_word' id='word_1_668' title='bbox 2483 3360 2735 3428; x_wconf 89' lang='lat' dir='ltr'><strong><em>perceptis</em></strong></span> <span class='ocrx_word' id='word_1_669' title='bbox 2778 3361 2962 3415; x_wconf 73' lang='lat' dir='ltr'><strong><em>vicina:</em></strong></span> <span class='ocrx_word' id='word_1_670' title='bbox 3020 3364 3255 3418; x_wconf 85' lang='lat' dir='ltr'><strong><em>civitates</em></strong></span> <span class='ocrx_word' id='word_1_671' title='bbox 3300 3366 3353 3418; x_wconf 88' lang='lat' dir='ltr'><strong><em>in</em></strong></span> <span class='ocrx_word' id='word_1_672' title='bbox 3406 3367 3607 3422; x_wconf 86' lang='lat' dir='ltr'><strong><em>luctum</em></strong></span> 
     </span>
    </p>
   </div>
   <div class='ocr_carea' id='block_1_88' title="bbox 2031 3447 3600 3525">
    <p class='ocr_par' dir='ltr' id='par_1_88' title="bbox 2031 3447 3600 3525">
     <span class='ocr_line' id='line_1_88' title="bbox 2031 3447 3600 3525; baseline 0.01 -25"><span class='ocrx_word' id='word_1_673' title='bbox 2031 3457 2080 3501; x_wconf 92' lang='lat' dir='ltr'><strong><em>et</em></strong></span> <span class='ocrx_word' id='word_1_674' title='bbox 2122 3447 2357 3518; x_wconf 88' lang='lat' dir='ltr'><strong><em>publicas</em></strong></span> <span class='ocrx_word' id='word_1_675' title='bbox 2380 3450 2792 3521; x_wconf 86' lang='lat' dir='ltr'><strong><em>supplicationes</em></strong></span> <span class='ocrx_word' id='word_1_676' title='bbox 2825 3454 3000 3525; x_wconf 77' lang='lat' dir='ltr'><strong><em>effusa:</em></strong></span> <span class='ocrx_word' id='word_1_677' title='bbox 3037 3467 3178 3512; x_wconf 88' lang='lat' dir='ltr'><strong><em>sunt.</em></strong></span> <span class='ocrx_word' id='word_1_678' title='bbox 3211 3456 3294 3511; x_wconf 85' lang='lat' dir='ltr'><strong><em>Ea</em></strong></span> <span class='ocrx_word' id='word_1_679' title='bbox 3319 3457 3471 3513; x_wconf 84' lang='lat' dir='ltr'><strong><em>clade</em></strong></span> <span class='ocrx_word' id='word_1_680' title='bbox 3509 3462 3600 3515; x_wconf 90' lang='lat' dir='ltr'><strong><em>ho-</em></strong></span> 
     </span>
    </p>
   </div>
   <div class='ocr_carea' id='block_1_89' title="bbox 2032 3541 3604 3625">
    <p class='ocr_par' dir='ltr' id='par_1_89' title="bbox 2032 3541 3604 3625">
     <span class='ocr_line' id='line_1_89' title="bbox 2032 3541 3604 3625; baseline 0.01 -32"><span class='ocrx_word' id='word_1_681' title='bbox 2032 3541 2236 3596; x_wconf 86' lang='lat' dir='ltr'><strong><em>minum</em></strong></span> <span class='ocrx_word' id='word_1_682' title='bbox 2270 3555 2499 3614; x_wconf 88' lang='lat' dir='ltr'><strong><em>quatuor</em></strong></span> <span class='ocrx_word' id='word_1_683' title='bbox 2555 3545 2750 3612; x_wconf 89' lang='lat' dir='ltr'><strong><em>millia,</em></strong></span> <span class='ocrx_word' id='word_1_684' title='bbox 2791 3549 3074 3620; x_wconf 84' lang='lat' dir='ltr'><strong><em>octingenti</em></strong></span> <span class='ocrx_word' id='word_1_685' title='bbox 3138 3558 3189 3604; x_wconf 92' lang='lat' dir='ltr'><strong><em>et</em></strong></span> <span class='ocrx_word' id='word_1_686' title='bbox 3264 3555 3604 3625; x_wconf 88' lang='lat' dir='ltr'><strong><em>septuaginta</em></strong></span> 
     </span>
    </p>
   </div>
   <div class='ocr_carea' id='block_1_90' title="bbox 2031 3633 3607 3706">
    <p class='ocr_par' dir='ltr' id='par_1_90' title="bbox 2031 3633 3607 3706">
     <span class='ocr_line' id='line_1_90' title="bbox 2031 3633 3607 3706; baseline 0.01 -24"><span class='ocrx_word' id='word_1_687' title='bbox 2031 3633 2253 3700; x_wconf 67' lang='lat' dir='ltr'><strong><em>periere.</em></strong></span> <span class='ocrx_word' id='word_1_688' title='bbox 2284 3633 2408 3690; x_wconf 70' lang='lat' dir='ltr'><strong><em>llaac</em></strong></span> <span class='ocrx_word' id='word_1_689' title='bbox 2457 3634 2847 3706; x_wconf 83' lang='lat' dir='ltr'><strong><em>TheOphanes,</em></strong></span> <span class='ocrx_word' id='word_1_690' title='bbox 2882 3639 3023 3694; x_wconf 90' lang='lat' dir='ltr'><strong><em>nihil</em></strong></span> <span class='ocrx_word' id='word_1_691' title='bbox 3062 3640 3212 3695; x_wconf 88' lang='lat' dir='ltr'><strong><em>aliud</em></strong></span> <span class='ocrx_word' id='word_1_692' title='bbox 3264 3651 3607 3698; x_wconf 89' lang='lat' dir='ltr'><strong><em>memorante</em></strong></span> 
     </span>
    </p>
   </div>
   <div class='ocr_carea' id='block_1_91' title="bbox 2033 3725 3609 3800">
    <p class='ocr_par' dir='ltr' id='par_1_91' title="bbox 2033 3725 3609 3800">
     <span class='ocr_line' id='line_1_91' title="bbox 2033 3725 3609 3800; baseline 0.007 -22"><span class='ocrx_word' id='word_1_693' title='bbox 2033 3725 2292 3795; x_wconf 82' lang='lat' dir='ltr'><strong><em>Evagrio,</em></strong></span> <span class='ocrx_word' id='word_1_694' title='bbox 2340 3743 2505 3798; x_wconf 89' lang='lat' dir='ltr'><strong><em>quam</em></strong></span> <span class='ocrx_word' id='word_1_695' title='bbox 2533 3727 2726 3798; x_wconf 87' lang='lat' dir='ltr'><strong><em>elapsis</em></strong></span> <span class='ocrx_word' id='word_1_696' title='bbox 2756 3731 2980 3800; x_wconf 85' lang='lat' dir='ltr'><strong><em>triginta</em></strong></span> <span class='ocrx_word' id='word_1_697' title='bbox 3019 3733 3303 3798; x_wconf 86' lang='lat' dir='ltr'><strong><em>mensibus,</em></strong></span> <span class='ocrx_word' id='word_1_698' title='bbox 3333 3733 3456 3788; x_wconf 89' lang='lat' dir='ltr'><strong><em>aliis</em></strong></span> <span class='ocrx_word' id='word_1_699' title='bbox 3488 3751 3609 3789; x_wconf 87' lang='lat' dir='ltr'><strong><em>rur-</em></strong></span> 
     </span>
    </p>
   </div>
   <div class='ocr_carea' id='block_1_92' title="bbox 2033 3819 3606 3894">
    <p class='ocr_par' dir='ltr' id='par_1_92' title="bbox 2033 3819 3606 3894">
     <span class='ocr_line' id='line_1_92' title="bbox 2033 3819 3606 3894; baseline 0.006 -24"><span class='ocrx_word' id='word_1_700' title='bbox 2033 3833 2150 3871; x_wconf 89' lang='lat' dir='ltr'><strong><em>sum</em></strong></span> <span class='ocrx_word' id='word_1_701' title='bbox 2168 3819 2390 3874; x_wconf 89' lang='lat' dir='ltr'><strong><em>motibus</em></strong></span> <span class='ocrx_word' id='word_1_702' title='bbox 2419 3820 2597 3873; x_wconf 88' lang='lat' dir='ltr'><strong><em>urbem</em></strong></span> <span class='ocrx_word' id='word_1_703' title='bbox 2619 3820 2998 3890; x_wconf 89' lang='lat' dir='ltr'><strong><em>labefactatam</em></strong></span> <span class='ocrx_word' id='word_1_704' title='bbox 3014 3839 3141 3877; x_wconf 87' lang='lat' dir='ltr'><strong><em>esse.</em></strong></span> <span class='ocrx_word' id='word_1_705' title='bbox 3162 3823 3465 3894; x_wconf 83' lang='lat' dir='ltr'><strong><em>Procopius</em></strong></span> <span class='ocrx_word' id='word_1_706' title='bbox 3482 3825 3606 3879; x_wconf 89' lang='lat' dir='ltr'><strong><em>nul-</em></strong></span> 
     </span>
    </p>
   </div>
   <div class='ocr_carea' id='block_1_93' title="bbox 2033 3909 3604 3980">
    <p class='ocr_par' dir='ltr' id='par_1_93' title="bbox 2033 3909 3604 3980">
     <span class='ocr_line' id='line_1_93' title="bbox 2033 3909 3604 3980; baseline 0.006 -17"><span class='ocrx_word' id='word_1_707' title='bbox 2033 3909 2140 3963; x_wconf 88' lang='lat' dir='ltr'><strong><em>lam</em></strong></span> <span class='ocrx_word' id='word_1_708' title='bbox 2167 3910 2395 3964; x_wconf 88' lang='lat' dir='ltr'><strong><em>omnino</em></strong></span> <span class='ocrx_word' id='word_1_709' title='bbox 2420 3910 2585 3980; x_wconf 88' lang='lat' dir='ltr'><strong><em>hujus</em></strong></span> <span class='ocrx_word' id='word_1_710' title='bbox 2614 3911 2844 3967; x_wconf 91' lang='lat' dir='ltr'><strong><em>secundi</em></strong></span> <span class='ocrx_word' id='word_1_711' title='bbox 2869 3922 3054 3969; x_wconf 89' lang='lat' dir='ltr'><strong><em>motus</em></strong></span> <span class='ocrx_word' id='word_1_712' title='bbox 3070 3913 3199 3969; x_wconf 82' lang='lat' dir='ltr'><strong><em>facit</em></strong></span> <span class='ocrx_word' id='word_1_713' title='bbox 3223 3917 3560 3972; x_wconf 89' lang='lat' dir='ltr'><strong><em>mentionem</em></strong></span> <span class='ocrx_word' id='word_1_714' title='bbox 3590 3936 3604 3972; x_wconf 91' lang='lat'><strong>:</strong></span> 
     </span>
    </p>
   </div>
   <div class='ocr_carea' id='block_1_94' title="bbox 2033 4000 3604 4078">
    <p class='ocr_par' dir='ltr' id='par_1_94' title="bbox 2033 4000 3604 4078">
     <span class='ocr_line' id='line_1_94' title="bbox 2033 4000 3604 4078; baseline 0.006 -24"><span class='ocrx_word' id='word_1_715' title='bbox 2033 4000 2102 4056; x_wconf 91' lang='lat' dir='ltr'><strong><em>de</em></strong></span> <span class='ocrx_word' id='word_1_716' title='bbox 2132 4002 2318 4071; x_wconf 90' lang='lat' dir='ltr'><strong><em>priore</em></strong></span> <span class='ocrx_word' id='word_1_717' title='bbox 2345 4002 2462 4058; x_wconf 63' lang='lat' dir='ltr'><strong><em>haec</em></strong></span> <span class='ocrx_word' id='word_1_718' title='bbox 2489 4004 2837 4060; x_wconf 85' lang='lat' dir='ltr'><strong><em>solummodo</em></strong></span> <span class='ocrx_word' id='word_1_719' title='bbox 2861 4005 3032 4060; x_wconf 76' lang='lat' dir='ltr'><strong><em>refert</em></strong></span> <span class='ocrx_word' id='word_1_720' title='bbox 3057 4006 3156 4060; x_wconf 91' lang='lat' dir='ltr'><strong><em>lib.</em></strong></span> <span class='ocrx_word' id='word_1_721' title='bbox 3189 4024 3249 4070; x_wconf 81' lang='grc' dir='ltr'><strong><em>ιι,</em></strong></span> <span class='ocrx_word' id='word_1_722' title='bbox 3272 4023 3393 4078; x_wconf 88' lang='lat' dir='ltr'><strong><em>cap.</em></strong></span> <span class='ocrx_word' id='word_1_723' title='bbox 3423 4011 3509 4077; x_wconf 72' lang='lat' dir='ltr'><strong><em>l4,</em></strong></span> <span class='ocrx_word' id='word_1_724' title='bbox 3536 4011 3604 4065; x_wconf 76' lang='lat' dir='ltr'><strong><em>de</em></strong></span> 
     </span>
    </p>
   </div>
   <div class='ocr_carea' id='block_1_95' title="bbox 2045 4091 3603 4170">
    <p class='ocr_par' dir='ltr' id='par_1_95' title="bbox 2045 4091 3603 4170">
     <span class='ocr_line' id='line_1_95' title="bbox 2045 4091 3603 4170; baseline 0.006 -24"><span class='ocrx_word' id='word_1_725' title='bbox 2045 4091 2192 4148; x_wconf 83' lang='lat' dir='ltr'><strong><em>bello</em></strong></span> <span class='ocrx_word' id='word_1_726' title='bbox 2217 4093 2437 4148; x_wconf 85' lang='lat' dir='ltr'><strong><em>Persico</em></strong></span> <span class='ocrx_word' id='word_1_727' title='bbox 2473 4111 2487 4146; x_wconf 86' lang='lat'><strong>:</strong></span> <span class='ocrx_word' id='word_1_728' title='bbox 2527 4093 2657 4150; x_wconf 87' lang='lat' dir='ltr'><strong><em>Cum</em></strong></span> <span class='ocrx_word' id='word_1_729' title='bbox 2707 4095 2952 4150; x_wconf 85' lang='lat' dir='ltr'><strong><em>Justinus</em></strong></span> <span class='ocrx_word' id='word_1_730' title='bbox 2993 4095 3247 4152; x_wconf 86' lang='lat' dir='ltr'><strong><em>Romanis</em></strong></span> <span class='ocrx_word' id='word_1_731' title='bbox 3295 4100 3603 4170; x_wconf 88' lang='lat' dir='ltr'><strong><em>imperaret,</em></strong></span> 
     </span>
    </p>
   </div>
   <div class='ocr_carea' id='block_1_96' title="bbox 2033 4187 3601 4264">
    <p class='ocr_par' dir='ltr' id='par_1_96' title="bbox 2033 4187 3601 4264">
     <span class='ocr_line' id='line_1_96' title="bbox 2033 4187 3601 4264; baseline 0.004 -25"><span class='ocrx_word' id='word_1_732' title='bbox 2033 4194 2144 4241; x_wconf 87' lang='lat' dir='ltr'><strong><em>tota</em></strong></span> <span class='ocrx_word' id='word_1_733' title='bbox 2174 4187 2404 4241; x_wconf 73' lang='lat' dir='ltr'><strong><em>maximo</em></strong></span> <span class='ocrx_word' id='word_1_734' title='bbox 2432 4195 2587 4242; x_wconf 77' lang='lat' dir='ltr'><strong><em>terra:</em></strong></span> <span class='ocrx_word' id='word_1_735' title='bbox 2624 4198 2771 4242; x_wconf 88' lang='lat' dir='ltr'><strong><em>motu</em></strong></span> <span class='ocrx_word' id='word_1_736' title='bbox 2807 4200 3159 4261; x_wconf 84' lang='lat' dir='ltr'><strong><em>conquassata</em></strong></span> <span class='ocrx_word' id='word_1_737' title='bbox 3188 4189 3332 4255; x_wconf 89' lang='lat' dir='ltr'><strong><em>urbe,</em></strong></span> <span class='ocrx_word' id='word_1_738' title='bbox 3370 4191 3601 4264; x_wconf 87' lang='lat' dir='ltr'><strong><em>plurima</em></strong></span> 
     </span>
    </p>
   </div>
   <div class='ocr_carea' id='block_1_97' title="bbox 2033 4279 3599 4352">
    <p class='ocr_par' dir='ltr' id='par_1_97' title="bbox 2033 4279 3599 4352">
     <span class='ocr_line' id='line_1_97' title="bbox 2033 4279 3599 4352; baseline 0.004 -18"><span class='ocrx_word' id='word_1_739' title='bbox 2033 4279 2547 4352; x_wconf 69' lang='lat' dir='ltr'><strong><em>prteclarissimaque</em></strong></span> <span class='ocrx_word' id='word_1_740' title='bbox 2601 4281 2828 4351; x_wconf 70' lang='lat' dir='ltr'><strong><em>azdiﬁcia</em></strong></span> <span class='ocrx_word' id='word_1_741' title='bbox 2898 4285 3064 4339; x_wconf 89' lang='lat' dir='ltr'><strong><em>subito</em></strong></span> <span class='ocrx_word' id='word_1_742' title='bbox 3105 4295 3417 4341; x_wconf 89' lang='lat' dir='ltr'><strong><em>corruerunt</em></strong></span> <span class='ocrx_word' id='word_1_743' title='bbox 3466 4304 3486 4342; x_wconf 89' lang='lat'><strong><em>:</em></strong></span> <span class='ocrx_word' id='word_1_744' title='bbox 3549 4296 3599 4343; x_wconf 86' lang='lat' dir='ltr'><strong><em>et</em></strong></span> 
     </span>
    </p>
   </div>
   <div class='ocr_carea' id='block_1_98' title="bbox 2031 4374 3610 4448">
    <p class='ocr_par' dir='ltr' id='par_1_98' title="bbox 2031 4374 3610 4448">
     <span class='ocr_line' id='line_1_98' title="bbox 2031 4374 3610 4448; baseline 0.005 -22"><span class='ocrx_word' id='word_1_745' title='bbox 2031 4375 2180 4444; x_wconf 88' lang='lat' dir='ltr'><strong><em>fama</em></strong></span> <span class='ocrx_word' id='word_1_746' title='bbox 2217 4374 2411 4428; x_wconf 89' lang='lat' dir='ltr'><strong><em>obtinet</em></strong></span> <span class='ocrx_word' id='word_1_747' title='bbox 2446 4375 2705 4430; x_wconf 88' lang='lat' dir='ltr'><strong><em>interiisse</em></strong></span> <span class='ocrx_word' id='word_1_748' title='bbox 2737 4385 2860 4429; x_wconf 84' lang='lat' dir='ltr'><strong><em>tunc</em></strong></span> <span class='ocrx_word' id='word_1_749' title='bbox 2889 4378 3138 4448; x_wconf 88' lang='lat' dir='ltr'><strong><em>temporis</em></strong></span> <span class='ocrx_word' id='word_1_750' title='bbox 3167 4378 3610 4434; x_wconf 81' lang='lat' dir='ltr'><strong><em>Antiochenorum</em></strong></span> 
     </span>
    </p>
   </div>
   <div class='ocr_carea' id='block_1_99' title="bbox 2033 4464 2880 4519">
    <p class='ocr_par' dir='ltr' id='par_1_99' title="bbox 2033 4464 2880 4519">
     <span class='ocr_line' id='line_1_99' title="bbox 2033 4464 2880 4519; baseline 0.005 -2"><span class='ocrx_word' id='word_1_751' title='bbox 2033 4473 2267 4518; x_wconf 89' lang='lat' dir='ltr'><strong><em>trecenta</em></strong></span> <span class='ocrx_word' id='word_1_752' title='bbox 2291 4464 2486 4519; x_wconf 91' lang='lat' dir='ltr'><strong><em>millia.</em></strong></span> <span class='ocrx_word' id='word_1_753' title='bbox 2875 4481 2880 4486; x_wconf 85' lang='lat'>&#39;</span> 
     </span>
    </p>
   </div>
   <div class='ocr_carea' id='block_1_100' title="bbox 2112 4556 3604 4629">
    <p class='ocr_par' dir='ltr' id='par_1_100' title="bbox 2112 4556 3604 4629">
     <span class='ocr_line' id='line_1_100' title="bbox 2112 4556 3604 4629; baseline 0.005 -21"><span class='ocrx_word' id='word_1_754' title='bbox 2112 4556 2198 4611; x_wconf 81' lang='lat' dir='ltr'><strong><em>l9.</em></strong></span> <span class='ocrx_word' id='word_1_755' title='bbox 2236 4557 2420 4612; x_wconf 88' lang='lat' dir='ltr'><strong><em>Posito</em></strong></span> <span class='ocrx_word' id='word_1_756' title='bbox 2445 4558 2560 4629; x_wconf 90' lang='lat' dir='ltr'><strong><em>jam</em></strong></span> <span class='ocrx_word' id='word_1_757' title='bbox 2594 4557 2884 4628; x_wconf 86' lang='lat' dir='ltr'><strong><em>utriusque</em></strong></span> <span class='ocrx_word' id='word_1_758' title='bbox 2913 4567 3075 4614; x_wconf 72' lang='lat' dir='ltr'><strong><em>terra:</em></strong></span> <span class='ocrx_word' id='word_1_759' title='bbox 3118 4565 3302 4615; x_wconf 90' lang='lat' dir='ltr'><strong><em>motus</em></strong></span> <span class='ocrx_word' id='word_1_760' title='bbox 3335 4559 3604 4616; x_wconf 86' lang='lat' dir='ltr'><strong><em>determi-</em></strong></span> 
     </span>
    </p>
   </div>
   <div class='ocr_carea' id='block_1_101' title="bbox 2041 4650 3614 4719">
    <p class='ocr_par' dir='ltr' id='par_1_101' title="bbox 2041 4650 3614 4719">
     <span class='ocr_line' id='line_1_101' title="bbox 2041 4650 3614 4719; baseline 0.005 -17"><span class='ocrx_word' id='word_1_761' title='bbox 2041 4657 2171 4703; x_wconf 89' lang='lat' dir='ltr'><strong><em>nato</em></strong></span> <span class='ocrx_word' id='word_1_762' title='bbox 2198 4657 2466 4719; x_wconf 90' lang='lat' dir='ltr'><strong><em>tempore,</em></strong></span> <span class='ocrx_word' id='word_1_763' title='bbox 2495 4650 2726 4704; x_wconf 90' lang='lat' dir='ltr'><strong><em>alterius</em></strong></span> <span class='ocrx_word' id='word_1_764' title='bbox 2754 4666 2900 4706; x_wconf 90' lang='lat' dir='ltr'><strong><em>anno</em></strong></span> <span class='ocrx_word' id='word_1_765' title='bbox 2924 4651 3334 4708; x_wconf 79' lang='lat' dir='ltr'><strong><em>Justinioctavo</em></strong></span> <span class='ocrx_word' id='word_1_766' title='bbox 3349 4663 3614 4718; x_wconf 80' lang='lat' dir='ltr'><strong><em>exeunte,</em></strong></span> 
     </span>
    </p>
   </div>
   <div class='ocr_carea' id='block_1_102' title="bbox 2041 4738 3614 4809">
    <p class='ocr_par' dir='ltr' id='par_1_102' title="bbox 2041 4738 3614 4809">
     <span class='ocr_line' id='line_1_102' title="bbox 2041 4738 3614 4809; baseline 0.003 -17"><span class='ocrx_word' id='word_1_767' title='bbox 2041 4738 2284 4808; x_wconf 86' lang='lat' dir='ltr'><strong><em>vulgaris</em></strong></span> <span class='ocrx_word' id='word_1_768' title='bbox 2313 4753 2436 4792; x_wconf 72' lang='lat' dir='ltr'><strong><em>serae</em></strong></span> <span class='ocrx_word' id='word_1_769' title='bbox 2461 4738 2584 4803; x_wconf 73' lang='lat'><strong><em>5:26,</em></strong></span> <span class='ocrx_word' id='word_1_770' title='bbox 2605 4740 2866 4796; x_wconf 88' lang='lat' dir='ltr'><strong><em>vicesima</em></strong></span> <span class='ocrx_word' id='word_1_771' title='bbox 2890 4757 3035 4797; x_wconf 90' lang='lat' dir='ltr'><strong><em>nona</em></strong></span> <span class='ocrx_word' id='word_1_772' title='bbox 3061 4741 3151 4797; x_wconf 92' lang='lat' dir='ltr'><strong><em>dic</em></strong></span> <span class='ocrx_word' id='word_1_773' title='bbox 3189 4743 3313 4798; x_wconf 78' lang='lat' dir='ltr'><strong><em>Maii</em></strong></span> <span class='ocrx_word' id='word_1_774' title='bbox 3337 4760 3352 4809; x_wconf 90' lang='lat'><strong>;</strong></span> <span class='ocrx_word' id='word_1_775' title='bbox 3380 4743 3614 4797; x_wconf 85' lang='lat' dir='ltr'><strong><em>alterius</em></strong></span> 
     </span>
    </p>
   </div>
   <div class='ocr_carea' id='block_1_103' title="bbox 2040 4828 3616 4902">
    <p class='ocr_par' dir='ltr' id='par_1_103' title="bbox 2040 4828 3616 4902">
     <span class='ocr_line' id='line_1_103' title="bbox 2040 4828 3616 4902; baseline 0.004 -21"><span class='ocrx_word' id='word_1_776' title='bbox 2040 4843 2184 4883; x_wconf 91' lang='lat' dir='ltr'><strong><em>anno</em></strong></span> <span class='ocrx_word' id='word_1_777' title='bbox 2228 4828 2520 4884; x_wconf 82' lang='lat' dir='ltr'><strong><em>Justiniani</em></strong></span> <span class='ocrx_word' id='word_1_778' title='bbox 2547 4829 2813 4896; x_wconf 88' lang='lat' dir='ltr'><strong><em>secundo,</em></strong></span> <span class='ocrx_word' id='word_1_779' title='bbox 2863 4846 2989 4886; x_wconf 70' lang='lat' dir='ltr'><strong><em>serae</em></strong></span> <span class='ocrx_word' id='word_1_780' title='bbox 3027 4831 3269 4902; x_wconf 86' lang='lat' dir='ltr'><strong><em>vulgaris</em></strong></span> <span class='ocrx_word' id='word_1_781' title='bbox 3311 4832 3438 4897; x_wconf 73' lang='lat'><strong><em>528,</em></strong></span> <span class='ocrx_word' id='word_1_782' title='bbox 3464 4833 3616 4887; x_wconf 87' lang='lat' dir='ltr'><strong><em>vice-</em></strong></span> 
     </span>
    </p>
   </div>
   <div class='ocr_carea' id='block_1_104' title="bbox 2041 4919 3614 4994">
    <p class='ocr_par' dir='ltr' id='par_1_104' title="bbox 2041 4919 3614 4994">
     <span class='ocr_line' id='line_1_104' title="bbox 2041 4919 3614 4994; baseline 0.001 -19"><span class='ocrx_word' id='word_1_783' title='bbox 2041 4919 2182 4975; x_wconf 86' lang='lat' dir='ltr'><strong><em>sima</em></strong></span> <span class='ocrx_word' id='word_1_784' title='bbox 2224 4936 2370 4976; x_wconf 89' lang='lat' dir='ltr'><strong><em>nona</em></strong></span> <span class='ocrx_word' id='word_1_785' title='bbox 2428 4922 2516 4977; x_wconf 88' lang='lat' dir='ltr'><strong><em>die</em></strong></span> <span class='ocrx_word' id='word_1_786' title='bbox 2564 4923 2928 4990; x_wconf 83' lang='lat' dir='ltr'><strong><em>Novembris;</em></strong></span> <span class='ocrx_word' id='word_1_787' title='bbox 3001 4924 3370 4994; x_wconf 87' lang='lat' dir='ltr'><strong><em>indagandum</em></strong></span> <span class='ocrx_word' id='word_1_788' title='bbox 3417 4931 3614 4988; x_wconf 80' lang='lat' dir='ltr'><strong><em>restat,</em></strong></span> 
     </span>
    </p>
   </div>
   <div class='ocr_carea' id='block_1_105' title="bbox 2043 5009 3612 5083">
    <p class='ocr_par' dir='ltr' id='par_1_105' title="bbox 2043 5009 3612 5083">
     <span class='ocr_line' id='line_1_105' title="bbox 2043 5009 3612 5083; baseline 0.001 -20"><span class='ocrx_word' id='word_1_789' title='bbox 2043 5009 2151 5063; x_wconf 88' lang='lat' dir='ltr'><strong><em>utri</em></strong></span> <span class='ocrx_word' id='word_1_790' title='bbox 2176 5010 2523 5079; x_wconf 87' lang='lat' dir='ltr'><strong><em>potissimum</em></strong></span> <span class='ocrx_word' id='word_1_791' title='bbox 2541 5012 2834 5067; x_wconf 88' lang='lat' dir='ltr'><strong><em>conveniat</em></strong></span> <span class='ocrx_word' id='word_1_792' title='bbox 2857 5021 3041 5068; x_wconf 90' lang='lat' dir='ltr'><strong><em>motus</em></strong></span> <span class='ocrx_word' id='word_1_793' title='bbox 3064 5012 3176 5077; x_wconf 89' lang='lat' dir='ltr'><strong><em>ille,</em></strong></span> <span class='ocrx_word' id='word_1_794' title='bbox 3207 5013 3323 5081; x_wconf 92' lang='lat' dir='ltr'><strong><em>qui,</em></strong></span> <span class='ocrx_word' id='word_1_795' title='bbox 3351 5009 3612 5083; x_wconf 83' lang='lat' dir='ltr'><strong><em>Symeone</em></strong></span> 
     </span>
    </p>
   </div>
   <div class='ocr_carea' id='block_1_106' title="bbox 2041 5099 3614 5170">
    <p class='ocr_par' dir='ltr' id='par_1_106' title="bbox 2041 5099 3614 5170">
     <span class='ocr_line' id='line_1_106' title="bbox 2041 5099 3614 5170; baseline 0.003 -18"><span class='ocrx_word' id='word_1_796' title='bbox 2041 5107 2235 5153; x_wconf 89' lang='lat' dir='ltr'><strong><em>nostro</em></strong></span> <span class='ocrx_word' id='word_1_797' title='bbox 2260 5100 2370 5170; x_wconf 85' lang='lat' dir='ltr'><strong><em>jam</em></strong></span> <span class='ocrx_word' id='word_1_798' title='bbox 2401 5099 2646 5170; x_wconf 91' lang='lat' dir='ltr'><strong><em>quinque</em></strong></span> <span class='ocrx_word' id='word_1_799' title='bbox 2681 5117 2857 5158; x_wconf 90' lang='lat' dir='ltr'><strong><em>annos</em></strong></span> <span class='ocrx_word' id='word_1_800' title='bbox 2871 5109 3036 5167; x_wconf 77' lang='lat' dir='ltr'><strong><em>.-nato,</em></strong></span> <span class='ocrx_word' id='word_1_801' title='bbox 3075 5101 3423 5156; x_wconf 86' lang='lat' dir='ltr'><strong><em>Antiochiam</em></strong></span> <span class='ocrx_word' id='word_1_802' title='bbox 3475 5117 3614 5156; x_wconf 87' lang='lat' dir='ltr'><strong><em>con-</em></strong></span> 
     </span>
    </p>
   </div>
   <div class='ocr_carea' id='block_1_107' title="bbox 2040 5191 3614 5263">
    <p class='ocr_par' dir='ltr' id='par_1_107' title="bbox 2040 5191 3614 5263">
     <span class='ocr_line' id='line_1_107' title="bbox 2040 5191 3614 5263; baseline 0.001 -16"><span class='ocrx_word' id='word_1_803' title='bbox 2040 5192 2234 5248; x_wconf 90' lang='lat' dir='ltr'><strong><em>cussit.</em></strong></span> <span class='ocrx_word' id='word_1_804' title='bbox 2265 5191 2356 5247; x_wconf 91' lang='lat' dir='ltr'><strong><em>Sic</em></strong></span> <span class='ocrx_word' id='word_1_805' title='bbox 2378 5207 2480 5263; x_wconf 89' lang='lat' dir='ltr'><strong><em>ego</em></strong></span> <span class='ocrx_word' id='word_1_806' title='bbox 2513 5201 2715 5249; x_wconf 87' lang='lat' dir='ltr'><strong><em>statuo.</em></strong></span> <span class='ocrx_word' id='word_1_807' title='bbox 2760 5193 2898 5249; x_wconf 90' lang='lat' dir='ltr'><strong><em>Cum</em></strong></span> <span class='ocrx_word' id='word_1_808' title='bbox 2949 5194 3115 5249; x_wconf 85' lang='lat' dir='ltr'><strong><em>unius</em></strong></span> <span class='ocrx_word' id='word_1_809' title='bbox 3151 5201 3361 5249; x_wconf 85' lang='lat' dir='ltr'><strong><em>tantum</em></strong></span> <span class='ocrx_word' id='word_1_810' title='bbox 3428 5204 3614 5248; x_wconf 87' lang='lat' dir='ltr'><strong><em>motus</em></strong></span> 
     </span>
    </p>
   </div>
   <div class='ocr_carea' id='block_1_108' title="bbox 2039 5285 3616 5355">
    <p class='ocr_par' dir='ltr' id='par_1_108' title="bbox 2039 5285 3616 5355">
     <span class='ocr_line' id='line_1_108' title="bbox 2039 5285 3616 5355; baseline -0.001 -15"><span class='ocrx_word' id='word_1_811' title='bbox 2039 5286 2264 5342; x_wconf 87' lang='lat' dir='ltr'><strong><em>circiter</em></strong></span> <span class='ocrx_word' id='word_1_812' title='bbox 2298 5285 2432 5340; x_wconf 93' lang='lat' dir='ltr'><strong><em>illud</em></strong></span> <span class='ocrx_word' id='word_1_813' title='bbox 2458 5294 2675 5355; x_wconf 88' lang='lat' dir='ltr'><strong><em>tempus</em></strong></span> <span class='ocrx_word' id='word_1_814' title='bbox 2710 5285 3030 5340; x_wconf 88' lang='lat' dir='ltr'><strong><em>meminerit</em></strong></span> <span class='ocrx_word' id='word_1_815' title='bbox 3054 5285 3191 5340; x_wconf 66' lang='lat' dir='ltr'><strong><em>Vitae</em></strong></span> <span class='ocrx_word' id='word_1_816' title='bbox 3221 5296 3436 5350; x_wconf 77' lang='lat' dir='ltr'><strong><em>auelor,</em></strong></span> <span class='ocrx_word' id='word_1_817' title='bbox 3465 5285 3616 5339; x_wconf 85' lang='lat' dir='ltr'><strong><em>illius</em></strong></span> 
     </span>
    </p>
   </div>
   <div class='ocr_carea' id='block_1_109' title="bbox 2041 5376 3612 5446">
    <p class='ocr_par' dir='ltr' id='par_1_109' title="bbox 2041 5376 3612 5446">
     <span class='ocr_line' id='line_1_109' title="bbox 2041 5376 3612 5446; baseline -0.001 -14"><span class='ocrx_word' id='word_1_818' title='bbox 2041 5376 2379 5439; x_wconf 87' lang='lat' dir='ltr'><strong><em>meminisse,</em></strong></span> <span class='ocrx_word' id='word_1_819' title='bbox 2403 5377 2498 5445; x_wconf 93' lang='lat' dir='ltr'><strong><em>qui</em></strong></span> <span class='ocrx_word' id='word_1_820' title='bbox 2519 5377 2751 5430; x_wconf 84' lang='lat' dir='ltr'><strong><em>maxime</em></strong></span> <span class='ocrx_word' id='word_1_821' title='bbox 2768 5377 3078 5444; x_wconf 90' lang='lat' dir='ltr'><strong><em>luctuosus,</em></strong></span> <span class='ocrx_word' id='word_1_822' title='bbox 3099 5377 3191 5446; x_wconf 90' lang='lat' dir='ltr'><strong><em>qui</em></strong></span> <span class='ocrx_word' id='word_1_823' title='bbox 3206 5377 3374 5431; x_wconf 88' lang='lat' dir='ltr'><strong><em>variis</em></strong></span> <span class='ocrx_word' id='word_1_824' title='bbox 3396 5377 3612 5431; x_wconf 89' lang='lat' dir='ltr'><strong><em>eventi-</em></strong></span> 
     </span>
    </p>
   </div>
   <div class='ocr_carea' id='block_1_110' title="bbox 2038 5465 3615 5537">
    <p class='ocr_par' dir='ltr' id='par_1_110' title="bbox 2038 5465 3615 5537">
     <span class='ocr_line' id='line_1_110' title="bbox 2038 5465 3615 5537; baseline -0.001 -13"><span class='ocrx_word' id='word_1_825' title='bbox 2038 5470 2144 5525; x_wconf 89' lang='lat' dir='ltr'><strong><em>bus</em></strong></span> <span class='ocrx_word' id='word_1_826' title='bbox 2164 5467 2711 5537; x_wconf 89' lang='lat' dir='ltr'><strong><em>memorahilior,qui</em></strong></span> <span class='ocrx_word' id='word_1_827' title='bbox 2763 5465 2906 5521; x_wconf 86' lang='lat' dir='ltr'><strong><em>fama</em></strong></span> <span class='ocrx_word' id='word_1_828' title='bbox 2937 5468 3103 5522; x_wconf 81' lang='lat' dir='ltr'><strong><em>latius</em></strong></span> <span class='ocrx_word' id='word_1_829' title='bbox 3157 5466 3328 5522; x_wconf 89' lang='lat' dir='ltr'><strong><em>didita</em></strong></span> <span class='ocrx_word' id='word_1_830' title='bbox 3357 5466 3615 5537; x_wconf 83' lang='lat' dir='ltr'><strong><em>pluribus</em></strong></span> 
     </span>
    </p>
   </div>
   <div class='ocr_carea' id='block_1_111' title="bbox 2039 5556 3616 5628">
    <p class='ocr_par' dir='ltr' id='par_1_111' title="bbox 2039 5556 3616 5628">
     <span class='ocr_line' id='line_1_111' title="bbox 2039 5556 3616 5628; baseline -0.006 -11"><span class='ocrx_word' id='word_1_831' title='bbox 2039 5569 2205 5617; x_wconf 88' lang='lat' dir='ltr'><strong><em>notus</em></strong></span> <span class='ocrx_word' id='word_1_832' title='bbox 2223 5559 2347 5614; x_wconf 78' lang='lat' dir='ltr'><strong><em>fuit.</em></strong></span> <span class='ocrx_word' id='word_1_833' title='bbox 2371 5559 2523 5614; x_wconf 90' lang='lat' dir='ltr'><strong><em>Talia</em></strong></span> <span class='ocrx_word' id='word_1_834' title='bbox 2554 5559 2704 5614; x_wconf 86' lang='lat' dir='ltr'><strong><em>enim</em></strong></span> <span class='ocrx_word' id='word_1_835' title='bbox 2737 5557 3031 5614; x_wconf 89' lang='lat' dir='ltr'><strong><em>memorari</em></strong></span> <span class='ocrx_word' id='word_1_836' title='bbox 3093 5556 3464 5628; x_wconf 76' lang='lat' dir='ltr'><strong><em>scriptoribus</em></strong></span> <span class='ocrx_word' id='word_1_837' title='bbox 3509 5556 3616 5610; x_wconf 86' lang='lat' dir='ltr'><strong><em>im-</em></strong></span> 
     </span>
    </p>
   </div>
   <div class='ocr_carea' id='block_1_112' title="bbox 2038 5646 3611 5724">
    <p class='ocr_par' dir='ltr' id='par_1_112' title="bbox 2038 5646 3611 5724">
     <span class='ocr_line' id='line_1_112' title="bbox 2038 5646 3611 5724; baseline -0.003 -18"><span class='ocrx_word' id='word_1_838' title='bbox 2038 5653 2233 5724; x_wconf 89' lang='lat' dir='ltr'><strong><em>primis</em></strong></span> <span class='ocrx_word' id='word_1_839' title='bbox 2245 5652 2444 5717; x_wconf 90' lang='lat' dir='ltr'><strong><em>solent,</em></strong></span> <span class='ocrx_word' id='word_1_840' title='bbox 2460 5651 2760 5721; x_wconf 66' lang='lat' dir='ltr'><strong><em>prmsertim</em></strong></span> <span class='ocrx_word' id='word_1_841' title='bbox 2781 5665 2909 5704; x_wconf 91' lang='lat' dir='ltr'><strong><em>cum</em></strong></span> <span class='ocrx_word' id='word_1_842' title='bbox 2934 5655 3086 5703; x_wconf 87' lang='lat' dir='ltr'><strong><em>certo</em></strong></span> <span class='ocrx_word' id='word_1_843' title='bbox 3117 5656 3369 5718; x_wconf 88' lang='lat' dir='ltr'><strong><em>tempore</em></strong></span> <span class='ocrx_word' id='word_1_844' title='bbox 3399 5646 3611 5716; x_wconf 88' lang='lat' dir='ltr'><strong><em>aliquid</em></strong></span> 
     </span>
    </p>
   </div>
   <div class='ocr_carea' id='block_1_113' title="bbox 2038 5739 3615 5813">
    <p class='ocr_par' dir='ltr' id='par_1_113' title="bbox 2038 5739 3615 5813">
     <span class='ocr_line' id='line_1_113' title="bbox 2038 5739 3615 5813; baseline -0.004 -13"><span class='ocrx_word' id='word_1_845' title='bbox 2038 5745 2329 5809; x_wconf 86' lang='lat' dir='ltr'><strong><em>evenisse,</em></strong></span> <span class='ocrx_word' id='word_1_846' title='bbox 2402 5757 2722 5813; x_wconf 85' lang='lat' dir='ltr'><strong><em>expressum</em></strong></span> <span class='ocrx_word' id='word_1_847' title='bbox 2785 5740 3062 5812; x_wconf 89' lang='lat' dir='ltr'><strong><em>cupiunt;</em></strong></span> <span class='ocrx_word' id='word_1_848' title='bbox 3141 5739 3615 5810; x_wconf 67' lang='lat' dir='ltr'><strong><em>praetermittenti-</em></strong></span> 
     </span>
    </p>
   </div>
   <div class='ocr_carea' id='block_1_114' title="bbox 2038 5827 3605 5904">
    <p class='ocr_par' dir='ltr' id='par_1_114' title="bbox 2038 5827 3605 5904">
     <span class='ocr_line' id='line_1_114' title="bbox 2038 5827 3605 5904; baseline -0.004 -14"><span class='ocrx_word' id='word_1_849' title='bbox 2038 5834 2144 5890; x_wconf 87' lang='lat' dir='ltr'><strong><em>bus</em></strong></span> <span class='ocrx_word' id='word_1_850' title='bbox 2169 5831 2791 5904; x_wconf 86' lang='lat' dir='ltr'><strong><em>obscurioraminusque</em></strong></span> <span class='ocrx_word' id='word_1_851' title='bbox 2838 5829 3078 5903; x_wconf 81' lang='lat' dir='ltr'><strong><em>cognita,</em></strong></span> <span class='ocrx_word' id='word_1_852' title='bbox 3117 5845 3187 5886; x_wconf 81' lang='lat' dir='ltr'><strong><em>ne</em></strong></span> <span class='ocrx_word' id='word_1_853' title='bbox 3243 5827 3377 5900; x_wconf 88' lang='lat' dir='ltr'><strong><em>quid</em></strong></span> <span class='ocrx_word' id='word_1_854' title='bbox 3438 5828 3605 5901; x_wconf 74' lang='lat' dir='ltr'><strong><em>igno-</em></strong></span> 
     </span>
    </p>
   </div>
  </div>
