3944 6500
516 367 659 430 2975

1802 372 1863 433 S.
1899 373 2194 434 SYMEON
2232 375 2534 436 JUNIOR.

3627 372 3785 437 2976

523 486 640 531 tum
695 494 796 549 per
844 478 996 534 aliud
1041 494 1194 550 aeque
1221 480 1466 553 ignotum
1490 492 1586 539 aut
1633 500 1743 539 non
1778 486 1950 540 multo
1994 502 2095 541 no-
2126 492 2170 548 Α
2202 503 2306 557 pus
2338 490 2407 545 ad
2441 506 2533 545 an.
2570 490 2639 546 85
2702 491 2911 547 faciunt
2942 504 3304 547 excrescere:
3341 488 3492 560 quod
3524 489 3616 546 alii
3652 498 3789 561 post

519 569 651 635 tius,
713 570 1031 627 confudisse
1069 575 1275 642 potius,
1337 592 1502 645 quam
1548 577 1851 633 illustrasse
1896 580 2091 633 velint.

521 659 728 725 Quidni
766 662 932 732 igitur
972 664 1040 718 ad
1095 666 1336 734 priorem
1368 676 1524 722 terra:
1545 678 1753 723 motum
1779 671 2093 740 quinquen-

520 767 645 805 nem
698 754 986 825 Symeonis
1016 767 1231 813 aetatem
1273 759 1616 816 referamus?
1638 761 1827 829 Certe,
1854 764 1899 819 si
1915 764 2097 818 Theo-

523 847 689 915 phani
751 850 1068 916 credimus,
1133 869 1404 922 nunquam
1477 855 1597 907 talis
1657 855 1936 911 calamitas
1974 857 2093 912 aiiis

520 940 725 994 socculis
750 943 933 1010 quavis
960 942 1013 995 in
1039 944 1169 996 urbe
1187 945 1421 1014 contigit.
1446 945 1587 1011 Quid
1611 947 1827 1001 tristius
1848 956 1943 1001 aut
1973 964 2092 1003 me-

519 1030 865 1094 morabilius,
895 1048 1057 1101 quam
1087 1034 1353 1088 subversa
1385 1036 1439 1089 in
1471 1036 1610 1091 urbe
1640 1047 1884 1092 trecenta
1915 1038 2094 1093 homi-

520 1137 653 1175 num
687 1124 856 1177 millia
889 1126 1179 1192 oecidisse,
1216 1128 1491 1196 publicam
1535 1131 1903 1186 calamitatem
1928 1148 2093 1189 vene-

521 1215 755 1269 randum
793 1218 1095 1274 antistitem
1121 1236 1217 1273 sua
1248 1230 1431 1275 morte
1493 1223 1732 1287 auxisse,
1766 1225 2091 1294 augustissi-

521 1324 672 1362 mum
732 1310 1122 1379 imperatorem
1181 1313 1443 1368 inusitato
1514 1314 1874 1385 inauditoque
1923 1317 2089 1372 modo

519 1401 752 1455 luxisse?
775 1402 920 1455 Nihil
949 1403 1107 1457 istius
1132 1404 1278 1457 modi
1304 1405 1357 1458 in
1383 1406 1628 1460 secundo
1651 1416 1802 1461 motu
1823 1409 2088 1464 accidisse

518 1494 749 1564 legitur:
780 1494 889 1547 imo
927 1493 1095 1564 hujus
1165 1498 1431 1551 memoria
1484 1499 1629 1567 apud
1672 1510 1947 1566 auctores,
1994 1504 2088 1573 qui

518 1600 745 1654 propius
803 1586 870 1639 ad
918 1584 1009 1639 illa
1063 1594 1304 1656 tempora
1336 1588 1626 1655 accedunt,
1674 1591 1767 1644 vix
1830 1592 1973 1654 ulla,
2030 1601 2089 1647 ut

518 1677 780 1740 vidimus,
840 1686 1037 1742 exstat,
1094 1678 1210 1732 solo
1249 1678 1585 1749 Theophane
1623 1681 1909 1753 lugubrius
1969 1699 2087 1739 rem

512 1766 881 1821 ‘describente.

2197 578 2335 636 alios
2361 582 2622 653 deinceps
2640 584 3130 653 transcripserunt.

2334 718 2363 789 ᾗ
2392 718 2479 775 lV.
2505 718 2583 772 De
2613 719 2823 790 scriptis
2853 721 3031 774 sancti
3065 718 3341 792 Symeonis
3374 718 3640 775 Junioris.

2264 852 2379 907 Leo
2408 851 2660 918 Allatius,
2690 852 2758 908 de
2791 852 3156 923 Symeonibus
3179 855 3389 923 optime
3430 855 3699 919 meritus,
3734 856 3791 909 in

2193 942 2437 997 Diatriba
2483 943 2545 997 de
2588 959 2768 997 eorum
2820 944 3065 1014 scriptis,
3102 944 3266 1015 hujus
3316 960 3548 1014 quoque
3605 949 3789 1000 nostri

2195 1037 2445 1105 quaedam
2493 1046 2787 1091 recenset:
2822 1053 3058 1107 quorum
3106 1052 3231 1092 cum
3281 1038 3438 1092 nulla
3482 1042 3704 1095 mentio
3736 1042 3794 1095 in

2192 1127 2313 1181 Vita
2348 1127 2614 1182 habeatur
2647 1128 2880 1196 uspiam,
2902 1127 3112 1198 juverit
3145 1128 3237 1183 hic
3262 1129 3355 1184 illa
3386 1145 3458 1183 ex
3483 1128 3642 1184 dicto
3684 1147 3793 1185 au-

2195 1223 2369 1278 ctore,
2407 1230 2517 1268 non
2560 1214 2818 1270 omnibus
2859 1216 3044 1282 obvio,
3068 1216 3467 1284 adnumerare,
3522 1230 3795 1289 tanquam

2192 1305 2409 1375 egregia
2434 1306 2538 1361 viri
2569 1316 2627 1362 et
2659 1307 3005 1362 auctoritatis
3036 1308 3183 1378 apud
3216 1309 3504 1380 principes
3526 1350 3542 1374 ,
3574 1320 3632 1364 et
3682 1313 3791 1366 zeli

2192 1412 2293 1466 pro
2337 1398 2600 1464 Ecclesia,
2642 1408 2696 1453 et
2716 1399 2935 1469 pietatis
2962 1414 3091 1470 erga
3121 1398 3347 1456 Caelites
3393 1414 3791 1457 monumenta.

2192 1487 2437 1542 Primum
2468 1488 2635 1557 igitur
2663 1489 2950 1559 scripsisse
2974 1489 3041 1546 de
3076 1491 3437 1562 imaginibus,
3467 1503 3694 1548 constat
3723 1511 3793 1549 ex

2191 1578 2404 1634 Joanne
2437 1580 2794 1647 Damasceno,
2820 1583 2914 1652 qui
2943 1594 3085 1639 orat.
3108 1585 3144 1640 5
3169 1585 3237 1640 de
3269 1585 3626 1655 imaginibus
3658 1603 3795 1656 paro

2191 1679 2301 1725 tem
2334 1671 2462 1726 inde
2496 1672 2710 1736 recitat,
2739 1688 2865 1727 cum
2899 1674 3005 1730 hoc
3036 1676 3245 1731 indicio
3290 1678 3570 1743 auctoris,
3604 1679 3794 1749 Magni

2196 1761 2490 1833 Symeonis,
2524 1765 2827 1818 admirandi
2846 1768 3058 1832 montis,
3083 1768 3147 1821 de
3182 1768 3542 1839 Imaginibus.
3576 1769 3795 1825 Secun-

585 1860 676 1914 ρο,
713 1860 787 1913 Ex
814 1860 1009 1915 eodem
1055 1870 1239 1917 tamen
1290 1872 1519 1920 auclore
1567 1866 1702 1920 illud
1761 1868 1932 1922 etiam
1989 1884 2090 1924 ηο,
2124 1840 2165 1894 Β
2194 1853 2265 1906 do
2315 1855 2514 1925 stylum
2541 1864 2733 1909 contra
2765 1855 3055 1912 haareticos
3091 1859 3328 1923 acuisse,
3361 1861 3597 1915 eruitur
3632 1877 3665 1916 e
3692 1861 3789 1915 Bi-

519 1960 665 2004 tasse
721 1951 948 2021 juverit,
994 1953 1139 2021 quod
1176 1953 1243 2007 de
1292 1954 1475 2022 priore
1528 1964 1680 2009 motu
1741 1973 1927 2028 agens,
1995 1976 2088 2029 per

512 2058 716 2095 annum
753 2059 956 2107 unum;
993 2043 1059 2097 dc
1091 2044 1353 2109 secundo,
1388 2062 1485 2115 per
1544 2064 1708 2101 unam
1743 2050 2088 2104 solummodo

514 2134 723 2196 horam,
747 2133 894 2188 dicat
921 2135 1185 2189 tenuisse.
1238 2135 1395 2202 Quod
1445 2140 1488 2192 si
1517 2139 1699 2194 minus
1746 2142 1942 2205 solide,
1976 2158 2086 2197 non

511 2224 943 2295 sullragantibus
997 2226 1119 2280 aliis
1181 2229 1546 2295 auctoribus,
1604 2231 1823 2299 probari
1879 2233 2083 2301 possit;

514 2316 981 2379 obtinebitcerte,
1008 2318 1247 2386 priorem
1307 2321 1546 2390 longiori
1602 2321 1779 2391 spatio
1830 2322 2080 2389 durasse,

514 2408 875 2479 posteriorem
902 2408 1162 2463 breviori.
1194 2411 1371 2465 Motus
1402 2423 1610 2477 autem,
1646 2414 1712 2467 de
1735 2431 1843 2483 quo
1874 2416 1927 2469 in
1961 2416 2084 2471 Vita

514 2503 717 2572 agitur,
743 2503 894 2559 horae
931 2503 1093 2557 unius
1130 2504 1420 2558 intervallo
1459 2504 1669 2558 absolvi
1714 2522 1821 2559 non
1876 2508 2077 2575 potuit,

512 2606 639 2645 cum
663 2591 890 2662 Symeon
926 2594 981 2647 in
1010 2595 1215 2663 templo
1239 2596 1692 2666 Prom-Martyris
1726 2598 1962 2651 orationi
1984 2616 2082 2653 va-

514 2683 873 2752 caritprimo,
908 2695 1096 2753 postea
1123 2686 1440 2740 labentibus
1464 2689 1668 2756 passim
1704 2688 1917 2743 aadibus
1952 2690 2081 2745 inde

515 2794 575 2834 se
605 2779 960 2847 proripuerit,
993 2779 1211 2833 tandem
1242 2796 1498 2849 egressus
1531 2782 1664 2836 urbe
1688 2783 1894 2837 circum
1926 2800 2084 2838 erra-

510 2869 672 2933 verit,
710 2885 1033 2925 reversurus
1089 2872 1278 2941 utique
1314 2871 1358 2925 si
1422 2880 1604 2927 motus
1651 2883 1957 2941 cessasset;
1985 2876 2081 2931 sed

507 2975 576 3014 eo
600 2971 1010 3030 perseverante,
1052 2962 1289 3032 denique
1328 2964 1586 3018 inventus
1630 2964 1798 3020 fuerit
1855 2982 1885 3020 a
1949 2979 2078 3022 nota

508 3051 737 3107 muliere
764 3052 1142 3122 abductusque
1179 3054 1234 3107 in
1257 3063 1520 3118 montem,
1545 3055 1667 3108 urbi
1692 3054 1985 3111 admodum
2006 3058 2080 3112 vi-

506 3140 716 3205 cinum,
756 3157 820 3196 ac
848 3142 1053 3197 ibidem
1080 3143 1198 3197 dies
1226 3155 1433 3213 septem
1462 3146 1889 3215 perstiterit.At,
1919 3156 2074 3218 puto,
2105 3178 2149 3235 ρ

505 3231 552 3284 si
584 3232 738 3301 prius
807 3232 930 3287 finis
974 3242 1221 3287 motuum
1268 3234 1483 3301 fuisset,
1522 3237 1674 3290 illum
1725 3247 1820 3292 aut
1863 3254 1962 3307 per
2017 3255 2075 3294 se

513 3323 876 3391 repetiturum
903 3334 1192 3393 paternam
1226 3325 1474 3391 domum,
1499 3338 1593 3382 aut
1628 3345 1726 3398 per
1785 3331 2074 3385 mulierem

506 3414 688 3479 matri,
726 3414 1063 3470 desiderium
1092 3418 1188 3471 lilii
1222 3419 1328 3473 hoc
1369 3420 1671 3489 praesertim
1704 3431 1849 3476 statu
1890 3438 2073 3477 rerum

504 3504 791 3574 aagerrime
822 3506 1045 3573 ferenti,
1071 3511 1474 3565 restituendum
1511 3511 1701 3567 fuisse.
1751 3512 1831 3567 Sit
1887 3515 2074 3585 itaque

506 3595 597 3649 hic
624 3611 801 3651 annus
826 3596 1101 3667 Symeonis
1156 3601 1402 3670 quintus,
1453 3618 1575 3656 ιρι-ω
1637 3604 1845 3673 vulgari
1906 3608 2072 3675 quin-

499 3687 850 3757 quagesimus
897 3689 1193 3744 vicesimus
1217 3699 1400 3745 sextus
1442 3710 1454 3745 :
1488 3701 1543 3746 et
1584 3694 1930 3748 manifestum
1966 3694 2074 3749 erit

500 3780 843 3834 nativitatem
873 3782 992 3851 ejus
1029 3782 1084 3835 in
1111 3798 1314 3836 annum
1343 3784 1467 3847 521,
1494 3796 1726 3839 mortem
1770 3802 1922 3851 vero,
1945 3802 2070 3842 cum

500 3885 645 3925 anno
665 3873 843 3926 aetatis
876 3874 942 3928 75
972 3874 1193 3940 obierit,
1223 3876 1277 3929 in
1302 3876 1405 3931 596
1434 3876 1717 3933 incidisse.

568 3962 657 4016 2|.
696 3965 841 4019 Vixit
876 3965 1044 4036 igitur
1076 3967 1179 4021 sub
1231 3970 1477 4038 quinque
1514 3970 1791 4024 continuis
1831 3971 2071 4040 impera-

500 4055 732 4120 toribus,
757 4057 973 4112 Justino
997 4061 1553 4126 vetere,.lustiniano,
1571 4062 1789 4117 Justino
1818 4062 2066 4128 Juniore,

500 4147 723 4202 Tiberio
748 4147 815 4213 ll,
875 4159 931 4203 et
979 4149 1217 4220 denique
1256 4152 1360 4207 sub
1390 4153 1680 4219 Mauritio;
1719 4153 1881 4223 primi
1924 4170 2069 4208 anno

503 4237 537 4291 4
570 4247 754 4302 natus,
785 4239 1107 4307 posterioris
1135 4241 1351 4297 decimo
1371 4244 1567 4313 quinto
1598 4245 1852 4312 denatus,
1873 4254 2067 4316 quarta

497 4339 555 4383 et
579 4331 841 4385 vicesima
861 4332 949 4388 die
972 4334 1179 4390 mensis
1230 4336 1378 4391 Maii.
1414 4338 1622 4392 Horum
1652 4350 1835 4395 autem
1879 4341 2068 4395 termi-

498 4436 695 4475 norum
755 4423 1108 4479 intervallum
1144 4408 1319 4483 annos
1377 4429 1446 4482 75
1493 4432 1896 4501 complectitur,
1928 4446 2066 4501 quos

2193 1943 2449 2000 btiotheca
2498 1946 2678 2001 Photii
2718 1946 2855 2002 Cod.
2879 1949 3007 2013 251,
3039 1949 3136 2003 ubi
3161 1958 3385 2007 sanctus
3421 1951 3789 2021 Saphronius

2190 2037 2505 2105 patriarcha
2536 2037 3066 2109 Hierosolymitanus
3096 2040 3151 2095 in
3190 2042 3426 2112 epistola
3474 2043 3781 2115 Synodica,

2190 2123 2436 2179 Honorio
2466 2127 2714 2182 Romano
2740 2128 2898 2198 Papae
2927 2128 3059 2199 (non
3087 2131 3427 2200 imperatori,
3487 2142 3555 2186 ut
3590 2150 3787 2205 ρει-βε-

2189 2232 2307 2270 ram
2339 2217 2614 2288 interpres
2652 2221 2830 2290 ponit,
2865 2230 3053 2291 utpote
3084 2224 3243 2277 annis
3275 2234 3406 2279 ante
3433 2224 3709 2281 ducentis
3734 2240 3786 2283 et

2187 2307 2423 2376 amplius
2452 2309 2563 2363 vita
2593 2308 2827 2381 functo),
2859 2313 3046 2377 missa,
3077 2315 3339 2385 colligens
3361 2316 3605 2371 Patrum
3638 2323 3786 2373 testi-

2186 2400 2370 2453 monia
2387 2442 2401 2466 ,
2434 2400 2500 2453 ad
2520 2403 2990 2472 comprobandum
3020 2405 3293 2475 duplicem
3312 2407 3369 2461 in
3390 2407 3636 2464 Christo
3658 2426 3785 2480 ope-

2185 2492 2479 2557 rationem,
2520 2494 2683 2565 hujus
2724 2511 2945 2565 quoque
2991 2498 3162 2552 nostri
3195 2497 3518 2569 Symeonis,
3547 2513 3616 2556 ut
3638 2504 3782 2559 vide-

2185 2590 2276 2635 tur
2296 2623 2309 2645 ,
2340 2585 2592 2638 meminit
2629 2602 2754 2641 cum
2784 2587 2965 2643 laude.
3000 2587 3092 2644 Sic
3117 2590 3307 2645 scribit
3335 2591 3467 2647 loco
3497 2595 3781 2666 assignato

2185 2673 2416 2730 Photius
2451 2696 2464 2731 :
2498 2678 2679 2732 Etiam
2725 2677 3025 2751 Symonius,
3058 2685 3342 2737 monachus
3383 2693 3431 2736 et
3484 2688 3779 2757 presbyter.

2186 2767 2559 2824 Testimonium
2612 2775 2916 2843 vero,quod
2974 2784 3217 2830 sanctum
3251 2779 3495 2847 agnoscit
3559 2778 3781 2850 Symeo-

2182 2875 2308 2914 nem
2340 2872 2643 2928 auctorem,
2674 2882 2739 2919 ea;
2776 2865 2997 2937 epistola
3029 2868 3248 2938 ejus,ad
3271 2868 3655 2924 Iustinianum
3682 2874 3778 2925 im-

2184 2961 2481 3022 peratorem
2540 2956 2688 3022 data,
2729 2975 2846 3029 qua:
2906 2961 3067 3013 etiam
3115 2969 3299 3014 contra
3341 2961 3708 3019 Nestorianos
3732 2977 3777 3019 et

2181 3041 2537 3113 Eutychianos
2570 3046 2928 3117 digladiatur,
2969 3050 3332 3120 depromptum
3360 3061 3459 3106 est.
3502 3054 3632 3124 Ipse
3665 3072 3775 3109 vero

2180 3132 2537 3202 Justinianus,
2579 3138 2695 3207 pius
2732 3140 3039 3209 imperator,
3093 3140 3146 3193 in
3193 3142 3255 3194 iis
3284 3158 3402 3211 qua:
3446 3144 3526 3197 ad
3570 3144 3774 3199 Zoilum

2180 3227 2538 3293 patriarcha»:
2574 3228 2992 3283 Alexandrinum
3039 3231 3265 3301 scripsit,
3303 3234 3442 3287 hanc
3489 3236 3771 3305 epistolam

2179 3317 2480 3370 thesaurum
2511 3319 2816 3373 nominavit.

2246 3404 2335 3460 25.
2364 3404 2556 3461 Tertio
2609 3410 2876 3463 recitatur
2909 3413 3156 3483 ejusdem
3195 3414 3432 3484 epistola
3451 3415 3681 3485 quinta,
3706 3416 3766 3470 ad

2177 3495 2454 3552 Justinum
2485 3499 2770 3556 Juniorem
2803 3512 2898 3557 aut
2947 3506 3132 3574 potius
3170 3505 3556 3561 Iustinianum
3598 3509 3766 3577 impe-

2178 3598 2440 3655 ratorem,
2501 3591 2556 3645 in
2583 3592 2803 3662 Synodo
2841 3596 3083 3664 generali
3115 3612 3212 3659 vn,
3244 3611 3414 3667 agens
3452 3608 3657 3652 contra
3690 3600 3765 3651 in-

2175 3681 2462 3736 solentiam
2499 3682 2935 3753 Samaritarum;
2996 3705 3158 3759 quam
3191 3690 3217 3759 ᾗ
3253 3706 3369 3760 seq.
3420 3690 3759 3761 descriptam

2175 3769 2450 3827 dabimus.
2488 3773 2752 3838 Quamvis
2780 3786 2962 3832 autem
3004 3780 3131 3834 istic
3163 3780 3380 3835 dicatur
3401 3780 3635 3835 Justino
3676 3781 3759 3836 Ju-

2173 3862 2318 3916 niori
2377 3864 2659 3935 inscripta,
2721 3867 2949 3923 inclinat
3006 3880 3187 3926 tamen
3229 3873 3453 3927 animus
3510 3888 3630 3927 non
3673 3888 3757 3944 pa-

2173 3969 2295 4007 rum
2328 3956 2401 4019 ei,
2439 3967 2499 4010 ut
2533 3966 2746 4026 putem,
2774 3960 2842 4013 ad
2873 3961 3243 4017 Justinianum
3282 3964 3485 4033 potius
3507 4006 3523 4027 ,
3558 3965 3754 4021 Justini

2173 4046 2326 4101 illius
2356 4047 2703 4104 decessorem
2724 4092 2740 4117 ,
2782 4051 2965 4106 datam
2997 4069 3119 4109 esse
3154 4072 3165 4107 :
3200 4065 3313 4109 tum
3347 4057 3500 4126 quod
3541 4059 3647 4112 sub
3672 4058 3755 4114 Ju-

2172 4137 2411 4192 stiniano
2436 4138 2829 4195 Samaritarum
2865 4143 3093 4197 audacia
3123 4144 3246 4213 plus
3288 4146 3456 4200 solito
3510 4149 3752 4203 invalue-

2172 4228 2266 4293 rit,
2298 4230 2389 4283 vix
2422 4233 2640 4302 cognita
2670 4234 2772 4287 sub
2796 4236 3016 4290 Justino
3038 4238 3282 4303 aliunde,
3312 4255 3485 4309 quam
3525 4257 3599 4296 ex
3635 4242 3747 4304 hac.

2170 4318 2240 4374 de
2270 4335 2378 4389 qua
2408 4322 2760 4393 ambigimus,
2796 4324 3085 4397 Symeonis
3120 4327 3377 4398 epistola,
3409 4331 3575 4385 velut
3602 4347 3633 4385 a
3662 4347 3750 4402 po-

2171 4412 2413 4477 steriori,
2453 4422 2511 4468 ut
2534 4416 2838 4485 loquuntur
2884 4419 2938 4472 in
2993 4418 3246 4474 Scholis:
3280 4430 3394 4475 tum
3436 4424 3597 4492 quod
3644 4424 3747 4495 epi-

497 4512 574 4568 ita
617 4512 926 4585 Symeonem
961 4518 1271 4589 implevisse
1318 4536 1385 4575 ex
1408 4522 1537 4577 Vita
1592 4535 1826 4579 constat.
1880 4526 2068 4579 Annos

2180 4506 2313 4561 stola
2346 4506 2525 4562 Caroli
2555 4510 2752 4580 Magni,
2785 4527 2852 4565 ex
2883 4512 3186 4582 Capitulari
3217 4514 3284 4568 de.
3310 4531 3421 4570 non
3454 4519 3746 4573 aderandis

492 4609 741 4678 quinque
786 4611 966 4681 exegit
998 4611 1053 4666 in
1120 4622 1349 4682 paterna
1384 4614 1549 4670 domo
1603 4633 1775 4686 usque
1810 4618 1876 4671 ad
1906 4628 2065 4672 terra:
2104 4651 2115 4659 -

497 4709 706 4753 motum
732 4717 748 4767 ;
797 4701 927 4756 hinc
955 4718 1098 4757 unus
1124 4704 1345 4774 elapsus
1378 4706 1545 4761 fuerit
1570 4708 1623 4760 in
1648 4718 1833 4762 monte
1857 4724 1918 4761 ac
1945 4709 2064 4778 pri-

492 4791 598 4845 mis
622 4792 747 4847 vita:
774 4796 1096 4850 monasticae
1146 4796 1497 4860 rudimentis,
1524 4799 1845 4868 priusquam
1874 4800 1927 4853 in
1964 4816 2062 4854 co-

492 4882 734 4938 lumnam
756 4884 1164 4941 admitteretur.
1192 4888 1252 4941 ln
1282 4889 1383 4943 hac
1426 4890 1735 4956 humiliori,
1768 4900 1824 4944 et
1878 4893 2062 4961 potius

492 4970 609 5024 basi
639 4987 801 5040 quam
837 4973 1112 5039 columna,
1139 4976 1242 5030 sub
1269 4977 1445 5033 oculis
1494 4979 1723 5034 Joannis
1767 4980 1896 5033 anni
1920 4980 1972 5044 6,
2005 4981 2061 5035 in

489 5062 754 5126 secunda,
808 5065 974 5132 pedes
1001 5066 1069 5120 40
1096 5068 1396 5135 eminente,
1445 5070 1477 5123 8
1520 5072 1802 5126 transacti.
1858 5070 2061 5141 Sicque

489 5152 562 5207 20
595 5161 716 5208 erat
744 5168 1036 5221 annorum,
1071 5167 1132 5212 ut
1154 5161 1410 5215 meminit
1463 5178 1720 5231 expresse
1750 5163 1869 5217 Vita
1904 5178 2057 5217 num.

498 5243 591 5309 72,
620 5258 746 5298 cum
794 5245 920 5301 inde
940 5248 1192 5319 migravit
1228 5251 1283 5304 in
1316 5251 1554 5306 Montem
1590 5252 1929 5308 Mirabilem:
1963 5254 2057 5309 ubi

498 5336 772 5406 reliquum
807 5338 933 5393 vita:
965 5349 1179 5411 tempus
1202 5343 1459 5410 confecit,
1481 5345 1641 5399 annis
1699 5344 1765 5399 10
1796 5346 1852 5398 in
1900 5356 2055 5415 petra

486 5425 592 5479 sub
628 5427 744 5493 dio,
769 5429 838 5482 45
873 5446 1046 5500 usque
1073 5433 1137 5486 ad
1168 5434 1377 5487 obitum
1416 5434 1470 5487 in
1506 5437 1761 5490 columna
1782 5448 2053 5505 perstans.

487 5511 864 5572 Consentium
921 5520 1008 5576 his
1058 5521 1282 5587 Menam,
1339 5533 1396 5577 et
1453 5524 1771 5594 Synaxaria,
1809 5543 1977 5582 unum
2010 5530 2055 5585 si

488 5605 673 5662 locum
701 5611 966 5680 excipias,
1007 5612 1100 5665 ubi
1138 5614 1301 5668 stanti
1338 5613 1393 5667 in
1444 5615 1698 5668 columna
1732 5617 1802 5671 40
1854 5620 2053 5687 pedum

482 5714 661 5754 annos
693 5701 759 5754 18
799 5703 947 5771 pro8
974 5703 1244 5768 tribuunt,
1278 5704 1446 5769 facili,
1504 5714 1564 5760 ut
1597 5706 1773 5773 vides,
1812 5723 2004 5765 errore
2037 5729 2050 5765 :

486 5788 575 5844 cui
601 5801 1009 5862 consequenter
1039 5794 1371 5852 inhzercntes
1402 5796 1722 5854 universum
1758 5799 1883 5856 vitae
1914 5808 2054 5856 tem-

2170 4596 2501 4668 imaginibus
2523 4600 2559 4653 l.
2586 4616 2658 4665 ιν,
2682 4616 2732 4655 c.
2763 4603 2816 4667 5,
2841 4603 2910 4657 ab
2932 4603 3135 4657 Allatio
3170 4606 3224 4658 in
3250 4605 3611 4664 Diatribabic
3634 4627 3744 4679 pro-

2166 4690 2330 4745 ducta
2358 4708 2372 4756 ;
2406 4701 2463 4746 et
2493 4693 2599 4747 alia
2627 4693 2889 4749 Hadriani
2916 4695 2936 4749 1
2964 4712 3117 4766 papae
3165 4698 3231 4752 ad
3279 4700 3544 4755 eumdem
3592 4703 3743 4757 Cam-

2166 4782 2281 4836 lum
2315 4799 2415 4853 pro
2446 4786 2653 4856 synodo
2678 4787 2896 4841 Niczena
2927 4803 2965 4841 ιι
2994 4789 3048 4842 in
3082 4789 3325 4844 editione
3368 4790 3737 4847 Conciliorum

2164 4875 2474 4932 Labbazana
2525 4878 2685 4935 dicta:
2729 4880 2941 4951 synodo
2988 4881 3283 4952 subjuncta
3315 4884 3595 4955 (utraque
3644 4902 3736 4941 non

2162 4970 2327 5042 longo
2355 4980 2479 5042 post
2532 4982 2777 5043 tempore
2813 4974 3037 5043 scripta)
3067 4976 3385 5045 exprimant
3414 4992 3626 5032 nomen
3651 4977 3733 5032 Ja-

2163 5065 2420 5129 stiniani,
2485 5080 2597 5118 non
2654 5066 2896 5120 Justini:
2960 5074 3075 5121 tum
3134 5068 3379 5138 denique
3436 5072 3615 5125 etiam
3662 5071 3732 5127 vel

2163 5158 2420 5223 maxime,
2477 5157 2625 5226 quod
2680 5157 2863 5211 statim
2917 5158 2974 5213 in
3017 5160 3293 5229 principio
3346 5161 3618 5232 Epistola:
3664 5164 3733 5218 di-

2162 5260 2358 5304 cantur
2404 5250 2691 5304 Samaritae
2748 5251 2803 5304 in
2854 5261 3099 5306 sanctum
3143 5254 3418 5324 templum.
3461 5258 3615 5325 quod
3647 5258 3735 5311 im-

2159 5350 2382 5411 perator
2423 5340 2749 5394 struendum
2805 5351 3118 5407 curaverat,
3171 5360 3269 5414 per
3310 5361 3595 5401 summum
3624 5364 3730 5403 sce-

2160 5432 2246 5487 lus
2274 5441 2439 5501 atque
2479 5433 2817 5502 impietatem
2862 5436 3124 5490 saeviisse.
3151 5438 3439 5494 lncertum‘
3458 5452 3644 5497 manet
3673 5460 3729 5497 cx

2159 5528 2412 5596 epistola,
2449 5534 2574 5580 uter
2599 5526 2879 5580 curaverit
2908 5544 2922 5593 ;
2964 5542 3077 5581 non
3108 5538 3293 5583 manet
3314 5545 3381 5583 ex
3422 5534 3729 5603 conjectura

2158 5618 2452 5687 probabili.
2486 5617 2623 5673 Cum
2657 5618 2807 5672 enim
2844 5619 2973 5673 totis
3014 5635 3107 5674 sex
3131 5620 3288 5675 libris
3320 5624 3642 5692 complexus
3667 5624 3729 5676 sit

2157 5708 2461 5779 Procopius
2492 5708 2935 5765 substructiones
2964 5721 3128 5781 atque
3154 5712 3389 5769 aedilicia
3415 5715 3599 5770 omnis
3637 5729 3725 5786 ge-

2156 5803 2306 5858 neris
2336 5802 2463 5858 fcre‘
2485 5802 2795 5871 innumera,
2823 5804 3029 5875 ubique
3059 5815 3327 5864 terrarum
3362 5824 3392 5864 a
3421 5810 3719 5867 Justiniano
