3988 6524
162 339 316 404 2977

1312 326 1909 391 COMMENTARIUS
1945 326 2312 389 PIUEVIUS.

3288 331 3428 397 2978

162 452 443 510 excitata,
479 446 728 516 interque
757 459 820 499 ea
854 450 1181 498 numeretur
1216 441 1478 510 templum
1510 440 1756 509 Deiparaa
1784 442 1829 499 Α
1859 438 2018 503 hens,
2072 438 2218 494 inter
2246 438 2352 493 alia
2392 438 2509 494 haec
2548 439 2762 510 profert
2803 456 2871 498 ex
2912 441 3263 513 Epiphanio:
3300 443 3430 509 Qui-

163 542 429 613 Virginis
460 539 845 608 Porphyreone
876 552 889 600 ;
919 536 1065 590 circa
1108 548 1273 603 quam
1313 533 1591 587 civitatem
1620 542 1759 587 tem-

164 642 365 706 pestas
410 632 681 703 praecipue
715 629 993 684 indicatur
1024 626 1379 691 desazviisseq
1404 625 1603 680 Justini
1626 638 1757 678 vero

166 726 418 798 paucula
439 723 685 793 quazdam
714 728 1071 775 monumenta
1095 718 1164 773 ab
1198 717 1522 772 auctoribus
1545 732 1756 771 memo-

169 826 422 881 rentur;
456 814 609 868 facile
644 812 829 883 quivis
863 809 1209 881 dijudicabit,
1248 809 1357 862 utri
1385 806 1757 862 verosimilius

169 924 233 963 ac
267 908 489 962 certius
514 906 631 960 haec
667 903 899 973 epistola
929 901 1194 971 inscripta
1228 899 1415 954 fuerit.

237 997 337 1051 εει.
380 998 614 1065 Reliqua
649 994 895 1065 ejusdem
947 993 1149 1062 scripta
1198 998 1486 1047 enumerat
1524 988 1757 1044 Allatius

169 1094 281 1147 hoc
312 1090 487 1144 modo
519 1092 612 1144 :4.
644 1088 897 1159 Ejusdem
919 1086 1205 1158 Τροπάρια
1240 1088 1319 1149 εἰς
1343 1085 1434 1138 τὸν
1458 1086 1615 1153 ἅγιον
1665 1101 1760 1154 με·

167 1181 575 1252 γαλομάρτυρα
636 1181 951 1251 Δημήτριον
999 1179 1056 1231 ὲν
1082 1177 1158 1240 τῷ
1185 1178 1359 1247 Στίχῳ
1383 1194 1397 1209 ο
1428 1176 1681 1248 Troparia
1703 1177 1759 1230 in

168 1283 426 1329 sanctum
460 1290 711 1345 magnum
760 1279 1047 1343 martyrem
1101 1270 1424 1324 Demetrium
1459 1271 1515 1323 in
1559 1268 1755 1334 Sticho,

170 1366 244 1420 26
275 1365 545 1420 Octobris.
604 1364 659 1419 5.
700 1362 957 1433 Ejusdem
994 1361 1144 1431 Εὺχὴ
1185 1361 1322 1430 πρὸς
1351 1360 1442 1412 τὸν
1466 1360 1613 1423 Υῑδν,
1654 1360 1761 1430 ἰδία

174 1459 319 1528 πρὸς
390 1458 518 1520 τοὺς
574 1454 1042 1525 παρενοχλοῦντας
1089 1451 1401 1521 λογισμούς*
1456 1449 1644 1505 Oratio
1690 1451 1758 1505 ad

176 1549 406 1612 Filium,
448 1544 854 1617 particulariter
917 1543 987 1598 ad
1040 1541 1369 1613 repellendas
1422 1538 1759 1593 obturbantes

178 1639 550 1709 cogitationes.
596 1635 941 1704 Principium
991 1643 1117 1688 est:
1154 1632 1400 1685 Δέσποτα
1426 1630 1598 1699 Κύριε
1649 1631 1760 1700 Ἰη-

178 1729 277 1782 σοῦ
320 1728 551 1799 Χριστὲ,
579 1728 717 1795 Λόγε
740 1726 833 1779 τοῦ
876 1724 1012 1778 Θεοῦ
1053 1722 1307 1785 ἀθάνατε,
1366 1722 1395 1774 ὁ
1444 1720 1553 1774 τῶν
1605 1720 1760 1791 μεγί-

1856 548 1983 585 ηαιη
2020 548 2141 586 vero
2167 533 2361 601 fuerint
2418 532 2723 598 Samarites,
2779 549 2929 589 nemo
2974 536 3027 589 in
3066 536 3254 589 divinis
3305 553 3426 590 ver-

1856 632 2003 677 satus
2030 621 2315 692 Scripturis
2343 625 2573 693 ignorat.
2600 623 2669 677 Ili
2705 634 2848 687 sunt,
2877 625 2965 694 qui
2992 642 3109 681 cum
3142 626 3294 681 divisi
3345 644 3428 681 es—

1859 723 2041 769 senta
2096 715 2315 779 Judwis,
2353 732 2455 767 non
2504 715 2775 785 templum,
2840 734 2943 770 non
2994 719 3282 787 sacriﬁcia,
3346 719 3429 773 vel

1857 806 2194 859 ratremonias
2230 821 2529 857 communes
2570 822 2688 859 cum
2736 807 2840 861 illis
2876 808 3175 862 habebant:
3206 827 3427 880 cumque

1860 896 2089 966 quinque
2120 904 2327 949 tantum
2361 896 2553 966 Moysis
2606 896 2764 951 libros
2800 900 3104 963 retinerent,
3151 904 3429 970 prophetas

1863 1005 1926 1042 ac
1960 996 2152 1043 caetera
2206 988 2397 1042 divina:
2455 987 2746 1058 Scriptura:
2788 988 3056 1043 volumina
3109 992 3430 1062 negligenter

1861 1080 2206 1150 rejiciebant;
2235 1096 2338 1133 non
2395 1080 2662 1135 credentes
2708 1084 3141 1136 resurrectionem
3194 1093 3428 1137 mortuo-

1862 1189 2019 1238 rum;
2058 1183 2308 1242 negantes
2338 1180 2386 1225 et
2417 1171 2672 1242 Spiritum
2724 1182 2991 1226 sanctum.
3014 1174 3177 1229 Plura
3220 1177 3263 1231 si
3301 1177 3386 1231 vis
3410 1217 3428 1242 ,

1860 1278 2043 1331 quaere
2073 1263 2217 1331 apud
2257 1263 2433 1332 ipsum
2469 1262 2837 1332 Epiphaniam
2866 1263 2921 1316 in
2957 1263 3215 1319 Panario.

1931 1354 2021 1409 26.
2052 1354 2223 1408 Iidem
2259 1354 2381 1407 aliis
2411 1355 2726 1408 successive
2758 1354 2976 1409 saaculis
3022 1356 3305 1425 impietate
3367 1373 3431 1413 ac

1863 1445 2169 1500 sceleribus
2219 1444 2723 1509 famosi,licentius
2772 1460 2935 1515 agere
2967 1454 3254 1514 ceperunt
3295 1456 3430 1500 tem-

1862 1538 2091 1607 poribus
2124 1538 2380 1592 Zenonis.
2408 1537 2538 1593 Cum
2563 1539 2701 1591 enim
2728 1539 2967 1591 coiissent
2997 1538 3187 1600 subito,
3214 1548 3274 1592 ut
3302 1538 3433 1592 scri-

1864 1630 1943 1685 bit
1984 1630 2339 1699 Procopiusl.
2367 1646 2400 1683 v
2430 1630 2494 1681 de
2518 1629 2683 1698 fEdif.
2717 1645 2769 1683 c.
2809 1631 2862 1694 7,
2898 1630 3037 1699 facto
3062 1629 3287 1699 Neapoli
3329 1631 3432 1683 im-

1864 1731 1982 1792 petu
2001 1725 2053 1775 in
2068 1721 2412 1785 Christianos,
2432 1725 2618 1791 festum
2632 1723 2685 1774 in
2705 1720 2919 1774 ecclesia
2944 1720 3281 1782 celebrantes,
3296 1724 3435 1792 quod

181 1834 328 1871 στων
348 1789 582 1871 τουτωνὶ
609 1789 823 1884 ctissime
851 1813 1100 1884 τεχνίτης
1126 1811 1218 1865 καὶ
1246 1789 1615 1881 κυϐερνήτηςξ
1632 1810 1765 1863 Erat

1879 1813 2169 1867 Pentecoste
2200 1823 2437 1875 vocatur,
2464 1812 2658 1866 multos
2686 1811 2968 1879 conﬁciunt
2998 1830 3015 1877 ;
3056 1811 3271 1866 illorum
3320 1814 3434 1883 epi-

181 1924 245 1963 ea
265 1909 321 1962 in
338 1907 592 1963 Palatina
617 1914 675 1961 et
700 1921 872 1976 penes
910 1904 1189 1958 Allatium.
1224 1903 1278 1957 6.
1309 1901 1561 1972 Ejusdem
1594 1900 1761 1969 Εὑχὴ,

180 2000 462 2070 λεγομένη
498 1999 634 2069 μετὰ
659 1996 913 2067 δακρύων
942 1998 1021 2058 εἰς
1061 1995 1152 2048 τὸν
1204 1992 1409 2065 Κύριον
1463 1992 1619 2062 ἡμῶν
1660 1993 1766 2061 ’1ης

184 2091 314 2145 σοῦν
368 2090 632 2161 Χριστὸν,
673 2091 803 2143 ὅταν
858 2088 1183 2160 ἐπέρχονται
1221 2087 1269 2138 οἱ
1322 2084 1575 2154 λογισμοὶ
1628 2102 1765 2155 πορ-

184 2181 357 2243 vela:
402 2179 585 2235 Oratio
628 2178 903 2232 recitanda
955 2194 1071 2231 cum
1112 2176 1359 2247 lacrymis
1389 2175 1457 2229 ad
1483 2174 1767 2229 Dominum

187 2284 438 2326 nostrum
459 2272 640 2326 Iesum
677 2270 961 2336 Christum,
998 2286 1117 2323 cum
1160 2269 1441 2339 insurgunt
1497 2269 1769 2339 cogitatio-

189 2381 281 2417 nes
306 2363 801 2434 fornicationisEst
840 2361 1173 2432 principium
1206 2378 1220 2414 :
1248 2360 1421 2431 Κύριε
1447 2360 1618 2428 Ἰησοῦ
1637 2362 1769 2431 Χρι-

192 2456 304 2520 στὲ,
335 2457 485 2523 Λόγε
512 2454 606 2508 τοῦ
628 2453 784 2519 Θεοῦ,
803 2453 1210 2521 Λόγεάϐἀνατε,
1237 2454 1265 2505 ὁ
1294 2451 1369 2525 μὴ
1391 2451 1767 2526 καταισχύνων

190 2550 317 2609 τοὺς
379 2547 480 2599 ἐπὶ
540 2546 623 2598 σοί
663 2544 1014 2606 πεποιθότας.
1047 2544 1105 2598 Ιι]
1133 2544 1417 2611 Vaticana,
1461 2545 1595 2600 Cod.
1644 2546 1767 2602 798.

195 2637 246 2692 8.
266 2634 550 2704 Ejusdem.
581 2634 727 2705 Εὐχή
757 2634 857 2703 τῆς
922 2634 1228 2705 ὑπεραγίας
1253 2635 1515 2688 Θεοτόκου
1561 2638 1640 2699 εἰς
1678 2654 1771 2689 πο-

194 2727 399 2798 νηροὺς
426 2724 740 2797 λογισμούς
776 2726 959 2781 Oratio
990 2728 1045 2780 in
1068 2728 1456 2781 sanctissimam
1483 2726 1772 2797 Deiparam

196 2834 291 2888 pro
366 2820 551 2886 pravis
620 2818 1041 2893 cogitationibus.
1100 2818 1479 2888 Principium:
1524 2820 1774 2888 Παναγεα

199 2910 438 2963 Θεοτόκε
481 2909 779 2975 ἁποδίωξον
844 2911 969 2972 τοὺς
1002 2910 1271 2980 πονηροὺς
1308 2912 1401 2964 καὶ
1432 2911 1776 2983 ἀκαθάρτους

197 3002 523 3073 λογισμούς.
562 3002 788 3057 Ibidem.
823 3004 1028 3058 Praeter
1048 3002 1185 3067 haec,
1222 3002 1292 3057 ab
1326 3003 1525 3058 AIIatio
1563 3003 1776 3059 indica-

201 3106 273 3161 ta,
291 3105 479 3150 exstat
495 3110 713 3165 quoque
727 3094 968 3163 Epistola
987 3095 1107 3164 ejus
1135 3094 1189 3148 ir.
1215 3094 1335 3149 Vita
1354 3094 1524 3149 beatae
1550 3094 1772 3151 Marthae

202 3188 419 3242 matris.
436 3187 677 3241 Habetur
694 3194 874 3241 autem
905 3186 1050 3241 dicta
1070 3187 1382 3256 Epistolan.
1403 3187 1490 3249 69,
1512 3187 1773 3258 inscripta

204 3278 626 3349 Staurophylaci
656 3287 865 3333 sanctas
896 3278 1326 3332 resurrectionis
1356 3278 1775 3351 Hierosolymis,

205 3384 371 3439 quem
419 3369 487 3424 de
521 3370 697 3424 salute
723 3375 946 3423 anxium
986 3370 1212 3434 animat,
1236 3386 1301 3424 ac
1336 3380 1544 3440 partem
1577 3381 1778 3427 sanctae

208 3462 396 3517 crucis
443 3470 617 3531 rogat.
651 3462 831 3529 Atque
882 3472 1086 3531 praeter
1114 3462 1229 3517 haec
1252 3462 1431 3516 omnia
1458 3505 1473 3529 ,
1510 3464 1614 3518 alia
1644 3481 1781 3535 quo-

209 3568 311 3622 que
341 3552 505 3606 illum
540 3552 823 3621 scripsisse
846 3568 953 3605 non
977 3567 1173 3621 pauca,
1205 3567 1328 3621 qua:
1357 3561 1665 3623 temporum
1698 3555 1781 3607 in-

207 3643 348 3712 juria
399 3642 635 3712 periere,
669 3641 726 3695 in
777 3651 1062 3709 comperto
1101 3648 1185 3695 est
1219 3655 1285 3694 ex
1316 3641 1549 3710 epistola
1575 3642 1643 3696 de
1673 3659 1779 3712 qua

215 3750 333 3787 mox
364 3774 383 3799 ,
436 3742 628 3787 contra
676 3732 995 3796 Samaritas,
1024 3749 1145 3802 qua:
1189 3734 1374 3803 quinta
1425 3733 1780 3803 indigitatur,

214 3824 289 3879 sic
327 3836 393 3879 ut
418 3824 537 3879 alia:
570 3822 885 3877 necessario
906 3823 1309 3891 praecesserint.
1341 3822 1546 3877 Eodem
1578 3824 1784 3877 faciunt

216 3914 483 3985 Evagrius
519 3922 575 3968 et
602 3914 747 3976 Vita,
788 3927 954 3982 quam
987 3912 1180 3967 damus
1210 3931 1222 3966 :
1256 3928 1489 3982 quorum
1523 3913 1613 3967 ille
1639 3913 1677 3967 I.
1708 3928 1781 3976 Vl,

218 4020 264 4059 c.
313 4006 412 4071 ‘23,
461 4006 615 4068 dicit,
662 4003 767 4058 ista
828 4019 885 4057 ιι.
923 4002 1023 4058 I90
1073 4004 1347 4060 Justinum
1391 4004 1678 4074 epistolam
1753 4019 1785 4058 a

223 4107 417 4153 sancto
442 4095 747 4165 accepisse.

226 4258 347 4331 εν.
380 4256 623 4330 Epistola
662 4256 831 4309 sancti
860 4252 1131 4331 Symeonis
1182 4255 1251 4331 ad
1291 4253 1559 4331 Iustinum
1601 4255 1789 4309 Iunio-

520 4344 631 4380 rem
655 4334 841 4379 contra
878 4325 1179 4379 Samarites
1211 4325 1503 4378 haereticos.

1864 1922 2083 1975 scopum
2117 1904 2501 1958 Terebinthium
2532 1919 2701 1957 sacra:
2731 1920 2925 1957 mensa:
2969 1912 3234 1957 astantem
3280 1921 3435 1957 occu—

1866 2003 2017 2065 pant,
2050 1994 2450 2063 oﬂ‘erentemque
2483 1993 2745 2064 ineffabile
2776 1993 3095 2061 sacrificium
3146 1994 3337 2065 gladiis
3366 1995 3437 2063 fe-

1867 2088 2033 2147 riunt,
2054 2085 2357 2138 vulneribus
2391 2085 2692 2149 concidunt,
2724 2102 2983 2137 manuum
3017 2094 3267 2139 truncant
3310 2086 3440 2157 digi-

1860 2176 1967 2241 ‘tis;
1994 2176 2347 2245 mysteriaque
2377 2176 2632 2245 iujuriose
2650 2184 2937 2228 tractantes
2961 2215 2975 2239 ,
3003 2174 3213 2243 piacula
3243 2193 3433 2247 perpe-

1870 2276 2015 2320 trant
2059 2268 2219 2337 digna
2256 2266 2637 2332 Samaritanis,
2692 2267 2834 2320 nobis
2878 2266 3086 2321 silentio
3131 2268 3435 2338 premenda.

1868 2358 2242 2412 Reuuntiante
2297 2358 2413 2412 ham
2447 2358 2984 2426 Constantinopolim
3019 2366 3075 2412 et
3097 2359 3430 2415 ostendente

1872 2450 1929 2507 in
1961 2466 2017 2507 se
2052 2450 2290 2508 admissa
2350 2451 2558 2505 scelera
2611 2449 2997 2514 Terehinthio,
3040 2450 3435 2515 Samaritarum

1872 2542 2165 2597 insolentia
2194 2544 2263 2597 ab
2294 2543 2625 2614 imperatore
2648 2541 2817 2599 armis
2837 2560 3085 2615 repressa
3108 2555 3209 2600 est.
3236 2546 3444 2602 Deinde

1872 2635 2073 2690 iterum
2145 2635 2319 2690 moliti
2377 2636 2531 2690 varia
2586 2637 2689 2691 sub
2742 2637 3034 2693 Anastasio
3080 2638 3441 2707 imperatore,

1872 2726 2071 2779 iterum
2108 2742 2298 2796 poenas
2336 2726 2814 2790 dederunt,etiam
2856 2744 3161 2798 supremas.
3194 2730 3442 2800 Denique

1874 2818 1977 2872 sub
2002 2818 2315 2874 Iustiniano
2346 2819 2728 2875 crudelissime
2759 2822 3006 2876 omnium
3047 2822 3355 2885 sazvientes,
3377 2840 3442 2879 ea

1874 2918 2161 2978 patrarunt
2177 2926 2367 2979 opera,
2391 2926 2513 2980 qua:
2533 2911 2713 2965 audiri
2743 2911 2862 2966 sine
2878 2912 3111 2968 horrore
3138 2924 3443 2984 nequeunt.

1876 2998 1956 3053 Ita
2005 3000 2398 3055 describuntur
2427 3017 2456 3054 a
2517 3001 2719 3073 Cyrillo
2762 3003 2817 3056 in
2869 3003 2992 3057 Vita
3038 3014 3239 3060 sanctae
3264 3005 3443 3071 Sabaz,

1800 3122 1841 3181 ε
1876 3106 1999 3160 qua:
2028 3090 2213 3146 Greece
2245 3108 2414 3161 penes
2446 3108 2544 3147 nos
2562 3102 2669 3157 est,
2698 3092 2878 3147 danda
2912 3094 2944 3147 5
2970 3094 3311 3150 Decembris.

1945 3183 2034 3237 27.
2060 3184 2287 3254 Jamque
2319 3201 2495 3238 rerum
2532 3188 2725 3255 potitus
2756 3186 3090 3240 Justinianus
3133 3188 3447 3242 moderaba-

1876 3286 1965 3331 tur
2009 3278 2307 3347 imperium,
2339 3294 2457 3330 cum
2503 3278 2558 3330 in
2601 3277 2891 3332 Palaestina
2925 3294 3049 3347 gens
3095 3277 3447 3336 Samaritana

1877 3384 2051 3439 regem
2079 3368 2176 3422 sibi
2197 3368 2471 3422 lulianum
2492 3369 2790 3439 quemdam,
2827 3377 2875 3422 et
2906 3371 3078 3440 ipsum
3098 3369 3447 3437 Samaritam,

1880 3460 2143 3531 eligentes,
2175 3460 2345 3514 multa
2394 3461 2771 3516 contumeliose
2795 3463 3045 3517 adversus
3084 3462 3450 3519 Christianum

1881 3565 2069 3602 nomen
2095 3550 2210 3602 ausi
2243 3549 2473 3619 fuerunt.
2519 3550 2744 3619 Templis
2776 3567 3007 3621 namque
3040 3551 3256 3622 direptis
3280 3554 3450 3623 subji<

1881 3639 2082 3693 ciebant
2106 3641 2315 3709 ignem;
2349 3639 2671 3695 Christianos
2700 3641 2921 3709 inﬁnitis
2971 3643 3298 3698 excruciatos
3343 3652 3453 3698 tor-

1882 3732 2070 3783 mentis
2126 3731 2335 3784 tandem
2383 3733 2541 3785 morti
2587 3732 3128 3797 tradebant;vicinos
3177 3751 3339 3805 pagos
3371 3737 3455 3789 in-

1883 3821 2205 3874 cursionibus
2238 3822 2668 3891 populabantur;
2701 3832 3007 3877 sanctorum
3045 3828 3217 3878 thecas
3251 3826 3456 3896 diffrin-

1883 3920 2080 3982 gentes,
2140 3913 2488 3967 imminebant
2544 3915 2601 3967 in
2649 3916 3024 3983 ﬂammas:et
3074 3916 3183 3969 hwc
3234 3917 3454 3971 seevities

1885 4006 2148 4075 prazcipue
2176 4022 2277 4058 non
2326 4006 2609 4060 admodum
2661 4008 2871 4059 remotis
2910 4005 3137 4077 Neapoli
3173 4008 3459 4077 grassaba-

1887 4103 1974 4147 tur
2022 4094 2165 4149 locis.
2192 4094 2362 4149 Porro
2409 4096 2705 4166 episcopum
2737 4094 3063 4147 sustulerunt
3087 4094 3282 4165 gladio,
3314 4111 3460 4149 com-

1887 4187 2250 4256 prehensisque
2320 4186 2631 4255 quibusdam
2685 4185 2994 4256 presbyteris
3027 4226 3042 4250 ,
3123 4178 3457 4240 membratim

1889 4276 2058 4345 primo
2090 4294 2151 4330 ac
2191 4277 2459 4346 frustatim
2486 4276 2607 4328 illos
2629 4284 2927 4340 secuerunt,
2961 4293 3185 4345 cumque
3216 4276 3456 4347 reliquiis

1891 4378 2189 4439 martyrum
2210 4370 2263 4421 in
2284 4368 2555 4437 sartagine
2594 4367 2855 4436 frixerunt
2882 4384 2899 4421 :
2933 4368 3153 4437 denique
3191 4367 3337 4421 nullo
3362 4386 3463 4421 au-

288 4460 383 4515 ‘15.
412 4457 603 4513 Fidem
636 4456 921 4520 solvimus,
948 4469 1053 4524 qua
1084 4468 1143 4508 se
1175 4451 1469 4507 obstrinxit
1490 4452 1789 4507 Bollandus
1820 4450 1866 4508 D
1895 4460 2061 4514 daciw
2091 4470 2184 4513 aut
2210 4458 2538 4513 contumelia:
2565 4474 2753 4529 genere
2773 4469 2957 4512 contra
2989 4457 3312 4513 Christianos
3338 4460 3462 4513 abs-

226 4553 288 4607 ad
320 4554 355 4608 5
402 4552 629 4607 Januari
663 4549 718 4602 in
753 4547 878 4602 Vita
902 4548 1012 4617 jam
1040 4560 1182 4614 saape
1231 4545 1519 4599 memorati
1566 4544 1791 4616 Symeo-

229 4645 310 4699 nis
334 4643 548 4714 Stylita:
598 4639 867 4702 Senioris,
929 4652 1027 4707 per
1082 4637 1490 4705 Metaphrasten
1547 4636 1788 4704 scripta,

227 4750 345 4803 cap.
379 4735 464 4797 Η,
487 4741 678 4786 annot.
709 4730 765 4795 d,
808 4744 934 4785 cum
961 4728 1128 4783 latius
1156 4728 1248 4782 hic
1275 4727 1342 4782 de
1370 4725 1652 4781 Samaritis
1693 4742 1790 4780 seu

232 4824 587 4880 Samaritanis
626 4822 895 4892 agendum
925 4819 1220 4889 promittit.
1245 4814 1514 4887 Neapolis,
1552 4816 1793 4870 IIebrazis

163 4974 178 4986 ο
233 4910 433 4979 Sichen,
465 4931 561 4970 seu
584 4912 786 4969 Sichem
808 4910 1131 4975 etSichima,
1152 4909 1287 4963 urbs
1316 4906 1718 4962 estPalazstinaa
1740 4905 1796 4959 in

236 5004 480 5061 Samaria
545 5004 892 5074 episcopalis,
953 5001 1117 5056 hodie
1172 5000 1287 5054 fere
1339 4998 1617 5052 exstincta
1673 5005 1732 5051 et
1767 5012 1796 5051 a

238 5101 427 5169 paucis
466 5099 712 5153 habitata
744 5116 756 5152 :
792 5098 963 5153 distat
1019 5111 1047 5150 a
1102 5093 1351 5149 Samaria
1399 5092 1537 5147 urbe
1562 5108 1615 5145 Ix
1644 5091 1702 5145 P.
1727 5091 1797 5145 Μ.

239 5191 291 5246 in
322 5196 602 5248 Austrum.
634 5191 893 5245 Imminet
924 5188 1045 5243 urbi
1064 5202 1222 5242 mons
1252 5186 1415 5249 altus,
1441 5184 1678 5240 Garizim
1709 5199 1802 5239 noo

240 5286 403 5349 mine,
431 5299 594 5354 quem
629 5282 761 5337 olim
794 5282 847 5335 in
899 5279 1259 5335 veneratione
1290 5278 1570 5332 habebant
1594 5288 1648 5329 et
1668 5292 1799 5345 pre-

242 5377 468 5431 cationis
509 5390 673 5429 causa
715 5373 938 5428 adibant
996 5369 1326 5427 Samaritani
1360 5387 1373 5422 :
1422 5383 1657 5438 quorum
1689 5369 1799 5438 jam

245 5476 354 5521 tum
404 5469 608 5524 Christi
660 5465 1001 5535 temporibus
1054 5472 1261 5519 sectam
1296 5461 1566 5516 Baronius
1617 5459 1799 5514 tom.I

249 5559 435 5615 Annal.
468 5559 603 5616 locis
646 5557 832 5624 variis,
873 5556 1148 5628 pratcipue
1188 5556 1244 5609 in
1272 5554 1550 5625 Apparatu
1580 5552 1799 5608 descri-

1899 4552 2187 4603 tinuerunt.
2240 4549 2365 4603 Haec
2417 4547 2813 4601 immanissima
2866 4548 3094 4611 scelera,
3147 4554 3203 4602 et
3257 4548 3301 4602 si
3357 4564 3465 4617 qua

1899 4647 2184 4710 praeterea,
2205 4638 2351 4693 circa
2374 4638 2830 4709 Porphyrionem,
2850 4647 2909 4692 ut
2935 4648 3211 4707 putamus,
3230 4649 3463 4707 patrata,

1899 4739 2201 4802 potuerunt
2234 4746 2264 4785 a
2313 4730 2611 4784 mitissimo
2638 4729 2760 4784 viro
2793 4738 2849 4784 et
2880 4729 3096 4784 miseris
3145 4746 3468 4786 succurrere
3524 4720 3529 4725 ⁸

1899 4821 2331 4892 promptissimo,
2364 4819 2460 4873 ubi
2524 4818 2697 4889 gloria
2747 4817 2846 4872 Dei
2900 4828 2958 4873 et
2991 4818 3340 4873 incolumitas
3368 4819 3472 4873 Ec-

1899 4914 2066 4968 clesia
2110 4913 2488 4982 periclitatur,
2552 4910 2807 4980 exemplo
2871 4909 3103 4964 aliorum
3132 4920 3471 4974 sanctorum,

1902 5002 2213 5059 istiusmodi
2251 5010 2591 5069 extorquere
2640 4999 2955 5069 epistolam,
2987 4999 3206 5068 qualem
3248 4999 3473 5070 subjici-

1904 5112 2046 5160 mus,
2073 5094 2138 5149 ad
2163 5092 2533 5149 Iustinianum
2567 5092 2650 5159 (ut
2688 5107 2856 5160 supra
2899 5090 3262 5160 probabiliter
3304 5092 3474 5145 susti-

1905 5187 2122 5257 nemus)
2158 5186 2364 5240 datam.
2397 5184 2595 5254 Ipsam,
2624 5200 2735 5239 non
2790 5192 2851 5237 ut
2900 5182 3169 5237 Baronius
3201 5182 3368 5236 habet
3407 5196 3475 5235 ex

1906 5278 2149 5333 editione
2184 5275 2406 5331 concilii
2444 5289 2509 5330 tn
2552 5274 2760 5329 Niczeni
2791 5273 3005 5336 Latina,
3039 5273 3134 5328 sed
3159 5287 3225 5325 ex
3254 5272 3474 5325 Graeco-

1904 5370 2119 5433 Latina,
2149 5383 2461 5439 quanquam
2496 5383 2606 5422 non
2662 5367 2795 5421 satis
2824 5375 3090 5421 accurate
3136 5363 3472 5426 translatam,

1906 5468 1967 5513 ut
1997 5459 2122 5512 istic
2146 5458 2385 5514 Actione
2406 5458 2439 5513 5
2456 5472 2617 5512 versa
2637 5463 2745 5521 est,
2769 5456 2861 5511 hic
2878 5454 3065 5524 accipe
3097 5494 3111 5517 ,
3139 5460 3326 5522 utpote
3348 5466 3475 5505 cum

1903 5554 2164 5607 centextu
2189 5550 2433 5607 auctoris
2454 5548 2626 5607 Graeci
2654 5547 2825 5620 magis
2850 5544 3274 5603 concordantcm
3302 5541 3404 5613 (I).

315 5770 383 5839 tt)
412 5769 563 5825 IIanc
601 5766 903 5839 Epistolam
939 5763 1080 5819 infra
1110 5763 1324 5828 damus,
1359 5770 1479 5832 post
1511 5761 1692 5816 Vitam
1724 5758 1781 5815 S.
1814 5760 2120 5831 Symeonis.
