3944 6500
618 328 763 393 2979

1887 331 1948 392 S.
1990 331 2289 394 SYMEON
2326 333 2606 396 JUNIOR

3692 342 3788 412 998i)

690 444 782 498 3i.
819 439 1097 497 Hactenus
1113 440 1372 512 epistola,
1412 448 1524 496 tam
1583 440 1703 497 zelo
1756 439 1963 498 divina:
2001 444 2190 514 gloriae
2217 449 2264 507 Α
2290 444 2535 516 insignis,
2567 445 2737 499 multa
2768 453 2820 499 et
2845 446 2981 502 dixit
2999 455 3049 501 et
3076 448 3219 517 fecit,
3254 463 3381 520 quia
3406 450 3667 520 imperium
3686 453 3785 509 ln-

620 529 861 602 odioque
886 529 1166 585 scelerum
1206 533 1393 600 plena,
1427 545 1595 601 quam
1618 546 1733 585 non
1803 531 2076 587 instructa
2128 533 2197 588 ab

622 623 867 678 oratorio
920 621 1222 677 verborum
1253 632 1485 688 ornatu;
1542 622 1690 692 quod
1743 630 1926 679 tamen
1977 623 2197 680 ollicere

621 715 762 770 nihil
809 714 977 770 debet
1045 718 1129 782 (ut
1197 714 1316 768 vult
1367 711 1622 783 epistola,
1661 728 1825 783 quam
1856 712 2091 769 Allatius
2137 712 2196 768 in

623 805 870 859 Diatriba
893 805 1004 869 hic,
1034 804 1136 859 sub
1171 804 1398 859 nomine
1445 803 1629 858 Caroli
1687 803 1863 873 Magni
1918 802 2194 873 producit)

622 899 923 968 quominus
966 897 1208 967 genuina
1261 896 1435 950 sancti
1480 896 1751 967 Symeonis
1791 896 2042 959 dicatur,
2083 896 2196 949 vim

623 988 1042 1060 signiﬁcationis
1090 989 1275 1059 potius
1298 1003 1461 1058 quam
1520 988 1710 1042 fucum
1752 987 2022 1042 orationis
2068 1002 2195 1057 spe-

623 1082 849 1138 ctantis.
874 1081 1099 1136 Refutat
1133 1081 1367 1135 Allatius
1396 1081 1520 1135 loco
1559 1081 1728 1135 citato
1757 1080 1957 1135 dictam
1985 1079 2194 1150 episto-

623 1176 757 1241 lam,
785 1176 901 1230 haec
922 1176 1202 1246 praecipue
1242 1184 1565 1246 argumenta
1615 1176 1985 1245 complexam;
2046 1174 2193 1245 quod

626 1269 1160 1325 sanctuslustiniuni
1207 1270 1542 1338 imperatoris
1601 1284 1758 1322 aures
1798 1267 2002 1322 divinas
2054 1283 2195 1320 nun-

629 1362 938 1433 cupaverit;
972 1360 1119 1431 quod
1142 1362 1383 1415 eumdem
1420 1361 1779 1415 misericordia
1820 1362 1899 1415 uti
1922 1360 2197 1431 prohibue-

628 1454 698 1508 rit
729 1470 748 1517 ;
781 1452 928 1523 quod
963 1454 1055 1523 qui
1082 1452 1331 1507 debuerat
1366 1453 1506 1506 iram
1546 1453 1681 1523 regis
1716 1452 2006 1522 refrenare,
2040 1450 2195 1505 illam

626 1545 793 1613 magis
819 1545 1089 1615 magisque
1106 1544 1467 1610 succenderit;
1499 1543 1646 1614 quod
1664 1543 1777 1615 ejus
1805 1541 2043 1613 exemplo
2069 1559 2195 1597 usus

628 1652 734 1691 non
778 1637 867 1701 sit,
917 1638 1008 1705 qui
1034 1638 1295 1690 neminem
1332 1635 1445 1691 vult
1492 1636 1663 1707 perire
1692 1652 1711 1690 :
1765 1634 1912 1705 quod
1956 1633 2195 1704 denique

628 1729 794 1783 cidem
817 1731 1130 1799 imperatori
1165 1728 1335 1783 Deum
1390 1742 1717 1799 conregnare
1769 1726 1982 1781 dixerit.
2027 1725 2193 1781 Vides

624 1836 789 1891 quam
814 1820 1113 1877 inelllcacia
1149 1821 1261 1875 sint
1306 1820 1512 1885 omnia,
1560 1818 1698 1874 adeo
1734 1827 1798 1874 ut
1839 1832 2024 1888 Opera:
2063 1832 2192 1888 pre-

627 1914 759 1967 tium
793 1928 902 1967 non
956 1912 1029 1968 sit
1064 1912 1327 1967 refutare.
1380 1913 1651 1984 Resurgat
1704 1912 1973 1985 propheta
2024 1911 2193 1977 Elias,

626 2004 749 2059 zelo
806 2004 1009 2059 divina:
1046 2004 1233 2075 gloriae.
1270 2018 1594 2068 succensus,
1625 2003 1847 2074 gravius
1905 2005 2081 2059 multo
2138 2004 2191 2059 in

626 2094 835 2151 scelera
872 2094 1186 2150 istiusmodi
1241 2094 1557 2157 invehetur,
1603 2095 1684 2150 uti
1732 2096 1885 2161 olim,
1942 2094 2123 2166 ignem
2162 2109 2195 2149 e

627 2180 773 2241 caelo
797 2200 1106 2240 accersens.
1145 2184 1202 2239 Si
1254 2184 1382 2255 quis
1444 2185 1680 2240 rel‘utata
1710 2185 1963 2258 pluribus
2021 2185 2192 2255 cupit,

629 2277 791 2332 adeat
824 2277 1052 2333 citatum
1082 2276 1269 2331 Allatii
1306 2277 1488 2331 locum
1528 2294 1543 2330 :
1573 2292 1676 2333 nos
1704 2276 1760 2331 in
1789 2292 1870 2343 re,
1922 2293 2031 2331 non
2092 2276 2188 2329 ad-

628 2369 853 2423 modum
890 2369 957 2423 ad
987 2368 1299 2424 institutum
1322 2376 1571 2423 nostrum
1618 2367 1876 2431 faciente,
1917 2366 2193 2437 longiores

632 2462 800 2517 etiam
853 2460 1078 2527 luimus,
1127 2476 1292 2531 quam
1318 2476 1417 2531 par
1442 2468 1561 2516 est:
1612 2458 1707 2515 sed
1750 2459 2020 2530 promissa
2069 2458 2194 2513 Bol-

626 2554 776 2609 laudi
808 2553 1088 2610 solvimus.

728 2724 756 2797 §
786 2724 874 2781 Vl.
897 2755 967 2764 —
996 2723 1364 2797 Memorabilia
1412 2724 1480 2797 de
1526 2731 1709 2779 sancto
1736 2722 1994 2794 Symeone
2025 2739 2089 2777 cer

1281 2794 1533 2864 Evagrio.
1928 2804 1933 2811 '

691 2927 783 2984 52.
817 2926 1125 2983 Plurimum
1153 2924 1497 2980 auctoritatis
1545 2925 1842 2980 conciliare
1868 2924 2033 2979 debet
2056 2923 2195 2981 Vita:

624 3027 828 3074 nostra:
858 3017 1124 3088 Evagrius
1156 3015 1553 3081 Scholasticus,
1582 3031 1683 3086 per
1730 3015 1822 3070 illa
1845 3031 1967 3085 quae
2015 3015 2071 3069 in
2100 3015 2192 3070 lli-

2299 536 2423 589 ritio
2454 536 2795 591 nuntiabant.
2826 536 3090 604 Quasnam
3119 554 3253 594 vero
3309 540 3407 595 illa
3436 541 3565 608 sint,
3591 558 3684 599 non
3719 562 3791 603 ne.

2298 627 2437 682 mini
2475 628 2691 699 uspiam
2716 629 3008 699 speciatim
3043 645 3376 699 expressum
3406 630 3607 701 legere,
3635 648 3692 689 ne
3710 638 3793 706 qui-

2298 718 2423 774 dem
2456 720 2510 773 in
2534 718 2660 775 Vita
2686 728 2875 775 nostra
2903 721 3231 790 prolixiore;
3259 737 3391 792 qua:
3417 722 3585 778 multa
3637 728 3792 796 quidem

2297 810 2365 865 de
2394 809 2614 865 lustino
2655 810 2882 866 Juniore
2910 852 2926 876 ,
2981 812 3145 883 eique
3181 814 3452 883 praedicto
3506 816 3721 887 imperio,
3751 824 3793 878 de

2298 899 2554 955 llauritio
2585 917 2719 957 vero
2767 917 2998 972 prorsus
3025 904 3165 958 nihil
3191 922 3205 958 :
3261 906 3443 971 unde,
3493 907 3567 961 uti
3590 918 3640 964 et
3671 925 3723 966 ex
3743 930 3794 969 se.

2292 993 2622 1063 quentibus,
2658 1010 2896 1064 pronum
2958 1006 3049 1051 est
3102 997 3388 1066 colligere,
3436 1003 3669 1068 quamvis
3717 1018 3795 1071 pro-

2296 1083 2561 1139 lixissima
2586 1083 2707 1139 Vita
2737 1085 3018 1141 contineat
3039 1087 3297 1156 plurima,
3340 1089 3505 1160 plura
3537 1098 3691 1146 tamen
3709 1108 3795 1161 pr:-

2299 1177 2530 1232 teriisse.
2559 1177 2729 1232 Libro
2757 1177 2959 1233 deinde
3012 1188 3189 1245 sexto,
3236 1196 3367 1250 cap.
3412 1181 3485 1235 23
3533 1190 3653 1247 toto,
3693 1189 3794 1252 quasi

2298 1268 2687 1340 compendium
2713 1272 2839 1327 vitae
2868 1271 3162 1342 Symeonis
3193 1275 3274 1328 sic
3307 1273 3490 1329 texit:
3522 1274 3694 1329 Eodem
3714 1287 3794 1332 tea-

2296 1376 2443 1433 pore,
2509 1377 2629 1415 cum
2678 1361 2960 1433 Gregorius
3022 1375 3263 1418 sanctum
3318 1363 3627 1434 ngeonem
3675 1367 3796 1422 Ιαὴᾶ

2297 1455 2477 1510 morbo
2505 1465 2785 1528 argrotare,
2835 1473 2915 1510 me
2967 1457 3253 1518 indicante,
3290 1457 3562 1511 didicisset
3584 1500 3598 1524 ,
3630 1459 3687 1511 ad
3722 1475 3795 1513 an

2297 1549 2570 1617 confestim
2617 1548 2880 1613 excurrit,
2935 1557 2991 1601 ut
3045 1557 3326 1619 postrema:
3376 1547 3692 1603 salutationis
3726 1553 3795 1619 ορ-

2297 1644 2437 1696 cium
2465 1642 2513 1695 ei
2541 1642 2820 1695 exhiberet.
2846 1641 3036 1696 Verum
3066 1643 3120 1697 id
3150 1643 3289 1712 quod
3335 1643 3598 1712 cupiebat,
3626 1646 3798 1713 conseqsi

2299 1751 2400 1788 non
2422 1735 2614 1804 potuit.
2653 1733 2822 1787 Porro
2856 1735 2938 1788 hic
2973 1732 3195 1803 Symeon
3226 1744 3446 1788 cunctos
3502 1736 3581 1789 sui
3621 1739 3795 1805 temporis

2300 1824 2550 1880 mortales
2579 1826 2773 1880 uirtute
2807 1823 2958 1896 longe
3001 1826 3288 1895 superavit.
3358 1825 3563 1896 Quippe
3602 1845 3631 1880 a
3670 1829 3796 1880 tenuis

2299 1914 2601 1986 unguiculis
2635 1931 2884 1986 asperum
2920 1915 3126 1969 vivendi
3157 1931 3321 1985 genus
3361 1915 3421 1968 in
3473 1915 3695 1969 columna
3738 1934 3793 1969 e1-

2297 2006 2571 2062 coluerat:
2606 2006 2737 2060 adeo
2778 2015 2839 2060 ut
2868 2006 3047 2060 dentes
3098 2007 3154 2060 in
3191 2004 3459 2061 columna:
3501 2008 3703 2063 statione
3732 2008 3792 2077 ipsi

2297 2099 2488 2153 mutati
2520 2096 2734 2168 fuerint.

2369 2187 2459 2241 54.
2502 2186 2819 2241 Columnam
2880 2195 3058 2245 autem
3109 2188 3411 2242 conscendit
3466 2186 3790 2258 hujusmodia

2296 2295 2495 2334 causa:
2533 2277 2668 2334 Cum
2694 2287 2825 2334 esset
2856 2280 3137 2333 admodum
3168 2289 3349 2335 tenera
3389 2280 3558 2334 adhuc
3584 2278 3788 2340 atate,lx-

2296 2371 2422 2425 dens
2457 2380 2506 2425 et
2557 2370 2765 2425 saltans
2790 2387 2884 2441 per
2912 2373 3102 2424 montis
3116 2372 3252 2442 juga
3282 2360 3567 2426 oberrabat
3596 2385 3613 2424 :
3640 2384 3790 2437 cunne

2296 2465 2352 2519 in
2382 2465 2629 2535 pardum"
2670 2465 2957 2528 incidisset,
2983 2481 3171 2518 zonam
3229 2462 3370 2518 collo
3402 2465 3519 2530 eius
3567 2462 3787 2535 injedt;u

2295 2555 2546 2619 belluam,
2565 2556 2767 2609 innata:
2792 2554 3018 2625 feritatis
3047 2554 3285 2621 oblitam,
3322 2554 3480 2626 quasi
3495 2553 3608 2623 joco
3628 2554 3787 2611 trahat,

2296 2647 2366 2701 ad
2397 2648 2776 2702 monasterium
2830 2664 2985 2701 suum
3030 2646 3264 2701 deduxit.
3292 2645 3453 2712 Quod
3485 2641 3786 2714 contemplatu

2301 2741 2553 2812 magister
2582 2739 2719 2810 ejus,
2746 2740 2835 2810 qui
2858 2740 2911 2793 in
2936 2737 3183 2793 columna
3216 2740 3385 2794 vitam
3409 2740 3607 2810 agebat,
3633 2752 3786 2809 psmn

2296 2831 2665 2903 interrogavit,
2682 2831 2935 2900 quidnam
2950 2831 3045 2883 hoc
3060 2839 3208 2884 esset.
3227 2827 3329 2884 Ille
3341 2828 3498 2900 [elent
3521 2845 3619 2883 esse
3640 2843 3785 2895 respon-

2295 2923 2396 2987 dit,
2422 2939 2577 2994 quem
2604 2920 2755 2992 t-ulgo
2788 2931 2989 2976 caltam
3024 2922 3323 2977 nominant.
3356 2922 3525 2993 Atque
3551 2935 3608 2975 ex
3642 2920 3713 2972 hoc
3732 2917 3786 2987 [a-

2294 3026 2375 3072 cto
2399 3016 2761 3087 conjecturam
2782 3020 3015 3086 capiens,
3051 3014 3226 3086 qualis
3268 3021 3597 3086 quantusque
3624 3010 3783 3081 Syrtea»

2225 1788 2266 1842 Β

627 3110 796 3167 storia
827 3125 924 3165 sua
963 3106 1337 3163 ecclesiastica
1367 3107 1435 3162 de
1458 3116 1643 3161 sancto
1689 3104 1947 3179 ngeone
1993 3106 2189 3179 Stylita
2223 3125 2267 3182 ο
2300 3110 2355 3163 in
2411 3109 2619 3163 virtutis
2680 3108 2852 3162 studio
2902 3107 3111 3177 futurus
3155 3115 3308 3173 esset,
3342 3108 3399 3161 in
3433 3105 3693 3160 columnam
3710 3117 3783 3155 ctu

625 3205 846 3261 Juniore
869 3209 1158 3258 memorat.
1182 3200 1316 3256 Nam
1340 3208 1708 3271 praeterquam
1766 3198 1917 3270 quod
1966 3215 2195 3255 summa:

625 3296 755 3353 ﬁdei
812 3293 1115 3349 historicus
1165 3292 1257 3354 sit.
1288 3307 1508 3347 cozevus
1556 3289 1814 3363 Symeoni
1854 3290 1978 3351 fuit.
2018 3306 2193 3361 eoque

624 3386 968 3441 familiariter
1029 3400 1184 3449 usus,
1260 3382 1723 3453 quemadmodum
1790 3397 1855 3435 ex
1908 3381 2195 3451 ipsiusmct

625 3477 830 3541 verbis,
883 3492 1009 3531 mox
1064 3474 1459 3546 subjiciendis,
1520 3481 1702 3544 potest
1758 3472 1937 3544 colligi
1982 3491 1995 3527 :
2056 3471 2192 3527 dicit

627 3574 798 3639 enim,
822 3573 1086 3645 Gregorio
1106 3572 1428 3643 patriarcha:
1482 3571 1831 3627 Antiocheno
1882 3573 2189 3630 innotuisse

618 3664 880 3721 lethalem
920 3664 1092 3718 sancti
1148 3661 1423 3734 ngeonis
1452 3662 1743 3725 morbum,
1791 3662 2057 3716 indicante
2100 3678 2185 3717 se.

614 3758 871 3814 Ostendit
934 3757 1102 3813 etiam
1190 3756 1582 3812 commercium
1652 3756 1965 3810 litterarum
2046 3755 2191 3811 inter

621 3857 919 3918 utrumque
940 3847 1338 3912 intercessisse,
1377 3861 1501 3902 cum
1549 3848 1625 3901 ait
1681 3849 2022 3903 admonitum
2054 3863 2112 3903 se
2158 3864 2189 3903 a

624 3940 827 3994 Sancto
859 3955 959 4010 per
1003 3939 1220 3994 litteras
1243 3940 1413 3995 fuisse
1440 3940 1675 4010 quadam
1707 3956 1875 4010 super
1915 3955 1995 4004 re,
2023 3956 2186 4010 quam

621 4031 851 4101 putabat
888 4030 1147 4086 omnibus
1169 4031 1309 4086 clam
1339 4045 1483 4086 esse.
1512 4030 1763 4087 Certiora
1792 4047 2013 4102 quoque
2056 4046 2188 4100 pro-

624 4123 732 4177 fert
756 4122 959 4178 indicia
989 4131 1195 4178 mutuae
1232 4123 1651 4179 consuetudinis
1681 4122 1804 4178 Vita
1867 4139 2022 4178 num.
2054 4121 2184 4186 2'58,

617 4213 711 4268 ubi
742 4228 866 4282 qua
894 4220 1205 4281 cognoverat
1232 4212 1287 4265 in
1314 4213 1505 4280 spiritu
1531 4211 1778 4283 ngeon,
1802 4211 2048 4283 Evagrio,
2094 4227 2190 4281 pro

622 4305 707 4359 sui
732 4305 982 4374 inipsum
1009 4301 1272 4374 singulari
1295 4304 1640 4373 propensione
1658 4303 1846 4365 animi,
1888 4304 2049 4374 jussit
2104 4304 2191 4357 in—

512 4410 531 4419 "
622 4392 813 4447 dicari.
835 4392 1007 4447 Porro
1053 4392 1436 4447 auctoritatem
1487 4391 1645 4459 Vitae,
1682 4401 1791 4448 tam
1846 4392 2185 4464 frequentia,

621 4482 904 4548 inusitata,
930 4481 1310 4552 stupendaque
1339 4483 1601 4538 miracula
1635 4494 1693 4539 et
1722 4483 2032 4540 inauditum
2056 4486 2185 4540 vita:

620 4573 937 4630 institutum
960 4574 1291 4642 continenti,
1324 4576 1619 4644 conciliat;
1647 4592 1772 4633 cum
1790 4577 2014 4633 vixdum
2038 4592 2187 4632 mor-

620 4678 778 4725 tuum
806 4667 991 4724 Sancti
1025 4668 1397 4739 appellatione
1447 4684 1557 4725 non
1608 4670 1826 4726 dubitat
1878 4671 2186 4734 honorare;

621 4775 747 4815 cum
790 4758 942 4813 illum
998 4764 1215 4812 cunctos
1258 4757 1340 4811 sui
1393 4758 1643 4828 temporis
1693 4757 1943 4812 mortales
1997 4758 2186 4810 virtute

619 4852 771 4923 longe
791 4867 1090 4923 superasse,
1122 4851 1478 4922 pronuntiat;
1521 4866 1646 4905 cum
1671 4849 1999 4931 miraculum
2047 4850 2101 4903 in
2130 4864 2188 4904 sc

618 4943 847 5008 factum,
882 4942 1028 5000 idem
1068 4942 1217 5013 quod
1250 4943 1306 4997 in
1329 4942 1451 4999 Vita
1482 4959 1538 4998 η.
1572 4944 1680 4998 258
1717 4942 1964 5012 ponitur,
2021 4956 2186 4996 enar-

617 5039 725 5086 rat.
749 5029 940 5101 Neque
963 5041 1146 5086 tamen
1171 5030 1377 5092 omnia.
1407 5046 1530 5101 quae
1575 5031 1644 5085 de
1701 5039 1884 5085 sancto
1934 5029 2190 5102 ngeone

618 5122 711 5177 hic
736 5121 928 5182 refert.
953 5123 1349 5192 complectitur
1375 5123 1500 5177 Vita
1528 5136 1717 5179 nostra
1744 5141 1759 5191 ;
1786 5123 1988 5178 desunt
2015 5122 2191 5193 plera-

618 5226 726 5281 que
757 5228 770 5264 :
808 5220 975 5280 atque
1025 5211 1149 5266 ideo
1184 5213 1532 5283 potissimum
1569 5230 1636 5270 ea
1691 5214 1908 5279 damus,
1938 5229 2007 5269 nc
2054 5212 2188 5284 quid

618 5303 757 5358 scitu
784 5302 1009 5374 dignun)
1054 5312 1431 5373 praetereatur.

689 5395 779 5448 55.
811 5393 951 5448 Audi
995 5394 1161 5465 igitur
1198 5394 1377 5465 ipsum
1405 5395 1505 5451 lib.
1553 5414 1606 5461 v,
1664 5413 1716 5453 c.
1759 5396 1853 5460 2|,
1895 5396 2040 5451 inter
2083 5395 2189 5450 alia

623 5485 781 5556 signa
836 5500 966 5555 qua:
1017 5484 1273 5540 Mauritio
1312 5486 1604 5556 imperium
1655 5487 2071 5557 portenderent,
2107 5486 2187 5543 sic

616 5574 935 5645 loquentem
962 5594 976 5629 :
1012 5575 1244 5647 Denique
1276 5575 1523 5648 Symeon,
1560 5580 1651 5648 qui
1665 5578 1829 5647 juxta
1866 5579 2045 5632 urbem
2074 5579 2187 5633 An-

618 5666 866 5720 tiochiam
888 5683 1046 5738 super
1064 5666 1308 5721 columna
1361 5676 1508 5722 stans
1540 5670 1701 5722 vitam
1765 5670 1954 5738 exegit,
2006 5671 2085 5723 vir
2119 5670 2189 5723 ad

619 5770 700 5809 res
733 5757 992 5827 gerendas
1024 5759 1324 5829 aptissimus
1346 5801 1360 5826 ,
1388 5766 1437 5813 et
1469 5759 1664 5813 cunctis
1694 5759 1880 5814 divinis
1912 5760 2186 5814 uirtutibus

2301 3201 2532 3254 admisit.
2572 3198 2690 3266 Qua
2728 3199 2785 3252 in
2825 3199 3072 3253 columna
3096 3239 3110 3264 ,
3151 3209 3199 3253 et
3234 3200 3288 3253 in
3339 3198 3511 3253 altera
3555 3209 3655 3267 qua
3681 3191 3783 3245 estis

2296 3309 2502 3346 summo
2529 3296 2719 3347 montis
2746 3295 2957 3356 vertice,
2981 3301 3093 3344 octo
3123 3308 3185 3344 ac
3235 3291 3517 3362 sexaginta
3550 3285 3687 3354 exegit
3723 3296 3783 3331 αι-

2297 3401 2411 3446 nos,
2434 3386 2579 3438 omni
2602 3385 2789 3455 gratia:
2812 3399 2999 3454 genere
3041 3384 3283 3435 donatus.
3318 3380 3523 3450 Quippe
3558 3377 3635 3448 qui
3656 3380 3693 3425 et
3713 3370 3781 3422 dl-

2299 3493 2478 3530 mones
2534 3477 2787 3547 abigeret,
2813 3484 2863 3528 et
2908 3474 3114 3527 morbos
3163 3490 3224 3526 ac
3254 3472 3534 3543 languores
3562 3478 3702 3521 omnes
3722 3477 3778 3513 tt-

2297 3577 2469 3631 naret,
2504 3578 2553 3620 et
2607 3567 2789 3636 futura
2833 3566 3046 3636 perinde
3099 3582 3159 3618 ac
3209 3563 3496 3635 pra’sentia
3530 3554 3775 3630 prmidmb

2300 3655 2553 3727 Gregorio
2588 3665 2725 3709 certe
2769 3654 3033 3725 prwdixit,
3065 3670 3183 3706 eum
3222 3662 3447 3706 mortem
3468 3639 3774 3719 quidemqui”

2294 3752 2529 3804 visurum
2564 3765 2667 3803 non
2694 3764 2850 3812 esse;
2882 3763 2998 3818 qua:
3040 3763 3162 3800 vero
3219 3753 3333 3817 post
3404 3749 3607 3797 mortem
3657 3734 3776 3804 full“

2299 3850 2492 3901 essent,
2518 3842 2913 3911 ignoraturum.

2367 3934 2455 3989 55.
2486 3932 2721 4002 Cumque
2746 3947 2840 4002 ego
2859 3929 3067 3984 amissis
3092 3929 3263 3983 liberis
3290 3928 3421 3982 meis
3447 3927 3498 3979 in
3517 3921 3662 3977 rarius
3679 3911 3770 3982 ωςί·

2296 4027 2523 4080 taliones
2542 4025 2838 4087 diducerer,
2879 4032 2927 4076 et
2948 4021 3091 4093 apud
3124 4037 3205 4075 me
3230 4033 3517 4090 quaererem
3541 4011 3645 4086 quid
3658 4017 3769 4061 cum

2297 4127 2449 4183 esset,
2499 4134 2595 4171 cur
2618 4115 2918 4187 gentilibus,
2956 4114 3139 4184 quibus
3163 4113 3316 4167 multi
3361 4119 3483 4167 sunt
3511 4105 3651 4167 liberi,
3683 4098 3769 4151 idm

2294 4226 2401 4264 non
2428 4209 2653 4263 eveniret
2688 4223 2707 4272 ;
2749 4205 2988 4276 quamvis
3016 4204 3211 4258 nemini
3239 4217 3457 4273 prorsus
3486 4192 3763 4274 cogitationi!

2296 4300 2433 4353 hanc
2459 4297 2803 4369 aperuissem,
2835 4295 2928 4349 ille
2965 4304 3143 4349 tamen
3190 4295 3526 4364 cogitationes
3550 4283 3679 4343 animi
3708 4276 3771 4333 ιιίί

2299 4389 2689 4460 introspiciens,
2720 4388 2928 4457 scripsit
2967 4386 3038 4440 ad
3080 4402 3182 4445 me,
3213 4395 3271 4440 ut
3315 4385 3385 4438 ab
3422 4384 3496 4437 his
3529 4370 3767 4450 cogier

2224 4463 2264 4516 θ
2295 4482 2387 4536 bus
2446 4481 2803 4544 abstinerem;
2843 4480 3033 4550 quippe
3074 4494 3190 4548 qua:
3228 4470 3629 4548 haudquaquam
3652 4462 3766 4534 ριιίε*
3862 4462 3863 4521 ξ

2295 4583 2413 4630 rent
2463 4574 2593 4629 Deo.
2624 4574 2796 4637 Idem,
2827 4589 2946 4626 cum
2976 4572 3130 4625 uxori
3150 4571 3428 4641 cujusdam
3463 4582 3521 4621 ea;
3546 4560 3646 4617 meis
3662 4568 3761 4609 σιω·

2294 4666 2580 4721 nuensibus
2610 4675 2725 4736 post
2753 4674 2966 4735 partum
3020 4661 3105 4716 lac
3147 4662 3464 4717 obstructum
3497 4663 3623 4715 esset,
3650 4654 3684 4701 et

2293 4759 2412 4830 fans
2440 4758 2491 4811 in
2520 4774 2726 4811 summo
2756 4755 3057 4809 discrimine
3107 4762 3411 4808 versaretur
3435 4768 3454 4817 ;
3483 4748 3676 4833 contacta
3700 4745 3761 4833 ξἰη

2297 4850 2536 4912 dextera,
2564 4848 2833 4919 prwcepit,
2864 4856 2920 4899 ut
2946 4862 3063 4900 eam
3084 4846 3320 4917 conjugis
3352 4859 3459 4898 sua:
3482 4825 3758 4894 mainillisil-

2292 4948 2527 5012 poneret.
2560 4938 2675 5005 Quo
2705 4940 2867 5009 facto,
2888 4940 3070 4992 statim
3103 4937 3188 4991 lac
3208 4938 3363 5007 quasi
3386 4950 3447 4990 ea:
3465 4927 3652 5003 quodam
3672 4919 3759 5012 [ονε

2294 5009 2542 5104 prosiliit,
2602 5031 2733 5085 adeo
2773 5037 2827 5083 ut
2870 5037 3035 5084 totam
3073 5027 3309 5083 mulieris
3337 5036 3518 5081 vestem
3554 5009 3755 5079 νιαάείασθ

2294 5132 2393 5177 ret.
2419 5120 2522 5176 Sed
2551 5130 2599 5175 et
2622 5138 2843 5193 puerum
2865 5122 3167 5191 quemdam,
3192 5127 3340 5173 nocte
3361 5118 3633 5186 intempesta
3658 5120 3681 5156 α
3706 5111 3756 5193 φ’

2294 5215 2500 5270 mitibus
2554 5189 2756 5268 itineris
2805 5189 2898 5285 per
2933 5212 3241 5267 oblivionem
3272 5211 3505 5265 relictum
3528 5207 3572 5258 in
3612 5189 3754 5256 τὶαιίίθ

2298 5304 2602 5374 impositum
2637 5305 2790 5357 dorso
2819 5319 2913 5356 suo
2943 5303 3012 5355 ad
3039 5300 3310 5373 ngeonis
3350 5292 3670 5355 monasterium
3683 5292 3758 5351 P0"

2297 5395 2466 5460 tavit;
2492 5405 2539 5448 et
2554 5395 2774 5465 jubente
2802 5393 3060 5466 Symeone
3106 5395 3299 5466 egressi
3342 5387 3566 5448 ministri,
3591 5384 3754 5450 ραεηηίι

2295 5487 2384 5556 qui
2412 5504 2442 5540 a
2475 5486 2623 5541 leone
2645 5487 3066 5551 custodiebatur,
3092 5486 3507 5540 introduxerunt.
3524 5470 3655 5531 Multa
3674 5473 3756 5532 θ’θ’

2294 5594 2392 5648 que
2427 5578 2558 5643 alia,
2588 5580 2898 5633 memoriam
2952 5595 3159 5632 omnem
3204 5574 3514 5648 superantia,
3548 5564 3751 5657 idem

2294 5671 2382 5730 sit,
2414 5686 2532 5740 qua:
2562 5677 2609 5721 et
2652 5669 2888 5741 linguam
2934 5669 3207 5733 disertam,
3236 5677 3284 5721 et
3311 5667 3483 5727 otium,
3511 5649 3753 5746 et

2293 5737 2435 5831 opus
2464 5737 2765 5815 desiderant
2799 5775 2819 5816 :
2862 5776 3080 5831 quicque
3119 5762 3353 5817 omnium
3390 5769 3507 5830 pene
3531 5737 3748 5805 mortalium
