3944 6490
101 357 285 421 2981

1313 347 1909 414 COMMENTARIUS
1948 345 2315 408 PRIEVIUS.

3273 347 3419 412 2982

109 469 359 541 linguis
394 467 745 522 celebrantur.
786 465 1031 522 Omnium
1066 464 1202 518 enim
1244 465 1521 516 nationum
1573 459 1741 512 homi-
1770 459 1817 518 Α
1843 471 1982 516 sum,
2015 454 2269 524 maligne,
2294 462 2343 507 et
2387 469 2544 507 curre
2593 455 2647 508 in
2693 457 2940 527 ﬂammas
2968 457 3126 526 ignis,
3151 473 3418 526 arsurus;

104 577 259 626 nes,
306 576 423 613 non
465 559 692 612 Romani
732 557 926 620 solum.
957 573 1136 610 verum
1186 557 1347 608 etiam
1400 552 1636 614 barbari,
1672 549 1739 603 ad

104 670 262 706 eum
295 651 677 714 uentitabant;
710 659 759 703 et
804 662 1122 719 quotcunque
1164 645 1598 718 postulaverant,
1640 643 1742 694 im-

107 743 468 813 petrabant.
504 740 612 794 Pro
652 741 760 793 cibo
810 749 988 792 autem
1035 755 1097 791 ac
1148 746 1274 808 potu
1329 737 1376 788 ei
1429 735 1572 805 fuere
1601 733 1741 786 rami

109 835 444 906 cujusdam
502 833 746 903 fruticis,
810 833 896 901 qui
938 846 996 883 eo
1051 831 1106 882 in
1165 835 1341 882 monte
1403 825 1737 880 nascebatur.

111 927 473 994 Utrumque
507 924 656 978 hunc
687 921 902 993 Evagrii
949 922 1132 976 locum
1164 918 1450 974 transtulit
1472 918 1638 972 etiam
1671 914 1740 970 ad

114 1034 239 1080 se,
327 1015 562 1071 totidem
613 1029 752 1084 pene
805 1011 1030 1075 verbis,
1079 1009 1430 1080 Nicephorus
1485 1006 1742 1062 Callistus

119 1109 168 1162 Ι.
224 1127 397 1171 xvm.
436 1123 486 1163 c.
516 1109 546 1161 7
578 1118 635 1163 et
667 1107 758 1160 24.

123 1271 161 1342 ς
192 1271 324 1325 VII.
353 1269 480 1325 Alia
510 1269 572 1322 de
597 1269 776 1321 eodem
808 1265 1193 1342 memorabilia,
1219 1280 1281 1318 ea:
1305 1263 1504 1334 synodo
1525 1260 1742 1316 Nicwna

451 1356 508 1402 ιι,
550 1349 601 1393 et
632 1347 816 1392 sancto
845 1337 1054 1391 Joanne
1110 1336 1459 1390 Damasceno.

231 1452 347 1508 Hic
371 1467 595 1522 quoque
644 1451 1022 1522 paragraphus
1072 1449 1267 1504 eodem
1299 1447 1484 1509 faciet,
1516 1461 1628 1515 quo
1652 1460 1744 1498 su-

134 1544 359 1616 perior
386 1560 401 1597 :
433 1544 694 1598 videlicet
723 1553 785 1597 ut
827 1557 895 1596 eo
926 1542 1153 1612 majoris
1211 1539 1560 1594 auctoritatis
1608 1553 1743 1592 cen-

141 1646 361 1692 seatur
387 1651 508 1691 esse
534 1636 676 1700 Vita,
709 1650 818 1705 quo
851 1634 1134 1704 graviores
1170 1640 1302 1686 sunt
1331 1639 1584 1684 auctores
1609 1669 1622 1694 ,
1647 1629 1742 1698 qui

137 1743 262 1782 sua
289 1765 306 1790 ,
367 1726 416 1779 si
444 1741 552 1779 non
577 1741 643 1779 ex
665 1725 776 1787 illa.
815 1733 964 1778 certe
990 1723 1181 1777 eadem
1212 1736 1337 1774 cum
1364 1721 1479 1774 illic
1516 1729 1744 1775 conten-

139 1819 250 1882 tis,
289 1818 613 1873 testimonia
671 1825 1086 1886 prompserunt.
1151 1815 1230 1869 Ac
1277 1815 1457 1884 primo
1516 1813 1740 1884 quidem

142 1911 415 1982 synodus
473 1910 689 1964 Nicaeua
721 1925 780 1974 ιι,
824 1907 1098 1979 generalis
1153 1924 1252 1973 vn,
1303 1923 1394 1962 an.
1444 1907 1568 1972 787,
1631 1905 1740 1961 Ha-

143 2004 368 2057 driano
397 2002 418 2056 l
444 2015 582 2070 papa
606 2041 620 2065 ,
655 2000 1022 2055 Constantino
1054 2007 1219 2068 atque
1244 1997 1403 2052 lrene
1440 1997 1741 2066 imperato-

149 2096 352 2160 ribus,
417 2094 690 2149 celebrata
756 2102 948 2148 contra
1003 2092 1397 2156 lconoclastas,
1446 2091 1662 2145 actione
1685 2092 1740 2156 4,

153 2188 221 2241 in
247 2185 500 2241 editione
520 2183 938 2240 Graeco-Latina
967 2185 1194 2252 Labbei,
1224 2186 1304 2241 sic
1328 2185 1574 2255 loquitur
1604 2183 1745 2254 ::Jo-

149 2275 318 2344 seph,
353 2275 813 2328 reverendissimus
852 2277 1138 2330 monachus
1178 2284 1226 2329 et
1255 2274 1589 2347 Hegnmenus
1627 2291 1742 2328 mo-

155 2363 397 2416 nasterii
439 2362 719 2428 Heraclia’,
778 2364 911 2418 dixit
946 2363 1062 2418 :Et
1117 2381 1209 2435 ego
1260 2374 1501 2434 peccator
1551 2363 1743 2417 librum

154 2459 303 2523 fero,
339 2456 691 2508 continentem
743 2455 917 2509 Vitam
951 2457 1122 2509 sancti
1168 2454 1442 2527 ngeonis
1485 2454 1743 2510 Mirabilis

155 2547 385 2610 Montis,
406 2556 454 2600 et
474 2555 530 2598 ut
534 2547 753 2614 jubetis.
784 2544 983 2601 Sancta
1031 2547 1259 2618 synodus
1292 2546 1424 2600 dixit
1451 2545 1740 2616 :Legatur.

164 2638 242 2691 Et
279 2639 538 2708 accipiens
571 2636 809 2702 Cosmus,
843 2637 953 2691 Deo
983 2638 1227 2692 amabilis
1262 2639 1534 2699 diaconus,
1562 2647 1610 2690 et
1634 2637 1741 2692 Cu-

160 2728 449 2792 buclesius,
492 2729 632 2800 legit.
673 2729 755 2783 Ex
776 2729 893 2783 Vita
925 2731 1096 2784 sancti
1122 2729 1301 2784 Patris
1333 2731 1501 2783 nostri
1529 2729 1744 2800 Symeo-

165 2821 254 2874 nis
291 2819 550 2874 Mirabilis
575 2820 768 2874 Montis
797 2819 1089 2890 capitulum
1117 2821 1241 2884 H8,
1266 2821 1344 2874 De
1366 2821 1562 2890 femina
1587 2861 1600 2885 ,
1625 2836 1744 2890 quis

177 2911 464 2982 Rhosopoli
491 2911 687 2965 sterilis
720 2921 860 2976 erat,
895 2912 1072 2966 valido
1105 2913 1362 2966 diemom'o
1393 2929 1594 2982 pressa,
1627 2928 1745 2982 quis

171 3022 316 3059 sana
342 3014 393 3058 et
426 3005 647 3074 fecunda
679 3005 841 3075 facta,
873 3007 1156 3075 imaginem
1191 3005 1331 3060 Justi
1366 3006 1613 3076 imposuit
1645 3005 1743 3057 do-

167 3097 246 3149 mi
267 3111 523 3162 sumque:
539 3095 816 3166 magnifice
834 3095 1093 3149 miracula
1119 3096 1455 3166 operabatur.
1483 3095 1744 3161 Quamvis

173 3194 364 3241 autem
437 3186 581 3240 idem
657 3187 986 3241 miraculum
1048 3188 1187 3242 infra
1236 3204 1456 3258 quoque
1508 3189 1563 3242 in
1623 3188 1744 3242 Vita

173 3292 235 3329 ιι.
274 3275 373 3328 125
406 3276 698 3342 referatur,
729 3278 858 3346 quia
894 3287 1076 3332 tamen
1107 3277 1448 3349 aliquantum
1472 3277 1746 3332 discrimi-

174 3366 267 3420 nis
293 3366 604 3430 intercedit,
631 3368 907 3438 praacipue
952 3368 1132 3438 quoad
1177 3369 1424 3438 phrasin,
1453 3378 1618 3438 atque
1653 3368 1737 3421 in-

181 3472 350 3527 super
418 3458 801 3512 auctoritatem
875 3459 1076 3529 accipit
1127 3459 1270 3516 liber
1327 3468 1473 3514 totus
1533 3475 1601 3513 ex
1643 3459 1744 3512 hac

179 3557 347 3604 tanta:
389 3549 579 3619 synodi
610 3550 838 3620 probata
867 3552 1208 3617 narratione,
1247 3551 1424 3606 videri
1453 3565 1747 3622 possumus

180 3649 366 3694 actum
390 3655 501 3693 non
535 3655 718 3710 agere,
750 3641 796 3695 si
832 3643 979 3696 illam
1035 3643 1414 3698 narrationem
1461 3642 1553 3696 hic
1606 3640 1742 3711 adji-

178 3733 410 3786 ciamus.
435 3731 526 3786 Sic
570 3732 740 3802 igitur
773 3733 1066 3789 lectionem
1113 3749 1267 3789 suam
1312 3744 1640 3805 prosecutus
1660 3739 1743 3785 est

177 3821 407 3878 Cosmas
438 3821 732 3877 diaconus:

253 3913 341 3967 '57.
368 3912 560 3966 Mulier
579 3912 823 3983 quaedam
853 3923 969 3966 erat
1011 3912 1292 3982 Rhosapoli
1324 3911 1543 3974 Ciliciae,
1579 3910 1741 3965 Theo-

191 4015 337 4057 tecna
379 4005 541 4066 dicta,
583 4021 700 4074 qua:
735 4005 1066 4059 habitaverat
1121 4022 1240 4058 cum
1293 4007 1403 4059 viro
1451 4021 1547 4058 suo
1587 4004 1742 4057 annis

183 4095 383 4165 uiginti,
417 4103 465 4148 et
515 4095 688 4162 ﬁlium
751 4111 854 4148 non
904 4095 1102 4150 habuit.
1134 4095 1363 4165 Contigit
1423 4105 1601 4149 autem
1623 4111 1742 4149 eam

189 4189 343 4240 etiam
374 4204 406 4236 a
429 4186 663 4239 daemone
683 4202 716 4239 a
751 4187 976 4255 pueritia
1013 4188 1213 4250 vexari,
1242 4195 1293 4239 et
1343 4185 1594 4240 mandere
1642 4184 1745 4238 lin-

190 4293 363 4346 guam.
399 4275 486 4329 Vir
517 4285 692 4330 autem
720 4277 853 4346 ejus,
882 4277 1026 4330 ultra
1054 4293 1158 4330 non
1180 4278 1356 4331 valens
1384 4279 1601 4348 sufferre
1643 4277 1743 4330 tri-

198 4367 471 4424 bulationis
525 4370 637 4438 ejus
689 4371 1014 4438 angustiam,
1042 4371 1239 4423 dimisit
1303 4369 1455 4423 illam
1501 4387 1534 4422 a
1589 4370 1742 4422 domo

1841 556 1892 600 et
1920 546 2000 615 fer
2031 562 2227 617 aquam
2265 553 2315 598 et
2340 545 2528 616 collige
2551 546 2717 617 ligna.
2753 547 2816 602 Et
2847 550 3050 614 statim,
3091 550 3254 604 veluti
3285 567 3414 606 ven-

1841 645 1944 701 tus,
1976 654 2193 691 eurrens
2224 647 2272 691 et
2311 640 2638 693 vehementer
2663 649 2896 696 aestuans
2942 642 3147 697 dtemon
3168 683 3183 707 ,
3211 653 3260 696 et
3308 644 3416 698 tol-

1841 727 1954 782 lens
1986 730 2040 782 in
2069 729 2290 783 muliere
2315 733 2629 799 amphoram
2660 750 2832 803 aqum,
2859 737 3200 799 minabatur;
3237 747 3284 789 et
3320 739 3420 791 im-

1840 817 2038 888 pletum
2065 819 2240 885 illam,
2272 828 2320 872 et
2347 821 2568 876 collecta
2597 823 2660 878 de
2687 825 2821 879 silva
2877 825 3022 896 ligna
3066 828 3267 891 attulit,
3295 831 3414 898 eju-

1843 911 1960 964 lans
1985 922 2032 964 et
2050 912 2225 967 dicens
2250 929 2268 966 :
2297 913 2381 968 Vw
2397 917 2520 970 mihi
2547 917 2687 970 malo
2713 935 2858 972 servo
2877 937 2939 973 ac
2963 921 3222 975 inventori
3248 924 3419 976 malo-

1842 1017 1960 1056 rum
1986 1004 2146 1074 !quid
2170 1023 2354 1074 passus
2376 1024 2494 1061 sum
2521 1008 2701 1063 ?Nam
2729 1029 2760 1064 a
2788 1013 3010 1067 muliere
3055 1031 3170 1068 mea
3199 1024 3416 1085 separat

1843 1111 1926 1148 me
1941 1107 2151 1150 sanctus
2179 1095 2424 1168 ngeon,
2471 1109 2517 1152 et
2553 1100 2678 1169 quid
2733 1101 2928 1170 faciam
2966 1103 3148 1172 infelix
3174 1145 3188 1169 ,
3221 1107 3413 1162 nescio.

1918 1233 2006 1288 38.
2041 1233 2136 1288 His
2173 1242 2352 1288 autem
2399 1236 2547 1291 dictis
2570 1254 2748 1292 coram
2794 1241 3007 1308 populo,
3052 1243 3141 1310 qui
3166 1260 3418 1297 convene-

1844 1333 1969 1388 rat;
2005 1333 2281 1394 postquam
2332 1326 2636 1394 adimplevit
2689 1331 3070 1396 ministerium,
3129 1335 3267 1404 quod
3315 1336 3414 1390 sibi

1843 1414 2018 1483 fuerat
2064 1416 2381 1485 imperatum
2404 1457 2418 1480 ,
2450 1418 2698 1473 clamavit
2759 1421 2984 1476 altisona
3008 1465 3022 1488 ,
3089 1425 3341 1496 loquens;
3366 1438 3415 1484 et

1849 1508 2110 1575 aspiciens
2139 1518 2321 1562 contra
2348 1526 2402 1563 se
2424 1513 2635 1564 veniens
2655 1513 2834 1584 fulgur
2872 1517 3008 1586 ignis
3035 1557 3050 1580 ,
3082 1519 3324 1574 currebat
3357 1523 3413 1576 in

1845 1596 2068 1652 muliere
2113 1616 2204 1677 per
2237 1602 2516 1654 circuitum
2545 1613 2715 1658 status
2746 1607 2880 1676 ejus,
2913 1607 3204 1679 plurimum
3239 1621 3288 1665 et
3317 1614 3414 1667 do-

1847 1687 2014 1742 lenter
2051 1692 2358 1756 cruciatus;
2415 1703 2461 1746 et
2492 1694 2672 1748 taliter
2726 1699 2964 1766 protinus
2998 1701 3123 1754 exiit
3151 1719 3168 1756 .'
3199 1713 3246 1756 et
3297 1722 3413 1758 mu-

1845 1779 1972 1834 liere
2021 1784 2246 1852 pristino
2286 1786 2457 1839 ordini
2501 1787 3008 1854 restituta,‘dimisit
3038 1811 3152 1850 eam
3186 1796 3411 1868 ngeon

1843 1889 2070 1939 sanam;
2109 1875 2283 1929 dicens
2318 1879 2386 1930 ad
2428 1878 2581 1932 illam
2613 1896 2631 1933 :
2670 1880 2832 1947 Vade,
2865 1885 3076 1951 mulier,
3100 1889 3154 1941 in
3195 1889 3408 1946 domum

1843 1971 1989 2017 tuam
2031 1974 2079 2018 ct
2131 1967 2369 2021 cohabita
2413 1987 2531 2023 cum
2558 1973 2668 2025 viro
2695 1984 2820 2038 tuo;
2875 1993 2988 2030 ecce
3033 1981 3175 2034 enim
3212 1982 3406 2037 direxit

1841 2053 2097 2109 Dominus
2121 2073 2212 2110 cor
2244 2060 2379 2127 ejus,
2412 2068 2466 2111 ut
2497 2064 2714 2130 recipiat
2749 2073 2799 2118 te
2827 2083 2948 2120 cum
2979 2070 3174 2137 gaudio
3196 2088 3408 2139 magno.

1845 2141 1994 2208 Quod
2023 2154 2070 2198 et
2103 2147 2300 2214 factum
2355 2158 2450 2203 est.
2514 2151 2750 2224 Cumque
2781 2155 2880 2210 illa
2936 2175 3144 2214 reversa
3199 2163 3407 2232 fuisset,

1843 2237 2022 2288 statim
2079 2248 2274 2291 rectum
2315 2239 2512 2308 factum
2541 2254 2616 2298 est
2647 2261 2736 2298 cor
2767 2248 2866 2300 viri
2893 2251 2976 2303 sui
2995 2251 3064 2303 ad
3087 2251 3410 2323 diligendum

1843 2343 1994 2391 eam;
2016 2337 2063 2381 et
2093 2331 2366 2400 ingressus
2399 2344 2472 2387 est
2513 2339 2581 2389 ad
2607 2337 2779 2405 illam,
2805 2349 2852 2394 et
2879 2344 3149 2413 confestim
3179 2351 3410 2420 concepit

1843 2419 1897 2471 in
1919 2429 2065 2474 utero
2095 2438 2112 2475 :
2143 2432 2190 2474 et
2222 2425 2480 2494 completo
2507 2446 2646 2482 anno
2672 2432 2904 2487 tulerunt
2961 2454 3181 2506 puerum
3207 2443 3276 2495 ad
3295 2419 3413 2497 ser-

1843 2525 1962 2566 vum
2017 2512 2130 2576 Dei,
2157 2514 2435 2571 laudantes
2464 2527 2513 2572 et
2556 2521 2912 2590 gloriﬁcantes
2940 2528 3126 2584 Deum.
3152 2531 3282 2587 Cum
3315 2551 3412 2588 au-

1845 2607 1949 2653 tem
1991 2604 2335 2673 complessent
2381 2611 2678 2665 orationem
2727 2631 2900 2677 suout,
2931 2627 2979 2670 et
3029 2623 3305 2677 rediissent
3341 2626 3412 2688 ad

1844 2694 2116 2761 propriam
2145 2695 2378 2761 domum,
2402 2703 2567 2753 erexit
2592 2703 2781 2756 mulier
2800 2705 2905 2772 ﬁde
2948 2709 3101 2762 ducta
3126 2713 3412 2782 imaginem

1845 2780 2027 2836 Sancti
2049 2790 2103 2837 in
2128 2787 2368 2841 interiori
2399 2790 2554 2844 domo
2579 2809 2678 2847 sua
2706 2811 2724 2848 :
2758 2812 2874 2865 qua:
2901 2780 3412 2867 operabatur-mira-

1844 2874 1984 2938 cula,
2013 2875 2320 2933 obumbrata
2343 2878 2542 2950 Spiritu
2572 2886 2661 2954 qui
2687 2887 2956 2943 habitabat
2998 2893 3051 2946 in
3080 2893 3274 2950 Sancto
3310 2914 3328 2951 :
3361 2905 3412 2951 et

1845 2964 2157 3019 adtemonio
2186 2971 2800 3029 vcxatiemundabantdr
2839 2979 2969 3044 illic,
3023 2989 3073 3034 et
3133 3000 3196 3038 ea:
3253 2988 3414 3042 variis

1847 3057 2170 3124 passionibus
2207 3060 2466 3128 infirmati
2505 3067 2848 3122 curabuntur.
2883 3070 2944 3124 In
2977 3074 3160 3141 quibus
3199 3086 3248 3130 et
3304 3096 3412 3135 una

1774 3145 1815 3200 C
1851 3149 2070 3206 mulier.
2100 3152 2302 3219 fluxum
2324 3156 2597 3224 sanguinis
2623 3158 2945 3214 incessanter
2975 3180 3068 3232 per
3116 3169 3412 3236 quindecim

1849 3253 2016 3291 annos
2045 3255 2222 3308 passa,
2245 3242 2297 3293 in
2313 3240 2417 3307 ﬁde
2438 3247 2658 3297 accessit
2679 3246 2749 3299 ad
2770 3250 3052 3304 videndum
3079 3253 3360 3325 imaginem
3386 3274 3405 3321 ,'

1847 3339 1895 3380 et
1925 3330 2166 3381 continuo
2193 3333 2364 3400 ﬂuxus
2395 3335 2551 3386 stetit.
2571 3333 2718 3388 Dixit
2746 3339 2886 3392 enim
2912 3340 3057 3396 intra
3076 3358 3162 3406 se,
3187 3346 3332 3414 quia,
3355 3345 3414 3402 Si

1849 3425 2052 3470 luttlttm
2078 3418 2252 3470 videro
2292 3421 2686 3476 similitudinem
2733 3427 2868 3496 ejus,
2899 3429 3050 3485 salva
3075 3448 3183 3487 ero.
3228 3433 3412 3492 Videris

1849 3518 2025 3560 autem
2075 3509 2213 3578 quod
2245 3513 2532 3567 exsiccatus
2581 3527 2712 3570 esset
2747 3518 2861 3586 fons
2889 3524 3162 3591 sanguinis
3205 3528 3308 3590 sui,
3340 3528 3412 3582 ad

1848 3601 2108 3653 hominem
2137 3601 2234 3655 Dei
2255 3605 2493 3673 protinus
2539 3611 2790 3675 accurrit,
2816 3612 3048 3668 adorans
3099 3633 3278 3672 coram
3326 3636 3410 3684 eo,

1851 3689 2076 3744 laudans
2118 3703 2166 3746 et
2204 3694 2509 3764 glori/icans
2543 3698 2729 3764 Deum,
2759 3719 2822 3756 ac
2859 3707 3141 3761 enuntians
3176 3710 3412 3765 miracu-

1848 3779 1955 3833 lum
1983 3781 2038 3834 in
2069 3798 2124 3836 se
2155 3793 2534 3853 perpetratum.

1772 1805 1816 1860 Β

1846 4100 2165 4155 miraculum
2223 4107 2396 4158 sancti
2432 4107 2610 4162 Patris
2665 4109 2973 4182 ngeonis:
3029 4117 3282 4190 idemque
3326 4133 3412 4180 est

1845 4193 1987 4260 quod
2016 4204 2237 4250 sanctus
2266 4197 2525 4280 Joannes
2548 4202 2918 4261 Damascenus
2956 4209 3205 4267 oratione
3235 4217 3298 4280 5,
3336 4215 3412 4271 De

1845 4284 2182 4354 imaginibus,
2215 4303 2322 4341 non
2358 4277 2547 4358 procul
2579 4308 2609 4346 a
2638 4293 2743 4350 [Ine
2761 4297 3005 4365 adducit,
3039 4305 3260 4372 praefixo
3285 4277 3410 4364 rhoc

1845 4375 2048 4429 titulo:
2095 4377 2176 4432 Ex
2218 4379 2333 4432 Vita
2375 4385 2548 4436 sancti
2581 4384 2854 4456 Symeonis
2901 4409 3078 4448 rerum
3128 4397 3411 4454 admirabi-

189 4477 304 4522 sua,
337 4470 384 4513 et
410 4477 501 4530 per
531 4470 760 4528 quatuor
788 4475 954 4514 annos
981 4477 1098 4513 cum
1119 4461 1268 4514 nulla
1306 4470 1380 4514 est
1416 4461 1611 4530 femina
1659 4477 1742 4513 so-
1773 4471 1817 4526 1)
1848 4465 1975 4517 lium
2015 4467 2288 4535 effectaris,
2318 4475 2562 4526 narratio
2608 4476 2827 4532 Arcadii
2877 4483 3255 4556 archiepiscopi
3307 4488 3408 4560 Cg-

191 4555 371 4606 ciatns.
412 4552 515 4606 Illa
574 4569 695 4606 vero
752 4555 962 4606 invento
999 4554 1251 4606 comitatu
1285 4555 1519 4622 confugit
1543 4553 1612 4606 ad
1639 4552 1740 4606 Ju-

189 4652 340 4698 stum.
370 4641 500 4698 Cum
551 4653 726 4697 autem
756 4647 967 4699 vidisset
1002 4663 1119 4700 eum
1152 4647 1378 4711 dte-mon,
1405 4648 1588 4699 statim
1639 4647 1742 4713 fre—

194 4736 317 4788 muit
353 4743 402 4787 et
433 4737 775 4804 torquebatur
820 4753 996 4791 coram
1029 4753 1120 4796 eo.
1144 4738 1319 4791 videns
1353 4753 1470 4790 cum
1525 4736 1744 4790 muliere

192 4824 508 4894 spiritualem
550 4828 663 4897 ejus
707 4830 1010 4898 imaginem,
1039 4830 1291 4882 dicentem
1317 4831 1545 4882 humana
1579 4844 1699 4881 voce
1727 4844 1743 4876 :

193 4913 447 4982 Separabo
485 4922 536 4966 te
570 4915 634 4968 ab
672 4931 758 4980 ea,
787 4917 1018 4986 maligne
1056 4926 1105 4968 et
1131 4916 1398 4969 immundo
1431 4915 1663 4982 spiritus,
1695 4921 1744 4964 et

194 5011 466 5056 revertetur
504 5003 572 5056 ad
602 5005 771 5058 virum
801 5022 974 5068 suum,
1009 5015 1058 5058 et
1098 5007 1344 5076 efficietur
1369 5007 1450 5060 illi
1496 5025 1638 5061 anno
1664 5025 1747 5062 se-

197 5093 360 5145 quenti
386 5108 534 5161 puer.
569 5093 636 5146 Et
665 5094 882 5162 ejulavit
919 5095 1237 5150 daemonium
1272 5098 1514 5166 ferociter
1541 5112 1748 5156 contur-

207 5192 402 5237 vatum:
430 5181 476 5238 0
500 5182 748 5237 violentia
781 5186 1030 5240 adversus
1058 5204 1140 5241 me
1169 5189 1190 5241 .'
1220 5206 1323 5242 non
1350 5200 1425 5242 est
1454 5201 1604 5245 tuum
1635 5210 1748 5248 ma-

199 5273 421 5325 trimonii
463 5273 751 5327 solutiones
785 5277 1022 5345 efﬁcere:
1060 5280 1262 5349 utquid
1290 5291 1462 5334 autem
1498 5291 1545 5335 et
1574 5283 1747 5351 [ilium

195 5367 260 5416 eis
289 5365 400 5426 das.
423 5381 541 5418 cum
571 5385 604 5420 a
643 5383 724 5420 me
750 5367 919 5435 ﬁlium
955 5373 1167 5425 minime
1205 5373 1382 5441 fecerit
1409 5376 1434 5427 ?
1467 5377 1592 5444 quid
1621 5378 1749 5432 mali

200 5455 290 5522 feci
325 5455 440 5520 tibi,
471 5456 552 5509 vel
575 5459 702 5527 quid
731 5462 939 5527 peccavi
967 5463 1021 5515 in
1055 5475 1333 5535 conspectu
1356 5476 1466 5530 tuo,
1492 5469 1614 5537 quia
1661 5484 1749 5523 se-

199 5563 349 5616 paras
372 5564 451 5601 me
471 5567 502 5602 a
532 5549 752 5604 muliere
776 5553 938 5606 mea?
961 5553 1019 5608 Si
1033 5571 1236 5609 servum
1263 5573 1344 5610 me
1366 5574 1745 5629 comparasses,

205 5635 345 5689 dares
369 5654 445 5691 me
474 5639 699 5707 forsitan
721 5650 769 5694 et
791 5643 846 5696 in
879 5645 1147 5698 servitium
1180 5646 1497 5701 hominibus.
1526 5649 1592 5702 At
1625 5666 1746 5704 vero

202 5725 403 5796 Symeon
433 5731 506 5783 ait
531 5747 550 5784 :
573 5729 710 5795 Quia
739 5733 911 5789 malus
945 5751 1126 5791 servus
1159 5753 1232 5800 es,
1255 5755 1566 5809 recognosce
1585 5751 1637 5796 te
1667 5745 1750 5812 ip-

1845 4555 1947 4624 pri,
1980 4556 2296 4610 miraculum
2324 4559 2444 4612 152.
2497 4560 2816 4618 Couferenti
2866 4578 3050 4623 autem
3111 4555 3408 4643 utrumque

1845 4653 2051 4700 textum
2081 4648 2224 4703 inter
2255 4665 2334 4716 se,
2402 4653 2612 4707 nullum
2661 4657 2795 4710 mihi
2853 4659 3084 4715 dubium
3117 4672 3225 4728 est,
3276 4668 3411 4735 quin

1843 4753 1909 4792 ex
1939 4739 2129 4792 eodem
2160 4757 2385 4810 prorsus
2413 4743 2606 4800 Graeco
2631 4747 2740 4802 sint
2784 4754 3056 4819 translati,
3099 4756 3178 4810 ita
3210 4773 3412 4814 conve-

1845 4824 2006 4882 niunt
2061 4832 2411 4901 principium,
2464 4835 2608 4902 linis,
2667 4841 2904 4908 periodi,
2969 4847 3174 4900 omnia.
3224 4848 3413 4905 Sicubi

1844 4921 1987 4974 forte
2017 4920 2240 4976 Graecus
2297 4925 2615 4983 Damasceni
2675 4940 2856 4988 textus
2882 4947 3081 5002 exstat,
3132 4942 3225 5009 qui
3254 4943 3415 4999 nobis

1845 5011 2004 5075 deﬁt,
2033 5015 2414 5083 comprobabit
2437 5018 2604 5075 dicta.
2633 5023 2732 5077 Est
2783 5035 2966 5082 tamen
3014 5031 3186 5086 altera
3209 5035 3410 5102 versio,

1846 5103 2014 5158 altera
2041 5119 2149 5157 non
2172 5107 2331 5175 paulo
2351 5111 2675 5166 concinnior
2695 5115 3132 5190 elegantiorque.
3160 5121 3413 5180 Vidimus

1842 5195 1950 5264 jam
1971 5195 2385 5252 iuamaaniorem
2413 5202 2648 5265 concilii.
2673 5208 2937 5263 succedat
2951 5212 3220 5279 placitura
3242 5216 3414 5285 magis

1849 5287 2186 5344 Damasceni.
2212 5289 2399 5361 Neque
2423 5291 2534 5359 hic,
2569 5307 2724 5365 puto,
2750 5314 2974 5369 operam
3007 5303 3279 5371 perdituri
3324 5321 3416 5359 su-

1845 5393 1971 5432 mus
1995 5378 2358 5436 describendo
2393 5384 2535 5441 hanc
2563 5390 2956 5455 narrationem,
2980 5395 3230 5461 quamvis
3266 5411 3414 5449 eam-

1847 5467 1993 5533 dem,
2022 5468 2192 5522 verbo
2210 5478 2370 5526 tenus
2387 5471 2502 5528 fere
2531 5484 2738 5530 tantum
2758 5478 3184 5549 discrepantem,
3211 5483 3264 5536 in
3291 5484 3411 5540 Vita

1848 5576 2000 5614 num.
2047 5560 2142 5614 ΠΙ
2191 5563 2334 5634 style
2390 5577 2580 5622 nostro
2630 5569 2862 5633 demus;
2924 5571 3030 5626 erit
3077 5575 3224 5628 enim
3277 5592 3409 5628 usus

1851 5654 2136 5725 utriusque
2167 5674 2292 5712 mox
2336 5658 2362 5730 §
2395 5675 2510 5730 seq.
2563 5661 2653 5715 Sic
2683 5662 2850 5732 igitur
2883 5664 3062 5730 titulo,
3088 5668 3197 5738 jam
3251 5684 3415 5738 supra

1855 5745 2109 5813 adducto,
2137 5750 2418 5824 subiungit
2441 5755 2808 5810 Damascenus
2834 5774 2846 5809 :
