3988 6482
594 324 736 391 2983

1863 320 1924 381 S.
1964 316 2259 380 SYMEON
2297 314 2599 377 JUNIOR.

3680 320 3787 384 298l

665 435 754 489 40.
783 432 1010 502 Contigit
1035 437 1214 485 autem
1239 427 1346 483 illis
1372 426 1645 491 diebus,ut
1674 427 1753 480 vir
1782 425 2000 495 quidam
2023 441 2164 479 mer-
2201 428 2241 484 Α
2272 423 2642 477 scribentem:
2671 419 2823 486 Quod
2852 421 2913 473 de
2934 422 3106 475 codice
3131 422 3344 490 qureris,
3371 433 3436 471 ex
3455 436 3554 488 quo
3576 424 3787 497 descripta

594 532 747 579 cator
775 522 1000 575 civitatis
1027 520 1314 574 Antiochia
1344 519 1495 588 gravi
1538 516 1779 571 molestia
1814 515 1880 569 ab
1934 513 2169 585 improbo

596 616 831 669 daemone
867 612 1188 681 aﬂligeretur
1214 609 1404 677 diuque
1427 618 1735 677 angeretur,
1764 606 1897 659 adeo
1925 612 1983 657 ut
2009 605 2167 673 διιΠο-

591 713 825 766 curetur,
857 698 1147 753 interclusa
1181 697 1430 768 spirandi
1454 695 1728 765 facultate.
1771 695 1866 749 Hic
1899 695 2163 765 profectus

590 790 661 844 ad
689 788 966 851 Sanctum,
1005 797 1053 839 et
1100 787 1213 856 ejus
1244 786 1478 855 precibus
1508 785 1796 838 sanitatem
1837 785 1912 837 sic
1954 800 2163 837 assecu-

594 890 700 944 tus,
732 888 788 933 ut
816 880 861 933 si
896 878 1025 932 nihil
1055 894 1290 947 unquam
1319 891 1592 946 perpessus
1614 884 1783 940 esset,
1813 891 1932 928 cum
1952 876 2005 927 in
2033 890 2159 943 pro-

587 973 764 1041 priam
806 971 1018 1023 domum
1066 969 1319 1031 rediisset,
1342 975 1398 1019 ut
1433 967 1573 1036 grati
1613 966 1780 1021 animi
1814 964 2161 1035 signiﬁcatio-

587 1080 707 1117 nem
754 1062 925 1125 daret,
961 1063 1014 1115 in
1080 1060 1190 1113 loco
1236 1061 1463 1113 civitatis
1509 1057 1712 1128 publica
1747 1067 1907 1127 atque
1936 1056 2156 1120 illustri,

585 1170 748 1222 supra
779 1153 911 1220 fores
944 1152 1157 1221 ofﬁcina:
1176 1150 1601 1218 suw,imaginem
1628 1149 1832 1202 statuit.
1863 1148 2014 1201 Hanc
2032 1147 2159 1215 inﬁ-

586 1244 782 1297 delium
808 1242 1022 1313 quidam
1051 1242 1341 1311 conspicati
1372 1239 1654 1293 luminibus
1687 1248 1736 1292 et
1770 1238 1896 1293 velis
1936 1238 2158 1291 decora-

588 1346 720 1396 tam,
748 1334 856 1388 zelo
878 1333 1043 1403 pleni,
1074 1334 1155 1386 sui
1179 1331 1373 1385 similes
1394 1331 1627 1384 homines
1644 1329 2010 1399 incompositos
2030 1345 2159 1381 con-

584 1426 836 1487 citarunt,
869 1430 926 1475 ut
962 1422 1238 1475 multitudo
1272 1422 1565 1475 conveniret
1612 1421 1925 1490 confuseque
1970 1420 2159 1489 vocife-

587 1525 802 1569 raretur
834 1531 851 1568 :
879 1514 1121 1567 Tollatur
1141 1530 1168 1566 e
1193 1514 1321 1578 vita,
1354 1515 1441 1582 qui
1464 1514 1557 1566 hoc
1584 1512 1721 1581 fecit,
1754 1520 1801 1565 et
1821 1513 1995 1582 imago
2022 1511 2155 1581 deji-

581 1607 776 1660 ciatur.
810 1604 999 1657 Divina
1032 1613 1207 1657 autent
1237 1603 1563 1673 providentia
1590 1604 1789 1672 factum
1819 1611 1915 1666 est,
1940 1610 1998 1654 ut
2042 1612 2153 1655 tum

583 1697 725 1750 domi
743 1712 853 1749 sua:
878 1712 979 1748 non
1003 1693 1648 1764 inveniretur.Cupicbant
1677 1695 1815 1747 enim
1842 1710 1958 1746 eum
1984 1694 2150 1746 inter-

2272 522 2415 577 sunt,
2444 522 2557 565 erat
2594 514 2638 565 is
2666 512 2875 582 quidem
2904 514 2958 564 in
3006 510 3327 564 Bibliotheca
3355 511 3683 569 Vatlieettano
3707 537 3790 572 m-

2272 603 2395 655 titus
2445 610 2495 654 et
2553 601 2822 669 ἀκέφαλος
2851 618 2866 632 ’
2904 601 2994 654 sed
3029 601 3339 654 Laurentius
3395 601 3599 655 Portius
3630 607 3717 670 (est
3759 612 3792 665 is

2270 693 2544 763 Symonis,
2573 692 2666 761 qui
2697 692 3085 745 Dictionarium
3141 692 3413 755 Latinum,
3443 692 3790 751 Graeco-barba-

2270 802 2388 839 rum
2439 794 2486 837 et
2533 783 2762 837 litterate
2812 784 3042 838 Parisiis
3094 783 3253 846 1655,
3284 783 3501 848 edidit,
3532 784 3789 851 fratcr;et

2267 890 2419 930 suam
2474 874 2636 929 nobis
2665 888 2889 943 operam
2930 874 2985 927 in
3020 873 3404 927 describendis
3458 874 3603 928 Actis
3630 875 3787 933 Grecis

2266 965 2443 1035 pretio
2474 964 2757 1019 moderato
2792 964 3014 1028 locavit,
3048 964 3207 1018 istius
3234 963 3516 1017 idiomatis
3542 966 3787 1022 admodum

2264 1056 2530 1125 peritus),
2564 1055 2654 1107 sed
2685 1053 3025 1117 Laurentius,
3056 1055 3255 1124 inquit,
3290 1055 3504 1109 Portius
3525 1057 3609 1123 qui
3632 1058 3787 1113 deseri.

2262 1145 2362 1213 psit
2381 1159 2443 1197 ea:
2468 1143 2574 1196 alio
2601 1143 2891 1213 exemplari
2919 1144 3109 1196 ibidem
3144 1154 3365 1213 reperto,
3389 1161 3553 1197 manu
3584 1144 3689 1197 licet
3714 1166 3786 1200 an-

2263 1236 2558 1304 tiquissima
2581 1244 2631 1287 et
2646 1235 2767 1305 jam
2800 1234 3118 1288 exolescente
3144 1238 3411 1305 scriptura
3449 1245 3675 1297 exarata,
3694 1254 3787 1307 sup.

2260 1327 2415 1399 ptevit
2467 1344 2571 1381 non
2620 1344 2784 1398 parvo
2810 1327 2989 1380 labore
3018 1344 3111 1380 suo
3147 1328 3284 1397 quod
3313 1329 3518 1390 deerat,
3550 1339 3595 1380 et
3616 1330 3786 1397 integri-

2257 1422 2357 1474 tati
2380 1421 2490 1490 fere
2522 1420 2850 1489 primigenia:
2884 1435 3011 1487 opus
3032 1419 3127 1471 hoc
3152 1419 3396 1471 reddidit.
3424 1417 3598 1489 Caput
3620 1428 3783 1485 autem,

2256 1511 2405 1581 quod
2436 1512 2651 1580 reliquo
2683 1512 2899 1580 corpori
2929 1510 2984 1564 in
3009 1511 3199 1566 codice
3235 1511 3481 1565 defuisse
3520 1523 3575 1566 et
3604 1514 3782 1570 aliunde

2256 1603 2572 1673 suppletum
2618 1601 2821 1656 dicitur
2858 1640 2872 1666 ,
2933 1611 3019 1657 est
3073 1601 3164 1654 illa
3221 1617 3346 1671 pars
3394 1604 3608 1673 Prologi
3654 1620 3781 1673 quam

2257 1693 2452 1762 primis
2510 1692 2727 1747 duobus
2772 1692 3022 1747 numeris
3070 1692 3339 1761 complexi
3370 1709 3580 1748 sumus.
3608 1694 3781 1751 Profert

585 1784 780 1853 ficere;
812 1800 931 1837 cum
971 1783 1106 1837 alius
1146 1782 1295 1836 aliud
1342 1782 1634 1834 clamaret:
1668 1797 1791 1833 nam
1831 1795 2011 1831 eorum
2058 1794 2151 1830 ne-
2182 1766 2228 1824 Β
2257 1792 2519 1853 ρτίειθτριι
2550 1783 2814 1837 Poss‘mus
2870 1783 2924 1837 in
2970 1783 3165 1837 eadem
3191 1784 3425 1853 epistola
3454 1799 3608 1838 suum
3634 1786 3693 1840 de
3718 1787 3784 1842 his

580 1878 747 1944 quitia
776 1874 943 1928 multa
994 1882 1043 1927 et
1076 1890 1269 1944 magna
1312 1882 1426 1925 erat
1459 1873 1515 1925 in
1542 1878 1815 1939 conspectu
1840 1869 1935 1922 Dei
1977 1867 2148 1931 valde,

580 1978 631 2021 et
658 1970 915 2021 immensa
944 1966 1165 2029 invidia,
1191 1982 1295 2034 qua
1326 1964 1533 2033 quidem
1557 1961 1767 2031 impulsi
1802 1977 1861 2013 eo
1897 1975 2149 2013 convene-

579 2067 726 2121 runt,
752 2058 1108 2111 existimantes
1155 2071 1210 2108 se
1265 2063 1444 2107 nactos
1476 2069 1583 2106 esse
1634 2054 1978 2114 occasionem,
2044 2067 2149 2119 qua

576 2156 822 2201 sanctum
874 2148 1134 2201 hominem
1181 2147 1537 2216 opprimerent
1590 2153 1640 2197 et
1700 2144 1961 2212 aﬂicerent
1997 2144 2150 2212 igno-

578 2241 766 2302 minia,
802 2239 940 2310 quod
991 2254 1128 2307 swpe
1180 2238 1497 2307 impietatem
1525 2243 1575 2289 et
1634 2252 1863 2288 errorem
1905 2234 2143 2297 illorum,

579 2329 667 2398 qui
687 2345 805 2381 cum
828 2330 951 2399 ipsis
980 2328 1043 2380 de
1068 2326 1316 2396 religione
1347 2326 1484 2379 male
1523 2327 1773 2379 sentirent
1798 2364 1812 2389 ,
1846 2323 2149 2393 redarguis-

574 2425 674 2473 set.
709 2416 840 2472 Cum
868 2419 1027 2487 igitur
1062 2424 1269 2468 tantant
1301 2416 1567 2468 insaniam
1616 2414 1847 2467 cohibere
1882 2429 1984 2465 non
2027 2428 2148 2481 pos-

578 2517 718 2571 sent,
751 2508 961 2561 cuidam
991 2508 1221 2560 militum
1276 2507 1622 2570 mar‘tdarunt,
1678 2512 1735 2557 ut
1784 2504 1979 2574 gradus
2027 2520 2149 2557 con-

576 2599 843 2653 scenderet
872 2607 923 2652 et
972 2599 1258 2668 imaginem
1290 2597 1611 2650 deturbaret.
1654 2596 1755 2661 Qui
1802 2613 1918 2649 cum
1959 2612 2146 2649 ascen-

574 2691 731 2743 disset
753 2698 803 2741 et
841 2706 1029 2743 manus
1062 2687 1377 2748 extenderet,
1408 2695 1465 2740 ut
1480 2681 1633 2757 j'ussa
1662 2687 2146 2757 perﬁceret,statim

578 2780 791 2833 eotlisus
824 2789 923 2844 est,
956 2794 983 2831 e
1010 2778 1277 2846 superiore
1329 2775 1440 2829 loco
1503 2777 1749 2846 delapsus
1808 2779 2049 2831 deorsum
2090 2778 2145 2831 in

578 2880 820 2926 terram:
852 2880 900 2924 et
934 2884 1156 2939 magnus
1203 2867 1457 2921 tumultus
1492 2868 1548 2920 in
1582 2869 1737 2923 turba
1763 2877 1837 2921 est
1868 2872 2143 2923 excitatus.

583 2960 1016 3031 Inﬂammatique
1068 2965 1412 3028 perrexerunt
1456 2956 1684 3011 alterum
1722 2958 1964 3012 adhibere
1991 3002 2006 3026 ,
2055 2959 2145 3026 qui

588 3072 750 3115 manu
773 3062 1015 3132 protenta
1048 3071 1167 3115 cum
1200 3055 1473 3116 detrahere
1506 3056 1788 3133 imaginem
1814 3063 1924 3131 ipse
1943 3077 2145 3131 quoque

580 3164 882 3218 conaretur,
911 3156 1056 3208 humi
1087 3156 1289 3226 pariter
1318 3156 1517 3225 aﬂictus
1547 3164 1640 3209 est.
1674 3154 1787 3220 Quo
1823 3155 2031 3224 quidem
2066 3154 2147 3224 fa-

580 3251 683 3309 cto,
716 3254 853 3297 metu
905 3261 1081 3298 omnes
1111 3245 1399 3315 perterriti,
1432 3246 1600 3299 crucis
1643 3247 1851 3315 signum
1890 3246 1988 3299 sibi
2043 3247 2142 3315 ipsi

578 3344 843 3405 coeperunt
897 3336 1190 3389 admovere.
1219 3335 1407 3389 Verum
1444 3353 1561 3389 cum
1600 3337 1769 3390 adhuc
1793 3336 2028 3404 inﬁdeles
2066 3337 2146 3391 illi

572 3424 890 3490 insanirent,
923 3426 1134 3478 tertium
1154 3426 1333 3479 eodem
1364 3426 1635 3496 impellere
1658 3442 1761 3479 non
1788 3426 2093 3481 destiterunt
2126 3444 2143 3482 :

580 3517 669 3586 qui
701 3532 817 3569 cum
852 3533 1071 3570 manum
1100 3518 1435 3583 extendisset,
1467 3527 1525 3571 ut
1557 3519 1839 3588 imaginem
1862 3518 2105 3588 dejiceret
2127 3558 2141 3583 ,

578 3606 690 3674 ipse
722 3622 925 3675 quoque
965 3605 1207 3660 similiter
1252 3594 1572 3676 confractus,
1603 3608 1656 3660 in
1703 3615 1900 3660 terram
1934 3607 2141 3661 decidit.

576 3697 617 3750 Τ
617 3714 717 3749 unc
734 3696 915 3765 ﬁdeles
946 3714 1145 3761 omnes,
1174 3700 1264 3768 qui
1295 3698 1726 3763 circumstabant,
1749 3714 1973 3768 magnus
1997 3699 2147 3751 inva-

576 3788 644 3842 sit
676 3790 854 3853 timor,
890 3796 937 3841 et
994 3787 1287 3856 inﬁdelium
1330 3788 1618 3843 cazcitatem
1672 3796 1828 3857 atque
1866 3788 2146 3842 audaciam

576 3879 847 3944 admirati,
864 3880 1147 3949 imaginem
1174 3884 1457 3934 adorantes
1487 3896 1604 3933 cum
1636 3881 2019 3950 precationibus
2040 3881 2146 3933 dis-

575 3979 864 4024 cesserunt.
920 3970 1195 4025 Hactenus
1236 3972 1625 4026 Damascenus.
1654 3972 2081 4027 Recitalishisce
2114 3987 2146 4026 a

575 4059 770 4116 Cosma
802 4062 1035 4116 diacono
1065 4078 1248 4116 coram
1280 4063 1534 4118 Patribus
1564 4063 1782 4118 concilii
1828 4064 2109 4118 miraculis
2128 4104 2143 4129 ,

578 4153 696 4208 haec
752 4153 938 4207 statim
990 4152 1401 4223 subjiciuntur,
1436 4154 1799 4219 illorum,uti
1861 4164 1917 4210 et
1975 4158 2145 4209 totius

575 4243 712 4298 Viue
741 4253 964 4307 nostrae,
993 4244 1154 4298 ﬁdem
1181 4252 1237 4298 et
1261 4245 1643 4300 auctoritatem
1668 4246 1923 4316 augentia
1959 4264 1972 4300 :
2007 4246 2144 4301 Con-

570 4336 840 4389 stantinus
898 4337 1259 4389 sanctissimus
1312 4336 1577 4406 episcOpus
1619 4337 1941 4393 Constantia:
1985 4338 2144 4409 Cypri

2204 1944 2207 1945 7
2253 1875 2406 1929 Actis
2457 1874 2751 1929 admodum
2801 1874 3097 1941 laudabile,
3132 1890 3236 1929 nec
3281 1876 3545 1944 ponderis
3592 1878 3779 1933 minoris

2249 1968 2520 2039 judicium
2554 1984 2571 2027 ;
2607 1967 2690 2021 Ea:
2732 1970 2899 2021 animi
2935 1970 3037 2021 mei
3075 1968 3341 2023 sententia
3370 2007 3385 2031 .
3413 1970 3611 2038 inquit.
3652 1972 3781 2040 proﬁ-

2255 2070 2365 2111 teor
2389 2075 2490 2123 me,
2517 2060 2572 2111 in
2598 2059 2662 2112 iis
2691 2066 2937 2112 accurate
2954 2059 3193 2130 perlectis
3211 2100 3225 2125 ,
3257 2059 3390 2113 nihil
3408 2060 3509 2114 nisi
3529 2062 3775 2114 verisimili-

2252 2160 2351 2214 ter,
2407 2150 2714 2219 prudenter,
2749 2150 3016 2220 eleganter
3068 2153 3326 2221 scriptum
3385 2152 3689 2205 observasse.
3721 2152 3781 2205 Es

2252 2257 2354 2310 quo
2381 2243 2508 2311 σιερὶ
2532 2240 2721 2311 legere,
2753 2249 2925 2294 tenere
2962 2257 3042 2294 me
3072 2258 3175 2295 non
3198 2253 3437 2311 poteram
3464 2243 3620 2295 donec
3646 2244 3781 2296 absol-

2251 2348 2446 2386 verem.
2481 2332 2653 2387 Tanta
2679 2342 2793 2386 erat
2834 2331 3121 2402 voluptas;
3157 2349 3248 2385 nec
3282 2334 3460 2386 minor
3489 2342 3670 2387 teneret
3691 2334 3780 2387 reti-

2249 2425 2418 2492 gionis
2447 2439 2650 2488 sensus,
2689 2440 2779 2477 cor
2808 2422 3193 2493 liquefacientis
3221 2440 3388 2493 usque
3420 2425 3492 2478 ad
3534 2424 3773 2495 lacrynm.

2249 2513 2437 2585 Itaque
2467 2532 2595 2569 rara
2619 2515 2855 2569 existimo
2899 2517 3117 2584 reperiri
3151 2516 3263 2584 ejus
3314 2517 3523 2585 generis
3574 2517 3775 2569 ecclesia-

2248 2607 2381 2659 stica
2412 2615 2773 2669 monumenta,
2800 2622 2917 2676 qua:
2939 2606 3064 2673 ﬁde,
3099 2608 3438 2672 auctoritate,
3468 2608 3772 2661 concinnitate

2250 2698 2661 2768 compositionis,
2694 2698 3110 2752 admirabilitate
3156 2715 3333 2752 rerum
3389 2716 3495 2754 non
3547 2701 3774 2753 incredibi-

2250 2787 2370 2841 liter
2412 2796 2780 2851 narratarum,
2808 2789 2928 2858 pari
2966 2805 3084 2841 cum
3109 2788 3186 2841 his
3214 2788 3355 2843 Actis
3386 2791 3513 2859 jure
3542 2791 3771 2844 editionem

2249 2880 2518 2954 lucemque
2548 2893 2872 2937 mereantur.
2905 2883 3149 2945 Verbum
3182 2884 3269 2942 his
3310 2900 3425 2941 mm
3481 2886 3635 2941 addo.
3658 2886 3770 2941 Reli-

2246 2993 2407 3051 quam
2438 2974 2506 3036 de
2539 2975 2738 3050 se'ipsa
2772 2968 2905 3035 Acta
2940 2980 3101 3035 ﬁdem
3132 2980 3372 3035 facient:
3407 2980 3635 3049 perlege.

2317 3073 2405 3126 52.
2448 3073 2521 3127 De
2549 3082 2776 3127 auctore
2803 3082 3071 3142 quantum
3106 3071 3321 3140 assequi
3353 3072 3519 3135 licet,
3545 3070 3764 3124 dicamus.

2249 3164 2528 3234 Principio
2583 3165 2719 3219 Viue
2748 3164 3004 3235 praefixos
3032 3171 3152 3218 erat
3181 3163 3273 3217 hic
3308 3163 3526 3224 titulus,
3556 3162 3664 3223 Βίος
3698 3159 3767 3212 καὶ

2246 3255 2491 3309 πολιτεία
2538 3256 2631 3309 τοῦ
2670 3258 2820 3309 ὁσίου
2866 3254 3077 3325 Πατρὸς
3100 3254 3256 3324 ἡμῶν
3281 3253 3508 3322 Συμεὼν
3528 3252 3611 3306 τοῦ
3642 3253 3688 3304 ὲν
3705 3248 3762 3317 τῷ

2245 3347 2553 3417 Θαυμαστῷ
2581 3348 2756 3417 Ὄρει,
2790 3347 3171 3417 συγγραφέντα
3201 3346 3351 3416 παρὰ
3381 3345 3674 3415 Νικηφόρον
3697 3342 3764 3395 τοῦ

2244 3440 2560 3510 Μαγιστρου
2596 3440 2922 3509 Ἀντιοχείας
2950 3438 3044 3492 τοῦ
3069 3437 3333 3509 Οὐρανοῦ·
3357 3436 3478 3491 Vita
3507 3447 3553 3489 et
3587 3452 3755 3489 convcr-

2241 3531 2379 3584 satio
2424 3532 2596 3584 sancti
2633 3530 2809 3584 Patris
2853 3532 3019 3584 nostri
3044 3529 3318 3601 ngeonis
3352 3530 3412 3583 in
3455 3528 3617 3583 Monte
3637 3527 3762 3581 Hira-

2244 3619 2357 3683 bili,
2408 3622 2705 3690 conscripta
2738 3638 2770 3674 a
2817 3620 3108 3690 Nicephoro
3175 3618 3434 3689 Magistro
3478 3618 3757 3677 Antiochia,

2246 3711 2445 3765 Cretum
2491 3712 2646 3766 dicto.
2686 3712 2845 3769 Unde
2902 3728 3031 3767 vero
3083 3712 3189 3767 hoc
3234 3711 3284 3766 ei
3335 3706 3759 3781 cognomentum?

2247 3803 2511 3858 Existimo
2534 3805 2678 3873 quod
2707 3805 2774 3859 ab
2800 3805 3151 3874 eloquentiae,
3186 3820 3351 3875 quam
3388 3804 3449 3859 in
3472 3802 3756 3858 Antiochea:

2245 3894 2465 3948 civitate
2516 3896 2736 3964 publice
2786 3896 3176 3966 profitebatur,
3240 3902 3446 3951 ornatu
3503 3890 3755 3962 singulari.

2243 3986 2372 4054 quia
2403 3985 2581 4039 oratio
2623 3988 2744 4056 ejus
2797 3987 2978 4041 omnis
3027 3987 3326 4041 rhetoricis
3392 3985 3686 4042 luminibus.
3714 3988 3755 4032 ut

2245 4077 2447 4130 uelum
2505 4078 2701 4141 stellis,
2728 4078 3136 4147 resplendebat.
3170 4078 3345 4132 Habet
3401 4077 3611 4147 quidem
3648 4069 3753 4140 apud

2245 4163 2463 4221 amcos
2500 4181 2606 4220 VOX
2630 4168 2922 4237 Μαγίστηρ
2952 4169 3039 4224 vel
3092 4168 3411 4239 Μαγίστρος
3463 4162 3753 4237 signiﬁcatio-

2246 4272 2370 4311 nem
2400 4256 2565 4311 etiam
2602 4256 2788 4319 aliam,
2819 4267 2881 4312 ut
2909 4259 2978 4313 sit
3031 4260 3225 4314 titulus
3275 4260 3328 4313 in
3362 4260 3488 4314 aula
3522 4260 3751 4326 imperato-

2248 4350 2324 4403 ris
2356 4348 2671 4419 primarius,
2707 4361 2763 4405 et
2790 4350 3040 4405 Caesareo
3085 4351 3389 4420 proximus,
3434 4359 3561 4406 teste
3595 4345 3749 4402 Cedre-

572 4425 743 4479 dixit:
774 4424 898 4479 Haec
931 4426 1157 4495 quidem,
1208 4427 1535 4481 honorabiles
1566 4428 1775 4495 Patres,
1803 4430 1865 4485 de
1916 4431 1993 4485 his
2024 4446 2142 4501 qua?
2177 4446 2218 4500 ο
2244 4457 2333 4505 ηε,
2368 4456 2538 4509 quare
2575 4441 2739 4495 etiam
2770 4441 3159 4511 imperatorum
3186 4442 3382 4497 fratres
3421 4441 3611 4510 ﬁliique
3658 4448 3747 4490 eum

577 4516 722 4571 tecta:
744 4526 887 4581 sunt,
922 4519 1216 4572 audivimus
1240 4527 1288 4572 et
1327 4520 1605 4575 credimus.

576 4674 762 4747 §VIIL
797 4674 875 4747 De
898 4675 1075 4747 sancti
1123 4672 1395 4747 Symeonis
1461 4674 1596 4740 Vita,
1641 4692 1779 4730 nunc
1833 4679 2063 4745 primum
2108 4696 2142 4734 a

788 4744 933 4798 nobis
964 4746 1019 4799 in
1053 4744 1221 4799 lucem
1262 4748 1422 4809 edita,
1451 4748 1666 4818 eiusque
1696 4744 1926 4802 auctore.

641 4882 729 4935 1H.
766 4880 865 4936 Cui
894 4880 1193 4950 plurimum
1220 4880 1353 4935 Acta
1373 4891 1706 4950 sanctorum,
1734 4892 1792 4939 et
1823 4899 1923 4939 nos
1948 4923 1963 4947 ,
2006 4891 2062 4940 et
2083 4895 2140 4941 tu

580 4974 802 5035 Lector,
846 4972 1103 5029 C(elitum
1140 4972 1421 5028 studiosus
1463 4976 1671 5045 gloriae,
1706 4975 2007 5043 debemus,
2055 4989 2141 5035 est

576 5065 643 5119 Β.
661 5065 719 5119 Ρ.
738 5065 934 5119 Petrus
952 5065 1212 5120 Pessinus
1229 5064 1518 5121 Soeietatis
1537 5076 1755 5122 nostrae.
1778 5068 1985 5124 Nomen
2009 5086 2137 5141 ego;

575 5164 771 5212 czetera
798 5157 927 5211 libri
963 5157 1031 5212 ab
1062 5159 1182 5229 ipso
1206 5159 1339 5214 editi
1371 5170 1429 5215 et
1460 5160 1719 5230 frequens
1750 5162 1804 5215 in
1855 5163 2004 5219 hisce
2030 5166 2138 5221 Ac-

572 5248 647 5302 tis
678 5248 945 5304 memoria
971 5250 1288 5321 loquentur.
1322 5251 1550 5307 Curavit
1604 5252 1718 5317 ille,
1748 5261 1872 5322 post
1925 5265 2139 5312 nostro.

574 5355 693 5393 rum
721 5338 1053 5394 Henschenii
1086 5350 1251 5411 atque
1305 5342 1664 5411 Papebrochii
1700 5343 2004 5400 discessum
2032 5348 2140 5402 Ro-

576 5446 682 5493 ma,
719 5430 956 5486 describi
988 5432 1165 5487 Vitam
1194 5432 1336 5487 hanc
1386 5448 1453 5487 ex
1490 5434 1678 5488 codice
1708 5433 1900 5490 Graeco
1930 5436 2137 5493 Biblio-

580 5523 752 5577 theca:
772 5522 1157 5589 Vallicellame,
1179 5539 1300 5593 quae
1322 5532 1407 5578 est
1422 5524 1872 5595 Congregationis
1898 5529 2137 5584 Oratorii

582 5614 640 5667 S.
673 5614 909 5684 Philippi
972 5615 1144 5669 Nerii.
1182 5616 1288 5670 Sed
1334 5617 1512 5687 ipsum
1560 5618 1743 5687 potius
1772 5618 1837 5673 de
1872 5619 1958 5674 bis
1984 5621 2134 5683 audi,

577 5704 776 5759 litteris
808 5721 949 5760 anno
996 5706 1150 5773 1066,
1182 5723 1253 5761 xu
1282 5708 1397 5763 llal.
1433 5709 1604 5764 Julius
1648 5711 1817 5765 Roma
1848 5710 2009 5777 datis,
2056 5715 2134 5769 sic

2244 4550 2354 4589 non
2416 4534 2695 4603 dedignati
2755 4542 2907 4598 sunt,
2934 4542 2991 4587 et
3048 4533 3154 4588 hoc
3215 4549 3379 4587 sensu
3417 4534 3631 4603 Symeon
3666 4528 3745 4589 ille,

2242 4627 2405 4698 vulgo
2435 4626 2852 4696 Metaphrastes,
2884 4626 3139 4696 Magister
3156 4642 3375 4697 quoque
3400 4626 3573 4680 dictus
3585 4619 3744 4677 est.\’e-

2245 4734 2365 4772 rum
2393 4734 2501 4772 non
2522 4733 2623 4788 pro
2647 4734 2755 4772 una
2788 4720 3010 4775 civitate
3044 4729 3138 4775 aut
3163 4720 3285 4775 loco
3307 4721 3538 4774 dabatur
3559 4714 3633 4769 hic
3651 4711 3743 4765 titu-

2243 4806 2352 4871 lus,
2380 4807 2611 4876 ideoque
2628 4823 2847 4877 semper
2874 4808 3153 4863 invenitur
3175 4809 3293 4864 sine
3316 4805 3572 4875 ejusmodi
3592 4798 3741 4855 addita-

2244 4907 2450 4961 mento,
2482 4914 2624 4968 saepe
2651 4900 2817 4955 etiam
2853 4915 2978 4955 cum
3024 4900 3290 4970 epithetis
3319 4897 3656 4970 Περισλέπτου
3678 4894 3741 4941 aut

2245 4990 2604 5060 Περιφανοῧς.
2653 4991 2933 5061 Conspicui
2986 4992 3070 5046 vel
3126 4991 3378 5045 Illustris.
3422 4989 3518 5044 llic
3547 4998 3655 5038 vero
3676 4977 3740 5032 Ni-

2241 5086 2493 5150 cephorus
2518 5098 2777 5152 expresse
2797 5083 3003 5138 dicitur
3031 5084 3283 5153 Magister
3330 5080 3599 5135 Antiochia
3618 5069 3739 5127 εδοιί-

2243 5184 2325 5230 tas
2357 5186 2539 5229 autem
2563 5174 2819 5230 civitates
2851 5175 3120 5246 ejusmodi
3152 5174 3460 5244 primarias,
3488 5166 3640 5239 qualis
3659 5164 3736 5215 An-

2242 5266 2445 5321 tiochia
2474 5273 2615 5330 erat,
2644 5282 2871 5336 magno-
2900 5266 3176 5337 stipendio
3241 5266 3538 5320 conductos
3589 5254 3738 5311 habe"

2240 5358 2491 5427 egregios
2516 5358 2847 5427 eloquentia:
2898 5359 3187 5429 magistros
3250 5358 3337 5412 vel
3382 5372 3447 5410 ex
3496 5343 3735 5420 Augusti“0

2241 5449 2465 5509 scimus.
2504 5450 2773 5519 ejusmodi
2799 5466 2901 5519 spe
2933 5452 3161 5505 Romam
3217 5448 3419 5503 delato.
3454 5445 3616 5500 Talem
3642 5444 3735 5487 tero

2238 5534 2409 5589 fuisse
2434 5537 2783 5604 Nicephorum
2816 5538 2964 5595 hune
2989 5548 3235 5592 nostrum
3266 5537 3413 5605 quod
3440 5544 3492 5590 et
3534 5527 3732 5587 Pessinus

2241 5626 2474 5692 censuit,
2515 5643 2623 5681 non
2687 5628 2808 5687 ideo
2847 5628 3101 5695 dubites,
3142 5629 3271 5698 quia
3324 5626 3631 5697 Nicephorus
3653 5613 3729 5667 (3³·

2242 5716 2400 5773 listus
2430 5717 2527 5775 lib.
2552 5736 2685 5773 xvm
2712 5719 2957 5775 Historia?
3008 5720 3185 5777 eccles.
3214 5736 3334 5791 cap.
3363 5719 3449 5786 Ἃ,
3480 5727 3586 5772 cum
3606 5704 3727 5774 hut“
