3988 6468
264 402 393 466 2985
1373 391 1977 454 COMMENTARIUS
2012 391 2384 460 PREVIUS.
3362 408 3505 472 298a

262 517 376 571 vita:
427 507 695 573 meminit,
730 506 924 561 Latine
989 505 1070 562 sic
1103 505 1340 560 vertitur
1378 506 1450 560 ab
1507 505 1810 574 interprete
1842 509 1887 566 Α
1916 503 2192 574 principio
2244 505 2454 560 aberit:
2487 506 2610 563 istic
2638 509 2937 579 capitulum
2962 511 3084 579 ll8,
3123 513 3505 576 hic'numerus

259 603 466 673 Langio,
485 599 639 669 quasi
678 614 783 652 non
812 599 889 652 ita
915 599 1062 651 docte
1089 605 1146 650 ut
1176 597 1487 668 magnitudo
1512 613 1689 650 rerum
1711 597 1819 666 μα-
1924 599 2045 653 125.
2073 598 2155 652 En
2183 600 2508 668 quantulum
2534 599 2833 659 discrimen
2858 605 2870 658 !
2898 604 3148 662 Alterum
3177 611 3501 668 miraculum

257 696 442 770 gitabat
477 693 770 760 conscripta
800 693 905 746 sit:
955 691 1134 746 utitur
1176 689 1328 745 enim
1396 689 1488 744 ille
1548 687 1817 741 adverbio
1923 690 2086 760 paulo
2111 690 2332 762 longius
2354 691 2566 748 recedit
2614 693 2670 748 in
2699 705 2887 750 nostra
2921 698 3066 765 Vita,
3109 717 3275 770 quam
3326 705 3500 762 Arca-

260 790 325 862 μὴ
349 788 526 852 ἀξίως,
557 803 660 839 ηοη
690 787 863 856 digne,
899 785 1044 856 quod
1084 785 1250 839 etiam
1281 782 1656 840 Ciceronianaa
1705 781 1821 835 elo-
1921 783 2085 838 diana
2113 799 2128 850 ;
2157 783 2254 838 sed
2284 784 2590 840 notandum
2623 802 2887 842 numeros
2915 788 2970 842 in
2999 790 3112 845 vita
3136 803 3325 851 nostra
3353 797 3500 853 circa

255 880 476 954 quentia:
504 888 692 949 posset
728 879 930 948 aptari.
966 878 1034 933 ad
1095 862 1521 947 exprimendum
1565 875 1812 945 singula-
1919 876 2164 931 medium
2191 877 2595 934 contractiores
2614 895 2758 944 esse,
2801 896 2966 950 quam
3007 899 3202 940 versus
3241 887 3499 944 initium:
3553 907 3562 912 '

253 989 352 1030 rem
377 971 779 1038 excellentiam,
831 970 985 1026 omni
1022 971 1266 1025 humano
1326 983 1582 1024 sermone
1635 967 1814 1022 subli-
1917 970 2167 1041 adeoque
2189 974 2559 1028 convenirent
2625 975 2854 1046 propius
2915 978 3156 1044 numeri,
3208 982 3374 1037 etiam
3409 985 3499 1040 hic

249 1065 723 1133 mioremzalioqui
760 1064 966 1120 fatetur
1006 1064 1352 1134 Nicephorus
1403 1061 1571 1132 quod,
1619 1077 1738 1114 cum
1757 1061 1814 1114 in
1917 1063 2119 1128 nostri,
2153 1078 2278 1117 cum
2330 1078 2568 1118 numero
2615 1064 2777 1119 istius
2820 1065 3095 1132 miraculi,
3125 1069 3170 1122 si
3199 1073 3396 1141 aequali
3423 1083 3502 1130 te—

249 1162 373 1212 hanc
393 1159 554 1210 vitam
593 1156 797 1221 incidit,
830 1155 1095 1226 obstupuit
1121 1155 1547 1226 magnitudinem
1581 1170 1644 1206 ac
1670 1152 1813 1206 mul-
1916 1165 2053 1206 nore
2079 1167 2142 1207 ac
2171 1153 2348 1223 spatio
2373 1163 2595 1210 nostros
2621 1154 2824 1225 ubique
2871 1155 3283 1217 incidissemus.

246 1251 503 1304 titudinem
539 1250 786 1302 eximiam
813 1265 1035 1320 operum
1056 1266 1087 1301 a
1123 1259 1308 1302 sancto
1333 1254 1715 1318 patratorum:
1747 1261 1814 1301 ea
1986 1244 2074 1298 44.
2100 1244 2206 1299 Sed
2244 1245 2537 1301 redeamus
2567 1247 2632 1301 ad
2664 1247 3013 1304 collationem
3034 1251 3310 1319 miraculi,
3343 1264 3400 1311 et
3426 1257 3500 1312 vi‘

244 1353 432 1402 autem,
462 1341 666 1409 inquit,
702 1355 862 1411 usque
893 1339 1044 1394 hodie
1075 1338 1411 1393 celebrantur
1440 1337 1677 1392 omnium
1705 1336 1812 1390 lin-
1914 1335 2146 1392 deamus
2171 1353 2293 1407 qum
2325 1338 2501 1393 videri
2526 1341 2739 1409 possint
2769 1341 2825 1396 in
2857 1341 2980 1397 Vita
3007 1353 3195 1399 nostra
3233 1350 3500 1418 superad-

242 1436 364 1506 guis,
394 1434 654 1501 descripta
682 1433 786 1485 ὑπὸ
819 1432 1067 1500 Συμεῶνι
1105 1432 1420 1503 (Νικεφόρῳ
1459 1430 1639 1484 voluit
1667 1429 1808 1484 scri-

1913 1426 2049 1491 dita,
2079 1429 2164 1482 vel
2195 1429 2413 1484 decoris
2437 1431 2520 1484 vel
2551 1431 2821 1488 claritatis
2851 1449 3036 1489 causa.
3072 1435 3215 1491 Sunt
3251 1439 3343 1493 illa
3369 1456 3488 1511 per-

241 1527 378 1588 bere,
410 1525 697 1578 autetiam
722 1525 968 1594 scripsit,
1002 1523 1100 1579 sed
1137 1524 1350 1579 sciolus
1377 1523 1580 1592 aliquis
1607 1537 1809 1576 nomen
1913 1531 2225 1592 Opportuna
2280 1532 2385 1578 etc
2414 1540 2474 1579 re
2526 1535 2674 1579 nata.
2707 1527 2811 1582 Ubi
2874 1527 2942 1583 de
2997 1528 3246 1586 daemone
3292 1534 3495 1604 agitur,

242 1615 461 1672 mutavit
488 1615 912 1686 Metapltrastem
967 1614 1204 1687 intelligi
1259 1615 1471 1684 volens)
1505 1613 1810 1683 Μαγιστρῳ
1913 1613 2198 1670 interserit
2230 1633 2244 1669 :
2283 1616 2744 1682 Quemadmodum
2772 1623 2940 1675 isthoc
2972 1625 3142 1678 scelus
3171 1641 3274 1679 non
3323 1627 3498 1698 loqui-
3528 1663 3531 1668 -

239 1711 308 1781 τῷ
355 1707 620 1780 Οὐρανῷ·
664 1709 812 1778 quod
864 1709 1186 1764 abbreviate
1228 1708 1519 1778 scriptum,
1564 1721 1633 1761 ex
1655 1719 1808 1759 more
1911 1715 1998 1759 tur
2052 1710 2154 1762 nisi
2203 1710 2425 1765 scelera.
2469 1713 2678 1768 Deinde
2720 1725 2948 1785 accepta
3001 1718 3271 1775 beneﬁcia
3327 1723 3494 1776 simul

235 1801 422 1856 Graecis
480 1801 844 1856 usitatissimo
873 1841 889 1865 ,
942 1816 1044 1871 pro
1102 1799 1354 1872 Οὐρανῷ,
1409 1814 1522 1853 non
1579 1796 1806 1868 capiens
1836 1871 1880 1882 ﬁ
1908 1809 2278 1856 enumeratet
2302 1804 2456 1856 velut
2491 1806 2812 1873 parenthesi
2845 1807 3081 1863 includit
3109 1810 3312 1882 (Neque
3357 1815 3496 1868 enim

235 1894 461 1964 Laugius
496 1894 882 1963 praetermisit;
909 1894 1122 1947 clarum
1153 1901 1337 1946 autem
1388 1891 1449 1946 lit
1497 1906 1565 1946 ex
1610 1889 1804 1945 eodem
1836 1871 1882 1929 Β
1911 1903 2220 1948 αεοιειαηεο
2237 1895 2334 1948 sibi
2355 1871 2591 1950 daemone
2609 1899 2879 1963 immunis,
2908 1901 2999 1955 sed
3021 1911 3068 1956 et
3091 1871 3282 1959 marito
3299 1907 3497 1976 integre

230 1988 544 2059 cognomine
566 1996 696 2042 ante
731 1987 913 2042 Vitam
943 1988 1154 2058 integre
1203 2001 1486 2055 expresso.
1907 1997 2121 2046 sanata,
2161 1989 2405 2042 restituta
2460 1989 2604 2059 fuit:
2631 1992 2702 2044 ad
2754 1993 2863 2046 hwc
2911 2009 3042 2062 puer
3077 2010 3280 2064 quoque
3312 2012 3374 2050 ea:
3405 2012 3490 2059 ea,

288 2079 486 2134 45.Ab
533 2079 642 2133 alio
693 2094 914 2149 quoque
972 2093 1192 2148 quama
1250 2077 1565 2148 Nicephoro
1621 2073 1802 2130 Vitam
1907 2079 2045 2148 quod
2091 2095 2365 2150 nunquam
2402 2090 2524 2133 ante
2572 2092 2862 2153 prognatus
2894 2085 3012 2154 est).
3047 2085 3296 2155 Denique
3328 2087 3489 2142 istam

225 2165 490 2237 Symeonis
542 2166 708 2237 hujus
759 2165 968 2221 litteris
1028 2167 1347 2222 mandatam
1388 2175 1444 2221 et
1490 2165 1802 2237 posteritati
1905 2166 1962 2221 in
2023 2169 2129 2222 line
2192 2170 2607 2226 conclusionem
2667 2171 2902 2242 adjicit:
2937 2174 3024 2229 Ita
3047 2177 3148 2230 viri
3189 2179 3361 2231 sancti
3409 2177 3490 2232 vel

227 2257 596 2312 transmissam
626 2273 772 2322 esse,
806 2272 875 2313 ex
914 2259 1270 2330 paragrapho
1315 2258 1605 2330 superiore
1642 2259 1801 2312 colli-
1905 2260 2074 2314 tenuis
2105 2261 2160 2313 in
2187 2261 2417 2332 imagine
2439 2273 2700 2332 aspectus,
2732 2264 2943 2341 signum
2971 2268 3164 2330 crucis,
3195 2270 3366 2340 virga,
3389 2271 3493 2340 for-

225 2350 422 2419 gimus:
468 2349 625 2419 cujus
669 2345 1804 2420 auctorem,quamvisnonnominctconci-
1904 2369 2012 2417 ma,
2045 2351 2278 2417 verbum,
2313 2355 2605 2418 invocatio,
2640 2366 2688 2410 et
2723 2357 2918 2428 siquid
2959 2358 3112 2413 aliud
3151 2377 3326 2414 rerum
3349 2362 3491 2415 illius

223 2441 367 2503 lium,
389 2455 462 2494 ex
499 2441 837 2496 Damasceno
885 2440 1177 2496 Arcadium
1223 2440 1384 2512 Cypri
1449 2441 1800 2508 archiepisco-
1903 2453 2053 2508 esset,
2080 2446 2371 2514 sufﬁciebat
2398 2447 2605 2501 cuilibet
2629 2449 2929 2503 morborum
2958 2453 3135 2521 generi
3165 2453 3488 2521 depellenda.

222 2551 336 2604 pum
355 2535 733 2604 agnoscimus,
771 2534 948 2588 nihilo
972 2534 1249 2591 notiorem
1275 2537 1565 2607 Nicephoro
1583 2541 1794 2598 nostro,
1973 2537 2062 2591 45.
2104 2536 2230 2591 Haec
2264 2538 2330 2592 de
2360 2539 2664 2608 prioribus.
2706 2539 2958 2596 Otiosum
2994 2542 3137 2598 foret
3182 2544 3490 2612 posteriora

221 2626 316 2680 nisi
347 2627 517 2680 etiam
550 2627 936 2682 obscuriorem
971 2625 1145 2692 velis;
1189 2635 1379 2696 utpote
1443 2626 1536 2695 qui
1572 2641 1641 2679 ne
1700 2641 1799 2694 per
1901 2627 2065 2682 simili
2111 2629 2274 2682 modo
2319 2628 2574 2685 conferre
2619 2631 2916 2688 :conl‘erat
2947 2633 3035 2688 cui
3087 2633 3290 2689 lubet:
3337 2649 3493 2704 repe-

220 2721 405 2789 scripta
474 2720 740 2792 quidem,
800 2737 922 2792 quae
977 2720 1407 2784 interciderunt,
1471 2719 1792 2775 innotescit.
1900 2718 2006 2773 riet
2072 2719 2264 2774 eadem
2313 2721 2635 2791 utrobique.
2668 2722 2871 2778 Refero
2920 2724 3188 2779 duntaxat
3232 2725 3326 2781 illa
3368 2740 3493 2795 quae

219 2811 412 2883 Cullign
448 2813 642 2878 etiam,
689 2813 1119 2884 prolixissimam
1175 2813 1345 2868 fuisse
1392 2809 1574 2867 Vitam
1617 2812 1791 2876 illam,
1899 2812 2115 2883 adjecta
2149 2812 2431 2868 videntur.
2462 2814 2710 2869 Primum
2735 2825 2935 2872 erectae
2964 2816 3110 2871 iconi
3139 2832 3298 2872 suum
3334 2817 3492 2874 addit

218 2920 275 2958 ac
333 2916 538 2960 nostrte
590 2921 701 2960 non
751 2905 912 2961 valde
963 2905 1228 2976 imparem
1279 2903 1666 2975 longitudine;
1721 2902 1795 2957 ita
1898 2913 2330 2968 ornatum,cum
2382 2907 2530 2960 illam
2567 2907 3234 2964 describitzPervenuste
3261 2928 3368 2965 non
3399 2927 3488 2965 so-

217 2997 520 3068 Capitulum
556 2997 680 3063 118,
713 2999 788 3053 ita
818 2998 1139 3052 Miraculum
1172 2993 1293 3062 152,
1332 3011 1500 3067 supra
1568 2996 1794 3051 recitata
1899 2998 2008 3050 lum
2031 2995 2310 3061 coloribus,
2333 2999 2424 3050 sed
2461 2999 2625 3052 etiam
2661 3001 2858 3053 amictu
2892 3008 2940 3054 et
2977 3004 3288 3069 tegumentis
3333 3019 3493 3056 orna-

217 3089 494 3154 obtincnt;
547 3089 719 3143 multa
770 3091 918 3143 enim
977 3088 1325 3158 prmcessisse
1390 3095 1630 3156 oportet.
1679 3085 1794 3140 lmo
1899 3099 2029 3143 tam.
2077 3091 2246 3146 Paulo
2300 3100 2424 3161 post
2474 3092 2930 3148 exclamationem
2958 3093 3102 3148 hanc
3153 3095 3486 3150 interserit:

215 3181 417 3235 nullum
457 3180 707 3247 dubium,
771 3180 908 3250 quin
973 3181 1147 3235 altera
1177 3195 1245 3234 ex
1299 3179 1472 3234 altera
1517 3177 1793 3246 descripta
1821 3227 1866 3286 ϐ
1899 3183 1943 3241 0
1969 3185 2129 3248 Deus,
2162 3193 2365 3250 quanta
2392 3185 2560 3238 hostes
2597 3186 2850 3239 adversus
2882 3184 3142 3240 Sanctum
3195 3189 3490 3242 machinati

215 3275 281 3330 sit
313 3274 474 3340 Vita;
504 3281 559 3328 et
586 3281 775 3327 nostra
807 3274 994 3344 potius
1023 3288 1091 3327 ex
1144 3271 1235 3325 illa
1292 3269 1537 3333 Arcadii,
1589 3268 1790 3323 additis

1903 3279 2062 3333 sunt!
2091 3279 2211 3332 Mox
2240 3294 2366 3333 cum
2395 3278 2722 3334 extenderet
2753 3295 2895 3333 unus
2915 3278 2969 3334 in
2996 3278 3210 3333 iconem
3233 3295 3478 3346 manum,

214 3370 462 3439 Ρδυευιίε
527 3367 612 3422 νει
678 3365 1204 3430 θλοιδπηθιίοηίδυεν
1265 3363 1350 3418 "el
1410 3359 1789 3433 θβοδῑτοβιιίδν
1901 3369 2229 3425 deturbatus
2263 3369 2468 3424 dicitur
2503 3378 2735 3424 venusta
2768 3368 2872 3423 hac
2897 3379 2955 3424 et
2980 3371 3068 3438 pia
3104 3371 3482 3440 apostropha:

213 3463 424 3529 aliisve,
456 3471 517 3516 ut
548 3461 624 3516 rei
653 3462 930 3533 exigentia
958 3469 1014 3516 et
1044 3460 1222 3530 pietas
1249 3457 1496 3514 auctoris
1526 3456 1792 3513 tulerunt.
1902 3461 2146 3517 Manibus
2172 3461 2302 3524 illis,
2335 3477 2468 3532 quas
2500 3469 2578 3527 tu,
2627 3459 2852 3523 Christe,
2875 3477 3036 3530 super
3060 3461 3275 3516 illorum
3298 3479 3486 3532 super.

212 3561 337 3616 Nam
368 3560 684 3616 conferenti
734 3557 1039 3629 superioris
1071 3554 1400 3627 paragraphi
1460 3551 1791 3608 miraculum
1899 3556 2044 3609 biant
2095 3553 2350 3618 extulisti,
2394 3542 2779 3622 deficientibus.
2830 3553 3063 3607 Demum
3105 3568 3234 3608 cum
3288 3557 3488 3612 tertius

212 3653 448 3722 primum
487 3667 610 3706 cum
638 3665 873 3705 numero
905 3649 1010 3703 125
1041 3646 1202 3710 Vitae,
1235 3655 1292 3702 et
1331 3644 1639 3702 secundum
1667 3659 1794 3698 cum
1899 3663 2122 3718 quoque
2168 3647 2416 3717 dejectus
2461 3653 2630 3706 esset,
2663 3645 2824 3714 quasi
2877 3644 3322 3714 epiphonematis
3365 3646 3487 3702 loco

211 3758 358 3796 num.
403 3744 534 3807 171,
580 3747 832 3811 apparet,
865 3738 1323 3800 fundamentalia.
1359 3735 1647 3799 notabilia.
1679 3734 1771 3789 Cit”
1900 3740 2109 3796 dicitur
2147 3757 2162 3794 :
2195 3740 2363 3794 Multo
2421 3739 2682 3809 prioribus
2740 3737 2933 3806 majori
2981 3737 3208 3792 ludibrio
3271 3738 3481 3809 dignus,

207 3832 573 3887 cumstantias
599 3831 789 3895 etiam,
821 3830 1118 3899 utrobique
1144 3828 1336 3883 eadem
1367 3841 1512 3882 esse.
1546 3827 1603 3881 In
1630 3826 1791 3897 prio-
1898 3834 2037 3904 quod
2115 3834 2333 3887 illorum
2415 3831 2654 3902 exemplo
2695 3831 2883 3894 nihilo
2957 3833 3219 3901 sapuisset
3291 3833 3484 3903 magis.

210 3923 376 3989 ribus,
408 3924 569 3979 locus
587 3922 788 3977 Rhosus
808 3937 904 3977 seu
931 3917 1235 3992 Rhosopolis
1268 3919 1468 3974 Ciliciae
1500 3918 1663 3985 urbs;
1703 3931 1799 3972 no-
1897 3927 2039 3995 Quid
2065 3927 2305 3985 ιιωσηίεί
2330 3926 2710 3997 ρει-θηιιιθδοε,
2733 3925 3199 3989 εχειειηηιίοηθε,
3233 3935 3487 3995 aposim-

211 4029 334 4068 men
367 4012 624 4070 mulieris
655 4015 943 4068 Theotecna
966 4053 981 4074 .
1017 4021 1234 4084 tempus
1257 4011 1498 4083 conjugii
1552 4013 1684 4066 anni
1714 4011 1795 4064 υἱ-
1898 4021 2043 4091 pum,
2073 4019 2608 4091 epiphonemata,”
2636 4018 2804 4073 rebus
2835 4017 2975 4074 nihil
2999 4017 3309 4072 immutatis
3331 4024 3483 4082 nata,

206 4111 333 4179 ginti
350 4128 369 4176 ;
393 4110 618 4181 repudii
641 4111 771 4164 anni
788 4118 1052 4180 quatuor;
1080 4106 1459 4163 hiemorrhoeaa
1480 4106 1610 4160 anni
1637 4105 1795 4176 quin—
1898 4123 1955 4170 ei
1984 4112 2264 4184 emphasis
2293 4112 2468 4183 gratia
2495 4119 2728 4167 venuste
2752 4109 3004 4181 adjecta?

205 4203 397 4270 decim;
425 4218 594 4257 causa
627 4201 868 4257 adeundi
913 4208 1199 4267 sanctum;
1241 4198 1460 4254 aversio
1492 4197 1792 4265 daemonis;
1973 4208 2066 4265 46,
2091 4206 2244 4263 ordo
2275 4215 2462 4262 autem
2489 4215 2641 4262 ιοιιιε
2679 4205 2735 4261 in
2777 4206 2884 4261 hac
2922 4203 3157 4264 macria
3186 4212 3270 4259 es;
3297 4202 3486 4258 adma.

207 4295 450 4364 querelae
483 4293 777 4365 ejusdem;
822 4293 1061 4363 raptatio
1133 4293 1345 4347 circum
1418 4292 1735 4347 columnam
1776 4309 1782 4344 :

1909 4301 2034 4356 dum
2067 4300 2358 4366 naturalis,
2397 4299 2673 4372 incipiens
2707 4315 2738 4354 a
2764 4299 3090 4362 nativitate,
3121 4295 3484 4368 progrediens

206 4390 482 4458 promissa
523 4387 746 4442 mulieri
773 4389 937 4442 data:
969 4396 1293 4458 conceptus,
1334 4395 1516 4452 natus,
1576 4385 1795 4440 oblatus
1899 4408 2026 4448 cum
2061 4392 2244 4458 annis,
2277 4391 2540 4447 desinens
2589 4390 2646 4446 in
2677 4398 2857 4444 morte
2885 4405 2898 4444 :
2923 4389 3031 4444 imo
3053 4403 3168 4443 non
3204 4400 3345 4442 vana
3371 4384 3482 4441 erit

207 4481 385 4548 ﬁlius;
428 4480 730 4554 gratitudo,
756 4490 939 4536 erecta
975 4480 1161 4540 icone;
1215 4478 1534 4535 sanationes
1567 4494 1667 4548 per
1725 4477 1794 4532 il-
1898 4484 2244 4555 suspicio,si
2303 4483 2572 4539 miracula
2625 4482 2892 4552 pleraque
2935 4479 3134 4536 ordine
3181 4477 3480 4548 temporis,

206 4574 312 4628 lam
341 4573 531 4629 factae:
570 4572 703 4644 quid
733 4573 932 4644 plura?
967 4571 1159 4627 eadem
1198 4571 1497 4641 utrobique
1525 4579 1791 4625 notantur
1825 4578 1866 4631 D
1898 4590 2007 4645 quo
2040 4574 2184 4630 facta
2229 4581 2379 4635 sunt,
2410 4580 2682 4643 putentur
2727 4572 2968 4642 primum
2995 4568 3276 4639 descripta
3305 4584 3432 4626 esse
3462 4587 3477 4622 :

203 4668 412 4723 omnia.
439 4667 560 4722 Non
585 4666 890 4738 potuerunt
910 4681 1042 4737 ergo
1074 4679 1187 4719 non
1223 4663 1312 4719 vel
1341 4664 1513 4718 altera
1547 4678 1616 4718 ex
1646 4664 1784 4718 alte-
1897 4664 1954 4720 id
1983 4666 2132 4720 enim
2161 4664 2302 4719 ordo
2325 4663 2502 4719 aetatis
2524 4671 2580 4719 et
2604 4662 2688 4718 hee
2711 4662 3017 4734 particulae,
3047 4670 3246 4731 postea,
3271 4660 3478 4724 deinde,

204 4759 301 4823 ris,
335 4760 424 4815 vel
457 4769 691 4830 utraque
719 4773 785 4812 ex
827 4755 1024 4812 iisdem
1079 4755 1457 4810 monumentis
1513 4755 1790 4826 descripta
1897 4768 2012 4829 post
2037 4759 2166 4822 haec,
2197 4757 2302 4812 illis
2329 4758 2578 4827 peractis,
2601 4771 2665 4811 ac
2687 4756 2917 4821 similes,
2946 4755 3004 4809 in
3022 4754 3298 4824 principio
3315 4752 3482 4808 mira-

203 4851 402 4908 videri.
438 4853 557 4920 Qua
603 4851 1022 4908 continuaberis
1051 4849 1107 4904 in
1157 4849 1454 4914 sententia,
1510 4850 1557 4904 si
1607 4851 1795 4905 conci-
1902 4851 2156 4906 culorum
2213 4847 2516 4904 identidem
2566 4847 2858 4918 repetitae,
2906 4846 3168 4902 videntur
3221 4844 3474 4900 innuere.

203 4945 343 5016 pias,
397 4945 567 5000 vitam
629 4945 777 4999 illam
835 4960 936 5014 per
970 4942 1232 5013 capitula,
1290 4940 1539 4996 numeris
1585 4942 1793 4997 nostris
1904 4941 2062 4998 llunc
2087 4956 2255 5011 porro
2282 4949 2391 4996 tam
2423 4940 2708 5011 copiosum
2732 4939 2944 4997 fontem
2974 4939 3310 4996 habentibus
3338 4937 3476 4994 nihil

200 5039 319 5094 fere
344 5039 520 5112 paria,
548 5037 867 5094 distinctam
901 5036 1101 5102 luisse;
1148 5037 1230 5090 sic
1257 5035 1406 5092 enim
1444 5033 1592 5091 istud
1627 5034 1792 5089 mira-
1900 5051 2044 5107 opus
2075 5046 2160 5092 est
2193 5035 2406 5090 rivulos
2453 5033 2882 5106 Synaxariorum
2919 5032 3143 5098 sectari,
3171 5031 3229 5087 in
3271 5030 3478 5104 quibus

199 5131 394 5186 culum
427 5131 832 5203 prOpemodum
887 5127 1006 5199 pari
1063 5127 1356 5183 intervallo
1408 5126 1704 5197 utrobique
1758 5142 1788 5181 a
1898 5127 2137 5199 elogium
2165 5127 2299 5184 alibi
2328 5127 2574 5192 brevius,
2605 5125 2738 5182 alibi
2770 5126 3048 5197 prolixius
3075 5127 3298 5199 legitur.

525 5954 798 6015 PATROL.
825 5952 943 6014 Gn.
992 5949 1344 6017 LXXXVI.
2962 5942 3041 6008 9h
