3988 6508
305 403 457 467 2089

1279 398 1455 460 VlTA
1490 398 1536 455 A
1576 392 2011 455 NICEPHORO
2049 391 2539 453 CONSCRIPTA.

3436 384 3577 445 22.90

310 514 636 586 πράγμασιν
662 511 1014 582 ἐξισούμενον
1040 528 1055 579 ;
1090 510 1253 563 ὁπότε
1285 510 1381 563 καὶ
1421 508 1556 578 μόνα
1601 506 1704 575 τῆς
1729 503 1893 558 αὐτοῦ

2021 504 2278 559 nveniam
2322 502 2631 557 orationem
2679 512 2864 553 rerum
2912 490 3280 568 magnitudini
3343 501 3582 564 parem?

310 608 623 678 γεννήσεως
651 607 719 659 τὰ
747 602 1045 676 παράδοξα,
1077 603 1175 656 ὅσα
1202 620 1263 656 τε
1302 603 1402 671 τῆς
1430 601 1493 654 ὲγ
1525 598 1718 661 παιδὸς
1770 597 1898 670 ἀρε-

310 699 415 768 τῆς
432 698 531 766 τῆς
555 715 612 749 τε
640 697 771 769 παρ’
799 697 1017 767 ἠλικίαν
1046 695 1422 768 ἀνασκήσεως,
1457 692 1553 746 καὶ
1586 689 1695 743 τῶν
1742 687 1899 758 παρά

313 790 374 843 τι
396 790 540 852 είκὸς
571 790 670 859 τῆς
703 789 921 859 φύσεως
953 787 1202 857 ἀγώνων,
1236 788 1285 840 εί
1318 787 1412 841 καὶ
1469 785 1543 856 μὴ
1583 781 1724 837 κατὰ
1765 799 1901 835 ταυ-

311 884 410 935 τὸν
445 883 627 938 πάντα
668 883 806 938 ἄλλα
856 883 998 945 τινὰ,
1028 881 1229 951 μᾶλλον
1264 880 1320 934 δὲ
1374 880 1468 933 καὶ
1513 880 1561 930 εί
1590 875 1716 930 καθ’
1739 873 1901 927 ἑαυτὸ

312 975 523 1027 τούτων
544 974 778 1029 ἕκαστον
801 977 984 1028 πᾶσαν
1003 972 1112 1028 οἶδε
1138 974 1300 1041 λόγου
1333 971 1565 1025 κατόπιν
1595 966 1793 1022 ἑαυτοῦ
1820 982 1901 1017 τι-

315 1068 470 1120 θέναι
494 1069 690 1139 τέχνην
722 1069 814 1121 καὶ
845 1067 1095 1138 δύναμιν.

388 1247 459 1309 γ’.
481 1242 548 1295 Τί
575 1242 622 1296 δ’
640 1242 707 1294 ἂν
731 1244 780 1296 εί
814 1243 909 1295 καὶ
934 1242 995 1295 τὺ
1022 1242 1132 1296 τῶν
1161 1243 1407 1314 σημείων
1431 1242 1527 1296 καὶ
1556 1242 1665 1296 τῶν
1691 1242 1903 1312 θαυμά-

310 1348 426 1386 των
455 1321 659 1402 πλῆθος
684 1336 777 1387 καὶ
800 1334 1051 1403 μέγεθος,
1080 1335 1179 1400 τάς
1212 1352 1271 1389 τε
1298 1335 1451 1400 Θείας
1482 1336 1697 1399 ὲκείνας
1722 1335 1899 1405 ὄψεις,

313 1421 372 1473 αἳ
401 1421 466 1493 δὴ
491 1422 684 1475 πολλαὶ
712 1424 975 1487 πολλάκις
996 1424 1144 1495 αὐτῷ
1179 1427 1460 1496 μυστικῶς
1500 1443 1559 1479 τε
1604 1428 1699 1479 καί¹
1727 1426 1901 1497 άποῤ-

2001 593 2453 665 quandoquidem
2492 591 2630 655 sola,
2674 605 2796 660 quae
2824 588 3171 643 nativitatem
3199 586 3581 651 circumstant,

2003 701 2235 758 quaeque
2258 686 2316 741 in
2340 685 2547 739 virtute
2576 699 2606 737 a
2626 698 2803 752 puero
2833 681 3097 740 exercita,
3126 680 3181 735 in
3213 679 3441 749 reliqua:
3458 680 3586 735 vita:

2002 775 2365 845 occupatione
2384 783 2442 830 et
2472 773 2527 827 in
2563 772 2963 827 certaminibus
3005 783 3217 826 naturae
3243 771 3389 825 vires
3432 786 3589 826 exce-

2003 866 2503 922 dentibuselucent
2532 862 2818 927 miracula,
2863 863 2967 918 etsi
3000 878 3110 916 non
3171 862 3365 917 eodem
3421 863 3585 918 modo

2004 960 2191 1014 omnia
2218 957 2469 1029 quaedam
2491 968 2667 1018 certe,
2697 955 2807 1008 imo
2837 969 2972 1008 vero
3020 953 3457 1024 unumquodque
3495 971 3586 1011 se-

2005 1050 2248 1106 cundum
2294 1064 2353 1103 se
2395 1060 2615 1102 omnem
2667 1044 2887 1100 dicendi
2928 1056 3102 1099 artem
3146 1054 3202 1100 et
3231 1045 3585 1115 elegantiam,

2004 1144 2165 1213 longe
2187 1148 2474 1210 superent.

2075 1237 2129 1292 5.
2162 1236 2305 1304 Quid
2348 1251 2514 1308 porro
2542 1233 2590 1291 si
2628 1235 2910 1306 signorum
2970 1242 3137 1303 atque
3190 1233 3585 1289 miraculorum

2006 1327 2423 1383 multitudinem
2478 1324 3062 1398 magnitudinemque?
3096 1323 3230 1395 quid
3279 1324 3323 1380 si
3371 1326 3589 1383 divinas

2005 1435 2100 1476 eas
2149 1421 2414 1485 visiones,
2438 1435 2560 1489 qua:
2589 1434 2699 1473 non
2732 1433 2859 1472 raro
2884 1416 3167 1488 Symeoni,
3203 1434 3407 1474 arcano
3446 1424 3587 1491 quo-

313 1515 499 1584 ρήτως
531 1502 1162 1586 ὦφθησαν,Γέπεξελθεῖν
1209 1516 1607 1588 βουληθείημεν
1637 1536 1651 1584 ;
1680 1520 1811 1591 ποίᾳ
1846 1519 1917 1592 δὲξ

2016 1515 2132 1570 claim
2166 1523 2222 1571 et
2257 1514 2632 1583 inexplicabili
2664 1514 2850 1576 modo,
2899 1512 3151 1584 plurima:
3182 1514 3382 1570 oblatae
3430 1527 3582 1581 sunt,

312 1607 411 1659 καὶ
437 1607 598 1675 λόγου
613 1607 774 1677 φύσει
792 1607 927 1678 πρὸς
943 1609 1239 1679 ἑρμηνείαν
1253 1609 1359 1662 τῶν
1378 1609 1518 1678 ὑπὲρ
1529 1608 1685 1678 λόγον
1702 1609 1904 1679 χρησό-

316 1698 462 1768 μεθα
493 1715 507 1764 ;
536 1699 658 1752 ἐπεὶ
693 1701 787 1752 καὶ
830 1701 942 1753 πᾶν
971 1699 999 1753 ὃ
1042 1702 1115 1770 μὴ
1146 1700 1291 1771 λόγῳ
1318 1704 1586 1772 χωρὴτὸν,
1623 1701 1745 1753 οὐδὲ
1804 1701 1902 1754 λαε-
1923 1716 1941 1772 ιν

311 1789 502 1863 λητόν.
534 1788 663 1853 Πῶς
690 1790 801 1862 γὰρ
826 1790 857 1843 ὃ
894 1790 968 1860 μὴ
1019 1791 1282 1860 χωρήσει,
1319 1791 1527 1861 φράσαι
1573 1790 1903 1861 δυνήσεται;

2007 1608 2259 1664 oratione
2285 1608 2549 1678 prosequi
2573 1606 2850 1662 velimus?
2873 1606 3077 1677 qualis,
3103 1622 3314 1678 quaeso.
3341 1607 3432 1662 illa
3470 1624 3596 1664 ora-

2009 1702 2087 1757 tio
2122 1702 2193 1757 sit
2214 1710 2457 1773 oportet,
2487 1716 2609 1771 qua:
2634 1713 2853 1753 omnem
2886 1698 3107 1753 dicendi
3145 1698 3458 1755 facultatem
3496 1715 3595 1756 su-

2009 1794 2261 1865 perantia
2290 1793 2608 1862 expositura
2637 1801 2722 1845 est
2741 1831 2754 1853 ,
2784 1806 2909 1846 cum
2944 1798 3117 1845 totum
3138 1807 3317 1862 neque
3339 1792 3594 1847 oratione

310 1882 467 1951 ὅμως
500 1885 548 1936 εί
591 1883 689 1936 καὶ
722 1882 1029 1953 κρείττονῆ
1062 1884 1207 1936 κατὰ
1249 1882 1414 1951 λόῖου
1468 1883 1701 1954 δύναμιν
1730 1884 1790 1936 τὸ
1811 1885 1903 1953 ἐγ-

2016 1883 2404 1955 comprehendi
2456 1884 2657 1954 possit,
2708 1898 2887 1952 neque
2926 1882 3117 1937 verbis
3164 1884 3442 1954 proferri?
3483 1900 3594 1956 quo

310 1974 582 2047 χείρημα,
608 1974 746 2027 ἀλλὰ
771 1974 833 2027 τὸ
863 1974 981 2045 μὲν,
1008 1975 1067 2028 τί
1092 1972 1427 2045 συλλήψεται
1459 1974 1680 2037 πάντως
1710 1976 1843 2046 ἡμῖν
1865 1975 1899 2045 ἡ

311 2069 438 2122 θεία
470 2071 565 2124 καὶ
595 2066 893 2140 συμπαθὴς
926 2068 1110 2138 ἐκείνη
1139 2067 1311 2139 ψυχὴ,
1340 2067 1436 2122 καὶ
1466 2067 1599 2121 Θεοῦ
1640 2068 1737 2121 νῦν
1763 2069 1900 2139 ἀμέ-

311 2180 427 2227 σως
480 2162 576 2217 τοῦ
660 2162 999 2233 ποθουμένου
1061 2161 1471 2231 κατατρυφῶντα
1510 2176 1524 2192 ο
1563 2161 1624 2213 τὸ
1678 2159 1736 2213 δὲ
1759 2200 1775 2224 ,
1812 2161 1907 2213 καὶ

312 2255 718 2325 συγγνώσεται.
755 2253 1149 2325 Συγγνώσεσθε
1179 2252 1237 2307 δὲ
1267 2253 1365 2307 κα.)⁵
1416 2253 1618 2317 πάντες
1659 2252 1775 2306 ὅσοι
1804 2252 1905 2320 τῆς

312 2346 639 2419 ὑπερφυοῦς
669 2346 873 2419 ταύτης
904 2348 999 2400 καὶ
1052 2346 1249 2416 καινῆς
1287 2345 1565 2408 πολιτείας
1594 2344 1864 2416 ἀκροαταὶ
1890 2381 1905 2405 ,

2005 1981 2155 2037 enim
2185 1980 2565 2051 pacto'verbis
2586 1978 2862 2049 quispiam
2897 1988 3251 2050 assequatur,
3283 1978 3432 2049 quod
3494 1996 3594 2035 ne-

2007 2075 2127 2145 quit
2152 2074 2489 2146 cogitatione
2518 2072 2830 2143 attingere?
2863 2072 3243 2129 Nihilominus
3267 2073 3374 2129 etsi
3416 2074 3593 2143 major

2006 2169 2221 2223 virihus
2263 2167 2473 2223 nostris
2507 2175 2743 2221 conatus
2771 2166 2865 2229 sit,
2893 2166 3092 2235 partim
3147 2175 3355 2233 tamen,
3401 2167 3595 2223 nullus

2010 2258 2225 2322 dubito,
2252 2258 2621 2329 Opitulabitur
2659 2256 2821 2311 nobis
2867 2255 3054 2311 divina
3092 2256 3184 2311 illa
3246 2266 3304 2311 et
3361 2257 3592 2312 misera-

2011 2350 2162 2407 tione
2187 2351 2349 2422 plena
2379 2350 2669 2421 Symeonis
2695 2348 2900 2414 anima,
2932 2365 3058 2419 qua:
3084 2349 3248 2403 modo
3300 2336 3598 2404 intuitione

313 2439 490 2510 μηδὲν
553 2438 647 2491 τοῦ
711 2440 849 2509 πρὸς
914 2438 1148 2506 δύναμιν
1204 2435 1541 2501 ἐλλιποῦσιν,
1569 2439 1617 2490 εί
1655 2440 1750 2491 καὶ
1804 2435 1900 2489 τοῦ

2016 2448 2107 2501 Dei
2129 2446 2267 2501 adeo
2299 2446 2623 2510 desiderati,
2653 2445 2809 2499 nullo
2852 2443 3188 2513 interposito
3238 2443 3445 2509 medio,
3501 2442 3597 2499 de-

310 2531 453 2602 πρὸς
489 2530 646 2595 ἀξίαν
686 2530 938 2584 πλεῖστον
968 2530 1405 2601 ἀπολειπόμεθα.
1435 2532 1527 2582 Δεῖ
1576 2529 1634 2583 δὲ
1699 2528 1901 2600 μικρὸν
1940 2568 1961 2635 γ

310 2623 577 2691 ἀνωτέρω
603 2623 695 2676 τὸν
714 2623 871 2691 λόγον
898 2622 1297 2691 ἀναγαγόντας,
1318 2622 1450 2676 οἴων
1467 2624 1497 2674 ό
1524 2620 1766 2684 τοιοῦτος
1798 2620 1903 2687 ἔφυ
1940 2614 1983 2667 Ὑί

310 2716 545 2784 γονέων,
581 2715 678 2769 καὶ
722 2717 869 2780 ὄστιξ
902 2719 931 2769 ὁ
959 2717 1059 2786 τῆς
1110 2716 1427 2786 συλλήψεως
1487 2715 1687 2786 τρόπος
1752 2712 1903 2784 αὐτῷ

313 2807 588 2879 πρότερον
644 2809 1015 2880 παραστῆσαι,
1046 2808 1114 2861 ἶν’
1140 2807 1363 2878 ἔχοιμεν
1402 2807 1497 2862 τοῦ
1526 2806 1735 2862 τοιοῦδε
1769 2821 1911 2877 καρ-

311 2901 424 2955 ποῦ
461 2904 555 2955 atat
610 2902 672 2955 τὸ
708 2901 921 2969 δένδρον
946 2900 1169 2963 εἰδέναι,
1198 2901 1233 2972 ἢ
1271 2900 1409 2972 μηδὲ
1457 2900 1557 2971 τὴν
1591 2899 1748 2972 ῥίζαν
1806 2901 1907 2968 άγ-
1940 2902 1949 2969 '1,

309 2997 463 3047 νοεῖν
499 2995 701 3065 μᾶλλον
738 3036 753 3061 ,
806 2995 930 3064 ἥτις
979 2993 1070 3046 τὸν
1124 2993 1298 3056 οὓτως
1352 2992 1553 3063 ὡραῖον
1606 2994 1909 3062 ἐϐλάστησε

314 3087 544 3142 κλάδον.

1984 2538 2276 2613 glectatur;
2311 2538 2512 2607 partim
2544 2536 2712 2593 etiam
2746 2534 3114 2589 imbecillitati
3142 2544 3347 2590 nostra:
3378 2536 3597 2590 veniam

2015 2628 2187 2683 dabit.
2220 2627 2432 2683 Dabitis
2479 2636 2536 2683 et
2568 2644 2667 2683 vos
2717 2628 3037 2699 quicunque
3094 2626 3396 2683 eminentis
3445 2626 3603 2683 inau-

2015 2721 2252 2791 ditaeque
2308 2719 2541 2793 hujusce
2614 2718 3057 2775 conversationis
3111 2718 3401 2775 auditores
3443 2721 3602 2785 estis,

2014 2813 2154 2868 nihil
2207 2823 2479 2884 quantum
2531 2828 2632 2883 per
2684 2811 2833 2867 vires
2887 2810 3082 2868 licebit
3118 2811 3602 2882 praetermissuris,

2014 2922 2332 2977 quanquam
2362 2906 2627 2978 plurima,
2659 2908 2706 2961 si
2750 2921 2937 2960 rerum
2964 2906 3293 2977 dignitatem
3317 2905 3602 2976 spectetis.

2016 2998 2417 3067 relinquamus.
2455 2998 2687 3069 Oportet
2716 3007 2902 3052 autem
2960 2999 3127 3069 paulo
3170 2999 3340 3054 altius
3386 3014 3603 3055 sermo-

2016 3104 2144 3143 nem
2167 3099 2508 3160 repetentes,
2544 3089 2753 3160 quibus
2782 3090 3058 3146 oriundus
3082 3092 3431 3162 parentibus,
3474 3092 3603 3162 quis

311 3179 706 3248 conceptionis
736 3180 931 3234 modus
952 3179 1045 3243 sit,
1076 3177 1232 3249 prius
1288 3178 1360 3232 ob
1389 3179 1581 3232 oculos
1607 3193 1854 3250 ponere;
1915 3191 1977 3236 ut
2016 3183 2140 3238 talis
2186 3184 2402 3240 fructus
2447 3183 2702 3239 arborem
2749 3200 2975 3255 quoque
3037 3200 3455 3257 cognoscamus,
3504 3196 3603 3243 aut

316 3276 510 3347 potius
541 3291 651 3330 non
678 3276 995 3345 ignoremus
1025 3273 1294 3337 radicem,
1330 3287 1453 3343 quae
1488 3282 1595 3327 tam
1641 3273 1904 3329 decorum
1946 3275 2209 3346 produxit
2239 3293 2473 3331 ramum.

1748 3403 1765 3418 “
1812 3411 2048 3471 CAPUT
2086 3414 2128 3468 Ι.

1081 3500 1355 3567 Parentes,
1382 3502 1655 3569 nativitas,
1683 3503 1975 3574 baptisma:
2006 3514 2055 3559 et
2088 3507 2319 3576 pueritia
2353 3505 2527 3561 sancti
2556 3504 2836 3563 Simeonis.

390 3639 456 3698 δ.
502 3641 668 3711 ’Δνήρ
692 3656 775 3703 τις
814 3638 1020 3707 ὀλίγοις
1045 3636 1358 3708 ἔμπροσθεν
1407 3636 1625 3707 χρόνοις
1659 3637 1720 3704 ἐξ
1767 3637 1911 3691 Ἐδέ-

2097 3654 2155 3711 Al.
2182 3648 2339 3708 Multi
2357 3648 2470 3719 jam
2496 3646 2629 3701 anni
2661 3654 2810 3709 sunt,
2847 3658 2971 3701 cum
2993 3644 3079 3698 vir
3106 3639 3597 3713 quidam,nomine

322 3752 433 3807 σης
481 3732 825 3805 ὁρμώμενος,
854 3734 981 3786 νέαν
1016 3730 1096 3783 ἔτι
1142 3728 1241 3799 τὴν
1270 3727 1492 3798 ἡλικίαν
1540 3728 1713 3798 ἄγων,
1744 3728 1917 3799 ὄνομα

335 3829 619 3899 Ἰωάννης,
652 3826 795 3897 (σὺν)
854 3826 1039 3887 αὐτοῖς
1064 3822 1141 3886 ὡς
1174 3819 1289 3892 εἷχε
1321 3821 1561 3890 γονεῦσι,
1591 3822 1917 3893 κατειλήφει

322 3926 432 3992 τὴν
505 3921 831 3991 Ἀντιόχου*
866 3920 916 3972 ot
959 3917 1014 3972 δὲ
1063 3919 1171 3989 ἄρα
1236 3917 1497 3987 βάναυσοι
1562 3915 1661 3987 τὴν
1723 3916 1918 3987 τέχνην

324 4013 492 4088 ἦσαν,
527 4014 659 4084 περὶ
695 4009 959 4081 συλλογὴν
997 4008 1186 4081 μύρων
1220 4010 1315 4061 καὶ⁸
1331 4009 1535 4080 πράσιν
1567 4010 1916 4081 πονούμενοι,

324 4107 428 4161 καὶ
458 4108 572 4160 πᾶν
600 4105 738 4174 ὅπερ
779 4102 846 4155 ἀν
874 4104 1062 4164 αὐτοῖς
1102 4100 1290 4172 ἐκείνη
1321 4101 1621 4173 πορίσειεν,
1658 4103 1918 4174 ἀφορμὴν

326 4198 490 4253 τοῦτο
537 4197 652 4269 βίου
704 4194 1086 4264 πεποιημένοι.
1148 4191 1301 4269 Ἐπεὶ
1337 4192 1394 4247 δὲ
1429 4193 1533 4265 ἤδη
1586 4194 1686 4248 καὶ
1736 4194 1918 4266 γάμου

326 4293 412 4365 τῷ
441 4268 545 4362 υίῷ
572 4291 668 4344 καὶ
695 4288 959 4358 συζυγίας
988 4287 1096 4340 ἔδει
1119 4268 1209 4341 διά
1235 4286 1333 4359 τὴν
1360 4289 1576 4357 ἠλικίαν
1596 4329 1611 4352 ,
1643 4287 1921 4357 διαλέγον-

332 4388 424 4442 ταί
464 4403 576 4440 τισι
626 4385 798 4456 κόρης
841 4382 1085 4453 πατράσι
1135 4381 1359 4454 (Μάρθα
1391 4383 1449 4435 δὲ
1498 4383 1671 4453 ὄνομα
1700 4381 1920 4454 ταύτῃ),

331 4479 426 4550 ἐφ’
462 4473 507 4548 ᾧ
540 4479 676 4551 πρὸς
711 4479 924 4547 γάμους
957 4473 1130 4546 αὐτὴν
1178 4475 1482 4544 ἀγαγέσθαι
1514 4476 1593 4548 τῷ
1631 4476 1921 4548 νεανίσκῳ.

333 4575 446 4627 Καὶ
479 4575 530 4626 οί
565 4571 665 4642 μὲν
701 4571 958 4640 ἀσμένως
1008 4566 1168 4621 τοῦτο
1225 4566 1531 4638 δεξάμενοι,
1567 4570 1634 4640 τῇ
1693 4567 1927 4638 θυγατρὶ

339 4665 641 4739 μηνύουσιν
668 4681 681 4695 ·
720 4666 753 4734 ὴ
785 4663 843 4716 δὲ
870 4661 1171 4733 παρθενίαν
1200 4661 1480 4730 ἠσπάζετο
1508 4703 1522 4726 ,
1561 4661 1764 4731 μᾶλλον
1796 4679 1925 4715 συν-

338 4761 569 4828 αγαγεῖν
603 4755 775 4827 αὐτὴν
805 4755 977 4808 είδυία
1013 4752 1238 4826 Χριστῷ
1286 4752 1364 4822 τῷ
1412 4751 1667 4824 ἀθανάτῳ
1706 4752 1927 4824 νυμφίῳ

337 4852 440 4917 τὰς
502 4850 805 4922 παρθένους
851 4848 1031 4918 ψυχὰς
1088 4846 1169 4910 είς
1227 4846 1318 4897 τὸν
1361 4846 1570 4898 ἐκείνου
1632 4844 1921 4915 νυμφῶνα.

354 4946 567 5000 Ἐπικει
577 4944 751 5015 μένων
773 4943 829 4996 δὲ
849 4941 1027 4995 αὐτῶν
1053 4941 1146 4994 καὶ
1168 4938 1448 5003 ἀνιέντων,
1465 4938 1565 5008 οὐχ
1583 4938 1733 4992 ὅσιον
1761 4939 1924 4991 πάλιν

2022 3747 2284 3811 Joannes,
2305 3743 2575 3798 oriundus
2605 3741 2835 3802 Edessa,
2862 3735 3094 3809 juvenili
3119 3734 3414 3790 admodum
3438 3742 3597 3790 atate

2024 3840 2248 3902 ﬂorens,
2276 3851 2400 3893 cum
2426 3833 2561 3905 ipsis
2608 3847 2752 3903 quos
2796 3828 2990 3884 habuit
3035 3826 3362 3899 parentibus
3404 3824 3599 3880 Antio-

2023 3930 2203 3986 chiam
2230 3944 2289 3984 se
2320 3925 2556 3984 contulit
2580 3942 2593 3978 :
2626 3930 2888 3994 parentes
2912 3928 3118 3982 autem,
3145 3917 3453 3973 mechanici
3473 3915 3599 3988 opi-

2024 4026 2175 4086 fices,
2223 4016 2619 4090 conquirendis
2661 4011 3139 4082 divendendisque
3177 4008 3477 4081 unguentis
3506 4006 3602 4063 da-

2020 4116 2154 4170 bant
2184 4126 2431 4183 Operam,
2454 4118 2510 4167 ct
2526 4104 2798 4180 quidquid
2830 4101 3141 4160 istiusmodi
3170 4110 3287 4155 arte
3316 4098 3422 4155 sibi
3445 4112 3601 4154 com-

2025 4214 2333 4280 parassent,
2354 4205 2483 4260 vitae
2508 4198 2898 4259 sustentationi
2916 4192 3362 4268 impendebatur.
3377 4192 3601 4248 Postea-

2023 4316 2187 4371 quam
2213 4314 2348 4355 vero
2375 4300 2485 4370 jam
2519 4294 2732 4365 nuptiis
2784 4289 3155 4361 conjugioque
3202 4295 3456 4341 maturus
3502 4298 3602 4355 per

2022 4403 2239 4449 aetatem
2276 4392 2421 4447 ﬁlius
2473 4398 2617 4453 erat,
2670 4387 3054 4457 colloquentes
3099 4396 3225 4436 cum
3276 4375 3601 4450 parentibus

2018 4486 2219 4557 puella:
2251 4483 2562 4555 cujusdam,
2620 4480 2710 4536 cui
2766 4477 2989 4533 Martha:
3046 4488 3273 4536 nomen,
3340 4467 3593 4526 eamdem

2018 4577 2207 4649 juveni
2231 4576 2286 4630 in
2320 4572 2732 4629 matrimonium
2758 4566 3135 4625 collocandam
3172 4569 3387 4634 petunt.
3411 4559 3593 4630 Atque

2021 4670 2099 4725 illi
2152 4666 2377 4739 quidem
2429 4664 2670 4737 oblatam
2730 4658 3108 4715 conditionem
3166 4653 3312 4710 haud
3366 4659 3591 4724 gravate

2021 4738 2392 4833 acceptantes,
2438 4738 2605 4812 tiliam
2650 4754 2811 4810 istius
2871 4751 2953 4807 rei
3015 4749 3310 4808 certiorem
3348 4744 3591 4809 faciunt;

2022 4866 2077 4911 at
2113 4855 2229 4910 haac
2257 4851 2630 4923 virginitatem
2656 4848 2990 4918 amplexata,
3016 4840 3299 4912 antiquius
3332 4835 3599 4902 habebat,

2030 4950 2243 5019 Sponso
2269 4943 2565 5000 immortali
2596 4940 2816 4995 Christo
2846 4934 3115 5007 virginem
3144 4946 3300 4990 suam
3333 4928 3596 4993 animam,

346 5040 423 5112 μὴ
457 5039 632 5093 πάντα
670 5035 952 5089 πείθεσθαι
984 5034 1237 5103 γονεῦσιν
1278 5032 1388 5086 οὐδ’
1427 5032 1651 5095 εὐσεϐὲς
1681 5032 1917 5104 ἡγουμέ-

2031 5040 2197 5096 castis
2235 5035 2484 5091 thalamis
2507 5031 2818 5089 habendam
2843 5025 3371 5101 possidendamque,
3429 5021 3600 5078 collo-

342 5152 433 5205 νη,
462 5132 580 5202 Θεῷ
623 5130 721 5199 τὴν
751 5127 844 5183 τοῦ
880 5128 1205 5196 πράγματος
1230 5124 1418 5178 δίδωσι
1462 5122 1666 5194 κρίσιν,
1697 5124 1793 5176 καί⁵
1826 5124 1924 5176 αύ-

346 5226 423 5297 τῷ
448 5226 517 5279 τά
546 5222 668 5277 καθ’
704 5222 903 5291 ἑαυτὴν
949 5217 1318 5289 ἐπιτρέψασα,
1346 5215 1501 5288 παρὰ
1529 5216 1621 5269 τὸν
1666 5216 1809 5268 θεῖον
1831 5214 1925 5268 τοῦ

350 5315 665 5388 Προδρόμου
693 5314 819 5367 ναὸν
870 5314 1204 5380 ἀφικνεῖται,
1232 5308 1289 5372 ὃς
1342 5308 1449 5379 πρὸ
1506 5308 1606 5378 τῆς
1652 5307 1928 5378 ’Λντιόχου

350 5407 553 5479 ἵδρυτο,
588 5404 936 5467 δυσωποῦσα,
968 5403 1413 5473 προσπίπτουσα,
1452 5400 1705 5470 δεομένη.
1734 5400 1932 5470 δάκρυ-

353 5516 436 5552 σιν
467 5495 843 5567 ἑκλιπαροῦσα
903 5495 1103 5564 μᾶλλον
1163 5494 1195 5565 ἢ
1259 5494 1492 5566 ῥήμασι,
1556 5492 1932 5564 πληροφορίας

354 5590 481 5664 περὶ
513 5587 605 5643 τοῦ
632 5588 997 5659 προκειμένου
1041 5590 1224 5656 τυχεῖν
1258 5605 1272 5619 ο
1312 5583 1379 5658 ἦς
1430 5587 1523 5640 κοιλ⁸
1556 5585 1815 5656 τυχοῦσα,
1846 5601 1936 5637 τε-

358 5683 558 5736 κόντων
597 5684 733 5735 είκει
787 5680 1095 5750 θελήμασι,
1133 5682 1228 5733 καὶ
1288 5682 1482 5749 γάμων
1551 5679 1809 5747 κοινωνίᾳ
1860 5676 1938 5748 τῷ

371 5775 591 5847 Ἰωάννῃ
626 5774 984 5827 συνέπτεται.
1022 5773 1089 5825 ’Π
1134 5773 1239 5843 μὴν
1273 5768 1365 5825 οὖν
1419 5772 1687 5843 ἐναρέτως
1723 5769 1938 5841 βιοῦσα,

363 5868 616 5922 κοινωνὸν
653 5866 744 5919 τὸν
794 5866 964 5937 ἄνδρα
1012 5865 1106 5919 καὶ
1162 5865 1255 5918 τοῦ
1296 5864 1497 5934 τρόπου
1564 5864 1817 5928 ποιεῖται,
1876 5862 1938 5915 ού

2027 5148 2170 5187 rare.
2198 5128 2536 5185 lnstantibus
2553 5134 2733 5181 tamen
2751 5120 3076 5194 parentibus
3099 5134 3199 5175 nec
3217 5116 3520 5187 quidquam
3535 5113 3604 5171 de

2025 5222 2302 5279 sententia
2326 5236 2424 5275 sua
2446 5216 2875 5274 remittentibus.
2893 5212 3217 5268 existimans
3232 5208 3464 5272 Martha,
3492 5221 3602 5261 non

2024 5316 2157 5371 satis
2183 5328 2401 5384 aequum
2430 5313 2694 5382 piumque
2724 5324 2866 5371 esse,
2897 5300 3459 5377 parentibusomnino
3489 5313 3608 5353 mo-

2024 5424 2138 5461 rem
2158 5422 2264 5461 non
2281 5420 2493 5476 gerere,
2513 5404 2622 5457 Deo
2647 5417 2757 5455 rem
2787 5408 2956 5455 totam
2970 5395 3331 5452 decidendam
3358 5388 3610 5449 commit—

2024 5499 2090 5552 tit
2108 5515 2122 5562 ;
2137 5499 2366 5568 ejusque
2386 5496 2620 5551 arbitrio
2647 5509 2705 5548 se
2726 5507 2935 5563 suaque
2952 5489 3304 5545 conformans
3318 5484 3525 5551 omnia,
3541 5482 3607 5539 ad

2024 5588 2197 5644 sancti
2220 5586 2582 5643 Praecursoris
2608 5584 2895 5654 templum,
2912 5580 3057 5653 quod
3075 5580 3127 5635 in
3147 5574 3614 5645 suburbioAntio-

2026 5681 2163 5736 chiae
2192 5688 2296 5745 est,
2328 5694 2386 5735 se
2419 5678 2653 5733 confert.
2686 5677 2765 5731 lbi
2791 5675 3006 5746 pudore
3036 5672 3267 5736 suﬂ‘usa,
3292 5668 3609 5742 procidens,

2026 5788 2211 5840 orans,
2225 5771 2804 5843 obsecransJacrymis
2821 5768 3104 5841 potentius
3126 5780 3288 5838 quam
3309 5762 3494 5819 verbis
3516 5758 3616 5818 ob-

2032 5866 2355 5933 testabatur,
2389 5865 2597 5921 certior
2625 5871 2681 5919 ut
2703 5862 3047 5927 redderetur,
3080 5857 3213 5929 quid
3235 5855 3491 5929 presenti
3524 5868 3614 5910 re-
