3988 6486
448 348 589 418 2991

1587 344 1647 404 S.
1691 344 2067 408 SYMEONIS
2104 346 2468 409 IUNIORIS

3526 351 3655 417 2992

430 462 552 530 rum
581 483 726 530 statu
756 472 901 530 facto
933 488 1074 544 opus
1112 472 1272 529 foret.
1318 472 1536 531 Certior
1589 490 1721 533 vero
1787 476 2001 534 reddita

2104 459 2218 529 βίου
2260 458 2423 529 μόνον
2466 456 2615 529 αὐτῷ
2654 457 2866 530 βοηθὸς,
2892 456 3029 513 ἀλλὰ
3068 459 3163 513 καὶ
3189 460 3462 532 σωτηρίας
3484 462 3654 535 ὁδηγὸς

426 578 713 639 parentum
735 567 1001 621 voluntati
1038 556 1207 633 cedit,
1237 568 1544 639 Joannique
1574 569 1797 625 thalami
1827 572 2004 627 socie-

424 667 535 713 tate
566 654 939 729 conjungitur,
968 666 1023 711 et
1043 657 1211 712 vitam
1242 658 1497 730 religiose
1515 670 1817 733 sancteque
1841 662 2002 719 insti-

425 764 609 815 tuens,
633 766 757 805 cum
790 751 987 806 marito
1026 767 1248 827 quoque
1287 767 1471 808 mores
1519 769 1652 810 suos
1684 756 2000 826 participat,

422 858 531 897 non
573 843 753 897 solum
788 843 913 897 vita:
947 843 1265 898 auxiliatrix
1291 842 1418 915 ipsi,
1458 860 1652 900 verum
1688 847 2001 909 etiamdux

419 934 615 991 salutis
654 935 821 990 facta.
854 936 1064 992 Deinde
1098 935 1164 991 ad
1196 937 1369 991 sancti
1412 937 1777 994 Prmcursoris
1818 939 2003 995 denuo

422 1027 685 1098 templum
727 1027 1024 1093 concessit,
1065 1027 1219 1083 humi
1254 1028 1661 1099 procumbens;
1711 1044 1814 1085 nec
1844 1029 2000 1100 quid-

420 1116 568 1190 piam
600 1117 834 1173 alterius
873 1117 954 1172 rei
1007 1128 1373 1190 praaterquam
1411 1120 1591 1196 panis.
1629 1136 1786 1193 aqum
1817 1128 1875 1176 et
1914 1136 2000 1177 sa-

421 1210 490 1266 lis
518 1218 779 1283 gustans;
816 1225 927 1264 non
957 1210 1223 1267 inclinato
1253 1211 1309 1265 in
1358 1212 1504 1266 latus
1540 1226 1794 1281 corpore,
1852 1227 1999 1268 somo

418 1317 551 1357 num
592 1301 796 1357 ibidem
824 1301 1081 1373 capiens;
1123 1313 1179 1357 et
1210 1302 1479 1374 lacrymas
1508 1318 1639 1360 suas
1686 1303 1776 1360 die
1805 1315 2001 1363 nocte-

418 1407 527 1464 que
555 1392 609 1448 in
629 1408 825 1464 panem
842 1400 1174 1449 convertens
1201 1409 1268 1448 eo
1325 1394 1452 1459 line,
1512 1403 1574 1449 ut
1614 1394 1782 1462 ﬁlius,
1824 1396 1999 1453 inter-

415 1483 648 1542 cedente
677 1494 868 1541 sancto
888 1482 1101 1540 Joanne
1130 1484 1396 1555 Baptista,
1438 1486 1842 1542 concederetur
1863 1486 1994 1555 sibi,

2105 550 2642 623 γενομένη.⁹Επειτα
2667 551 2852 621 μέντοι
2868 552 2946 623 τῷ
2972 553 3121 623 αὐτῷ
3136 552 3228 606 τοῦ
3247 554 3561 627 Προδρόμου
3578 561 3660 613 καὶ

2105 643 2271 697 πάλιν
2295 643 2652 715 προσεδρεύει
2684 644 2820 716 ναῷ,
2860 645 2954 698 ἐπὶ
2978 644 3073 698 τοῦ
3095 645 3329 716 ἐδάφους
3367 647 3659 722 καθημένη,

2097 736 2192 790 καὶ
2225 736 2301 805 μὴ
2349 735 2395 791 δ’
2424 729 2630 792 οὗτινος
2669 730 2763 791 οὖν
2818 734 3035 806 ἑτέρου,
3073 737 3157 791 ὅτι
3189 738 3265 809 μὴ
3324 737 3487 809 μόνον
3512 739 3661 811 άρτου

2097 829 2192 884 καὶ
2229 828 2424 892 ὕδατος
2480 828 2575 882 καὶ
2624 827 2768 883 άλῶν
2815 828 3112 901 γευομένη,
3171 829 3308 900 μηδὲ
3329 832 3410 895 εἰς
3444 831 3665 903 πλευρὰν

2096 920 2521 997 άνακλινομένη,
2554 921 2691 976 ἀλλὰ
2721 920 2815 975 καὶ
2864 920 3037 975 ὕπνου
3090 918 3270 995 ταύτῃ
3326 922 3664 992 μεταλαμϐάρ

2097 1030 2285 1077 νουσα,
2318 1013 2413 1067 καὶ
2462 1013 2627 1083 ἄρτον
2656 1012 2835 1084 ἐαυτῷ
2865 1013 2933 1066 τὰ
2979 1012 3157 1067 οἰκεῖα
3202 1012 3419 1083 δάκρυα
3479 1015 3664 1085 μᾶλλον

2098 1102 2315 1170 ἡμέρας
2343 1100 2440 1153 καλ⁸
2474 1101 2669 1164 νυκτὸς
2713 1101 3035 1171 ποιουμένη,
3065 1100 3209 1156 ὥστε
3264 1101 3490 1172 δοθῆναι
3518 1106 3667 1158 παῖδα

2103 1195 2223 1256 ταῖς
2262 1193 2356 1246 τοῦ
2390 1190 2700 1246 Βαπτιστοῦ
2737 1194 3056 1263 πρεσϐείαις
3082 1195 3244 1265 αὐτῇ,
3276 1192 3338 1247 δν
3369 1194 3510 1265 αὐτὴ
3534 1196 3669 1250 δοτὸν

2101 1284 2264 1339 πάλιν
2292 1272 2433 1339 κατᾶ
2464 1286 2555 1338 τὸν
2578 1286 2833 1357 Σαμουὴλ
2861 1285 3126 1358 προσάξει
3165 1286 3310 1358 Θεῷ.
3346 1286 3536 1357 Τολμᾷ
3573 1290 3670 1358 γὰρ

2100 1378 2201 1449 ἤδη
2233 1395 2326 1449 μοι
2384 1377 2480 1432 καὶ
2534 1378 2699 1449 μέχρι
2758 1379 2973 1443 τούτου,
3017 1378 3156 1450 πρὸς
3206 1378 3276 1433 τὰ
3326 1377 3668 1450 έξῆςὸλόγος

2099 1470 2264 1523 ὁοῶν.

414 1576 674 1634 eumdem
709 1577 844 1643 Deo,
870 1577 1025 1633 velut
1054 1577 1291 1633 alterum
1340 1578 1674 1645 Samuelem,
1709 1594 1810 1650 per
1836 1580 2169 1639 oblationem
2201 1572 2518 1633 redditur-te.
2549 1565 2731 1624 Audet
2759 1563 2908 1623 enim
2939 1563 3115 1621 oratio
3167 1571 3358 1617 nostra
3398 1562 3665 1631 hucusque

419 1670 692 1742 progredi,
730 1668 1032 1743 respiciens
1056 1668 1124 1726 ad
1157 1670 1389 1742 reliqua.

496 1769 545 1822 5.
577 1767 695 1822 Non
733 1768 964 1819 multum
999 1766 1317 1821 intercessit
1344 1764 1637 1832 temporis.
1681 1780 1805 1819 cum
1857 1778 1987 1817 ecce

2179 1752 2243 1800 ε’.
2276 1747 2349 1798 Οὐ
2380 1747 2554 1817 βραχύ
2587 1746 2646 1799 τὸ
2675 1747 2732 1798 ὲν
2767 1746 2940 1817 μέσῳ,
2973 1746 3068 1800 καί
3099 1764 3185 1811 τις
3230 1762 3464 1815 γΑυκεια
3492 1748 3671 1812 νυκτὸς

419 1859 662 1932 jucunda
697 1856 948 1929 quaedam
981 1867 1148 1912 noctu
1175 1856 1337 1921 visio,
1400 1857 1515 1925 ipse
1545 1855 1885 1910 Prodromus
1910 1870 2001 1924 ap-

2104 1842 2132 1894 ὁ
2162 1841 2477 1911 Προδρόμος
2523 1841 2810 1910 ἐφίσταται
2858 1840 3001 1923 ὄψις,
3055 1840 3281 1911 Θάρσει,
3309 1840 3494 1908 γύναι,
3516 1841 3674 1909 λέγων

424 1963 600 2025 paret,
626 1949 879 2016 Conﬁde,
926 1950 1147 2011 mulier,
1210 1947 1511 2018 inquiens;
1545 1957 1799 2017 suscepta
1852 1947 1999 2001 enim

426 2042 670 2117 precatio
700 2051 791 2096 tua
817 2047 941 2096 est:
976 2040 1134 2111 cujus
1173 2036 1253 2093 rei
1285 2038 1402 2094 haec
1455 2037 1646 2093 odoris
1687 2035 2001 2091 suavissimi

423 2132 755 2207 compositio
785 2132 1005 2204 signum
1036 2136 1185 2197 esto;
1217 2145 1381 2200 quam
1412 2128 1505 2183 ubi
1541 2129 1859 2199 perceperis
1909 2142 2003 2181 ea-

424 2227 551 2283 dem
585 2224 811 2281 domum
837 2233 1011 2279 totam
1061 2220 1485 2293 suffumigabis;
1553 2220 1661 2276 erit
1718 2220 1866 2273 enim
1920 2228 2005 2274 sat

428 2333 623 2389 magna
651 2315 751 2373 tibi
783 2317 963 2387 copia.
1002 2314 1200 2370 Mulier
1231 2322 1417 2369 autem
1477 2313 1745 2368 continuo
1798 2326 2001 2381 exper-

428 2420 599 2477 recta,
618 2409 826 2464 timore
859 2406 1073 2477 pariter
1103 2414 1159 2460 et
1190 2404 1379 2459 laetitia
1426 2402 1701 2475 perfusam
1732 2418 1790 2457 se
1820 2402 2001 2456 anim-

427 2502 702 2568 advertit;
756 2499 957 2553 timore
1001 2496 1226 2567 quidem
1273 2504 1498 2566 pr0pter
1541 2493 1843 2548 novitatem
1881 2507 2004 2562 spe-

430 2592 657 2659 ctaculi,
685 2590 874 2648 laetitia
907 2604 1043 2645 vero
1076 2595 1304 2659 pr0pter
1345 2585 1518 2656 prolis
1565 2585 1752 2656 petitae
1781 2582 2005 2655 pollici-

431 2686 701 2742 tationem
761 2681 987 2753 (ecquis
1037 2688 1247 2745 autem,
1293 2693 1328 2733 ο
1378 2676 1597 2732 Christe
1636 2692 1733 2732 rex
1786 2683 2001 2739 noster,

430 2772 845 2833 multitudinem
876 2769 1144 2828 bonitatis
1177 2780 1283 2826 tua:
1309 2767 1493 2840 dignis
1536 2766 1780 2823 celebret
1819 2763 2003 2821 laudi-

432 2870 620 2941 busl),
652 2866 812 2939 quasi
837 2864 1063 2936 globum
1097 2860 1313 2919 sumtus
1339 2874 1595 2929 magnum
1634 2856 1855 2913 tenebat
1883 2871 2004 2909 ma-

430 2963 631 3028 nibus;
663 2959 939 3029 simulque
970 2954 1127 3012 humi
1158 2970 1217 3010 se
1250 2959 1631 3024 prosternens,
1657 2964 1719 3003 ac
1742 2964 1918 3019 prono
1948 2947 2005 3001 in

431 3056 809 3127 pavimentum
838 3050 1043 3120 capite,
1071 3055 1200 3103 ante
1231 3058 1382 3099 aram
1407 3044 1533 3097 nixa
1572 3040 1825 3112 genibus,
1870 3044 2007 3108 quot

2108 1933 2245 2003 αὐτῇ
2271 1949 2286 1965 ο
2323 1931 2662 2004 προσεδέχθη
2700 1931 2809 2003 γάρ
2834 1934 2869 2002 ἡ
2917 1920 3104 2003 δέησίς
3150 1949 3267 1997 σου,
3293 1933 3391 1986 καὶ
3436 1931 3570 2003 αὐτη
3601 1950 3673 1987 σοι

2108 2028 2337 2096 σημεῖον
2363 2028 2395 2096 ὴ
2418 2026 2639 2089 εὐωδία,
2680 2027 2868 2095 φησιν,
2910 2028 2977 2098 ἣν
3010 2027 3105 2081 καὶ
3131 2026 3378 2080 λαϐοῦσα
3406 2026 3673 2097 θυμιάσεις

2104 2119 2182 2190 τῷ
2215 2120 2349 2191 οίκῳ
2386 2134 2400 2148 ο
2439 2117 2690 2190 ἀρκοῦσα
2730 2120 2840 2189 γὰρ
2870 2119 2954 2187 ἐφ’
2983 2120 3169 2174 ἱκανὸν
3202 2120 3364 2173 ἔσται
3394 2136 3497 2173 σοι.
3540 2119 3598 2171 Ἦ
3625 2120 3675 2171 δὲ

2112 2211 2427 2282 κατάφοϐος
2446 2211 2581 2282 ὁμοῦ
2604 2213 2699 2265 καὶ
2728 2213 3034 2284 περιχαρὴς
3059 2213 3260 2267 αὐτίκα
3273 2211 3673 2267 διυπνισθείσαι·

2106 2302 2169 2355 τὸ
2204 2303 2325 2372 μὲν,
2358 2299 2435 2374 τῷ
2472 2302 2649 2373 καινῷ
2670 2302 2765 2375 τοῦ
2793 2305 3071 2375 ὁράματος
3094 2346 3109 2371 ,
3149 2305 3212 2358 τὸ
3239 2304 3327 2368 δὲ,
3358 2308 3427 2375 τῇ
3454 2304 3547 2359 τοῦ
3597 2307 3674 2358 αἱ·

2105 2393 2361 2463 τηθέντος
2400 2394 2705 2465 ἐπαγγελίᾳ
2727 2394 2843 2463 (Τίς
2908 2413 3026 2460 σου,
3074 2378 3280 2467 Χριστὲ
3346 2396 3586 2467 βασιλεῦ,
3619 2399 3674 2449 τὸ

2106 2486 2208 2557 τῆς
2255 2488 2624 2560 χρηστότητος
2680 2487 2888 2557 πλῆθος
2925 2489 3092 2555 ἀξίως
3123 2490 3508 2560 ὐμνήσειενε),
3558 2490 3675 2542 ὡσεὶ

2109 2586 2343 2653 σφαῖραν
2394 2583 2737 2654 θυμιάματος
2792 2582 3037 2653 μεγάλην
3064 2578 3180 2652 εἶχε
3212 2582 3307 2637 διὰ
3353 2582 3568 2653 χειρὸς,
3593 2584 3676 2635 καὶ

2109 2674 2455 2746 παραχρῆμα
2503 2674 2577 2737 ὡς
2612 2670 2760 2745 εἶχεν
2789 2675 2991 2743 ἑαυτὴν
3019 2673 3098 2741 τῷ
3125 2673 3316 2741 ἐδάφει
3362 2672 3528 2727 δοῦσα
3547 2673 3676 2737 ,καὶ

2106 2766 2351 2836 κεφαλὴν
2408 2765 2496 2819 ἐπ’
2530 2766 2662 2819 αὐτὸ
2707 2767 2815 2838 πρὸ
2842 2765 2937 2818 τοῦ
2979 2764 3377 2835 θυσιαστηρίου
3411 2761 3548 2833 μετὰ
3592 2763 3674 2815 καὶ

2108 2859 2349 2931 γονάτων
2378 2858 2661 2929 ἐρείσασα,
2696 2858 2854 2920 ποίας
2878 2855 3340 2928 εὐχαριστηρίους
3368 2855 3468 2910 οὐκ
3496 2855 3675 2907 εποιεῖ-

2108 2966 2170 3003 το
2196 2949 2378 3017 φωνάς
2401 2967 2415 3014 ;
2444 2949 2598 3013 τίνας
2626 2949 2882 3017 δακρύων
2908 2949 3131 3019 ὀχετοὺς
3158 2947 3260 3001 οὐκ
3295 2947 3450 3017 ἠφίει
3480 2946 3493 3000 l
3526 2945 3668 3014 Ἑξῆς

2109 3039 2165 3094 δὲ
2197 3039 2439 3093 λαϐοῦσα
2465 3039 2851 3109 θυμιατήριον,
2884 3038 3142 3109 τοιαύτης
3184 3039 3430 3110 ἐπλήρου
3467 3037 3672 3097 εὐωδίας

432 3145 574 3218 grati
631 3144 805 3201 animi
851 3157 1039 3208 voces,
1077 3146 1217 3210 quot
1270 3136 1419 3191 rivos
1473 3135 1842 3206 lacrymarum
1893 3146 2001 3184 non

2112 3132 2205 3184 τὸν
2261 3126 2430 3195 οἷκον,
2461 3132 2537 3194 ὼς
2585 3129 2714 3203 μηδ’
2760 3130 2907 3203 ἔχειν
2963 3132 3092 3195 τούς
3145 3131 3318 3202 αὐτῆς
3360 3129 3672 3199 ἀντιλαμϐα-

432 3206 755 3298 emittebat!
781 3233 993 3290 Deinde
1025 3206 1268 3301 arrepto
1302 3226 1613 3289 thuribulo,
1667 3223 1761 3278 tali
1827 3221 2001 3277 locum

2118 3223 2377 3294 νομένους
2433 3222 2635 3277 ειδέναι
2701 3223 2889 3293 σαφῶς
2929 3262 2946 3288 ,
3010 3225 3136 3295 ἦτις
3194 3223 3331 3278 ποτὲ
3379 3222 3517 3292 αὕτη
3549 3239 3560 3251 ·
3595 3220 3677 3274 καὶ

435 3329 702 3401 implebat
731 3325 923 3381 odoris
946 3322 1241 3388 suavitate,
1266 3327 1327 3375 ut
1354 3318 1502 3373 illam
1543 3316 1849 3371 sentientes
1896 3329 2001 3368 non

2115 3313 2301 3368 ὁποίου
2327 3316 2396 3370 ἂν
2420 3315 2501 3386 εἴη
2542 3314 2716 3387 μύρου
2768 3316 2963 3385 (οὓτως
3020 3316 3338 3388 ἀπόρρητόν
3393 3332 3447 3369 τι
3506 3313 3673 3384 χρῆμα

435 3420 587 3489 satis.
617 3423 1019 3490 cegnoscerent
1070 3412 1249 3483 qualis
1270 3417 1452 3475 esset;
1505 3406 1641 3478 quin
1691 3405 2001 3469 etiam,cu-

2115 3407 2214 3461 καὶ
2232 3407 2375 3461 θεῖον
2395 3403 2485 3480 ἦν)
2515 3408 2921 3480 ἑρμηνευθῆναι
2952 3408 3096 3480 λόγῳ
3116 3409 3417 3479 δυναμένη.

431 3520 652 3591 jusnam
684 3514 827 3569 odor
851 3513 942 3568 ille
973 3509 1244 3583 unguenti
1279 3506 1424 3563 foret
1454 3505 1593 3577 (tam
1624 3501 2018 3561 inenarrabilis
2053 3518 2119 3558 ac
2187 3502 2374 3559 divina
2413 3503 2665 3574 quaedam
2696 3517 2785 3558 res
2852 3502 2991 3574 erat)
3011 3503 3195 3557 verbis
3255 3500 3521 3573 explicari
3555 3513 3677 3554 nun-

480 3624 602 3664 uam
630 3606 832 3678 potuit.
3602 3648 3603 3655 γ

438 3628 602 3682 quam
630 3628 832 3678 putum
1554 3678 1555 3681 η

511 3705 566 3760 6.
597 3703 694 3757 Illo
731 3701 899 3772 igitur
925 3695 1016 3752 die
1042 3704 1216 3752 totum
1249 3708 1390 3764 pene
1416 3682 1753 3744 odoramenti
1788 3688 2001 3758 globum

2193 3692 2269 3752 ς’.
2303 3686 2413 3758 Τὴν
2451 3687 2552 3751 μὲν
2585 3680 2677 3740 οὖν
2700 3687 2936 3757 σφαῖραν
2959 3672 3142 3740 πᾶσαν
3174 3683 3297 3757 κατ’
3322 3684 3536 3754 ἐκείνην
3562 3648 3673 3736 ἀνάο

438 3794 711 3854 adolendo
765 3788 1148 3861 consumpsit,
1205 3786 1403 3855 exigua
1467 3781 1703 3853 quadam
1758 3780 2001 3851 portione

2120 3776 2262 3829 λωσε
2317 3777 2418 3846 τὴν
2449 3776 2685 3849 ἡμέραν,
2716 3773 2791 3845 τῷ
2840 3775 2954 3846 ναῷ
2993 3774 3281 3845 θυμιῶσα,
3331 3775 3522 3845 μικρὸν
3549 3773 3603 3826 δέ
3631 3788 3675 3824 τι

439 3890 704 3946 duntaxat
734 3884 948 3949 relicta,
977 3896 1143 3953 quam
1198 3878 1507 3948 strophiolo
1552 3874 1891 3945 quod'manu
1926 3881 2001 3927 te-

2126 3869 2293 3947 μέρος
2322 3869 2670 3939 ὑπολειφθὲν,
2705 3871 2785 3940 τῷ
2812 3871 2917 3925 ἀνὰ
2952 3871 3111 3940 χεῖρα
3135 3865 3464 3938 περιέδησεν
3523 3867 3676 3935 ἔγχει·

440 3983 628 4046 nebat,
661 3976 915 4033 involvit.
970 3974 1199 4030 Postera
1255 3979 1440 4026 autem
1510 3969 1658 4032 luce,
1702 3964 1936 4019 excitata
1982 3977 2001 4018 ε

2123 3960 2245 4046 ρίῳ.
2281 3961 2396 4031 Τῆς
2421 3960 2466 4015 δ’
2490 3961 2751 4032 ἐπιούσης
2809 3961 2964 4023 αὖθις
2989 3960 3084 4014 τοῦ
3118 3958 3290 4012 ὐπνου
3340 3958 3673 4017 διαναστᾶσα,

440 4044 657 4139 somno,
706 4080 876 4130 totam
921 4068 1070 4124 illam
1138 4063 1435 4121 suﬁimenti
1487 4060 1851 4132 quantitatem
1902 4058 2001 4124 (res

2122 4044 2247 4125 εὗρε
2312 4053 2475 4109 πάλιν
2519 4053 2647 4123 ὃλην
2697 4052 2890 4123 αὐτὴν,
2925 4046 2969 4105 ὧ
2995 4050 3089 4105 τοῦ
3129 4048 3457 4120 θτιῖύμισίιτοῖι
3491 4046 3677 4117 ὼῖλὺπδ

443 4168 647 4239 mira!)
673 4181 838 4238 quam
866 4172 1092 4221 sanctus
1133 4160 1450 4217 Praccursor
1500 4151 1751 4214 dederat,
1782 4147 2001 4203 invenit

2119 4144 2214 4197 τοῦ
2247 4145 2406 4213 ἁγίου
2429 4144 2627 4199 δέδοτο.
2660 4144 2823 4212 Καὶή
2855 4146 2973 4213 μὲν.
3005 4144 3073 4197 τὰ
3102 4143 3195 4197 ῐσα
3244 4145 3365 4207 τοῖς
3415 4139 3673 4213 προτέροις

441 4231 764 4330 Δῐηιιοίρεε
787 4255 1010 4326 quidem
1034 4252 1252 4318 eodem,
1280 4266 1391 4320 quo
1414 4244 1616 4317 pridie,
1669 4239 1832 4296 modo
1855 4237 2001 4293 facti-

2122 4235 2274 4307 έδρα,
2310 4236 2405 4291 καὶ
2439 4235 2529 4290 τὸν
2588 4236 2716 4291 ναὸν
2751 4236 2906 4299 αὖθις
2934 4236 3165 4299 εὐωδίας
3192 4235 3460 4307 ἐπλήρου.
3493 4231 3675 4303 Χρόνου

449 4353 620 4423 tabat,
653 4350 1029 4421 templumque
1056 4359 1251 4400 rursus
1285 4337 1636 4397 suavitudine
1686 4332 1874 4389 odoris
1923 4344 2001 4385 re-

2122 4329 2177 4383 δέ
2210 4348 2352 4394 τινος
2382 4330 2794 4399 διαγενομένου,
2820 4332 2849 4384 ὁ
2874 4329 3189 4401 Πρόδρομος
3217 4328 3319 4381 πά)
3336 4346 3384 4381 ιν
3414 4327 3546 4397 αὐτῇ
3568 4323 3673 4393 γλυο

442 4415 732 4501 ferciebat.
768 4415 1095 4510 linter—jecto
1160 4442 1342 4488 autem
1403 4429 1687 4499 aliquanto
1745 4432 2001 4493 tempore

2128 4424 2225 4488 κύς
2258 4422 2469 4494 ὄνειρος
2518 4422 2769 4487 ἐπιστὰς,
2816 4420 3134 4493 Ἀνάστηθι,
3173 4422 3337 4492 φησι,
3374 4418 3548 4489 γύναι,
3594 4415 3674 4470 καὶ

445 4547 673 4593 sanctus
699 4526 1017 4591 Praacursor
1048 4529 1233 4584 denuo
1256 4524 1359 4596 ipsi
1398 4530 1554 4595 grato
1588 4531 1784 4574 somno
1825 4514 2001 4585 sopita

2126 4514 2361 4584 πορεύου
2415 4514 2567 4586 παρὰ
2617 4513 2709 4567 τὸν
2752 4512 2882 4567 ῐδιον
2913 4513 3081 4585 ἄνδρα
3104 4529 3120 4544 ⁸
3160 4510 3410 4585 συλλήψῃ
3431 4512 3535 4581 γάρ
3559 4507 3674 4568 υἱὸν,

446 4608 881 4702 superveniens:
921 4623 1116 4694 Surge,
1169 4619 1371 4688 inquit,
1407 4614 1624 4676 mulier,
1663 4620 1719 4667 et
1778 4609 2001 4664 concedi

2122 4608 2216 4662 καὶ
2246 4606 2496 4670 καλέσεις
2530 4606 2589 4660 τὸ
2617 4606 2789 4677 ὄνομα
2831 4605 2998 4660 αὐτοῦ
3056 4606 3283 4677 Συμεών
3310 4621 3324 4635 ·
3363 4602 3535 4669 δεξιοῦ
3592 4617 3675 4672 μα-

446 4688 535 4780 εὖι
553 4721 810 4777 maritum
844 4727 1035 4779 tuum;
1073 4710 1356 4780 concipies
1381 4709 1529 4764 enim
1557 4705 1750 4769 lilium,
1770 4700 1997 4757 vocabis

2124 4698 2251 4753 στοῦ
2312 4699 2453 4768 γάλα
2495 4695 2720 4768 θηλάσει
2755 4713 2873 4762 σου,
2904 4693 3000 4749 τοῦ
3035 4694 3318 4765 εὐωνύμου
3357 4694 3414 4747 δὲ
3447 4688 3671 4751 καθάπαξ

446 4833 556 4889 que
586 4826 789 4875 nomen
838 4808 960 4880 ejus
1013 4803 1275 4878 Symeon.
1311 4802 1423 4857 Lac
1466 4799 1703 4855 dexterae
1767 4790 2001 4850 mamilla

2122 4791 2383 4859 ἀφέξεται
2410 4807 2425 4823 ο
2454 4788 2608 4843 ἔσται
2631 4790 2740 4859 γὰρ
2790 4788 2899 4842 τῶν
2946 4786 3138 4853 δεξιῶν
3177 4786 3482 4843 τὸ,παιδίον
3508 4801 3521 4816 ο
3563 4797 3672 4851 κρε-

454 4868 560 4967 ίιιεε
583 4902 762 4976 suget,
784 4911 842 4957 et
869 4899 1094 4955 sinistra
1121 4898 1351 4953 omnino
1385 4890 1692 4948 abstinebit
1712 4906 1726 4955 ;
1749 4888 1858 4943 erit
1877 4886 2001 4943 enin

2124 4884 2201 4937 ὦν
2233 4884 2265 4956 ἢ
2318 4881 2545 4954 οίνου,ἥ
2603 4880 2713 4934 τῶν
2736 4882 2837 4935 ὅσα
2862 4879 3027 4951 τέχνη
3063 4879 3157 4932 καὶ
3201 4880 3322 4948 χεῖρ
3366 4871 3471 4929 οἶδε
3502 4868 3674 4925 σκευά-

452 4962 600 5055 iilius
624 4962 887 5051 dexterae.
920 4990 1155 5047 Carnem
1182 4995 1239 5044 et
1289 4987 1499 5049 vinum,
1534 4991 1590 5038 et
1628 4977 1897 5052 quidquid
1931 4978 2001 5033 in-

2128 4977 2268 5040 ζειν,
2295 4975 2356 5029 ού
2390 4974 2783 5049 μεταλήψεται,
2813 4972 2931 5027 ἀλλ’
2964 4972 3130 5044 ἄρτος
3155 4971 3189 5042 η
3228 4969 3406 5040 τροφὴ
3438 4966 3529 5019 καὶ
3554 4962 3674 5030 ὕδωρ

449 5087 662 5147 dustria
707 5096 873 5158 atque
930 5100 1019 5139 ars
1051 5083 1293 5137 humana
1351 5077 1570 5132 noverit
1623 5087 1842 5144 parare,
1910 5084 2001 5123 nor

2131 5066 2303 5135 αὐτῷ,
2327 5064 2424 5118 καὶ
2450 5064 2571 5136 μέλι
2601 5063 2695 5118 καὶ
2724 5063 2851 5128 διλες
2877 5080 2891 5093 ·
2927 5062 2956 5116 δ
2989 5062 3084 5116 καὶ
3115 5062 3268 5132 πάσῃ
3299 5058 3510 5128 φυλακῇ
3533 5069 3675 5124 τηρη-

449 5180 736 5253 continget
760 5143 909 5233 :lsed
960 5175 1121 5247 panis
1160 5182 1216 5228 et
1240 5185 1401 5241 aqua,
1441 5168 1548 5223 mel
1603 5143 1660 5220 et
1713 5164 1789 5219 sal
1844 5160 2001 5216 nutri

2129 5158 2276 5216 τέον.
2302 5158 2379 5221 ὼς
2405 5156 2598 5219 σκεῦος
2615 5151 2805 5226 άγιον,
2837 5155 2934 5210 καὶ
2960 5155 3081 5225 Θεῷ
3105 5157 3182 5218 είς
3217 5152 3556 5224 λειτουργίαν
3581 5143 3674 5199 ἐσύ-

455 5280 703 5332 menltlm
736 5272 890 5328 illius
932 5275 1122 5333 erunt,
1155 5263 1347 5321 sedulo
1398 5270 1584 5314 autem
1631 5251 1996 5311 custodiendu

2135 5265 2314 5319 μενον.
2347 5246 2532 5310 Διετὲς
2578 5246 2634 5300 δὲ
2655 5247 2877 5317 γεγονὸς
2917 5248 2976 5300 ὲν
3008 5244 3141 5318 τῷδε
3173 5244 3251 5315 τῷ
3273 5246 3408 5315 οἴκῳ
3436 5242 3491 5296 τὸ
3543 5240 3673 5293 Θείον

453 5360 554 5426 tibi
593 5352 723 5430 erit,
772 5362 945 5419 veluti
1001 5375 1098 5414 vas
1163 5370 1381 5413 sacrum
1415 5360 1472 5407 et
1497 5348 1688 5405 divino
1719 5342 2001 5399 ministerii

2134 5339 2417 5410 βάπτισμα
2447 5338 2689 5403 δέξεται,
2723 5342 2820 5392 καὶ
2874 5339 3009 5391 αὐτο
3059 5338 3198 5409 μετὰ
3242 5337 3341 5408 τὴν
3369 5340 3432 5390 ὲκ
3457 5332 3545 5387 τοῦ
3590 5330 3671 5399 βαι

449 5427 773 5515 dicandum.
805 5452 1025 5509 Biennii
1074 5463 1242 5521 porro
1292 5445 1480 5514 elapso
1514 5438 1713 5511 spatio.
1760 5436 1865 5490 hac
1912 5433 2001 5504 ips:

2133 5430 2442 5499 πτίσματος
2474 5430 2655 5503 χάριν,
2685 5430 2755 5483 τὰ
2778 5430 2906 5501 περὶ
2933 5427 3126 5482 ἑαυτοῦ
3152 5428 3458 5498 φθέγξεται.

452 5561 507 5615 in
531 5554 770 5613 ecclesia
798 5566 1019 5608 sacrum
1044 5511 1317 5617 baptisma
1376 5511 1669 5610 suscipiet,
1729 5535 2023 5609 gratiaeque
2061 5530 2406 5603 baptismalis
2439 5527 2619 5584 factus
2656 5526 2956 5599 particeps,
3024 5524 3160 5595 quid
3221 5538 3279 5578 se
3312 5523 3544 5577 futurum
3592 5511 3668 5575 sit,

452 5644 788 5708 enuntiabit.
836 5640 837 5643 “

523 5742 577 5797 7.
607 5737 820 5793 Martha
842 5736 1012 5808 igitur
1043 5742 1153 5788 tam
1188 5726 1446 5801 praesenti
1476 5726 1777 5794 divinaque
1807 5719 1992 5791 appari

2206 5715 2273 5777 ζ’.
2323 5714 2385 5766 Ἣ
2420 5713 2517 5783 μὲν
2552 5712 2645 5766 οὖν
2671 5710 2808 5781 γυνὴ
2832 5709 3092 5781 τοιαύτης
3133 5708 3225 5761 καὶ
3252 5705 3390 5759 οὕτω
3414 5702 3549 5761 θείας
3573 5698 3661 5748 ὲπι⁸

2289 5807 2294 5808 ,
2465 5807 2472 5808 κ
2567 5806 2580 5808 _
2768 5804 2779 5808 _
2850 5805 2859 5808 -
3175 5803 3184 5808 -
3361 5797 3382 5808 Α
3421 5797 3430 5808 ι
3527 5794 3537 5808 ο
3599 5785 3654 5808 -1.

453 5837 603 5891 tione
652 5785 900 5902 dignata:
944 5824 1199 5898 perculsa
1253 5832 1310 5878 et
1337 5818 1549 5891 trepida
1606 5817 1828 5871 domum
1875 5826 2001 5868 suam

2142 5807 2366 5871 στασίας
2420 5806 2737 5872 ἀξιωθεῖσα,
2760 5804 3067 5872 ὑπότρομος
3105 5803 3195 5854 καὶ
3231 5797 3474 5870 περιδεὴς
3494 5794 3566 5855 εἰς
3596 5785 3668 5840 τδν
