3988 6550
369 435 504 498 2993

1390 447 1565 506 VITA
1607 447 1650 502 Λ
1692 433 2128 501 NlCEPllORO
2167 433 2660 495 CONSCRIPTA.

3493 437 3634 501 2994

367 548 566 601 οἰκεῖον
611 545 890 602 ἐπάνεισιν
927 546 1100 616 οἷκον,
1138 553 1268 606 είσω
1308 555 1495 609 πυλῶν
1528 556 1628 628 τῆς
1671 551 1947 624 Ἀντιόχου

2070 544 2375 610 'evertitur,
2405 543 2551 599 intra
2579 554 2769 613 portas
2802 544 3112 602 Antiochia:
3146 546 3346 616 sitam;
3386 548 3634 608 accedit-

365 641 527 694 ὄντα·
562 640 978 713 καταλαμϐάνει
1017 643 1074 698 δὲ
1123 645 1217 698 τδν
1269 647 1470 717 ἑαυτῆς
1514 648 1683 721 ἄνδρα
1743 647 1824 720 τῷ
1863 646 1948 717 βι-

367 732 503 803 ϐλίῳ
537 732 958 804 προσκειμένον,
987 734 1016 788 ὃ
1046 735 1145 809 τὴν
1193 737 1459 810 ἐξήγησιν
1493 741 1595 813 τῆς
1652 740 1804 810 ίερᾶς
1853 737 1949 793 τοῦ

371 824 688 897 Προδρόμου
706 827 953 898 κεφαλῆς
977 832 1276 901 περιεῖχεν,
1308 831 1459 895 ὅπως
1493 834 1522 886 ό
1558 831 1816 896 τοσοῦτος
1850 831 1952 901 θη·-

370 918 593 989 σαυρὸς,
628 920 722 973 καὶ
753 919 848 973 τοῦ
887 921 961 990 μὴ
990 921 1175 977 λαθεῖν
1213 922 1366 990 ἄξιος
1386 963 1401 989 ,
1435 925 1540 978 ὑπὸ
1572 925 1677 996 γῆν
1707 923 1955 997 κρυπτό-

373 1025 534 1076 μενος
556 1006 830 1082 εὑρεθείη.
867 1011 1167 1082 Σύμϐολον,
1199 1009 1376 1085 οἴμαι,
1415 1013 1512 1082 τῆς
1537 1011 1630 1067 τοῦ
1667 1011 1956 1083 εὐαγγελιο

369 1098 593 1164 σθέντος
625 1100 764 1174 αὐτῇ
801 1103 1142 1174 προφητείας
1173 1105 1268 1158 καὶ
1299 1105 1479 1170 τοῦτο,
1504 1104 1587 1159 ὅτι
1621 1105 1765 1176 μέγα
1795 1122 1848 1160 τι
1879 1104 1955 1171 τῷ

371 1190 476 1263 βίῳ
503 1190 706 1262 ἀγαθὸν
736 1194 828 1247 καὶ
862 1187 1019 1259 οὗτος
1045 1198 1313 1266 φανεῖται.
1348 1196 1506 1270 Παρὰ
1549 1195 1630 1268 τῷ
1659 1196 1816 1269 ἀνδρὶ
1847 1197 1957 1251 τοί·-

369 1301 468 1337 νυν
525 1284 817 1351 καθίσασα,
868 1286 972 1357 τῆς
1023 1288 1388 1357 ἀναγνώσεως
1437 1289 1716 1359 ἠκροᾶτο*
1769 1289 1845 1353 ὡς
1897 1287 1957 1342 δέ

369 1375 513 1447 αὕτη
569 1377 745 1447 πέρας
795 1372 943 1448 εἶχεν
1001 1377 1173 1450 αὐτῷ,
1201 1380 1234 1450 ἢ
1267 1379 1402 1450 γυνὴ
1433 1379 1531 1451 τὴν
1557 1377 1678 1447 ὄψιν
1706 1380 1786 1443 είς
1830 1377 1957 1432 νοῦν

369 1468 748 1538 λαμϐάνουσα,
782 1469 948 1539 φόϐου
982 1469 1078 1523 καὶ
1129 1471 1306 1542 χαρᾶς
1335 1469 1432 1544 τὴν
1459 1471 1638 1543 ψυχὴν
1672 1471 1959 1536 ὑπόπλεως

371 1555 534 1622 οὖσα,
569 1559 690 1614 οὐδὲ
739 1560 1026 1623 καθεκτῶς
1071 1560 1218 1631 ἔχειν
1247 1561 1338 1616 οἵα
1366 1580 1428 1616 τε
1449 1557 1538 1632 ἦν,
1571 1563 1708 1617 ἀλλά
1750 1581 1805 1616 τι
1839 1564 1959 1617 λίαν

371 1650 590 1720 οίκτρδν
627 1651 826 1722 ἑαυτὴν
857 1650 1206 1725 ὠλοφύρετο,
1240 1655 1315 1718 ὡς
1370 1653 1509 1727 μηδὲ
1565 1653 1960 1725 πυνθανομένῳ

372 1741 478 1811 τὴν
499 1741 680 1795 αἰτίαν
706 1742 784 1812 τῷ
805 1741 962 1813 ἀνδρὶ
992 1741 1412 1814 ἀποκρίνεσθαι,
1436 1743 1552 1796 ἀλλ’
1572 1743 1632 1795 ἐν
1661 1743 1962 1813 ἀπορρήτῳ

374 1831 605 1903 καρδίας
665 1833 735 1886 τὰ
795 1833 1032 1904 ὀφθέντα
1086 1835 1341 1904 κατέχειν
1368 1849 1383 1864 °
1411 1834 1596 1905 ἐκείνη
1631 1833 1731 1904 μὲν
1760 1831 1854 1888 οὖν
1881 1835 1958 1905 τῷ

372 1901 533 1994 ἀνδρὶ
567 1901 895 1978 συνοικοῦσα
931 1924 1194 1979 συνέλαϐε
1224 1901 1333 1980 ἀπὸ
1365 1925 1487 1979 τότε
1530 1901 1674 1980 κατά
1717 1929 1817 1998 τὴν
1858 1901 1953 1981 τού
1985 1901 2032 1959 Β

375 2017 696 2088 Προδρόμου
747 2017 953 2089 φωνὴν,
985 2017 1080 2072 καὶ
1131 2018 1425 2089 συνετήρει
1471 2018 1742 2073 πάντοθεν
1788 2020 1959 2089 αὐτὴν

369 2107 564 2179 ὥσπερ
594 2126 646 2162 τι
672 2107 814 2162 θετον
847 2109 904 2161 ἐν
934 2110 1100 2181 ἐαυτῇ
1134 2108 1378 2181 φέρουσα
1430 2109 1625 2173 σκεῦος
1654 2126 1668 2141 ·
1705 2105 1787 2176 οἷς
1832 2111 1960 2181 μέν·

369 2218 459 2254 τοι
489 2201 712 2274 θαρρεῖν
736 2200 874 2272 εἶχε,
902 2202 996 2255 καὶ
1030 2201 1269 2271 μάλιστα
1311 2201 1388 2274 τῷ
1417 2202 1574 2274 ἀνδρὶ
1603 2243 1617 2266 ,
1653 2204 1959 2277 παρεδήλου

370 2292 636 2356 πολλάκις
665 2334 680 2358 ,
711 2293 786 2358 ὼς
818 2294 1048 2365 ἄρρενος
1082 2292 1343 2363 ἐγκύμων
1375 2293 1463 2366 είη
1489 2297 1678 2366 γονῆς,
1735 2297 1829 2350 καὶ
1877 2298 1959 2350 ὃτι

370 2384 601 2454 Συμεὼν
653 2386 713 2438 τὸ
766 2385 1172 2456 τεχθησόμενον
1205 2385 1489 2457 ὀνομάσοι.
1518 2386 1626 2440 Τοῦ
1658 2388 1855 2458 χρόνου
1903 2387 1960 2441 δὲ

371 2479 479 2548 ἤδη
506 2477 617 2529 τῶν
643 2477 850 2531 ὠδίνων
878 2477 1345 2542 συντελεσθέντος,
1373 2477 1570 2547 τίκτει,
1605 2479 1714 2532 τῶν
1743 2479 1844 2549 τῆς
1876 2479 1960 2533 λο-

368 2571 531 2642 χείας
588 2569 788 2624 ὀδυνῶν
829 2570 967 2642 αὐτῇ
1022 2569 1096 2642 μὴ
1131 2569 1273 2624 κατὰ
1299 2570 1397 2640 τὴν
1430 2570 1639 2624 οἰκείαν
1663 2569 1826 2642 φύσιν
1847 2573 1959 2624 ἐπι·

371 2662 641 2733 θεμένων,
675 2662 815 2715 ἀλλά
874 2662 968 2715 καὶ
1014 2662 1131 2714 λίαν
1162 2662 1355 2733 ἀλύπῳ
1373 2661 1581 2732 τοκετῷ
1609 2663 1957 2733 χρησαμένη.

372 2756 808 2826 Τεσσαρακοστῇ
841 2754 1026 2808 τοίνυν
1071 2755 1208 2823 μετά
1240 2754 1332 2808 τὸν
1365 2755 1524 2807 τόκον
1553 2755 1739 2826 ἡμέρᾳ
1791 2773 1960 2828 προσ-

374 2849 505 2917 άγει
533 2848 594 2901 τὸ
627 2847 827 2919 βρέφος
854 2847 932 2918 τῷ
965 2847 1060 2902 τοῦ
1092 2846 1410 2918 Προδρόμου
1443 2845 1555 2917 ναῷ
1576 2889 1590 2913 ,
1619 2847 1962 2903 ἀντιδιδοῠσα

375 2939 636 3013 καθάπερ
681 2941 710 2995 ὃ
761 2940 944 3004 ἔλαϐε,
1006 2941 1102 2994 καὶ
1156 2938 1276 3010 Θεῷ
1333 2939 1413 3013 τῷ
1467 2939 1724 2994 δεδωκότι
1774 2939 1960 2994 καθιε-

381 3031 478 3104 ροῦ
487 3051 574 3088 σα.

454 3133 525 3199 η’.
558 3127 667 3180 Καὶ
695 3127 729 3197 ἡ
775 3126 874 3197 μὲν
913 3125 1062 3197 αύτῷ
1095 3124 1192 3197 τὴν
1231 3124 1415 3191 δεξιάν
1441 3125 1629 3195 ἐπεῖχε
1661 3125 1850 3197 θηλὴν,
1887 3124 1964 3188 ὡς

377 3219 490 3273 ὑπὸ
532 3217 627 3271 τοῦ
689 3218 1004 3289 Προδρόμου
1054 3219 1263 3288 εἴρητο,
1291 3217 1388 3271 καὶ
1438 3217 1614 3289 ταύτῃ
1645 3216 1707 3269 τὸ
1761 3215 1964 3288 βρέφος
1992 3251 2036 3310 c

379 3309 682 3379 ἐτιθηνεῖτο
709 3325 724 3340 ·
755 3308 965 3377 ὀλίγαις
995 3307 1052 3361 δέ
1088 3307 1315 3379 ’ὕστερον
1342 3308 1581 3379 ἡμέραις
1616 3308 1793 3362 ἐννοια
1821 3309 1968 3377 γίνε-

375 3419 472 3455 ται
504 3403 569 3471 τῇ
597 3400 788 3472 μητρὶ,
823 3399 919 3453 καὶ
940 3399 1040 3471 τὴν
1067 3398 1352 3471 εὐώνυμον
1383 3398 1535 3470 αύτῷ
1566 3403 1837 3471 ἐπισχεῖν,
1874 3400 1967 3453 καὶ

377 3495 520 3564 δῆτα
568 3494 818 3564 δεόμενον
871 3494 1055 3546 ἰδοῦσα
1111 3491 1299 3562 θηλῆς,
1327 3492 1418 3545 τὸν
1444 3491 1735 3564 ἀριστερὸν
1779 3491 1967 3561 ἐπέχει

383 3584 612 3656 μαστόν.
636 3584 746 3639 Καὶ
765 3583 828 3638 τὸ
845 3584 944 3656 μὲν
963 3585 1061 3654 ούχ
1084 3584 1309 3654 ἥπτετο,
1325 3582 1461 3636 ἀλλά
1482 3583 1649 3637 κλαυθ
1658 3601 1729 3653 μυ
1738 3583 1962 3654 ριζόμεο

375 3693 476 3729 νον
497 3674 891 3746 ἀπεστρέφετο·
923 3674 1021 3746 ἡδ’
1045 3674 1280 3742 ἐπέμενε
1317 3673 1517 3744 μᾶλλον
1543 3672 1834 3744 ἐπέχουσα.
1880 3673 1969 3737 Ὠς

377 3767 440 3821 δὲ
476 3765 630 3820 τοῦτο
660 3767 844 3820 πᾶσαν
874 3765 1092 3836 ἐκείνην
1127 3766 1416 3836 παρέτεινε
1464 3764 1651 3835 σχεδὸν
1681 3764 1779 3836 τὴν
1826 3764 1968 3835 ἡμέ-

383 3875 509 3928 ραν,
539 3857 635 3911 καὶ
680 3857 743 3910 τὸ
787 3857 998 3911 παιδίον
1045 3858 1312 3928 ἄγευστον
1357 3857 1523 3930 θηλῆς
1578 3857 1968 3928 διεμεμενήκει

381 3951 486 4020 τῆς
513 3949 708 4014 νυκτὸς
736 3949 952 4018 ἐκείνης
986 3951 1074 4021 (Ὢ
1104 3950 1221 4013 πῶς
1255 3966 1349 4003 σου
1381 3950 1451 4004 τὰ
1477 3950 1758 4021 θαυμάσια
1783 3991 1797 4014 ,
1830 3951 1968 4021 Χρι-

385 4041 502 4106 στὲ,
533 4042 870 4112 διηγήσομαι
901 4041 942 4113 ι)
975 4041 1323 4096 συστέλλεται
1348 4043 1412 4114 τῇ
1447 4043 1617 4114 μητρὶ
1648 4041 1708 4095 τὸ
1736 4041 1969 4096 διοιδοῦν

385 4134 484 4188 καὶ
544 4133 848 4203 ἀνεστηκὸς
906 4133 999 4187 τοῦ
1049 4133 1334 4203 εὐωνύμου
1395 4133 1628 4205 μαστοῦ,
1659 4127 1758 4188 εἶτ’
1806 4128 1901 4188 οὖν
1938 4135 1968 4188 ό

384 4226 842 4295 ὑποπιπλάμενος
865 4224 960 4279 τοῦ
1007 4225 1284 4294 γάλακτος
1316 4225 1540 4291 κόλπος,
1575 4227 1674 4280 καὶ
1708 4226 1968 4280 ὑπολεαί-

383 4337 536 4373 νεται
575 4319 670 4371 καὶ
695 4317 1031 4389 ξηραίνεται,
1072 4318 1166 4372 καὶ
1199 4318 1431 4389 ἀνδρείῳ
1450 4318 1512 4372 τὸ
1545 4319 1654 4373 πᾶν
1689 4318 1781 4374 ίσα
1818 4319 1966 4388 γίνε-

382 4429 477 4464 ται
502 4428 515 4441 ·
545 4413 573 4464 ὁ
602 4410 777 4476 δεξιὸς
810 4409 887 4476 δὲ,
915 4409 992 4472 ὡς
1050 4409 1146 4463 καὶ
1198 4410 1462 4481 πρότερον
1510 4406 1680 4481 εἶχεν,
1722 4410 1971 4479 ἀφθόνως

385 4503 645 4575 θηλάζειν
674 4503 735 4556 τὸ
777 4502 990 4557 παιδίον
1041 4503 1360 4574 δυνάμενος.
1390 4502 1686 4574 Μάρτυρες
1716 4503 1810 4555 τοῦ
1844 4518 1970 4554 τοσ-

2051 651 2161 707 que
2191 635 2259 690 ad
2291 634 2575 702 maritum,
2601 651 2822 708 Operam
2846 638 3072 710 dantem
3099 637 3326 694 lectioni
3348 640 3634 712 cujusdam

2051 727 2202 793 libri,
2252 727 2627 782 narrationem
2699 729 2768 786 de
2823 745 2985 786 sacro
3032 731 3400 788 Prazcursoris
3455 732 3636 802 capite

2053 820 2426 886 continentis;
2455 834 2568 890 quo
2606 820 2819 876 scilicet
2847 833 3017 893 pacto
3066 823 3364 880 thesaurus
3397 824 3514 892 ille,
3543 824 3633 878 in-

2054 913 2235 985 dignis
2269 912 2373 968 sub
2406 920 2548 968 terra
2593 914 2840 971 tenebris
2869 916 3164 973 abstrusus
3208 917 3460 984 latitans,
3509 926 3635 973 tan-

2054 1005 2178 1060 dem
2210 1003 2339 1060 inde
2363 1002 2603 1060 eductus
2636 1005 2730 1060 sit.
2769 1005 3088 1078 Symbolum
3130 1006 3186 1061 id
3219 1023 3323 1079 ego
3347 1008 3638 1063 existima-

2055 1115 2186 1155 vero
2245 1099 2556 1172 prophetiae
2607 1100 2829 1156 mulieri
2887 1100 3266 1168 denuntiatae;
3325 1103 3476 1173 quod
3543 1101 3638 1157 hic

2055 1207 2274 1264 quoque
2300 1209 2561 1265 magnum
2592 1192 2821 1264 aliquod
2855 1194 2988 1249 huic
3043 1193 3255 1250 mundo
3285 1194 3495 1250 bonum
3542 1209 3639 1264 ap-

2055 1284 2338 1355 pariturus
2388 1294 2556 1341 esset.
2613 1285 2786 1357 Igitur
2831 1287 3034 1342 marito
3082 1286 3355 1353 assidens,
3410 1286 3636 1342 lectioni

2056 1375 2336 1448 praebebat
2362 1392 2526 1434 aures
2544 1395 2568 1444 ;,
2596 1392 2702 1448 qua
2737 1378 2920 1445 ﬁnita,
2950 1379 3241 1435 recordata
3273 1378 3506 1434 visionis
3524 1393 3639 1434 sua:

2057 1466 2324 1537 repletam
2358 1467 2556 1522 timore
2576 1466 2889 1538 gaudioque
2936 1481 3181 1523 mentem
3223 1469 3515 1524 continere
3542 1482 3642 1522 ne-

2057 1560 2288 1631 quibat:
2331 1560 2425 1615 sed
2455 1561 2772 1616 luctuosum
2812 1561 2946 1632 quid
3000 1564 3256 1618 evenisse
3293 1563 3402 1617 sibi
3432 1564 3643 1616 lamen-

2060 1653 2228 1708 tando
2268 1652 2583 1720 simulabat,
2643 1661 2704 1707 ut
2746 1669 2816 1708 ne
2850 1669 3071 1712 causam
3127 1656 3474 1726 percontanti
3514 1670 3632 1708 ma,

2063 1743 2170 1798 rito
2223 1744 2470 1799 revelare
2531 1744 2920 1814 respondendo
2964 1755 3289 1817 cogeretur,
3342 1762 3536 1802 verum
3583 1747 3640 1801 in

2065 1834 2440 1905 penetralibus
2496 1835 2685 1891 cordis
2740 1852 2863 1906 quae
2920 1818 3136 1894 viderat
3193 1839 3454 1894 conclusa
3506 1839 3642 1894 reti-

2061 1937 2234 1984 neret.
2265 1929 2439 1984 Porro
2470 1929 2562 1983 illa
2594 1928 2713 1984 viro
2760 1944 3062 2001 congressa
3115 1931 3301 1986 statim
3360 1931 3639 2002 concepit,

2059 2022 2139 2077 uti
2168 2022 2498 2092 praedixerat
2523 2023 3053 2089 sanetus‘Joannes;
3085 2024 3563 2093 conservabatque
3581 2039 3642 2080 se

2059 2109 2208 2164 omni
2241 2109 2460 2172 inloco,
2493 2125 2604 2164 non
2631 2126 2792 2167 secus
2822 2127 2886 2166 ac
2913 2111 2958 2166 si
2982 2127 3078 2167 vas
3104 2112 3386 2183 quoddam
3419 2129 3640 2170 sacrum

2059 2200 2250 2256 ferret:
2275 2216 2340 2257 ac
2363 2203 2554 2258 multis
2588 2204 2836 2274 quidem,
2883 2205 3090 2276 quibus
3111 2207 3444 2272 conﬁdebat,
3473 2216 3643 2277 atque

2061 2294 2335 2364 imprimis
2366 2296 2567 2352 marito
2588 2297 2726 2352 satis
2778 2297 3070 2355 manifeste
3117 2298 3401 2354 indicabat
3441 2299 3644 2368 saepius

2060 2389 2286 2444 virilem
2348 2404 2409 2444 se
2458 2390 2630 2445 fetum
2684 2400 2901 2461 gestare
2962 2402 3144 2458 utero,
3199 2392 3363 2462 eique
3438 2406 3642 2448 nomen

2062 2479 2297 2551 Symeon
2325 2480 2747 2551 imponendum.
2773 2483 2891 2538 Jam
2921 2499 3054 2538 vero
3085 2484 3306 2554 expleto
3342 2482 3644 2554 gravidita-

2064 2571 2134 2626 tis
2159 2581 2427 2642 tempore,
2464 2588 2577 2627 non
2605 2575 2770 2629 modo
2805 2575 2945 2629 nihil
2980 2575 3332 2646 aegritudinis
3358 2592 3427 2630 ex
3456 2583 3642 2645 partu,

2063 2672 2446 2730 proutnatura
2489 2665 2622 2731 fert,
2675 2668 2968 2736 persensit,
3024 2668 3119 2722 sed
3181 2669 3362 2723 omnis
3415 2669 3645 2722 omnino

2063 2755 2270 2811 doloris
2294 2773 2493 2829 expers
2548 2758 2709 2814 enixa
2749 2768 2856 2815 est.
2904 2759 3336 2831 Quadragesima
3383 2760 3585 2816 deinde
3615 2775 3644 2816 a

2064 2857 2226 2918 partu
2274 2849 2363 2905 die
2421 2850 2684 2906 infantem
2749 2851 2804 2906 in
2867 2853 3046 2908 sancti
3102 2852 3332 2908 Joannis
3386 2853 3647 2923 Baptista:

2065 2943 2332 3013 templum
2364 2942 2616 3008 adducit,
2649 2943 3227 3001 reddituraeunnlem
3280 2946 3644 3014 quemadmo-

2065 3039 2196 3094 dum
2221 3045 2533 3106 acceperat,
2558 3038 2782 3104 Deoque
2814 3035 2992 3090 datori
3017 3047 3430 3091 consecratum.

2139 3125 2190 3178 8.
2246 3126 2510 3180 Dextrum
2540 3140 2711 3194 porro
2749 3126 2910 3188 uber,
2941 3125 3020 3178 uti
3075 3125 3143 3178 ab
3195 3125 3391 3179 eodem
3456 3134 3650 3181 sancto

2069 3217 2278 3273 dictum
2315 3227 2455 3282 erat,
2477 3217 2528 3272 ei
2558 3216 2859 3287 praebebat,
2897 3232 2962 3273 ac
2997 3217 3408 3273 nutrimentum
3449 3234 3651 3289 suppe-

2069 3309 2300 3364 ditabat.
2331 3308 2530 3364 Paucis
2563 3322 2694 3364 vero
2723 3319 2847 3379 post
2905 3309 3104 3365 diebus
3136 3309 3191 3365 in
3222 3321 3463 3375 mentem
3499 3313 3651 3368 venit

2071 3401 2254 3466 matri,
2283 3400 2522 3456 sinistrae
2541 3416 2761 3472 quoque
2784 3415 3035 3455 mammae
3060 3402 3353 3458 admovere
3380 3420 3649 3473 puerum;

2069 3504 2234 3563 atque
2265 3493 2406 3549 adeo
2437 3500 2758 3564 poscentem
2793 3492 2966 3548 ubera
3013 3509 3073 3549 re
3105 3493 3224 3564 ipsa
3254 3495 3549 3552 admovet:
3594 3504 3653 3553 at

2071 3587 2163 3640 ille
2189 3594 2414 3655 tangere
2438 3601 2702 3650 renuens,
2731 3585 3067 3655 ploransque
3097 3585 3298 3641 faciem
3343 3587 3650 3644 avertebat.

2069 3674 2206 3731 Cum
2237 3684 2422 3730 autem
2456 3685 2634 3731 mater
2667 3687 3076 3747 perseveraret,
3121 3688 3346 3749 totoque
3388 3695 3528 3749 pene
3559 3679 3654 3735 illo

2070 3765 2160 3820 die
2186 3765 2323 3822 uber
2344 3765 2634 3820 sinistrum
2672 3767 3004 3838 porrigeret,
3032 3778 3090 3823 et
3113 3785 3252 3837 puer
3275 3770 3444 3826 etiam
3492 3778 3654 3826 nocte

2072 3857 2210 3912 nihil
2265 3857 2500 3912 materni
2545 3857 2704 3912 lactis
2754 3867 3031 3928 gustasset
3059 3860 3358 3929 (quomodo
3401 3860 3654 3932 prodigia

2071 3947 2290 4002 Domini
2334 3947 2690 4016 enarrabol),
2722 3949 3072 4003 contrahitur
3111 3954 3276 4006 matri
3347 3952 3652 4008 distentum

2071 4051 2238 4113 atque
2271 4042 2540 4098 tumidum
2569 4042 2711 4098 lacte
2740 4043 2878 4098 uber
2906 4043 3230 4110 sinistrum;
3261 4053 3318 4099 et
3340 4045 3496 4101 sinus
3529 4055 3656 4102 ante

2071 4131 2466 4204 protuberans,
2499 4132 2698 4198 mollis,
2730 4132 2921 4187 aridus
2973 4142 3031 4188 et
3053 4134 3201 4189 virili
3226 4135 3454 4191 omnino
3504 4135 3659 4192 simi-

2072 4225 2142 4280 lis
2174 4223 2446 4281 elllcitur:
2489 4224 2685 4282 dexter
2706 4241 2860 4292 vero,
2892 4226 2973 4281 uti
3001 4227 3176 4296 prius,
3207 4227 3485 4285 retinebat
3521 4228 3658 4284 aﬂa-

2075 4316 2198 4383 tim,
2258 4314 2407 4370 unde
2458 4329 2597 4384 puer
2653 4315 2856 4370 nutriri
2908 4326 3114 4385 posset.
3155 4316 3348 4373 Testes
3399 4317 3480 4373 rei
3545 4325 3657 4373 tam

2073 4406 2416 4464 admirabilis
2438 4418 2587 4473 sunt,
2609 4415 2882 4478 quotquot
2897 4409 2954 4463 in
2986 4408 3186 4464 vicinia
3209 4409 3498 4477 mulieres;
3533 4410 3660 4480 qui-

2074 4501 2178 4556 bus
2195 4507 2374 4555 mater
2400 4515 2512 4570 pra:
2531 4500 2866 4556 verecundia
2907 4501 3249 4557 erubescens
3301 4502 3438 4557 illud
3473 4502 3661 4573 ipsum

384 4596 545 4650 ούτου
570 4595 848 4666 θαύματος
881 4595 1004 4648 ὅσαι
1031 4594 1140 4647 τῶν
1171 4595 1449 4662 γυναικῶν
1503 4593 1849 4663 ἐγγειτόνων,
1883 4588 1964 4656 αἷς

2077 4591 2215 4648 uber
2238 4589 2588 4656 monstravit,
2628 4605 2693 4646 ac
2717 4599 2882 4660 gestae
2910 4590 2990 4647 rei
3024 4592 3227 4647 seriem
3273 4592 3557 4663 eXposuit.

385 4690 423 4760 ἡ
451 4689 643 4749 τούτου
704 4689 910 4758 μήτηρ,
943 4685 1152 4757 χλωρὸν
1184 4685 1288 4738 ὑπὸ
1344 4685 1500 4748 δέους
1541 4684 1749 4756 ὁρῶσα,
1782 4683 1874 4738 τόν
1909 4701 1967 4736 τε

390 4778 596 4852 μαστὸν
627 4778 828 4842 εὐθέως
850 4777 1081 4843 ἐδείκνυ,
1109 4778 1202 4830 καὶ
1222 4776 1321 4848 τὴν
1356 4776 1535 4830 αἰτίαν
1558 4774 1899 4846 ἐπεξηγεϊτο.

461 4872 526 4926 θ’.
560 4871 746 4935 Διετὲς
782 4870 838 4922 δὲ
876 4869 1097 4940 γεγονὸς
1129 4870 1190 4922 τὸ
1229 4870 1441 4924 παιδίον
1471 4870 1529 4924 ἐν
1564 4867 1641 4941 τῷ
1690 4868 1784 4924 τοῦ
1829 4869 1973 4938 Προ-

386 4961 592 5033 δρόμου
619 4958 752 5029 ναῷ,
783 4957 923 5013 κατὰ
947 4959 1048 5030 τὴν
1083 4959 1293 5011 ἐκείνου
1319 4957 1684 5030 προφητείαν,
1750 4958 1812 5012 τὸ
1871 4956 1972 5029 βά-

390 5070 606 5123 πτισμα
651 5053 890 5124 δέχεται,
923 5052 1019 5107 καὶ
1053 5050 1280 5123 Συμεὼν
1308 5051 1604 5122 ἐπικληθὲν
1665 5053 1875 5108 ἄνεισιν
1909 5056 1976 5109 ἐκ

388 5143 487 5197 τοῦ
519 5145 730 5208 ὓδατος.
772 5144 986 5199 Γίνεται
1007 5144 1064 5198 δέ
1090 5163 1140 5198 τι
1167 5142 1353 5213 θαῦμα
1385 5145 1514 5215 περὶ
1539 5145 1673 5198 αὐτὸ
1705 5144 1799 5199 τοῦ
1835 5164 1974 5218 προ-

390 5240 554 5310 τέρου
604 5236 1071 5310 παραδοξὼτερον.
1132 5237 1356 5310 Γλώττῃ
1393 5238 1500 5309 γὰρ
1566 5240 1728 5304 εὐθὺς
1775 5239 1979 5312 ἤρξατο

388 5335 565 5403 τρανῇ
597 5331 798 5399 λέγειν,
825 5331 854 5384 ὃ
906 5331 999 5384 καὶ
1032 5330 1110 5401 τῷ
1145 5331 1425 5401 Βαπτιστῇ
1489 5331 1690 5404 δηλαδὴ
1741 5324 1980 5404 προηγό-

398 5441 580 5496 ρευτοο
611 5424 762 5495 Ἐχω
823 5424 1038 5495 πατέρα
1083 5424 1178 5476 καὶ
1206 5423 1305 5476 οὐκ
1335 5423 1463 5494 έχω,
1494 5424 1608 5495 ἐχω
1639 5424 1852 5496 μητέρα
1884 5426 1980 5479 καὶ

393 5519 498 5572 οὐκ
526 5517 634 5588 ἔχω
659 5533 672 5547 ⁶
699 5516 858 5569 τοῦτο
911 5515 969 5570 δὲ
1033 5516 1129 5570 καὶ
1162 5519 1218 5580 ἐς
1260 5517 1494 5588 ἑϐδόμην
1541 5517 1775 5588 ἐπέμενε
1806 5516 1980 5585 λέγων

394 5609 630 5680 ἡμέραν,
672 5611 935 5680 σημαῖνον
992 5609 1241 5662 ἐντεῦθεν
1279 5610 1378 5680 τὴν
1429 5608 1641 5661 οίκείαν
1704 5607 1813 5661 τῶν
1860 5607 1981 5677 γηΐ-

395 5718 504 5755 νων
560 5703 789 5773 ᾶρνησίν
843 5721 903 5756 τε
961 5703 1055 5756 καὶ
1104 5703 1474 5775 ἀναχώρησιν,
1529 5702 1626 5756 καὶ
1685 5701 1782 5773 τὴν
1844 5700 1982 5773 πρὸς

394 5794 464 5850 τὰ
511 5794 740 5866 οὐράνια
807 5795 1010 5865 μᾶλλον
1047 5795 1322 5849 οἰκείωσιν
1364 5794 1530 5849 αὐτοῦ
1567 5795 1660 5848 καὶ
1694 5793 1979 5848 ἀνάϐασιν.

409 5888 498 5955 Ἐξ
529 5889 738 5944 ἐκείνου
764 5889 942 5944 τοίνυν
969 5887 1159 5952 ὁσάκις
1195 5890 1230 5958 ὴ
1284 5888 1464 5959 μήτηρ
1509 5887 1686 5958 κρεῶν
1747 5884 1983 5950 μεταλά-

2147 4860 2201 4916 9.
2215 4859 2486 4914 Caaterum
2501 4865 2789 4929 postquam
2808 4858 3092 4916 biennium
3112 4859 3660 4929 compleveratpuer,

2080 4954 2134 5008 in
2156 4952 2268 5008 divi
2287 4950 2651 5007 Prmcursoris
2665 4949 2803 5017 aede,
2815 4953 2985 5008 veluti
2997 4952 3067 5008 ab
3080 4952 3275 5008 eodem
3293 4951 3501 5006 dictum
3518 4959 3659 5017 erat,

2079 5060 2237 5103 sacro
2254 5041 2600 5114 baptismatis
2610 5042 2856 5098 abluitur
2869 5043 3045 5108 fonte,
3055 5059 3120 5100 ac
3133 5042 3425 5116 Symeonis
3435 5042 3663 5098 nomine

2080 5136 2379 5209 insignitus
2414 5133 2542 5190 inde
2565 5135 2813 5206 emergit.
2840 5134 3056 5189 Accidit
3082 5134 3188 5190 hoc
3241 5135 3362 5205 ipso
3412 5143 3663 5204 tempore

2082 5231 2392 5304 prodigium
2423 5225 2702 5299 quoddam
2727 5226 3113 5282 admirabilius
3138 5227 3346 5298 priore.
3381 5226 3664 5284 Continuo

2081 5340 2318 5396 namque
2329 5323 2478 5380 clara
2494 5337 2627 5377 voce
2644 5321 2812 5392 (quod
2825 5321 3004 5392 ipsum
3019 5338 3243 5394 quoque
3260 5335 3486 5381 sanctus
3499 5323 3667 5380 Joan-

2081 5434 2182 5474 nes
2194 5413 2546 5490 praadixerat)
2567 5413 2822 5484 proloqui
2847 5413 3146 5485 incipiebat
3167 5433 3181 5471 :
3210 5415 3306 5470 Est
3330 5415 3465 5470 mihi
3485 5424 3665 5484 pater,

2083 5525 2194 5565 non
2225 5517 2448 5565 estzest
2482 5507 2616 5563 mihi
2652 5517 2850 5576 mater,
2879 5523 2992 5564 non
3025 5518 3148 5576 est;
3188 5508 3557 5578 eumdemque
3610 5507 3667 5562 in

2084 5604 2376 5674 septimam
2404 5617 2581 5672 usque
2623 5601 2768 5658 diem
2813 5601 3174 5658 continuabat
3215 5615 3552 5667 sermonem,
3586 5600 3667 5655 si-

2090 5695 2383 5768 gniﬁcans,
2423 5709 2482 5749 se
2514 5693 2640 5748 dein
2673 5693 2841 5748 rebus
2878 5692 3113 5748 terrenis
3156 5692 3353 5747 nuntio
3410 5689 3667 5755 remisso,

2085 5806 2114 5843 a
2141 5789 2372 5858 strepitu
2398 5786 2584 5857 populi
2613 5800 2960 5841 recessurum
2983 5827 2996 5849 ,
3021 5785 3452 5854 ccelestibusqne
3473 5783 3690 5838 melius,

2091 5885 2385 5948 intentum,
2411 5897 2476 5936 co
2513 5889 2625 5935 tota
2661 5888 2843 5935 mente
2885 5893 3267 5935 ascensurum.
3317 5877 3572 5934 Profecto
3606 5891 3672 5931 ex
