3988 6486
414 338 558 404 2995

1577 357 1638 416 S.
1674 355 2053 417 SYMEONIS
2089 354 2449 417 JUNIORIS

3528 346 3663 411 2996

406 453 501 505 illo
532 462 799 521 tempore,
853 455 1072 523 quoties
1098 464 1273 511 mater
1307 471 1525 513 carnem
1577 463 1979 532 iurandm-asset,

2100 465 2201 529 ΰοι,
2240 464 2373 535 παρ’
2397 463 2527 531 ὃλην
2574 462 2635 514 τὸ
2689 460 2923 514 παιδίονν
2946 462 3162 529 ὲκεινην
3213 459 3474 528 ἀπείχετο
3506 457 3669 528 θηλῆς

400 551 520 600 toto
576 544 673 600 illo
726 543 817 601 die
880 545 1145 605 uberibus
1203 548 1518 605 abstinebat
1584 569 1770 624 puer:
1828 556 1978 628 quod

399 647 528 690 cum
568 635 767 706 sapius
827 636 1028 693 factum
1079 646 1248 703 esset,
1300 657 1629 710 persuasum
1680 648 1844 701 matri
1875 658 1980 714 est,
2022 700 2027 705 ,

380 726 585 783 'carnis
610 743 704 783 esu
746 729 972 783 omnino
996 730 1100 785 sibi
1132 739 1190 784 ut
1247 731 1627 789 interdiceret.
1674 735 1811 791 Cum
1845 754 1978 794 vero

398 831 467 873 eo
483 818 595 890 jam
626 829 977 889 pervenerat,
1002 829 1063 875 ut
1095 821 1218 876 aliis
1238 838 1457 893 quoque
1484 824 1625 879 cibis
1660 827 1805 882 vesci
1852 845 1979 898 pos-

397 916 503 973 set,
537 924 734 979 panem
769 909 847 964 illi
880 910 1041 966 melle
1090 911 1311 977 illitum,
1337 922 1392 968 et
1438 930 1539 984 pro
1594 926 1726 985 potu
1772 933 1971 987 aquam

394 1001 715 1071 porrigebat
736 1012 933 1058 mater.
969 1002 1024 1057 Si
1049 1004 1269 1074 quando
1295 1014 1477 1060 autem
1510 1005 1577 1060 ad
1614 1008 1821 1064 balnea
1870 1010 1969 1065 ad-

402 1094 610 1149 ducere
627 1094 807 1163 ipsum
833 1095 1128 1160 niteretur,
1169 1106 1277 1151 tam
1315 1112 1458 1169 :egre
1485 1097 1817 1167 patiebatur,
1856 1110 1975 1157 tan-

400 1195 627 1256 tamque
660 1203 775 1258 prre
798 1202 856 1243 se
883 1187 1094 1243 ferebat
1124 1188 1587 1259 indignationem,
1631 1200 1693 1245 ut
1729 1192 1977 1248 reniten-

398 1288 508 1332 tem
561 1279 828 1334 continuo
884 1295 990 1334 vox
1034 1278 1330 1335 deﬁceret:
1392 1296 1503 1350 quo
1564 1281 1971 1354 animadverso,

396 1379 574 1425 mater
592 1370 726 1426 illud
758 1386 978 1442 quoque
1010 1371 1063 1426 in
1089 1381 1371 1441 posterum
1402 1380 1615 1427 tentare
1640 1371 1875 1430 destitit.

2094 555 2192 626 τὴν
2222 554 2438 625 ἡμέραν
2457 570 2472 585 ’
2513 552 2542 606 ὃ
2574 552 2638 623 δὴ
2662 550 2927 613 πολλάκις
2960 550 3208 618 γεγονὸς.
3238 543 3418 602 πείθέι
3448 548 3552 617 τὴν
3577 566 3673 620 P’i‘

2094 645 2231 717 τέρα
2287 646 2636 700 παντάπασιν
2683 642 3020 714 ἀποσχέσθαι
3064 640 3445 713 κρεωφαγίας.
3473 640 3672 692 ’Δπτε-

2094 736 2220 790 σθαι
2256 736 2315 790 δὲ
2357 737 2459 808 ήδη
2512 736 2607 791 καὶ
2649 739 2857 807 τροφῆς
2901 734 3209 804 δυναμένῳ,
3241 732 3404 804 ἄρτον
3427 734 3461 802 ἡ
3494 729 3675 802 μήτηρ

2096 827 2277 899 μέλιτι
2313 829 2564 899 χρίουσα,
2600 829 2696 883 καὶ
2719 827 2864 899 ὕδωρ
2897 827 3048 898 αὐτῷ
3078 824 3501 897 ποτὸνᾶῳεγεν.
3538 825 3600 876 Εἰ
3621 823 3673 877 δὲ

2091 917 2189 971 καὶ
2217 917 2431 992 λουτρῷ
2454 918 2614 975 τοῦτο
2643 921 3020 990 προσαγαγεῖν
3050 918 3365 989 πειραθείη,
3385 915 3538 969 οὕτω
3576 915 3679 968 δει-

2090 1010 2157 1066 νὰ
2191 1012 2389 1076 ἐποίει,
2413 1014 2507 1067 καὶ
2557 1011 2904 1082 ἀγανακτοῦν
2950 1012 3224 1081 ἐφαίνετο,
3249 1009 3324 1073 ὼς
3372 1010 3470 1062 καὶ
3510 1006 3678 1078 αὐτὴν

2089 1102 2255 1169 εὐθὺς
2307 1104 2441 1159 αὐτὸ
2476 1105 2579 1175 τὴν
2609 1104 2796 1175 φωνὴν
2842 1103 3151 1157 ἐπιλείπειν
3185 1119 3200 1134 ο
3249 1103 3386 1171 ὅπερ
3436 1100 3534 1155 οῦν
3583 1098 3681 1171 τὴν

2091 1197 2308 1267 μητέρα
2335 1196 2542 1250 εἰδυῖαν
2571 1196 2771 1269 μηκέτι
2814 1194 3075 1266 βαλανεία
3127 1195 3189 1249 τὸ
3239 1194 3452 1248 παιδίον
3511 1208 3678 1262 προσ-

2087 1288 2243 1357 άγειν
2273 1288 2470 1343 πείθει.

1878 1492 2111 1552 CAPUT
2151 1496 2221 1552 ll.

644 1619 1021 1675 Terrwmotum
1048 1615 1252 1687 fugiens
1282 1612 1461 1667 Pilum
1490 1612 1814 1684 perducitur,
1846 1616 2119 1673 inimicum
2146 1628 2326 1685 sanat,
2363 1620 2666 1676 columnam
2681 1621 3001 1679 conscendit.
3026 1619 3257 1678 Visiones
3282 1622 3469 1675 variae.

478 1732 838 1798 10.Aecidit,
895 1731 1169 1811 Symeone
1228 1738 1421 1785 nostro
1466 1730 1579 1801 jam
1639 1730 1991 1801 quinquenni

403 1827 571 1893 facto,
596 1840 848 1897 magnam
872 1824 1223 1879 Antiochiam
1273 1822 1423 1894 gravi
1457 1831 1771 1877 terrzemotu
1804 1823 1878 1892 (2)
1912 1825 1993 1879 sic

404 1918 751 1983 labefactari,
787 1925 849 1972 ut
882 1932 993 1970 non
1045 1916 1212 1970 modo
1257 1915 1477 1983 domus,
1507 1914 1603 1969 ubi
1636 1926 1900 1985 parentes
1930 1916 1992 1970 il-

403 2013 512 2066 lius
540 2009 922 2074 morabantur,
954 2007 1150 2063 eodem
1186 2014 1411 2072 rueret,
1480 2022 1675 2061 verum
1707 2006 1824 2076 ipse
1858 2024 1995 2077 quo-

401 2118 512 2173 que
547 2112 723 2173 pater,
750 2100 933 2155 ruinis
958 2100 1322 2170 interceptus,
1359 2098 1526 2153 vitam
1556 2099 1812 2154 luctuoso
1836 2100 1987 2154 exitu

403 2194 782 2251 rencluderet.
812 2194 881 2249 Et
931 2200 1109 2248 mater
1161 2190 1386 2262 quidem
1430 2190 1488 2245 in
1524 2192 1827 2246 oratorium
1861 2201 1992 2248 tunc

402 2294 745 2345 commotum
774 2286 1025 2340 abierat:
1073 2284 1193 2354 ipse
1232 2298 1367 2338 vero
1416 2282 1470 2337 in
1517 2282 1633 2337 azde
1675 2294 1991 2353 proromar-

403 2379 541 2451 tyris
564 2377 831 2448 Stephani
862 2376 1171 2431 Antiochia:
1190 2376 1292 2429 sita
1324 2390 1384 2429 se
1414 2374 1757 2429 continebat.
1787 2375 1990 2430 Verum

402 2479 722 2527 terrmmotu
781 2470 979 2523 urbem
1035 2467 1411 2523 miserandqu
1466 2466 1523 2520 in
1573 2466 1796 2520 modum
1830 2483 1989 2522 ever-

403 2563 721 2628 tente,inde
750 2562 1040 2625 recedens,
1061 2561 1414 2616 errabundus
1453 2561 1990 2632 circumvagabatur,

405 2658 591 2712 donec
626 2654 827 2709 mulier
866 2652 1115 2724 quaedam
1155 2654 1244 2723 pia
1276 2669 1339 2708 ac
1369 2653 1691 2723 parentibus
1746 2654 1866 2725 ejus
1914 2653 1993 2707 fa-

402 2751 698 2807 miliariter
744 2763 866 2813 usa,
915 2756 1200 2816 repertum
1255 2745 1399 2800 forte
1448 2746 1504 2799 in
1566 2755 1810 2800 montem
1867 2745 1989 2800 urbi

402 2843 702 2899 admodum
742 2841 987 2895 vicinum
1034 2838 1283 2893 deduxit.
1356 2836 1582 2908 Septem
1632 2839 1817 2907 itaque
1872 2837 1992 2891 dies

402 2947 584 2992 mater
615 2934 911 3005 quaesitum
960 2949 1057 3001 per
1101 2932 1293 2987 urbem
1346 2930 1599 2987 invenire
1645 2931 1796 2985 nullo
1828 2930 1991 2983 modo

404 3038 653 3102 poterat;
709 3036 938 3096 rataque
990 3024 1346 3079 aedificiorum
1426 3023 1629 3092 passim
1685 3022 1988 3076 labentium

403 3122 583 3177 ruinis
622 3120 933 3174 involutum
993 3115 1250 3185 periisse,
1287 3113 1619 3182 gravissimo
1670 3111 1992 3165 medullitus

403 3213 596 3281 dolore
622 3210 978 3283 premebatur
998 3249 1013 3273 ,
1044 3209 1221 3261 donec
1254 3207 1375 3260 laeta
1399 3204 1636 3270 visione,
1668 3212 1861 3259 sancto
1893 3203 1994 3259 ite-

407 3320 535 3361 rum
565 3311 868 3375 apparente
884 3299 1212 3360 Prodromo,
1230 3305 1500 3359 recreata,
1520 3294 1833 3365 certiorque
1867 3293 1992 3349 red-

2173 1742 2223 1791 t'.
2256 1737 2585 1801 Πενταέτους
2622 1737 2678 1791 δὲ
2704 1738 2808 1809 ἤδη
2836 1739 3029 1792 τούτου
3058 1736 3449 1808 γεγενημένου,
3485 1736 3684 1807 συνέϐη

2101 1827 2311 1898 σεισμῷ
2330 1829 2430 1898 τὴν
2472 1828 2743 1900 Ἀντιόχου
2779 1829 3017 1900 μεγάλου
3046 1826 3468 1898 κατενεχθῆναι,
3505 1827 3585 1890 ὡς
3609 1826 3685 1899 μὴ

2102 1922 2264 1991 μόνον
2290 1922 2382 1976 τὸν
2403 1916 2573 1986 οἷκον,
2603 1924 2682 1987 είς
2710 1921 2768 1975 ὃν
2787 1924 2836 1975 oi
2858 1922 3051 1975 τούτου
3080 1923 3258 1989 γονεῖς
3282 1920 3567 1984 κατέλυον,
3594 1918 3686 1989 ἐρ-

2100 2028 2198 2079 γον
2233 2010 2327 2066 τοῦ
2367 2010 2575 2065 τοιοῦδε
2619 2011 2847 2081 σεισμοῦ
2894 2010 3174 2080 γενέσθαι,
3214 2010 3355 2063 ἀλλὰ
3388 2011 3484 2063 καὶ
3518 2009 3683 2064 αὐτὸν

2099 2103 2191 2157 τὸν
2224 2102 2417 2157 τοῦτου
2442 2103 2658 2173 πατέρα
2692 2105 2805 2165 τοῖς
2834 2101 3241 2174 συμπτώμασιν
3273 2101 3688 2173 ἐναποληφθέν-

2097 2213 2166 2249 τα
2232 2194 2643 2265 συγκαταλῦσαι
2699 2196 2789 2249 τὸν
2839 2194 2953 2266 βίον
2980 2236 2997 2251 .
3045 2196 3110 2249 Ἦ
3137 2196 3237 2267 μὲν
3273 2194 3367 2250 οῦν
3397 2197 3585 2267 μήτηρ
3607 2197 3688 2261 εις

2099 2287 2412 2357 προσευχῆς
2457 2286 2763 2358 τηνικαῦτα.
2798 2284 2948 2341 οἷκον
2982 2286 3284 2357 ἐτύγχανεν
3329 2286 3594 2352 ἀπιοῦσα,
3624 2287 3687 2339 τὺ

2102 2379 2159 2432 δὲ
2184 2378 2419 2443 παιδίον,
2439 2381 2467 2432 ὁ
2490 2379 2630 2433 κατὰ
2658 2378 2756 2451 τὴν
2796 2381 3068 2451 Ἀντιόχου
3091 2380 3186 2434 τοῦ
3216 2381 3687 2452 πῳτομὰρτυρος

2099 2472 2371 2540 Στέφανου
2396 2473 2521 2534 ναὸς
2555 2468 2719 2542 εἶχεν.
2741 2473 2846 2526 Τοῦ
2875 2473 2929 2527 δὲ
2950 2474 3176 2545 σεισμοῦ
3198 2474 3295 2545 τὴν
3325 2476 3481 2529 πόλιν
3495 2475 3686 2540 δεινῶς

2099 2564 2600 2636 καταστρέψαντος,
2618 2561 2708 2619 οἷα
2735 2565 3090 2636 πλανώμενος
3116 2568 3399 2636 περιῆγεν,
3418 2569 3525 2628 ἕως
3547 2568 3682 2639 γυνή

2098 2672 2182 2718 τις
2209 2656 2365 2719 αὐτὸ,
2390 2657 2496 2709 τῶν
2524 2656 2795 2710 θεοσεσῶν
2827 2660 2922 2711 καὶ
2948 2660 3063 2722 τοῖς
3096 2659 3264 2712 αὑτοῦ
3296 2660 3518 2729 γονεῦσι
3545 2678 3686 2729 γνω-

2103 2748 2302 2818 ρίμων,
2331 2748 2592 2819 εὑροῦσα,
2624 2748 2853 2821 πλησίον
2883 2750 2978 2803 τοῦ
3010 2752 3163 2822 παρὰ
3201 2756 3268 2822 τῇ
3326 2752 3479 2805 πόλει
3525 2754 3673 2822 κομί-

2102 2857 2245 2893 σειεν
2298 2841 2479 2911 ὅρους,
2517 2840 2693 2895 Ἑπτὰ
2742 2843 2901 2896 τοῦτο
2960 2843 3142 2896 τοίνυν
3173 2844 3207 2913 ἡ
3238 2844 3425 2915 μήτηρ
3470 2845 3681 2915 ἡμέρας

2098 2934 2203 2986 ἀνὰ
2243 2933 2341 3004 τὴν
2391 2934 2545 2986 πόλιν
2576 2933 2839 3005 ζητοῦσα,
2868 2937 2944 2998 ὡς
2976 2937 3074 3006 οὑχ
3107 2932 3199 2989 οἷά
3224 2953 3283 2989 τε
3315 2932 3383 3007 ἦν
3409 2938 3679 3007 ἀνευρεῖν,

2104 3026 2630 3096 ὲπικατασεισθῆναί
2656 3044 2810 3091 τινας
2838 3028 2989 3097 αῦτῷ
3022 3028 3297 3098 νομίσασα
3324 3029 3433 3083 τῶν
3470 3030 3675 3082 οίκοδο-

2102 3117 2241 3187 μῶν,
2288 3118 2357 3170 τά
2389 3134 2449 3169 τε
2503 3116 2790 3187 σπλάγχνα
2840 3117 3030 3181 δεινῶς
3063 3119 3391 3190 ἐστρέφετο,
3435 3121 3530 3173 καὶ
3586 3121 3679 3192 τὴν

2098 3206 2327 3277 καρδίαν
2380 3208 2645 3261 έκόπτετο
2672 3224 2685 3237 °
2715 3207 2820 3272 ἕως
2850 3210 3055 3280 φαιδρά
3105 3227 3190 3273 τις
3231 3210 3355 3280 ὄψις
3408 3212 3548 3282 αὐτῇ
3582 3214 3673 3264 καὶ

2100 3302 2262 3357 πάλιν
2302 3302 2330 3355 ὁ
2383 3304 2697 3376 Πρόδρομος
2744 3305 2994 3369 ἐπιστὰς,
3029 3305 3289 3376 γνωρίζει
3344 3306 3436 3360 τὸν
3496 3308 3676 3371 τόπον,

400 3394 519 3449 dita
546 3400 655 3455 est,
683 3405 792 3460 quo
853 3387 1027 3441 tilium
1058 3386 1180 3439 loco
1219 3383 1512 3452 reperiret.
1545 3383 1753 3437 Abiens
1781 3383 1989 3451 itaque,

2100 3396 2229 3450 ὅπου
2261 3396 2529 3467 γενομένη
2563 3396 2624 3449 τὸ
2668 3396 2881 3451 παιδίον
2910 3398 3158 3470 εὑρήσει.
3206 3398 3544 3455 Ἀπελθοῦσα
3568 3400 3676 3453 τοί-

403 3483 622 3541 invenit
656 3483 811 3536 illum
866 3479 1010 3550 apud
1051 3478 1258 3540 dictam
1290 3476 1606 3541 mulierem,
1635 3476 1751 3531 haec
1774 3476 1842 3530 de
1874 3475 1994 3545 ipso

401 3591 619 3632 summa
653 3588 780 3630 cum
813 3570 1180 3626 admiratione
1224 3574 1790 3631 commemorantem,
1843 3566 1993 3637 quod

403 3670 585 3741 spatio
613 3668 831 3723 dierum
862 3673 1097 3734 septem,
1122 3661 1208 3716 bis
1230 3675 1528 3731 persuasus
1558 3660 1805 3715 alimenti
1833 3660 1996 3730 quid-

403 3762 530 3817 dam
559 3756 955 3821 sumere,'solo
990 3769 1129 3825 pane
1164 3764 1220 3809 et
1253 3769 1395 3823 aqua
1451 3762 1747 3809 contentus
1777 3754 1992 3810 fuisset.

403 3854 543 3910 Cum
598 3859 821 3921 recepto
872 3848 1041 3917 igitur
1068 3846 1180 3900 lilio
1206 3844 1273 3899 ad
1296 3845 1524 3900 Joannis
1568 3845 1828 3915 Baptista:
1855 3856 1995 3901 tem-

405 3947 561 4017 plum
582 3943 945 4007 contendens,
972 3939 1165 4012 gratiis
1192 3938 1304 3992 Deo
1324 3945 1382 3992 et
1402 3945 1615 4003 sancto,
1652 3946 1711 3991 ut
1732 3953 1832 4008 par
1855 3949 1994 4004 erat,

405 4040 612 4095 ibidem
645 4035 965 4109 persolutis,
1016 4033 1208 4087 urbem
1254 4040 1485 4085 remeat.

472 4126 498 4179 l
515 4126 561 4179 l.
576 4124 717 4178 Dum
744 4122 871 4177 istic
886 4119 1018 4191 agit,
1034 4127 1092 4173 et
1107 4124 1312 4188 quanta
1326 4115 1457 4177 sibi,
1483 4124 1599 4169 tum
1610 4130 1710 4185 per
1724 4114 1985 4182 visiones,

400 4233 518 4286 gum
550 4232 650 4287 per
675 4213 999 4285 prophetias
1022 4208 1294 4281 promissa
1320 4208 1387 4262 de
1419 4206 1530 4260 lilio
1552 4216 1756 4269 essent,
1786 4222 1982 4275 quam-

399 4325 509 4379 que
525 4307 798 4377 stupenda
809 4307 920 4376 jam
947 4317 1095 4357 nunc
1114 4301 1262 4356 circa
1294 4299 1547 4354 eumdem
1571 4298 1715 4353 facta
1738 4298 1988 4363 vidisset,

403 4400 734 4456 inanimum
769 4405 1026 4463 revocat;
1083 4393 1400 4465 pendetque
1448 4391 1636 4457 dubia,
1694 4406 1827 4445 num
1874 4392 1991 4447 visa

405 4493 498 4546 illa
526 4490 708 4560 reipsa
734 4487 1032 4558 aliquando
1051 4501 1183 4541 vere
1216 4482 1543 4553 complenda
1566 4491 1755 4537 essent
1787 4500 1801 4536 :
1841 4483 1991 4539 videt

404 4594 777 4651 persomnum
830 4593 950 4634 sese
988 4578 1186 4632 alatam
1236 4575 1291 4629 in
1348 4574 1582 4630 sublime
1630 4573 1838 4637 efferri,
1877 4590 1993 4628 ma-

407 4675 572 4730 nibus
620 4680 971 4745 prensantem
1029 4670 1226 4734 lilium,
1275 4683 1515 4738 eumque
1550 4667 1720 4723 veluti
1772 4677 1989 4738 gratum

407 4768 520 4822 Deo
549 4766 754 4821 donum
798 4764 1023 4830 offerre,
1047 4772 1211 4832 atque
1237 4761 1390 4816 hisce
1418 4761 1751 4829 compellare
1773 4759 1988 4814 verbis:

407 4860 579 4916 Unice
602 4857 987 4914 desiderabam
1018 4855 1171 4909 hunc
1192 4853 1492 4923 gloriosum
1514 4862 1806 4905 ascensum
1826 4861 1982 4904 tuum

411 4953 619 5017 videre,
656 4951 733 5005 ﬁli
774 4969 787 5005 :
841 4951 916 5004 ita
955 4965 1040 5004 me
1076 4947 1337 5002 famulam
1392 4961 1544 5000 suam
1573 4944 1776 4999 liberet
1820 4943 1991 4998 Altis-

408 5048 603 5110 simus,
640 5044 900 5114 quoniam
934 5041 1120 5096 inveni
1166 5039 1397 5110 gratiam
1439 5038 1584 5092 inter
1613 5036 1902 5102 mulieres,
1931 5044 1993 5090 ut

411 5138 516 5209 ipsi
564 5137 767 5209 possim
805 5134 1041 5190 reddere
1080 5133 1223 5188 uteri
1278 5131 1381 5186 mei
1434 5131 1699 5195 fructum,
1749 5129 1990 5196 dolores,

409 5239 466 5283 et
534 5228 771 5283 labores.
830 5222 1151 5281 Istiusmodi
1212 5222 1483 5277 visionem
1552 5234 1738 5276 sancta
1796 5220 1993 5275 mulier

409 5321 748 5391 conspicata,
783 5319 839 5373 in
870 5332 1034 5372 voces
1060 5314 1342 5387 prophetae
1368 5314 1516 5368 illius
1546 5312 1837 5385 Symeonis
1870 5328 1993 5382 per-

401 5430 571 5483 quam
605 5412 835 5476 similes,
879 5409 1043 5480 quasi
1075 5417 1131 5464 et
1196 5408 1313 5477 ipsa
1370 5406 1548 5460 oculis
1601 5405 1718 5458 suis
1751 5404 1991 5459 salutare

407 5507 684 5575 quoddam
745 5504 1006 5568 vidisset,
1078 5500 1443 5571 erumpebat,
1516 5498 1991 5566 conservabatque

409 5601 595 5654 omnia
631 5599 683 5652 in
736 5597 904 5653 corde
957 5611 1080 5651 suo.

486 5756 568 5827 (Ξ)
612 5755 691 5811 De
733 5755 841 5809 hoc
893 5761 1211 5827 terraamotu
1268 5752 1374 5827 iam
1435 5748 1652 5827 egimus
1699 5747 2000 5827 supra_§3,

416 5820 510 5882 ubi
542 5820 609 5882 de
638 5835 803 5881 aetate
854 5825 1032 5879 sancti
1065 5823 1380 5893 Symeouis,
1416 5820 1768 5887 diximusque
1801 5821 1869 5876 ad
1902 5837 2001 5874 an-

418 5914 552 5958 num
582 5897 687 5956 526
718 5903 991 5969 spectare.

2096 3502 2190 3539 νυν
2243 3487 2278 3558 ἡ
2334 3487 2541 3558 μήτηρ,
2567 3487 2815 3557 εὑρίσκει
2871 3487 3031 3541 τοῦτο
3085 3489 3240 3561 παρᾶ
3298 3492 3366 3561 τῇ
3416 3492 3673 3558 γυναικὶ,

2096 3579 2282 3633 ἐκεῖνα
2318 3579 2447 3648 περὶ
2471 3578 2632 3633 αὑτοῦ
2656 3581 2752 3633 σὺν
2789 3579 3048 3651 ἐκπλήξει
3075 3581 3434 3655 διηγουμένη,
3465 3582 3539 3645 ὡς
3572 3584 3675 3654 ἄρα

2095 3670 2177 3733 δὶς
2206 3669 2305 3734 τὰς
2330 3668 2471 3723 ἑπτὰ
2509 3670 2726 3742 ἡμέρας
2770 3671 3023 3743 πεισθείη
3064 3673 3274 3742 τροφῆς
3328 3674 3673 3739 μεταλαὸεῖν,

2096 3760 2262 3829 ἄρτου
2318 3761 2413 3814 καὶ
2466 3759 2640 3814 ταῦτα
2688 3761 2854 3831 μόνου
2909 3761 3004 3815 καὶ
3038 3760 3255 3826 ὓδατος.
3297 3762 3675 3818 ’Δπολαόοῦσα

2097 3853 2387 3925 τοιγαροῦν
2408 3852 2467 3907 τὸ
2498 3854 2709 3908 παιδίον
2732 3855 2765 3925 ἡ
2796 3856 3003 3925 μήτηρ,
3026 3861 3121 3910 καὶ
3145 3857 3298 3926 παρὰ
3324 3858 3415 3911 τὸν
3441 3857 3537 3910 τοῦ
3570 3859 3673 3911 Βα-

2097 3945 2323 3999 πτιστοῦ
2355 3946 2480 3999 ναὸν
2508 3946 2859 4012 ἀπελθοῦσαν
2877 3947 2996 4018 Θεῷ
3016 3966 3076 4000 τε
3104 3948 3200 4002 καὶ
3237 3950 3387 4019 αὐτῷ
3423 3950 3491 4004 τὰ
3534 3948 3674 4003 εἰκό-

2096 4053 2164 4087 τα
2195 4036 2666 4108 εῦχαριστήσασα,
2701 4039 2948 4092 ἐπάνεισι
2980 4042 3059 4102 είς
3086 4039 3187 4110 τὴν
3215 4041 3394 4098 πόλιν.

2170 4126 2260 4182 ια’.
2291 4128 2426 4182 Καθ’
2461 4130 2658 4202 ἑαυτὴν
2695 4130 2751 4183 δέ
2786 4149 2916 4185 ποτε
2956 4133 3250 4202 γενομένη,
3287 4135 3383 4187 καὶ
3421 4135 3525 4188 ὅσα
3555 4134 3677 4205 περὶ

2094 4220 2187 4273 τοῦ
2218 4220 2433 4274 παιδίου
2456 4222 2593 4293 αὐτῇ
2625 4214 2817 4295 ὀφθείη
2852 4226 2945 4278 καὶ
2979 4224 3262 4297 λαληθείη,
3287 4229 3388 4281 ὅσα
3413 4244 3475 4280 τε
3508 4244 3676 4297 παρα-

2095 4311 2262 4377 δόξως
2295 4312 2383 4366 ἐπ’
2418 4313 2565 4381 αὐτῷ
2610 4316 2884 4385 γενόμενα
2931 4317 3030 4370 ἴδοι
3078 4318 3137 4370 ὲν
3186 4318 3263 4388 νῷ
3305 4318 3674 4388 λαμϐάνουσα.

2096 4404 2192 4458 καὶ
2219 4404 2247 4457 ὃ
2290 4404 2345 4457 τί
2397 4422 2527 4459 ποτε
2563 4406 2672 4477 ἄρα
2704 4408 2766 4461 τὸ
2796 4408 2882 4462 ἐπ’
2917 4408 3067 4480 αὐτῷ
3095 4410 3564 4481 τελεσθησὸμενον
3594 4413 3674 4479 είη

2096 4495 2454 4569 διαποροῦσα,
2477 4501 2578 4571 ὁρᾷ
2607 4501 2747 4553 κατὰ
2771 4500 2897 4565 τοὺς
2926 4501 3126 4566 ῦπνους
3154 4503 3466 4571 ὑπόπτερον
3488 4503 3680 4573 ἑαυτὴν

2097 4590 2205 4643 ἀπὸ
2233 4591 2336 4661 γῆς
2359 4593 2681 4663 αἰρομένην,
2713 4594 2774 4646 τό
2801 4611 2862 4647 τε
2890 4595 3102 4648 παιδίον
3136 4594 3294 4665 χερσὶ
3325 4597 3677 4669 κατέχουσαν,

2098 4681 2194 4731 καὶ
2221 4680 2394 4751 δῶρον
2436 4679 2625 4750 ὥσπερ
2660 4681 2781 4754 Θεῷ
2806 4684 2992 4737 δεκτὸν
3019 4686 3423 4757 ἀναφέρουσαν,
3463 4686 3681 4739 τοιαῦτὰ

2032 4767 2075 4821 D
2104 4789 2163 4824 τε
2192 4771 2340 4843 αὐτῷ
2360 4773 2836 4845 ὲπιφθεγγομένην
2857 4791 2870 4805 '
2919 4775 3256 4846 Ἐπεθύμουν
3295 4776 3425 4829 ίδεῖν
3457 4793 3573 4839 σου,
3597 4776 3679 4828 τέο

2100 4878 2245 4925 κνον,
2287 4860 2386 4933 τὴν
2428 4861 2581 4915 θείαν
2619 4862 2821 4934 ταύτην
2862 4864 3153 4928 ἀνάϐασιν,
3186 4865 3334 4928 ὅπως
3359 4865 3459 4936 τὴν
3496 4865 3679 4935 δούλην

2099 4950 2267 5005 αὑτοῦ
2316 4954 2345 5005 ὁ
2391 4952 2653 5023 ’Υψιστος
2700 4951 2948 5025 ἀπολύσῃ
2997 4972 3089 5024 με,
3121 4955 3202 5007 ὅτι
3232 4948 3393 5026 εὗρον
3428 4956 3588 5026 χάριν
3627 4956 3678 5007 ὲν

2099 5043 2344 5112 γυναιξὶν
2382 5044 2675 5098 ἀποδοῦναι
2704 5044 2919 5117 καρπὸν
2944 5044 3094 5115 αὐτῷ
3120 5046 3330 5109 κοιλίας
3367 5045 3532 5117 έμῆς,
3560 5046 3676 5098 ὠδῖ-

2099 5154 2218 5202 νας,
2242 5139 2335 5190 καὶ
2367 5137 2582 5200 πόνους.
2614 5137 2827 5207 ’Ὁψεως
2875 5139 2973 5208 μὲν
3004 5138 3067 5209 δὴ
3094 5140 3353 5209 τοιαύτης
3384 5141 3419 5210 ἡ
3441 5139 3561 5191 ὁσία
3589 5155 3675 5191 τυ-

2099 5228 2291 5300 χοῦσα,
2340 5230 2435 5283 καὶ
2479 5231 2865 5302 παραπλησίας
2909 5231 3051 5285 οῦτω
3096 5233 3280 5301 φωνὰς
3313 5235 3391 5304 τῷ
3428 5234 3677 5304 Προφήτῃ

2101 5321 2326 5392 Συμεὼν
2353 5322 2725 5394 φθεγξαμένη,
2750 5324 2845 5378 ἅτε
2869 5327 2979 5386 τοῖς
3008 5325 3219 5388 ἑαυτοῖς
3254 5326 3552 5395 ὀφθαλμοῖς
3579 5341 3676 5377 σω-

2101 5417 2288 5488 τήριον
2327 5415 2512 5469 ἰδοῦσα
2540 5416 2632 5469 καὶ
2663 5420 2825 5488 αῦτη,
2855 5420 2936 5482 είς
2968 5417 3197 5490 καρδίαν
3235 5418 3415 5472 πάντα
3444 5416 3675 5488 συμϐάλ-

2102 5509 2290 5572 λουσα,
2330 5508 2452 5561 καθ’
2478 5510 2676 5581 ἑαυτὴν
2703 5511 2963 5582 διετήρει.

2176 5755 2268 5830 (5).
2290 5754 2493 5809 Eadem
2532 5754 2675 5830 vist
2706 5770 2962 5813 narratur
2992 5758 3287 5830 quoquein
3338 5756 3449 5813 Vita
3486 5768 3674 5815 sancta

2104 5823 2347 5893 ποντίαν,
2404 5842 2558 5883 num.
2604 5826 2659 5899 2,
2696 5845 2800 5885 nec
2850 5823 3082 5887 multum
3124 5823 3521 5886 diversimode.
