3988 6502
1550 232 1595 261 ⁸

308 357 450 423 Ξκη

1317 362 1492 424 νιΤΑ
1529 369 1577 424 A
1613 360 2048 436 NICEPHORQ
2083 360 2573 423 CONSCRIPTA.

3423 355 3568 420 2998

383 471 465 541 ιβ’.
500 471 723 543 Συμϐἀν
744 471 802 527 δέ
825 473 919 527 τὸν
947 473 1172 545 Συμεὼν
1203 473 1344 543 μετά
1367 473 1544 529 ταῦτα
1572 474 1694 528 κατ’
1714 475 1889 526 ἐκεῖνο

2064 472 2150 528 12.
2183 472 2315 528 Post
2346 471 2463 526 haec
2492 471 2753 542 Symeon,
2786 472 2909 524 cum
2936 466 3073 521 forte
3109 465 3164 521 in
3196 465 3290 520 illo
3313 477 3565 521 versare-

306 563 412 633 τῆς
421 563 701 635 Ἀντιόχου
715 563 943 632 διάγειν,
966 564 1025 629 ὃς
1046 563 1334 635 Χερουϐὶμ
1351 563 1576 629 είκότως
1603 565 1710 617 ἀπὸ
1727 563 1887 616 Τίτου

310 655 526 719 ἑλόντος
566 655 913 727 Ἱεροσόλυμα
930 656 1171 725 λέγεται,
1186 655 1405 718 είκόνας
1423 671 1484 709 τε
1508 653 1746 727 περιωνύ
1755 670 1889 723 μους

310 746 421 800 τῶν
457 747 741 817 Χερουϐὶμ
785 748 895 802 ἀπὸ
942 747 1039 802 τοῦ
1071 748 1132 802 ἐν
1171 747 1358 812 αὐτοῖς
1400 746 1723 819 ἀνελομένου
1758 745 1887 800 ναοῦ

310 835 449 905 πρός
492 852 552 888 τε
591 836 694 907 τὴν
743 836 1015 907 ’Δντιόχου
1062 838 1573 909 μετοικομίσαντος,
1608 836 1889 892 κάνταῦθα

306 926 410 994 τῆς
450 927 659 991 πόλεως
699 926 775 991 ὡς
820 930 879 981 ἐν
922 928 1341 999 ἐπιφανεστάτῳ
1388 929 1705 998 στήσαντος.
1748 927 1888 999 Τῇδε

306 1017 490 1071 τοίνυν
507 1018 731 1088 διάγων,
761 1020 863 1091 ὁρᾷ
890 1020 1010 1074 κατ’
1042 1019 1380 1091 ὀφθαλμοὺς,
1404 1020 1499 1074 ἐπὶ
1526 1020 1627 1091 τῆς
1655 1020 1889 1091 ἀρχαίας

307 1111 665 1179 τειχοποιίας,
698 1111 934 1183 φρικτῆς
954 1112 1169 1184 ἐκείνης
1194 1114 1439 1185 ὁράσεως
1457 1129 1471 1144 ο
1513 1112 1647 1185 Ὁρᾷ
1669 1129 1888 1187 τοιγαρ-

306 1199 429 1264 οῦν,
459 1202 554 1255 καί
588 1202 720 1265 ίδοὺ,
752 1204 782 1256 ό
805 1202 1008 1274 Κύριος
1038 1203 1294 1257 ἀπάντων
1323 1204 1417 1257 καὶ
1454 1204 1728 1274 Δεσπότης
1752 1204 1888 1274 Χρι-

310 1291 439 1355 στὸς
474 1294 504 1346 ὁ
529 1292 661 1357 Θεὸς
695 1292 834 1364 (πῶς
863 1293 931 1348 ἀν
953 1297 1323 1367 παραστήσειε
1346 1294 1502 1364 λόγος
1529 1292 1591 1349 τὸ
1619 1294 1761 1365 μέγα
1789 1295 1888 1364 τῆς

306 1384 637 1454 ἐπιφανείας
677 1386 895 1458 ἐκείνης
935 1386 1192 1459 θέαμας)
1227 1388 1321 1442 ἐπὶ
1352 1387 1545 1461 θρόνου
1588 1387 1793 1461 ὑψηλοῦ
1827 1405 1887 1442 τε

307 1474 409 1528 καὶ
443 1472 747 1545 μετεώρου,
779 1475 931 1547 βῆμά
968 1494 1027 1531 τε
1065 1478 1172 1548 πρὸ
1196 1478 1361 1532 αὑτοῦ
1396 1478 1625 1550 φοϐερὸν
1654 1480 1885 1552 ἑωρᾶτο,

312 1564 433 1617 τότε
481 1566 591 1619 τῶν
631 1567 859 1621 δικαίων
894 1568 1098 1640 πλῆθος
1142 1572 1461 1642 συνήρχετο,
1499 1573 1596 1626 καὶ
1632 1572 1665 1643 ἡ
1707 1570 1889 1642 βίϐλος

304 1654 411 1724 τῆς
445 1655 592 1723 ζωῆς
620 1656 928 1728 ἀνεῴγνυτο
953 1676 967 1690 ο
1003 1659 1098 1713 καὶ
1126 1661 1236 1714 ἀπὸ
1272 1661 1372 1731 μὲν
1406 1660 1680 1716 ἀνατολῶν
1721 1664 1749 1715 ό
1786 1660 1890 1731 τῆς

305 1750 522 1819 τρυφῆς
556 1750 818 1815 πυκάζων
854 1753 1213 1824 Παράδεισος,
1246 1754 1355 1807 ἀπὸ
1382 1753 1439 1807 δέ
1464 1754 1685 1825 δυσμῶν
1720 1754 1886 1827 λίμνη

308 1840 487 1911 πυρὸς
511 1841 919 1912 ἀναϐράζουσα,
945 1819 1096 1899 ’Πνεῦ
1106 1846 1180 1915 μά
1197 1819 1263 1899 τε
1285 1846 1488 1918 Κυρίου
1510 1819 1598 1900 ἐπ’
1617 1819 1890 1901 αὑτὸν-λέλ
1920 1819 1963 1876 Β

307 1949 441 1997 γονο
477 1934 677 1987 Ἀκουε
711 1935 807 1988 καὶ
831 1933 989 2000 σύνες
1026 1936 1219 2006 λόγους
1260 1936 1438 2008 ζωῆςο
1468 1940 1746 2011 συμϐουλὴ
1779 1938 1889 2010 γάρ

308 2042 398 2087 σοι
444 2026 584 2098 πρὸς
636 2027 868 2098 ἐκλογὴν
920 2029 1014 2082 τοῦ
1050 2029 1218 2082 καλοῦ
1257 2030 1324 2084 τά
1361 2029 1633 2102 ὁρώμενα.
1684 2031 1747 2085 'H
1790 2031 1889 2102 μέν

306 2117 423 2188 γάρ
470 2116 580 2170 τῶν
635 2118 863 2171 δικαίων
915 2104 1258 2190 λαμπρότης,
1310 2121 1407 2174 καὶ
1454 2123 1483 2174 ὁ
1528 2121 1630 2192 τῆς
1679 2125 1889 2195 τρυφῆς

305 2208 667 2278 Παράδεισος,
706 2210 804 2282 τὴν
850 2211 1022 2265 ἀίδιον
1055 2211 1376 2279 ἀγαλλίασιν
1421 2212 1885 2281 ἐπαγγέλλονται·

304 2304 338 2368 ἡ
366 2299 426 2351 δέ
451 2298 545 2353 τοῦ
572 2301 746 2369 πυρὸς
782 2300 998 2368 γέεννα,
1038 2300 1135 2371 τὴν
1166 2302 1525 2373 ἀτελεύτητον
1555 2305 1772 2359 ἀπειλεῖ
1804 2323 1889 2360 τι·

307 2391 544 2461 μωρίαν.
587 2391 777 2445 Ἀπιθι
814 2392 1016 2457 τοίνυν,
1052 2392 1114 2446 τὸ
1148 2393 1351 2461 ἀγαθὸν
1397 2394 1779 2465 ἐκλεξάμενος,
1812 2397 1889 2462 ὡς

302 2484 374 2537 ἂν
435 2483 510 2555 μὴ
559 2484 667 2536 τῶν
725 2484 1011 2539 ἀθανάτων
1071 2484 1234 2555 μόνον
1293 2487 1433 2554 μετά
1497 2487 1648 2551 τέλος
1700 2489 1890 2542 δεινῶν

300 2576 653 2647 ἀπαλλαγῇς,
681 2576 819 2629 ἀλλά
859 2576 954 2629 καὶ
987 2576 1095 2630 τῶν
1124 2576 1562 2647 ἀπηγγελμένων
1604 2579 1718 2643 τοῖς
1751 2582 1891 2650 ἀγα-

303 2668 453 2722 πῶσι
477 2668 568 2721 τὸν
594 2668 726 2721 Θεὸν
750 2669 1132 2739 ἀνεκλαλήτων
1158 2669 1380 2739 ἀγαθῶν
1408 2672 1691 2743 ἐπιτύχῃς.

383 2853 473 2917 ιγ’.
505 2846 725 2918 Ταύτης
763 2847 845 2917 τῷ
867 2847 1094 2918 Συμεὼν
1136 2850 1235 2918 τῆς
1273 2849 1510 2920 θεωρίας
1550 2851 1889 2922 ὑποδειχθεί-

308 2957 434 3011 της,
467 2939 681 3005 σύνεσίς
706 2956 766 2992 τε
793 2937 1111 3011 παραδόξως
1145 2940 1294 3010 αὐτῷ
1336 2940 1583 3011 θειοτέρα
1622 2942 1717 2995 καὶ
1750 2960 1888 3014 κρυ-

304 3040 453 3099 φίων
492 3033 741 3097 ἀθεάτως
787 3033 1189 3102 ἀποκαλύψεων
1234 3036 1615 3104 προσετέθειτο
1662 3036 1885 3105 γνῶσις.

1993 573 2083 620 tur
2140 562 2450 620 Antiochia:
2484 563 2630 628 loco,
2688 562 2782 632 qui
2829 562 2951 632 jure
2998 560 3200 615 merito
3259 556 3563 613 Cherubim

1989 656 2322 727 appellatur,
2349 665 2643 726 propterea
2667 652 2814 724 quod
2836 653 3019 717 Titus,
3047 667 3244 707 eversa
3297 650 3563 706 Hieroso-

1987 749 2153 821 lyma,
2187 746 2523 804 celebriores
2550 745 2997 803 Cberubinorum
3030 752 3261 809 statuas,
3318 758 3387 797 ex
3427 751 3567 798 tem-

1988 842 2082 911 plo
2110 842 2230 912 ejus
2248 839 2518 905 sublatas,
2559 837 2909 893 Antiochiam
2937 834 3304 899 transtulerit,
3325 833 3565 889 ibidem-

1988 946 2096 1001 que
2130 931 2494 988 celeberrimo
2548 928 2707 985 urbis
2753 928 2879 984 loco
2912 926 3199 997 posuerit:
3260 941 3389 981 cum
3443 924 3562 990 illo,

1990 1020 2237 1091 inquam,
2266 1020 2388 1075 loco
2412 1026 2734 1074 versaretur
2768 1016 3032 1089 Symeon,
3068 1014 3333 1084 obiicitur
3359 1014 3439 1068 illi
3458 1029 3559 1084 ap-

1987 1129 2188 1185 parens
2216 1128 2381 1183 super
2410 1113 2698 1168 ruinosum
2738 1109 3006 1180 parietem
3023 1107 3370 1163 horrendum
3395 1106 3568 1162 hocce

1989 1205 2388 1277 spectaculum.
2430 1203 2747 1275 Apparebat
2789 1215 2920 1257 ecce
2967 1199 3227 1256 Christus
3270 1198 3566 1255 universo-

1987 1311 2113 1352 rum
2142 1295 2412 1352 Dominus
2435 1292 2554 1366 (sed
2575 1307 2698 1364 quae
2720 1290 2995 1347 sermonis
3024 1290 3281 1346 facundia
3305 1297 3416 1346 tam
3442 1288 3570 1345 illu-

1991 1388 2121 1442 stris
2164 1384 2531 1457 apparitionis
2560 1381 2938 1456 Spectaculum
2963 1380 3065 1452 pro
3099 1380 3365 1453 dignitate
3409 1396 3570 1437 enar-

1989 1479 2175 1546 ret?),
2209 1478 2548 1550 apparebat,
2621 1478 2869 1548 inquam,
2918 1476 3174 1533 Christus
3232 1476 3459 1532 sublimi
3510 1475 3569 1531 in

1991 1572 2215 1637 throno,
2276 1580 2406 1625 ante
2432 1585 2599 1640 quem
2648 1569 2893 1625 tribunal
2938 1569 3223 1635 terribile;
3275 1576 3408 1623 tunc
3467 1567 3569 1623 im-

1989 1678 2181 1719 mensa
2204 1662 2481 1733 iustorum
2506 1661 2806 1717 multitudo
2831 1659 3168 1725 conﬂuebat,
3194 1658 3569 1731 pandebatur-

1991 1769 2098 1825 que
2121 1753 2269 1809 liber
2287 1753 2448 1807 vitae:
2476 1751 2834 1823 spectabatur
2863 1750 2933 1805 ab
2964 1758 3090 1804 ortu
3138 1748 3379 1803 refertus
3411 1747 3569 1802 volu-

1993 1855 2142 1918 ptate
2188 1845 2503 1917 paradisus,
2558 1845 2628 1900 ab
2652 1858 2853 1900 occasu
2884 1858 3021 1899 vero
3050 1856 3307 1915 stagnum
3348 1839 3571 1912 ignibus

1988 1949 2263 2006 aestuans;
2290 1947 2346 1994 et
2366 1936 2607 2008 Spiritus
2644 1934 2864 1991 Domini
2922 1934 3145 1991 diccbat
3171 1933 3259 1989 ei:
3300 1931 3566 1987 Ausculta

1988 2041 2047 2087 et
2075 2031 2320 2101 intellige
2348 2029 2517 2085 verba
2545 2029 2702 2094 vitae;
2740 2026 2968 2083 consule
3015 2026 3129 2091 illa,
3174 2039 3298 2096 qua:
3322 2023 3415 2078 hic
3435 2038 3564 2077 cer-

1989 2129 2079 2185 nis
2132 2136 2194 2183 ut
2225 2127 2396 2199 eligas
2412 2126 2697 2181 virtutem.
2730 2124 3004 2196 Splendor
3032 2123 3135 2180 iste
3171 2131 3489 2178 sanctorum
3514 2132 3573 2177 et

1989 2221 2281 2293 paradisus
2341 2219 2641 2290 voluptatis
2697 2218 3092 2288 sempiternam
3140 2215 3570 2271 exsultationem

1990 2315 2306 2389 significant
2354 2313 2504 2369 :ista
2557 2320 2743 2368 autem
2779 2314 3031 2384 gehenna
3092 2309 3237 2382 ignis
3284 2322 3569 2379 nunquam

1994 2405 2340 2464 terminanda
2385 2403 2654 2474 supplicia
2722 2401 3139 2458 interminatur.
3202 2399 3307 2455 Abi
3376 2399 3568 2471 igitur,

1990 2501 2365 2571 virtutemque
2388 2496 2571 2570 elige;
2604 2502 2666 2552 ut
2696 2503 2823 2567 post
2848 2494 2975 2550 vitae
3029 2493 3195 2565 hujus
3242 2491 3570 2558 terminum,

1990 2610 2101 2650 non
2146 2593 2309 2649 modo
2366 2590 2621 2647 libereris
2664 2590 2931 2645 aerumnis
2988 2587 3207 2642 nullum
3263 2584 3565 2641 terminum

1991 2682 2289 2746 habituris,
2346 2694 2544 2735 verum
2593 2678 2759 2733 etiam
2804 2674 3083 2747 particeps
3135 2675 3235 2730 fias
3293 2674 3568 2729 bonorum

1992 2771 2378 2835 ineﬂ‘abilium,
2414 2768 2828 2839 propositorum
2856 2765 3174 2820 amantibus
3192 2765 3390 2819 Deum.

2063 2864 2150 2918 15.
2174 2859 2653 2930 Coutemplatione
2683 2860 2787 2913 ista
2822 2856 3085 2929 Symeoni
3131 2855 3369 2926 objecta,
3393 2855 3574 2929 scien-

1993 2955 2066 3012 tia
2091 2954 2339 3026 quaedam
2401 2953 2693 3023 plusquam
2746 2949 3010 3013 humana,
3078 2962 3201 3019 quae
3257 2947 3475 3003 occulta
3518 2956 3574 3002 et

1992 3048 2165 3101 aciem
2198 3054 2441 3100 nostram
2467 3040 2733 3112 fugientia
2762 3041 3056 3102 revelaret,
3104 3026 3440 3092 mirabiliter
3480 3037 3570 3093 ei-

317 3124 565 3192 Ὀλίγαις
603 3124 660 3178 δέ
706 3124 936 3195 ὕστερον
974 3126 1212 3196 ἡμέραις
1237 3126 1339 3196 ὁρᾷ
1370 3126 1533 3179 πάλιν
1562 3127 1656 3180 ὑπ’
1689 3127 1891 3196 ὀφθαλ-

1999 3138 2123 3193 dem
2161 3136 2425 3191 attributa
2462 3142 2567 3189 est.
2592 3132 2790 3188 Paucis
2815 3139 2941 3203 post
2965 3130 3164 3185 diebus
3194 3128 3346 3185 videt
3378 3131 3567 3185 denuo

306 3212 448 3281 μοὺς
477 3212 641 3283 ἄνδρα
674 3211 1150 3283 λευχειμονοῦντα,
1173 3212 1251 3278 ὃς,
1291 3213 1597 3268 Ἀκολούθει
1624 3233 1737 3285 μοι,
1765 3216 1890 3288 ἔφη.

305 3304 422 3358 Καὶ
447 3304 476 3356 ὁ
503 3304 602 3373 μὲν
639 3304 926 3375 ἠκολούθει
954 3306 1299 3378 παραχρῆμα
1325 3310 1392 3379 τῇ
1417 3308 1544 3378 σκιᾷ
1573 3308 1667 3360 τοῦ
1698 3309 1892 3378 ὀφθέν-

304 3410 435 3457 τος·
474 3396 503 3448 ὁ
535 3393 592 3447 δὲ
629 3395 770 3448 κατά
792 3396 892 3467 τὴν
924 3396 1219 3467 Τιϐερινὴν
1252 3398 1455 3464 ἀπάγει
1496 3398 1682 3468 χώραν
1707 3400 1892 3469 αὑτὸν,

304 3490 410 3554 τὴν
442 3484 546 3537 ὑπὸ
583 3487 649 3556 τῇ
684 3485 885 3553 γείτονι
926 3486 1190 3558 Σελευκίᾳ
1224 3487 1484 3557 κειμένην
1520 3489 1612 3541 ἐπί
1647 3507 1769 3545 τινα
1801 3492 1893 3545 τό·

308 3594 433 3641 πον,
462 3579 520 3629 ἐν
548 3570 593 3646 ᾧ
616 3579 837 3647 χωρίον,
862 3578 1001 3632 Πίλα
1039 3580 1258 3649 συνήθει
1296 3580 1509 3651 γλώττῃ
1536 3581 1893 3651 καλούμενον,

306 3666 401 3740 ἦν.
440 3670 704 3724 Ἐνταῦθα
727 3670 1019 3741 τοιγαροῦν
1045 3673 1073 3725 ὁ
1096 3671 1322 3741 Συμεὼν
1345 3672 1450 3725 ἀνά
1479 3674 1581 3741 τὴν
1608 3674 1704 3728 τοῦ
1735 3674 1895 3746 ὅρους

305 3762 551 3832 ἐρημίαν
599 3763 704 3816 ὑπὸ
746 3763 955 3835 θηρίοις
985 3764 1163 3834 διῆγε,
1201 3764 1381 3834 μόνοις
1422 3765 1572 3837 αὐτῷ
1618 3771 1897 3833 κοινωνοῖς

308 3856 412 3923 τῆς
438 3854 667 3922 διαίτης,
700 3854 957 3908 πλουσίου
989 3854 1160 3909 νύκτα
1190 3856 1285 3909 καὶ
1305 3856 1519 3927 ἡμέρας
1572 3857 1752 3926 φωτὸς
1801 3858 1895 3911 άν-

306 3945 456 3998 ωθεν
491 3946 800 4010 ἀπολαύων,
837 3948 932 4000 καὶ
962 3947 1065 4001 ὑπὸ
1097 3946 1191 4000 τοῦ
1214 3946 1471 4016 ὀφθέντος
1493 3948 1641 4018 αὐτῷ
1687 3948 1897 4019 λευχει-

311 4054 479 4107 μονος
512 4038 702 4108 ἀνδρὸς
723 4039 1103 4109 ὀδηγούμενος,
1139 4039 1197 4104 ὃς
1229 4040 1377 4109 αὐτῷ
1411 4044 1504 4093 καὶ
1529 4039 1599 4093 τά
1623 4042 1894 4110 ἀναγκαία

306 4130 567 4201 ἐπήρκει.
622 4131 865 4201 Ἡμέρας
918 4132 1015 4201 μὲν
1052 4131 1115 4202 δή
1157 4149 1309 4195 τινας
1359 4132 1487 4203 τῇδε
1530 4132 1893 4204 διεκαρτέρει,

307 4219 435 4276 εἷτα
484 4224 582 4277 καὶ
624 4223 774 4294 αὐτῷ
828 4222 1173 4291 προσϐαίνων
1216 4224 1316 4294 ἤδη
1362 4224 1439 4292 τῷ
1471 4225 1611 4295 ὄρει,
1649 4224 1896 4297 εὑρίσκει

311 4316 491 4387 βραχὺ
526 4318 909 4387 μοναστήριον,
937 4318 996 4369 ἐν
1028 4309 1074 4385 ᾦ
1108 4333 1192 4379 τις
1230 4315 1504 4387 Ἰωάννης,
1532 4311 1735 4390 ἀρετὴν
1768 4335 1898 4388 μετ-

312 4410 413 4464 ιὼν
440 4409 600 4482 ἀνὴρ,
634 4410 725 4463 ἐπὶ
774 4410 984 4480 βάσεως
1019 4409 1307 4475 ίστάμενος
1337 4406 1425 4479 ἦν,
1458 4403 1502 4479 ᾧ
1531 4411 1624 4464 καὶ
1670 4410 1776 4482 πρὸ
1801 4410 1895 4464 τοῦ

1994 3229 2198 3292 virum,
2255 3226 2383 3281 albo
2414 3223 2749 3278 vestimento
2792 3223 3085 3285 amictum,
3143 3220 3568 3290 dicentemque:

1994 3318 2239 3388 Sequere
2270 3330 2376 3370 me.
2412 3314 2509 3369 Ille
2540 3320 2725 3367 autem
2751 3312 3089 3382 sequebatur
3136 3310 3406 3366 continuo
3453 3324 3577 3364 um-

1996 3411 2151 3464 bram
2203 3405 2519 3478 apparentis
2567 3402 2692 3468 sibi,
2744 3402 3111 3472 ducentisque
3164 3401 3222 3456 in
3285 3402 3574 3473 regionem

1997 3500 2337 3564 Tiberinam,
2383 3496 2745 3553 contermina:
2799 3494 3066 3550 Seleucia
3114 3493 3447 3565 subjectam,
3503 3493 3575 3548 ad

1995 3594 2177 3649 locum
2208 3589 2525 3663 quemdam,
2553 3596 2820 3644 consueto
2877 3584 3074 3641 incolis
3130 3583 3414 3652 idiomate,
3458 3583 3577 3640 Pila

1999 3680 2481 3754 appellatum.Hic
2512 3679 2752 3752 Symeon
2810 3676 3034 3732 deserto
3060 3675 3116 3730 in
3165 3682 3354 3730 monte
3405 3686 3578 3745 agens

1998 3775 2142 3829 inter
2167 3762 2333 3837 feras,
2365 3785 2502 3842 quas
2525 3771 2669 3826 solas
2692 3769 2822 3824 vitm
2845 3783 2957 3823 suae
2986 3773 3275 3823 consortes
3306 3764 3574 3830 habebat,

1997 3866 2223 3937 copioso
2295 3862 2504 3918 lumine
2556 3862 2777 3918 caelitus
2806 3861 3055 3914 immisso
3113 3858 3211 3913 diu
3278 3864 3567 3925 noctuque

1996 3950 2424 4022 perfruebatur;
2458 3950 2697 4004 ducente
2746 3964 2847 4019 per
2901 3947 3086 4002 omnia
3132 3946 3258 4001 viro
3322 3942 3437 4009 illo,
3476 3943 3576 4014 qui

1999 4042 2329 4098 candidatus
2355 4049 2787 4112 apparuerat,et
2835 4039 3157 4096 necessaria
3199 4038 3334 4094 vitae
3370 4050 3578 4108 suppe—

1998 4135 2231 4190 ditante.
2258 4134 2484 4205 Aliquot
2512 4133 2619 4189 isto
2654 4134 2778 4188 loco
2817 4134 2936 4188 dies
2980 4132 3328 4204 perduravit,
3373 4129 3579 4187 deinde

1999 4228 2181 4298 ipsum
2209 4242 2433 4297 quoque
2463 4236 2709 4282 montem
2743 4228 3152 4290 conscendens,
3185 4225 3447 4296 exiguum
3485 4222 3574 4277 in-

1998 4320 2616 4387 venitmonasterium;
2663 4320 2719 4374 in
2762 4336 2872 4391 quo
2926 4319 3135 4390 degens
3176 4317 3265 4372 vir
3325 4316 3574 4388 quidam,

1998 4412 2243 4468 Joannes
2258 4411 2484 4466 nomine
2520 4409 2620 4481 (4),
2646 4409 2870 4465 virtutis
2907 4408 3209 4464 admodum
3267 4408 3575 4473 studiosus,

308 4504 405 4554 τὸν
432 4499 656 4571 Συμεὼν
688 4501 943 4568 ἐπιϐῆναι
987 4500 1081 4553 τοῦ
1110 4500 1291 4571 ὅρους,
1326 4502 1518 4554 πολλαὶ
1564 4503 1693 4573 περὶ
1726 4502 1891 4557 αὐτοῦ

2002 4505 2187 4559 stabat
2210 4519 2381 4574 super
2405 4503 2612 4558 basim:
2644 4503 2735 4558 cui
2777 4502 2901 4558 viro
2947 4503 3103 4574 prius
3138 4504 3307 4557 etiam
3366 4500 3435 4557 de
3479 4500 3581 4574 Sy-

309 4591 575 4656 πολλάκις
603 4594 877 4661 ἐφάνησαν
897 4592 1070 4661 δψεις.
1103 4592 1239 4644 Ποτέ
1273 4593 1371 4662 μὲν
1403 4592 1513 4662 γάρ
1548 4593 1715 4646 παῖδα
1740 4593 1888 4665 ἐώρα

310 4682 783 4753 λευχειμονοῦντα,
812 4684 897 4735 ἐπ’
918 4684 1193 4755 ὀχήματος
1235 4683 1534 4753 φερόμενον
1561 4683 1656 4736 ἐπὶ
1677 4684 1775 4755 τὴν
1796 4702 1891 4753 μο-

310 4776 445 4845 νήν·
476 4776 607 4829 ποτέ
635 4776 692 4829 δὲ
724 4776 883 4829 πάλιν
914 4778 973 4829 ἐν
1002 4775 1124 4845 ἀέρι
1167 4776 1336 4845 μέσῳ,
1373 4776 1555 4845 στήλῳ
1585 4777 1763 4844 φωτὸς
1798 4779 1887 4830 ὁδ-

310 4866 638 4937 ηγούμενον,
682 4868 777 4921 καὶ
814 4867 1372 4939 συμπεριῖστάμενον,
1420 4871 1515 4921 καὶ
1572 4869 1671 4939 τῆς
1721 4870 1887 4939 μονῆς

311 4958 663 5012 ἐπιϐαίνοντα
701 4976 716 4991 ο
775 4960 963 5014 ἀλλοτε
1014 4960 1070 5013 δέ
1128 4960 1476 5031 προσάγοντα
1542 4961 1639 5030 μὲν
1682 4962 1780 5032 ἤδη
1829 4965 1895 5033 ’τῇ

316 5051 454 5119 μονῇ
519 5049 610 5102 τὸν
662 5051 827 5104 παῖδα
856 5093 871 5117 ,
921 5052 1152 5120 ἄγγελον
1204 5051 1261 5105 δέ
1307 5050 1451 5123 ἀετῷ
1508 5050 1697 5104 τοῦτον
1762 5053 1898 5105 ύπο-

312 5136 620 5199 δεικνύντα,
652 5140 771 5199 καὶ,
806 5133 977 5203 Uine;
1006 5142 1236 5205 ἐκεῖνος,
1256 5140 1507 5209 λέγοντα,
1540 5141 1607 5195 δι’
1632 5135 1693 5194 οὗ
1727 5141 1899 5207 σώζε-

316 5229 444 5281 σθαι
493 5228 728 5299 μέλλοις.
769 5231 954 5284 Ταῦτα
1006 5233 1034 5284 ὁ
1089 5233 1189 5302 μέν
1240 5231 1403 5302 ὁρῶν,
1448 5235 1562 5298 τοῖς
1611 5234 1706 5288 σὺν
1751 5232 1900 5305 αὑτῴ

319 5322 575 5390 μοναχοίς
600 5320 834 5393 διεξῄει·
864 5325 1160 5391 μονοτάτου
1181 5323 1240 5377 δὲ
1399 5328 1465 5396 τῇ
1504 5328 1640 5398 μονῇ
1671 5325 1761 5379 τοῦ
1794 5328 1897 5378 Συ-

391 5453 467 5525 (4)
494 5453 775 5533 Nusquam
804 5458 1141 5514 mentionem
1168 5461 1390 5533 reperio
1414 5461 1579 5529 hujus
1603 5462 1711 5516 viri
1747 5462 1893 5533 apud

315 5526 559 5607 Grzecos,
600 5526 941 5607 cum'tamen
972 5539 1177 5607 praeter
1210 5526 1315 5585 alia
1355 5526 1895 5607 virtu'tishadrnodum

314 5597 581 5676 διιιᾷὶοδμξ
612 5597 727 5676 hic,
751 5597 1049 5676 ebplaqitle
1072 5612 1496 5676 mortuusnum.
1525 5601 1615 5676 45,
1644 5602 1890 5676 dicatur;

316 5679 367 5718 rt
417 5666 471 5717 in
525 5666 637 5720 Vim
685 5667 747 5721 B.
802 5666 1045 5733 Martius,
1093 5686 1247 5724 num.
1300 5672 1391 5735 22,
1431 5673 1603 5725 sancti
1669 5666 1893 5728 nomine

315 5737 764 5809 dru:oretur:_l£st
800 5747 983 5791 autem
1030 5740 1139 5801 ille,
1199 5742 1294 5809 qui
1346 5756 1375 5794 a
1428 5742 1644 5797 Radcro
1694 5752 1894 5803 nostro

321 5814 480 5877 parte
530 5823 584 5863 Ill
620 5806 887 5875 Viridarii,
941 5824 1060 5879 cap.
1113 5812 1165 5876 .i,
1219 5806 1291 5865 Dc
1326 5808 1546 5881 Stylitis,
1584 5818 1891 5884 Anonymus

1999 4612 2198 4652 meone
2221 4596 2543 4666 frequentes
2575 4594 2891 4666 obtigerant
2917 4594 3182 4659 visiones,
3210 4608 3376 4665 quam
3420 4593 3468 4649 is
3508 4592 3579 4649 ad

2001 4700 2243 4745 montem
2270 4688 2607 4745 advenisset.
2639 4688 2791 4743 Alias
2813 4687 3016 4758 quippe
3032 4703 3288 4759 puerum,
3342 4685 3586 4743 candido

2001 4780 2204 4834 amictu
2235 4776 2663 4841 circumdatum,
2706 4776 2760 4830 in
2780 4777 3179 4831 monasterium
3210 4791 3379 4832 curru
3419 4775 3578 4843 vehi;

2001 4873 2137 4926 alias
2182 4884 2380 4928 rursus
2435 4883 2537 4938 per
2588 4868 2832 4922 medium
2883 4882 3033 4934 aera,
3084 4868 3342 4925 columna
3390 4866 3577 4924 lucida

1996 4961 2149 5014 viam
2171 4966 2536 5023 monstrante,
2568 4959 2863 5030 ipsumque
2896 4958 3213 5024 ambiente,
3250 4958 3448 5015 eodem
3473 4972 3573 5030 pe-

1998 5059 2220 5105 netrare
2243 5056 2628 5120 conspexerat.
2651 5047 2871 5103 Ac‘ci‘dit
2900 5064 3120 5119 quoque
3160 5042 3354 5105 eodem
3399 5048 3578 5103 addu-

1997 5151 2144 5197 ctum
2177 5143 2373 5197 Jnanni
2403 5141 2649 5197 exhiberi
2685 5141 2755 5196 ab
2781 5142 2999 5212 angelo,
3035 5142 3252 5198 dicente
3287 5157 3301 5196 :
3338 5142 3437 5198 Hic
3487 5141 3580 5197 ille

1996 5243 2098 5297 est,
2130 5250 2228 5305 per
2257 5250 2422 5305 quem
2454 5236 2687 5290 salutem
2733 5245 3139 5290 consecuturus
3192 5249 3271 5289 es.
3304 5233 3451 5296 Haec,
3484 5232 3578 5287 illo

1997 5342 2108 5397 quo
2131 5327 2350 5382 videbat
2380 5336 2626 5398 tempore
2659 5327 2825 5384 sociis
2851 5327 2967 5383 suis
2998 5327 3282 5381 monachis
3317 5323 3582 5380 retulerat

2002 5463 2218 5537 Slyh'ta,
2243 5463 2518 5538 Symeonia
2536 5466 2772 5538 lgniori:
2792 5468 3044 5538 magister
3069 5474 3445 5538 nuncupatur,
3470 5484 3581 5524 non

1998 5534 2191 5609 parum
2227 5534 2528 5593 obstrictus
2580 5534 2724 5609 Viue
2752 5534 2906 5609 hujuj
2938 5537 3207 5609 scriptori
3262 5534 3580 5609 Nicephoro,

1997 5607 2147 5675 quod
2195 5616 2321 5676 post
2368 5615 2450 5662 tot
2478 5608 2677 5663 saecula
2712 5606 2987 5661 beneficio
3018 5607 3186 5672 illius,
3219 5623 3332 5661 non
3369 5606 3591 5663 tantum-

2000 5678 2309 5749 innotescat
2360 5677 2689 5749 nominatim
2722 5677 2956 5749 Latinis,
2986 5678 3087 5749 sed
3132 5677 3331 5732 famam
3356 5692 3591 5749 quoque

1998 5748 2312 5804 sanctitatis
2364 5757 2418 5803 et
2470 5747 2699 5805 odorem
2746 5748 3019 5804 virtutum
3078 5748 3184 5804 late
3229 5757 3472 5820 spargat.
