3988 6480
467 324 608 387 2999

1662 327 1725 389 S.
1762 323 2139 389 SYMEONIS
2171 326 2533 397 IUNIORIS

3579 332 3711 397 anno

466 436 707 507 Joannes
732 450 924 495 :nunc
954 450 1090 493 vero
1135 450 1263 492 cum
1319 435 1557 510 Symeon
1610 438 1669 495 in
1710 439 2045 495 monasterio

2152 444 2297 514 μεὼν
2326 446 2674 514 ἐπιστάντος,
2703 447 2785 513 είς
2808 445 2907 511 τὰς
2926 447 3135 512 οίκείας
3154 446 3532 520 ἀποκαλύψεις
3548 448 3714 510 ἐὐθὺς

468 529 586 601 ipse
618 527 992 599 comparebat,
1025 525 1302 599 extemplo
1330 529 1569 585 contulit
1590 530 1767 603 ipsum
1799 546 1924 587 cum
1956 546 2045 586 re-

466 620 840 678 velationibus
865 618 1011 675 suis:
1034 628 1333 691 certusque
1361 622 1619 678 eumdem
1641 638 1784 687 esse,
1806 622 1902 694 qui
1932 622 2045 678 fre-

466 721 706 787 quenter
735 712 913 769 oculis
940 711 1057 768 suis
1096 712 1352 784 objectus
1393 713 1595 780 fuerat,
1644 714 1884 786 spiritali
1912 730 2041 785 per-

464 805 800 864 fundebatur
846 804 1167 881 voluptate,
1195 804 1509 877 gratiasque
1550 807 1661 863 Deo
1713 822 1825 878 prae
1855 806 2044 862 exsul-

466 898 673 967 tatione
707 896 964 970 lacrymis
1021 897 1205 967 potius
1232 913 1409 967 quam
1450 897 1614 953 labiis
1667 899 2041 970 persolvebat.

534 988 624 1043 l4.
656 986 871 1043 Exinde
895 985 1133 1058 Symeon
1172 985 1371 1043 diebus
1409 995 1644 1058 septem,
1696 1004 1896 1058 expers
1940 1003 2042 1043 cu-

467 1095 684 1147 rarum,
720 1079 828 1136 sibi
858 1078 955 1137 uni
983 1093 1211 1144 vacans,
1242 1068 1425 1149 neque
1462 1079 1694 1151 verbum
1724 1078 2039 1150 promebat,

438 1187 644 1251 neque
691 1170 943 1227 alimenti
993 1170 1300 1243 quidquam
1360 1169 1726 1236 admittebat;
1769 1168 2039 1238 obstupe-

464 1274 653 1323 scente
676 1264 942 1335 praedicto
968 1265 1091 1319 viro
1123 1264 1242 1327 Dei,
1298 1261 1579 1333 quomodo
1604 1260 1660 1316 in
1697 1269 1805 1316 tam
1850 1270 2039 1315 tenera

462 1372 527 1415 ac
538 1357 773 1429 juvenili
796 1364 961 1413 aetate
986 1355 1222 1411 arduum
1250 1354 1389 1410 adeo
1412 1353 1761 1425 rigidumque
1792 1353 1916 1407 vita:
1956 1353 2042 1406 in-

462 1448 720 1503 stitutum
756 1446 961 1519 sectari
998 1458 1204 1516 posset.
1258 1445 1534 1515 Deinceps
1579 1443 1830 1515 profecto
1873 1442 2040 1497 tertio

462 1528 684 1609 quoque
713 1538 829 1603 die,
850 1545 949 1592 aut
974 1537 1233 1606 septimo,
1268 1545 1365 1591 aut
1387 1535 1555 1591 etiam
1605 1534 1826 1590 decimo
1874 1549 2040 1603 repa-

465 1629 625 1684 rabat
666 1635 881 1682 tantum
939 1627 1109 1690 vires,
1167 1627 1361 1696 paucis
1407 1625 1738 1696 quibusdam
1772 1640 1873 1695 pro
1912 1624 2039 1679 cibo

466 1715 767 1773 maceratis
794 1714 1171 1787 leguminibus
1193 1730 1317 1768 cum
1349 1730 1492 1784 aqua
1517 1714 1771 1785 sumptis.
1822 1711 1914 1767 Sic
1939 1712 2039 1767 ita-

2144 535 2175 589 ὀ
2211 534 2353 599 θεῖος
2391 535 2534 607 ἀνὴρ
2563 538 2774 602 ἐκεῖνος
2799 538 3136 607 ἀνενεγκὼν,
3165 542 3261 597 καὶ
3295 541 3492 595 τοῦτον
3513 538 3714 595 ἐκεῖνον

2143 624 2235 678 τὸν
2279 624 2429 697 αὐτῷ
2473 626 2734 691 πολλάκις
2781 628 3017 697 ὀφθέντα
3054 625 3204 684 εἶναι
3252 632 3464 695 συνεὶς,
3516 632 3715 700 μεστὴν

2145 714 2233 768 ἐπ’
2266 715 2417 784 αὐτῷ
2458 715 2556 786 τὴν
2602 715 2779 787 ψυχὴν
2808 717 3008 788 »ἡδονῆς
3043 718 3193 788 ἔσχε.
3223 719 3319 773 καὶ
3341 718 3466 791 Θεῷ
3493 718 3713 791 δάκρυσι

2146 805 2347 875 μᾶλλον
2371 807 2747 876 ἀγαλλιάσεως
2769 809 2802 879 ἢ
2827 810 3067 879 χείλεσιν
3091 811 3437 882 ηὑχαρίστει.

2219 980 2301 1036 ιδ’.
2348 979 2586 1054 Ἑϐδόμη
2634 982 2815 1037 τοίνυν
2868 984 2999 1056 ἑξῆς
3030 987 3217 1059 ἡμέρᾳ
3257 990 3551 1060 ἡσυχάζων
3594 986 3663 1063 ἦν
3691 994 3719 1047 δ

2142 1071 2391 1143 Συμεὼν,
2421 1074 2514 1126 καὶ
2542 1074 2688 1147 μόνῳ
2712 1076 2885 1130 συνὼν
2911 1078 3092 1146 ἐαυτῷ
3118 1118 3133 1144 ,
3160 1082 3297 1150 μήτε
3320 1098 3374 1135 τι
3398 1083 3720 1154 προῐιμινος

2143 1163 2320 1234 ῥῆμα,
2351 1165 2493 1235 μήτε
2518 1166 2643 1219 τινὰ
2680 1169 2889 1239 τροφὴν
2914 1171 3276 1241 προσιέμενος
3302 1210 3319 1232 ,
3346 1171 3422 1234 ὥς
3448 1175 3722 1245 tantum-

2140 1255 2268 1327 χθαι
2296 1257 2389 1310 τὸν
2415 1256 2557 1312 θεῖον
2585 1259 2793 1315 ἐκεῖνον
2812 1260 3003 1332 ἄνδρα,
3024 1263 3177 1326 ὅπως
3194 1265 3254 1316 ἐν
3274 1263 3469 1334 ἁπαλῷ
3487 1266 3585 1333 τῆς
3610 1266 3721 1336 ηλι-

2139 1348 2265 1412 κίας
2296 1349 2393 1402 καὶ
2425 1348 2604 1420 νεαρῷ
2634 1352 2898 1421 τραχεῖαν
2922 1349 3067 1406 οὕτω
3096 1354 3191 1406 καὶ
3227 1354 3471 1424 σκληρὰν
3500 1354 3718 1427 ἀγωγὴν

2140 1436 2488 1493 ἐπεδείκνυτο
2506 1453 2521 1469 ⁸
2548 1437 2741 1492 ἔπειτα
2772 1440 2956 1509 μέντοι
2982 1441 3074 1494 διὰ
3098 1442 3313 1513 τρίτης,
3338 1443 3373 1512 ἦ
3394 1443 3654 1516 ἑϐδόμης,
3685 1444 3716 1513 ἦ

2138 1530 2233 1583 καὶ
2254 1530 2487 1600 δεκάτης
2515 1531 2773 1601 ἐτρέφετο
2801 1532 3018 1603 βρεκτῷ
3040 1550 3149 1587 τινι
3175 1533 3367 1605 βραχεῖ
3387 1534 3607 1607 ὀσπρίῳ
3631 1538 3717 1589 καὶ

2141 1617 2315 1673 ὕδατι.
2349 1620 2660 1689 Προέκοπτε
2690 1622 2871 1675 τοίνυν
2899 1622 3089 1694 ὥσπερ
3120 1626 3223 1695 τὴν
3250 1626 3470 1696 ἠλικίαν
3488 1626 3635 1680 οὕτω
3656 1627 3716 1697 δὴ

2140 1712 2235 1765 καὶ
2266 1711 2366 1782 τὴν
2396 1713 2649 1784 ἄσκησιν,
2685 1714 2886 1786 μακρῷ
2917 1715 2975 1769 δὲ
3005 1717 3105 1785 τῆς
3129 1719 3420 1789 ἀσκήσεως
3451 1718 3654 1789 μᾶλλον
3686 1722 3715 1791 ἡ

463 1823 569 1878 que
591 1805 943 1878 proficiebat,
970 1805 1133 1860 sicuti
1154 1796 1340 1871 aatate,
1366 1805 1443 1860 ita
1477 1804 1875 1860 exercitatione
1918 1803 2037 1857 vir-

2152 1801 2326 1871 ὴλικία
2358 1802 2628 1857 ἐλείπετο.
2651 1798 2760 1858 Ἦν
2786 1805 2843 1857 δέ
2874 1805 2969 1860 καὶ
3005 1805 3104 1877 τὴν
3135 1806 3280 1862 ἰδέαν
3325 1811 3353 1863 6
3384 1808 3614 1879 Συμεὼν
3635 1810 3718 1863 εὑ-

452 1907 670 1969 tutum,
717 1914 1032 1969 quanquam
1058 1898 1176 1952 haec
1204 1898 1365 1969 longe
1398 1898 1571 1968 magis
1617 1897 1764 1951 illam
1810 1910 2039 1964 supera-

464 1990 577 2045 bat.
641 1990 775 2044 Erat
826 1999 1097 2060 praaterea
1140 1990 1388 2061 speciosa
1446 1998 1788 2057 venustaque
1843 1986 2039 2050 forma,

460 2086 676 2156 capillis
696 2101 894 2139 aurum
947 2082 1135 2139 colore
1181 2080 1575 2142 referentibus,
1639 2088 1696 2134 et
1744 2078 2040 2132 oculorum

461 2173 730 2245 dignitate
756 2172 986 2243 insignis
1010 2190 1023 2225 ε
1052 2180 1169 2227 erat
1207 2171 1261 2224 in
1291 2169 1615 2225 disserendo
1643 2177 1956 2240 promptus,
1983 2165 2039 2220 in

462 2264 857 2336 respondendo
888 2263 1158 2336 prudens,
1189 2262 1375 2316 divina
1424 2260 1630 2330 ubique
1658 2257 1834 2329 gratia
1877 2256 2035 2313 caeli-

463 2370 551 2415 tus
574 2359 733 2428 plane
764 2358 911 2423 data,
938 2357 1230 2427 perspicue
1256 2354 1310 2408 in
1337 2355 1458 2425 ipso
1504 2353 1884 2407 elucescente.
1914 2349 2043 2403 Hmc

465 2449 670 2504 decora
710 2447 825 2511 ille,
856 2448 951 2519 qui
992 2447 1183 2518 probis
1202 2445 1464 2499 omnibus
1516 2443 1758 2509 invidet;
1810 2441 1926 2503 ille,
1957 2440 2042 2493 in-

462 2554 651 2610 quam,
674 2538 768 2609 qui
797 2539 908 2608 jam
929 2536 1057 2593 inde
1083 2552 1113 2590 a
1146 2550 1332 2611 rerum
1363 2532 1593 2589 exordio
1634 2528 2043 2585 infensissimus

459 2630 681 2703 generis
707 2630 883 2685 nostri
930 2630 1107 2684 hostis
1127 2628 1358 2689 exstitit,
1410 2624 1673 2695 nequibat
1705 2622 1879 2689 ferre;
1943 2618 2041 2676 sed

462 2722 518 2777 in
549 2723 870 2793 quemdam,
897 2720 1047 2776 haud
1077 2719 1267 2791 precul
1312 2716 1650 2771 monasterio
1706 2721 2038 2778 morantem,

460 2829 728 2886 pecorum
764 2823 1063 2885 pastorem,
1095 2810 1349 2875 subdole,
1417 2807 1498 2863 uti
1554 2807 1778 2863 malitiae
1799 2806 1919 2878 ejus
1960 2805 2042 2859 fa-

458 2905 678 2971 miliare
702 2913 806 2969 est,
842 2904 1167 2977 ingressus;
1197 2910 1347 2957 tanta
1385 2899 1680 2955 hominem
1750 2896 1957 2953 invidia
1988 2898 2043 2951 in

2147 1894 2437 1962 πρόσωπος
2497 1894 2593 1949 καὶ
2656 1895 2913 1966 τερπνὸς,
2975 1899 3261 1970 ἐπιχρύσῳ
3315 1917 3375 1954 τε
3430 1902 3583 1974 κόμῃ
3633 1902 3720 1955 καὶ

2145 1985 2441 2056 ὀφθαλμῶν
2487 1987 2673 2043 κάλλει
2714 1990 3124 2061 κοσμούμενος·
3180 1987 3249 2062 ἦν
3297 1992 3355 2046 δὲ
3400 1994 3500 2046 καὶ
3550 1994 3723 2061 λέγειν

2144 2076 2383 2145 ἕτοιμος,
2412 2078 2549 2132 ἀλλά
2589 2080 2682 2133 καὶ
2730 2083 2948 2146 συνετὸς
2990 2082 3401 2153 ἀποκρίνεσθαι.
3440 2081 3596 2146 θείας
3623 2084 3725 2137 ῶσο

2130 2184 2252 2239 περ
2285 2170 2437 2239 αὐτῷ
2467 2170 2691 2242 χάριτος
2724 2173 2934 2228 ἄνωθεν
2974 2174 3025 2241 (δ
3054 2176 3149 2230 καὶ
3178 2178 3300 2239 ταῖς
3328 2175 3612 2245 ἀληθείαις
3638 2169 3725 2246 ἦν)

2132 2262 2462 2331 περιφανῶς
2491 2263 2837 2336 ἐπανθούσης
2856 2282 2868 2294 ·
2901 2266 2959 2332 ἃ,
2984 2266 3076 2321 τὸν
3102 2271 3215 2330 τοῖς
3243 2267 3469 2335 ἀγαθοῖς
3500 2267 3727 2337 βασκαί-

2145 2369 2319 2411 νονταν
2350 2356 2508 2419 πᾶσι,
2551 2356 2641 2409 τὸν
2689 2357 2750 2422 ἐξ
2780 2359 2956 2430 ἀρχῆς
2982 2360 3127 2428 λέγω
3172 2360 3251 2430 τῷ
3283 2360 3544 2431 ἡμετέρῳ
3577 2360 3727 2428 γένει

2145 2444 2428 2515 πολέμιον,
2459 2448 2558 2501 οὒκ
2584 2443 2652 2519 ἦν
2679 2450 2941 2518 ἐνεγκεῖν,
2972 2451 3110 2505 ἀλλά
3144 2469 3267 2505 τινα
3302 2452 3453 2522 παρὰ
3490 2452 3561 2520 τῇ
3597 2452 3726 2521 μονῇ

2147 2536 2385 2605 ποιμένα
2410 2537 2743 2607 θρεμμάτων
2771 2540 2801 2592 ὁ
2838 2541 3026 2605 σκαιὸς
3055 2542 3278 2606 ὑποδὺς,
3334 2542 3476 2613 ὅπερ
3510 2542 3581 2611 δὴ
3609 2544 3729 2612 τρό-

2144 2641 2245 2688 πος
2300 2626 2400 2695 τῆς
2450 2628 2659 2682 ἐκείνου
2702 2630 3085 2699 κακοτεχνίας,
3137 2630 3393 2684 τοσοῦτον
3446 2630 3617 2685 αὐτοῦ
3666 2632 3725 2700 τῇ

2142 2717 2287 2790 ψυχῇ
2326 2719 2521 2789 φθόνον
2553 2721 2655 2791 τῆς
2698 2722 2908 2777 ἐκείνου
2944 2724 3146 2794 ἀρετῆς
3174 2725 3507 2789 ὑπανάπτει,
3532 2723 3612 2787 ὡς
3640 2724 3729 2795 καί

2136 2808 2305 2875 ,φόνον
2326 2810 2412 2861 ἐπ’
2438 2811 2600 2867 αὐτὸν
2617 2812 2848 2877 ὠδίνειν,
2864 2814 2961 2866 καὶ
2980 2814 3081 2885 ἤδη
3108 2814 3561 2887 παραπειρᾶσθαι
3585 2816 3729 2877 ὅπως

2146 2897 2212 2950 ἂν
2239 2898 2417 2952 ἀνέλοι
2448 2900 2635 2956 τοῦτον
2661 2903 2759 2973 τῆς
2795 2904 2963 2974 μονῆς
2985 2905 3369 2974 ὑπεξαγαγὼν.

463 2997 643 3052 virum
672 3004 923 3052 sanctum
954 2996 1026 3050 ob
1062 2994 1331 3049 virtutum
1360 2993 1479 3064 ejus
1505 2991 1770 3062 fulgorem
1795 2989 2115 3053 inflammat,
2140 2997 2201 3042 ut
2240 2999 2474 3045 mortem
2514 2988 2593 3046 illi
2650 2994 2812 3049 anxie
2853 2996 3306 3064 machinaretur;
3336 2999 3563 3069 jamque
3587 2999 3726 3055 viam

473 3087 809 3157 modumque
849 3084 1329 3155 circumspiceret,
1368 3099 1479 3154 quo
1524 3090 1852 3153 conceptum
1892 3080 2077 3133 animo
2105 3080 2287 3135 scelus
2317 3096 2486 3151 opere
2519 3084 2841 3153 compleret,
2880 3101 3051 3157 seque
3078 3103 3109 3143 e
3137 3088 3476 3145 monasterio
3510 3089 3729 3161 impune

464 3181 828 3252 subduceret.

571 3276 625 3331 5.
663 3276 803 3331 Dum
833 3274 1025 3331 istbmc
1114 3252 1361 3343 nequam
1440 3270 1531 3325 ille
1563 3268 2039 3331 volvebatanimo,
2069 3269 2113 3327 C

466 3369 823 3437 studioseque
844 3367 1077 3421 actitare
1103 3365 1410 3421 conabatur
1436 3402 1450 3428 ,
1482 3362 1649 3425 Deus,
1694 3361 1787 3431 qui
1821 3360 2047 3430 Symeo-

480 3477 607 3517 nem
630 3462 951 3531 priusquam
986 3458 1377 3527 conciperetur
1408 3454 1895 3524 praedestinaverat
1916 3451 2043 3515 sibi,

464 3544 1017 3621 uon’deeratfamulo
1035 3564 1171 3605 suo:
1202 3564 1327 3602 nam
1343 3546 1587 3600 hominis
1615 3543 1810 3599 nefarii
1829 3559 2043 3605 manus,

466 3647 578 3717 jam
610 3644 861 3714 proxime
913 3640 1110 3698 sceleri
1142 3630 1521 3703 admovenda,
1578 3643 1806 3706 repente
1858 3649 2049 3689 exare-

466 3735 608 3802 scit;
636 3733 787 3806 quod
834 3731 1405 3805 argumentumjusta:
1455 3728 1552 3783 Dei
1596 3724 2048 3782 comminationis

467 3835 636 3896 atque
707 3823 1106 3895 indignationis
1164 3820 1521 3877 manifestum
1580 3827 1710 3875 est:
1770 3826 2047 3885 tantzeque

465 3917 709 3973 animam
746 3914 923 3986 ipsius
971 3912 1241 3983 angustiae
1273 3911 1564 3975 invadunt,
1594 3918 1652 3965 ut
1680 3910 1857 3980 impar
1889 3906 2048 3963 dolo-

467 4007 626 4065 ribus
655 4006 903 4063 ferendis
933 4004 1425 4061 arcbimandritam
1478 4002 1733 4067 adiverit,
1769 3998 2050 4072 quomodo

468 4114 666 4156 manus
697 4112 795 4153 sua
818 4096 1072 4160 haberet,
1116 4094 1439 4159 ostendens,
1475 4101 1641 4161 atque
1677 4089 2047 4145 infortunium

468 4205 629 4246 suum
668 4187 1063 4244 miserabiliter
1085 4186 1415 4241 lamentans.
1452 4185 1549 4240 lllo
1587 4192 1771 4243 autem
1810 4170 2048 4237 causam

468 4288 863 4353 percunctante
884 4320 899 4345 ,
949 4275 1369 4333 obmutescebat
1396 4316 1411 4339 ,
1444 4290 1720 4330 mrumnas
1772 4288 1901 4328 suas
1936 4286 2049 4341 pra:

470 4368 669 4430 timore
699 4371 1139 4440 confusioneque
1172 4368 1478 4423 occultans.
1498 4366 1807 4437 lnterjectis
1837 4365 2051 4434 aliquot

471 4465 694 4530 diebus,
720 4464 914 4518 dolore
938 4462 1113 4534 magis
1145 4461 1430 4533 magisque
1461 4460 1897 4529 ingravescente,
1926 4472 2050 4511 cor-

471 4569 688 4627 pusque
732 4552 1083 4625 pessumiens
1118 4559 1468 4615 attenuante,
1499 4548 1738 4604 recurrit
1767 4547 1834 4604 ad
1856 4563 2048 4603 mona-

2221 3271 2299 3318 ιε’.
2337 3262 2526 3319 Ταῦτα
2578 3269 2608 3321 δ
2659 3268 2759 3337 μὶν
2803 3267 3034 3341 ἔστρεφε
3084 3272 3207 3326 καθ’
3237 3275 3452 3339 ἑαυτὸν,
3495 3278 3594 3331 καὶ
3645 3279 3731 3335 διά

2152 3359 2391 3429 σπουδῆς
2454 3361 2711 3416 ἐποιεῖτο.
2761 3362 2895 3425 Θεὸς
2951 3363 3010 3417 δὲ
3058 3364 3087 3417 6
3136 3367 3231 3419 καὶ
3260 3367 3367 3438 πρὸ
3414 3371 3729 3441 συλλήψεως

2148 3451 2327 3519 ἑαυτῷ
2350 3452 2443 3505 τὸν
2467 3453 2693 3521 Συμεὼν
2719 3455 3003 3526 ἀγορίσας,
3036 3458 3137 3510 ούκ
3166 3459 3362 3528 ἠμέλει
3390 3462 3489 3514 τοῦ
3523 3465 3727 3517 οίκείου

2150 3543 2502 3614 θεράποντος,
2537 3544 2654 3597 ἀλλ’
2683 3545 2847 3615 ἔργου
2905 3546 3172 3617 ἄρχεσθαι
3208 3549 3308 3620 ἤδη
3358 3552 3609 3621 μέλλοντι
3653 3554 3730 3626 τῷ

2150 3632 2326 3705 ἀνδρὶ,
2360 3634 2675 3703 ξηραίνεται
2706 3636 2903 3707 ἀθρόον
2933 3638 2965 3708 ἡ
2996 3638 3146 3703 δεξιά
3167 3681 3182 3704 ,
3212 3642 3312 3711 τῆς
3346 3643 3440 3696 τοῦ
3484 3644 3625 3698 Θεοῦ
3652 3647 3731 3699 δι-

2151 3726 2315 3789 καίας
2372 3726 2603 3798 ἀπειλῆς
2653 3730 2747 3782 καὶ
2798 3718 3068 3799 κιννῇεως
3112 3734 3346 3803 ἐναργὲς
3377 3738 3684 3809 τεκμήριον
3713 3754 3729 3768 ’

2152 3820 2244 3872 καὶ
2266 3822 2314 3873 oi
2344 3820 2500 3873 πόνοι
2524 3820 2783 3875 τοσοῦτον
2810 3823 2977 3876 αὑτοῦ
3001 3825 3100 3894 τῆς
3121 3825 3302 3895 ψυχῆς
3322 3828 3728 3893 καθικνοῦνται,

2152 3911 2227 3974 ὠς
2287 3912 2421 3981 μηδέ
2468 3913 2578 3964 τῶν
2621 3912 2824 3965 ὀδυνῶν
2880 3915 3170 3985 ἀνέχεσθαι
3220 3916 3485 3972 δύνασθαι
3521 3959 3537 3979 ,
3600 3921 3732 3974 ἀλλά

2154 4005 2470 4075 προσελθεῖν
2531 4004 2611 4075 τῷ
2678 4006 3126 4080 Ἀρχιμανδρίτη,
3164 4011 3265 4077 τήν
3317 4027 3379 4063 τε
3439 4014 3599 4081 χεῖρα
3657 4014 3730 4077 ὼς

2154 4096 2301 4164 ἔσχοι
2330 4094 2637 4156 δεικνύντα.
2702 4095 2794 4148 καὶ
2843 4095 2964 4149 λίαν
3018 4096 3271 4162 ἐλεεινῶς
3324 4100 3729 4171 ἀποδυρόμενον

2155 4187 2368 4244 ἑαυτὸν.
2405 4187 2511 4240 Καὶ
2538 4189 2565 4238 ὁ
2600 4186 2701 4254 μὲν
2743 4186 3077 4241 ἐπυνθάνετο
3118 4188 3219 4259 τὴν
3259 4189 3462 4254 αἰτίαν,
3493 4192 3523 4242 ὁ
3551 4192 3609 4244 δὲ
3636 4192 3731 4244 οὐκ

2152 4276 2306 4343 ἔλεγε
2328 4316 2342 4333 ,
2392 4274 2579 4336 δεινῶς
2633 4276 2738 4329 ὑπὸ
2774 4276 2926 4339 δέους
2948 4278 3291 4346 εἰργόμενος.
3341 4279 3428 4343 Ὠς
3456 4280 3514 4333 δὲ
3545 4282 3729 4334 πολλαὶ

2157 4368 2294 4437 μετὰ.
2322 4366 2493 4420 ταῦτα
2504 4366 2722 4433 διῆλθον
2751 4368 2976 4440 ἡμέραι,
2994 4370 3064 4424 τά
3088 4387 3150 4437 γε
3174 4370 3285 4423 τῶν
3312 4374 3341 4424 ὀ
3363 4371 3573 4426 ὀδυνῶν
3598 4376 3728 4444 μᾶλ-

2154 4457 2243 4508 λον
2296 4457 2445 4527 αὐτῷ
2500 4458 2947 4521 ἐπετείνετο,καὶ
2975 4460 3038 4513 τὸ
3070 4459 3234 4531 σῶμα
3289 4461 3443 4535 ἔρρει
3495 4466 3727 4534 τηκόμετ

2155 4564 2267 4611 νον,
2327 4548 2577 4618 πρόσεισι
2635 4547 2714 4618 τῷ
2746 4549 3187 4623 Ἀρχιμανδρίτῳ
3241 4554 3384 4606 κατά
3441 4555 3613 4625 μονὰς
3668 4558 3727 4609 τὰ

466 4648 699 4708 sterium
744 4646 884 4703 clam
917 4644 1178 4700 omnibus
1212 4642 1278 4699 ad
1311 4641 1822 4707 archimandritam,
1867 4640 2045 4712 aperit

2158 4639 2375 4692 πάντων
2422 4638 2599 4692 λαθὼν
2632 4640 2868 4712 δρματα,
2901 4641 3219 4714 ἐξαγορεύει
3281 4647 3382 4716 τὴν
3435 4646 3727 4718 ἁμαρτίαν,

465 4740 752 4806 delictum,
798 4737 1009 4793 indicat
1060 4737 1322 4792 acerbum
1382 4735 1569 4791 cordis
1618 4733 1891 4798 dolorem,
1951 4734 2046 4788 flet

466 4830 947 4893 amare,levamen
982 4828 1109 4882 mali
1143 4827 1423 4897 implorat.
1473 4826 1615 4893 Quid
1663 4826 1755 4881 hic
1799 4834 1922 4897 agat
1952 4841 2043 4880 ar-

467 4919 871 4976 ehimandrita‘!
896 4920 1199 4976 Confestim
1243 4920 1509 4975 advocato
1551 4919 1844 4991 Symeone,
1875 4934 2042 4989 quem

466 5010 875 5067 abundantiore
896 5009 1075 5065 sancti
1102 5010 1343 5079 Spiritus
1379 5009 1553 5081 gratia
1576 5000 1918 5081 praeventum
1953 5024 2053 5063 no-

468 5112 649 5169 verat,
674 5103 809 5175 quid
833 5112 1042 5167 actum,
1074 5104 1221 5175 quid-
1242 5102 1462 5158 consilii
1493 5112 1714 5173 captum
1745 5102 1839 5169 sit,
1864 5102 2048 5158 decla-

469 5205 592 5261 rat;
617 5197 818 5267 justam
847 5196 945 5251 Dei
982 5196 1039 5251 in
1091 5197 1357 5251 miserum
1390 5194 1668 5249 hominem
1700 5194 2047 5249 animadver-

467 5289 679 5345 sionem
718 5289 875 5362 ponit
905 5289 976 5345 ob
1001 5289 1224 5353 oculos;
1264 5304 1427 5359 quam
1484 5286 1875 5342 miserabiliter
1896 5288 2047 5357 ejus—

469 5381 593 5436 dem
610 5398 808 5438 manus
829 5381 1025 5437 atl‘ecta
1039 5381 1131 5445 sit,
1159 5366 1557 5437 commonstrat
1578 5398 1590 5432 :
1625 5378 1826 5447 deinde
1841 5379 2045 5448 ipsum,

410 5496 413 5499 ·
468 5475 903 5546 utigenuinum
972 5473 1169 5537 ﬁlium,
1221 5480 1319 5527 aut
1376 5470 1565 5525 verius
1614 5476 1849 5539 patrem,
1888 5477 2045 5540 rogat

470 5565 671 5621 aﬂlicto
707 5568 922 5622 veniam
949 5576 1009 5621 ut
1038 5567 1326 5639 largiatur,
1353 5572 1408 5619 et
1426 5562 1691 5618 medelam
1721 5562 2049 5617 vulneribus

470 5659 717 5714 obtineat
746 5660 1045 5730 precando.

546 5748 641 5805 ιδ..
664 5750 898 5824 Symeon
929 5766 1082 5822 ergo,
1106 5758 1231 5805 ante
1251 5746 1599 5804 nativitatem
1621 5748 1833 5807 electus
1862 5762 1890 5800 a
1912 5747 2043 5827 Deo,

2154 4731 2471 4803 δημοσιεύει
2503 4731 2602 4801 τὴν
2630 4734 2877 4804 πονηράν
2909 4735 3129 4808 ἐκείνην
3164 4737 3267 4807 τῆς
3294 4738 3526 4809 καρδίας
3548 4739 3726 4799 ὠδῖνα,

2153 4823 2332 4877 κλαίει
2360 4825 2599 4894 πικρῶς,
2627 4826 2771 4879 αίτεϊ
2806 4825 3105 4897 θεραπείαν
3133 4827 3225 4881 τοῦ
3250 4828 3479 4893 πάθους.
3509 4829 3615 4883 Τδν
3638 4830 3729 4881 Συ-

2158 4912 2306 4984 μεὼν
2339 4913 2520 4968 τοίνυν
2571 4917 2778 4979 ἐκεῖνος
2824 4917 3024 4972 αὐτίκα
3083 4919 3341 4986 καλέσας,
3369 4915 3416 4988 ᾧ
3446 4922 3544 4976 καὶ
3573 4922 3728 4975 ﬂou-

2157 5007 2426 5076 σιωτέραν
2456 5005 2573 5076 ᾖδει
2604 5007 2882 5074 φοιτῶσαν
2909 5010 3009 5080 τὴν
3034 5011 3196 5084 χάριν
3244 5012 3339 5066 τοῦ
3389 5012 3727 5084 Πνεύματος.

2154 5098 2224 5150 τά
2248 5113 2307 5150 τε
2341 5097 2437 5151 τοῦ
2458 5097 2735 5170 δράματος
2764 5100 2914 5171 αὐτῷ
2958 5102 3055 5155 καὶ
3096 5102 3198 5172 τῆς
3230 5105 3526 5175 ἐπιϐουλῆς
3564 5107 3728 5173 ἐπαγ-

2154 5187 2356 5256 γέλλει,
2383 5188 2454 5242 τά
2486 5205 2546 5242 τε
2572 5189 2672 5258 τῆς
2707 5190 2803 5243 τοῦ
2826 5191 2962 5245 Θεοῦ
2990 5192 3208 5257 δικαίας
3234 5194 3406 5263 ὀργῆς
3434 5195 3727 5265 προσ-τίθη·

2158 5298 2231 5341 σι,
2266 5283 2359 5333 καὶ
2419 5282 2567 5343 ὅπως
2596 5283 2631 5353 ἡ
2679 5281 2803 5352 χεὶρ
2844 5283 2925 5354 τῷ
2975 5284 3133 5355 ἀνδρὶ⁵
3174 5286 3439 5339 πεπόνθοι
3487 5285 3726 5347 ἐλεεινῶς

2153 5372 2416 5437 δείκνυσι,
2458 5369 2578 5426 εἷτα
2611 5374 2703 5426 καὶ
2729 5375 2830 5428 ὅσα
2869 5376 3093 5446 γνησίου
3118 5378 3287 5433 δεῖται
3339 5379 3549 5445 παιδὸς,
3571 5377 3725 5447 τάλη-

2152 5462 2408 5533 θέστερον
2468 5463 2671 5533 μᾶλλον
2728 5467 2938 5536 πατρὸς
2970 5464 3324 5534 συγχωρῆσαί
3350 5483 3410 5517 τε
3442 5466 3611 5536 αὐτῷ,
3639 5464 3724 5516 καὶ

2144 5556 2447 5629 θεραπείαν
2474 5558 2624 5629 αὐτῷ
2643 5557 2741 5628 τῆς
2765 5558 2981 5628 πληγῆς
3016 5557 3374 5623 ἐπεύξασθαι.

2217 5750 2313 5807 ις’.
2343 5740 2564 5810 Συμεὼν
2593 5742 2671 5805 δὲ,
2705 5742 2733 5793 ὁ
2759 5741 2834 5810 τῷ
2880 5740 2997 5810 θεῷ
3032 5738 3425 5809 ἐκλελεγμένος
3483 5737 3573 5793 καὶ
3630 5734 3717 5808 πρὸ
