3988 6530
210 372 354 439 3001

1240 383 1420 447 VITA
1457 386 1504 446 A
1540 384 1978 449 NICEPHORO
2016 386 2500 489 CONSQRIPTA.

3338 398 3481 461 3002

208 488 505 560 γενέσεως,
545 488 607 543 ού
665 488 827 562 μόνον
860 491 968 546 ἀπὸ
1002 492 1233 564 καρδίας
1281 498 1446 563 εὐθὺς
1493 499 1674 570 ἀφῆκε
1706 498 1785 570 τῷ

1894 500 2036 556 illico
2089 514 2202 556 non
2232 488 2411 558 solum
2439 505 2651 564 dimisit
2694 507 2904 566 homini
2931 525 3000 567 ex
3051 510 3251 567 intimo
3310 515 3478 571 corde

208 577 703 649 πλημμελήσαντι,
734 581 873 636 ἀλλὰ
911 582 1006 638 καὶ
1035 584 1137 655 τὴν
1181 587 1320 659 ὑπὲρ
1355 589 1525 645 αὐτοῦ
1591 592 1799 661 μᾶλλον

209 670 385 743 εὐχὴν
432 670 690 741 ἀσμένως
725 674 1043 743 δεξάμενος,
1077 677 1331 750 καθάπερ
1381 680 1546 745 αύτός
1570 700 1622 737 τι
1656 684 1800 754 μέγα

206 759 401 831 λαϐεῖν
439 762 500 816 ού
537 762 724 817 δοῦναι
773 764 984 836 μέλλων
1014 768 1258 841 κεφαλὴν
1286 770 1363 834 ὡς
1396 766 1512 843 εἶχε
1540 775 1636 828 καὶ
1666 772 1797 843 γόνυ

207 855 284 923 γῇ
346 852 615 920 δεδωκὼς,
679 855 820 921 καὶ,
876 856 988 911 τῶν
1034 860 1335 932 οίκτιρμῶν
1374 847 1475 932 τῆς
1536 862 1627 917 τοῦ
1657 863 1797 918 Θεοῦ

206 946 430 1016 δεηθεὶς
484 946 843 1020 ἁγαθότητος,
870 950 981 1005 τῶν
1015 969 1076 1021 τε
1123 952 1523 1025 φιλανθρώπων
1569 955 1799 1011 ὲκείνων

208 1036 542 1108 σπλάγχνων
569 1037 806 1103 ἑλκύσας
831 1039 1035 1109 ἔλαιον,
1066 1044 1329 1110 ἀναστὰς,
1355 1045 1451 1099 καὶ
1490 1047 1676 1117 χεῖρας
1706 1049 1789 1110 είς

204 1127 444 1199 οὐρανὸν
481 1129 791 1195 ἀνατείνας,
826 1133 1122 1205 σφραγίζει
1150 1136 1251 1206 τὴν
1288 1136 1650 1208 ξηρανθεῖσαν
1700 1142 1798 1196 καὶ

207 1221 535 1292 πάσχουσαν
559 1222 749 1286 κακῶς
773 1222 977 1289 δεξιὰν,
1006 1226 1101 1281 καὶ
1121 1231 1464 1300 παραχρῆμα
1494 1229 1600 1301 (τίς
1632 1232 1797 1286 ἀκου-

207 1313 349 1377 στάς
401 1330 518 1378 σου,
549 1313 653 1369 Θεέ
701 1332 829 1386 μου,
868 1316 1088 1389 ποιήσει
1145 1319 1246 1383 τὰς
1302 1320 1520 1384 ἀνέσεις
1541 1322 1583 1391 ;)
1634 1323 1796 1393 ύγιὴς

206 1403 413 1475 ἔχουσα
446 1405 627 1479 ὤφθη,
669 1408 766 1462 καὶ
788 1410 853 1481 τῇ
878 1409 1045 1481 ἑτέρᾳ
1077 1411 1479 1484 παραπλησίως
1498 1428 1513 1443 ⁶
1549 1414 1610 1468 ού
1639 1418 1798 1487 χεῖρα

202 1494 268 1547 δὲ
322 1495 492 1568 μόνην
524 1496 707 1561 εὐθὺς,
742 1497 879 1553 ἀλλὰ
927 1500 1021 1553 καὶ
1058 1499 1219 1572 σῶμα
1259 1500 1527 1574 ῥώννυται
1549 1543 1565 1569 ,
1595 1504 1690 1557 καὶ
1717 1505 1797 1568 είς

202 1586 311 1659 τὴν
341 1590 616 1659 πρότεραν
662 1589 877 1654 εὐεξίαν
921 1592 1216 1647 εἰσάνεισιν
1240 1609 1254 1623 ·
1288 1594 1426 1667 ὅπερ
1462 1595 1636 1660 οὕτως
1696 1594 1789 1660 ἐξ·

207 1679 415 1750 έπληξε
455 1683 584 1745 τοὺς
613 1683 908 1754 παρόντας,
943 1683 1019 1750 ώς
1051 1686 1149 1739 καὶ
1198 1686 1376 1757 ψυχὰς
1404 1688 1543 1741 ὅλων
1596 1689 1797 1753 αὐτοὺς

207 1770 321 1824 ἀπὸ
352 1772 476 1827 τότε
510 1773 603 1828 τοῦ
635 1774 863 1845 Συμεὼν
915 1775 1246 1847 ἐξηρτῆσθαι
1291 1777 1507 1845 εὐεξίαν
1562 1779 1795 1834 εισάνει-

212 1876 336 1913 σιν·
388 1863 484 1915 καὶ
538 1843 806 1919 αὑτὸνδὲ
827 1866 919 1919 τὸν
966 1843 1222 1939 Ἰωάννην
1260 1868 1355 1922 τοῦ
1403 1843 1598 1923 λοιποῦ
1651 1870 1792 1939 μετά
1826 1843 1866 1898 Β

208 1949 365 2014 δέους
415 1952 565 2023 αὐτῷ
597 1953 967 2025 διαλέγεσθαι.
1004 1957 1165 2012 Ἀλλὰ
1187 1959 1347 2012 τοῦτο
1378 1959 1477 2030 μὲν
1503 1959 1569 2031 δὴ
1614 1960 1793 2016 τοιοῦ-

208 2057 294 2107 το,
316 2044 413 2096 καὶ
430 2043 572 2100 οὕτω
602 2044 883 2116 Θαυμάσαι
908 2048 1058 2113 ἄξιον
1081 2065 1095 2081 ο
1126 2050 1188 2105 τὸ
1215 2051 1259 2105 δ’
1291 2051 1443 2124 ἑξῆς,
1472 2053 1658 2119 πολλῷ
1698 2055 1793 2108 καὶ

208 2135 403 2189 τούτου
449 2126 918 2213 θαυμασιώτερον.
954 2144 1170 2213 Ὥσπερ
1233 2144 1343 2216 γὰρ
1399 2145 1559 2210 αὐτὸς
1614 2147 1794 2218 ἑαυτῷ

208 2224 308 2297 τὴν
336 2228 540 2300 ἀρετὴν
572 2232 933 2303 παραθήγων,
962 2235 1058 2288 καὶ
1096 2235 1433 2308 ὑψηλοτέρας
1479 2238 1586 2309 ἤδη
1636 2238 1792 2292 πολι-

207 2316 363 2380 τείας
394 2319 722 2391 ἁπτόμενος,
754 2324 908 2378 αίτοῦ
943 2326 1198 2394 γενέσθαι
1249 2326 1406 2397 βάσιν
1444 2331 1510 2383 ὲκ
1558 2330 1790 2399 πλαγίου

207 2408 286 2477 τῷ
332 2410 554 2484 Ἰωάννῃ
576 2430 591 2444 θ
618 2409 687 2487 ἦς
721 2402 1023 2488 γενομένης
1071 2419 1234 2482 εὐθὺς
1273 2420 1496 2485 ἐπιϐὰς,
1529 2423 1623 2476 καὶ
1657 2425 1792 2485 στὰς

208 2501 298 2555 ἐπ’
329 2505 503 2573 αὐτῆς
529 2522 544 2536 ·
574 2500 642 2575 ἦν
670 2507 726 2560 δὲ
750 2508 934 2576 μόδιος
962 2509 1025 2562 τὸ
1056 2510 1284 2580 Συμεὼν
1309 2514 1341 2582 ἡ
1373 2513 1659 2586 περιϐολὴ,
1697 2514 1791 2580 ξύ-

207 2593 301 2647 λου
331 2594 543 2664 καρύας
575 2600 963 2668 πεποιημένος.

281 2725 369 2791 ιζ’.
405 2726 544 2799 Ὁρᾷ
581 2728 743 2783 πάλιν
786 2732 948 2796 αύτὺς
996 2734 1060 2786 ἐκ
1107 2735 1341 2804 πλαγίου
1390 2740 1556 2794 παῖδα
1602 2741 1790 2797 κάλλει

208 2819 431 2891 ὡραῖον,
476 2824 575 2891 τήν
612 2839 672 2875 τε
720 2824 949 2894 καρδίαν
998 2828 1133 2898 πρὸς
1162 2829 1259 2902 τὴν
1288 2831 1410 2901 ὄψιν
1436 2834 1787 2902 ἀναφλεγεὶς,

208 2912 303 2965 καὶ
331 2913 415 2965 ὅτι
451 2913 705 2983 Χριστὸς,
738 2917 766 2969 ό
800 2916 1005 2987 Κύριος
1034 2920 1129 2971 καὶ
1161 2920 1295 2984 Θεὸς
1332 2923 1416 2991 εἴη
1446 2926 1630 2990 γνοὺς,
1658 2927 1790 2999 θαρ-

208 3003 296 3073 ρεῑ
338 3004 481 3073 κατᾷ
522 3005 611 3057 τὸν
650 3006 1010 3076 ἠγαπημένον
1060 3009 1310 3081 μαθητὴν
1352 3013 1448 3066 καὶ
1476 3015 1662 3081 αὐτὸς,
1690 3018 1790 3088 τὴν

206 3095 337 3165 περί
353 3093 446 3149 τοῦ
476 3095 683 3158 πάθους
709 3095 999 3168 ἐρώτησιν,
1032 3101 1125 3152 καί
1153 3118 1287 3171 φησι
1311 3119 1324 3132 ο
1359 3103 1552 3175 Κύριε,
1586 3107 1702 3171 πῶς
1729 3124 1789 3162 σε

1899 591 2411 659 delictum,verum
2451 596 2616 651 etiam
2658 599 2895 656 libenter
2940 618 3136 672 preces
3184 620 3281 675 pro
3322 605 3478 662 inco-

1899 681 2150 738 lumitate
2180 685 2300 755 ejus
2363 685 2705 754 fundendas,
2758 692 3023 749 addicens
3059 736 3073 760 ,
3132 695 3293 764 plane
3340 714 3403 751 ac
3431 698 3477 758 si

1899 792 2157 847 magnum
2178 778 2509 836 beneﬁcium
2532 793 2888 853 accepturus,
2916 776 3025 842 non
3047 789 3280 845 daturus
3308 800 3475 856 esset,

1899 871 2100 941 capite,
2141 883 2202 927 ut
2233 883 2470 943 poterat,
2512 877 2859 948 genibusque
2913 881 3067 936 humi
3098 883 3317 951 positis,
3376 885 3479 937 im—

1899 962 2111 1033 plorata
2134 962 2383 1021 bonitate
2410 966 2728 1023 miserentis
2752 970 2872 1035 Dei,
2899 971 3196 1041 elicitaque
3215 973 3479 1043 benigno-

1899 1068 2020 1110 rum
2043 1055 2263 1123 illorum
2293 1057 2572 1114 viscerum
2600 1061 3010 1131 misericordia.
3066 1065 3327 1130 surrexit,
3376 1082 3473 1121 ex-

1902 1147 2185 1217 tensisque
2215 1148 2282 1203 ad
2323 1152 2523 1206 caelum
2565 1154 2841 1217 manibus,
2872 1156 3081 1210 aridam
3113 1165 3278 1226 atque
3330 1174 3473 1227 :egre

1899 1239 2195 1295 habentem
2222 1241 2503 1298 dexteram
2542 1245 2742 1315 signat.
2781 1247 2849 1301 Et
2880 1248 3005 1317 quis
3059 1249 3277 1304 auditas
3316 1250 3479 1305 faciet

1897 1330 2094 1387 laudes
2125 1342 2266 1397 tuas,
2306 1336 2382 1388 mi
2417 1335 2600 1391 Deus?
2636 1349 2826 1393 sanata
2881 1340 3151 1394 continuo
3205 1340 3478 1410 alterique

1897 1421 2177 1476 simillima
2203 1425 2462 1493 apparuit
2493 1438 2712 1490 manus,
2745 1443 2929 1498 neque
2959 1428 3078 1483 haec
3113 1438 3347 1493 tantum.
3379 1431 3475 1485 sed

1896 1522 1954 1568 et
1975 1528 2180 1582 corpus
2210 1520 2386 1568 totum
2412 1515 2605 1571 eodem
2634 1529 2913 1574 momento
2942 1519 3350 1581 corroboratur.
3414 1535 3479 1576 ac

1896 1605 2190 1675 pristinum
2218 1606 2274 1661 in
2307 1616 2512 1663 statum
2541 1610 2877 1665 restituitur.
2908 1611 3039 1678 Quae
3064 1628 3155 1667 res
3183 1620 3333 1667 tanta
3378 1612 3479 1667 ad-

1897 1698 2197 1754 miratione
2218 1711 2519 1770 praesentes
2549 1704 2867 1773 complevit.
2907 1715 2967 1759 ut
2997 1721 3061 1759 ex
3111 1704 3204 1758 illo
3231 1715 3478 1775 tempore

1899 1787 2226 1860 Symeonem
2289 1791 2455 1848 unice
2513 1795 2901 1863 suspexerint;
2952 1796 3178 1865 ipseque
3237 1795 3479 1852 Joannes

1894 1897 2178 1951 nunquam
2201 1882 2467 1955 deinceps
2489 1886 2597 1941 nisi
2635 1903 2761 1942 cum
2798 1876 3045 1943 tremore
3092 1888 3171 1942 illi
3226 1889 3471 1944 collocu-

1895 1981 1987 2031 tus
2036 1976 2130 2031 sit.
2177 1976 2358 2047 Atque
2414 1979 2533 2035 haec
2590 1981 2816 2051 quidem
2859 1997 3056 2053 magna
3104 1982 3474 2037 admiratione

1893 2064 2059 2136 digna
2080 2065 2352 2134 iuere;id
2382 2084 2515 2125 vero
2565 2071 2713 2140 quod
2758 2072 3031 2142 sequitur,
3082 2073 3257 2128 multo
3305 2073 3475 2128 etiam

1902 2165 2132 2235 majore.
2152 2164 2311 2231 Nam,
2351 2169 2814 2239 quemadmodum
2845 2172 3080 2245 Symeon
3106 2173 3172 2229 ad
3219 2175 3471 2230 altiorem

1904 2267 2124 2323 semper
2141 2255 2507 2328 altioremque
2528 2260 2749 2316 virtutis
2783 2262 3032 2331 gradum.
3061 2263 3171 2332 jam
3216 2280 3361 2318 nunc
3389 2264 3469 2317 ai-

1899 2343 2169 2401 tissimum
2216 2358 2569 2416 consecutus,
2625 2368 2683 2408 se
2726 2355 3063 2420 exstimulat,
3091 2356 3247 2425 petiit
3298 2357 3473 2411 basim

1894 2436 2033 2507 erigi
2056 2453 2125 2492 ex
2148 2439 2383 2497 adverso
2398 2442 2647 2509 Joannis,
2679 2455 3031 2517 erectamqne
3060 2463 3185 2502 mox
3210 2462 3478 2503 conscen-

1895 2523 1999 2591 dit,
2031 2536 2195 2596 atque
2248 2529 2485 2587 institit:
2514 2534 2733 2589 modius
2757 2544 2941 2591 autem
2972 2553 3003 2593 e
3026 2538 3173 2608 ligno
3199 2537 3470 2609 nucisju-

1896 2616 2112 2687 glandis
2142 2619 2463 2690 fabricatus,
2489 2625 2923 2697 circumtegebat
2939 2628 3141 2697 ipsum.

1967 2745 2054 2800 l7.
2093 2745 2257 2802 Videt
2292 2747 2384 2803 hic
2428 2764 2622 2804 rursus
2676 2765 2935 2819 puerum,
2969 2750 3167 2805 formae
3209 2750 3476 2821 dignitate

1889 2838 2193 2909 egregium,
2240 2843 2399 2910 cujus
2432 2852 2656 2910 aspectu
2692 2850 2807 2896 toto
2856 2843 3024 2897 corde
3070 2842 3475 2909 inﬂammatus;

1891 2944 2017 2984 cum
2066 2928 2348 2985 Christum
2399 2932 2693 2986 Dominum
2741 2933 2898 2987 illum
2932 2949 3056 2989 esse
3100 2934 3473 3004 cognovisset,

1892 3036 2002 3075 non
2049 3020 2287 3085 dubitat,
2346 3025 2600 3094 exemplo
2631 3024 2819 3080 dilecti
2876 3025 3160 3096 discipuli.
3197 3026 3375 3095 ipsum
3408 3026 3477 3079 de

1890 3117 2147 3189 passione
2178 3117 2298 3187 ejus
2330 3116 2698 3186 interrogare,
2731 3115 2988 3185 inquiens
3036 3134 3048 3170 :
3083 3115 3337 3178 Domine,
3367 3129 3477 3183 quo

206 3185 561 3257 ἐσταύρωσαν
613 3188 664 3240 οἱ
709 3188 949 3242 Ἰουδαῖοι
984 3207 999 3255 ;
1040 3189 1099 3241 '0
1126 3191 1183 3244 δὲ
1207 3193 1483 3266 ὑπομονὴν
1512 3196 1661 3267 αὐτῷ
1690 3200 1785 3253 καὶ

1894 3185 2057 3265 modo
2103 3217 2156 3264 te
2199 3185 2374 3263 Judaei
2429 3185 2723 3261 allixetunt
2759 3207 2957 3262 cruci?
2988 3207 3255 3262 Dominus
3290 3215 3474 3260 autem

207 3274 524 3344 καρτερίαν,
570 3274 602 3347 ἢ
648 3276 901 3345 σώματος
944 3280 1214 3351 νέκρωσιν
1271 3284 1472 3353 μᾶλλον
1531 3287 1787 3344 ἑκουσίαν

205 3364 531 3433 νομοθετῶν,
590 3368 691 3432 τὰς
757 3373 944 3439 χεῖρας
992 3372 1151 3444 τύπῳ
1200 3376 1438 3445 σταυροῦ
1496 3378 1786 3447 διατείνας,

203 3455 364 3510 υῦτω
389 3474 478 3528 με,
516 3460 701 3531 φησὶν,
727 3462 1246 3535 ὲσταύρωσαν,ὲμοῦ
1272 3468 1683 3539 εὐδοκήσαντος.
1713 3474 1786 3528 Σὺ

201 3548 258 3600 δὲ
287 3548 440 3619 ἴσχυε
474 3551 566 3603 καὶ
598 3551 875 3622 ἀνδρίζου.
911 3554 1071 3609 Ἀλλά
1105 3559 1226 3612 τότε
1256 3559 1357 3629 μὲν
1394 3564 1423 3615 ό
1455 3563 1689 3635 Συμεὼν
1723 3566 1786 3620 οὒ

205 3641 408 3711 συνῆκε
455 3644 523 3696 τὰ
568 3646 857 3716 εἰρημένα.
896 3649 1163 3722 ’Ὕστερον
1213 3653 1271 3707 δὲ
1311 3656 1604 3726 ωμσαλὼν
1650 3660 1787 3731 ὅπερ

203 3734 392 3787 ἐκεῖνα
422 3734 697 3803 ἐϐούλετο,
739 3740 887 3813 πόνῳ
932 3759 993 3795 τε
1049 3744 1170 3797 καθ’
1200 3746 1415 3817 ἡμέραν
1458 3750 1640 3811 πόνον,
1692 3754 1787 3805 καὶ

203 3825 440 3897 ἄσκησιν
481 3827 709 3899 ἀσκήσει
758 3834 1073 3900 προστιθεὶς
1114 3838 1215 3891 ούκ
1248 3838 1407 3894 ἀνίει.
1440 3841 1532 3912 Τῷ
1564 3842 1664 3912 μὲν
1695 3840 1787 3899 οὖν

217 3915 440 3988 Ἰωάννῃ
491 3920 683 3982 νυκτὸς
754 3921 995 3993 ἑκάστης
1045 3924 1176 3996 εὐχὴ
1232 3926 1440 3997 ψαλμοὶ
1491 3933 1788 4002 τριάκοντα

201 4000 368 4077 ἦσαν,
425 4009 503 4079 τῷ
556 4011 612 4064 δὲ
656 4012 882 4083 Συμεὼν
934 4015 1030 4069 νῦν
1074 4018 1174 4088 μὲν
1211 4021 1566 4090 πεντήκοντα,
1606 4025 1703 4077 νῦν
1730 4026 1788 4080 δὲ

202 4098 560 4168 ὀγδοήκοντα,
616 4104 685 4157 τὰ
738 4105 909 4159 πολλὰ
951 4107 1008 4162 δὲ
1054 4111 1146 4163 καὶ
1187 4110 1248 4165 τό
1290 4112 1592 4186 ψαλτήριον
1645 4118 1783 4185 ὅλον,

205 4187 377 4282 ύπνου
410 4191 485 4262 μὴ
525 4192 583 4247 δὲ
621 4193 797 4267 βραχὺ
859 4200 1157 4273 γευομένῳ,
1217 4205 1354 4259 ἀλλὰ
1395 4208 1530 4278 μηδέ
1571 4211 1787 4282 ἡμέρας

202 4280 422 4350 ἔχοντι,
478 4286 640 4340 πάλιν
677 4289 738 4341 τὸ
788 4291 963 4362 στόμα
995 4293 1301 4364 δοξολογίας
1349 4280 1789 4369 παυόμενον,ῄὼς

207 4374 345 4443 μηδὲ
387 4375 479 4430 τὸν
517 4377 773 4453 Ἰωάννην
798 4383 898 4453 τὴν
928 4383 1106 4458 ψυχὴν
1136 4388 1223 4440 ἐπ’
1247 4390 1395 4461 αὐτῷ
1431 4391 1784 4465 καθαρεύειν,

203 4465 340 4554 αλλὰ
385 4468 659 4534 τοιαύταις
707 4473 845 4544 πρὸς
880 4476 1042 4530 αὐτὸν
1082 4480 1471 4549 παραινέσεσιν
1512 4483 1782 4554 χρῆσθαι·

213 4552 424 4608 Ἱκανόν
457 4574 561 4623 σοι,
591 4558 801 4625 τέκνον,
838 4563 923 4615 ὅτι
961 4565 1156 4619 σαυτὸν
1196 4566 1256 4630 ἐξ
1300 4568 1465 4621 αὐτοῦ
1515 4552 1787 4637 γάλακτος

198 4647 295 4700 καὶ
334 4647 507 4718 θηλῆς
555 4652 906 4723 ὲσταύρωσας
959 4654 1039 4727 τῷ
1071 4656 1325 4729 Χριστῷ·
1374 4661 1440 4714 Τί
1477 4661 1533 4715 δέ
1580 4680 1664 4716 σοι
1695 4666 1789 4717 καὶ

194 4736 376 4792 ταῦτα
404 4741 473 4793 τὰ
503 4741 604 4813 τῆς
633 4743 773 4817 ὑπὲρ
816 4746 1105 4819 ἄνθρωπον
1135 4750 1495 4822 ἑγκρατείαςς
1531 4772 1785 4826 παρακαο

196 4829 314 4882 λεῖν
336 4832 445 4902 χρὴ
471 4834 564 4887 καὶ
590 4834 651 4888 τὸ
680 4836 857 4908 σῶμα,
881 4838 1052 4895 ὕπνου
1074 4858 1135 4895 τε
1158 4844 1251 4896 καὶ
1269 4845 1475 4916 τροφῆς
1495 4848 1563 4901 τὰ
1590 4849 1789 4921 μέτρια

196 4922 501 4987 κοινωνεῖν,
533 4921 598 4974 ἶν’
627 4923 876 4996 ἐξαρκεῖν
901 4927 999 5000 ἔχῃ
1034 4947 1118 4983 σοι
1150 4932 1289 5002 πρὸς
1326 4935 1452 4998 τοὺς
1478 4935 1578 5005 τῆς
1606 4937 1782 5008 ἀσκή-

200 5024 341 5073 σεως
374 5012 587 5078 πόνους.
623 5017 685 5070 Εἰ
713 5018 771 5077 δὲ
803 5018 913 5090 γὰρ
963 5022 1160 5093 βρῶμα
1213 5023 1246 5095 ἢ
1287 5025 1439 5096 πόμα
1482 5031 1652 5082 κοινοί
1691 5031 1785 5085 τὸν

272 5235 351 5305 (5)
388 5238 464 5309 De
501 5238 678 5295 forma
726 5242 897 5298 modii
943 5246 1285 5303 columnaris
1352 5248 1562 5304 dictum
1612 5260 1699 5307 est
1749 5253 1783 5309 5

192 5306 447 5405 Jangarii
498 5310 565 5364 ad
605 5310 777 5405 Vitgnt
816 5317 989 5405 sancti
1046 5315 1321 5405 SIymeom's
1348 5317 1615 5405 ﬁrmioris,
1666 5321 1693 5405 ᾗ
1729 5306 1783 5386 2⁷,

192 5378 408 5461 quibus
454 5396 615 5461 nunc
650 5382 777 5461 addi
826 5385 964 5461 nihil
997 5378 1273 5461 volumus.
1306 5391 1413 5445 nisi
1439 5392 1586 5461 quod
1604 5378 1785 5447 etiam

193 5448 461 5529 pellibus‘
497 5450 732 5529 subinde
786 5456 1043 5529 modium,
1075 5458 1144 5511 de
1186 5448 1298 5529 quo
1347 5448 1495 5523 ιιιοὶ,
1531 5463 1791 5520 videatur

197 5518 386 5571 tectus
437 5518 631 5586 fuisse,
677 5538 743 5581 ex
816 5540 970 5578 num.
1000 5518 1147 5588 146.
1188 5518 1246 5583 ét
1291 5518 1553 5591 columna
1602 5518 1788 5588 ferreo

191 5598 358 5655 septo
392 5591 627 5656 munita,
680 5609 747 5647 ex
795 5612 947 5648 num.
981 5596 1106 5658 219,
1142 5599 1270 5653 item
1325 5617 1391 5655 ex
1446 5600 1566 5656 Vita
1598 5604 1785 5656 matris

191 5658 446 5722 Mart/ue,
469 5677 620 5737 num.
646 5663 735 5728 55,
756 5666 1024 5737 columnm
1041 5668 1355 5737 adjunctam
1373 5672 1540 5726 fuisse
1558 5677 1781 5736 scalam,

194 5744 301 5804 per
336 5744 502 5804 quam
536 5732 601 5786 ad
658 5735 904 5788 modium
940 5732 1333 5804 scandebatur,
1387 5745 1551 5797 etiam
1594 5744 1663 5798 ab
1694 5732 1779 5797 in;

193 5800 382 5859 tirmis
401 5804 583 5858 curari
616 5806 961 5877 petentibus,
984 5816 1045 5863 ut
1064 5809 1141 5867 ibi
1164 5800 1330 5867 etiam
1355 5813 1587 5873 habetur
1611 5832 1666 5870 ιι.
1688 5814 1777 5878 7'2,

1889 3300 2252 3373 interroganti
2308 3300 2672 3371 patientiam,
2737 3301 3085 3354 tolerantiam
3145 3307 3241 3354 aut
3294 3299 3479 3370 potius

1890 3391 2373 3447 mortiﬁcationem
2428 3391 2680 3461 corporis
2718 3391 3087 3446 voluntariam
3130 3406 3232 3460 pro
3282 3404 3477 3444 norma

1872 3483 2111 3538 -vivendi
2176 3483 2564 3554 prmscribens,
2623 3483 2878 3538 manibus
2923 3483 2977 3537 in
3028 3482 3256 3537 modum
3297 3481 3479 3535 crucis

1887 3576 2132 3631 extensis
2178 3592 2192 3629 :
2233 3574 2336 3639 ita,
2392 3574 2595 3644 inquit,
2638 3590 2747 3638 me,
2796 3574 2851 3629 id
2900 3575 3061 3629 unice
3102 3581 3477 3643 cxpetentem,

1889 3669 2127 3723 ﬁxerunt
2157 3667 2332 3722 cruci.
2369 3667 2450 3721 Tu
2500 3683 2630 3723 vero
2673 3678 2795 3723 esto
2829 3667 3113 3730 robustus,
3153 3676 3210 3721 et
3243 3663 3480 3719 viriliter

1887 3774 2006 3830 age.
2067 3758 2206 3813 Tum
2253 3757 2478 3829 quidem
2535 3774 2646 3812 non
2711 3759 2990 3813 intellexit
3038 3759 3299 3829 Symeon,
3343 3756 3477 3827 quid

1890 3852 2082 3907 isthaec
2134 3852 2238 3907 sibi
2296 3852 2443 3907 dicta
2499 3852 2752 3906 vellent:
2796 3862 2985 3921 postea
3025 3867 3179 3918 vero,
3238 3850 3333 3906 ubi
3390 3851 3477 3908 in-

1888 3943 2119 4009 tellexit,
2156 3943 2294 3998 alios
2317 3959 2380 3998 ex
2412 3943 2537 3998 aliis
2567 3944 2787 3997 labores
2828 3959 3119 4013 aggressus
3141 3952 3245 4008 est,
3277 3953 3331 3997 et
3361 3944 3476 3996 vir-

1890 4044 2069 4090 tutum
2103 4035 2386 4091 exercitiis
2411 4035 2515 4089 alia
2539 4042 2704 4105 atque
2730 4030 2834 4088 alia
2868 4035 3211 4088 incessanter
3239 4032 3478 4091 addidit.

1886 4128 2096 4184 Joanne
2142 4127 2310 4199 igitur
2345 4127 2650 4182 orationem
2697 4141 2878 4189 suam,
2936 4126 3175 4194 psalmos
3223 4123 3476 4193 triginta,

1888 4220 2119 4291 singulis
2166 4220 2421 4276 noctibus
2470 4218 2857 4290 persolvente,
2914 4215 3184 4272 recitabat
3236 4214 3475 4287 Symeon

1888 4312 2187 4382 aliquando
2219 4312 2640 4382 quinquaginta,
2675 4307 2973 4379 aliquando
3002 4308 3301 4378 octoginta,
3335 4320 3478 4376 saepe

1888 4404 2054 4459 etiam
2108 4403 2435 4457 Psalterium
2487 4401 2830 4467 universum,
2867 4415 3126 4457 somnum
3158 4399 3336 4454 oculis
3362 4398 3478 4453 suis

1889 4493 2103 4547 nullum
2151 4491 2378 4546 omnino
2423 4491 2637 4557 videns,
2683 4491 2779 4546 sed
2838 4490 3053 4547 nec‘de
3084 4490 3173 4545 die
3232 4491 3476 4561 linguam

1892 4596 2050 4638 suam
2067 4597 2095 4635 a
2113 4580 2316 4636 divinis
2336 4580 2596 4635 laudibus
2615 4581 2979 4636 decantandis
3000 4596 3220 4635 cessare
3238 4580 3474 4650 patiens;

1894 4672 2033 4727 adeo
2064 4680 2127 4726 ut
2161 4671 2405 4728 Joannes
2435 4686 2547 4725 non
2580 4671 2745 4725 modo
2775 4670 2989 4726 viribus
3036 4671 3209 4741 ipsius
3256 4669 3480 4724 timeret

1893 4763 2220 4834 plurimum,
2269 4763 2364 4818 sed
2417 4764 2687 4847 ejusmodi
2722 4778 2945 4833 quoque
2975 4761 3366 4818 adhortatione
3399 4759 3480 4813 ni-

1894 4855 2001 4912 mis
2046 4855 2102 4910 i-n
2144 4870 2204 4911 se
2252 4870 2512 4910 severum
2554 4857 2996 4927 aggrederetur:
3049 4854 3299 4910 Sufﬁciat
3352 4850 3475 4916 tibi,

1893 4945 1991 5009 ﬁli,
2044 4945 2192 5016 quod
2244 4946 2313 5000 ab
2345 4947 2486 5017 ipsis
2538 4947 2892 5003 incunabulis
2933 4957 2985 5025 te
3022 4946 3246 5002 Christo
3291 4944 3479 4999 cruci-

1892 5038 2079 5093 ﬁxeris
2111 5040 2282 5108 :quid
2319 5040 2419 5095 tibi
2454 5044 2582 5095 cum
2619 5040 2770 5095 hisce
2802 5038 3146 5110 pcenitentiaa
3168 5036 3474 5100 exercitiis,

1891 5252 2236 5328 ac‘denique‘
2267 5270 2331 5328 ex
2359 5256 2472 5328 jam
2516 5254 2684 5312 dictis
2724 5266 2852 5312 ante
2885 5257 3064 5312 Vitam
3118 5256 3144 5328 §
3194 5258 3245 5320 l.
3294 5258 3475 5313 locum

1890 5324 2161 5381 columna:
2212 5324 2385 5380 fuisse
2438 5325 2583 5381 intra
2618 5328 2927 5393 mandram,
2970 5328 3025 5382 id
3058 5324 3143 5382 est
3177 5328 3472 5383 maceriam

1891 5393 2190 5477 lapideam,
2218 5411 2288 5477 ne
2315 5395 2439 5466 quis
2468 5396 3114 5477 possetmaccedere,_nisi
3144 5398 3419 5477 admissus
3444 5413 3475 5451 a

1894 5463 2063 5518 fratre
2098 5466 2193 5539 qui
2242 5463 2579 5539 internuntii
2607 5467 2788 5523 oﬂicio
2818 5469 3153 5539 fungebatur
3192 5467 3473 5522 :dicitur-

1892 5550 1998 5607 que
2023 5535 2191 5607 apud
2218 5536 2558 5607 Evagrium,
2594 5539 2627 5591 I.
2674 5554 2712 5599 ι,
2770 5554 2891 5607 cap.
2923 5535 3030 5604 ⁷15,
3069 5538 3343 5591 Simeonis
3372 5539 3473 5592 Se-

1890 5604 2066 5676 nioris
2104 5606 2303 5676 modia,
2333 5604 2418 5660 vix
2440 5609 2627 5662 cubitis
2654 5604 2852 5662 duobus
2884 5610 2939 5663 in
2977 5609 3176 5662 amictu
3206 5607 3472 5676 patuisse.

1889 5672 2033 5727 Infra
2068 5675 2259 5741 etiam,
2316 5694 2465 5730 num.
2503 5678 2595 5739 46,
2628 5687 2868 5742 constat,
2911 5694 3021 5732 non
3057 5672 3276 5746 semper
3314 5693 3473 5747 aperq

1891 5752 2006 5798 tum
2032 5747 2263 5820 modium
2294 5761 2565 5820 superne,
2612 5747 2706 5803 sed
2738 5749 2887 5803 onmi
2922 5765 2987 5803 ex
3023 5755 3177 5820 parte
3206 5763 3470 5804 nonnun-

1885 5830 2049 5891 quam
2090 5818 2340 5872 clausum
2385 5818 2578 5873 fuisse.
