3988 6484
577 350 718 411 3003

1781 354 1842 417 S.
1882 356 2260 418 SYMEONIS
2297 358 2657 420 JUNIORIS

3702 365 3813 428 3(505.

579 460 852 518 humanas
884 462 1033 517 vires
1081 461 1526 519 excedentibus?
1573 455 1805 534 Oportet
1832 472 1890 520 et
1916 466 2170 536 corporis

2277 468 2578 539 ἄνθρωπον,
2598 468 2834 524 aede-xu
2873 469 2981 538 γὰρ
3009 469 3152 540 ὑμῖν
3185 471 3382 527 πάντα
3412 472 3627 543 φαγεῖν
3659 478 3813 543 ὡςλώ

577 570 766 610 curam
785 571 998 625 gerere,
1013 555 1177 625 eique
1192 554 1530 610 mediocrem
1543 570 1797 611 somnum
1812 557 2164 614 alimentum-

2273 579 2430 630 χανιι
2454 563 2693 632 χόρτου,
2723 565 2889 632 φησὶν
2917 567 2950 634 ἡ
2976 565 3095 617 θεία
3118 564 3330 635 Γραφή.

579 661 686 724 que
714 646 1025 718 indulgere,
1083 659 1144 704 ut
1182 647 1434 704 sullicere
1492 649 1782 706 laboribus
1805 652 2059 708 asceticae
2121 652 2250 709 vita:
2287 655 2485 724 possit.
2532 656 2724 726 Neque
2774 657 2922 711 enim
2973 657 3133 713 cibus
3169 666 3228 713 et
3279 666 3452 728 potus
3507 658 3816 732 coinquinant

581 739 880 808 hominem;
911 756 1036 796 nam
1065 758 1080 794 :
1122 740 1253 794 Dedi
1301 742 1444 796 vobis
1486 744 1666 798 omnia
1694 745 1830 798 sicut
1864 744 2012 799 olera
2045 745 2228 815 pabuli
2258 748 2661 819 manducanda,
2697 751 2883 820 inquit
2921 766 3078 806 sacra
3109 751 3189 824 (6)
3223 750 3516 822 Scriptura
3551 755 3594 807 ⁸.

657 833 738 889 t8.
781 834 862 890 Ad
901 834 1092 892 isthagc
1121 835 1361 908 Symeon
1405 837 1702 894 admodum
1737 839 2046 909 prudenter
2077 858 2163 896 re-

578 926 859 996 spo:idens
895 946 907 981 :
940 927 1206 995 Tametsi,
1259 930 1464 999 inquit,
1515 931 1610 985 illa
1659 945 1772 986 non
1807 930 2172 1001 coinquinant

582 1020 906 1084 hominem,
971 1021 1342 1076 nihilominus
1399 1022 1832 1091 coinquinantes
1882 1021 2174 1092 cogitatio-

582 1128 680 1166 nes
719 1112 985 1176 excitant,
1007 1129 1211 1184 easque
1242 1114 1494 1168 turbidas
1519 1129 1876 1184 morosasquc
1905 1114 2171 1182 efﬁciunt,

583 1212 638 1257 et
665 1204 1085 1258 subtilissimum
1120 1205 1361 1260 hominis
1382 1214 1622 1260 mentem
1654 1217 1815 1262 teme
1841 1206 2090 1278 alligunt,
2116 1218 2173 1264 et

585 1295 831 1351 tenebris
860 1297 1032 1352 veluti
1077 1297 1409 1366 quibusdam
1452 1299 1758 1354 involvunt.
1795 1301 2012 1356 Etenim
2046 1318 2172 1357 cum

585 1388 679 1442 diu
709 1397 989 1460 noctuque
1022 1390 1199 1461 legem
1231 1391 1449 1446 Domini
1473 1395 1828 1461 meditantur,
1858 1397 2172 1465 periculum

585 1479 727 1534 haud
757 1490 862 1544 est,
899 1497 969 1536 ne
1002 1482 1346 1553 abripiamur
1367 1485 1548 1538 somni
1579 1484 1878 1549 illecebris,
1931 1485 2012 1539 uti
2044 1501 2175 1555 que-

586 1573 727 1626 ritur
761 1568 1037 1643 Propheta
1064 1574 1308 1640 dicens:
1341 1575 1663 1632 Dormitavit
1687 1580 1872 1634 anima
1918 1594 2034 1632 mea
2059 1594 2170 1648 pra:

585 1667 739 1718 Icadio
763 1668 783 1698 ¹
831 1664 998 1736 (quod
1029 1667 1222 1736 utique
1250 1667 1472 1722 taedium
1496 1669 1847 1724 continentes
1876 1684 2168 1739 pravarum

582 1757 978 1828 cogitationum
1015 1759 1274 1815 incursus
1323 1759 1585 1824 aﬂerunt,
1648 1760 1846 1817 anima:
1900 1762 2169 1818 intensio-

2347 841 2438 915 ιη’.
2470 844 2619 916 Πρὸς
2658 846 2802 916 ἅπερ
2839 848 3028 900 ἐκεῖνα.
3065 846 3159 902 τδν
3189 847 3421 919 Συμεὼν
3453 848 3551 902 καί⁸
3581 847 3691 902 λίαν
3715 868 3816 924 πρε·

2275 937 2547 1003 σϐυτικῶς
2579 939 2993 1012 ἀποκρίνεσθαι.
3045 941 3136 1005 Ὣς
3167 942 3218 996 εί
3237 941 3331 996 καὶ
3360 941 3560 1002 ταῦτα,
3587 944 3751 1013 φησὶν,
3771 951 3814 1001 οὐ

2277 1034 2452 1086 κοινοῖ
2483 1032 2578 1086 τὸν
2610 1032 2920 1106 ἄνθρωπον,
2946 1032 3084 1087 ἀλλὰ
3119 1036 3248 1099 τοὺς
3291 1033 3682 1098 κοινωνοῦντας
3707 1037 3816 1106 λογι.

2277 1125 2451 1192 σμοὺς
2484 1127 2626 1178 κινεῖ
2659 1125 2752 1178 καὶ
2777 1124 2921 1179 θολεῖ
2950 1126 3006 1179 δὲ
3042 1125 3295 1197 παχύνει,
3323 1124 3514 1179 ἔνυλόν
3540 1143 3597 1179 τε
3645 1127 3725 1204 τὸν
3750 1117 3815 1182 lt?

2279 1215 2546 1269 πτότατον
2569 1215 2865 1287 ἐργάζεται
2906 1217 3055 1284 νοῦν,
3090 1217 3260 1288 ἀχλὺν
3283 1217 3438 1288 αὐτῷ
3467 1216 3705 1289 καθάπερ
3723 1221 3812 1273 ἁνα-

2279 1309 2611 1381 κεράσαντα.
2643 1309 2834 1362 Νύκτα
2885 1309 3068 1379 μέντοι
3105 1310 3202 1363 καὶ
3248 1310 3468 1380 ἡμέραν
3509 1312 3565 1362 ἐν
3607 1310 3679 1377 τῷ
3707 1313 3818 1382 νόμῳ

2280 1391 2485 1473 Κυρίου
2521 1401 2875 1472 μελετῶντες,
2901 1401 2962 1455 ού
2991 1401 3460 1474 συναρπαζόμεθα
3487 1405 3554 1472 τῇ
3577 1401 3665 1454 τοῦ
3689 1400 3819 1457 ὕπνου

2283 1493 2442 1565 μέθῃ.
2461 1493 2799 1558 Ἐνύσταξε
2823 1494 2954 1562 γὰρ,
2971 1494 3157 1563 φησὶν,
3180 1495 3218 1562 ἠ
3242 1494 3413 1563 ψυχή
3440 1512 3562 1563 μου
3584 1494 3692 1547 ἀπὸ
3710 1496 3823 1561 ἀκη-

2278 1584 2414 1651 δίας
2457 1585 2546 1655 (ἦν
2575 1586 2608 1655 ἡ
2645 1584 2873 1656 συνεχὴς
2891 1585 3000 1638 τῶν
3023 1586 3287 1656 ὲμπαθῶν
3315 1585 3602 1655 λογισμῶν
3631 1585 3819 1655 ἐργάζε-

2275 1693 2366 1729 ται
2412 1675 2712 1748 προσϐολὴ,
2760 1678 2851 1730 τὸν
2878 1677 2979 1748 τῆς
3009 1677 3190 1748 ψυχῆς
3221 1677 3376 1730 τόνον
3414 1676 3602 1747 ἡρέμα
3643 1676 3823 1747 διαχαν-

2276 1767 2462 1839 νοῦσα)
2485 1812 2498 1835 ,
2529 1767 2666 1822 ἀλλὰ
2704 1767 2768 1822 τὸ
2791 1768 2966 1840 στόμα
2988 1768 3292 1840 τηνικαῦτα
3319 1767 3526 1838 μᾶλλον
3565 1767 3821 1835 ἀνοίγοντες

583 1865 709 1904 nem
756 1849 961 1905 sensim
1009 1850 1361 1920 relaxantes),
1411 1852 1505 1907 sed
1559 1852 1838 1921 aperimus
1893 1854 2080 1923 potius
2110 1869 2172 1910 os

2277 1861 2434 1933 (ὅπερ
2481 1861 2630 1915 ἐστὶν
2667 1863 2696 1915 ὁ
2729 1861 2859 1932 περὶ
2896 1862 2994 1925 τὰς
3026 1861 3178 1923 θείας
3218 1860 3442 1924 ἐντολὰς
3486 1860 3673 1925 πάθος,
3697 1864 3816 1932 καἰὴ

582 1960 834 2004 nostrum
882 1950 1245 2019 (desiderium
1283 1952 1533 2023 intelligo
1575 1961 1632 2008 et
1672 1952 1858 2013 cordis
1895 1953 2167 2008 fervorem

2277 1954 2378 2023 τῆς
2428 1953 2657 2025 καρδίας
2697 1955 2824 2024 περὶ⁸
2865 1954 3034 2016 αὑτάς
3075 1953 3275 2023 θέρμη)
3311 1954 3414 2022 τὴν
3450 1951 3653 2005 ἄνωθεν
3696 1954 3823 2023 χάριν

580 2042 649 2096 ad
702 2043 1130 2099 custodiendum
1165 2054 1441 2116 precepts
1485 2044 1696 2117 divina)
1727 2055 1791 2100 ut
1822 2047 2170 2102 attrahamus

2277 2040 2388 2098 εἶτ’·
2413 2041 2508 2099 οὖν
2536 2044 2758 2116 Πνεῦμα
2788 2045 3108 2115 ἑλκύσομεν.
3150 2046 3331 2110 Ἀλλά,
3367 2043 3463 2097 διὰ
3494 2043 3592 2112 τὴν
3629 2043 3712 2096 τοῦ
3737 2046 3816 2098 Κυ-

580 2149 878 2203 supcrnam
913 2135 1146 2206 gratiam
1181 2151 1280 2192 seu
1321 2136 1589 2208 Spiritum
1634 2146 1905 2193 sanctum.
1959 2138 2164 2194 Verum

2277 2137 2393 2208 ρίου
2438 2139 2682 2209 ἀγάπην,
2731 2139 2901 2210 μηδὲν
2960 2155 3041 2192 σοι
3092 2139 3230 2208 πρὸς
3269 2141 3397 2201 τοὺς
3436 2140 3603 2207 ἐμοὺς
3646 2137 3816 2207 λόγους.

581 2225 720 2280 nihil
781 2225 902 2289 tibi,
940 2226 1014 2280 mi
1062 2228 1245 2294 Pater,
1286 2243 1385 2298 per
1417 2228 1513 2283 Dei
1564 2243 1832 2295 amorem,
1871 2245 2000 2286 cum
2029 2231 2168 2286 meis

2277 2230 2497 2300 ἐμαυτῷ
2515 2232 2626 2301 γὰρ
2653 2228 2931 2309 νομοθετῷ
2956 2232 3053 2285 καὶ
3085 2231 3186 2284 ούκ
3216 2231 3431 2294 ἄλλοιςο
3473 2232 3557 2284 δεῖ
3589 2230 3688 2300 γάρ
3733 2250 3812 2301 μοι,

581 2315 736 2371 hisce
781 2317 1174 2384 sermonibus;
1230 2319 1367 2373 mihi
1399 2319 1518 2389 ipse
1566 2321 1716 2391 leges
1747 2320 1848 2376 has
1887 2323 2026 2387 fero,
2059 2338 2171 2377 non

2277 2320 2362 2374 διὰ
2411 2321 2472 2374 τδ
2515 2322 2636 2376 νέον
2685 2322 2789 2392 τῆς
2838 2323 3080 2396 ἡλικίας,
3111 2323 3380 2393 τοσαύτης
3432 2326 3562 2395 περὶ
3602 2323 3659 2376 τὺ
3693 2323 3813 2393 σῶμα

581 2406 737 2461 aliis:
772 2407 907 2461 mihi
936 2407 1084 2462 enim
1114 2410 1414 2476 necessitas
1435 2410 1730 2476 incumbit,
1768 2411 1841 2467 ob
1867 2412 2172 2482 juvenilem

2277 2413 2411 2484 σκλη
2421 2415 2671 2484 ραγωγία
2680 2432 2727 2478 ς.

577 2506 818 2565 aetatem,
873 2508 981 2553 tam
1033 2515 1233 2570 aSpere
1267 2517 1471 2573 corpus
1517 2518 1708 2559 meum
1761 2503 2058 2560 tractandi.

2045 2660 2275 2717 CAPUT
2310 2663 2400 2717 ΙΙΙ.

1457 2821 1688 2876 Visiones
1717 2821 1880 2887 alias;
1906 2821 2166 2876 miracula
2190 2837 2207 2884 ;
2239 2823 2671 2878 terriculamenta
2705 2825 2977 2879 (Immonis.

653 2976 741 3030 l9.
796 2976 864 3031 Et
927 2976 1046 3033 haec
1094 2981 1319 3047 quidem
1380 2978 1670 3050 Symeonis
1713 2979 1914 3046 oratio,
1968 2989 2170 3050 [ιι-αξιοι

2346 2981 2432 3036 ιϐ’.
2462 2981 2704 3037 Τοιαῦτα
2769 2985 2868 3052 μὲν
2924 2983 2988 3052 δὴ
3051 2982 3119 3035 τὰ
3165 2981 3258 3036 τοῦ
3307 2983 3580 3063 Συμεὼν,
3609 2985 3687 3040 καὶ
3714 2999 3807 3056 παρ’

582 3078 802 3125 :ctatem
832 3080 888 3125 et
929 3072 1398 3140 exspectationem
1444 3070 1674 3140 prolata,
1715 3071 2018 3140 percellere
2069 3089 2171 3126 au-

2277 3073 2490 3145 ἡλικίαν
2511 3075 2606 3127 καὶ
2633 3075 2815 3145 ἀκοὴν
2855 3073 2999 3127 οὕτω
3034 3077 3216 3128 πᾶσαν
3251 3077 3586 3148 ἐκπλήττειν
3620 3079 3811 3146 δυνάμε-

583 3161 800 3217 dientes
823 3172 1066 3232 poterat:
1101 3161 1358 3219 Christus
1389 3171 1574 3217 autem
1607 3163 1701 3232 qui
1758 3163 1937 3234 ipsum
1968 3166 2173 3220 sancti-

2277 3181 2378 3219 να·
2428 3167 2664 3236 Χριστὸν
2718 3167 2797 3230 δὲ,
2849 3169 2877 3219 ὀ
2929 3165 3023 3219 καὶ
3071 3166 3164 3220 τὸν
3207 3169 3438 3239 Συμεὼν
3489 3171 3811 3239 ἁγιάσας.κεί

587 3256 869 3321 licaverat,
895 3257 1101 3328 quique
1125 3257 1448 3329 priusquam
1481 3266 1760 3328 pateretur
1803 3259 2010 3314 sanctis
2035 3261 2173 3314 suis

2277 3256 2382 3326 πρὸ
2427 3255 2524 3310 τοῦ
2574 3257 2817 3327 παθῆναι
2861 3260 2976 3333 τοῖς
3021 3259 3192 3330 ἱεροῖς
3239 3259 3408 3313 αὐτοῦ
3456 3262 3705 3333 μαθηταῖς
3740 3260 3810 3311 ut

585 3347 874 3419 discipulis
937 3351 1313 3420 apostolisque
1382 3349 1599 3405 dixerat
1659 3367 1672 3402 :

585 3441 684 3495 vici
721 3441 1059 3509 mundum';
1104 3443 1448 3514 gratiamque
1503 3451 1560 3498 et
1609 3443 1874 3498 virtutem
1918 3443 2182 3514 patrandi.

2277 3445 2530 3512 κόσμον,
2579 3444 2678 3497 καὶ
2707 3445 2866 3516 χάριν
2895 3445 3082 3508 αὐτοῖς
3121 3446 3217 3498 καὶ
3266 3445 3518 3516 σημείων
3548 3444 3805 3517 ἐμπνεύσας

587 3534 853 3589 miracula
883 3534 1196 3602 infuderat;
1239 3535 1330 3590 ille
1361 3535 1637 3592 similibus
1653 3535 1987 3608 Symeonem
2009 3536 2175 3592 donis

587 3626 994 3697 impertiturus,
1017 3629 1327 3699 palmisque
1353 3637 1545 3684 contra
1567 3629 1848 3684 diabolum
1875 3629 2174 3702 pugnando

583 3720 830 3776 obtentis
868 3721 1289 3788 nobilitaturus,
1324 3723 1602 3778 similibus
1639 3724 1808 3779 etiam
1868 3724 1938 3780 ad
1991 3725 2172 3795 ipsum

587 3813 816 3868 vocibus
848 3813 928 3868 uti
958 3813 1216 3884 dignatus
1259 3823 1365 3880 est,
1393 3815 1620 3870 dicens:
1652 3813 1889 3884 Con/ide,
1935 3832 2030 3888 ego
2078 3817 2175 3871 vici

587 3907 865 3961 mundum.
951 3907 1164 3963 Deinde
1226 3907 1395 3963 etiam
1466 3907 1668 3964 divina:
1725 3909 1868 3966 lucis
1921 3910 2174 3966 claritate

585 3998 1098 4066 circumfunditur,
1181 3999 1572 4072 detegiturque
1625 4001 1919 4056 confestim
1995 4002 2176 4058 omnis

591 4089 1002 4162 magnificentia
1019 4091 1494 4163 atqueimperium
1513 4093 1718 4148 diaboli
1740 4110 1754 4146 :
1781 4093 1898 4162 ipse
1921 4092 2173 4149 diadema

588 4183 646 4237 in
693 4184 877 4253 capite
935 4185 1219 4255 gestabat;
1282 4184 1538 4240 astabant
1591 4186 1822 4256 integrae
1859 4185 2170 4241 daemonum

589 4273 926 4346 phalanges;
992 4275 1061 4331 ad
1119 4276 1418 4346 voluptatis
1469 4285 1726 4332 ornatum
1766 4286 1970 4348 praesto
2014 4289 2176 4336 erant

587 4381 807 4426 aurum,
831 4367 1065 4436 pretiosi
1081 4367 1314 4437 lapides,
1339 4368 1596 4434 uniones,
1623 4377 1815 4438 utpote
1837 4369 2011 4440 magis
2031 4378 2175 4440 apta:

588 4461 656 4515 ad
687 4459 1060 4516 inducendam
1091 4460 1430 4530 voluptatem
1462 4459 1772 4528 illecebrae;
1839 4460 2175 4516 audiebatur

592 4549 858 4605 tibiarum
914 4550 1338 4621 ﬁstularumque
1383 4565 1575 4614 sonus,
1623 4559 1681 4607 et
1712 4550 1904 4607 varius
1953 4551 2176 4622 musica;

588 4653 928 4710 concentus;
987 4644 1323 4699 cernebatur
1385 4653 1672 4715 peccatum
1729 4643 1917 4715 specie
1947 4645 2171 4716 puellae,

2273 3536 2524 3608 δύναμιν,
2551 3535 2937 3607 παραπλησίου
2995 3534 3204 3608 μέλλων
3253 3537 3597 3609 χαρίσματος
3639 3536 3719 3590 καὶ
3753 3533 3806 3604 τῷ

2275 3625 2502 3697 Συμεὼν
2558 3626 2904 3696 μεταδοῦναι,
2933 3630 3036 3700 τήν
3061 3645 3122 3683 τε
3166 3629 3312 3682 κατὰ
3338 3627 3438 3682 τοῦ
3485 3628 3710 3683 διαϐόλου
3731 3643 3805 3678 περ

2279 3716 2579 3789 ρασχέσθαι
2633 3716 2793 3789 νίκην
2850 3716 3021 3789 αύτῷ,
3065 3719 3165 3789 τῆς
3216 3717 3343 3788 ίσης
3396 3718 3566 3772 αὑτὸν
3623 3715 3804 3777 ἐκείνοις

2274 3810 2419 3876 ἀξιοῖ
2442 3810 2536 3864 καὶ
2563 3810 2774 3880 φωνῆς,
2820 3808 3041 3880 Θάρσει
3070 3811 3319 3883 καὶπρὸς
3342 3811 3508 3865 αὑτὸν
3536 3810 3704 3875 εἰπὼν,
3723 3809 3804 3879 ἐγὼ

2276 3904 2570 3974 νενίκηκα
2607 3907 2715 3961 τὸν
2739 3907 2995 3978 κόσμον.
3032 3902 3166 3961 Εἶτα
3207 3908 3303 3962 καὶ¹
3360 3907 3490 3963 θεία
3523 3902 3641 3977 περὶ
3684 3906 3802 3960 αὑτὸν

2278 3996 2549 4068 ἐλλαμψις
2576 3997 2810 4066 γίνεται,
2843 3999 2939 4053 καὶ
2959 4000 3140 4054 πᾶσαν
3169 3999 3264 4053 τοῦ
3295 3999 3546 4055 διαϐόλου
3578 3999 3741 4070 ἀθρόον
3761 3996 3800 4050 αι

2277 4088 2571 4157 φαντασίαι
2605 4089 2702 4143 καὶ
2732 4087 3005 4159 βασιλεῖαι
3036 4091 3190 4160 αύτῷ
3235 4092 3648 4146 ύποδείκνυνται
3674 4104 3686 4118 ·
3711 4087 3798 4142 διά·

2275 4181 2426 4250 δημα
2451 4185 2550 4253 μὲν
2585 4184 2794 4247 ἐκεῖνος
2823 4184 2917 4237 ἐπὶ
2945 4183 3190 4253 κεφαλῆς
3219 4184 3382 4254 ἔχων,
3413 4187 3474 4239 αί
3517 4184 3572 4238 δὲ
3600 4183 3692 4238 τῶν
3714 4182 3798 4234 δαι-

2279 4273 2458 4342 μόνων
2490 4273 2644 4345 αὐτῷ
2692 4272 3041 4344 παρεστῶσαι
3063 4272 3370 4342 φάλαγγες,
3397 4273 3595 4344 χρυσός
3633 4285 3682 4323 τε
3703 4263 3795 4336 παρ’

2276 4363 2427 4435 αὑτῷ
2451 4363 2588 4433 πρὸς
2614 4363 2709 4416 τὸν
2738 4362 2850 4416 τῶν
2879 4363 3081 4433 ἡδονῶν
3105 4363 3333 4434 κόσμον,
3361 4364 3458 4418 καὶ
3494 4361 3622 4417 λίθοι
3640 4359 3793 4430 τίμιοι,

2277 4455 2374 4509 καὶ
2430 4457 2821 4527 μαργαρείται,
2855 4455 2946 4510 ἵνα
2975 4456 3068 4509 καὶ
3105 4455 3309 4526 μᾶλλον
3338 4451 3449 4509 εἷεν
3509 4449 3794 4523 ὲπαγωγόιε-

2280 4542 2517 4620 ραι.Ἧν
2545 4547 2602 4601 δὲ
2630 4547 2727 4600 καὶ
2749 4546 2931 4601 αύλῶν
2956 4547 3200 4611 ἀκούειν,
3237 4549 3332 4602 καὶ
3360 4546 3633 4620 σύριγγος,
3649 4541 3793 4614 μέλους

2275 4656 2338 4692 τε
2394 4637 2654 4710 μουσικοῦ
2689 4639 2893 4703 παντὸς
2939 4657 2952 4670 ·
3005 4638 3082 4702 ὡς
3128 4639 3405 4710 θυγατέρα
3442 4657 3507 4693 τε
3552 4637 3640 4708 τὴν
3663 4637 3793 4704 diu?

589 4750 716 4792 cum
745 4736 1046 4793 comitibus
1081 4737 1219 4803 suis,
1253 4738 1323 4793 ad
1352 4738 1754 4808 turpitudinem
1806 4738 2064 4794 homines
2094 4740 2174 4794 al-

2279 4732 2403 4785 τίαν
2431 4730 2702 4785 συνοῦσαν
2725 4733 2840 4794 τοῖς
2864 4729 3086 4799 ὀλεθρία
3111 4731 3526 4801 δελεαζομένοις
3551 4747 3566 4762 ο
3589 4728 3690 4784 ἐκεί
3721 4739 3789 4777 πε-

592 4827 946 4882 licientibus:
974 4828 1088 4884 illic
1113 4825 1456 4884 curiositatis
1496 4829 1886 4900 nequitiaeque.
1919 4830 2013 4886 hic
2057 4830 2168 4885 dif-

591 4919 852 4985 fidentiae,
907 4920 1123 4976 inertiae
1154 4928 1213 4976 et
1239 4921 1539 4978 oblivionis
1575 4923 1804 4993 spiritus
1830 4923 2169 4991 residebant;

589 5010 820 5080 spiritus
839 5021 1025 5068 autem
1053 5013 1300 5069 avaritia;
1345 5013 1588 5070 diductis
1631 5015 1870 5071 immane
1940 5015 2174 5070 rictibus

590 5100 800 5166 hiabat,
821 5103 994 5157 veluti
1028 5120 1138 5158 non
1167 5105 1454 5161 satiandus
1493 5105 1600 5160 nisi
1650 5106 1912 5162 universa
1971 5107 2172 5161 absor-

589 5189 819 5260 psisset;
871 5191 968 5262 qui
1006 5193 1319 5250 istiusmodi
1350 5211 1533 5249 rerum
1563 5196 1776 5266 species
1820 5196 2168 5262 exhibentes,

589 5281 936 5336 conabantur
960 5282 1290 5356 Symeonem
1318 5301 1540 5356 quoque
1579 5286 1648 5341 ad
1680 5303 1739 5343 se
1794 5288 2076 5356 pellicere.
2100 5289 2171 5342 At

590 5373 678 5428 ille
700 5375 984 5431 consuetis
1010 5375 1202 5439 armis,
1228 5377 1454 5432 salutari
1483 5377 1612 5434 Iesu
1629 5379 1853 5434 nomine
1878 5377 2169 5447 crucisque

587 5465 744 5532 s'gno
790 5479 850 5519 se
911 5466 1190 5530 muniens,
1253 5466 1511 5522 universa
1581 5467 1875 5524 confestim
1949 5479 2166 5539 spectra

666 5619 682 5650 ⁸
714 5620 854 5677 Cen.
881 5639 954 5688 Ix,
989 5624 1040 5677 5.

1121 5626 1140 5654 ’
1175 5624 1317 5679 Psal.
1370 5641 1552 5689 cxvm,
1585 5624 1676 5679 98.
1756 5626 1777 5657 ³
1809 5626 1966 5682 Joan.
2001 5643 2112 5695 ενι,
2142 5627 2233 5684 5'5.

2279 4821 2528 4894 ριεργίας
2588 4821 2806 4894 πνεῦμα
2866 4824 2962 4876 καὶ
3026 4825 3314 4894 πονηρίας.
3378 4823 3529 4876 Ἐκεί
3566 4815 3789 4876 ἀπειθείας

2278 4914 2373 4968 καὶ
2403 4913 2680 4985 ῥᾳθυμίας
2704 4915 2800 4969 καὶ¹
2825 4913 3021 4986 λήθης,
3054 4915 3117 4969 τὸ
3144 4915 3202 4969 δὲ
3226 4916 3329 4985 τῆς
3359 4911 3702 4987 φιλαργυρίας
3722 4905 3781 4958 καὶ

2278 5005 2399 5060 λίαν
2455 5006 2687 5078 φοϐερὸν
2736 5006 3010 5078 ὲκεχῄνει,
3045 5005 3238 5078 ὥσπερ
3303 5007 3414 5060 οὐδ’
3447 5008 3515 5061 ἂν
3565 5005 3610 5058 εί
3659 5000 3786 5054 πάντα

2280 5095 2541 5150 καταπίοι
2568 5095 2928 5166 χορτάζεσθαι
2961 5096 3177 5166 μάλλον.
3206 5096 3391 5150 Ταῦτα
3417 5097 3584 5160 οὕτως
3627 5089 3787 5161 ὁρώμε-

2276 5207 2363 5254 να,
2400 5190 2494 5242 καί⁵
2521 5187 2778 5258 τοιαύτην
2803 5188 3108 5258 φαντασίαν
3135 5188 3511 5243 ἐπιδεικνύντα
3535 5233 3548 5254 ,
3572 5180 3784 5252 ἐπαγαῐῦ

2277 5282 2403 5335 σθαι
2437 5282 2575 5352 πρὸς
2609 5282 2779 5336 ἑαυτὰ
2801 5283 2897 5335 καὶ
2928 5282 3020 5335 τὸν
3051 5281 3275 5352 Συμεὼν
3302 5285 3556 5350 ἐπειρᾶτο
3585 5297 3600 5310 ·
3628 5277 3716 5332 ὁδὶ
3733 5270 3786 5341 τῷ

2277 5373 2495 5445 συνήθει
2527 5375 2625 5428 καὶ
2655 5374 2755 5428 σὺν
2778 5373 2928 5443 ὅπλῳ
2956 5413 2972 5440 ,
3007 5376 3074 5446 τῇ
3099 5375 3194 5428 τοῦ
3234 5375 3473 5444 Χριστοῦ
3509 5370 3784 5445 φραξάμενος

2275 5468 2582 5540 ἐπικλήσει,
2608 5469 2710 5542 τήν
2736 5488 2794 5523 τε
2829 5470 2924 5523 τοῦ
2950 5467 3185 5538 σταυροῦ
3228 5468 3498 5539 σφραγῖδα
3552 5466 3648 5528 τοῖς
3691 5456 3782 5512 0εᾶ

665 5776 740 5847 (6)
786 5777 866 5834 Ex
895 5781 1146 5838 versione
1171 5781 1328 5846 LXX,
1361 5801 1521 5856 quam
1572 5785 1776 5856 ubique
1801 5785 1960 5841 citari
1990 5786 2044 5840 in
2075 5785 2180 5843 hac
2224 5785 2337 5842 lita
2362 5802 2512 5843 more
2542 5788 2880 5856 Graecorum,
2918 5796 3164 5844 notatum
3211 5787 3397 5842 velim.

1734 3348 2016 3418 Conﬁdite,
2076 3367 2170 3421 ego

2277 3349 2626 3414 άποστόλοιςο
2669 3349 2984 3420 Θαρσεῖτε,
3018 3349 3223 3416 εἰπὼν,
3265 3351 3382 3422 ἐγὼ
3421 3355 3703 3420 νενίκηκα
3732 3350 3810 3405 τὸν
