3988 6494
130 376 271 439 3005

1161 384 1334 444 VlTA
1370 385 1418 445 Α
1456 385 1892 449 NICEPHORO
1928 390 2411 455 CONSCRIPTA-

3237 400 3376 463 3006

132 504 303 557 μασιν
318 488 565 552 ἐκείνοις
594 490 892 557 ἐπιϐαλὼν,
917 489 1115 545 αὐτίκα
1148 494 1323 548 πάντα
1346 495 1699 563 διασκεδάζει,

1812 500 2063 573 dissipat,
2114 504 2581 575 quemadmodum
2628 507 2878 578 dissipari
2922 510 3161 565 tenebrae
3199 516 3375 570 solent

127 580 392 650 καθάπερ
418 597 472 634 τι
505 581 694 643 σκότος
723 582 918 651 αὐγαῖς
948 584 1101 654 ἡλίου
1124 585 1463 641 διαλυθέντα.

194 681 268 728 κ’.
291 675 463 728 Μετά
520 660 704 742 μέντοι
750 677 849 740 τὰς
893 678 1185 740 νυκτὼδεις
1218 680 1309 731 καὶ
1332 680 1521 744 νυκτὸς
1554 680 1711 745 ἀξίας

129 761 440 825 φαντασίας
492 761 708 825 ὲκείνας
761 764 1096 835 τελεωτέρας
1139 762 1290 828 αὖθις
1334 768 1653 838 ὲλλάμψεως
1682 772 1711 823 6

128 848 359 919 Συμεὼν
410 850 657 916 ἀξιοῦται
681 871 699 885 ο
726 854 852 907 δπεὶ
899 857 991 908 καὶ
1023 857 1137 924 φῶς
1181 858 1494 913 ἀκολουθεῖν
1543 864 1713 930 ἀναγ-

129 944 281 995 καῖον
313 980 331 1006 ,
368 943 561 1008 σκότος
625 946 1080 1017 ὑποχωρήσαντος
1106 990 1119 1003 .
1186 952 1492 1015 Ἀντενίσας
1543 955 1653 1023 γὰρ
1690 992 1706 1017 ,

128 1029 253 1084 ναὸν
284 1032 400 1103 δρᾷ
417 1034 557 1088 θετον
579 1036 662 1098 εἰς
692 1037 941 1106 οὐρανὸν,
965 1036 1090 1104 δόξα
1109 1056 1169 1092 τε
1192 1041 1355 1094 αὑτὸν
1378 1042 1587 1095 ἐκεῖθεν
1614 1043 1708 1096 εὐ-

129 1122 225 1185 θὺς
253 1123 606 1196 περιέλαμψε
644 1141 660 1157 ⁸
693 1127 787 1180 καί
833 1145 917 1191 τις
968 1128 1076 1182 τῶν
1132 1136 1506 1205 πατριαρχῶν,
1536 1134 1709 1207 μύρον

128 1214 225 1284 ήδύ
260 1232 316 1269 τι
355 1219 460 1271 καὶ
486 1218 627 1272 θεῖον
654 1220 857 1284 ἀπόζον
883 1223 942 1273 ὲν
974 1225 1158 1293 χεροῖν
1183 1224 1344 1295 ἔχων,
1373 1229 1709 1296 ἀποσταγεὶς

130 1309 267 1379 πρὸς
293 1309 467 1363 αὐτὸν
496 1312 589 1364 καὶ
617 1315 943 1383 σφραγίσας,
976 1316 1193 1388 ἔχρισεν
1223 1320 1393 1374 εἰπών
1416 1338 1431 1351 ’
1493 1323 1580 1375 Ἐν
1630 1322 1709 1393 τῷ

131 1396 290 1468 μύρῳ
317 1398 503 1469 τούτῳ
539 1400 751 1466 διώξεις
802 1406 929 1469 τοὺς
960 1407 1238 1477 δαίμονας,
1264 1406 1417 1461 Θείαν
1457 1424 1516 1460 τε
1546 1407 1706 1461 δύνα-

130 1508 222 1560 μιν
247 1490 310 1555 ἑξ
333 1490 511 1561 ὕψους
538 1495 597 1546 ἐν
622 1495 785 1563 ὀσφύϊ
827 1499 1295 1569 περιζωσάμενος,
1320 1500 1483 1560 κενάς
1528 1501 1708 1554 αὐτῶν

127 1576 229 1640 τὰς
257 1580 578 1648 προσϐολὰς
605 1583 701 1635 καὶ
728 1584 828 1648 τὰς
852 1586 1145 1651 ἐπιϐουλάς
1172 1590 1465 1654 ἀποδείξει.
1500 1590 1704 1661 θάρσει

126 1671 449 1741 τοιγαροῦν,
479 1675 752 1738 πεποιθὼς
785 1680 849 1747 τῇ
874 1680 969 1731 τοῦ
1002 1682 1328 1750 ποιήσαντός
1361 1700 1421 1734 σε
1445 1682 1702 1753 σφραγῖδι

126 1762 370 1830 Χριστοῦ
400 1778 415 1792 ·
443 1765 544 1818 οὐκ
606 1767 879 1839 ὠφελήσει
925 1771 1033 1840 γάρ
1091 1771 1285 1842 ἐχθρὸς
1328 1774 1422 1827 ἐπί
1469 1774 1706 1839 σοι,κώ⁵

128 1850 236 1913 υἱὸς
270 1852 511 1923 ἀνομίας
541 1856 601 1908 οὐ
630 1857 929 1928 προσθήσει
959 1861 1206 1916 κακῶσαί
1236 1880 1315 1916 σε.

194 2029 301 2083 κα’.
342 2030 641 2097 Τοιαύταις
689 2036 719 2088 6
770 2036 909 2101 θεῖος
961 2040 1185 2109 Συμεὼν
1228 2043 1498 2114 ὲνετρύφα
1552 2046 1701 2118 παρά

126 2119 255 2173 Θεοῦ
292 2120 579 2194 θεωρίαις,
612 2127 882 2198 τοσαύτης
911 2129 1117 2185 ἐκεῖθεν
1150 2133 1285 2203 πρὸς
1316 2136 1443 2198 τοὺς
1472 2140 1702 2208 ἀσκητι-

128 2213 252 2276 κοὺς
275 2214 503 2281 ἀγῶνας
528 2217 749 2286 ἠξίωτο.
786 2220 966 2293 "Art-ep
993 2223 1094 2277 οὑκ
1113 2224 1353 2296 ἐλελήθει
1384 2228 1477 2282 τὸν
1521 2229 1704 2285 Ἰωάν-

127 2316 252 2367 νην·
287 2301 367 2363 ὡς
408 2302 523 2374 γὰρ
556 2305 665 2359 τῶν
692 2308 888 2362 ἑαυτοῦ
928 2312 1104 2380 φύντα
1151 2314 1494 2386 σπλάγχνων,
1530 2320 1702 2385 οὕτως

128 2391 271 2459 ἑώρα
297 2392 395 2445 τὸν
425 2394 673 2464 Συμεὼν,
704 2399 795 2452 διά
819 2400 879 2453 τὸ
909 2401 1043 2455 πολὺ
1073 2405 1167 2457 καὶ
1197 2407 1327 2477 παρ’
1352 2408 1569 2479 ἠλικίαν
1602 2412 1702 2481 τῆς

126 2484 345 2554 ἀρετῆς,
400 2487 499 2539 καὶ
542 2489 833 2557 μανθάνειν
866 2492 1086 2546 τάκατ⁹
1124 2496 1288 2549 αὐτὸν
1336 2500 1464 2569 περὶ
1503 2504 1701 2566 παντὸς

128 2576 382 2636 ἐποιεῖτο.
411 2572 496 2641 οἷς
521 2578 792 2632 ἀκόλουθα
817 2580 988 2652 δήπου
1016 2585 1108 2637 καὶ
1130 2586 1196 2639 τὰ
1219 2586 1365 2657 ἑξῆς.
1404 2590 1567 2662 ’Δνὴρ
1593 2594 1701 2665 γάρ

131 2681 210 2727 τις
263 2669 606 2739 παρειμένος
655 2670 745 2737 τὸν
776 2671 941 2745 νίσχὺν
979 2676 1073 2727 καὶ
1115 2678 1305 2747 χρόνον
1341 2680 1442 2752 ήδη
1483 2686 1698 2753 συχνὸν.

126 2753 335 2819 ὀδύναις
365 2775 429 2810 τε
456 2757 616 2812 τοῦτο
652 2756 907 2839 δρῇρξίαις
936 2763 1283 2836 βαλλόμενος,
1329 2771 1406 2835 ὡς
1440 2775 1561 2842 μηδ’
1590 2770 1702 2841 οἶός

128 2863 181 2898 τε
235 2844 383 2902 εἶναι
444 2856 786 2908 παντάπασιν
834 2859 1131 2928 ἀνακύψαι,
1166 2867 1407 2934 συνεχῶς
1453 2872 1516 2939 τῇ
1562 2875 1697 2944 μονῇ

125 2939 341 3035 φοιτῶν,
386 2944 486 3035 τήν
521 2962 581 3035 τε
620 2947 779 3017 ξένην
812 2949 905 3002 τοῦ
934 2951 1156 3022 Συμεὼν
1182 2956 1240 3009 ἐν
1262 2957 1447 3029 ἡλικίᾳ
1470 2939 1695 3035 τοιαύτη

126 3028 407 3120 πολιτείαν
430 3033 594 3104 ὁρῶν,
620 3037 867 3092 πείθεται
888 3041 988 3112 τήν
1013 3044 1213 3116 ψυχὴν,
1247 3047 1323 3111 ὡς
1350 3028 1508 3120 εἴπερ
1544 3028 1701 3119 οὗτος

1808 593 2020 665 fulgore
2049 597 2200 651 solis.

1790 702 1809 721 ·-
1877 686 1965 740 20.
1992 686 2274 759 Lucifugis
2305 689 2459 745 hisce
2485 691 2885 762 nocturnisque
2920 694 3232 751 visionibus
3261 697 3376 752 dis-

1809 776 2008 839 cussis,
2027 778 2241 832 meliori
2276 779 2459 835 denuo
2503 781 2868 838 illustratione
2930 785 3125 856 dignus
3161 788 3375 857 judica-

1812 874 1936 931 tur;
1992 870 2237 925 tenebris
2276 872 2480 941 quippe
2527 873 2775 942 depulsis
2813 874 2999 931 lumen
3078 880 3375 936 succedere

1810 975 2031 1016 necesse
2057 972 2161 1017 est.
2177 962 2308 1017 Nam
2330 965 2459 1018 dum
2485 965 2603 1019 lixis
2630 966 3155 1036 templumﬁntuetur
3176 972 3372 1035 oculis,

1809 1050 1962 1108 videt
1990 1053 2085 1108 Dei
2116 1056 2458 1124 majestatem
2484 1056 2538 1110 in
2565 1057 2740 1111 caelo:
2790 1060 3167 1129 continuoque
3202 1062 3374 1131 gloria

1808 1143 1937 1200 inde
1986 1144 2187 1200 diffusa
2249 1144 2575 1216 Symeonem
2631 1147 3020 1211 circumfulsit,
3042 1157 3099 1203 et
3143 1149 3377 1217 patriar-

1808 1239 2036 1289 charum
2068 1234 2344 1304 quispiam
2372 1246 2736 1305 unguentum,
2756 1238 2902 1307 quod
2936 1255 3104 1294 suave
3138 1256 3203 1294 ac
3233 1241 3378 1294 divi-

1808 1324 2243 1395 numquidpiam
2275 1326 2582 1390 redolebat,
2620 1328 2873 1383 manibus
2906 1330 3216 1398 praelatum,
3251 1339 3378 1400 gut-

1812 1416 1966 1471 tatim
2006 1416 2217 1471 stillare
2247 1416 2398 1480 facit,
2432 1418 2698 1485 unxitque
2760 1419 2963 1487 ipsum.
3026 1421 3251 1475 dicens:
3319 1422 3375 1475 ln

1807 1507 2016 1562 virtute
2047 1508 2214 1579 hujus
2245 1508 2512 1579 unguenti
2550 1508 2767 1578 fugabis
2817 1511 3114 1575 daemonas,
3162 1512 3380 1566 divino-

1808 1612 1915 1668 que
1966 1599 2168 1654 robore
2187 1600 2257 1654 ab
2318 1600 2534 1655 excelso
2584 1600 2789 1655 lumbis
2826 1602 3126 1666 accinctus,
3176 1603 3368 1659 inanes

1808 1690 2053 1760 ipsorum
2075 1706 2198 1746 esse
2236 1691 2475 1759 impetus
2496 1690 2832 1760 insidiasque
2857 1692 3377 1748 ostendes.Conﬁdc

1810 1781 2002 1851 igitur,
2024 1795 2255 1851 sperans
2289 1781 2344 1834 in
2374 1779 2605 1844 Christi,
2643 1782 2737 1851 qui
2782 1790 2834 1837 te
2889 1785 3119 1848 ereavit,
3171 1785 3326 1854 signo
3361 1801 3375 1838 :

1807 1888 1917 1927 non
1949 1872 2096 1927 enim
2126 1871 2382 1941 proﬁciet
2413 1872 2673 1928 inimicus
2698 1874 2753 1927 in
2780 1883 2852 1939 te,
2884 1883 2940 1929 et
2974 1874 3120 1930 ﬁlius
3168 1877 3379 1947 iniqui-

1807 1967 1934 2018 tatis
1960 1977 2071 2016 non
2099 1971 2342 2032 apponet
2368 1978 2569 2018 nocere
2600 1964 2724 2019 tibi.

1876 2053 1965 2108 21.
1996 2053 2313 2109 Istiusmodi
2344 2055 2638 2111 submissis
2660 2073 2692 2111 a
2726 2057 2841 2112 Deo
2897 2060 3231 2128 spectaculis
3283 2076 3371 2116 re-

1803 2146 2095 2203 creabatur
2120 2146 2380 2218 Symeon,
2404 2150 2959 2220 praeveniebaturque
3006 2153 3241 2221 gratuita
3272 2154 3376 2209 bac

1803 2236 2209 2301 benevolentia,
2240 2247 2303 2292 ut
2326 2254 2426 2308 par
2447 2240 2699 2295 ascetica:
2724 2241 2853 2295 vitae
2877 2241 3163 2298 laboribus
3214 2254 3376 2312 atque

1802 2330 2205 2386 certaminibus
2263 2330 2437 2386 ﬁeret.
2471 2333 2652 2401 Atque
2714 2333 2803 2387 illa
2850 2332 3117 2387 Joannem
3152 2335 3376 2388 minime

1800 2419 2113 2489 fugiebant:
2136 2422 2341 2492 quippe
2373 2421 2698 2494 Symeonem
2732 2434 2957 2493 propter
2982 2424 3215 2493 plurima
3242 2441 3378 2495 pra:—

1802 2511 2197 2581 stantioraque,
2248 2528 2411 2582 quam
2431 2514 2484 2566 in
2507 2514 2599 2568 illa
2618 2521 2776 2568 aetate
2800 2516 2983 2569 solent
3015 2516 3222 2579 inesse,
3256 2516 3343 2568 vir
3363 2547 3375 2559 -

1803 2609 1983 2655 tutum
2022 2601 2247 2667 decora,
2281 2619 2392 2657 non
2426 2620 2586 2659 secus
2637 2604 2964 2659 observabat
3012 2621 3174 2675 quam
3204 2605 3373 2660 ﬁlium

1801 2707 1869 2746 ex
1897 2706 1956 2747 se
1986 2703 2340 2764 prognatum,
2380 2694 2894 2765 instituendumque
2920 2696 3153 2750 curabat
3195 2696 3376 2751 omni-

1801 2784 1928 2851 bus,
1954 2799 2079 2854 qua:
2125 2785 2192 2839 ad
2235 2787 2415 2854 ipsum
2479 2781 2834 2854 spectabant:
2884 2804 3122 2857 quorum
3185 2790 3375 2858 utique

1799 2876 2035 2931 ell'ectus
2084 2884 2214 2931 sunt
2271 2890 2395 2943 quae
2440 2877 2866 2931 subnectuntur.
2911 2876 3008 2929 Vir
3066 2877 3289 2946 quidam
3343 2893 3375 2932 a

1799 2968 1966 3040 longo
1988 2969 2098 3038 jam
2129 2975 2377 3037 tempore
2402 2968 2616 3023 viribus
2653 2968 2975 3030 destitutus.
3037 2970 3376 3039 gravissimis

1802 3062 2156 3131 premebatur
2191 3060 2508 3124 doloribus;
2546 3075 2649 3112 nec
2693 3061 2801 3113 ulla
2859 3063 3086 3115 omnino
3124 3063 3373 3117 adhibita

125 3119 259 3191 ὑπὲρ
284 3123 462 3240 αὐτοέ
492 3125 732 3199 δεηθείη,
773 3131 903 3199 ὑγιᾶ
939 3134 1099 3190 πάλιν
1137 3138 1299 3192 αὐτὸν
1338 3139 1413 3205 ὡς
1442 3119 1537 3197 κειι
1563 3146 1695 3216 πρόο

1803 3119 2077 3206 inedicina
2125 3159 2340 3221 poterat
2365 3152 2570 3206 levari:
2623 3152 2865 3220 dumque
2907 3152 3205 3206 identidem
3257 3168 3376 3206 mo-

320 3216 363 3268 ὁ
412 3216 541 3281 Θεὸς
594 3220 1038 3296 ἀποκαταστήσει
1060 3245 1076 3261 ο
1132 3230 1225 3282 καὶ¹
1281 3234 1559 3302 προελθὼν
1617 3240 1694 3308 τῷ

139 3304 359 3379 Ἰωάννῃ
394 3308 562 3364 δεῖται
592 3312 810 3385 θερμῶς
863 3317 1117 3390 δεηθῆναι
1175 3324 1339 3379 πάλιν
1366 3328 1528 3381 αὑτὸν
1557 3304 1699 3382 ὲκεί-

130 3412 215 3451 νου
256 3402 668 3470 προσεύξασθαι
708 3410 838 3479 περὶ
873 3411 1061 3468 αὐτοῦ.
1101 3414 1159 3467 '0
1191 3417 1291 3486 μὲν
1319 3418 1410 3472 οὖν
1448 3421 1699 3491 Ἰωάννης

131 3491 258 3561 πρὸς
282 3495 354 3547 τὸ
379 3495 472 3549 τοῦ
503 3499 695 3570 ἀνδρὸς
723 3502 895 3566 πάθος
927 3505 1209 3578 σπλάγχνα
1254 3511 1463 3576 παθὼν,
1496 3518 1564 3584 τῇ
1604 3516 1701 3584 βά-

133 3597 207 3634 σει
257 3591 610 3659 παραστῆναι
650 3591 745 3645 τοῦ
792 3595 1016 3670 Συμεὼν
1060 3602 1431 3667 παραγγέλλει
1459 3620 1474 3636 ’
1510 3606 1699 3661 ἔπειτα

132 3683 407 3745 παραινεῖ,
462 3683 817 3752 συμϐουλεύει
874 3688 953 3757 τῷ
1007 3690 1251 3758 Συμεὼν,
1299 3695 1484 3765 ἱκέτης
1534 3699 1697 3752 αὐτοῦ

131 3766 282 3823 πάλιν
318 3772 534 3835 ἐκεῖνος
564 3776 793 3841 γίνεται,
829 3778 905 3847 μὴ
940 3781 1081 3834 οὕτω
1112 3784 1356 3853 σφοδρῶς
1397 3787 1698 3859 ἀλγυνομέ-

79 3924 85 3929 ,
131 3874 214 3953 νου
240 3862 338 3953 τού
371 3864 671 3933 κάμνοντος
702 3870 997 3937 ὑπεριδεῖν,
1026 3874 1139 3927 ἀλλ’
1181 3876 1438 3943 εὔξασθαί
1468 3898 1526 3933 τε
1558 3882 1698 3953 ὑπὲρ

129 3952 433 4009 αὑτοῦκαὶ
473 3961 662 4028 χεῖρας
712 3961 862 4030 αὐτῷ
908 3964 1199 4021 ἐπιθεῖναι.
1254 3969 1313 4021 '0
1363 3970 1420 4023 δὲ
1454 3972 1547 4024 καὶ
1579 3952 1698 4026 λίαν

130 4040 435 4109 ἀχθεσθεὶς,
461 4047 783 4118 ἁμαρτωλὸν
820 4051 1009 4107 ἑαυτὸν
1038 4055 1240 4121 ὲδιάλει,
1271 4060 1365 4111 καὶ
1402 4060 1477 4123 ὡς
1513 4062 1698 4129 μεῖζον

130 4131 160 4198 ἢ
186 4135 323 4189 κατά
355 4137 454 4201 τὴν
478 4138 644 4191 αύτιιῦ
681 4140 928 4210 δύναμιν,
960 4145 1021 4197 τὸ
1058 4148 1339 4217 ἐπίταγμα
1376 4155 1693 4225 παρῃτεῖτο.

144 4221 286 4277 Ἐπεὶ
328 4226 389 4279 δὲ
428 4228 456 4280 ὁ
500 4228 751 4298 Ἰωάννης
796 4234 937 4285 κατὰ
967 4234 1077 4287 τῶν
1107 4238 1204 4289 σὺν
1233 4240 1381 4309 αύτῷ
1401 4221 1692 4305 οὒκ-ἀνίει,

131 4313 256 4403 ἀλλὰ
310 4316 644 4389 θερμότερον
698 4322 780 4375 ἔτι
839 4326 1037 4392 μᾶλλον
1097 4329 1397 4396 ἐπέκειντο,
1447 4333 1546 4403 ὀψὲ
1602 4335 1697 4388 καὶ

133 4401 368 4491 βραδέως
401 4409 664 4473 πεισθεὶς,
694 4415 850 4483 χεῖρά
901 4433 961 4467 τε
1012 4417 1089 4486 τῷ
1146 4420 1408 4489 πάσχοντι
1464 4401 1693 4491 ἐπιθεὶς,

1801 3240 2103 3295 nasterium
2152 3239 2488 3308 frequentat,
2538 3238 2930 3308 insolitamque
2975 3242 3263 3310 Symeonis
3312 3244 3367 3296 in

1800 3340 1959 3386 aetate
1998 3329 2397 3399 perfectionem
2432 3338 2609 3393 notat,
2653 3328 2907 3383 ﬁduciam
2952 3332 3211 3400 concepit
3250 3331 3370 3388 fore

1801 3432 1862 3477 ut
1891 3424 2036 3477 Deus
2063 3422 2307 3491 pristinae
2339 3436 2398 3476 se
2424 3420 2728 3477 valetudini
2760 3422 3039 3484 restituat,
3065 3424 3107 3476 si
3137 3423 3370 3494 Symeon

1800 3499 2126 3581 deprecator
2168 3511 2569 3566 intercedebat.
2623 3509 2812 3580 Itaque
2853 3511 3120 3567 Joannem
3179 3514 3375 3568 adiens

1800 3604 1958 3659 enixe
1986 3612 2159 3673 rogat,
2192 3602 2518 3673 Symeonem
2546 3603 2807 3672 precibus
2822 3604 2939 3657 suis
2964 3618 3192 3659 exorare
3221 3606 3372 3671 velit,

1802 3704 1862 3749 ut
1895 3711 1995 3765 pro
2045 3710 2103 3750 se
2134 3695 2340 3749 misero
2368 3695 2677 3750 intercedat
2709 3694 2854 3765 apud
2882 3696 3077 3750 Deum.
3108 3698 3369 3764 Joannes,

1805 3797 2105 3854 conspecto
2140 3784 2248 3837 viri
2273 3785 2473 3840 affecto
2497 3799 2750 3854 corpore,
2775 3786 3256 3843 commiseratione
3303 3797 3377 3843 ta-

1799 3887 1940 3940 ctus.
1968 3877 2167 3932 adduci
2192 3877 2260 3931 ad
2276 3877 2588 3931 columnam
2613 3878 2901 3948 Symeonis
2924 3878 3368 3949 ipsumimperat;

1802 3968 2003 4023 deinde
2035 3968 2258 4022 hortatu
2287 3982 2585 4036 suasuque,
2634 3969 2866 4037 supplex
2922 3968 3112 4024 denuo
3167 3970 3369 4038 factus,

1802 4060 2069 4114 inducere
2108 4058 2291 4113 virum
2319 4066 2571 4114 sanctum
2599 4068 2857 4123 conatur,
2890 4071 2950 4115 ut
2978 4077 3049 4116 ne
3102 4061 3374 4133 despiciat

1802 4158 1908 4207 tam
1932 4150 2172 4222 graviter
2200 4149 2566 4215 laborantem,
2595 4150 2690 4206 sed
2712 4166 2911 4221 preces
2942 4167 3047 4223 pro
3103 4154 3222 4224 ipso
3246 4156 3373 4210 fun-

1799 4244 1894 4298 dat
1917 4258 2226 4313 manusque
2258 4243 2522 4313 imponat.
2550 4243 2604 4298 ls
2629 4253 2817 4298 autem
2845 4246 3236 4302 molestissime
3266 4248 3373 4303 hoc

1798 4335 2004 4398 ferens,
2038 4343 2389 4404 peccatorem
2416 4349 2477 4390 se
2497 4335 2879 4404 nuncupabat,
2914 4337 3367 4407 mandatumque,

1799 4427 1947 4497 quod
1978 4426 2129 4482 vires
2159 4442 2288 4482 suas
2318 4427 2588 4482 excedere
2612 4428 2923 4496 inquiebat,
2943 4428 3368 4499 deprecabatur.

132 4490 218 4589 καὶ
265 4493 391 4546 ὅλον
433 4494 621 4549 ἑαυτὸν
663 4500 743 4562 είς
779 4502 944 4571 εὐχὴν
983 4504 1302 4576 ἐπιτρέψας·
1346 4510 1486 4578 Ἐγὼ
1528 4514 1629 4583 μὲν

1801 4519 2043 4589 Cumque
2067 4519 2310 4574 Joannes
2335 4534 2460 4573 cum
2520 4518 2636 4573 suis
2686 4519 2827 4573 nihil
2879 4521 3212 4585 remitteret,
3261 4522 3371 4576 imo

130 4578 448 4674 ἁμαρτωλὸς
470 4591 772 4659 σφραγίζω,
798 4593 924 4663 ἔφη,
958 4599 1024 4665 τῇ
1042 4595 1135 4649 τοῦ
1150 4598 1384 4668 Χριστοῦ
1415 4578 1691 4674 σφραγῖδι,

128 4672 263 4725 κατά
289 4675 350 4728 δὲ
375 4677 474 4747 τὴν
499 4679 679 4734 πίστιν
707 4684 861 4753 ὑμῶν
883 4687 1167 4759 γενηθήτω
1187 4690 1263 4759 τῷ
1282 4672 1544 4763 πάσχοντι
1558 4672 1583 4729 οῖ
1602 4699 1696 4751 καὶ⁹

132 4770 467 4865 παραχρῆμα
527 4773 820 4865 θεραπείας
856 4779 1053 4851 τυχὼν,
1101 4784 1332 4856 ἀπῆλθε,
1383 4789 1558 4844 λαλῶν
1599 4792 1696 4865 ὅλῃ

130 4853 337 4930 γλώττῃ
365 4860 463 4925 τάς
500 4863 596 4916 τοῦ
627 4865 764 4920 Θεοῦ
793 4868 1135 4938 δυναστείας.

195 5119 295 5189 κβπ
344 5119 477 5189 Εἶτα
504 5128 835 5196 προσάγεται
892 5149 976 5197 τις
1019 5137 1168 5205 αὐτῷ
1199 5139 1465 5208 δαιμονῶν
1488 5161 1501 5174 -
1540 5146 1631 5196 καὶ
1665 5149 1694 5197 6

134 5210 224 5303 μὲν
273 5212 480 5284 δαίμων
522 5217 614 5269 τὸν
661 5220 884 5290 Συμεὼν
928 5226 1134 5283 αὐτίκα,
1176 5228 1693 5303 ίδὼν,,άφαρπάσας

132 5299 370 5369 ἐλεεινῶς
398 5306 488 5360 τὸν
515 5309 799 5381 ἄνθρωπον
832 5316 938 5368 τῶν
964 5318 1124 5373 αὐτὸν
1151 5299 1506 5390 κατεχόντων,
1530 5328 1609 5390 εἰς
1634 5299 1693 5379 ὃν

135 5392 330 5460 ἐκεῖνος
354 5395 425 5472 ἦν
447 5402 693 5466 ἐνοικῶν,
716 5405 820 5459 ἀνὰ
841 5407 937 5471 τὰς
958 5410 1194 5481 ἐρήμους
1226 5413 1321 5466 τοῦ
1348 5415 1506 5487 ὄρους
1527 5418 1692 5488 ἠλαύ-

134 5500 267 5542 νετο.
302 5494 358 5546 Ὀ
389 5495 614 5564 Συμεὼν
644 5498 700 5550 δὲ
727 5497 821 5551 τοῦ
852 5501 1145 5570 πάσχοντος
1166 5500 1344 5561 οἶκτον
1366 5508 1566 5575 λαϐὼν,
1598 5513 1691 5566 καὶ

132 5581 309 5672 τοῦτον
339 5586 398 5639 ἐν
426 5588 651 5656 ὀνόματι
687 5592 892 5662 Κυρίου
926 5595 1178 5663 καλέσας,
1205 5600 1562 5672 ἀναστρέφειν
1594 5623 1689 5659 κε-

131 5674 300 5728 Αεόει·
347 5681 439 5732 καὶ
496 5680 577 5745 ὃς,
631 5683 747 5754 ἅμα
800 5690 865 5757 τῇ
908 5689 1096 5760 κὶήσει
1148 5695 1331 5763 παρῆν
1370 5697 1516 5767 αύτῴ
1551 5716 1692 5770 παρ’

132 5769 308 5835 εςτώς.
349 5775 408 5830 '0
443 5776 500 5831 δὲ
526 5777 603 5849 τῷ
633 5778 845 5852 δαίμονι
871 5782 1072 5850 εὐθέως
1105 5789 1455 5862 ἐπιτιμήσας,
1503 5797 1603 5863 τήν
1632 5816 1689 5852 τε

1793 4608 1963 4664 etiam
1992 4608 2154 4678 longe
2180 4608 2469 4662 ardentius
2528 4608 2763 4663 instaret
2793 4649 2809 4673 ,
2876 4611 2968 4664 vix
3007 4612 3228 4666 tandem
3264 4614 3337 4667 ali

1795 4701 2018 4772 quando
2047 4708 2328 4763 exoratus,
2349 4714 2497 4769 aegre
2552 4700 2776 4755 babenti
2816 4717 3013 4756 manus
3077 4704 3366 4771 imposuit,

1796 4808 1966 4863 seque
2001 4792 2140 4847 dans
2173 4800 2352 4845 totum
2385 4791 2664 4845 orationi:
2716 4791 2858 4861 Ego,
2916 4793 3116 4862 inquit,
3168 4810 3370 4863 pecea-

1796 4892 1885 4938 tor
1942 4881 2123 4937 formo
2172 4881 2387 4951 signum
2416 4881 2670 4948 Christi;
2729 4882 2808 4936 uti
2875 4884 3216 4948 credidistis,
3273 4884 3367 4939 ﬁat

1795 4974 2109 5045 aegrotanti.
2146 4972 2253 5039 Qui
2307 4973 2574 5027 continuo
2621 4974 2859 5028 sanitate
2911 4973 3152 5029 donatus
3206 4975 3365 5039 abiit,

1794 5066 2098 5137 potentiam
2131 5064 2228 5119 Dei
2271 5066 2437 5133 pleno
2463 5080 2561 5118 ore
2602 5065 2922 5119 decantatis.

1867 5156 1959 5211 22.
1990 5157 2120 5212 Post
2149 5156 2266 5211 haec
2286 5156 2654 5213 dzemoniacus
2678 5158 2745 5212 ad
2769 5157 3096 5229 Symeonem
3130 5160 3361 5215 adduci-

1796 5256 1885 5303 tur
1916 5266 1931 5303 :
1967 5256 2026 5303 at
2067 5247 2284 5303 daemon
2330 5248 2493 5304 simul
2538 5259 2705 5319 atque
2734 5249 2914 5303 virum
2946 5260 3192 5305 sanctum
3239 5267 3371 5306 con-

1792 5340 1993 5411 spexit,
2014 5352 2263 5410 ereptum
2291 5341 2679 5396 miserabiliter
2702 5357 2732 5395 e
2754 5344 3008 5397 manibus
3040 5339 3367 5408 tenentium,

1794 5447 1959 5502 quem
1990 5431 2287 5497 insidebat,
2319 5430 2597 5487 hominem
2630 5448 2728 5502 per
2756 5442 2975 5488 deserta
3021 5436 3225 5488 montis
3249 5433 3368 5504 agi-

1798 5522 1967 5578 tabat.
2007 5521 2263 5578 Misertus
2313 5537 2449 5592 ergo
2482 5521 2719 5593 Symeon
2764 5523 2836 5577 ita
2887 5523 3106 5592 raptati,
3140 5538 3266 5577 eum
3311 5523 3367 5577 in

1795 5616 2018 5671 nomine
2046 5614 2262 5669 Domini
2304 5623 2557 5669 vocatum
2594 5613 2797 5667 reverti
2823 5613 2981 5683 jubet
3012 5632 3025 5667 :
3055 5614 3145 5669 ille
3178 5622 3363 5669 autem

1795 5722 1934 5777 pene
1981 5707 2166 5770 citius,
2195 5722 2363 5775 quam
2407 5715 2632 5759 vocatus
2677 5715 2843 5765 esset,
2899 5720 2957 5761 se
2983 5720 3167 5759 coram
3200 5704 3360 5761 stitit.

1793 5800 1913 5855 Mox
1958 5799 2043 5854 vir
2094 5800 2184 5855 Dei
2228 5798 2556 5869 increpitum
2605 5798 2931 5863 daemonem,
2983 5801 3138 5871 signo
3181 5798 3364 5855 crucis
