3988 6514
70 381 206 446 σοον

1091 383 1266 445 VITA
1306 381 1352 440 A
1391 371 1830 439 NICEPHORO
1864 370 2351 432 CONSCRIPTA.

3194 364 3338 431 3010

69 508 252 569 utrm,
289 503 473 565 πάσας
499 502 575 563 ὡς
594 500 770 554 ἐδόκει
798 498 981 564 καλῶς
1007 498 1107 563 τὰς
1128 499 1223 552 ὑπ’
1250 496 1416 551 αὑτὸν
1442 495 1652 563 φάλαγο

1788 502 1871 546 tra
1917 491 2106 560 lingua
2156 488 2462 545 December
2500 495 2878 557 nuncupatur,
2935 483 3197 540 omnibus
3254 487 3338 549 (ut

66 613 166 664 γας
221 592 551 665 ἐξαρτύσας,
581 592 812 662 δευτέρᾳ
856 589 1069 660 φυλακῇ
1130 590 1233 659 τῆς
1276 585 1473 650 νυκτὸς
1525 585 1648 637 ἑπι-

68 684 353 756 στρατεύει
382 684 464 756 τῷ
495 682 744 755 Συμεὼν,
786 680 996 736 καὶτὸν
1027 678 1411 749 γεγλυμμένον
1449 676 1650 730 αὐτίκα

70 778 248 849 μόδιον
278 778 432 847 αὐτῷ
483 776 731 848 μηλωτῇ,
768 774 964 844 ἀφίησι
1011 772 1155 827 κατά
1206 769 1303 824 τοῦ
1350 766 1603 839 κρημνοῦ
1631 802 1646 819 .

67 869 227 933 Δεξιά
276 869 334 923 δὲ
383 868 588 940 Κυρίου
638 869 802 930 εὐθὺς
851 866 942 919 ἐπ’
994 865 1182 928 αὐτὸν,
1236 860 1387 926 δεξιά
1442 858 1650 930 Κυρίου

70 962 297 1017 ποιοῦσα
317 962 552 1033 δύναμιν
585 977 602 993 ⁸
632 963 729 1015 καὶ
756 963 783 1015 6
810 961 911 1032 μὲν
932 959 1171 1023 ἀκλινῶς
1197 959 1292 1011 ἐπὶ
1316 959 1416 1027 τῆς
1441 955 1653 1026 βάσεως

68 1054 240 1118 ἑστὼς
257 1056 353 1108 καὶ
383 1054 823 1126 προσευχόμενος
864 1048 954 1123 ἦν·
982 1052 1012 1104 6
1054 1052 1111 1105 δὲ
1145 1050 1388 1121 δμόρους
1426 1046 1534 1101 ἀπὸ
1552 1045 1653 1116 τῆς

69 1146 350 1218 θαλάσσης
376 1149 467 1200 καὶ
491 1146 747 1218 ἀνέμους,
775 1147 872 1199 καὶ
899 1143 1158 1213 τυφῶνας
1185 1144 1281 1197 καὶ
1303 1141 1651 1215 πρηστῆρας,

69 1237 169 1289 καὶ
212 1237 539 1305 καταιγίδας
581 1236 772 1303 ἐκίνει,
813 1235 1095 1308 ἀστραπαί
1145 1250 1206 1287 τε
1254 1233 1511 1305 διάπυροι
1553 1230 1653 1285 καὶ

70 1326 392 1396 φλογὼδεις,
422 1330 518 1382 καὶ
553 1327 776 1400 βρονταὶ
817 1330 1031 1400 βαρεῖαι
1074 1327 1170 1380 καὶ
1219 1326 1448 1396 σκληροὶ
1499 1324 1657 1397 ἐξερ-

70 1420 371 1490 ῥήγνυντο.
408 1419 485 1484 ὡς
533 1421 610 1491 μὴ
638 1420 740 1484 τὰς
797 1420 979 1492 ψυχὰς
1036 1419 1201 1489 μόνον
1256 1415 1657 1487 ἔκτεταράχθαι

67 1510 204 1573 τοὺς
226 1511 497 1582 μοναχοὺς
523 1510 661 1565 ἀλλά
694 1511 791 1566 καὶ
830 1512 901 1565 τά
928 1504 1048 1565 ῶτα
1076 1509 1304 1574 τούτους
1330 1510 1660 1578 ἐκκεκωφω-

72 1597 264 1669 μένοις
312 1600 720 1671 προσεοικέναι.
763 1601 822 1655 ’0
846 1601 946 1673 μὲν
965 1596 1058 1657 οὖν
1094 1600 1326 1673 Συμεὼν
1362 1600 1660 1670 ἀκλόνητός

68 1707 133 1746 τι
162 1692 257 1746 καὶ
282 1692 715 1765 ἀπερίτρεπτος,
741 1694 806 1748 ού
833 1694 993 1764 σῶμα
1030 1694 1213 1766 μόνον,
1234 1692 1372 1748 ἀλλά
1410 1694 1507 1749 καὶ
1533 1693 1659 1747 νοῦν

72 1783 220 1855 πρὸς
245 1783 578 1856 τηλικαύτας
603 1786 789 1841 ἵστατο
815 1785 957 1858 βίας.

148 1967 267 2026 κς’.
299 1962 363 2017 ⁸0
387 1962 446 2017 6's
490 1962 633 2027 θεῖος
671 1964 932 2036 Ἰωάννης
967 1964 1231 2020 ὲκόπτετο
1276 1964 1345 2019 τὰ
1380 1964 1665 2047 σπλάγχνα

74 2052 213 2122 περὶ
249 2052 439 2118 αὑτοῦ,
463 2054 695 2109 ἀστακτὶ
743 2056 998 2127 δακρύων
1021 2099 1036 2123 ,
1067 2056 1165 2111 καὶ
1216 2058 1346 2121 τοὺς
1396 2058 1668 2127 μοναχοὺς
1706 2086 1713 2089 -

76 2143 209 2196 καθ’
242 2143 340 2197 ἱνα
377 2162 437 2197 τε
497 2149 647 2216 κοινῇ
701 2148 1012 2216 συγκαλῶν.
1049 2150 1116 2203 Ol
1153 2134 1211 2204 δῖ
1248 2150 1329 2220 τῷ
1367 2150 1667 2221 παραλόγῳ

76 2237 184 2304 τῆς
210 2234 332 2303 βίας
366 2237 834 2306 καταπλαγέντες,
870 2240 991 2293 οὐδὲ
1026 2240 1432 2310 ἀποκρίνασθαι
1464 2239 1568 2294 οἷοί
1608 2259 1668 2294 τε

73 2320 258 2395 ἦσαν’
293 2327 410 2380 ἀλλ’
439 2327 471 2397 ἢ
511 2329 611 2398 μὲν
632 2330 984 2384 ἀποθανεῖται
1016 2330 1135 2395 νῦν,
1164 2331 1371 2399 ἔλεγον,
1412 2333 1549 2402 πρὸς
1580 2333 1670 2389 ἀλα

75 2418 304 2485 λήλους,
323 2420 353 2472 6
375 2419 623 2489 Συμεών.
645 2417 780 2474 Εἶτα
805 2423 898 2476 καὶ
923 2422 990 2477 τὰ
1018 2424 1081 2476 ἐκ
1102 2424 1197 2477 τοῦ
1233 2423 1472 2496 πονηροῦ
1505 2442 1672 2495 προσ-

75 2509 367 2581 ετίθησαν,
392 2510 503 2564 Ποῦ
528 2513 811 2584 ,φησὶν,ἠ
856 2514 998 2585 ὑπὲρ
1049 2514 1337 2586 ἄνθρωπον
1380 2516 1548 2570 αὑτοῦ
1584 2534 1675 2571 πο-

74 2598 264 2671 λιτεία
296 2616 312 2665 ;
342 2601 447 2655 ποῦ
514 2602 547 2673 ἠ
602 2602 700 2674 τῆς
763 2604 1054 2677 ἀσκήσεως
1116 2605 1310 2677 μανία;
1348 2607 1514 2680 ποῦή
1563 2608 1674 2661 τῶν

76 2693 388 2765 θαυμάτων
411 2694 678 2760 ἐπίδειξις
712 2714 728 2763 ;
766 2696 932 2762 αὐτὸς
981 2700 1319 2770 παραστήτω
1351 2698 1449 2752 νῦν
1497 2699 1675 2771 ἑαυτῷ

80 2782 309 2854 βοηθὸς,
335 2784 499 2849 αὐτὸς
530 2785 633 2858 τὴν
661 2785 802 2859 ὑπὲρ
832 2787 1079 2859 κεφαλῆς
1103 2788 1375 2862 διαδράτω
1404 2790 1672 2847 κίνδυνον.

78 2874 201 2930 Τοῦ
237 2876 286 2930 δ’
308 2873 404 2931 οῦν
438 2876 689 2932 Ἰωάννου
716 2879 790 2952 μὴ
818 2881 1091 2948 ἀνιέντος,
1117 2882 1253 2937 ἀλλά
1295 2882 1675 2956 συντονωτέρᾳ

80 2965 394 3037 μᾶλλονέτι
412 2967 508 3022 καὶ
530 2968 979 3043 περιπαθεστέρᾳ
999 2973 1065 3042 τῇ
1086 2973 1235 3041 φωνῇ
1257 2971 1559 3043 χρωμένου,
1586 2971 1677 3043 Μὴ

76 3057 153 3130 δὴ
182 3057 283 3128 μία
312 3076 395 3112 σοι
423 3059 492 3113 δι’
518 3060 617 3130 ἐμὲ
646 3059 814 3131 λύπη,
845 3062 1049 3133 Πάτερ,
1084 3062 1217 3134 μηδὲ
1242 3064 1483 3135 φροντὶς,
1508 3065 1536 3117 6
1564 3064 1670 3115 Συ-

1751 587 1973 657 quidem
2007 583 2324 651 videbatur)
2352 581 2718 652 phalangibus
2750 579 3062 639 instructis.
3096 580 3339 634 secunda

1751 679 1933 733 noctis
1962 676 2171 747 vigilia,
2201 674 2452 729 adoritur
2499 672 2868 744 Symeonem;
2915 672 3210 741 subitoque
3239 687 3338 727 ex-

1752 780 2004 824 cavatum
2063 767 2331 829 modium,
2382 780 2508 819 cum
2566 764 2682 833 ipsa
2730 762 2871 832 pelle
2916 770 3221 832 arreptum,
3280 763 3336 816 in

1752 877 1998 933 praeceps
2026 859 2139 913 dat.
2180 859 2413 913 Dextera
2441 864 2631 910 autem
2680 854 2899 910 Domini
2932 856 3199 909 continuo
3233 855 3341 909 fuit

1753 969 1922 1023 super
1945 952 2149 1023 ipsum,
2176 951 2405 1005 dextera
2430 948 2644 1003 Domini
2677 947 2886 1001 faciens
2910 946 3200 1002 virtutem;
3224 947 3341 1015 ipse

1755 1046 2029 1116 siquidem
2060 1045 2322 1099 immotus
2348 1044 2531 1097 stabat
2559 1056 2724 1110 supra
2758 1040 3095 1105 columnam,
3118 1040 3343 1093 orabat-

1757 1153 1901 1209 que;
1952 1135 2165 1191 daemon
2199 1149 2333 1188 vero
2379 1150 2409 1188 a
2465 1131 2601 1187 mari
2670 1130 2899 1195 imbres,
2951 1137 3171 1192 ventos,
3217 1144 3346 1197 pro-

1757 1230 1944 1293 cellas,
1972 1227 2226 1282 turbines
2248 1226 2441 1296 igneos
2463 1239 2528 1278 ac
2546 1230 2904 1291 tempestates
2928 1220 3130 1280 ciebat,
3162 1219 3349 1275 fulmi-

1758 1336 1941 1391 naque
1987 1319 2325 1374 inﬂammata
2359 1326 2415 1371 et
2463 1316 2632 1387 ignita
2660 1332 2673 1368 :
2713 1324 2769 1369 et
2800 1315 3044 1369 tonitrua
3075 1322 3185 1368 tam
3213 1312 3346 1367 hor-

1759 1413 1932 1470 renda
1981 1419 2150 1481 atque
2203 1410 2420 1481 fragosa
2464 1406 2855 1477 erumpebant,
2913 1412 2973 1460 ut
3017 1420 3130 1459 non
3183 1403 3350 1458 modo

1760 1508 1892 1564 totis
1909 1507 2144 1563 artubus
2160 1503 2657 1560 contremiscerent
2676 1500 2953 1564 monachi,
2974 1515 3162 1553 verum
3178 1497 3347 1553 etiam

1761 1600 2057 1656 surdorum
2092 1597 2267 1651 instar
2292 1594 2429 1649 nihil
2462 1593 2693 1648 auribus
2734 1590 3226 1661 persentiscerent.
3259 1587 3350 1641 ln-

1762 1701 1915 1749 terea
1940 1690 2198 1762 Symeon,
2233 1689 2594 1743 inconcussus
2618 1700 2681 1740 ac
2712 1683 3067 1740 circumverti
3104 1682 3348 1745 nescius,

1764 1801 1875 1840 non
1903 1798 2138 1854 corpore
2166 1790 2407 1847 tantum,
2432 1779 2529 1835 sed
2549 1780 2636 1833 vel
2663 1777 2900 1832 maxime
2926 1776 3131 1840 animo,
3162 1774 3355 1829 adver-

1766 1892 1861 1933 sus
1892 1875 2015 1930 illos
2042 1876 2283 1946 impetus
2312 1874 2515 1930 stabat.

1834 1969 1932 2023 ‘26.
1973 1957 2207 2023 Divinus
2232 1966 2457 2023 interim
2504 1965 2750 2021 Joannes
2802 1960 3165 2019 cruciabatur
3224 1959 3355 2013 inti-

1767 2062 1875 2116 mis
1903 2060 2215 2116 visceribus
2244 2058 2536 2131 Symeonis
2602 2066 2797 2120 causa,
2848 2055 3098 2109 ubertim
3162 2052 3349 2123 lacry-

1769 2167 1951 2217 mans,
1984 2153 2404 2221 monachosque
2433 2150 2491 2204 in
2523 2164 2697 2204 unum
2757 2146 2986 2217 publice
3036 2153 3303 2201 convocat
3338 2160 3352 2196 :

1771 2248 1866 2316 qui
1894 2246 2197 2317 inopinata:
2254 2242 2608 2314 tempestatis
2661 2241 2931 2297 violentia
2985 2238 3354 2300 consternati,

1772 2337 1912 2391 nihil
1938 2337 2070 2392 dare
2099 2336 2351 2407 responsi
2373 2343 2631 2405 poterant
2652 2333 2903 2388 universi
2928 2348 2943 2397 ;
2979 2331 3076 2387 sed
3109 2332 3255 2385 inter
3275 2345 3356 2393 se,

1774 2431 1896 2486 Jam
1929 2430 2071 2484 forte
2100 2428 2341 2501 Symeon
2386 2437 2562 2483 morte
2613 2425 2963 2489 occubuerit,
3006 2422 3356 2493 inquiebant.

1774 2521 1985 2577 Deinde
2010 2521 2180 2576 etiam
2214 2520 2466 2590 qmedam
2492 2536 2522 2575 e
2557 2519 2802 2589 pessimo
2856 2515 3106 2587 profecta
3160 2514 3359 2583 spiritu

1776 2613 2131 2685 adjiciebant,
2167 2613 2420 2669 dicentes
2449 2630 2462 2666 :
2493 2612 2596 2669 Ubi
2618 2627 2770 2667 nunc
2791 2610 3147 2666 conversatio
3173 2610 3177 2615 '
3208 2608 3364 2662 illius

1778 2705 2023 2760 humana
2076 2704 2413 2760 sublimior?
2448 2705 2542 2758 ubi
2587 2704 2726 2758 illud
2780 2703 3035 2758 insanum
3087 2700 3364 2756 exercita-

1779 2797 1948 2852 tionis
1973 2797 2189 2868 genus?
2220 2797 2317 2851 ubi
2349 2796 2653 2853 ostentatio
2671 2795 3057 2867 prodigiorum
3082 2794 3107 2850 ?
3160 2793 3364 2858 Opitu-

1780 2890 1929 2946 letur
1956 2905 2108 2944 nunc
2140 2889 2247 2945 sibi
2296 2890 2435 2961 ipse,
2468 2900 2525 2946 et
2578 2891 2892 2960 periculum
2952 2905 2984 2944 a
3047 2888 3229 2958 capite
3265 2903 3367 2941 suo

1780 2981 2096 3037 amoliatur.
2127 2981 2281 3036 Inter
2305 2982 2422 3037 haec
2465 2982 2677 3037 Joanne
2738 2983 2953 3036 nullum
2990 2979 3214 3035 dolendi
3249 2994 3370 3033 mo-

1784 3074 1917 3129 dum
1953 3073 2213 3138 l‘aciente,
2236 3074 2334 3129 sed
2365 3074 2540 3145 magis
2566 3073 2735 3128 etiam
2767 3074 2984 3127 intonsa
3029 3087 3093 3126 ac
3145 3068 3368 3141 lugubri

85 3148 244 3219 μεὼν
288 3150 643 3222 ἀποκρίνεται
678 3167 697 3183 ⁸
727 3153 754 3206 6
787 3151 887 3223 μὲν
930 3152 1040 3225 γὰρ
1094 3153 1287 3225 ἐχθρὸς
1335 3156 1678 3225 κατήργηται

1786 3184 1923 3223 voce
1957 3176 2323 3239 personante,
2375 3182 2702 3237 responsum
2746 3164 3036 3237 Symeonis
3094 3163 3367 3218 auditur:

81 3242 195 3313 ήδη
224 3243 324 3295 καὶ
350 3242 783 3314 καταϐέϐληταιο
815 3246 939 3316 ιέμολ⁵
957 3246 1053 3300 καὶ
1102 3245 1343 3318 seem“:
1371 3249 1437 3317 τῇ
1474 3245 1681 3300 ἀνωθεν

84 3334 284 3403 χάριτι
341 3335 541 3401 πάντα,
581 3336 684 3390 καὶ
700 3336 963 3405 ἀσφαλῶς
1015 3336 1086 3390 τὰ
1122 3340 1224 3409 τῆς
1253 3338 1496 3402 στάσεως
1542 3337 1676 3408 ἔχει.

89 3428 253 3497 "Attat
309 3428 367 3483 δὲ
412 3430 598 3502 ἡμέρᾳ
638 3430 848 3484 συνίασι
874 3433 966 3484 καὶ
990 3431 1039 3484 οί
1066 3431 1318 3503 μοναχοὶ,
1351 3430 1682 3485 καταλαϐεῖν

89 3519 265 3571 αὐτὴν
310 3521 415 3591 ήδη
462 3523 739 3577 τεθνεῶσα
785 3523 1101 3594 νομίζοντες
1130 3543 1143 3556 ·
1174 3523 1313 3578 ἀλλά
1370 3524 1679 3597 κρεῖττονῆ

90 3609 243 3663 κατὰ
303 3612 630 3681 προσδοκίαν
676 3614 895 3684 ἀπήντα
943 3614 1005 3668 τὸ
1045 3615 1323 3669 ὲλπισθέν.
1354 3616 1462 3670 Kal.
1491 3618 1518 3670 6
1560 3617 1681 3686 μὲν,

95 3700 290 3771 ψυχὴν
344 3704 461 3772 ἄμα
498 3705 591 3757 καὶ
621 3704 743 3775 ὄψιν
769 3705 1090 3775 ἡγαλλιᾶτο,
1133 3707 1209 3770 ὼς
1248 3707 1339 3761 διὰ
1384 3707 1477 3760 τοῦ
1514 3723 1686 3778 προσ-

88 3794 253 3847 ώπου
282 3794 382 3867 τὴν
413 3796 558 3849 ἔνδον
587 3797 920 3870 φαιδρότητα
953 3799 1420 3872 παραδείκνυσθαι
1450 3816 1467 3833 ο
1506 3802 1557 3854 οἱ
1608 3801 1688 3868 δὲ,

88 3888 254 3956 παρὰ
305 3887 400 3941 τοῦ
452 3888 596 3943 θείου
637 3890 886 3944 Ἰωάννου
929 3893 1001 3944 τά
1054 3891 1240 3946 είκότα
1282 3891 1687 3963 ὀνειδιζόμενοι,

88 3979 439 4052 ἀνεχώρουν.
1132 4016 1138 4021 ~
1408 3981 1419 3989 ’

87 4074 259 4129 dium
296 4091 406 4129 non
436 4076 675 4131 obscure
712 4076 1068 4134 testantibus.
1094 4076 1348 4134 Monachi
1392 4093 1583 4149 porro,
1620 4086 1682 4133 ut
1722 4081 1909 4136 meriti
1974 4090 2155 4151 erant,
2184 4098 2215 4138 a
2248 4082 2439 4137 divino
2468 4082 2681 4138 Joanne
2732 4078 3016 4150 increpiti,
3041 4075 3109 4131 ad
3140 4090 3199 4131 se
3228 4072 3385 4145 quis—
3476 4086 3495 4109 θ

85 4183 208 4238 que
245 4168 693 4224 revertebantur.

1789 3258 1939 3314 Nihil
1998 3258 2098 3339 tibi
2152 3272 2272 3311 mea
2305 3271 2494 3321 causa,
2553 3256 2627 3309 mi
2669 3255 2854 3321 Pater,
2915 3254 3062 3325 quod
3100 3252 3371 3309 crucieris

1789 3359 1886 3404 aut
1947 3349 2179 3404 doleas:
2235 3348 2289 3403 in
2340 3363 2545 3403 vanum
2604 3346 2855 3403 recidere
2918 3345 3371 3402 machinamenta

1789 3440 1968 3513 hostis
2009 3439 2251 3511 turpiter
2281 3439 2546 3511 prostrati
2572 3457 2587 3505 ;
2619 3455 2707 3494 me
2739 3448 2923 3494 autem
2964 3438 3010 3492 si
3070 3447 3287 3507 spectes
3315 3442 3373 3490 et

1790 3532 2105 3587 columnam
2140 3535 2283 3601 (qua:
2307 3546 2568 3601 superum
2597 3529 2770 3602 gratia
2801 3530 2930 3597 est),
2964 3526 3113 3582 salva
3163 3522 3373 3578 omnia.

1794 3624 1971 3680 Simul
2006 3633 2171 3694 atque
2199 3622 2400 3688 illuxit,
2442 3623 2879 3693 progrediuntur
2934 3635 3041 3673 una
3093 3614 3373 3680 monachi,

1794 3717 1999 3786 ipsum,
2032 3724 2094 3769 ut
2157 3715 2451 3785 putabant,
2499 3714 2614 3781 jam
2678 3724 2959 3767 mortuum
3012 3705 3375 3777 suscepturi:

1793 3823 1989 3861 verum
2019 3805 2306 3869 euntibus,
2338 3806 2534 3860 melior
2557 3804 2821 3875 opinione
2851 3818 2951 3857 sua
2981 3815 3130 3873 spes,
3180 3813 3380 3854 occur-

1797 3898 1872 3953 rit
1896 3898 2012 3968 ipse
2044 3897 2304 3966 Svmeon,
2335 3907 2393 3952 et
2425 3897 2612 3952 animo
2642 3906 2699 3951 et
2727 3896 2886 3950 vultu
2943 3893 3150 3965 pariter
3187 3888 3382 3946 exsul-

1798 3999 1966 4058 tans;
2005 3990 2256 4046 externis
2285 3991 2474 4045 vultus
2502 3989 2648 4044 notis
2674 3989 2960 4044 internum
3018 3983 3189 4039 animi
3239 3996 3379 4054 gau-

1567 4281 1798 4340 CAPUT
1843 4283 1931 4340 IV.

1100 4402 1414 4459 Exhortatio
1439 4403 1637 4475 duplex
1661 4402 1955 4476 Symeonis,
1990 4414 2039 4458 et
2070 4404 2410 4459 Paenitentia.

173 4512 290 4573 κζ’.
336 4509 583 4581 Ὀμιλίας
602 4512 658 4564 δέ
681 4528 811 4565 ποτε
844 4513 981 4580 πρὸς
1004 4513 1200 4576 αὐτοὺς
1221 4516 1249 4567 6
1287 4514 1516 4584 Συμεὼν
1556 4514 1678 4583 ἁψά-

1870 4514 2118 4571 27.Cum
2143 4516 2431 4571 incidisset
2484 4514 2785 4585 aliquando
2829 4515 3068 4587 Symeon
3096 4513 3151 4568 in
3211 4514 3389 4569 collo-

95 4618 297 4672 μενος,
332 4603 560 4658 τοιαῦτα
603 4606 925 4677 παραδόξως
980 4607 1164 4668 αὐτοῖς
1214 4605 1590 4678 διελέγετο,·ἢ
1627 4609 1696 4677 τῇ

89 4693 201 4746 τοῦ
244 4695 407 4762 ἁγίου
443 4697 767 4766 Πνεύματος
802 4698 1032 4767 δυνάμει
1066 4698 1269 4767 μᾶλλον
1299 4694 1634 4767 ἐφθέγγετο,
1672 4696 1700 4750 δ

94 4788 200 4841 καὶ
246 4786 337 4841 διὰ
371 4788 571 4852 παντὸς
606 4788 1008 4859 ὲμφιλοχωρεῖν
1042 4783 1189 4859 εἶχεν
1230 4786 1378 4858 αὐτῷ
1405 4788 1500 4841 καὶ
1524 4787 1699 4859 ἡδέως

94 4878 413 4943 παύεσθαι,
450 4878 604 4948 ελεγι
629 4880 830 4946 τοίνυν,
863 4879 990 4935 Ὅτι
1025 4879 1439 4951 δημιουργήσας
1467 4880 1525 4932 ὲν
1559 4881 1699 4952 ἀρχῇ

92 4970 200 5022 τὸν
231 4970 523 5041 ἄνθρωπον
550 4973 578 5025 6
607 4971 759 5035 Θεὸς,
789 4970 917 5025 νοῦν
938 4973 996 5026 ἐν
1025 4971 1176 5041 αὐτῷ
1210 4970 1546 5042 κατέστησεν
1570 4972 1703 5043 ἡγε-

98 5063 279 5131 μόνα,
314 5062 652 5135 δοκιμαστὴν
680 5062 872 5135 ῶσπερ
893 5065 991 5118 καὶ
1040 5064 1301 5133 δικαστὴν
1338 5064 1448 5116 τῶν
1492 5065 1705 5133 ὲγγινου

98 5152 299 5221 μένων
325 5152 459 5222 ἡμῖν
480 5151 757 5225 λογισμῶν
792 5154 1014 5225 ἀγαθῶν
1045 5172 1104 5209 τε
1140 5158 1231 5209 καὶ
1276 5153 1495 5224 φαύλων
1520 5198 1532 5221 ,
1563 5154 1704 5207 ὥστε

93 5240 295 5304 οὐδεὶς
338 5243 563 5310 ἄγνοιαν
606 5245 750 5315 ἔχειν
788 5243 883 5298 τοῦ
937 5244 1105 5298 καλοῦ
1128 5261 1189 5298 τε
1224 5245 1317 5298 καὶ
1354 5243 1428 5316 μὴ
1458 5243 1704 5299 τοιούτου

94 5335 305 5401 λέγειν
328 5334 646 5407 δυνήσεται.
674 5336 737 5390 El
762 5337 945 5391 τοίνυν
983 5339 1039 5391 αί
1068 5336 1176 5391 τῶν
1213 5337 1504 5407 ἐπιθυμίαι
1549 5354 1707 5409 περι-

94 5424 385 5493 γένωνται
434 5424 618 5496 ἡμῶν,
650 5429 747 5481 καὶ
810 5427 902 5482 ὕπ’
932 5429 1115 5483 αὐτῶν
1149 5427 1704 5501 αἰχμαλωτισθῶμεν,

96 5516 212 5569 καὶ
251 5516 328 5587 μὴ
358 5517 561 5586 μᾶλλον
593 5520 862 5587 γενναίως
900 5520 1301 5594 ἀγωνισώμεθα
1342 5520 1478 5593 πρὸς
1513 5520 1704 5584 αὐτὰς,

97 5608 259 5680 μηδὲ
305 5609 535 5679 δυνάμει
588 5615 655 5682 τῇ
714 5616 864 5685 πάσῃ
901 5614 1115 5684 στῶμεν
1186 5615 1323 5685 πρὸς
1384 5613 1485 5676 τάς
1527 5611 1709 5667 αὐτῶν

95 5700 451 5771 προσϐολάς,
478 5702 711 5771 ψεῦσται
735 5706 953 5769 πάντως
1001 5706 1101 5775 τῆς
1146 5704 1355 5759 ίαυτῶν
1409 5704 1702 5776 ὁμολογίας

90 5791 409 5866 γινόμεθα,
441 5797 508 5868 ἠν
543 5797 622 5869 τῷ
656 5797 878 5870 Χριστῷ
922 5797 1011 5852 διὰ
1051 5797 1146 5852 τοῦ
1207 5796 1584 5869 βαπτίσματος
1614 5799 1709 5852 καὶ

1798 4604 1990 4674 quium
2019 4619 2145 4658 cum
2186 4604 2494 4668 monachis,
2514 4604 2642 4657 talia
2676 4612 2878 4675 praeter
2911 4602 3387 4673 exspectationem

1801 4696 2215 4760 disseruit,aut
2244 4697 2432 4767 potius
2484 4697 2694 4750 virtute
2743 4695 2922 4750 sancti
2983 4695 3249 4765 Spiritus,
3287 4696 3386 4764 qui

1801 4796 2135 4859 perpetuam
2188 4788 2243 4843 in
2297 4788 2418 4857 ipso
2442 4787 2547 4841 sibi
2610 4796 2934 4858 gratamque
2978 4787 3386 4842 habitationem

1802 4881 2046 4952 elegerat
2079 4882 2434 4951 suaviterque
2497 4880 2909 4951 requiescebat,
2966 4880 3221 4935 elocutus
3247 4888 3334 4934 est
3368 4896 3386 4946 ;

1802 4972 2068 5028 videlicet
2095 4990 2108 5027 :
2136 4971 2315 5039 Quod,
2353 4986 2478 5026 cum
2508 4972 2650 5026 Deus
2682 4972 2738 5026 in
2807 4972 3086 5042 principio
3119 4972 3386 5028 conderet

1804 5062 2114 5128 hominem,
2179 5071 2422 5117 mentem
2455 5061 2506 5117 ei
2542 5062 2765 5129 ducem,
2800 5062 3096 5128 arbitrum,
3127 5079 3192 5118 ac
3232 5064 3387 5119 velut

1800 5153 2047 5225 judicem
2066 5153 2466 5225 cogitationum
2496 5154 2767 5209 bonarum
2799 5148 3178 5226 malarumque
3246 5154 3390 5210 indi-

1807 5244 1972 5310 derit,
2008 5253 2070 5300 ut
2103 5261 2174 5300 ne
2203 5246 2331 5315 quis
2356 5246 2730 5316 ignorantiam
2754 5247 2982 5303 virtutis
3004 5247 3386 5318 vitiorumque

1806 5344 1995 5406 posset
2028 5335 2394 5405 praetendere.
2433 5335 2488 5390 Si
2517 5351 2639 5406 qua:
2683 5336 2852 5407 igitur
2909 5349 3076 5405 prava
3132 5333 3387 5401 volupta-

1811 5434 1925 5480 tum
1950 5426 2228 5482 desideria
2254 5442 2357 5483 nos
2407 5427 2693 5493 invadant,
2750 5426 2929 5496 iisque
2980 5422 3389 5495 quodammodo

1809 5519 2012 5591 captivi
2050 5528 2360 5585 teneamur,
2407 5529 2465 5574 et
2515 5535 2628 5574 non
2691 5518 2932 5573 viriliter
2962 5515 3163 5587 pedem
3198 5514 3391 5569 confe-

1810 5627 2020 5679 ramus,
2043 5628 2145 5668 nec
2166 5621 2279 5668 tota
2302 5612 2510 5667 virtute
2531 5609 2919 5666 invadentium
2942 5607 3184 5663 insultus
3209 5605 3390 5677 repri-

1809 5718 2067 5770 mamus;
2101 5703 2265 5759 fallax
2296 5711 2464 5775 atque
2502 5702 2741 5757 mendax
2764 5710 2849 5756 est
2882 5699 3155 5772 professio
3177 5707 3389 5764 nostra,

1811 5813 1980 5868 quam
2008 5796 2231 5854 Christo
2265 5805 2382 5853 tum
2416 5811 2517 5869 per
2546 5795 2907 5869 baptismum,
2960 5802 3078 5851 tum
3135 5809 3236 5866 per
3264 5806 3395 5850 sus-
