3944 6510
656 365 793 432 3011

1779 371 1782 374 ’
1843 366 1908 426 S.
1944 363 2322 428 SYMEONIS
2355 363 2708 428 IUNIORIS

3709 371 3802 432 3012
3846 398 3847 406 η

657 481 966 550 ceptionem
997 476 1287 534 monastici
1321 477 1491 547 hujus
1513 476 1740 532 habitus
1785 491 1971 532 coram
2027 475 2225 532 electis

2331 473 2422 526 τοῦ
2457 473 2747 544 μοναδικοῦ
2779 472 2933 526 τοῦδε
2983 471 3282 543 σχήματος,
3306 470 3540 544 ἐνώπιον
3563 473 3656 526 τῶν
3674 476 3798 531 ἔπλει.

659 572 755 625 Dei
776 569 985 640 angelis
1009 569 1264 624 fecimus.
1297 569 1501 624 Fateor
1550 567 1777 638 quidem
1811 584 1844 623 a
1892 579 2094 622 natura
2142 565 2228 620 in-

2331 563 2436 617 τῶν
2465 564 2714 632 ἀγγέλων
2738 606 2754 627 ,
2784 563 3236 635 ὡμολογήσαμεν.
3279 565 3449 617 Φύσει
3498 564 3588 634 μὲν
3625 567 3710 636 γὰρ
3743 572 3803 622 τυὶ

657 661 900 732 genitam
951 661 1112 715 nobis
1163 660 1673 730 concupiscentiam
1727 659 2048 730 esse:quis
2077 658 2226 714 enim

659 767 860 823 negare
898 760 1068 820 queat
1124 767 1182 806 se
1230 751 1671 820 concupiscere?
1719 751 1816 806 sed
1875 766 1905 804 a
1963 748 2228 818 concupi-

658 844 885 898 scentiis
912 859 1020 897 non
1043 843 1318 912 superari,
1380 842 1434 896 id
1489 841 1719 897 rationis
1780 839 2230 910 prmdominantis

661 951 801 1004 Opus
845 945 952 997 est.
1016 944 1372 1004 nostramque
1443 934 1499 988 in
1548 935 1752 988 malum
1801 932 2226 1002 prepensionem

661 1029 811 1080 velut
859 1026 1017 1080 freno
1047 1026 1500 1096 constringentis.
1559 1025 1828 1078 Similiter
1858 1033 1914 1077 et
1938 1023 2141 1093 gulam,
2174 1030 2231 1076 et

660 1135 906 1172 amorem
933 1119 1238 1188 proprium,
1307 1130 1363 1174 et
1412 1118 1776 1182 iracundiam,
1829 1127 1886 1171 et
1934 1115 2226 1179 invidiam,

661 1213 790 1264 etsi
830 1227 952 1280 quae
1016 1211 1363 1280 perturbatio
1413 1210 1581 1264 animi
1641 1217 1744 1272 est,
1791 1223 1920 1263 cum
1976 1207 2229 1277 opposita

663 1317 938 1370 quamque
973 1301 1178 1360 virtute
1233 1315 1588 1368 comparare,
1619 1308 1676 1352 et
1705 1299 1774 1352 ab
1804 1313 1869 1352 ea
1915 1297 2230 1352 discernere

660 1392 872 1462 judicio
894 1393 1139 1446 valemus
1167 1408 1180 1456 ;
1213 1392 1402 1460 sicque
1429 1407 1493 1443 ex
1517 1392 1689 1444 altera
1715 1398 1868 1459 parte
1891 1388 2036 1459 quod
2059 1388 2231 1458 magis

664 1502 789 1538 eum
825 1485 1096 1554 probitate
1142 1484 1497 1552 conjunctum
1541 1492 1646 1542 est,
1695 1483 1935 1550 eligere;
1989 1479 2138 1550 quod
2161 1479 2230 1533 ab

665 1593 728 1631 ea
756 1579 1014 1638 alienum,
1049 1575 1362 1644 reprobare.
1394 1575 1605 1628 Etenim
1639 1574 1904 1627 Dominus
1944 1575 2089 1628 Deus
2127 1588 2231 1628 no-

665 1679 778 1722 ster
807 1667 946 1720 duas
975 1667 1134 1720 nobis
1163 1666 1390 1720 semitas
1419 1665 1919 1729 osteli«3it,altcraln
1942 1673 2229 1734 angustam

663 1769 721 1814 et
754 1760 928 1828 Spinis
963 1775 1341 1814 aerumnarum
1399 1758 1656 1820 obsitam,
1713 1772 1834 1826 qua:
1879 1772 1980 1826 per
2010 1773 2068 1810 se
2111 1773 2233 1826 gra-

665 1851 884 1902 dentcs
930 1849 1084 1903 ducit
1133 1849 1199 1902 ad
1239 1850 1407 1902 vitam
1437 1867 1448 1901 :
1478 1849 1705 1901 alteram
1758 1864 1889 1902 vero
1947 1858 2229 1918 patentem

664 1941 988 2009 laxumque,
1031 1941 1188 2011 cujus
1213 1942 1478 1994 terminus
1521 1940 1843 1994 barathrum
1881 1940 2231 2009 perditionis.

666 2033 858 2101 Igitur,
886 2034 1107 2093 fratres,
1144 2030 1302 2085 nobis
1334 2031 1440 2100 ipsi
1476 2031 1584 2084 vim
1643 2031 1968 2094 inferamus,
2031 2039 2092 2084 ut
2142 2046 2233 2084 ra-

666 2125 882 2194 piamus
931 2123 1080 2192 quod
1139 2123 1250 2176 vim
1305 2124 1514 2191 patitur
1559 2137 1787 2190 regnum
1840 2122 1957 2186 Dei,
2013 2123 2234 2192 quinos

663 2230 856 2268 omnes
895 2222 1330 2268 conservaturns
1379 2224 1465 2267 est
1521 2211 1591 2266 ad
1643 2211 1874 2278 gloriam
1931 2213 2234 2283 majestatis

662 2322 796 2361 sum.
828 2307 1026 2359 Amen.
1884 2297 1892 2306 ”

732 2398 822 2451 28.
860 2398 1051 2451 lstltazc
1088 2397 1309 2467 quidem
1345 2395 1811 2452 commemorabat
1850 2395 2112 2467 Symeon.
2166 2400 2235 2452 At

661 2484 900 2540 Joannes
933 2501 1039 2538 non
1066 2484 1352 2556 Symeonis
1384 2485 1494 2549 illa,
1535 2486 1628 2540 sed
1658 2486 1991 2542 sanctissimi
2017 2488 2235 2542 arcani-

663 2591 771 2646 que
809 2576 1066 2645 Spiritus,
1103 2593 1263 2646 quem
1288 2587 1344 2632 et
1376 2579 1550 2647 ipsius
1581 2594 1675 2632 ore
1696 2579 1984 2648 perspicue
2009 2579 2237 2649 loquen-

667 2671 775 2716 tem
823 2663 1056 2727 viderat,
1080 2679 1200 2717 esse
1223 2665 1387 2716 verba
1407 2665 1776 2718 asseverabat.
1796 2665 2057 2734 Ephraim
2081 2682 2233 2732 vero,

665 2752 759 2820 qui
790 2768 889 2820 per
920 2752 972 2806 id
1006 2753 1264 2822 temporis
1305 2770 1513 2823 magna:
1553 2754 1671 2808 urbi
1705 2755 2008 2810 Antiochiae
2049 2757 2238 2826 praesi-

665 2840 833 2895 debat
870 2839 1341 2910 archiepiscopus,
1369 2842 1434 2896 de
1468 2853 1782 2896 sanctorum
1816 2843 2030 2897 illorum
2057 2845 2235 2899 standi

665 2930 1086 2994 consuetudine,
1104 2939 1159 2984 et
1175 2931 1448 3000 prmeipue
1471 2931 1778 3002 Sytneonis,
1801 2932 1977 3002 deque
2019 2944 2237 2988 austero

667 3022 831 3091 hujus
884 3022 1278 3091 laboriosoqne
1329 3023 1621 3102 admodum
1683 3024 1806 3079 vitae
1865 3027 2136 3090 instituto,
2183 3039 2240 3082 et

2327 657 2726 728 ἐπιθυμητικοῦ
2765 657 3058 727 προσόντος
3095 658 3248 726 ἡμῖν,
3271 657 3452 720 οὐδεὶς
3477 658 3722 726 ἐπιθυμεῖν
3749 662 3807 728 Δρ-

2329 749 2599 820 νήσασθαι
2642 750 2867 803 δύναται
2892 765 2906 779 ’
2933 749 2995 802 τὸ
3033 748 3089 800 δὲ
3139 747 3216 818 μὴ
3265 747 3378 800 τῶν
3415 745 3694 816 ἐπιθυμιῶν
3709 751 3808 817 ﬁni.

2333 846 2480 908 σθαι,
2509 843 2606 898 τοῦ
2640 843 3065 915 ἐπικρατοῦντος
3103 843 3221 895 ἐστι
3248 840 3538 910 λογισμοῦ,
3570 844 3657 911 τὴν
3675 845 3806 911 ἡμιτέ-

2333 955 2433 1006 ραν
2470 938 2562 990 ἐπὶ
2600 936 2670 989 τὰ
2707 936 2876 1006 χείρω
2911 933 3083 1004 ῥοπὴν
3115 935 3466 1003 ἀνείργοντος
3507 932 3806 1002 παρατιλτρίας

2329 1028 2385 1080 δὲ
2413 1028 2507 1080 καὶ
2538 1027 3004 1098 γαστριμαργίαν,
3021 1026 3115 1079 καὶ
3137 1023 3426 1092 φιλαυτίαν
3451 1025 3543 1075 καὶ
3582 1023 3810 1093 eumn:

2332 1120 2548 1188 φθόνον,
2575 1121 2668 1172 καὶ
2693 1118 2748 1171 ετ
2773 1137 2825 1172 τι
2851 1118 2980 1171 ἄλλο
3011 1119 3189 1188 ψυχῆς
3231 1119 3424 1180 πάθος.
3462 1116 3537 1186 τῷ
3567 1116 3692 1184 αὐτῴ
3717 1117 3808 1186 λογι-

2334 1211 2457 1281 σμῷ
2489 1210 2622 1280 πρὸς
2651 1210 2749 1280 τὴν
2777 1210 3162 1278 ἀντικειμένην
3201 1207 3434 1260 ἕκαστον
3478 1208 3660 1274 ἀρετὴν
3698 1225 3810 1276 npu-

2331 1303 2540 1356 τιθέναι
2565 1302 2659 1354 καὶ
2691 1302 2898 1370 κρίνειν
2919 1300 3224 1370 δυνάμεθα,
3256 1301 3355 1352 καὶ
3383 1297 3556 1360 οὕτως
3586 1301 3644 1350 ἐκ
3668 1301 3809 1368 παραὶ.

2331 1394 2498 1464 λήλου
2526 1394 2589 1448 τὸ
2631 1393 2836 1463 βέλτιον
2881 1391 3176 1462 αἱρεῖσθαι,
3210 1391 3271 1443 τὸ
3300 1390 3509 1458 φαῦλον
3547 1389 3814 1458 dium-up:-

2331 1504 2437 1542 νοι.
2473 1487 2627 1540 Ἐπεὶ
2661 1487 2758 1540 καὶ
2793 1487 2820 1538 ό
2847 1484 3051 1554 Κύριος
3087 1483 3246 1554 ,ἡμῶν
3286 1485 3386 1536 καὶ
3417 1482 3548 1544 Θεὸς
3565 1481 3647 1534 δύο
3666 1482 3814 1552 τρίϐους

2331 1579 2466 1647 ἡμῖν
2492 1577 2859 1639 ὑποδείκνυσι,
2887 1577 2986 1646 τὴν
3024 1575 3123 1644 μὲν
3155 1575 3347 1644 στενὴν
3390 1576 3486 1627 καὶ
3513 1573 3814 1641 τεθλιμμένην,

2332 1668 2456 1736 ἥτις
2487 1667 2692 1734 ἀπάγει
2719 1665 2854 1736 πρὸς
2903 1665 3004 1735 τὴν
3049 1663 3194 1733 ζωὴν
3221 1663 3349 1725 τοὺς
3392 1662 3462 1716 δι’
3493 1661 3650 1731 αὐτῆς
3678 1660 3815 1714 dicit»

2333 1777 2453 1822 τας,
2484 1761 2583 1828 τὴν
2613 1759 2670 1812 δὲ
2700 1759 2966 1811 πλατεῖαν
2995 1758 3090 1810 καὶ
3120 1755 3329 1819 ἄνετον,
3360 1755 3486 1824 ἥτις
3511 1755 3593 1806 ἐπ’
3617 1753 3722 1806 αὐτὸ

2337 1869 2421 1923 ρει
2444 1851 2542 1920 τῆς
2565 1848 2838 1910 ἀπωλείας
2857 1847 2916 1902 τὸ
2941 1847 3233 1919 βαράθρον.
3263 1843 3592 1913 Βιασὼμεθα
3609 1841 3817 1911 τοιγαροῦν

2336 1945 2584 2007 ἑαυτοὺς,
2615 1943 2854 2012 ἀδελφοὶ,
2891 1943 2978 1995 ἵνα
3005 1943 3099 1995 xui.
3145 1939 3242 2008 τὴν
3299 1938 3534 2009 βιαστὴν
3563 1936 3813 2005 apiripr

2333 2035 2428 2088 τοῦ
2470 2033 2605 2088 Θεοῦ
2661 2034 2959 2104 βασιλείαν,
3005 2033 3064 2096 ὃς
3119 2031 3344 2102 φυλάξει
3394 2031 3598 2091 πάντας
3632 2027 3744 2096 ἡμᾶς
3771 2025 3813 2085 εἰς

2335 2126 2493 2192 δόξαν
2533 2127 2629 2196 τῆς
2660 2126 2825 2179 αὑτοῦ
2857 2125 3269 2196 μεγαλωσύνης.
3315 2122 3514 2193 Ἀμήν.

2407 2400 2514 2464 κη’.
2555 2392 2613 2446 '0
2646 2374 2743 2461 μὲν
2771 2390 2866 2444 οὖν
2915 2389 3140 2461 Συμεὼν
3172 2388 3346 2442 ταῦτα
3404 2386 3540 2460 πρὸς
3582 2384 3742 2448 αὐτοὺς
3772 2383 3815 2433 δι·

2337 2483 2514 2556 εξῄειο
2551 2483 2580 2536 ὁ
2625 2482 2681 2534 δὲ
2722 2478 2970 2550 Ἰωάννης
2997 2480 3099 2532 οὐκ
3121 2479 3332 2531 ἐκείνου
3379 2477 3451 2529 τὰ
3477 2475 3674 2546 ῥήματα
3697 2472 3812 2536 ἔλεγεν

2337 2569 2496 2637 εἶναι,
2521 2569 2656 2624 ἀλλὰ
2680 2570 2775 2624 τοῦ
2803 2567 3068 2636 παναγίου
3091 2568 3185 2621 καὶ
3203 2563 3547 2620 τελειωτικοῦ
3570 2561 3814 2630 ﬂuam.

2336 2664 2372 2718 ὃ.
2410 2665 2504 2717 καὶ
2540 2662 2608 2717 δι’
2637 2660 2803 2715 αὐτοῦ
2848 2659 3036 2729 σαφῶς
3073 2659 3190 2729 ᾔδει
3224 2657 3606 2727 φθεγγόμενον.
3653 2652 3814 2721 Ἐφραὶμ

2335 2757 2414 2821 δὲ,
2465 2757 2494 2808 ὁ
2536 2755 2657 2809 κατ’
2698 2755 2873 2808 ἐκεῖνο
2910 2751 3100 2822 καιροῦ
3139 2751 3238 2821 τῆς
3259 2749 3660 2822 μεγαλοπόλεως
3687 2747 3816 2798 Ἄντιο-

2338 2848 2492 2918 χείας
2523 2845 2950 2918 ἀρχιεπίσκοπος
2973 2883 2989 2908 ,
3023 2845 3150 2915 περὶ
3177 2843 3278 2914 τῆς
3314 2842 3558 2905 στάσεως
3594 2839 3688 2892 τῶν
3713 2836 3815 2889 ὁσίων

2337 2942 2540 2995 τούτων
2567 2923 2908 3008 πειθόμενος,
2945 2937 3040 2990 καὶ
3074 2935 3308 3004 μάλιστα
3331 2933 3428 2987 τοῦ
3461 2931 3680 3001 Συμεὼν,
3699 2929 3814 2997 sic?!

2339 3033 2595 3104 τραχείας
2621 3030 2788 3085 αὑτοῦ
2817 3031 2909 3083 καὶ
2937 3029 3055 3082 λίαν
3081 3027 3342 3081 ἐπιπόνου
3369 3023 3651 3093 διαγωγῆς,
3673 3019 3815 3082 καὶτῆς

664 3115 1088 3168 conversatione
1129 3109 1446 3170 sublimiac
1474 3125 1740 3186 perpetuo
1774 3133 1897 3171 cum
1939 3117 2236 3174 certamine

2341 3123 2722 3198 ἀπαραμίλλου
2772 3121 2868 3174 καὶ
2924 3119 3237 3192 ὑπερφυοῦς
3282 3117 3576 3182 πολιτείας,
3621 3115 3695 3168 καὶ
3735 3111 3813 3215 θέιγ

664 3197 955 3276 conjuncta
994 3209 1197 3262 certior
1223 3207 1420 3272 factus,
1456 3209 1569 3278 ipse
1623 3210 1723 3263 via:
1752 3225 1809 3263 se
1845 3209 2015 3274 dedit,
2051 3225 2236 3265 coram

665 3306 940 3365 spectator
1006 3297 1244 3353 fuimus.
1336 3298 1585 3368 Cumque
1657 3300 1888 3354 vidisset
1959 3301 2237 3370 quomodo

663 3389 885 3444 Christo
912 3391 1210 3446 crucifixus
1234 3390 1466 3462 Symeon
1501 3391 1555 3444 in
1591 3392 1683 3444 illo
1707 3391 1883 3445 relatis
1912 3389 2041 3445 flore
2069 3401 2236 3457 esset;

665 3481 856 3535 oculos
888 3481 1102 3536 illorum
1139 3499 1258 3552 quin
1290 3483 1446 3552 prius
1469 3482 1721 3536 audierat
1751 3498 1896 3537 nunc
1933 3492 2098 3537 testes
2143 3499 2239 3537 na-

666 3580 807 3636 ctus,
849 3571 1016 3626 Deum
1049 3573 1210 3643 pleno
1254 3589 1350 3628 ore
1389 3574 1790 3645 magnilicabat,
1841 3575 2237 3629 confitebatur-

665 3678 771 3732 que
823 3679 930 3717 non
977 3665 1160 3718 minus
1211 3665 1470 3736 laerymis
1517 3681 1679 3736 quam
1733 3666 1916 3720 verbis
1958 3683 1971 3719 :
2008 3683 2239 3738 qumque

665 3753 923 3822 prmsenti
958 3754 1225 3808 miraculo
1252 3756 1493 3818 fuerant,
1526 3755 1593 3808 ad
1637 3773 1733 3809 sua
1768 3758 2065 3811 revertenti
2093 3774 2238 3812 nun-

665 3860 827 3914 quam
867 3860 977 3898 non
1024 3845 1078 3898 in
1129 3861 1227 3899 ore
1267 3848 1648 3900 versabantur.

732 3933 821 3990 29.
860 3935 1000 4002 Quid
1047 3952 1214 4005 porro
1246 3938 1523 4008 Symeon?
1564 3940 2035 4005 Quemadmodum
2084 3956 2240 3996 amo-

668 4025 744 4079 ris
769 4027 854 4079 sui
880 4026 935 4079 in
953 4025 1234 4081 Christum
1266 4027 1467 4097 ignem,
1500 4028 1608 4082 alio
1637 4046 1853 4100 semper
1875 4032 2092 4102 alioque
2119 4033 2240 4102 igne

665 4117 902 4187 adjecto,
931 4118 1102 4189 magis
1133 4123 1470 4176 succendere
1499 4122 1753 4191 cupidus.
1799 4124 1945 4177 nulla
1986 4122 2242 4193 gravissi-

669 4222 883 4261 morum
938 4211 1283 4264 cruciatuum
1311 4211 1563 4266 satietate
1593 4213 1937 4282 capiebatur,
1964 4215 2104 4284 petit
2141 4215 2241 4269 ali-

667 4299 888 4367 quando
915 4299 984 4354 ab
1032 4301 1228 4370 aliquo
1264 4317 1323 4356 se
1371 4302 1642 4357 invisente
1688 4303 1895 4369 funem,
1928 4316 2243 4376 acceptum-

667 4404 776 4458 que
805 4389 1012 4445 circum
1058 4408 1259 4462 corpus
1309 4394 1587 4448 convolvit
1645 4394 2082 4464 constringitque
2132 4404 2240 4450 tam

2336 3215 2538 3270 τούτων
2575 3213 2766 3278 ἐλθὼν,
2798 3215 2944 3278 ὅπως
2985 3230 3046 3266 τε
3084 3212 3161 3283 τῷ
3185 3211 3412 3282 Χριστῷ
3441 3207 3714 3278 ὲσταύρωτσ
3735 3200 3814 3270 παρ’

2338 3309 2556 3379 ἡλικίαν
2580 3305 2704 3361 ἰδὼν
2727 3348 2742 3373 ,
2776 3307 2871 3359 καὶ
2901 3306 3052 3376 ὄψεις
3079 3304 3189 3358 τῶν
3221 3305 3591 3358 ἀκουσθέντων
3618 3300 3810 3369 μάρτυρα

2339 3402 2588 3472 θέμενος,
2619 3401 2751 3454 Θεὸν
2777 3398 2844 3471 ἦν
2873 3400 2978 3469 ὅλῳ
3011 3399 3242 3468 στόματι
3267 3396 3599 3467 μεγαλύνων,
3624 3392 3699 3446 καὶ
3720 3386 3811 3453 αὐτῴ

2337 3494 2598 3566 δάκρυσιν
2621 3494 2719 3563 οὐχ
2740 3490 2899 3564 ἦττον
2922 3493 2954 3562 ἦ
2978 3492 3215 3563 ῥήμασιν
3241 3488 3710 3558 ἐξομολογούμενος,
3723 3481 3807 3545 διπὲ

2336 3583 2406 3658 ἦν
2435 3586 2584 3656 αὐτῷ
2612 3585 2706 3638 καὶ
2735 3585 2961 3654 παρόντι
2987 3582 3192 3654 θαῦμα,
3217 3583 3310 3635 καὶ
3340 3583 3422 3645 είς
3451 3579 3545 3650 τὴν
3565 3575 3692 3629 πόλιν
3705 3574 3806 3625 ἐπιν-

2339 3679 2546 3734 ελθόντι
2571 3679 2830 3749 διήγημα.

2411 3940 2516 3996 κθ’.
2560 3939 2619 3994 ’0
2647 3939 2704 3992 δὲ
2739 3939 2848 4010 πῦρ
2891 3938 3079 4008 ὥσπερ
3121 3939 3212 3991 ἐπὶ
3255 3939 3392 4008 πῦρ,
3429 3939 3657 3992 ἀνάπτων
3678 3925 3805 3985 ἀεὶπῦ

2344 4034 2422 4096 εἰς
2449 4031 2683 4103 Χριστὸν
2723 4029 2945 4101 ἔρωτος,
2977 4029 3167 4082 οὐδένα
3211 4047 3269 4083 τε
3316 4033 3478 4100 κόρον
3509 4029 3586 4081 διὰ
3606 4023 3724 4078 τοῦτο
3741 4019 3805 4070 τῶν

2341 4125 2480 4192 ὑπὲρ
2505 4120 2670 4175 αὑτοῦ
2700 4121 2961 4189 καμάτων
2996 4119 3173 4182 εἰδὼς,
3203 4121 3346 4172 αἰτεῖ
3371 4137 3499 4174 ποτε
3536 4116 3718 4186 σχοινίον
3733 4110 3804 4162 τινὰ

2339 4215 2449 4268 τῶν
2493 4213 2642 4283 αὐτῷ
2680 4212 3012 4283 προσιόντων
3033 4229 3046 4242 ·
3079 4212 3107 4264 ὃ
3129 4213 3223 4265 καὶ
3265 4212 3448 4266 λαϐὼν
3489 4211 3644 4270 εὐθὺς,
3667 4202 3802 4258 arma

2342 4306 2458 4376 χρῷ
2492 4305 2552 4359 τὺ
2585 4304 2744 4375 σῶμα
2781 4303 3112 4372 περιελίσσει
3143 4305 3238 4356 καὶ
3270 4303 3571 4374 διασφίγγει
3591 4299 3702 4352 οὔτω
3727 4308 3803 4358 σφο-

2341 4397 2504 4468 δρῶς,
2531 4395 2606 4458 ὡς
2619 4395 2904 4463 διαφαγεῖν
2927 4392 3092 4446 αὑτοῦ
3120 4393 3217 4456 τὰς
3252 4395 3481 4464 σάρκας,
3501 4388 3678 4449 ἁπαλάς
3693 4401 3731 4435 τε
3748 4379 3800 4432 οὗ·

667 4488 840 4544 arcte,
880 4491 940 4537 ut
986 4498 1148 4538 exesa
1190 4499 1377 4548 carne,
1417 4501 1542 4554 qua:
1574 4484 1702 4540 istic
1733 4487 1913 4541 mollis
1939 4488 2236 4542 admodum

2345 4506 2445 4552 σας
2467 4488 2557 4540 καὶ
2589 4484 2890 4558 τρυφερᾶς,
2917 4485 3132 4556 γυμνὰς
3164 4485 3344 4538 αὐτῶν
3375 4486 3474 4548 τὰς
3504 4479 3698 4548 πλευρὰς
3721 4475 3801 4525 ἀπ’

667 4585 732 4626 ac
762 4579 952 4627 tenera
973 4582 1076 4636 est.
1109 4575 1269 4629 nuda:
1296 4588 1459 4630 costae
1487 4585 1790 4630 exstarent.
1819 4576 2034 4646 Corpus
2057 4580 2240 4648 itaque

627 4663 1042 4718 .ezulceratum
1087 4665 1321 4735 pessime
1371 4666 1603 4733 habere;
1637 4677 1690 4721 et
1747 4668 1994 4722 ulcerum
2038 4670 2239 4736 sanies,

669 4762 931 4808 concreto
953 4756 1218 4826 sanguine
1247 4756 1430 4819 mista,
1454 4773 1698 4826 pannoso
1715 4758 1941 4812 amictui
1974 4742 2244 4828 congluti-

669 4845 811 4898 nari.
871 4845 922 4898 ls
978 4861 1108 4901 vero
1167 4847 1263 4916 qui
1313 4848 1428 4902 haec
1472 4851 1803 4916 patiebatur,
1844 4851 2022 4906 nihilo
2070 4853 2243 4922 magis

667 4931 920 4988 dolorum
942 4937 1241 4992 acerbitate
1259 4941 1724 5005 commovebatur,
1745 4959 1909 5012 quam
1939 4943 1982 4997 si
2001 4944 2241 5002 alienum

669 5039 873 5093 corpus
921 5042 1062 5096 aegre
1099 5029 1404 5086 habuisset.
1468 5031 1666 5086 Verum
1705 5050 1958 5106 processu
1978 5041 2236 5109 temporis

675 5118 1061 5176 tantusfetore
1093 5120 1544 5187 putrescentibus
1601 5124 1882 5180 ulceribus
1947 5136 2242 5196 generatus

672 5216 778 5270 est,
829 5217 888 5260 ut
921 5207 986 5260 ad
1045 5211 1344 5264 multorum
1395 5228 1558 5268 nares
1596 5214 1836 5280 delatus,
1884 5220 2065 5286 gravis
2097 5227 2242 5272 esset

673 5299 976 5358 monachis.
1014 5300 1122 5354 into
1143 5311 1198 5356 et
1220 5301 1322 5372 ipsi
1352 5303 1548 5358 Joanni
1575 5322 1589 5359 :
1617 5307 1977 5376 quamobrem
2010 5323 2244 5379 percun-

669 5392 950 5447 ctantibus
988 5393 1095 5448 illis
1128 5395 1434 5463 gravissimi
1461 5397 1650 5452 odoris
1677 5415 1918 5460 causam,
1946 5409 2242 5470 praetextas

670 5499 884 5553 semper
905 5484 1119 5554 aliquos
1139 5502 1237 5556 pro
1263 5489 1349 5542 sui
1365 5491 1700 5560 purgatione
1725 5491 2242 5564 comminiscebatur

669 5577 902 5646 Symcon
929 5594 942 5629 :
968 5577 1144 5634 donec
1171 5595 1268 5650 per
1286 5580 1479 5636 rimam
1506 5582 1758 5636 fenestra:
1784 5584 2099 5653 speculatus
2123 5599 2242 5638 mo-

671 5668 971 5724 nachorum
997 5671 1254 5739 quidam:
1278 5673 2053 5769 conspicati:sque-sanguinis
2103 5692 2242 5746 pure

671 5761 816 5812 nnsti
859 5770 1133 5844 stagnum,
1175 5764 1346 5820 'discit
1379 5765 1628 5820 dolorum
1669 5761 1791 5837 ejus
1821 5783 2117 5834 arcanum;
2161 5779 2243 5823 at-

2340 4577 2540 4641 δεῖξαν.
2573 4577 2824 4628 Ἥλκωτο
2853 4574 2951 4644 μὲν
2971 4570 3062 4627 οὖν
3089 4573 3236 4642 αὐτῷ
3258 4574 3320 4626 τὸ
3346 4573 3523 4643 σῶμα,
3544 4570 3620 4622 καὶ
3640 4563 3800 4628 τούτους

2341 4665 2520 4739 εἶχεν·
2565 4669 2621 4721 οἵ
2663 4685 2723 4720 τε
2756 4667 2864 4720 τῶν
2900 4665 3073 4720 ἑλκῶν
3117 4666 3309 4736 ἰχῶρες
3360 4667 3547 4734 αἵμασι
3592 4653 3798 4723 πεπηγόσιν

2344 4759 2792 4829 ἁνακιρνάμενοι,
2821 4757 2898 4828 τῷ
2933 4757 3173 4828 τρυχίνῳ
3205 4756 3614 4826 συγκεκόλλυντο
3631 4741 3798 4820 ῥάχινό

2340 4851 2397 4904 δὲ
2426 4849 2675 4919 καθάπερ
2717 4847 2902 4916 σαφῶς
2953 4845 3113 4899 ἄλλου
3159 4848 3480 4916 πάσχοντος,
3509 4841 3628 4897 οὔτω
3662 4833 3734 4888 τῶν
3759 4830 3796 4877 ἐκ

2342 4941 2434 4995 τοῦ
2481 4940 2734 5011 σώματος
2789 4938 3094 5007 ἀλγηδόνων
3133 4938 3442 5008 ὑπερεώρα,
3484 4934 3578 4989 Τοῦ
3610 4919 3793 4999 χρὰιονίὲ

2342 5033 2438 5087 καὶ
2465 5029 2726 5085 δυσωδίαν
2761 5031 3068 5093 ἐντεκόντος
3099 5034 3209 5093 τοῖς
3245 5029 3477 5094 ἕλκεσιν,
3503 5027 3568 5090 ὡς
3596 5023 3672 5094 ήδη

2344 5125 2504 5195 αῦτη,
2539 5125 2635 5177 καὶ
2676 5122 2887 5176 πολλῶν
2921 5122 3184 5192 ὀσφρήσει
3217 5121 3607 5194 προσϐάλλουσα
3632 5107 3794 5195 αἴσθησῆι

2341 5233 2403 5269 τε
2439 5190 2551 5279 τοίς
2587 5217 2840 5286 μοναχοῖς
2868 5190 3009 5267 ἀλλᾶ
3033 5190 3136 5285 καὶ
3164 5212 3241 5284 τῷ
3261 5190 3490 5283 ’Ἰωάννῃ
3509 5207 3731 5276 παρεῖχεν.
3755 5190 3793 5293 ρί

2347 5307 2445 5377 μὲν
2474 5304 2832 5359 ἐπυνθάνοντο
2854 5306 2948 5375 τῆς
2974 5305 3148 5374 ὀσμῆς
3182 5307 3278 5374 τὴν
3309 5306 3482 5358 αἰτίαν
3499 5319 3511 5331 ·
3537 5303 3564 5353 ό
3584 5298 3630 5351 δὲ
3652 5294 3794 5382 Συμεςδτ

2343 5399 2646 5469 προφάσεις
2697 5398 2848 5461 τινὰς
2897 5399 2974 5460 εἰς
3017 5395 3314 5469 ἀπολογίαν
3347 5374 3792 5472 tantum“?

2342 5467 2440 5562 τῆς
2468 5467 2679 5560 θυρίδος
2709 5490 2815 5542 τῶν
2851 5489 3100 5560 μοναχῷν
3128 5467 3211 5551 ﬂii
3241 5467 3787 5568 7:3?“05‘99’i‘m’wji

2347 5559 2482 5655 μνας
2513 5582 2762 5656 αἱμάτων
2795 5581 3012 5656 ἕλκεσιν
3043 5559 3494 5653 ἀναπεφυρμένας
3518 5575 3636 5632 ἰδὼν.
3659 5559 3792 5658 imo?-

2344 5693 2426 5728 νει
2479 5675 2541 5728 τὸ
2585 5674 2679 5727 τοῦ
2717 5673 2924 5738 πάθους
2967 5665 3286 5748 μυστήριον,
3337 5674 3430 5728 καὶ
3469 5661 3716 5738 παραυτίκα
3735 5666 3794 5711 τις

2345 5755 2479 5831 θέας’
2500 5765 2796 5836 ὲπαγγέλει
2829 5766 2906 5837 τῷ
2947 5766 3189 5840 Ἰωάννη.
3217 5768 3326 5823 Καὶ
3353 5769 3412 5833 ὃς
3435 5766 3524 5820 οὐκ
3545 5757 3668 5825 ὀλίγα
3683 5749 3787 5801 6cm-
