3944 6490
52 372 242 437 3013
1140 386 1313 445 vrm
1358 389 1397 445 Α
1442 384 1877 447 NICEPHono
1916 384 2401 444 CONSCRIPTA-
3263 366 3431 445 3014‘

58 494 387 565 πεδήσας
439 495 739 563 ἀναγκάζει
777 498 867 551 τὸν
896 498 1124 570 Συμεὼν
1164 497 1294 574 ἆραι
1340 502 1479 557 κατὰ
1525 522 1615 572 μικ

1851 517 1933 571 lue
1971 499 2239 555 continuo
2272 497 2341 551 ab
2373 495 2481 549 hoc
2534 493 2849 564 spectaculo
2881 493 2947 548 ad
2975 493 3237 550 Joannem
3267 513 3408 551 nun-

60 584 145 637 τὸ
183 585 447 655 σχοινίον
466 602 481 616 ο
512 586 744 655 ἀρθῆναι
764 587 873 658 γὰρ
892 588 1087 660 ἀθρόον
1106 590 1206 643 ούκ
1230 588 1319 662 ἦν,
1338 592 1616 662 ὲκδαπανῆ

1852 593 2064 646 iaturus
2094 590 2325 644 accedit.
2373 588 2422 642 Is
2464 594 2650 640 autem
2702 601 2811 639 non
2862 585 3075 640 modice
3114 586 3307 641 dolens
3354 598 3408 642 et

64 675 203 744 ἥδη
271 676 382 729 καὶ
432 676 703 745 διασῆψαν
737 678 837 740 τὰς
877 680 1107 750 σάρκας,
1154 682 1252 735 καὶ
1300 682 1528 748 ταύταις
1565 686 1621 755 ἃ)

1849 693 2237 747 :onsternatus,
2269 682 2441 754 adigit
2470 680 2824 752 Symeonem,
2871 692 2933 733 ut
2979 680 3181 734 sensim
3225 678 3406 733 funem

71 771 336 825 ὀστέων
368 770 745 839 ἑγκοιλανθὲν.

1848 778 2067 843 iufcrat;
2119 791 2247 831 nam
2300 774 2591 829 confestim
2627 772 2876 828 solvendi
2925 772 3074 825 nulla
3102 785 3230 840 spes
3267 780 3405 830 erat,

1826 880 2019 941 utpote
2068 870 2163 939 qui
2194 869 2305 940 jam
2338 867 2683 936 consumptis
2709 876 2765 918 et
2796 863 3121 934 putrefactis
3150 862 3411 917 carnibus

572 1020 575 1029 ι
1824 962 1891 1016 ad
1940 977 2064 1016 ossa
2107 976 2283 1030 usque
2317 964 2680 1027 penetrasset.

171 1034 249 1089 λ’.
274 1035 725 1107 Περιερχομὲνου
746 1035 805 1090 δὲ
824 1036 1039 1102 τούτου,
1060 1039 1154 1091 καὶ
1173 1038 1384 1108 δάκρυα
1406 1041 1725 1112 προστιθέν-

1889 1053 1976 1107 30.
2008 1054 2236 1107 Interim
2288 1050 2355 1105 ad
2392 1050 2678 1118 amplexus
2730 1052 3118 1117 properantem
3173 1043 3405 1115 Symeo—

88 1142 209 1187 τος
240 1126 492 1196 καρδίας
521 1127 799 1197 δήγματα,
830 1127 1070 1199 ἐπετίμα
1097 1131 1128 1182 δ
1161 1130 1418 1202 Ἰωάννης
1442 1135 1537 1187 καὶ
1557 1152 1645 1206 πρ‹

1856 1161 1973 1209 [ειη.
2022 1146 2403 1216 lacrymasque
2436 1141 2660 1196 contriti
2693 1138 2877 1193 cordis
2904 1138 3119 1191 indices
3151 1136 3413 1206 adjicien-

89 1217 377 1284 ωνείδιζε
402 1219 779 1289 φιλοστόργος’
802 1220 896 1290 Μὴ
922 1221 1078 1291 δῆτα,
1111 1221 1305 1291 λέγων,
1329 1218 1374 1278 ὦ
1402 1226 1610 1292 τέκνον,

1848 1251 1957 1295 em.
1988 1236 2239 1305 increpat
2268 1234 2508 1290 Joannes
2550 1228 2895 1302 paterneque
2954 1228 3205 1297 obiurgat
3242 1244 3257 1280 :
3290 1227 3405 1280 Non

94 1309 303 1374 οὕτως
324 1310 527 1365 ἑαυτοῦ
549 1314 753 1384 χρῆναι
776 1314 896 1368 λίαν
923 1316 1356 1388 άφιλανθρώπως
1382 1318 1548 1390 ἔχειν.
1588 1321 1646 1374 Ὀ

1849 1328 2094 1391 >rofecto,
2141 1327 2215 1379 mi
2255 1325 2354 1388 fili,
2394 1323 2673 1392 inquiens,
2722 1336 2831 1373 non
2885 1320 2959 1373 ita
3012 1318 3306 1373 barbarum
3354 1316 3406 1370 in

96 1402 247 1455 τότε
284 1404 392 1474 μὲν
421 1407 718 1475 πατρικαῖς
751 1408 1137 1478 ὲπιτιμήσεσιν
1179 1410 1353 1476 εῐεας,
1386 1410 1622 1466 ἀπέθετο

1853 1418 2051 1471 nodum
2102 1431 2306 1485 corpus
2346 1423 2585 1468 tractare
2629 1412 2710 1466 fas
2743 1411 2845 1465 tibi
2877 1419 2981 1465 est.
3030 1408 3132 1464 Cui
3165 1416 3410 1478 paternae

104 1494 372 1564 σχοινίον
389 1511 407 1527 ο
438 1496 577 1565 μετὰ
597 1497 850 1552 δὲταῦτα
868 1498 1162 1568 λαμϐάνων
1182 1502 1318 1555 αύτδ
1339 1503 1499 1557 πάλιν
1523 1504 1661 1574 ὀμοίι

1848 1508 2171 1580 :astigationi
2197 1507 2294 1560 ille
2327 1513 2459 1559 tunc
2482 1503 2707 1573 quidem
2743 1501 2969 1565 cedens,
2999 1500 3184 1553 funem
3218 1497 3405 1553 solvit:

106 1588 561 1658 τεεριιιλίσσετο,
595 1591 658 1643 οὐ
694 1591 833 1661 μετὰ
877 1592 978 1660 τῆς
1014 1593 1185 1663 αὐτῆς
1230 1594 1497 1662 σφίγξεως
1535 1595 1567 1666 ἢ
1607 1596 1663 1647 δι

1853 1616 2014 1656 erum
2047 1600 2195 1654 haud
2236 1600 2309 1651 ita
2346 1597 2520 1651 multo
2552 1604 2678 1666 post
2706 1602 3048 1663 resumptum
3094 1592 3278 1646 denuo
3301 1590 3410 1644 cir-

105 1679 370 1742 τάσεως,
424 1679 563 1735 ἀλλὰ
621 1682 946 1752 χαυνότερόν
1000 1700 1118 1747 πως
1174 1685 1270 1738 καὶ
1321 1686 1662 1757 φορητὸτεροε

1852 1709 1950 1748 um
1978 1706 2182 1762 corpus
2215 1689 2495 1751 astrinxit,
2538 1687 2793 1757 quamvis
2839 1700 2949 1739 non
3000 1693 3109 1738 tam
3152 1692 3305 1737 arcte
3353 1690 3409 1736 et

112 1769 440 1835 ἐσπούδαζε
487 1771 597 1843 γὰρ
626 1772 970 1838 ὑπωπιάζειν
1008 1774 1096 1827 ἀεὶ
1124 1774 1189 1827 τὸ
1220 1773 1380 1845 σῶμα
1427 1776 1522 1829 καὶ
1552 1793 1669 1829 κατι

1851 1787 2121 1846 'iolenter,
2168 1782 2266 1837 sed
2293 1782 2576 1851 aliquanto
2607 1780 2786 1833 laxius
2815 1776 3269 1843 tolerabiliusque
3302 1787 3408 1827 :eo

113 1860 391 1963 τρύχεινἶ
414 1836 544 1963 τούς
568 1836 1049 1936 *ἐπανισταμένους
1072 1864 1132 1932 ἐξ
1159 1836 1325 1920 αὐτού
1350 1869 1414 1938 τῇ
1439 1867 1584 1939 ψυχῇ
1619 1886 1670 1920 τις

1854 1880 2034 1950 [uippe
2060 1874 2349 1947 Symeonis
2371 1836 2504 1927 cura
2533 1871 2714 1925 omnis
2741 1868 3089 1930 intendebat,
3116 1836 3411 1935 ut-corpus

121 1952 343 2021 λέμους
366 1952 581 2008 ἀκούων
597 1971 611 1986 ⁸
637 1955 781 2027 ἅπερ
802 1956 986 2026 ἐξίστη
1008 1958 1137 2021 τοὺς
1162 1959 1430 2028 μοναχοὺς
1458 1962 1517 2012 ὲν
1538 1961 1678 2029 ήλικί

1849 1986 1992 2026 suum
2025 1968 2324 2038 castigaret
2343 1978 2565 2033 semper
2587 1972 2645 2017 et
2667 1961 2723 2014 in
2742 1960 3069 2015 servitutem
3104 1956 3406 2026 redigeret.

124 2042 383 2111 μαλίστα
421 2043 649 2118 τοιαύτῃ
692 2046 970 2117 γινόμενα.
1014 2048 1234 2103 Αίτοῦσι
1268 2050 1450 2105 τοίνυν
1492 2052 1681 2106 άκοῦσι

1854 2062 2003 2117 irohe
2026 2060 2241 2115 scilicet
2267 2056 2442 2128 ignari
2467 2062 2673 2124 quanta
2700 2052 2829 2105 inde
2856 2051 3046 2120 praelia
3084 2048 3411 2103 immineant

121 2135 336 2203 λόγους
384 2136 514 2206 παρ’
561 2138 698 2209 αὐτῇ
747 2138 1037 2208 σωτηρίας,
1068 2140 1166 2195 καὶ
1194 2143 1224 2195 ὁ
1253 2142 1481 2211 Συμεὼν
1509 2143 1678 2212 ὁμιλία

1854 2154 2044 2209 mimaa.
2069 2152 2203 2217 Qua:
2230 2165 2343 2211 res,
2386 2148 2443 2201 in
2481 2147 2572 2201 tali
2608 2144 2915 2215 pmsertim
2951 2150 3133 2203 atate,
3179 2140 3411 2210 perculit

125 2224 303 2291 αὖθις
355 2227 655 2299 ἁψάμενος,
689 2229 739 2301 ἢν
764 2230 845 2302 τῷ
885 2230 1183 2286 ὲνοικοῦντι
1229 2232 1433 2305 μᾶλλον
1470 2234 1682 2305 κινούμι

1853 2246 2190 2301 Vehementer
2216 2240 2540 2303 monachos,
2572 2244 2833 2305 rogantes
2883 2233 3054 2287 verba
3095 2231 3297 2286 salutis
3341 2230 3410 2283 ab

126 2335 231 2382 νος
285 2320 588 2391 Πνεύματι,
643 2313 690 2391 ᾧ
742 2321 842 2377 καὶ
890 2322 999 2394 πρὸ
1056 2325 1339 2395 μητρικῶν
1384 2325 1591 2379 ὠδίνων
1636 2327 1683 2390 ἐξ

1856 2353 1926 2393 »τε
1952 2337 2126 2407 ipsius
2151 2333 2410 2402 excipere
2434 2330 2543 2386 sibi
2584 2329 2769 2381 denuo
2823 2336 2884 2380 ut
2915 2325 3129 2380 liceret.
3172 2322 3287 2377 Nec
3316 2321 3413 2375 ab-

132 2410 346 2465 gnﬂo'
1831 2442 2014 2485 nuens
2042 2426 2306 2496 Symeon,
2344 2422 2567 2476 interno
2626 2419 2862 2489 Spiritu,
2889 2431 2919 2471 a
2941 2431 3052 2486 quo
3095 2422 3409 2471 maternum

1831 2528 1959 2574 ante
1992 2526 2213 2588 partum
2241 2515 2458 2568 electus
2504 2510 2709 2574 fuerat,
2768 2514 3045 2572 movente,
3092 2503 3414 2576 aggreditur

1833 2611 2043 2665 dicere.
2666 2651 2671 2655 .

219 2672 324 2777 λα’.
351 2673 598 2777 ματέρες
630 2673 763 2777 ἐφηἱ
788 2675 880 2727 καλ⁵
904 2675 1145 2743 ἀδελφοὶ,
1172 2678 1235 2730 ού
1274 2679 1380 2748 χρὴ
1412 2677 1503 2732 τὸν
1534 2678 1729 2733 άσύνε-

1901 2703 1960 2755 51
1978 2704 2197 2755 .Patres
2222 2700 2555 2766 fratresque,
2584 2692 2892 2762 inquiebat,
2920 2690 3028 2745 mei
3060 2706 3171 2743 non
3192 2703 3412 2758 mquam

138 2781 241 2863 πον
278 2764 379 2863 ἐμὲ
400 2765 527 2863 περὶ
557 2764 833 2835 σωτηρίας
862 2766 1039 2836 ψυχῆς
1068 2768 1135 2837 τῇ
1167 2767 1410 2840 ὑμετέρᾳ
1436 2768 1597 2839 πολιᾷ
1617 2769 1695 2822 δια

1858 2800 1940 2856 est,
1979 2807 2064 2846 me
2102 2792 2322 2863 ingenio
2364 2798 2471 2842 tam
2514 2784 2778 2839 imbecrlli
2849 2782 2917 2836 ad
2972 2782 3122 2835 hunc
3170 2788 3415 2834 vestrum

143 2854 405 2924 λέγεσθαι
430 2870 447 2887 θ
475 2856 625 2925 ὅμως
651 2857 778 2910 ἐπεὶ
804 2860 1091 2926 πατρικοῖς
1121 2859 1306 2913 οὐκέτι
1344 2860 1419 2930 μὴ
1447 2860 1700 2915 πείθεσθε

1859 2884 2035 2939 :anitie.
2078 2881 2456 2938 venerandum
2474 2888 2679 2933 cretum
2716 2875 2886 2928 verba
2912 2874 3131 2926 facere:
3157 2870 3255 2927 sed
3312 2885 3416 2924 nec

144 2945 355 3050 λόγοις.
387 2946 589 3050 Ἔργον
623 2947 858 3017 μοναχοῦ
896 2947 995 3018 τὴν
1018 2949 1351 3021 ἐγκράτειαν
1382 2947 1556 3021 οἶμαι,
1591 2952 1701 3006 ὥστ

1861 2990 2053 3045 equum
2088 2984 2174 3028 est
2206 2973 2491 3027 seniorum
2517 2968 2681 3023 dictis
2714 2980 2825 3019 non
2888 2964 3293 3031 obtemperare.
3327 2960 3418 3014 Sic

146 3038 381 3137 qpspciv
424 3038 573 3109 αύτῷ
617 3039 714 3101 τὰς
744 3039 839 3092 τοῦ
885 3038 1136 3111 σώματος
1173 3042 1387 3110 ἡδονὰς,
1419 3044 1595 3115 ἔχοντι
1635 3046 1700 3117 τὴ

1862 3067 2002 3137 gitur
2048 3064 2306 3119 existimo
2337 3104 2353 3127 ,
2406 3076 2473 3115 eo
2530 3056 2924 3113 connitendum
2973 3069 3095 3109 esse
3148 3051 3419 3106 monacho

149 3130 334 3240 sit:th
367 3131 423 3181 ἐν
452 3132 665 3232 εἰρή-νῃ,
697 3132 761 3185 τό
794 3150 855 3186 τε
900 3134 1143 3205 συνεχῶς
1174 3135 1418 3204 ψάλλειν,
1445 3136 1542 3190 καὶ
1579 3138 1703 3191 άδια

1861 3155 2138 3224 praecipue,
2193 3153 2491 3209 continens
2540 3157 2601 3202 ut
2642 3148 2750 3210 sit;
2800 3155 2859 3199 ut
2919 3144 3118 3198 nuntio
3165 3141 3418 3210 corporis

154 3222 386 3316 λείπτως
415 3222 493 3291 τῷ
521 3222 599 3291 νῷ
624 3224 1023 3294 προσεύχεσθαι
1041 3244 1055 3257 ·
1080 3226 1240 3297 ἔργον
1276 3228 1511 3297 μοναχοῢ
1544 3230 1711 3301 ma.

1863 3222 2221 3316 'oluptatibus
2279 3242 2550 3304 remisso,
2605 3237 3057 3308 tranquillitatem
3122 3248 3420 3303 pacemque

156 3332 261 3384 πη,
297 3314 388 3366 καὶ
416 3316 450 3385 ἡ
476 3315 615 3383 μετὰ
649 3318 912 3387 ταπεινῆς
942 3318 1168 3391 καρδίας
1191 3320 1427 3389 ὑπακοὴ,
1453 3321 1521 3374 δι’
1542 3315 1609 3392 ἦς
1639 3323 1713 3375 κα

1863 3337 2343 3397 ιηίιῐιίοοῐιεετνει,
2396 3342 2457 3387 ut
2518 3331 2872 3386 continenter
2922 3327 3145 3397 psallat,
3194 3340 3260 3380 ac
3297 3323 3420 3379 sine

156 3404 388 3477 Χριστὸς
419 3403 530 3460 εἷλε
558 3406 651 3460 τὸν
691 3407 942 3472 θάνατον,
969 3410 1260 3480 γενόμενος
1303 3410 1544 3481 ὑπήκοος
1575 3413 1712 3483 μέχρ

1865 3428 2250 3484 ntermissione
2274 3424 2503 3480 mentali
2528 3430 2686 3477 vacet
2724 3418 2986 3475 orationi.
3022 3418 3100 3473 Eo
3129 3415 3422 3471 conniten—

161 3498 413 3563 Θανάτου,
438 3498 668 3554 θανάτου
691 3500 749 3554 δὲ
775 3503 1033 3571 σταυροῦ,
1061 3502 1148 3555 ἵνα
1184 3504 1284 3567 τὰς
1318 3503 1475 3556 ὲπιθυ
1484 3504 1613 3573 μίας
1633 3507 1718 3576 τῆς

1861 3522 1968 3575 lum
1995 3518 2289 3580 monacho,
2312 3516 2584 3571 charitatc
2608 3511 2898 3574 utardeat,
2933 3518 2989 3565 et
3022 3506 3193 3563 corde
3226 3505 3418 3560 humili

164 3590 363 3683 σαρκδς
405 3593 499 3645 καὶ
541 3594 703 3663 ἡμεῖς
742 3593 810 3646 δι’
841 3594 1037 3657 αὐτοὺς
1081 3593 1502 3665 θανατώσωμεν,
1528 3597 1647 3650 τότε
1677 3597 1721 3648 ἐκ

1861 3609 2474 3681 ινωοὶρῑειιιίοὺεάἰοιτ
2528 3604 2848 3663 obedientia
2902 3602 3115 3671 quippe
3161 3609 3267 3662 est.
3317 3614 3418 3668 per

163 3682 542 3753 ἐξομολογήσει
574 3683 802 3749 κλαίειν,
836 3687 932 3738 καὶ
960 3687 1019 3739 ὲν
1044 3688 1303 3759 συντριϐῇ
1337 3689 1565 3759 καρδίας
1596 3688 1673 3753 ὡς
1708 3694 1720 3742 ἐ

1869 3719 2004 3772 ,uam
2032 3701 2292 3757 Christus
2321 3700 2439 3767 ipse
2498 3697 2641 3751 mori
2694 3694 2887 3764 elegit,
2941 3692 3117 3746 factus
3159 3689 3426 3744 obedienc

164 3772 409 3846 Τελώνης
443 3775 862 3847 προσεύχεσθαι,
898 3778 1069 3853 φωνή¹
1095 3796 1154 3832 τε
1188 3779 1502 3850 σύμμετρος
1539 3783 1633 3836 καὶ
1656 3781 1721 3836 λό

1868 3809 2014 3864 Isque
2047 3792 2115 3847 ad
2139 3800 2396 3854 mortem,
2425 3795 2659 3842 mortem
2687 3794 2875 3841 autem
2911 3781 3117 3844 crucis,
3155 3788 3216 3833 ut
3244 3786 3302 3834 et
3322 3793 3425 3833 nos

163 3887 262 3937 γος
292 3868 569 3939 εὔτακτος,
599 3872 697 3925 καὶ
721 3872 756 3943 ἡ
786 3874 843 3925 ὲν
869 3872 1137 3943 πραότητι
1179 3875 1273 3928 καὶ
1302 3875 1501 3945 ἡσυχίᾳ
1535 3876 1720 3945 διαγω·

1862 3882 2114 3939 lesideria
2145 3880 2334 3935 carnis
2356 3884 2561 3933 nostrae
2591 3891 2690 3945 per
2722 3875 2897 3943 ipsam
2931 3868 3419 3924 mortificaremus.

167 3962 263 4029 γὴ.
296 3962 492 4032 Ἐργον
533 3963 791 4034 μοναχοιλ
825 3964 886 4018 τὸ
926 3965 1000 4036 μὴ
1036 3965 1257 4037 ὀμνύειν
1284 3968 1442 4032 ὅλως,
1470 3968 1611 4039 πλὴν
1642 3970 1724 4023 toi

1867 3976 1924 4031 Eo
1960 3987 2183 4043 quoque
2210 3969 2609 4026 connitendum
2666 3964 2963 4025 monacho,
2992 3971 3056 4016 ut
3102 3960 3158 4015 in
3200 3958 3424 4015 confes-

170 4054 461 4110 Πίστευσον
478 4054 513 4123 ἦ
536 4054 921 4127 Συγχώρησον,
958 4058 993 4129 ἧ
1031 4076 1089 4111 τε
1117 4059 1226 4113 τῶν
1256 4063 1352 4131 τῆς
1376 4060 1727 4132 φιλαργυρίας

1866 4066 1998 4119 .ione
2023 4062 2225 4132 ploret,
2255 4059 2609 4128 contritoque
2632 4056 2799 4111 corde
2819 4069 2944 4109 eum
2971 4051 3267 4122 publicano
3292 4064 3423 4119 pre-

175 4146 478 4201 σκανδάλων
500 4149 670 4218 φυγὴ,
703 4150 796 4202 καὶ
820 4150 853 4220 ἡ
883 4150 989 4202 τῶν
1016 4150 1186 4204 ὄντων
1223 4152 1529 4219 μετάδοσις,
1565 4155 1732 4208 καὶτὸ

1864 4171 1936 4211 :es
1956 4170 2086 4209 suas
2140 4152 2337 4207 fundat
2366 4149 2433 4205 ad
2477 4148 2817 4204 Dominum:
2861 4155 2923 4200 ut
2961 4161 3069 4199 vox
3115 4141 3421 4206 moderata,

178 4239 252 4311 μὴ
286 4241 441 4310 μόνον
489 4242 624 4313 μηδὲ
677 4244 809 4297 ποτέ
848 4260 992 4306 τινος
1034 4244 1391 4308 καταλαλεῖν,
1422 4246 1558 4300 ἀλλὰ
1604 4247 1735 4317 μηδὲ

1865 4261 2027 4302 .ermo
2052 4244 2316 4299 decenter
2346 4240 2710 4310 compositus,
2740 4246 2907 4306 atque
2946 4235 3129 4290 omnis
3150 4302 3153 4303 ν
3176 4234 3233 4288 in
3264 4248 3422 4287 man-

175 4332 596 4396 καταλαλοῦντος
618 4334 927 4405 ἀνέχεσθαι,
954 4338 1295 4407 συμπάσχειν
1320 4356 1379 4391 τε
1409 4342 1522 4403 τοῖς
1545 4341 1603 4393 ἐν
1627 4340 1732 4394 ὀδύ·

1875 4337 2139 4395 uetudine
2159 4346 2217 4392 et
2244 4334 2648 4403 tranquillitate
2669 4329 3021 4385 conversatio
3058 4327 3152 4382 sit.
3179 4327 3261 4381 Eo
3287 4339 3425 4381 con-

174 4438 261 4498 νῃ,
281 4423 371 4478 καὶ
386 4425 628 4494 ἀδελφῶν
649 4427 814 4489 πόδας
833 4427 1066 4494 νίπτειν,
1084 4429 1177 4482 καὶ
1194 4432 1311 4492 ταῖς
1334 4431 1513 4484 αὐτῶν
1530 4433 1731 4503 χρείαις

1866 4430 2146 4487 nitendum
2177 4427 2473 4490 monacho,
2506 4433 2657 4478 utne
2678 4419 3093 4493 juretomnino,
3129 4418 3225 4473 sed
3246 4417 3423 4472 solum

174 4516 546 4582 διακονεῖσθαι,
564 4518 624 4571 τό
650 4534 707 4572 τε
740 4518 815 4589 μὴ
844 4519 938 4572 τοῦ
961 4518 1198 4590 χαλεποῦ
1229 4520 1434 4586 πάθους
1458 4524 1554 4594 τῆς
1577 4524 1731 4595 ύπερ-

1871 4525 2017 4588 lieat,
2048 4522 2247 4586 Crede,
2282 4521 2389 4582 vel,
2420 4521 2645 4590 Ignosce
2674 4534 2689 4584 ;
2719 4529 2781 4571 ut
2827 4515 3146 4571 scandalum
3184 4510 3428 4568 avaritia

177 4609 401 4679 ηφανίας
423 4610 704 4679 ἡττᾶσθαι,
725 4611 858 4665 ἀλλὰ
888 4612 1103 4666 πάντων
1133 4613 1357 4684 ἔσχατον
1385 4615 1577 4670 ἑαυτὸν
1598 4612 1734 4671 εἶναι

1869 4619 2128 4683 leclinet;
2189 4623 2247 4670 ut
2296 4614 2584 4668 facultates
2644 4626 2772 4665 suas
2820 4608 3151 4673 distribuat;
3204 4613 3267 4659 ut
3313 4621 3426 4658 non

180 4700 439 4771 ἡγεῖσθαι.
1851 4709 2017 4764 modo
2066 4719 2346 4774 nunquam
2409 4702 2477 4756 de
2530 4699 2755 4755 alterius
2810 4697 2952 4751 fama
3003 4693 3287 4754 detrahat,
3329 4690 3425 4746 sed

181 4798 336 4852 etiam
365 4812 435 4852 ne
467 4797 605 4854 ferat
624 4798 849 4869 quidem
880 4798 1294 4866 detrahentem;
1334 4809 1395 4856 ut
1435 4804 1801 4875 compatiatur
1839 4804 1892 4858 in
1924 4804 2075 4857 luctu
2107 4800 2336 4870 positis;
2376 4805 2436 4852 ut
2465 4796 2694 4850 fratrum
2727 4794 2899 4863 pedes
2922 4794 3066 4848 lavet
3096 4788 3430 4857 utilitatique

184 4895 429 4959 studeat;
467 4903 527 4948 ut
556 4895 868 4966 periculosa
904 4897 997 4952 illa
1026 4894 1537 4967 animigpassione,
1580 4895 1847 4966 superbia
1891 4894 2039 4965 dico,
2080 4906 2192 4945 non
2252 4896 2572 4959 superetur,
2629 4884 2726 4939 sed
2791 4884 3037 4951 omnium
3088 4889 3427 4951 postremum

185 5004 241 5043 se
279 4999 510 5052 reputet.
1160 5058 1163 5061 Α
1218 5024 1219 5027 η
1724 5020 1725 5023 η

252 5084 346 5157 λβ’.
379 5088 578 5157 Ἔργον
619 5088 938 5159 μοναχοῦηπ
990 5089 1070 5151 εἰς
1116 5087 1324 5151 πάντας
1368 5089 1641 5157 μεγάλους
1681 5104 1742 5141 τε

1896 5080 2009 5134 ⁷52.
2054 5078 2133 5132 Eo
2183 5072 2583 5131 connitendum
2637 5069 2928 5133 monacho,
2976 5074 3038 5121 ut
3079 5082 3277 5123 mones
3316 5078 3425 5124 tam

188 5179 278 5233 καὶ
334 5181 562 5250 μικροὺς
586 5220 602 5242 ,
630 5179 876 5245 ἐνδόξους
905 5181 1001 5233 καὶ
1045 5180 1286 5247 ἀδόξους,
1324 5181 1617 5244 πλουσίους
1648 5180 1743 5234 καὶ

1873 5186 2079 5243 nagnos
2106 5184 2271 5239 quam
2304 5181 2523 5237 parvos,
2560 5174 2667 5218 tam
2714 5162 2985 5232 gloriosos
3031 5176 3199 5229 quam
3253 5161 3430 5231 inglo-

191 5272 433 5340 πένητας,
472 5272 547 5335 ὡς
586 5274 665 5336 εἰς
692 5274 854 5327 αὑτὸν
878 5274 1112 5344 Χριστὸν
1145 5274 1286 5344 ἁγνὴ
1330 5273 1653 5343 φιλαδελφία
1680 5291 1741 5326 τε

1873 5266 1983 5329 νίοε,
2039 5274 2149 5317 tam
2203 5259 2421 5315 divitiis
2474 5256 2767 5310 afﬂuentes
2824 5269 2987 5322 quam
3042 5266 3266 5323 egenos,
3300 5267 3430 5306 non

188 5366 277 5418 ml.
304 5364 596 5434 φιλοξενία,
628 5366 723 5420 καὶ
770 5367 1110 5436 ὑποκρίσεως
1142 5367 1743 5439 καθαρεύουσαπάσης

1875 5372 2005 5413 ecus
2026 5368 2091 5410 ac
2123 5354 2433 5414 Christum,
2460 5349 2731 5405 charitate
2754 5355 2925 5410 casta,
2946 5344 3327 5414 hoSpitalitate
3372 5353 3432 5399 et.

189 5457 436 5511 διακονία.
469 5458 714 5526 Μοναχὸς
741 5458 849 5529 γὰρ
882 5459 1021 5527 πρὸς
1072 5458 1172 5529 μὲν
1203 5435 1302 5521 τὰς
1361 5459 1505 5511 κατὰ
1536 5435 1746 5527 κόσμον

1866 5448 2134 5516 ιδεειιυὶο,
2186 5445 2371 5501 omnis
2411 5440 2775 5513 hypocriseos
2814 5446 3041 5506 experte
3102 5435 3423 5505 praeveniat.

194 5549 390 5619 βλέπων
423 5550 721 5622 ὑπεροχάς,
747 5526 844 5604 καλ.
869 5526 1138 5623 πρόσωπα
1167 5552 1277 5604 τῶν
1305 5552 1563 5605 τοιούτων
1596 5526 1743 5619 λαμ-

1870 5540 2149 5596 rlonachus
2192 5552 2451 5605 namque,
2499 5532 2595 5602 qui
2649 5530 2733 5591 ad,
2776 5544 2963 5584 rerum
3021 5526 3427 5583 mundanorum

193 5642 377 5705 δάνιον,
410 5619 627 5711 πτωχὸν
656 5642 713 5695 δὲ
736 5642 833 5696 καὶ
867 5619 1074 5712 πένητα
1105 5642 1404 5713 προσιόντα
1427 5642 1526 5694 καὶ
1551 5640 1739 5709 δεόμε-

1871 5632 2192 5702 νριθηῆονειιι
2213 5628 2406 5684 oculos
2436 5624 2672 5685 reﬂexit,
2728 5637 3035 5690 earumque
3066 5619 3293 5690 species
3328 5635 3428 5676 cu-

194 5749 275 5785 νον
326 5732 766 5803 ἀποθούμενος,ό
818 5732 1059 5797 τοιοῦτος
1114 5733 1212 5803 οὐχ
1258 5732 1368 5800 tam
1400 5730 1743 5804 παρρουσίαν

1866 5725 1976 5780 iide
2025 5719 2462 5790 contemplatur,
2512 5713 2829 5772 mendicum
2883 5728 3037 5775 vero,
3097 5724 3423 5781 pauperem-

194 5826 268 5887 εἰς
290 5824 374 5878 τὸν
410 5824 695 5895 νυμφῶνα,
726 5825 785 5878 οὐ
833 5825 889 5878 δὲ
918 5825 1290 5895 ἀπαντήσεται
1319 5865 1332 5888 ,
1366 5822 1485 5876 οὐδὲ
1530 5837 1743 5873 συνεισ-

1871 5832 1954 5887 [ue
1986 5825 2041 5870 et
2079 5828 2310 5886 egenum
2357 5827 2385 5863 a
2427 5825 2486 5863 se
2551 5806 2790 5877 repellit,
2844 5821 2950 5860 non
3015 5804 3337 5859 admittetur
3360 5803 3428 5858 ad
