3988 6486
546 344 690 413 3015
1743 350 1806 414 s.
1847 334 2230 414 SYMEONIS
2264 350 2623 414 JUNIORIS
3668 354 3781 422 3016

546 462 794 535 nuptias,
825 474 931 516 nec
962 466 1154 532 speret
1182 458 1403 515 obviam
1432 458 1642 516 iturum
1695 476 1757 518 se
1794 477 1923 518 cum
1945 465 2121 521 exsul-

2205 510 2211 527 ,
2239 462 2526 517 ελιύδεται
2549 459 2797 534 φαιδρῶς
2824 460 2901 533 τῷ
2918 460 3178 532 ἀθανάτῳ
3202 460 3446 532 νυμφίῳ,
3471 459 3605 515 ἀλλά
3628 463 3780 521 τοῦτον

548 554 757 609 Ratione
792 549 1091 605 immortali
1128 548 1368 621 Sponso,
1390 558 1453 604 ut
1486 566 1611 607 cum
1636 566 1704 607 eo
1743 553 2089 624 ingrediatur
2118 571 2123 608 :

2240 554 2421 626 ἑαυτῷ
2474 553 2726 617 ἐλεεινῶς
2765 551 3106 613 ἀποκλείσει,
3131 551 3199 605 δι’
3226 551 3439 605 ἔνδειαν
3484 550 3659 605 ἐλαίου
3683 556 3782 620 τοὺς

548 645 646 703 sed
677 644 863 716 potius
903 643 1036 701 illud
1070 642 1177 698 sibi
1236 644 1403 698 velim
1476 644 1831 714 persuadeat,
1887 645 2007 701 fore
2054 656 2123 709 ut,

2239 646 2521 717 λαμπάδος
2569 644 3005 715 ἀποσϐεσθείσης
3030 659 3047 677 ο
3073 644 3417 715 ἐλεημοσύνη
3468 644 3577 715 γάρ
3622 645 3784 713 αὐτοὺς

556 740 831 794 exstincta
857 737 929 791 ob
958 736 1069 791 olei
1102 735 1383 791 defectum
1439 736 1715 807 lampade,
1739 738 2131 795 miserabiliter

2239 739 2412 794 ὲλεείν
2464 739 2675 807 πέφυκε
2737 736 3009 810 πρώτους,
3046 737 3141 791 καὶ
3171 738 3429 808 μεγάλων
3487 737 3784 807 ἐξαιρεῖσθαι

551 834 620 887 ab
654 833 773 902 ipso
796 830 1145 886 excludatur.
1176 830 1542 902 Eleemosyna
1590 832 1797 901 quippe
1846 833 2126 888 consuevit

2241 832 2429 886 κακῶν
2456 833 2585 895 τοὺς
2636 831 2836 900 ἑαυτῆς
2882 830 3141 901 ἐργάτας,
3181 830 3343 882 αὑτὸν
3385 830 3596 882 ἐκεῖνον
3634 831 3788 900 ὁμολο-

552 922 992 978 misericordiam
1028 920 1301 990 consequi
1334 920 1466 988 illis,
1511 920 1604 991 qui
1660 921 2055 978 misericordes
2080 922 2127 976 in

2239 924 2441 994 γοῦντα
2468 923 2705 996 Χριστὸν
2738 922 2942 993 ἔχουσα
2962 964 2977 989 ,
3010 924 3105 976 καὶ
3138 924 3217 986 είς
3257 924 3453 977 ἑαυτὸν
3494 922 3786 994 ἀναδεχόμες

550 1030 755 1086 egenos
778 1022 932 1077 sunt,
968 1028 1177 1083 eosque
1211 1013 1480 1083 gravibus
1532 1015 1801 1071 arumnis
1853 1015 2125 1081 liberare;

2240 1033 2349 1081 vov,
2377 1015 2471 1069 τὸν
2531 1017 2613 1078 είς
2651 1017 2777 1077 τοὺς
2827 1015 3067 1086 πένητας
3127 1014 3277 1070 ἔλεον
3302 1031 3316 1046 ·
3368 1014 3499 1083 Ἐφ’
3539 1014 3683 1069 ὅσον
3706 1020 3788 1087 τὰρ

551 1116 792 1163 testante
836 1106 889 1160 id
916 1106 1095 1175 ipsum
1121 1104 1351 1161 Christo
1374 1121 1439 1161 ac
1469 1106 1794 1171 confitente,
1836 1109 2126 1178 prmstitani

2240 1106 2590 1173 ἐποιήσατε,
2604 1109 2796 1178 φησὶν,
2813 1108 2901 1161 ἐνί
2928 1108 3155 1161 τούτων
3176 1106 3296 1161 τῶν
3316 1108 3677 1176 ἐλαχίστων,
3687 1110 3788 1178 ἐμοὶ

550 1198 786 1269 pauperi
822 1198 1290 1263 misericordiam,
1331 1197 1436 1253 sibi
1466 1200 1770 1268 praestitam
1822 1209 2125 1272 reputatum

2239 1199 2567 1269 ἐποιήσατε
2596 1217 2611 1231 ο
2657 1198 2847 1271 ὥσπερ
2873 1203 2901 1253 6
2937 1200 3013 1271 μὴ
3058 1200 3150 1253 τὸν
3178 1201 3409 1269 ἀδελφὸν
3440 1200 3606 1253 ἐλεῶν
3639 1203 3790 1269 πάλιν,

553 1290 647 1346 iri.
673 1291 818 1347 Dicit
841 1292 987 1345 enim
1016 1308 1030 1343 :
1068 1289 1318 1356 Quandiu
1347 1292 1542 1361 fecistis
1566 1294 1661 1347 uni
1684 1310 1748 1347 ea:
1774 1296 1852 1349 his
1884 1296 2128 1361 minimis,

2239 1292 2331 1345 τὸν
2359 1292 2487 1348 Υίθιν
2513 1294 2608 1346 τοῦ
2642 1292 2777 1346 Θεοῦ
2803 1292 2988 1362 σαφῶς
3011 1293 3268 1363 ἧρνηται,
3301 1293 3511 1363 τρόπον
3538 1298 3659 1363 τινὰ
3681 1296 3792 1349 κατὰ

553 1383 683 1436 mihi
716 1382 914 1451 fecistis
937 1382 996 1435 ':
1033 1382 1174 1436 adeo
1200 1392 1263 1436 ut
1318 1382 1414 1452 qui
1442 1398 1554 1437 non
1581 1384 1878 1441 miseretur
1928 1386 2128 1449 fratris,

2242 1387 2368 1448 τοὺς
2388 1386 2780 1449 Σαδδουκαίους
2806 1389 2873 1456 τῇ
2915 1386 3332 1441 ἀναστάσεικαὶ
3351 1388 3525 1448 αὐτὸς
3563 1388 3790 1451 ἀπιστῶν,

554 1473 753 1530 Filium
790 1474 882 1529 Dei
916 1474 1232 1530 censendus
1266 1474 1350 1557 sit
1376 1476 1555 1545 palam
1582 1479 1892 1548 negavisse,
1918 1479 2129 1534 Saddu-

2243 1480 2340 1530 καὶ
2392 1478 2529 1548 πρὸς
2584 1477 2684 1540 τὰς
2730 1478 2943 1532 ἐκεῖθεν
2999 1478 3064 1532 οὐ
3096 1478 3403 1532 διαϐλέπων
3456 1479 3691 1543 ἐλπίδας.
3723 1482 3792 1553 Μὴ

551 1580 695 1622 meos
717 1565 1128 1634 quodammodo
1161 1566 1431 1634 imitatus,
1476 1585 1589 1624 non
1637 1571 1920 1627 credendo
1944 1590 2126 1629 resur-

2242 1568 2337 1623 οῦν
2364 1571 2743 1641 προτιμήσητε
2776 1571 2877 1639 τῆς
2902 1569 2997 1625 τοῦ
3030 1570 3261 1640 ἀδελφοῦ
3289 1571 3488 1641 χρείας
3522 1570 3613 1623 τὸν
3630 1572 3794 1643 ἐγκρυ-

558 1656 863 1713 rectionem
886 1672 1030 1719 esse,
1063 1670 1247 1727 neque
1276 1657 1331 1712 in
1363 1674 1515 1729 spem
1550 1660 1679 1716 inde
1716 1673 2133 1731 promanantem

2242 1662 2511 1731 πτόμενον
2567 1664 2677 1723 τοῖς
2708 1661 2951 1731 χρήμασι
2996 1661 3247 1732 δαίμονα,
3288 1661 3349 1725 ὃς
3382 1663 3485 1716 καὶ
3514 1662 3668 1732 αὐτῷ
3690 1663 3796 1737 Χρι-

553 1749 746 1803 oculos
773 1748 1128 1805 reﬂectendo.
1183 1750 1261 1805 Ne
1310 1751 1479 1822 igitur
1538 1753 1801 1809 latentem
1865 1756 1970 1811 sub
2000 1772 2128 1813 auro

2244 1752 2355 1822 στῴ
2379 1752 2686 1823 τετόλμηκε
2718 1753 3072 1824 προσϐαλεῖν,
3097 1754 3338 1825 είρηκώς
3356 1771 3372 1787 ο
3403 1752 3609 1809 Ταῦτα
3632 1754 3797 1807 πάντα

551 1841 858 1900 dmmonem
907 1844 1083 1917 pluris
1134 1844 1402 1911 feceritis,
1469 1864 1637 1917 quam
1706 1850 2126 1907 necessitatibus

2241 1858 2343 1898 σοι
2368 1843 2552 1908 δώσο,
2572 1846 2680 1899 ἐὰν
2698 1846 2907 1901 πεσὼν
2921 1850 3369 1916 προσκυνήσῃς
3377 1862 3511 1918 μοι’
3538 1848 3611 1919 μὴ
3624 1851 3683 1919 τῇ
3696 1866 3797 1903 κοσ-

551 1936 785 1992 fratrum
828 1938 1218 2004 succurrisse;
1276 1938 1607 2001 daemonem,
1643 1941 1890 2010 inquam,
1924 1947 2019 2012 qui
2085 1953 2126 1999 et

2244 1942 2379 2010 μικῇ
2408 1941 2683 2010 φαντασίᾳ
2708 1939 2802 1993 τὸν
2825 1939 2928 2011 τὴν
2958 1940 3237 2011 πτωχείαν
3261 1940 3358 1995 τοῦ
3390 1941 3629 2009 πένητος
3659 1941 3795 2013 ὑπερ-

552 2029 733 2098 ipsurn
766 2028 1049 2085 Christum
1111 2032 1335 2100 aggredi
1366 2048 1477 2085 non
1519 2042 1607 2087 est
1642 2036 1875 2096 veritus,
1926 2034 2003 2088 ita
2051 2033 2127 2088 lo-

2241 2030 2493 2100 χόμενον,
2524 2032 2619 2085 καλ⁵
2667 2031 2743 2102 μὴ
2799 2030 2996 2101 ἔχοντά
3047 2040 3151 2084 που
3188 2031 3301 2103 τὴν
3330 2031 3584 2104 κεφαλὴν
3628 2032 3793 2096 κλίναι,

551 2133 772 2188 quens:
814 2116 939 2172 Ilaec
969 2119 1147 2172 omnia
1173 2118 1309 2172 dabo
1339 2120 1451 2184 tibi,
1490 2122 1535 2175 si
1590 2122 1782 2174 radens
1831 2122 2126 2177 adoraverit

2242 2120 2480 2190 Χριστὸν
2539 2122 2871 2191 ἀτιμάσητε,
2906 2117 2969 2175 οὒ
3018 2121 3161 2176 εἰσὶν
3187 2123 3237 2175 ot
3288 2123 3518 2193 οὐρανοὶ
3542 2122 3638 2176 καὶ
3665 2123 3698 2193 ἡ
3722 2123 3795 2193 γῆ.

552 2212 706 2265 me'.
736 2211 818 2266 Ne
839 2210 1122 2267 Christum
1160 2211 1354 2265 mundi
1407 2212 1620 2267 fallacis
1671 2213 1924 2283 opinioni
1974 2229 2127 2270 men-

2254 2209 2410 2263 Ἐπεὶ
2445 2211 2541 2264 καὶ
2579 2211 2832 2282 ’Δϐραὰμ
2860 2211 3079 2278 ξενίσας
3100 2209 3214 2265 οἱδε
3240 2212 3377 2267 Θεὸν
3428 2213 3534 2267 σὺν
3576 2213 3796 2282 ἀγγέλοις

550 2304 837 2360 dicitatem
883 2306 1145 2373 pauperis
1176 2304 1585 2374 prteferentem,
1614 2315 1671 2362 et
1697 2322 1806 2361 non
1842 2307 2125 2362 habentem

2244 2301 2670 2373 ὑποδεξάμενος.
2713 2304 2875 2359 Ἀλλά
2924 2305 3023 2371 καὶ
3073 2306 3133 2359 ἐν
3189 2305 3436 2377 πλουσίῳ
3489 2305 3589 2360 καὶ
3635 2307 3796 2377 πένητι

554 2396 653 2452 ubi
684 2405 855 2468 caput
891 2396 1212 2461 reclinaret,
1240 2398 1578 2453 contumelia
1612 2398 1905 2466 afliciatis;
1960 2400 2129 2465 illum,

2243 2392 2459 2457 ζητεῖτε
2494 2395 2626 2449 Θεὸν
2647 2435 2662 2462 ,
2692 2396 2934 2467 πένητας
2960 2397 3061 2465 μὲν
3091 2396 3167 2459 ὡς
3197 2397 3515 2462 πλουσίους,
3541 2397 3794 2464 πλουσίους

555 2488 804 2558 inquam,
834 2487 1142 2552 Christum,
1179 2488 1236 2543 in
1264 2489 1427 2558 cujus
1464 2498 1745 2559 potestate
1772 2493 1898 2549 cani
1926 2499 2059 2547 sunt
2078 2506 2130 2547 at

2277 2486 2299 2538 ὲ
2359 2486 2519 2540 πάλιν
2566 2487 2643 2550 ὡς
2681 2487 2916 2557 πένητας
2969 2488 3332 2559 λογιζόμενοι,
3369 2490 3545 2552 πόδας
3572 2507 3631 2543 τε
3653 2491 3797 2544 αὐτῶν
3836 2486 3852 2507 ’

555 2592 721 2636 terra.
790 2581 1007 2636 Etenim
1061 2597 1185 2636 cum
1250 2582 1529 2636 Abraham
1586 2583 2022 2653 hospitalitatem
2085 2586 2130 2639 in

2248 2578 2365 2649 μετ’
2400 2579 2754 2650 εὐχαριστίας
2806 2579 2941 2633 Θεοῦ
2968 2581 3065 2634 καὶ
3095 2582 3316 2653 ἀγάπης
3348 2585 3409 2636 ὲν
3458 2582 3693 2637 διαθέσει
3714 2584 3792 2652 ψυ-

554 2687 750 2727 omnes
797 2682 1107 2737 exerceret,
1158 2674 1369 2728 meruit
1419 2675 1613 2740 Deum,
1659 2676 1873 2745 angelis
1920 2676 2129 2732 duobus

2245 2673 2346 2741 χῆς
2402 2674 2708 2734 νίπτοντες.
2742 2673 2836 2726 καὶ
2895 2672 3095 2743 ἱλαρῶς
3162 2676 3348 2739 αὐτοῖς
3412 2677 3482 2729 ἐκ
3531 2676 3637 2729 τῶν
3659 2677 3795 2730 ὄντων

554 2764 897 2825 comitatum.
922 2766 1023 2820 sub
1042 2765 1229 2836 specie
1254 2767 1485 2821 viatoris
1507 2766 1863 2837 conspicere:
1882 2767 2129 2824 similiter

2243 2763 2614 2835 ὲπαρκοῦντες
2665 2765 2734 2818 τά
2788 2765 2923 2835 πρὸς
2966 2765 3066 2836 τὴν
3115 2767 3327 2836 χρείαν,
3365 2767 3447 2830 ὡς
3488 2768 3664 2822 ἒνατε
3690 2768 3793 2831 τοὺς

554 2864 612 2911 et
649 2856 772 2920 Lot,
797 2856 891 2926 qui
925 2857 1153 2927 angelos
1180 2857 1426 2927 hospitio
1458 2859 1699 2927 excepit.
1742 2859 2129 2915 Verumtamen

2244 2858 2455 2920 πάντας
2512 2858 2768 2929 ὁρῶντες,
2831 2860 2863 2927 ἦ
2908 2860 3004 2913 καὶ
3048 2859 3284 2930 Χριστὸν
3317 2862 3377 2914 ἐν
3408 2860 3598 2926 αὐτοῖς
3634 2863 3796 2933 μᾶλλον

554 2946 682 3003 date
722 2963 945 3018 operam
970 2949 1184 3011 scdulo,
1217 2958 1276 3003 ut
1304 2951 1357 3004 in
1388 2950 1659 3007 divitibus
1707 2962 1874 3022 atque
1934 2969 2129 3023 paupe-

2243 2954 2401 3024 ὁρᾷν,
2434 2950 2767 3021 νομίζοντες.
2822 2950 3060 3016 Πλοῦτος
3113 2955 3391 3024 μοναχοῖς,
3475 2954 3688 3025 ἀδελφοὶ
3722 2972 3794 3008 και

556 3039 712 3095 ribus
754 3041 1048 3111 aequaliter
1102 3042 1274 3096 Deum
1341 3043 1638 3112 quaeratis;
1683 3044 1832 3114 quod
1878 3046 2131 3101 effectum

2244 3046 2486 3115 Πατέρες
2516 3048 2548 3115 ἡ
2601 3045 2837 3116 ἀκτησία
2861 3062 2877 3078 ’
2917 3044 3045 3098 εἰδὲ
3078 3044 3340 3113 κέκτηταί
3390 3064 3504 3111 τις,
3536 3047 3611 3119 μὴ
3652 3046 3795 3117 ἑαυτῷ

554 3130 779 3195 dabitis,
806 3132 852 3186 si
873 3131 1237 3187 consideretis
1265 3133 1317 3186 in
1346 3149 1591 3203 paupere
1623 3135 1853 3191 divitem
1877 3144 1934 3191 et
1949 3146 2129 3191 contra

1768 3152 1853 3191 ein
1877 3144 1934 3191 et
1949 3146 2141 3191 contra
2170 3132 2214 3190 C
2250 3135 2471 3207 μᾶλλον,
2495 3136 2634 3190 ἀλλά
2659 3134 2738 3206 τῷ
2767 3135 2998 3206 πλησίον
3033 3136 3340 3200 κεκτήσθω.

558 3223 614 3277 in
639 3224 809 3279 divite
838 3239 1171 3293 pauperem;
1208 3226 1253 3280 si
1277 3226 1446 3292 pedes
1478 3242 1673 3282 eorum
1700 3228 1899 3284 lavetis
1924 3245 2052 3284 cum
2100 3229 2402 3300 gratiarum
2433 3230 2651 3284 actione
2689 3238 2747 3284 et
2769 3228 3037 3285 charitate
3062 3230 3118 3284 in
3159 3228 3607 3286 testificationem
3637 3228 3792 3293 animi,

557 3321 602 3375 si
648 3319 1014 3391 suppeditetis
1040 3320 1294 3375 hilariter
1313 3320 1382 3375 de
1409 3322 1767 3378 facultatibus
1797 3325 2001 3379 vestris
2027 3324 2296 3395 quidquid
2328 3340 2520 3380 eorum
2554 3338 2687 3377 usus
2708 3323 2978 3393 deposcit,
3021 3326 3065 3378 si
3100 3322 3338 3393 denique
3366 3325 3654 3378 universos
3678 3322 3793 3377 velut

557 3428 728 3470 unum
764 3414 1111 3475 intueamini,
1132 3423 1226 3469 aut
1258 3418 1441 3486 potius
1471 3417 1753 3475 Christum
1782 3421 1837 3475 in
1863 3421 2126 3476 omnibus
2146 3437 2243 3476 vos
2266 3436 2515 3484 cernere,
2546 3420 2895 3475 existimetis.
2932 3420 3145 3476 Divitiae
3175 3420 3597 3487 monachorum,
3642 3421 3793 3476 Patres

557 3510 891 3580 fratresque,
928 3509 1064 3563 nihil
1099 3510 1426 3579 possidere:
1472 3514 1517 3568 si
1561 3514 1688 3585 quis
1733 3524 1917 3571 tamen
1962 3518 2031 3573 iis
2064 3516 2329 3582 abundet,
2365 3532 2474 3572 non
2518 3516 2623 3571 sibi
2659 3518 2842 3587 potius
2868 3517 3113 3573 abundet
3156 3532 3321 3588 quam
3349 3517 3621 3588 proximo.

626 3601 715 3655 35.
749 3600 827 3655 Eo
856 3601 1256 3656 connitendum
1312 3605 1605 3670 monacho,
1645 3616 1706 3661 ut
1745 3615 1860 3661 tum
1911 3623 2146 3677 corpore

2319 3607 2420 3676 λγ¹.
2457 3608 2660 3675 Ἔργον
2711 3607 2970 3677 μοναχοῦ,
3013 3608 3337 3680 σωφροσύνη
3393 3609 3661 3680 σώματος,
3687 3609 3789 3662 ἀλλὰ

559 3698 675 3745 tum
705 3690 891 3746 animo
926 3692 1220 3748 continens
1241 3694 1332 3749 sit.
1361 3695 1417 3750 Si
1460 3712 1625 3767 quem
1657 3708 1903 3753 vestrum
1941 3700 2134 3755 lasciva

2249 3700 2346 3755 καὶ
2370 3701 2534 3772 εὐχῆς
2556 3717 2570 3731 ·
2596 3701 2644 3754 εί
2672 3702 2728 3755 δέ
2747 3718 2867 3754 τινα
2895 3700 3070 3769 ὑμῶν,
3105 3702 3347 3772 ἀδελφοὶ,
3371 3702 3631 3774 λογισμὸς
3662 3703 3791 3756 rixa!-

557 3781 833 3852 cogitatio
871 3781 1132 3845 incessat,
1162 3782 1385 3849 fratres,
1425 3784 1480 3839 in
1528 3786 1808 3842 anxietate
1836 3788 2067 3858 spiritus
2089 3797 2132 3842 el

2248 3791 2449 3862 αρσίας
2478 3792 2720 3867 εἰσέλθῃ,
2751 3794 2807 3846 ὲν
2853 3796 3051 3865 συνοχῇ
3114 3794 3425 3866 πνεύματος
3474 3798 3568 3849 καὶ
3603 3795 3788 3865 καρδίας

558 3872 985 3942 compunctione
1009 3873 1193 3929 cordis
1232 3874 1557 3946 confugiens
1589 3876 1657 3931 ad
1689 3878 1884 3940 Deum.
1913 3876 1986 3933 ita
2018 3892 2133 3931 cum

2246 3884 2529 3956 ὀλολυγμῷ
2572 3886 2709 3957 πρὸς
2733 3884 2866 3939 Θεὸν
2901 3885 3039 3958 μετά
3085 3885 3339 3956 δακρύων
3382 3890 3571 3941 ἐκεῖνα
3614 3886 3785 3957 βοᾶτω·

559 3965 817 4037 lacrymis
839 3966 1041 4021 clamet
1068 3982 1083 4021 :
1112 3967 1344 4023 Domine
1368 3969 1497 4025 Jesu
1534 3970 1774 4037 Christe,
1805 3980 1861 4025 tu
1904 3972 1998 4041 qui
2044 3972 2134 4026 mi-

2247 3977 2494 4031 Δέσποτα
2522 3977 2748 4048 Χριστὲ,
2792 3978 2821 4031 6
2874 3977 2985 4031 τῶν
3033 3977 3336 4049 οἰκτιρμῶν
3379 3979 3481 4032 καὶ
3516 3980 3607 4033 τοῦ
3641 3979 3786 4039 ἐλέους

557 4056 797 4111 scricors
831 4065 887 4112 et
911 4058 1208 4112 miserator
1236 4060 1403 4124 Deus,
1436 4061 1531 4130 qui
1555 4062 1725 4116 totius
1751 4062 2132 4117 consolationis

2246 4069 2401 4137 Θεὸς,
2444 4071 2473 4123 6
2512 4072 2691 4143 πάσης
2736 4070 3134 4141 παρακλήσεως
3173 4070 3398 4143 Κύριος,
3432 4073 3465 4126 6
3505 4073 3588 4126 ἀεὶ
3627 4071 3693 4124 ὢν
3716 4073 3783 4122 καὶ

557 4147 846 4214 Dominus,
895 4158 951 4204 tu
986 4150 1081 4220 qui
1114 4150 1269 4206 fuisti
1322 4165 1561 4222 semper,
1607 4153 1938 4223 futurusque
1979 4169 2041 4209 es
2088 4156 2132 4208 in

2246 4159 2516 4230 διαμένων
2545 4162 2624 4223 είς
2658 4161 2786 4225 τοὺς
2821 4160 3043 4226 αίῶνας,
3084 4161 3111 4214 6
3139 4161 3294 4231 μόνος
3332 4160 3677 4233 φιλόστοργος
3704 4159 3784 4212 ila.

558 4248 852 4305 aeternum,
887 4252 945 4297 tu
992 4243 1087 4313 qui
1139 4244 1555 4300 amantissimus
1587 4245 1762 4299 nostri
1813 4247 1996 4309 Pater,
2047 4248 2133 4317 qui

2244 4251 2371 4325 τὴρ,
2395 4253 2424 4305 6
2446 4253 2573 4316 τοὺς
2602 4253 2694 4305 ἐπὶ
2725 4253 2808 4306 σοὶ
2840 4254 3167 4316 πεποιθότας
3201 4252 3278 4323 μὴ
3306 4252 3691 4324 καταισχύνων,
3711 4248 3781 4320 ῥῦ-

555 4331 900 4387 confldentes
929 4334 985 4387 in
1009 4343 1062 4388 te
1088 4349 1200 4388 non
1230 4335 1440 4405 pateris
1459 4336 1758 4404 confundi;
1785 4346 1866 4401 tu,
1895 4338 2130 4408 inquam,

2248 4363 2337 4400 σαι
2367 4363 2433 4416 με
2471 4347 2533 4400 ὲκ
2560 4346 2742 4420 χειρὸς
2770 4346 2981 4419 ἐχθρῶν
3010 4365 3134 4419 μου,
3166 4348 3405 4419 πρόσχες
3431 4351 3499 4421 τῇ
3526 4349 3657 4419 ψυχῇ
3686 4362 3778 4415 μου.

556 4424 713 4493 eripe
767 4439 855 4479 me
900 4439 967 4479 ex
1006 4433 1280 4495 putestate
1331 4428 1597 4494 hostium,
1640 4444 1901 4485 succurre
1947 4432 2131 4487 anima

2247 4438 2420 4493 σῶσόν
2460 4456 2526 4509 με
2562 4439 2621 4491 ὲν
2643 4438 2721 4511 τῷ
2752 4437 2891 4492 ἐλέει
2913 4455 3007 4493 σου
3038 4438 3098 4493 τὸ
3119 4440 3435 4512 άγαλλίαμά
3476 4459 3593 4511 μου,
3622 4440 3780 4510 λύτραμ

557 4530 713 4582 meae,
747 4517 959 4573 salvum
1000 4534 1087 4574 me
1142 4519 1230 4575 fac
1284 4520 1339 4574 in
1374 4521 1759 4578 misericordia
1784 4532 1898 4589 tua,
1934 4532 1995 4579 tu
2047 4525 2132 4593 qui

2246 4531 2336 4584 σαί
2388 4548 2456 4600 με
2501 4530 2610 4584 ἀπὸ
2648 4530 2758 4584 τῶν
2805 4530 3203 4587 κυκλωσάντων
3241 4549 3340 4603 με·
3378 4534 3444 4587 σὺ
3472 4535 3579 4606 γὰρ
3604 4529 3778 4593 οἷδας,ό

554 4611 854 4665 exsultatio
875 4627 995 4667 mea
1022 4628 1102 4668 es.
1148 4613 1347 4669 Libera
1377 4630 1463 4669 me
1482 4616 1549 4670 ah
1580 4616 1795 4672 insidiis
1819 4633 2012 4673 eorum
2047 4622 2129 4690 qui

2248 4623 2406 4693 μόνος
2435 4623 2613 4677 πάντα
2647 4621 2826 4687 είδὼς,
2858 4624 2917 4677 ὃν
2943 4623 3098 4677 οὐδὲν
3126 4624 3186 4677 οὐ
3216 4624 3311 4678 καὶ
3330 4625 3441 4677 τῶν
3475 4627 3571 4697 τῆς
3599 4623 3775 4695 καρδίῃ

554 4699 1046 4758 circumdederunt
1073 4720 1159 4760 me
1184 4721 1198 4759 :
1225 4714 1280 4759 tu
1307 4707 1512 4777 quippe
1536 4708 1705 4773 nosti,
1731 4709 1824 4779 qui
1852 4711 2002 4766 solus
2023 4726 2129 4766 om-

2243 4708 2492 4780 κρυφίων
2532 4708 2717 4763 λαθεῖν
2764 4710 3010 4776 δύναται,
3051 4712 3126 4774 ὡς
3172 4712 3272 4765 οὐκ
3322 4714 3462 4783 ἐμῆς
3509 4718 3610 4768 είσι
3642 4711 3770 4767 ταῦτα

555 4792 648 4846 nia
675 4792 842 4859 nosti,
868 4803 924 4848 et
947 4810 1113 4865 quem
1146 4811 1215 4851 ne
1245 4797 1570 4853 abscondita
1600 4800 1826 4869 quidem
1849 4802 2035 4857 cordis
2063 4802 2130 4856 la-

2243 4798 2472 4870 γνώμης
2502 4798 2790 4871 γεώργιον,
2824 4800 2961 4855 ἀλλὰ
2995 4802 3137 4856 κατά
3165 4803 3298 4856 πολύ
3335 4823 3426 4875 μοι
3463 4806 3526 4859 τὸ
3569 4804 3770 4859 ἀκούσιον

556 4894 674 4940 tere
704 4895 958 4956 possunt.
989 4897 1069 4953 tu,
1102 4880 1350 4960 inquam,
1377 4893 1550 4957 nosti,
1585 4892 1898 4951 istiusmodi
1923 4894 2131 4966 impura

2196 4880 2485 4961 )ίπεφύη.
2508 4891 2792 4962 Μνήσθητι
2821 4892 2904 4946 ὅτι
2954 4891 3085 4963 χοῦς
3121 4895 3256 4964 ιίμι,
3298 4897 3391 4949 καὶ
3427 4895 3503 4966 μὴ
3542 4899 3617 4959 είς
3647 4893 3771 4947 κατά·

553 4976 811 5047 cogitata,
840 4994 950 5033 non
983 4995 1014 5035 a
1044 4996 1130 5036 me
1164 4982 1451 5047 accersita,
1482 4984 1577 5039 sed
1608 4986 1841 5041 invitum
1873 4987 2128 5043 multum-

2247 4997 2421 5052 κριμα
2478 4979 2784 5051 λογισθήτω
2824 4998 2934 5053 μοι.
2994 4980 3188 5053 Κύριε,
3234 4984 3427 5054 Κύριε,
3458 4985 3669 5055 δύναμις
3699 4980 3771 5049 τῆς

554 5083 664 5138 que
711 5070 1081 5127 reluctantem
1137 5074 1386 5129 animum
1412 5076 1672 5134 subiisse.
1707 5078 1981 5135 Memento
2008 5079 2129 5151 quia

2246 5071 2523 5143 σωτηρίας
2555 5088 2681 5142 μου,
2709 5072 3030 5127 ίπισκίασον
3067 5074 3163 5128 ἐπὶ
3200 5076 3305 5146 τὴν
3344 5076 3587 5147 κεφαλήν
3620 5090 3706 5143 μου
3731 5073 3771 5122 ὲν

553 5157 739 5227 pulvis
761 5175 905 5224 sum,
935 5176 1059 5227 nec,
1108 5178 1317 5233 quaeso,
1361 5165 1416 5219 in
1446 5168 1963 5225 condemnationem
2000 5170 2128 5225 mihi

2245 5164 2430 5236 ἡμέρᾳ
2456 5163 2733 5235 πολέμου·
2764 5163 2840 5235 μὴ
2874 5164 3133 5237 παμδῷς
3189 5184 3278 5237 με.
3338 5168 3531 5239 κύριε,
3573 5164 3669 5220 ἀπὸ
3699 5160 3770 5230 τῆς

554 5248 647 5304 illa
667 5250 888 5306 cedant.
908 5252 1161 5320 Domine,
1178 5256 1428 5323 Domine,
1443 5259 1619 5314 virtus
1638 5261 1831 5316 salutis
1852 5276 2007 5326 meae,
2032 5261 2129 5318 sub

2243 5256 2541 5329 ἐπιθυμίας
2564 5274 2668 5328 μου
2696 5258 3008 5329 ἀμαρτωλῷ
3026 5275 3041 5289 ⁸
3060 5259 3286 5330 ἐλέησόν
3314 5278 3404 5332 με,
3428 5263 3456 5315 6
3486 5260 3629 5322 Θεὸς,
3656 5252 3770 5319 ἐλέη-

555 5341 752 5396 umbra
786 5350 877 5397 tua
908 5353 1137 5417 protege
1176 5364 1263 5403 me
1296 5348 1351 5403 in
1384 5350 1474 5405 die
1507 5351 1661 5406 belli.
1724 5353 1801 5408 Ne
1837 5353 2130 5410 tradideris

2247 5351 2340 5405 σόν
2370 5368 2461 5421 με,
2491 5352 2575 5406 ὅτι
2607 5352 2702 5406 ἐπὶ
2727 5353 2810 5406 σοὶ
2843 5352 3103 5406 πέποιθεν
3133 5355 3167 5425 ή
3200 5352 3347 5427 ψυχή
3393 5372 3516 5425 μου,
3550 5351 3636 5408 καὶ
3655 5351 3705 5403 ἐν
3720 5347 3768 5414 τῇ

546 5447 663 5496 me.
696 5434 949 5500 Domine,
974 5452 1005 5491 a
1035 5441 1500 5510 concupiscentiis
1523 5445 1660 5498 meis
1682 5447 1959 5514 peccotori
1991 5464 2006 5501 :
2034 5448 2121 5502 mi-

2246 5444 2378 5515 σκιᾷ
2404 5443 2515 5497 τῶν
2543 5444 2831 5516 πτερύγων
2872 5462 2968 5498 σου
2994 5444 3172 5499 ὲλπιῶ
3191 5462 3206 5476 ο
3237 5447 3267 5499 6
3286 5446 3419 5510 Θεός
3448 5462 3567 5517 μου,
3598 5442 3662 5513 μὴ
3691 5454 3769 5510 μα’

552 5538 739 5579 serere
761 5527 892 5593 mei,
916 5528 1082 5593 Dens,
1112 5532 1378 5587 miserere
1408 5535 1539 5597 mei,
1562 5536 1823 5604 quoniam
1852 5538 1906 5592 in
1930 5546 1983 5593 te
1999 5551 2127 5592 con-

2244 5535 2452 5609 κρύνῃς
2483 5536 2579 5591 ἀπ’
2610 5538 2767 5608 ἐμοῦ,
2808 5538 2837 5591 6
2865 5537 3000 5602 Θεός
3032 5555 3157 5608 μου,
3188 5540 3270 5602 είς
3295 5538 3397 5609 τὴν
3437 5534 3669 5609 βοήθειάν
3690 5544 3767 5601 μου

556 5617 677 5672 ﬁdit
710 5619 893 5673 anima
920 5636 1062 5685 mea,
1090 5633 1146 5677 et
1171 5625 1276 5678 sub
1299 5625 1491 5680 umbra
1522 5628 1735 5681 alarum
1760 5637 1978 5685 tuarum
2007 5645 2131 5700 spe-

2244 5630 2511 5700 πρόσχες·
2544 5628 2827 5700 βοηθήσων
2854 5648 2958 5702 μου
2984 5631 3080 5685 καὶ
3106 5630 3312 5703 ῥύστης
3336 5648 3441 5704 μου
3462 5628 3508 5685 εί
3531 5620 3768 5697 σὺ,6θεός

554 5709 692 5764 mbo
718 5727 733 5763 :
766 5710 913 5766 Deus
936 5727 1115 5781 meus,
1141 5731 1211 5769 ne
1238 5716 1397 5786 longe
1429 5718 1659 5775 recedas
1685 5734 1715 5773 a
1741 5735 1827 5776 me
1858 5739 1871 5774 :
1898 5722 2045 5777 Deus
2076 5722 2129 5776 in

1208 5738 1211 5761 ξ
1238 5716 1397 5786 longe
1429 5718 1659 5775 recedas
1685 5734 1715 5773 a
1741 5735 1827 5776 me
1858 5739 1871 5774 :
1898 5722 2045 5777 Deus
2076 5722 2130 5776 in
2248 5738 2373 5793 μου,
2405 5722 2481 5792 ιιὴ
2510 5724 2783 5795 χρονίσῃς.

625 5827 646 5854 ⁸
675 5821 867 5879 Matth.
902 5838 1026 5893 xxv,
1079 5827 1171 5884 40.
1246 5829 1265 5861 ⁷
1319 5829 1508 5887 Matth.
1556 5849 1631 5901 IV,
1665 5836 1721 5890 9.
