3988 6502
198 354 344 418 3017

1242 358 1415 423 VITA
1458 358 1502 417 A
1545 356 1977 419 NICEPHORO
2014 356 2495 421 CONSCRIPTA.

3310 359 3448 426 30l8

201 471 545 543 adjutorium
591 484 778 527 meum
849 469 1101 541 intende,
1148 472 1346 546 adjuva
1393 488 1501 538 me,
1556 472 1818 542 quoniam
1857 471 2119 529 liberator
2159 488 2316 530 meus
2362 488 2421 529 es
2474 482 2531 527 tu
2571 489 2584 525 :
2638 470 2784 529 Deus
2837 485 3017 541 meus,
3058 487 3127 529 ne
3178 473 3452 548 elongeris

197 582 233 622 3
285 583 398 623 me.

274 659 373 714 λδί.
405 659 590 714 Ταῦτα
646 661 675 714 δ
735 661 1003 732 ῥυπαροῖς
1053 662 1332 733 λογισμοῖς
1379 661 1781 733 πολεμούμενος

1949 661 2040 716 54.
2073 661 2152 716 Ita
2196 662 2264 717 ad
2295 661 2468 715 Deum
2491 674 2608 723 ora,
2653 658 2903 730 quisquis
2937 658 3167 730 impuris
3186 660 3455 718 sordidis-

198 750 510 821 προσεύχου
546 751 695 823 Θεῷ·
741 750 861 807 εἶτα
910 754 1067 824 ρίψον
1104 756 1204 826 τὴν
1247 756 1451 810 οἰκείαν
1496 756 1780 812 ἀσθένειαν

199 840 440 895 ἐνώπιον
492 843 594 913 τῆς
644 843 810 897 αὐτοῦ
831 844 1204 916 ’ἀγαθότητος,
1239 847 1334 899 καὶ¹
1377 845 1539 909 αὐτὸς
1578 847 1636 898 ἐν
1666 847 1781 908 τοῖς

200 931 568 1002 μεταφρένοις
613 932 780 986 αὑτοῦ
836 932 1042 998 εὐθέως
1092 935 1402 990 ἐπισκιάσει
1449 950 1554 988 σοι.
1618 934 1782 988 Ἀπο-

201 1020 511 1090 στρέφεσθε
538 1020 742 1087 τοίνυν,
766 1021 1145 1092 ἀδελφοὶ,τοὺς
1171 1023 1450 1095 ῥυπαροὺς
1466 1023 1781 1093 λογισμοὺς,

194 1110 299 1175 οὓς
349 1112 522 1165 τίκτει
566 1111 629 1167 τὸ
685 1112 961 1185 πλήρωμα
1002 1112 1101 1182 τῆς
1139 1114 1414 1183 γαστρός·
1455 1112 1677 1166 διώκετε
1724 1112 1782 1167 δὲ

201 1201 413 1271 μᾶλλον
441 1202 540 1274 τὴν
560 1203 784 1274 είρήνην
813 1202 911 1256 καὶ
941 1202 1032 1258 τὸν
1054 1203 1344 1274 ἁγιασμδν,
1376 1196 1450 1256 ὧν
1488 1202 1659 1276 χωρὶς
1685 1204 1780 1258 ού-

195 1291 315 1353 δεὶς
336 1292 526 1363 ὄψεται
556 1293 781 1363 Κύριον,
828 1292 887 1356 ὃς
915 1292 1034 1346 οὐδὲ
1061 1292 1161 1357 τὰς
1186 1293 1279 1347 τοῦ
1304 1292 1497 1364 ἐχθροῦ
1534 1293 1781 1365 μηχανὰς

196 1381 524 1453 ἀπέκρυψεν
547 1384 638 1452 ἀφ’
667 1383 822 1455 ἡμῶν
840 1399 855 1415 ο
882 1382 1005 1436 οὐδὲ
1039 1382 1148 1453 γὰρ
1172 1381 1359 1448 αὐτοῦ,
1388 1383 1542 1454 φησὶ,
1566 1384 1635 1437 τὰ
1660 1384 1783 1456 νοή-

201 1489 358 1543 ματα
392 1473 713 1543 ἀγνοοῦμεν.
752 1472 891 1527 Ἀλλ’
927 1474 1022 1529 ἐάν
1074 1491 1158 1538 τις
1214 1473 1369 1545 ὑμῶν
1424 1475 1561 1545 πρὸς
1604 1475 1783 1548 ὄρεξιν

200 1563 519 1633 βρωμάτων
567 1563 951 1636 διερεθίζηται,
996 1564 1186 1618 νοείτω
1237 1566 1320 1629 τίς
1364 1565 1393 1619 ὁ
1444 1565 1640 1632 ξαίνων
1684 1566 1783 1639 τὴν

196 1655 389 1724 δρεξιν
411 1674 424 1688 ·
457 1656 551 1710 ὲάν
580 1674 663 1721 τις
695 1657 800 1710 ὑπὸ
835 1656 1101 1729 σαρκικοῦ
1130 1657 1367 1729 πολέμου
1394 1658 1783 1731 διαθερμαίνη-

198 1764 318 1814 ται,
353 1748 758 1817 ἐπιγινωσκέτω
800 1748 883 1812 τίς
932 1750 961 1802 ό
1008 1749 1069 1802 τὸ
1097 1749 1210 1821 πῦρ
1254 1750 1531 1814 ἀνάπτων,
1569 1750 1784 1822 καὶτῆς

200 1840 288 1903 είς
317 1839 380 1893 τὸ
410 1840 576 1893 κακὸν
598 1839 853 1911 ἀφορμῆς
872 1841 1114 1912 ἐκκοπὴν
1141 1841 1442 1896 ἐπινοείτω.
1470 1841 1640 1911 Στῆτε
1668 1859 1785 1897 τοιο

201 1932 415 2005 γαροῦν
457 1932 532 1996 ὼς
562 1931 794 2002 ἀθληταὶ
826 1935 1083 2002 γενναῖοι,
1125 1931 1508 2004 ἀνακρίνοντες
1558 1934 1785 2000 ἑαυτοὺς

1883 768 1993 824 que
2043 752 2472 825 cogitationibus
2522 751 2829 817 infestaris;
2886 750 3089 806 deinde
3150 761 3453 820 prostratus

1883 854 2012 901 ante
2041 846 2285 900 divinam
2318 845 2467 901 illam
2512 843 2838 908 bonitatem,
2886 842 3261 899 infirmitatem
3305 854 3454 900 tuam

1884 936 2179 1003 conﬁtere;
2210 946 2266 992 et
2304 936 2422 1007 ipsa
2445 936 2710 991 continuo
2739 935 2796 989 in
2829 934 3137 989 visceribus
3181 936 3298 990 suis
3327 953 3457 1006 pro-

1884 1036 2032 1098 teget
2060 1036 2135 1083 te.
2160 1026 2533 1082 Exterminate
2558 1026 2724 1098 igitur
2749 1042 2780 1081 e
2798 1025 3078 1080 mentibus
3097 1027 3318 1092 vestris,
3345 1028 3462 1082 fra-

1884 1125 2019 1183 tres,
2039 1117 2398 1189 cogitationes
2414 1127 2469 1173 tu
2478 1132 2622 1188 rpes,
2637 1132 2776 1187 quas
2791 1115 3123 1171 abundantia
3138 1116 3454 1185 ventrisque

1886 1211 2113 1266 satietas
2137 1211 2278 1266 solet
2301 1225 2497 1281 parere
2522 1227 2535 1264 :
2557 1224 2749 1280 pacem
2776 1222 2908 1263 vero
2930 1215 2989 1263 et
3013 1205 3356 1261 sanctitatem
3376 1222 3461 1261 se-

1885 1301 2111 1356 ctamini
2130 1301 2336 1372 potius,
2355 1302 2474 1357 sine
2498 1300 2702 1371 quibus
2720 1314 2884 1355 nemo
2902 1298 3115 1354 videbit
3143 1295 3457 1361 Dominum,

1884 1393 1983 1464 qui
2001 1392 2436 1448 machinationes
2455 1390 2664 1449 inimici
2681 1406 2791 1447 non
2807 1391 3007 1447 celavit
3025 1401 3158 1445 nos:
3182 1403 3293 1443 non
3312 1387 3459 1443 enim

1887 1484 2205 1555 ignoramus
2227 1484 2456 1540 consilia
2479 1483 2669 1554 ipsius.
2694 1481 2751 1537 Si
2774 1482 2900 1553 quis
2924 1490 3109 1536 autem
3128 1490 3371 1538 vestrttm
3392 1479 3460 1537 ad

1886 1575 2305 1633 immoderatam
2341 1577 2449 1633 cibi
2486 1577 2855 1647 appetentiam
2889 1574 3095 1631 irritari
3137 1590 3197 1631 se
3238 1575 3457 1641 sentiat,

1885 1670 2114 1743 cogitet,
2137 1670 2269 1742 quis
2291 1670 2439 1725 illam
2470 1668 2673 1725 excitet
2708 1666 2788 1723 :si
2810 1667 2936 1738 quis
2961 1682 2991 1722 a
3022 1665 3230 1722 carnali
3261 1682 3463 1722 concu-

1891 1760 2161 1831 piscentia
2193 1761 2511 1824 incalescat,
2546 1758 2768 1829 indaget
2789 1758 2912 1827 quis
2936 1756 3116 1828 ignem
3150 1756 3305 1810 illum
3334 1771 3461 1810 suc-

1889 1853 2122 1919 cendat;
2159 1852 2570 1921 constituatque
2596 1848 2743 1920 apud
2772 1865 2833 1905 se
2883 1849 3014 1904 mali
3047 1848 3378 1919 principium
3400 1864 3464 1903 ac

1888 1943 2130 1998 radicem
2178 1932 2401 2013 penitus
2461 1942 2719 1997 evellere.
2782 1940 2933 1996 State
2956 1939 3144 2010 igitur,
3203 1947 3263 1993 ut
3293 1954 3463 2011 gene-

199 2024 297 2078 διὰ
327 2024 546 2090 παντὸς,
578 2024 815 2095 ἀδελφοὶ,
853 2025 949 2079 καὶ
986 2026 1264 2097 οἰχήσεται
1302 2026 1395 2093 ἀφ’
1422 2026 1577 2097 ὑμῶν
1623 2030 1658 2100 η
1686 2028 1785 2100 τῆς

1896 2050 2048 2090 rosos
2081 2034 2295 2106 pugiles
2347 2033 2528 2100 decet,
2550 2032 2915 2105 dijudicantes
2942 2030 3325 2101 vosmetipsos,
3353 2029 3465 2085 fra-

204 2117 484 2187 ἁμαρτίας
510 2116 761 2188 ἐνέργεια
783 2132 798 2148 ο
822 2119 881 2170 ὲν
901 2116 1112 2181 τούτοις
1134 2117 1221 2171 ἀεὶ
1245 2117 1598 2188 μελετῶντες,
1616 2118 1789 2175 ταῦτα

200 2209 334 2263 καθ’
356 2211 584 2275 ἑαυτοὺς
612 2210 974 2278 ἐξετάζοντες,
1004 2210 1238 2267 εύνσείτε
1264 2209 1341 2282 τῷ
1368 2212 1557 2282 οἰκείῳ
1585 2214 1788 2268 Δεσπό-

200 2319 277 2375 τῃ
297 2317 312 2332 ’
354 2303 441 2356 ἵνα
470 2304 565 2358 καὶ
601 2304 634 2375 ἡ
659 2305 910 2378 προκοπὴ
941 2304 1094 2375 ὑμῶν
1197 2303 1427 2376 φανερὰ,
1457 2304 1552 2360 τοῦ
1591 2306 1649 2358 ἑν
1674 2307 1789 2360 Κυ-

201 2394 314 2464 ρίῳ
359 2396 668 2466 καυχᾶσθαι
720 2396 862 2451 κατὰ
908 2396 970 2449 τὸ
1012 2397 1419 2469 γεγραμμένον,
1446 2398 1543 2453 καὶ
1588 2395 1790 2467 λέγειν,

216 2486 371 2540 Ἐὰν
410 2485 496 2556 μή
544 2504 662 2555 μου
734 2488 1253 2556 κατακυριεύσῳσι
1280 2528 1297 2553 ,
1362 2490 1496 2543 τότε
1554 2488 1793 2559 ἄμωμος

200 2576 425 2645 ἔσομαι
448 2617 463 2641 ,
496 2575 594 2629 καί
646 2566 1165 2646 καθαρισθῆσομαι
1211 2578 1332 2633 ἀπὸ
1373 2580 1661 2648 ἁμαρτίας
1688 2597 1792 2650 με-

206 2666 437 2736 γάλης,
482 2666 583 2721 καὶ
627 2668 873 2722 ἔσονται
923 2670 1011 2734 είς
1041 2666 1327 2723 εὐδοκίαν
1355 2669 1428 2723 τὰ
1468 2669 1645 2740 λόγια
1684 2669 1793 2726 τοῦ

203 2761 516 2830 στόματός
534 2777 677 2830 μου’
696 2760 908 2815 ἔσονται
947 2760 1005 2814 δὲ
1033 2763 1154 2816 τότε
1189 2763 1408 2833 μᾶλλον,
1450 2763 1670 2834 ἀδελφοὶ
1697 2765 1793 2820 καὶ

206 2852 477 2922 Πατέρες,
499 2854 578 2916 εἰς
594 2851 857 2917 εὐδοκίαν,
875 2853 1004 2907 ὅταν
1022 2853 1160 2924 μετὰ
1179 2852 1272 2908 τοῦ
1297 2855 1794 2927 ἁκατακυριεύτους

207 2946 361 3014 ἡμᾶς
383 2940 541 3011 εἶναι,
568 2943 647 2997 ἔτι
686 2943 755 2998 τὰ
796 2944 956 3014 λόγια
988 2945 1083 3000 τοῦ
1116 2946 1381 3018 στόματος
1413 2948 1510 3001 καὶ
1532 2948 1795 3021 δάκρυσιν

208 3032 249 3110 ᾖ
281 3035 506 3106 καρδίας
546 3052 683 3088 κατα
691 3051 786 3106 ρτυ
794 3036 950 3106 μένα.

282 3126 380 3181 λε’.
423 3125 485 3179 Ἢ
519 3125 810 3197 ψαλμῳδία
836 3126 1130 3193 κατάνυξιν
1164 3129 1338 3200 ἐχέτω
1359 3144 1374 3160 ο
1407 3130 1462 3183 αί
1507 3128 1642 3201 πρὸς
1664 3129 1797 3183 Θεὸν

213 3216 412 3283 φωναὶ,
437 3216 532 3269 καὶ
571 3215 632 3269 τὸ
660 3216 769 3269 τῶν
789 3216 990 3287 χειρῶν
1023 3216 1204 3288 ἔργον,
1228 3218 1302 3282 ὡς
1364 3220 1612 3288 ἀγγέλων
1655 3237 1797 3291 παρ-

1887 2134 2042 2195 tres;
2098 2135 2156 2182 et
2191 2125 2329 2183 certi
2358 2136 2539 2182 estote
2591 2123 2740 2196 quod
2790 2123 2972 2179 omnis
3000 2121 3239 2178 efﬁcacia
3279 2130 3336 2179 et
3378 2122 3464 2177 vis

1890 2216 2100 2288 peccati
2145 2224 2461 2273 evanescet.
2505 2216 2632 2271 Haec
2655 2223 2922 2286 perpetuo
2972 2213 3322 2280 meditantes,
3347 2213 3467 2269 hac

1889 2308 2082 2363 sedulo
2120 2307 2265 2378 apud
2308 2306 2671 2377 vosmetipsos
2709 2304 3102 2375 expendentes,
3150 2302 3465 2358 benedicite

1890 2398 2156 2455 Domino:
2182 2409 2243 2455 ut
2272 2399 2549 2470 profectus
2566 2405 2750 2453 vester
2776 2395 3158 2452 manifestetur
3178 2395 3465 2466 gloriando

1892 2490 1949 2546 in
1998 2491 2254 2557 Domino,
2280 2491 2435 2562 juxta
2466 2488 2614 2559 quod
2650 2487 2916 2557 scriptum
2954 2495 3061 2552 est,
3098 2495 3155 2541 et
3186 2487 3464 2543 dicendo:

1892 2581 1951 2638 Si
1993 2584 2093 2638 mei
2116 2600 2221 2637 non
2249 2583 2445 2653 fuerint
2488 2582 2765 2646 deminuti,
2792 2589 2915 2634 tunc
2953 2578 3327 2635 immaculata:
3354 2597 3465 2646 ero,

1893 2683 1943 2728 et
1963 2675 2286 2729 emundabor
2309 2692 2342 2729 a
2365 2674 2552 2728 delicto
2581 2687 2791 2743 magno,
2818 2680 2868 2725 et
2893 2679 3110 2740 accepta
3135 2679 3287 2725 erunt
3312 2671 3468 2725 verba

1894 2765 2001 2818 oris
2041 2764 2143 2818 mei
2173 2763 2215 2818 '.
2267 2763 2444 2819 Erunt
2491 2771 2674 2818 autem
2728 2770 2864 2816 tunc
2910 2759 3246 2829 acceptiora,
3277 2760 3470 2816 Patres

1893 2857 2203 2928 fratresque
2236 2855 2365 2922 mei,
2409 2854 2578 2910 verba
2602 2853 2715 2909 oris
2746 2851 2943 2919 nostri,
2969 2852 3211 2921 quando,
3245 2852 3467 2908 invictis

1895 2949 2057 3004 nobis
2070 2946 2545 3019 permanentibus,
2584 2945 2843 3017 lacrymis
2867 2959 3087 3015 quoque
3120 2943 3307 3000 cordis
3332 2960 3469 3019 con-

1895 3039 2012 3094 dita
2048 3039 2278 3097 fuerint.

1972 3130 2063 3185 35.
2095 3130 2436 3185 Psalmorum
2475 3136 2673 3184 cantus
2704 3141 2736 3183 e
2764 3126 2931 3182 corde
2964 3133 3293 3197 compuncto
3336 3141 3469 3196 pro-

1897 3222 2059 3279 cedat
2080 3241 2093 3277 :
2114 3223 2427 3277 orationum
2446 3221 2630 3293 jacula
2660 3219 2729 3275 ad
2751 3219 2921 3274 Deum
2941 3218 3198 3282 emittite,
3228 3225 3285 3273 et
3303 3232 3470 3287 opera

214 3306 471 3362 εστώτων
498 3307 624 3379 ὑμῖν
658 3308 982 3362 ὲκτελείσθω
1003 3325 1017 3338 ⁸
1069 3309 1097 3362 ὁ
1128 3310 1222 3364 δύο
1260 3312 1494 3381 χιτῶνας
1526 3312 1686 3384 ἔχων,
1717 3311 1790 3383 τῷ

1900 3313 2176 3372 manualia
2200 3313 2471 3387 perficite,
2497 3326 2769 3369 memores
2789 3326 3010 3381 semper
3035 3310 3339 3382 praesentia:
3366 3325 3471 3365 an-

214 3399 296 3470 μὴ
326 3398 499 3469 ἔχοντι
545 3399 850 3469 μεταδότω
900 3401 934 3469 ἠ
966 3401 1186 3469 νηστεία
1241 3402 1361 3455 καθ’
1407 3401 1619 3473 ἡμέραν
1663 3403 1792 3474 ύμῖν

214 3491 377 3561 ἄχρις
398 3491 623 3562 ἐννάτης
646 3490 1057 3561 παρατεινέσθω
1073 3507 1086 3522 ·
1111 3494 1457 3564 νηστεύοντες
1478 3496 1533 3549 δὲ
1556 3497 1630 3568 μὴ
1654 3497 1795 3550 κατὰ

214 3581 346 3643 τοὺς
385 3579 687 3651 ὑποκριτὰς
724 3581 1232 3653 σκυθρωπάζωμεν,
1263 3584 1400 3638 ἀλλὰ
1439 3586 1687 3657 φυλακὴν
1717 3586 1796 3657 τῷ

219 3672 452 3742 στόματι
481 3671 728 3743 θώμεθα,
774 3672 869 3727 καὶ
911 3676 1174 3744 περιοχῆς
1215 3673 1386 3746 θύραν
1422 3679 1533 3741 τοῖς
1569 3677 1790 3747 χείλεσι.

214 3763 370 3833 Ξένῳ
399 3761 613 3832 ἀδελφῷ
645 3763 1014 3828 ὑπαντῶντες,
1045 3766 1254 3836 ταχέως
1284 3767 1574 3837 μετάνοιαν
1604 3767 1795 3838 βάλλε-

215 3870 300 3921 τε,
338 3853 607 3923 λέγοντες,
656 3852 782 3919 Πῶς
833 3855 1063 3926 ἐχομενς
1118 3852 1237 3910 εἷτα
1275 3856 1457 3911 δοτέον
1496 3856 1680 3929 χώραν
1727 3860 1793 3930 τῇ

216 3947 401 4015 σιωπῇ
423 3960 440 3978 ο
484 3945 534 3999 εί
564 3945 622 3999 δέ
657 3963 762 3999 τινι
798 3946 894 4000 καὶ
927 3946 1271 4019 διαλεχθῆναι
1310 3949 1630 4017 ἀναγκαῖον,
1665 3966 1795 4021 προ-

211 4034 408 4105 τρέψει
464 4034 555 4087 τὸν
588 4034 814 4105 ἀδελφὸν
851 4036 1072 4109 ἀγάπην
1114 4036 1298 4091 λαϐεῖν
1318 4054 1333 4069 ’
1363 4038 1461 4091 εἰτ’
1492 4033 1586 4093 οὖν
1632 4039 1794 4107 ἄρτον

214 4125 388 4195 ζωῆς,
422 4127 519 4182 καὶ
542 4126 808 4196 φιλοθέοις
837 4128 1001 4183 αὑτὸν
1034 4129 1355 4200 διηγήμασι,
1389 4129 1476 4184 κοὶ
1501 4129 1796 4193 πολιτείαις

216 4219 482 4290 Πατέρων
510 4220 809 4275 ἔστιατέον.
837 4221 930 4292 Μὴ
959 4220 1237 4292 γινώμεθα
1267 4220 1536 4287 κενόδοξοι
1564 4224 1632 4293 τῇ
1670 4221 1789 4275 δια-

215 4310 416 4381 λέκτῳ,
447 4309 564 4363 ἀλλ’
593 4311 627 4381 ή
651 4312 758 4365 τῶν
780 4311 1012 4366 ἐντολῶν
1037 4314 1172 4383 ἡμῖν
1197 4314 1424 4385 τήρησις
1452 4314 1664 4386 μᾶλλον
1695 4313 1795 4385 τὴν

215 4398 396 4470 ἀληθῆ
423 4394 577 4464 δόξαν
606 4398 1017 4470 περιποιείσθω,
1060 4401 1117 4453 ὲν
1149 4399 1408 4470 ἁπλότητι
1437 4401 1664 4474 καρδίας
1701 4416 1798 4454 τα-

219 4489 620 4561 πεινουμένοις.
662 4489 736 4543 To
762 4489 1097 4561 φιλόπτωχον
1129 4491 1264 4561 ἡμῖν
1301 4491 1409 4545 ἀπὸ
1434 4491 1527 4546 τοῦ
1557 4492 1793 4562 ὑστερή-

218 4599 392 4652 ματος
432 4581 573 4636 εστω
595 4583 690 4636 καὶ
723 4581 930 4645 ἐνδείας
952 4598 965 4611 ·
996 4584 1031 4653 ὴ
1056 4582 1192 4652 πρὸς
1219 4582 1351 4636 Θεὸν
1378 4582 1696 4654 εὐχαριστία
1721 4582 1796 4654 μὴ

1896 3412 2144 3481 gelorum
2176 3426 2192 3462 :
2219 3408 2313 3479 qui
2343 3407 2480 3463 duas
2506 3407 2673 3462 habet
2692 3404 2936 3471 tunicas,
2955 3402 3117 3458 alteri
3141 3402 3345 3457 nullam
3376 3401 3473 3457 ha-

1897 3500 2048 3557 benti
2079 3498 2493 3555 communicet:
2525 3498 2913 3569 quotidianum
2950 3494 3221 3570 jejunium
3264 3495 3321 3549 in
3368 3509 3471 3549 no-

1895 3607 2023 3647 nam
2060 3607 2234 3660 usque
2263 3591 2455 3646 horam
2479 3590 2592 3646 diei
2626 3590 2971 3645 extrahatur.
3002 3591 3074 3644 At
3106 3602 3231 3645 cum
3259 3586 3475 3661 jejuna-

1897 3698 2041 3749 mus,
2071 3682 2377 3739 cavendum
2407 3690 2490 3738 est
2515 3698 2583 3738 ne
2603 3681 3017 3754 bypocritarum
3049 3696 3202 3737 more
3229 3676 3470 3735 luridum

1895 3784 2265 3843 maestumque
2300 3772 2659 3843 praeferamus
2679 3773 2915 3835 vultum,
2954 3772 3050 3827 sed
3091 3771 3390 3827 videndum
3412 3780 3474 3826 ut

1897 3863 2207 3921 custodiam
2238 3878 2509 3934 ponamus
2551 3863 2639 3919 ari
2677 3871 2735 3920 et
2794 3863 2997 3918 ostium
3042 3863 3473 3918 circumstantia:

1897 3955 2061 4010 labiis
2100 3955 2328 4011 nostris.
2361 3954 2500 4010 Cum
2534 3952 2697 4009 fratri
2749 3969 2981 4025 peregre
3025 3954 3342 4009 advenienti
3379 3969 3474 4009 oc-

1896 4047 2145 4111 curritis,
2176 4046 2435 4102 celeriter
2470 4046 2738 4102 inclinato
2766 4060 2999 4116 corpore
3031 4046 3198 4101 dicite
3223 4046 3472 4117 :Ecquid

1894 4139 2186 4193 valemus?
2224 4137 2424 4193 deinde
2461 4152 2562 4193 vos
2602 4138 2806 4193 iterum
2835 4139 3061 4193 silentio
3097 4138 3244 4193 dato.
3285 4136 3342 4192 Si
3382 4139 3473 4193 cui

1896 4237 2078 4284 autem
2100 4228 2310 4284 diutius
2335 4229 2762 4300 colloquendum
2804 4239 2910 4293 est,
2936 4230 3029 4285 ille
3062 4229 3295 4285 fratrem
3329 4229 3474 4284 invi-

1898 4318 2037 4373 tahit
2087 4318 2155 4373 ad
2215 4318 2571 4375 refectionem
2620 4319 2706 4373 vel
2746 4318 2914 4374 etiam
2963 4316 3035 4373 ad
3091 4333 3293 4388 panem
3350 4317 3477 4372 vitae

1897 4405 2364 4473 manducandum,
2404 4416 2517 4463 tum
2550 4407 2966 4462 narrationibus
3015 4405 3268 4461 divinum
3316 4406 3479 4476 quid-

1902 4498 2027 4554 dam
2048 4500 2410 4570 spirantibus,
2431 4510 2546 4555 tum
2573 4508 2893 4556 sanctorum
2916 4499 3140 4555 Patrum
3158 4500 3289 4555 vitis
3322 4514 3477 4554 men-
3520 4490 3523 4491 ν

1901 4603 1977 4643 sae
2012 4589 2302 4660 appositis.
2337 4588 2658 4645 Cavendum
2684 4597 2768 4644 est
2813 4605 2883 4644 ne
2913 4589 3203 4661 oblingua:
3224 4589 3476 4658 peritiam

212 4673 537 4740 ἑκλειπέτω,
561 4674 673 4727 ἀλλ’
697 4674 756 4727 ὲν
781 4672 859 4745 τῷ
882 4673 1107 4743 στόματι
1134 4672 1289 4744 ὑμῶν
1312 4673 1372 4727 τδ
1395 4674 1563 4744 δνομα
1590 4675 1790 4746 Κυρίου

1902 4695 2042 4736 vana
2075 4681 2249 4751 gloria
2310 4680 2658 4747 efferamur;
2702 4680 2803 4736 sed
2855 4680 3035 4737 danda
3081 4682 3267 4752 potius
3309 4697 3477 4752 opera

215 4764 315 4817 ἐπὶ
347 4766 512 4819 πᾶσιν
545 4764 875 4835 ἁγιαξέσθω,
906 4765 940 4837 ἦ
978 4765 1074 4819 καὶ
1113 4766 1286 4838 στόμα
1317 4764 1517 4836 μᾶλλον
1545 4765 1675 4837 ύμῖν
1705 4767 1800 4820 καὶ

216 4856 450 4927 καρδίαν
474 4858 767 4927 ἁγιαζέτω.

1908 4781 1989 4839 ut,
2017 4773 2275 4830 mandata
2298 4774 2395 4829 Dei
2424 4773 2481 4828 in
2505 4763 2860 4844 simplicitate
2875 4788 2940 4829 ac
2963 4774 3274 4829 humilitate
3292 4772 3479 4829 cordis

1902 4863 2301 4931 custodientes,
2330 4878 2515 4919 veram
2569 4865 2800 4935 gloriam
2850 4879 3205 4934 assequamur
3232 4878 3297 4918 ac
3343 4878 3480 4917 con-

221 4964 533 5005 servemus.
558 4950 728 5005 Amor
751 4951 1077 5006 voluntariae
1113 4949 1459 5023 paupertatis
1499 4948 1567 5006 ab
1594 4949 1709 5020 ipsa
1746 4953 1979 5023 penuria
2010 4964 2176 5026 atque
2205 4955 2388 5025 inopia
2432 4956 2616 5025 capiat
2680 4954 3121 5010 incrementum:
3174 4955 3479 5025 gratiarum

213 5045 362 5099 actio
396 5045 509 5099 Deo
541 5044 727 5100 debita
759 5062 1040 5116 nunquam
1059 5046 1282 5102 deficiat
1346 5044 1526 5110 vobis,
1583 5045 1680 5103 sed
1703 5044 1760 5102 in
1791 5062 1890 5105 ore
1911 5060 2096 5107 vestro
2118 5064 2322 5107 nomen
2346 5048 2566 5105 Domini
2589 5048 2966 5106 sanctiﬁcetur
2990 5049 3047 5105 in
3069 5049 3349 5117 omnibus,
3384 5061 3481 5105 aut

212 5150 281 5191 os
302 5144 548 5192 vestrum
576 5137 762 5207 potius
787 5138 1093 5195 sanctiﬁcet
1114 5154 1211 5195 cor
1227 5148 1493 5195 vestrum.

288 5227 399 5293 λς’.
444 5228 681 5299 Ἀδελφῴ
714 5230 846 5302 περί
904 5248 1051 5295 τινος
1113 5229 1317 5301 φαύλου
1361 5233 1688 5305 πράγματος
1716 5232 1793 5306 μὴ

218 5321 585 5383 ωνδιαστέον,
618 5322 755 5376 ἀλλὰ
786 5324 1114 5393 προσεκτέον
1146 5324 1348 5395 μᾶλλον
1387 5327 1625 5390 ἑαυτοῖς,
1652 5326 1801 5380 ἀδελ-

218 5412 338 5483 φοὶ,
364 5412 460 5466 καὶ
494 5413 673 5467 πάντα
696 5414 1058 5489 δοκιμαστέον
1092 5415 1332 5487 πρῶτον,
1370 5412 1490 5471 εἶτα
1514 5416 1608 5471 τοῦ
1628 5418 1796 5471 καλοῦ

212 5502 449 5574 δυνάμει
478 5506 544 5576 τῇ
576 5507 727 5580 πάσῃ
756 5506 1090 5578 περιεκτὲον.
1121 5507 1332 5581 Μηδεὶς
1355 5510 1413 5563 εν
1439 5511 1574 5580 ἡμῖν
1624 5509 1806 5565 διάδο-

211 5595 310 5662 λος
331 5595 492 5652 Εστωο
518 5600 621 5670 τῆς
647 5600 757 5672 γὰρ
785 5600 997 5656 ἐκείνου
1031 5601 1248 5675 μερίδος
1268 5604 1418 5659 ἐστὶν
1440 5604 1468 5657 ό
1497 5603 1801 5676 συνταράσ-

180 5738 183 5741 γ
290 5751 483 5807 'l’sal.
538 5769 690 5819 xvm,
745 5754 830 5810 Μ.

504 5845 773 5910 ΡΑτιιοι.
820 5848 936 5907 Gn.
972 5848 1317 5913 LXXXVI.

1970 5234 2061 5290 56.
2090 5235 2229 5292 Cum
2259 5232 2428 5291 fratre
2473 5232 2629 5305 pravi
2689 5231 2975 5305 quidpiam
3044 5233 3187 5288 forte
3228 5230 3478 5286 molienti

1900 5326 2073 5383 nolite
2105 5326 2446 5397 conspirare,
2469 5326 2565 5381 sed
2596 5326 2667 5381 ad
2696 5341 2796 5381 vos
2814 5327 2963 5398 ipsos
2992 5325 3178 5396 potius
3197 5322 3473 5387 conversi,

1902 5419 2189 5489 explorate
2220 5420 2377 5490 prius
2411 5416 2632 5483 omnia;
2671 5426 2788 5471 tum
2835 5416 2982 5487 quod
3032 5414 3263 5486 propius
3311 5411 3475 5467 avir~

1908 5519 2023 5566 tute
2055 5511 2232 5575 abest,
2260 5510 2390 5566 totis
2420 5508 2636 5565 viribus
2661 5507 2969 5565 sectamini.
2994 5506 3190 5562 Nullus
3210 5506 3354 5561 inter
3374 5522 3427 5559 vr
3444 5517 3475 5562 s

1909 5601 2163 5659 diabolus
2188 5602 2261 5659 sit
2297 5618 2312 5660 :
2341 5600 2544 5659 diaboli
2593 5600 2797 5674 quippe
2833 5609 3017 5672 partes
3046 5608 3176 5656 sunt
3222 5598 3481 5657 fraterni-

3155 5849 3357 5909 95'
