3988 6484
599 376 742 444 3019

1794 368 1855 429 S.
1898 361 2276 428 SYMEONIS
2312 359 2675 426 JUNIORIS

3691 352 3799 420 3020

598 498 765 544 tatem
803 479 1138 538 disturbare.
1163 476 1332 532 Labia
1362 481 1543 532 vestra
1583 488 1798 530 necnon
1824 489 1922 530 cor
1939 483 2175 529 vestrum

2289 487 2398 525 σων
2428 469 2529 539 τὴν
2556 464 2895 536 ἀδελφότητα
2926 471 2939 492 "
2969 461 3108 518 ἀλλὰ
3135 462 3205 516 τά
3239 478 3297 516 τε
3322 460 3475 532 χείλη
3497 460 3718 531 ἀλήθειαν
3735 470 3801 524 ἀεὶ

595 579 889 634 veritatem
920 578 1193 642 perpetuo
1223 569 1505 638 loquatur.
1539 567 1594 622 Si
1647 566 1792 622 inter
1839 565 2178 621 accumben-

597 670 728 722 dum
755 661 1022 726 sitiveris,
1052 675 1185 715 cave
1203 659 1376 723 dicas,
1414 659 1490 713 Da
1519 657 1667 728 quod
1692 657 1910 712 bibam:
1941 655 2039 712 sed
2071 671 2178 710 nu-

598 760 748 812 tibus
773 753 1078 825 significan
1117 753 1218 817 illi,
1247 752 1340 821 qui
1399 751 1854 805 accumbentibus
1883 749 2178 815 ministrat,

598 847 988 902 necessitatem
1029 854 1220 908 tuam;
1262 841 1352 897 siti
1402 855 1537 895 vero
1569 839 1812 910 expleta,
1859 839 2024 894 tacite
2079 838 2180 894 de-

598 937 807 990 mittito
853 934 1106 989 calicem.
1143 932 1200 988 Si
1275 931 1575 987 excreandi
1625 931 1928 987 necessitas
1981 940 2177 1002 urget,

599 1037 879 1084 memento
907 1043 1016 1080 non
1045 1027 1100 1080 in
1158 1034 1461 1094 conspectu
1509 1024 1743 1079 fratrum
1796 1024 2048 1096 pituitam
2081 1023 2180 1094 eji-

599 1138 758 1178 cere:
785 1121 880 1175 sed
906 1120 1137 1190 surgito,
1177 1118 1543 1188 Patrihusque
1572 1119 1784 1173 salvere
1817 1116 2006 1188 jussis,
2052 1132 2181 1186 pro-

601 1217 693 1271 cul
730 1215 857 1270 inde
882 1214 1128 1269 recedito
1148 1227 1414 1282 ;cumque
1451 1213 1772 1268 necessitati
1800 1211 2000 1267 feceris
2022 1210 2176 1274 satis,

598 1306 656 1364 in
690 1306 908 1361 silentio
928 1318 1184 1359 reversus
1215 1304 1336 1358 loco
1365 1311 1461 1357 tuo
1495 1311 1546 1356 te
1573 1317 1801 1372 repone,
1840 1311 1898 1356 et
1925 1316 2049 1371 qua:
2080 1315 2180 1370 ap-

598 1397 781 1468 posita
837 1406 1007 1464 sunt,
1042 1405 1303 1466 tanquam
1362 1393 1675 1450 ministerio
1727 1393 2049 1463 angelorum
2111 1406 2179 1446 eo

599 1486 804 1548 delata,
859 1486 1119 1556 religiose
1157 1483 1511 1538 manducato.
1564 1482 1692 1537 Vini
1741 1497 1846 1536 usu
1893 1481 2181 1536 monachis

598 1582 828 1638 omnino
859 1580 1224 1635 interdictum
1257 1586 1418 1634 esto:
1460 1579 1507 1633 si
1561 1578 1650 1632 cui
1712 1586 1892 1631 tamen
1951 1581 2180 1646 propter

599 1673 974 1730 inﬁrmitatem
1005 1672 1256 1743 corporis
1283 1671 1548 1727 utendum
1601 1678 1730 1735 est,
1769 1679 1955 1724 utatur
2011 1682 2178 1738 quam
2226 1705 2231 1711 ι

596 1767 942 1836 parcissime.
972 1765 1093 1820 Non
1123 1765 1276 1820 enim
1311 1765 1565 1835 ignorare
1595 1761 1833 1824 debetis,
1889 1775 1987 1831 per
2015 1759 2177 1814 vino-

2283 561 2376 614 καὶ
2406 560 2440 629 ὴ
2470 556 2670 630 καρδία
2701 554 2954 609 λαλείτω.
3003 554 3131 606 Ἐἀν
3182 555 3240 606 ἐν
3281 555 3354 623 τῇ
3399 551 3634 625 τραπέζῃ
3681 556 3803 629 cum.

2284 669 2406 725 σῃς,
2427 651 2530 705 οὐκ
2559 651 2727 721 ἐρεῖς,
2761 650 2862 710 Δός
2895 663 2985 718 μοι
3030 649 3178 700 πιεῖν
3199 662 3212 678 ο
3253 645 3392 700 ἀλλά
3419 645 3637 714 νεύματι
3665 665 3802 719 σημα.

2281 745 2394 806 νεῖς
2452 740 2532 812 τῷ
2577 739 2814 810 διακόνῳ
2850 737 2952 808 τῆς
2993 737 3208 808 χρείας,
3239 735 3498 806 καὶ-σιγῇ
3534 736 3800 809 summa,

2282 838 2604 908 Φλέγματος
2643 833 3225 896 ἐπικατασπασθέντος
3273 831 3352 903 τῷ
3383 831 3590 903 θώρακι
3633 834 3715 887 οὑκ
3738 838 3804 888 ὲν-

2282 926 2455 980 ώπςον
2484 926 2714 989 πτύσεις
2735 924 2846 979 τῶν
2869 923 3138 994 ἀδελφῶν,
3168 923 3302 976 ἀλλὰ
3333 923 3589 987 ἀναστὰς,
3615 924 3803 998 Εὐλογη-

2284 1035 2436 1084 σατε,
2474 1018 2738 1088 Πατέρες,
2791 1017 2963 1087 ἐρεῖς,
2995 1015 3187 1087 πόρρω
3222 1031 3280 1068 τε
3309 1015 3519 1068 τούτων
3550 1017 3804 1086 γενομένοςξ

2281 1110 2376 1163 καὶ¹
2405 1110 2508 1180 τὴν
2555 1109 2743 1181 χρείαν
2785 1106 3105 1178 πληρώσας,
3138 1109 3318 1177 ησυχῆ
3367 1106 3529 1160 πάλιν
3565 1106 3729 1171 ἐλθὼν,
3758 1113 3803 1180 τῇ

2280 1201 2534 1274 τραπέζῃ
2582 1200 2778 1255 ἑαυτὸν
2827 1199 3174 1273 παρενείρες,
3199 1200 3448 1263 εὐλαϐῶς
3474 1215 3532 1252 τε
3575 1200 3806 1274 neruum

2279 1296 2390 1348 τῶν
2432 1294 2850 1368 προκειμένων,
2876 1294 2954 1357 ὡς
3000 1293 3109 1348 ὑπὸ
3155 1292 3544 1364 παραστάταις
3585 1293 3805 1362 ἀγγέλοις.

2281 1383 2439 1452 Οἶνος
2467 1387 2783 1442 παντάπασι
2821 1389 3076 1458 μοναχοῖς
3107 1384 3521 1457 ἀπαγορευτέος
3551 1400 3564 1415 ·
3605 1387 3648 1440 εί
3672 1386 3718 1441 δέ
3743 1406 3804 1453 τις

2280 1480 2429 1550 αὐτῷ
2476 1480 2568 1533 διὰ
2621 1480 2880 1551 σώματος
2939 1477 3232 1533 ἀσθένειαν
3294 1479 3517 1550 χρῷτο,
3553 1478 3662 1532 λίαν
3685 1481 3808 1550 ὀλίγῳ

2281 1573 2596 1645 κεχρήσθω*
2629 1572 2899 1644 παροικία
2921 1572 3031 1644 γὰρ
3062 1571 3336 1642 δαιμόνων
3373 1570 3552 1641 σαφὴς
3578 1571 3608 1641 ἡ
3639 1571 3808 1625 πολυοι-

2280 1665 2390 1717 νία·
2417 1663 2496 1735 τῷ
2523 1677 2582 1717 τε
2606 1663 2716 1734 γὰρ
2743 1662 2956 1734 σώματι
2979 1661 3282 1734 πυρώσεως
3305 1661 3611 1714 ὑπαπιπτει
3634 1660 3808 1728 φλόγας,

2281 1756 2376 1809 καὶ
2426 1754 2597 1826 βαρὺν
2625 1754 2724 1824 μέν
2763 1753 2854 1808 τὸν
2885 1752 3078 1816 ὕπνον,
3109 1751 3462 1824 ἀμϐλυτέρας
3511 1750 3679 1816 δὲτὰς
3715 1752 3811 1821 φρέ-

598 1859 826 1914 lentiam
879 1866 1066 1928 aplum
1111 1872 1210 1912 vos
1270 1854 1558 1911 daemoniis
1608 1853 1989 1908 habitaculum
2017 1849 2174 1916 fieri;

2285 1865 2383 1910 νας
2411 1846 2729 1918 ἐργάζεται,
2759 1845 2865 1913 ἐξω
2891 1863 2954 1899 τε
2982 1844 3238 1917 καθάπερ
3260 1843 3460 1899 ἐαυτοῦ
3487 1844 3576 1898 τὸν
3620 1845 3810 1916 ἡγεμόνα

599 1951 693 2006 illa
717 1951 922 2021 quippe
951 1950 1009 2005 in
1035 1963 1269 2020 corpore
1295 1945 1541 2002 ﬂammas
1578 1945 1828 2002 libidinis
1865 1941 2176 2008 succendit,

2288 1940 2519 2012 καθίστη
2529 1956 2581 1993 σι
2616 1937 2764 1994 νοῦν.

599 2042 692 2098 illa
745 2044 994 2114 gravium
1071 2056 1394 2098 somnorum
1461 2055 1625 2096 causa
1675 2046 1796 2103 est;
1857 2036 1947 2091 illa
2005 2035 2207 2107 pingue
2263 2033 2634 2104 obtusumque
2685 2029 2867 2088 reddit
2924 2030 3251 2104 ingenium;
3299 2038 3364 2086 ut
3450 2027 3588 2085 nihil
3640 2026 3807 2098 dicam,

598 2133 746 2203 quod
788 2141 1051 2197 mentem,
1128 2131 1557 2203 pulcherrimam
1602 2128 1847 2184 hominis
1883 2128 2107 2192 ducem,
2143 2141 2174 2181 e
2213 2125 2336 2180 loco
2378 2139 2480 2179 suo
2504 2123 2786 2179 deturbet.

669 2224 761 2278 57.
809 2221 947 2277 Cum
1004 2220 1315 2277 inﬁrmatus
1363 2220 1556 2284 fueris,
1601 2219 1849 2274 medicus
1901 2217 2002 2272 tibi
2031 2218 2178 2272 Deus

597 2324 738 2370 esto.
777 2313 914 2369 Cum
944 2312 1179 2368 fratrum
1206 2312 1482 2383 quispiam
1523 2311 1787 2366 inciderit
1817 2311 1874 2365 in
1921 2309 2178 2364 morbum

598 2406 697 2474 qui
741 2405 953 2460 olidum
981 2403 1231 2461 faetorem
1267 2404 1507 2470 emittit,
1531 2419 1600 2459 ne
1640 2403 1972 2474 deprecetur
2013 2401 2178 2457 mini-

600 2497 833 2553 steriqu
865 2497 1143 2553 curatoris
1172 2498 1501 2555 monachus.
1543 2513 1616 2552 ne
1645 2506 1905 2552 vereatur
1930 2511 2179 2552 commo-

597 2589 731 2646 dare
760 2605 1006 2654 manum,
1034 2597 1090 2644 et
1121 2589 1345 2644 deterso
1373 2605 1514 2660 pure
1539 2591 1769 2644 vulnera
1812 2604 2036 2644 curare:
2063 2589 2175 2644 imo

595 2695 731 2736 vero
756 2681 960 2736 inﬁrmi
988 2682 1192 2747 lectum
1226 2683 1482 2747 sternito,
1516 2691 1572 2738 et
1598 2683 1644 2736 si
1675 2697 1786 2752 qua
1811 2697 1873 2737 re
1922 2681 2172 2752 indigere

596 2774 808 2838 audiat,
853 2783 1107 2844 prompte
1163 2774 1536 2846 suppeditato,
1581 2774 1748 2844 idque
1786 2775 1883 2839 ita,
1932 2786 1995 2829 ut
2032 2775 2173 2829 nihil

597 2865 834 2921 convicii
855 2865 1044 2937 jaciat,
1069 2867 1208 2920 nihil
1234 2866 1417 2937 magni
1457 2881 1560 2920 asc
1591 2865 1797 2921 factum
1849 2867 2173 2933 arbitretur,

597 2955 695 3010 sed
729 2956 807 3010 uti
853 2971 1050 3010 servus
1073 2956 1300 3011 domino
1319 2972 1420 3013 suo
1445 2957 1683 3028 benigne
1729 2957 2046 3018 famuletur.
2075 2958 2174 3012 do-

2353 2214 2454 2279 λζ’.
2501 2214 2705 2286 Ἰατρὸς
2727 2213 3101 2287 ἀῤῥωστοῦντι
3134 2213 3270 2279 Θεὸς
3297 2213 3444 2268 ἔστω
3472 2231 3573 2269 σοι.
3605 2213 3809 2283 Ἀδελφοῦ

2287 2306 2449 2360 πάθει
2465 2305 2732 2359 δυσωδίαν
2759 2307 2998 2360 τίκτοντι
3029 2306 3482 2378 περιπίπτοντος,
3511 2304 3582 2375 μὴ
3598 2306 3812 2376 παραιτή-

2289 2415 2449 2468 σηται
2511 2396 2746 2468 μοναχὸς
2787 2397 3030 2468 ἅψασθαί
3050 2413 3110 2451 τε
3148 2396 3314 2452 αὐτοῦ
3349 2396 3447 2451 καὶ
3475 2395 3810 2466 ἡπαντελοῦσαι

2291 2492 2353 2546 τὸ
2385 2492 2628 2563 τραῦμα,
2650 2489 2788 2544 ἀλλά
2835 2491 2933 2546 καὶ
2979 2491 3171 2561 κοίτην
3223 2487 3396 2544 αὑτοῦ
3451 2488 3701 2562 στρώσει,
3747 2491 3811 2542 καὶ

2290 2584 2412 2638 ὅτου
2446 2583 2618 2638 δέοιτο
2639 2583 3059 2654 πυνθανόμενος
3086 2581 3324 2652 ἑτοίμως
3355 2578 3557 2654 ὀρέξει,
3585 2579 3674 2633 οὐκ
3713 2579 3812 2633 ὀνει-

2286 2674 2472 2740 δίζων,
2504 2675 2565 2729 οὐ
2596 2675 2739 2745 μέγα
2766 2693 2822 2728 τι
2847 2674 2981 2746 δρᾷν
3011 2673 3279 2746 οἰόμενος,
3321 2670 3462 2726 ἀλλά
3518 2672 3612 2724 ὅσα
3659 2668 3810 2728 δεσπό-

2285 2783 2356 2841 τῃ
2383 2767 2568 2832 δοῦλος
2591 2766 2950 2838 εὐγνωμόνως
2972 2764 3288 2836 ὑπηρετῶν,
3314 2763 3428 2826 ἕως
3446 2763 3474 2816 δ
3498 2761 3662 2823 κοινὸς
3680 2761 3809 2813 ἀπάν-

2281 2877 2392 2914 των
2431 2859 2710 2929 Δεσπότης
2756 2857 3203 2930 ἐπισκεψάμενος
3270 2856 3508 2918 ἄνωθεν,
3545 2854 3712 2924 ἐγείρῃ
3746 2853 3810 2904 τὸν

2282 2952 2580 3023 κάμνοντα.
2646 2949 2835 3005 Ταῦτα
2883 2949 3125 3022 τηρείτω
3181 2951 3215 3021 ἡ
3286 2948 3635 3019 ἀδελφότης,
3679 2945 3810 3000 ταῦτα

597 3063 703 3102 nec
728 3047 1039 3103 communis
1062 3048 1451 3103 universorum
1489 3049 1760 3104 Dominus
1803 3065 1906 3104 nos
1943 3050 2175 3108 visitans

2283 3047 2456 3097 ποιεῖν
2482 3042 2849 3108 σπουδαζέτω,
2875 3042 2924 3094 εί
2946 3041 3239 3113 μέλλοιμεν
3257 3041 3358 3111 τῆς
3379 3040 3630 3102 εὐκταίας
3645 3037 3810 3106 ἐκείνης

596 3155 662 3194 ex
680 3143 788 3196 alto
808 3149 1019 3195 recreet
1048 3141 1261 3211 sibique
1292 3143 1548 3196 restituat
1581 3143 1944 3197 laborantem.
1981 3145 2177 3199 Isthtec

2284 3139 2514 3194 ἀκοῦσαι
2536 3141 2747 3211 φωνῆς’
2767 3137 2968 3205 Δεῦτε,
3003 3140 3057 3192 οἱ
3075 3133 3478 3207 εὐλογημένοι
3503 3132 3604 3188 τοῦ
3632 3132 3808 3198 Πατρός

594 3239 746 3293 sunt,
799 3231 1032 3288 fratres.
1075 3245 1196 3300 qua:
1253 3230 1549 3284 observare
1603 3216 1707 3285 vos'
1733 3231 1927 3284 velim:
1986 3229 2175 3284 isthzec

2279 3251 2418 3304 μου,
2435 3232 2933 3301 κληρονομήσατε
2949 3229 3063 3299 τὴν
3077 3228 3532 3299 ἡτοιμασμένην
3548 3225 3807 3296 ὐμῖνβασι-

597 3330 861 3391 praestare
907 3323 1162 3391 satagite,
1224 3322 1269 3377 si
1319 3322 1620 3392 optabilem
1689 3322 1838 3376 illam
1889 3321 2175 3392 aliquando

2283 3328 2460 3381 λείαν
2485 3325 2605 3380 ἀπὸ
2626 3323 2971 3394 καταϐολῆς
3008 3324 3267 3394 κόσμου,
3291 3323 3376 3376 ὅτι
3410 3320 3664 3374 πεινῶντα
3687 3335 3738 3389 με
3758 3314 3806 3368 εἴ·

595 3413 790 3468 audire
817 3429 1006 3470 vocem
1036 3413 1276 3483 cupitis:
1320 3413 1517 3478 Venite,
1547 3414 1802 3468 benedicti
1841 3413 2022 3468 Patris
2056 3416 2175 3479 mei,

2282 3419 2399 3470 δετε
2422 3419 2516 3471 καὶ
2545 3417 2833 3488 ἐθρέψατε,
2869 3416 3113 3486 διψῶντα
3169 3416 3264 3470 καὶ
3311 3415 3621 3475 ἐποτίσατε,
3651 3409 3806 3479 γυμνὸν

596 3507 854 3576 possidete
904 3515 1155 3578 paratum
1218 3507 1358 3560 vobis
1419 3523 1640 3577 regnum
1715 3524 1749 3561 a
1810 3508 2175 3561 constitutione

2282 3512 2374 3563 καὶ
2411 3510 2792 3582 περιεϐάλετε,
2847 3508 3053 3578 ἀσθενῆ
3081 3509 3176 3562 καὶ
3206 3511 3266 3562 ἐν
3303 3508 3519 3580 φυλακῇ
3557 3509 3641 3561 καὶ
3664 3504 3802 3576 hiller:

601 3601 825 3655 mundi’
849 3618 862 3656 :
888 3601 1016 3672 quia
1040 3602 1256 3657 vidistis
1273 3617 1358 3656 me
1380 3602 1740 3670 esurientem,
1765 3611 1822 3658 et
1837 3603 2175 3669 nutrivistis;

2280 3606 2416 3674 πρός
2442 3621 2528 3675 με.
2563 3603 2619 3656 '0
2640 3604 2799 3673 ἔχων
2815 3597 2935 3658 ὦτα
2953 3603 3198 3656 ἀκούειν
3222 3601 3511 3667 ἀκουέτω,
3531 3595 3667 3653 εἶπεν
3685 3593 3801 3648 6Κὺ-

596 3690 898 3758 sitientem,
923 3692 1233 3748 etdedistis
1286 3703 1513 3764 potum;
1572 3696 1807 3758 nudum,
1865 3703 1922 3750 et
1971 3711 2175 3765 coope-

2281 3712 2413 3765 ριος·
2444 3696 2651 3766 αὑτῷή
2680 3695 2809 3759 δόξα
2848 3697 2926 3758 είς
2949 3695 3077 3758 τοὺς
3096 3693 3324 3758 αἰῶνας.
3355 3693 3551 3766 Ἀμην.

598 3785 816 3850 ruistis;
851 3785 1131 3841 infirmum
1163 3798 1219 3842 et
1252 3802 1478 3844 carcere
1505 3788 1814 3856 detentum,
1841 3796 1898 3844 et
1939 3788 2254 3845 accessistis
2291 3789 2527 3845 invisuri
2586 3787 2654 3844 ad
2697 3802 2807 3844 me.
2872 3786 2976 3853 Qui
3023 3786 3177 3842 habet
3241 3803 3400 3840 aures
3459 3782 3686 3839 audiendi
3730 3792 3800 3830 au-

598 3875 798 3945 diat",
831 3876 969 3934 dicit
989 3878 1288 3946 Dominus,
1313 3879 1403 3935 cui
1435 3880 1613 3951 gloria
1636 3879 1692 3935 in
1727 3879 1948 3936 saecula.
1977 3881 2175 3936 Amen.

2052 4011 2281 4072 CAPUT
2315 4010 2376 4067 V.

985 4129 1143 4197 Visio,
1174 4131 1337 4186 ardor
1358 4133 1612 4203 patiendi,
1644 4141 1883 4205 acceptus
1914 4132 2144 4205 Spiritus
2168 4142 2405 4198 sanctus,
2435 4127 2774 4194 tentationes,
2801 4141 2942 4182 mors
2966 4126 3168 4182 Joanni
3199 4127 3478 4198 prardicta.

664 4268 754 4323 38.
787 4269 952 4324 llisce
1015 4268 1242 4334 auditis,
1295 4279 1522 4341 stupore
1587 4284 1752 4344 atque
1804 4275 2168 4330 admiratione

591 4359 848 4428 compicti
883 4368 1013 4413 sunt
1038 4361 1316 4425 monachi,
1344 4363 1619 4433 praecipue
1644 4365 1906 4432 Joannes,
1930 4366 2026 4437 qui
2069 4365 2170 4438 Sy-

2349 4267 2450 4342 λη⁹.
2483 4267 2702 4323 Τούτων
2727 4266 3018 4340 ἀκούοντες
3045 4268 3095 4322 ol
3128 4267 3358 4339 povaxol.
3379 4309 3398 4335 ,
3433 4268 3798 4338 κατεπλήττοντο

2279 4364 2372 4417 καὶ
2406 4361 2607 4433 μᾶλλον
2640 4363 2668 4414 ὁ
2709 4360 2984 4432 Ἰωάννης,
3008 4360 3068 4426 ὃς
3099 4361 3192 4415 καὶ
3220 4361 3339 4416 νέον
3362 4361 3545 4426 Δαυῖδ,
3569 4362 3656 4415 ὅσα
3671 4377 3719 4428 γε
3743 4363 3797 4419 si;

594 4465 869 4513 meooem,
904 4458 1171 4520 quantum
1206 4452 1272 4507 ad
1328 4455 1653 4524 sapientiam
1709 4457 2052 4528 Spiritualem
2087 4459 2170 4515 di-

2280 4455 2659 4527 πνευματικὴν
2700 4456 2893 4524 σοφίαν
2937 4453 3031 4509 καὶ
3067 4454 3230 4524 λόγου
3271 4454 3527 4525 δύναμιν,
3554 4454 3709 4508 ἐκάλει
3735 4451 3795 4504 τὸν

591 4542 865 4611 ccmlique
897 4541 1193 4597 ellicaciam
1224 4545 1442 4609 attinet,
1473 4549 1709 4605 alterum
1761 4551 2022 4608 Davidem
2077 4569 2171 4623 ap-

591 4634 864 4703 pellabat;
931 4636 1300 4706 narrabatque
1369 4641 1647 4709 quomodo
1709 4653 1872 4700 nocte
1933 4645 2024 4700 illa
2072 4661 2171 4715 per

589 4725 867 4779 somnium
911 4726 1099 4781 divina
1123 4727 1372 4797 quaadam
1412 4733 1591 4788 virtus
1611 4735 1795 4791 oblata
1819 4737 1924 4791 sibi
1952 4736 2168 4804 fuisset,

588 4838 710 4889 qua:
740 4821 964 4876 dextera
999 4838 1322 4892 expressum
1369 4840 1400 4879 e
1441 4825 1566 4881 favo
1612 4828 1721 4883 mel
1767 4828 2088 4883 effundebat
2111 4845 2166 4884 ac

591 4913 921 4984 Symeoucm
971 4914 1266 4984 multiplici
1325 4917 1552 4972 scientia
1621 4919 1977 4975 informabat.
2019 4921 2168 4975 Alter

588 5005 756 5059 ctiam
805 5022 836 5060 c
890 5022 1094 5061 corona
1126 5008 1359 5064 fratrum
1413 5011 1577 5067 simul
1628 5015 1962 5079 astantium,
2012 5024 2171 5069 :etate

588 5098 851 5166 grandior
878 5098 1259 5172 interrogabat
1281 5146 1294 5169 ,
1316 5121 1450 5157 num
1484 5105 1608 5160 istic
1643 5107 1752 5161 loci
1778 5108 2049 5164 columba:
2081 5125 2171 5163 es-

588 5199 732 5244 sent.
772 5190 1366 5265 Cunctisnegantibus,
1415 5198 1608 5252 retulit
1651 5201 1931 5269 quomodo
1977 5203 2169 5256 candi-

588 5284 713 5336 dam
747 5284 1059 5339 columbam
1082 5304 1179 5357 per
1206 5288 1507 5344 fenestram
1542 5289 1608 5344 ad
1645 5290 1972 5363 Symeonem
2000 5295 2170 5352 advo-

587 5376 815 5443 lantem,
846 5375 1085 5448 indeque
1114 5394 1305 5433 rursus
1330 5381 1638 5435 avolantem
1663 5398 1727 5437 ac
1753 5385 2044 5441 sublimem
2079 5388 2170 5442 ab-

586 5479 812 5523 euntem
837 5471 1188 5540 conspicatus
1219 5472 1433 5528 fuisset.
1457 5474 1594 5529 Dum
1621 5475 1737 5532 haec
1766 5477 1844 5533 illi
1876 5478 2020 5537 inter
2049 5498 2170 5538 sese

586 5562 904 5630 munierunt,
928 5563 1096 5618 sentit
1125 5563 1364 5637 Symeon
1396 5565 1453 5632 in
1489 5565 1694 5621 malum
1756 5570 2168 5638 quodammodo

587 5669 647 5706 sc
683 5654 821 5723 rapi,
848 5665 903 5711 et
933 5672 1031 5725 per
1056 5659 1341 5714 universas
1377 5659 1568 5713 mundi
1596 5659 1782 5731 plagas
1816 5663 1924 5719 late
1950 5668 2164 5738 vagari;

656 5814 676 5841 ”
709 5812 901 5865 Matth.
948 5828 1070 5878 xxv,
1109 5815 1196 5867 54.
1280 5819 1318 5846 ’⁸
1345 5814 1478 5869 Luc.
1516 5833 1622 5878 xw.

2277 4549 2524 4620 Συμεὼν,
2553 4550 2774 4603 κάκεῖνο
2797 4547 2853 4600 δέ
2881 4547 3214 4619 προσετίθει,
3237 4546 3308 4610 ὡς
3334 4547 3526 4617 ὀφθείη
3545 4547 3634 4617 τῆς
3655 4543 3794 4603 νυκτὸς

2276 4644 2492 4714 ἐκείνης
2521 4641 2670 4713 αὑτῷ
2701 4640 2820 4696 θεία
2853 4641 2994 4696 κατά
3029 4640 3156 4704 τοὺς
3187 4639 3392 4704 ὕπνους
3423 4640 3654 4708 δύναμις,
3679 4633 3793 4689 οἱονεί

2265 4754 2329 4804 ,τι
2371 4736 2494 4808 μέλι
2525 4735 2720 4806 κηρίου
2752 4735 2821 4806 τῇ
2854 4733 3004 4806 δεξιᾷ
3033 4733 3365 4804 κατέχουσα,
3399 4735 3496 4789 καὶ
3538 4733 3608 4803 τῷ
3628 4726 3791 4800 Συμεὼν

2277 4830 2519 4900 γνησίως
2552 4825 2926 4898 μεταδιδοῦσα.
2961 4825 3191 4898 Ἕτερος
3241 4827 3406 4880 πάλιν
3439 4825 3532 4880 τοῦ
3571 4824 3664 4878 τῶν
3685 4817 3790 4874 ἀδελ-

2279 4921 2396 4990 φῶν
2423 4920 2586 4992 χοροῦ
2603 4921 2803 4993 γέρων.
2833 4923 2945 4984 τοῖς
2967 4919 3178 4985 λοιποῖς
3200 4920 3595 4993 συμπαρεστὼς
3620 4912 3789 4972 ἐπυνῡὰ-

2268 5031 2410 5080 νετο,
2449 5017 2497 5068 εί
2529 5013 2766 5068 ἐνταῦθα
2793 5009 2908 5068 εἷεν
2941 5015 3301 5086 περιστεραί·
3336 5016 3438 5069 οὐκ
3467 5009 3597 5068 εἶναι
3619 5010 3667 5064 δὲ
3695 5009 3789 5060 πάν-

2266 5123 2375 5160 των
2402 5106 2925 5176 διαϐεϐαιουμένων,
2950 5107 3138 5175 ἔλεγεν
3176 5107 3252 5170 ὡς
3281 5101 3318 5178 ἦ
3357 5108 3468 5178 μὴν
3505 5105 3682 5176 λευκήν
3705 5115 3789 5154 τινα

2268 5200 2602 5272 περιστερὰν
2624 5200 2785 5262 αὐτὸς
2827 5201 2926 5254 ἴδοι
2969 5201 3106 5272 πρὸς
3132 5200 3226 5254 τὸν
3249 5201 3498 5271 Συμεὼν,
3522 5201 3603 5254 διὰ
3626 5197 3706 5266 τῆς
3727 5193 3787 5244 θυ·

2270 5297 2414 5369 ρίδος
2437 5298 2760 5364 εἰσπτᾶσαν,
2788 5298 3000 5353 ἐκεῖθέν
3023 5315 3083 5352 τε
3107 5292 3265 5362 αὖθις
3288 5299 3619 5359 ἀποπτᾶσαν,
3643 5293 3718 5348 καὶ
3733 5290 3788 5350 εἰς

2275 5388 2416 5459 ἀέρα
2441 5390 2793 5459 χωρήσασαν.
2852 5391 2940 5444 Ἐν
2973 5391 3084 5462 ὅσῳ
3113 5391 3170 5445 δέ
3210 5391 3386 5446 ταῦτα
3434 5393 3564 5464 πρὸς
3584 5386 3789 5458 ἀλλήλους

2276 5479 2430 5532 αὐτοὶ
2462 5479 2766 5552 διεξῄεσαν,
2797 5483 2899 5552 δρᾷ
2930 5481 3182 5553 καθάπερ
3215 5484 3244 5537 ὁ
3270 5483 3497 5554 Συμεὼν
3535 5478 3788 5553 ἁρπαζόμε’

2270 5589 2363 5629 ,νον
2393 5573 2470 5636 είς
2493 5573 2722 5644 οὐρανὸν
2751 5574 2974 5654 ἐαυτὸν,
2998 5577 3092 5630 καὶ
3130 5574 3272 5630 κατὰ
3303 5577 3500 5638 παντὸς
3529 5571 3608 5629 οἶα
3635 5571 3786 5643 μέρους

2274 5669 2373 5737 τῆς
2400 5667 2502 5738 γῆς
2541 5669 2901 5740 ἁπλούμενον,
2927 5665 3048 5727 εἶτα
3072 5669 3159 5726 διὰ
3187 5671 3471 5743 κλιμάκων
3494 5668 3619 5725 ἑπτὰ
3641 5658 3782 5730 ἀνατά
