3988 6474
194 358 326 425 3021

1194 371 1371 433 Vl’l‘A
1410 371 1455 430 Α
1492 371 1932 437 NICEPHORO
1969 376 2455 445 CONSCRIPTA.

3329 388 3471 454 3022

196 501 357 554 μενον
380 501 395 515 ·
430 483 504 549 ὥς
536 483 594 539 δὲ
640 485 1011 542 πυνθάνεσθαι
1048 487 1102 543 τί
1131 508 1263 546 ποτε
1306 492 1392 563 είη
1439 494 1509 546 τά
1550 494 1767 565 παρόντέ

1894 506 2019 551 tum
2052 497 2255 555 deinde
2284 517 2386 572 per
2413 512 2623 573 septem
2649 505 2825 563 scalas
2861 482 3084 564 deduci.
3119 509 3476 565 Percontanti

188 583 389 649 ἐδόκει,
419 585 605 653 φωνῆς
634 580 824 636 ἀκούει
851 580 1142 655 λεγούσης,
1171 583 1248 646 ὡς
1294 584 1401 655 ἄρα
1428 584 1492 637 Ol
1518 584 1665 647 ἐπτά
1692 586 1784 638 ού-

193 675 345 744 ρανοί
378 676 514 727 εἰσιν
542 670 710 739 οὗτοι,
741 674 808 727 δι’
836 668 912 728 ὧν
934 675 1179 747 ἀνήχθης
1198 691 1211 705 ο
1248 673 1378 747 ἑξῆς
1403 675 1460 730 δὲ
1502 676 1595 731 καὶ
1617 676 1783 731 αὐτὸν

186 767 288 836 ὁρᾷ
316 766 409 818 τὸν
439 764 792 836 παράδεισον,
820 765 1084 819 παλάτιὸν
1113 782 1170 818 τε
1200 766 1377 834 φωτὸς
1404 768 1463 822 ιν
1492 767 1661 838 αὐτῷ,
1690 767 1784 821 καὶ

188 860 373 929 πηγὴν
430 858 587 929 μύρῳ
645 858 967 929 βλύζουσαν,
1012 862 1241 932 καμάρα
1284 862 1341 914 δὲ
1378 865 1444 933 τῇ
1491 865 1639 933 πηγῇ
1689 863 1785 931 ἐφ-

186 949 460 1018 ειστήκει,
494 948 646 1012 Θείας
677 950 924 1021 ἀκριϐῶς
957 952 1138 1023 χειρὸς
1168 951 1351 1025 ἔργον,
1380 953 1570 1009 οὐδένα
1599 953 1656 1006 δὲ
1688 957 1784 1007 ἀν-

184 1042 424 1113 θρώπων
471 1044 606 1107 ἐκεῖ,
639 1044 720 1097 ὅτι
748 1042 824 1116 μὴ
852 1044 943 1097 τὸν
978 1045 1150 1116 Ἀδὰμ
1186 1046 1284 1100 καὶ
1318 1046 1409 1100 τὸν
1436 1047 1660 1119 Λῃστὴν
1684 1047 1783 1101 ίδοι

186 1134 404 1203 μόνους.
441 1136 527 1189 Ἑν
545 1135 725 1206 ἑαυτῷ
747 1136 804 1191 δὲ
823 1136 1085 1206 γεγονὼς,
1110 1139 1445 1209 ἀπαγγέλλει
1467 1139 1545 1211 τῷ
1560 1140 1782 1212 Ἰωάννῃ

183 1225 281 1295 τὴν
310 1227 461 1295 ὄψιν·
496 1229 524 1282 6
555 1227 611 1281 δὲ
645 1227 880 1298 χείλεσιν
896 1228 1268 1297 ἀγαλλιάσεως
1290 1226 1357 1302 ἦν
1378 1231 1544 1285 αξνῶν
1578 1250 1635 1286 τε
1666 1232 1783 1303 ἅμα

180 1319 274 1371 καὶ
304 1319 553 1388 εὐλογῶν
580 1320 673 1374 τὸν
695 1320 849 1388 Θεὸν,
883 1321 943 1387 ὃς
970 1322 1307 1395 τηλικαύτην
1334 1324 1485 1395 αὐτῷ
1512 1325 1783 1398 δεδώρητο

178 1411 365 1481 χάριν.
418 1413 476 1467 'U
510 1413 610 1484 μὲν
644 1410 738 1469 οὖν
763 1415 989 1487 Συμεὼν
1021 1416 1380 1488 τηλικαύταις
1413 1417 1615 1490 ύψοῦτο
1644 1421 1781 1493 πρὸς

182 1504 317 1559 Θεὸν
354 1504 709 1562 ἀναϐάσεσιν.

246 1704 351 1759 λθ’.
382 1707 558 1761 Ἐπάν
602 1707 660 1761 δέ
714 1724 799 1772 τις
839 1706 989 1779 αύτῷ
1030 1708 1319 1780 προσέλθοι
1357 1709 1657 1779 ἐνδύματος
1688 1713 1778 1763 ὲνο

176 1796 327 1868 δίης,
361 1798 613 1862 ἐξεδύετο
644 1798 705 1852 τὸ
740 1801 944 1853 οἰκεῖον
982 1802 1213 1864 ἐκεῖνος,
1246 1801 1428 1855 πᾶσαν
1462 1801 1538 1866 ὡς
1567 1797 1681 1856 οἷόν
1716 1820 1775 1856 τε

176 1888 461 1945 λανθάνων
489 1891 746 1962 αἴσθησιν
771 1929 786 1953 ,
819 1892 916 1945 καὶ
947 1894 1176 1963 παρεῖχε
1209 1892 1287 1963 τῷ
1311 1894 1551 1965 δεομένῳ
1576 1911 1588 1924 ⁸
1623 1896 1718 1950 καὶ
1748 1898 1776 1951 6

179 1983 279 2053 μὲν
312 1984 557 2055 ἐκάθητο
594 1985 802 2055 γυμνὸς
845 1985 915 2038 τὰ
964 1986 1135 2040 πολλά
1180 1989 1271 2040 καὶ
1304 1988 1593 2059 χειμῶνος,
1624 1989 1777 2052 Θείας

176 2075 389 2130 ἄνωθεν
414 2078 637 2149 χάριτος
670 2078 933 2150 περιϐολῇ
964 2080 1324 2151 σκεπόμενος.
1365 2081 1585 2136 Ἐλύπει
1624 2082 1682 2136 δὲ
1716 2084 1777 2137 τὸ

176 2168 321 2242 πέρα
352 2171 572 2240 φύσεως
601 2171 761 2226 τοῦτο
791 2172 890 2242 τῆς
918 2170 1013 2225 τοῦ
1040 2171 1268 2243 Συμεὼν
1292 2173 1664 2239 κακοπαθείας
1684 2176 1776 2231 τὸν

186 2262 469 2335 Ἰωάννην,
506 2265 606 2318 ὅσα
641 2269 737 2319 καὶ
766 2265 948 2339 πατὴρ
978 2267 1142 2320 αὐτοῦ
1179 2266 1273 2320 καὶ
1316 2268 1502 2339 μήτηρ
1537 2268 1773 2340 κηδόμεα

174 2373 284 2410 νον.
308 2356 454 2409 Ποτὲ
484 2357 665 2410 τοίνυν
699 2355 1000 2428 βαλόμενος
1040 2362 1069 2412 6
1108 2357 1338 2429 Συμεὼν
1367 2360 1460 2414 ἐπὶ
1489 2360 1613 2414 νοῦν
1646 2364 1775 2427 τοὺς

174 2450 279 2502 τῶν
311 2450 493 2516 ἁγίων
516 2452 927 2522 τεσσαράκοντα
969 2452 1264 2524 μαρτύρων
1298 2453 1441 2524 ὑπὲρ
1484 2454 1771 2519 εὐσεϐείας

178 2543 431 2610 ἀγῶνας,
460 2544 609 2608 ὅπως
646 2545 768 2617 ὥρᾳ
805 2545 1075 2616 χειμῶνος
1109 2547 1203 2599 ἐπὶ
1234 2546 1431 2617 λίμνης
1462 2548 1666 2621 αἴθριοι
1694 2548 1774 2620 τῷ

175 2635 407 2706 παγετῷ
443 2637 856 2711 διεκαρτέρουν,
902 2639 964 2691 τό
993 2656 1051 2691 τε
1105 2639 1303 2710 στῆθος
1333 2641 1512 2694 παίων
1552 2642 1645 2694 καὶ
1677 2642 1773 2695 δα-

174 2728 379 2799 κρύων,
400 2731 590 2795 ὑετοὺς
621 2732 729 2785 τῶν
758 2731 1054 2803 ὀφθαλμῶν
1078 2733 1312 2799 καθιεὶς,
1341 2736 1536 2806 Οἴμοιι
1562 2735 1769 2805 ἔλεγεν,

170 2821 320 2891 οἴμοι
346 2824 361 2876 ι
397 2823 584 2888 Ὄσοις
609 2825 660 2877 οἱ
698 2824 977 2896 μάρτυρες
1019 2825 1202 2889 ἄθλοις
1222 2867 1236 2889 ,
1266 2826 1483 2896 ἡλίκαις
1522 2828 1610 2882 διὰ
1640 2830 1775 2901 Χρι-

170 2915 292 2967 στὸν
316 2914 608 2982 κολάσεσι,
637 2916 738 2980 τάς
762 2934 820 2969 τε
853 2916 1156 2988 μελλούσας
1191 2918 1462 2989 βασάνους
1491 2920 1768 2991 διέφυγον,

168 3008 259 3057 καὶ
279 3006 403 3059 τῶν
434 3006 869 3077 ἐπηγγελμένων
891 3010 1259 3081 τετυχήκασιν
1290 3010 1515 3080 ἀγαθῶν
1538 3013 1551 3066 l
1582 3014 1693 3082 ἐγὼ
1714 3014 1772 3067 δὲ

168 3096 217 3147 τί
258 3098 483 3167 δράσω;
543 3100 670 3162 Πῶς
712 3099 803 3153 τὸν
837 3100 1083 3172 βρυγμὸν
1118 3101 1227 3155 τῶν
1254 3102 1485 3158 ὀδόντων
1523 3106 1552 3157 6
1590 3104 1773 3168 ἄθλιος

1883 600 2099 659 autem,
2127 594 2259 665 quid
2287 597 2455 652 rebus
2476 596 2607 665 illis,
2636 614 2759 669 qua:
2786 602 2961 656 oculis
3010 602 3474 673 subjiciebantur,

1886 684 2185 755 aliquando
2216 687 2468 744 futurum
2502 699 2669 756 esset,
2692 692 2879 747 audita
2910 710 3014 748 vox
3032 705 3118 751 est
3139 694 3331 751 dicens
3361 714 3373 749 :
3408 696 3473 750 lli

1886 789 2094 851 septem
2113 782 2238 838 coeli
2261 791 2389 838 sunt
2404 800 2504 854 per
2524 800 2665 854 quos
2680 788 2999 845 ascendisti.
3018 790 3148 845 Post
3162 790 3277 846 haec
3296 791 3475 861 ipsum

1886 874 2241 944 conspicatur
2266 876 2605 945 paradisum,
2654 878 2710 934 in
2742 893 2918 951 eoque
2951 882 3218 950 palatium
3262 882 3477 953 fulgen-

1886 966 2159 1022 tissimum
2176 977 2232 1023 et
2254 968 2463 1024 fontem
2489 981 2769 1042 unguento
2784 973 3026 1043 pretioso
3045 962 3437 1031 scaturi'cntcm
3456 994 3471 1042 ;

1884 1056 2025 1113 fonti
2067 1066 2253 1114 autem
2282 1060 2610 1118 imminebat
2635 1062 2841 1129 fornix,
2869 1064 3096 1135 dignum
3139 1066 3349 1123 artifice
3383 1067 3473 1122 dit

1883 1150 2014 1206 vino
2039 1167 2217 1222 opus:
2244 1154 2340 1210 sed
2382 1156 2595 1212 nullum
2621 1157 2760 1212 inibi
2792 1157 3074 1215 hominem
3104 1169 3473 1229 praeterquam

1884 1244 2063 1300 solum
2088 1243 2359 1302 Adamum
2382 1257 2438 1304 et
2458 1249 2666 1305 bonum
2694 1249 2987 1305 Latronem
3015 1251 3368 1307 observabat.
3394 1251 3473 1307 Ad

1883 1352 1943 1393 se
1974 1353 2235 1395 reversus
2258 1338 2496 1411 Symeon
2530 1342 2980 1421 exponitJoanni
3012 1345 3303 1409 visionem,
3333 1344 3474 1398 laztis

1882 1431 2117 1488 vocibus
2164 1433 2417 1489 laudanti
2447 1434 2745 1491 Dominum
2796 1420 2862 1491 ac
2895 1437 3268 1501 benedicenti,
3322 1437 3472 1508 quod

1886 1524 2052 1579 talem
2071 1524 2280 1581 famulo
2296 1542 2398 1582 suo
2414 1530 2646 1598 gratiam
2677 1529 2995 1600 impertitus
3016 1540 3182 1587 esset.
3213 1532 3393 1601 Atque
3414 1529 3473 1584 hi

1882 1616 2233 1687 suntgradus
2256 1658 2271 1682 ,
2299 1619 2509 1689 quibus
2539 1619 2778 1692 Symeon
2812 1621 3150 1677 eﬂ'erebatur
3174 1625 3241 1678 ad
3271 1625 3468 1683 Deum.

1953 1709 2043 1764 59.
2082 1708 2140 1764 Si
2170 1709 2397 1779 quando
2448 1710 2628 1781 ipsum
2651 1713 2942 1769 accederet
2981 1714 3255 1784 quispiam
3297 1719 3471 1773 vestis

1884 1801 2123 1874 indigus,
2158 1819 2313 1859 suam
2342 1805 2448 1861 sibi
2484 1806 2603 1877 ipse
2633 1806 2959 1872 detractam,
2986 1809 3135 1864 omni
3173 1811 3469 1867 commise-

1881 1892 2115 1948 rationis
2157 1907 2348 1961 sensu,
2373 1904 2641 1965 quantum
2669 1897 2789 1954 ﬁeri
2817 1907 3053 1969 poterat,
3096 1899 3466 1969 dissimulato,

1878 1983 2200 2054 porrigebat
2223 1986 2458 2056 petenti,
2480 1988 2935 2059 perennabatque
2955 1990 3140 2047 nudus
3163 1991 3280 2062 ipsa
3299 1992 3467 2047 etiam

1877 2075 2206 2147 plerumque
2232 2076 2438 2144 hieme,
2468 2078 2672 2134 divinae
2702 2080 2991 2136 charitatis
3016 2080 3222 2136 amictu
3248 2080 3467 2135 caelitus

1877 2178 2191 2237 coopertus.
2227 2170 2435 2225 Verum
2475 2171 2568 2226 hic
2617 2172 2865 2228 insolens
2895 2187 3174 2243 supraque
3210 2180 3467 2227 naturam

1876 2259 2181 2331 castigandi
2223 2261 2311 2317 sui
2340 2262 2537 2318 modus
2565 2279 2788 2335 gravem
2812 2265 2980 2319 animi
3004 2280 3227 2320 sensum
3252 2264 3468 2335 ingere-

1877 2352 1971 2408 bat
2016 2354 2237 2420 Joanni,
2286 2371 2398 2410 non
2434 2356 2622 2412 minus
2667 2357 2736 2412 de
2779 2355 3070 2429 Symeone,
3105 2374 3270 2427 quam
3306 2368 3465 2429 pater

1876 2457 2121 2504 materve
2159 2448 2323 2513 solet,
2364 2449 2548 2505 anxio.
2593 2449 2843 2516 Quodam
2894 2461 3144 2522 tempore
3197 2467 3465 2508 revocans

1874 2539 1943 2595 ad
1977 2540 2224 2595 animum
2264 2542 2504 2613 Symeon
2557 2543 2926 2615 quadraginta
2963 2553 3283 2601 sanctorum
3313 2562 3464 2601 mar-

1876 2644 2057 2703 tyrum
2109 2634 2397 2705 religionis
2441 2651 2577 2707 ergo
2612 2645 2876 2707 suscepta
2906 2639 3234 2704 certamina,
3280 2640 3464 2709 pensi-

1877 2736 2108 2796 tatisque
2124 2744 2289 2797 quam
2320 2743 2518 2784 sereno
2539 2730 2815 2800 hilarique
2844 2731 3000 2787 vultu
3027 2732 3083 2786 in
3105 2732 3230 2787 lacu
3257 2732 3462 2804 frigore

1874 2820 2219 2890 eonglaciato
2251 2820 2489 2877 brumali
2520 2831 2845 2892 tempestate
2878 2822 3171 2887 durarent,
3196 2838 3462 2893 percusso

1874 2922 2099 2983 pectore
2150 2914 2632 2987 lacrymarumque
2677 2914 3081 2971 imbretoculis
3121 2917 3456 2986 proﬂuente,

1875 3004 1973 3058 llci
2001 3005 2157 3070 mihi,
2182 3005 2382 3075 inquit,
2413 3005 2506 3060 hei
2538 3005 2741 3060 misero
2764 3006 2932 3060 mihi!
2954 3006 3176 3076 quantis
3208 3008 3287 3062 illi
3317 3025 3464 3063 inar-

1876 3110 2025 3169 tyres
2053 3098 2475 3162 certaminibus,
2499 3114 2664 3167 quam
2686 3098 2905 3153 acerbis
2920 3108 3149 3170 propter
3175 3100 3461 3157 Christum

170 3187 357 3256 φύγω,
394 3190 443 3243 οἳ
475 3190 756 3245 κάνταῦθα
786 3190 849 3245 τὸ
883 3193 1044 3264 σῶμα
1077 3192 1307 3258 ἔδονται,
1334 3195 1498 3250 κάκεῖ
1536 3214 1629 3267 μοι
1664 3198 1767 3252 πά-

1876 3189 2219 3246 cruciatibus
2251 3189 2524 3252 toleratis,
2556 3198 2612 3245 ct
2645 3198 2918 3245 tormenta
2954 3192 3291 3262 sempiterna
3326 3210 3460 3250 eva-

169 3280 248 3332 λιν
270 3282 341 3334 οὐ
369 3281 784 3352 τελευτήσουσι;
810 3282 993 3336 Ταῦτα
1023 3282 1199 3352 ἔλεγε,
1225 3285 1436 3349 τούτοις
1464 3286 1764 3359 ἡδολέσχει,

168 3374 401 3429 τοιαῦτα
426 3374 919 3445 προσανακλαίετο.
950 3372 1082 3429 Εἶτα
1119 3376 1320 3444 γόνατα
1357 3378 1495 3449 πρὸς
1531 3380 1634 3447 γῆν
1668 3381 1765 3434 καὶ

174 3471 369 3540 χεῖρας
412 3470 653 3539 ἐρείσας,
694 3469 837 3523 οὕτω
870 3470 1051 3524 πᾶσαν
1090 3471 1307 3542 ὲκείνην
1334 3472 1432 3541 τὴν
1466 3474 1640 3527 νύκτα
1669 3492 1761 3527 πι-

170 3563 322 3634 κρῶς
368 3564 559 3617 ἑαυτὸν
596 3563 938 3635 ἀπωδύρετο,
972 3563 1165 3635 ὥσπερ
1209 3565 1359 3637 αύτῷ
1401 3567 1497 3621 καὶ
1535 3567 1762 3639 καρδίας

169 3660 275 3719 τοῖς
295 3657 538 3727 δάκρυσι
568 3657 1023 3726 συνεκχεομένης,
1049 3656 1124 3719 ὡς
1156 3656 1250 3709 καὶ
1274 3658 1341 3710 τά
1368 3659 1652 3728 σπλάγχνα
1671 3662 1763 3712 τὸν

170 3746 309 3801 θεῖον
352 3748 606 3817 Ἰωάννην
646 3748 908 3811 παθόντα,
942 3748 1208 3818 Μάχαιρά
1243 3764 1325 3803 σοι
1355 3749 1624 3814 λείπεται,
1662 3752 1762 3820 φά-

168 3858 277 3904 ναι,
335 3842 402 3912 ἣν
436 3840 617 3894 λαδὼν
676 3840 900 3894 σεαυτὸν
953 3840 1341 3911 διαχειρίσειςο
1374 3843 1547 3907 οὕτως
1593 3843 1762 3898 αὑτοῦ

168 3934 412 4003 γνησίως
437 3935 810 4003 περιεκαίετο.

1875 3292 2093 3347 serunt,
2155 3291 2211 3337 et
2240 3283 2571 3351 promissam
2606 3282 2924 3338 beatitatem
2961 3286 3247 3341 consecuti
3292 3290 3457 3343 sunt!

1874 3373 1988 3443 Ego
2018 3383 2200 3427 autem
2246 3370 2381 3441 quid
2415 3372 2615 3441 agam?
2639 3389 2751 3442 quo
2790 3384 2950 3443 pacto
2987 3376 3287 3433 stridorem
3319 3378 3460 3434 den-

1873 3468 2010 3521 tium
2038 3466 2205 3522 miser
2232 3465 2516 3537 effugiam,
2545 3466 2823 3533 dentium,
2862 3467 2957 3537 qui
2992 3476 3108 3522 tum
3138 3470 3232 3526 hic
3261 3472 3455 3529 roden-

1870 3561 1944 3615 do
1974 3576 2176 3631 corpus
2227 3560 2629 3623 comminuent,
2662 3569 2775 3615 tum
2831 3560 2956 3616 istic
2990 3562 3355 3623 nihilominus
3401 3566 3459 3622 in

1869 3663 2205 3725 perpetuum
2258 3670 2346 3708 me
2372 3653 2758 3709 dilaniabunt?
2789 3653 2941 3708 Talia
2984 3654 3288 3711 identidem
3330 3673 3455 3729 pro-

1871 3749 2055 3803 mebat
2083 3763 2204 3815 ore,
2236 3746 2368 3801 talia
2391 3746 2764 3802 meditabatur
2790 3746 3002 3811 animo,
3029 3748 3159 3803 talia
3189 3750 3458 3806 miserum

1870 3841 1927 3895 in
1954 3839 2180 3895 modum
2212 3847 2361 3894 totus
2383 3837 2793 3893 lamentabatur
2815 3856 2827 3892 :
2853 3846 2970 3892 tum
3008 3840 3242 3910 genibus
3274 3844 3458 3897 mani-

1872 3938 2088 4008 busque
2119 3934 2275 3991 humi
2305 3931 2501 4004 positis
2538 3946 2767 4001 pronus,
2809 3930 3054 4001 seipsum
3100 3940 3208 3987 tam
3258 3934 3456 3990 acerbe
3506 3986 3515 3991 η

170 4036 281 4081 tota
324 4028 421 4082 illa
453 4036 617 4084 nocte
676 4028 1021 4097 deplorabat,
1053 4028 1223 4082 vitam
1254 4030 1429 4086 veluti
1457 4046 1583 4086 cum
1614 4031 2251 4105 lacrymisprolundens,
2276 4040 2338 4084 ut
2388 4028 2474 4083 vir
2491 4026 2713 4081 divinus
2749 4026 3011 4086 Joannes,
3054 4024 3459 4081 intimisvisce-

166 4120 326 4175 ribus
350 4131 683 4185 commotus,
722 4120 910 4176 dicere
945 4120 1172 4176 auditus
1201 4121 1274 4175 sit
1308 4139 1321 4176 :
1372 4122 1515 4189 Quid
1545 4125 1765 4180 tandem
1793 4165 1810 4191 ,
1851 4125 2125 4199 Symeon?
2182 4123 2418 4179 Ferrum
2463 4117 2817 4175 solummodo
2914 4117 3095 4183 deest,
3154 4120 3456 4191 quominus

167 4218 445 4269 violentas
482 4214 583 4268 tibi
613 4214 728 4283 ipse
764 4230 959 4268 manus
987 4213 1209 4269 inieras.

240 4308 314 4379 μ’.
356 4309 585 4360 Ἔπειτα
617 4307 799 4377 μέντοι
828 4308 964 4376 πρὸς
1001 4309 1199 4380 ἑτέραν
1238 4312 1460 4381 μείζονα
1491 4310 1599 4366 τῶν
1626 4329 1760 4381 προ-

166 4403 346 4473 τέρων
373 4401 606 4473 ἄσκησιν
643 4401 834 4454 ἑαυτὸν
860 4403 888 4454 6
914 4402 1138 4472 Συμεὼν
1175 4404 1417 4471 ἐξεπόνει
1450 4423 1464 4438 θ
1488 4408 1628 4475 ἔγνω
1648 4408 1756 4477 γὰρ

1935 4309 2022 4363 40.
2058 4307 2327 4362 Successu
2377 4302 2582 4362 deinde
2611 4303 2875 4374 temporis
2903 4303 3054 4359 aliud
3102 4308 3457 4366 exercitatio-

1867 4403 1955 4457 nis
1984 4416 2161 4471 genus
2193 4397 2534 4468 excogitans,
2570 4397 2739 4467 priori
2786 4398 2946 4468 longe
3000 4400 3175 4469 magis
3224 4409 3455 4471 stupe"-

167 4496 255 4547 ἐπὶ
284 4494 398 4547 τῶν
426 4494 619 4547 ἑαυτοῦ
652 4496 869 4548 καθίσαι
898 4496 1077 4549 ποδῶν
1101 4513 1115 4527 ·
1151 4499 1179 4549 6
1201 4497 1255 4551 δὲ
1290 4497 1421 4568 παρ’
1440 4499 1559 4552 ὅλον
1580 4502 1756 4554 ἐνιαυ-

1874 4496 2019 4559 dum,
2051 4492 2118 4547 ad
2151 4491 2286 4545 illud
2311 4506 2435 4545 sese
2468 4489 2864 4544 exstimulavit.
2910 4488 3217 4549 Constituit
3261 4494 3451 4565 igitur,

168 4591 258 4639 τὸ]
288 4586 613 4657 πεποίηκεν,
646 4587 942 4650 ἀσάλευτος
976 4589 1187 4656 μείνας,
1222 4590 1475 4661 καθάπερ
1515 4594 1609 4645 ἐπὶ
1652 4592 1750 4645 πέ-

166 4696 301 4749 τραν
345 4680 424 4741 είς
454 4679 688 4750 Χριστὸν
733 4679 957 4750 ἀγάπης
990 4679 1233 4750 ἀκριεῶς
1266 4682 1626 4753 ἡδρασμένος.
1665 4685 1757 4755 Τῷ

171 4774 267 4840 μὲν
306 4771 401 4827 οὖν
444 4771 643 4843 χρονίῳ
678 4771 776 4843 τῆς
808 4772 1100 4845 καθέδρας,
1145 4774 1240 4828 καὶ
1278 4778 1343 4845 τῇ
1378 4774 1486 4829 τῶν
1535 4776 1757 4848 σαρκῶν

165 4866 491 4936 ἁπαλότητι,
550 4868 668 4931 ταῖς
728 4867 966 4938 κνήμαις
1010 4869 1058 4919 οἱ
1105 4868 1271 4938 μηροὶ
1303 4868 1751 4939 συμπεφύκεσαν,

170 4960 332 5027 μέλος
362 4958 551 5029 ὥσπερ
594 4959 653 5011 ἒν
681 4958 987 5028 γεγονότες,
1021 4958 1183 5029 σῆψίς
1209 4976 1268 5011 τε
1294 4959 1503 5022 τούτοις
1533 4962 1756 5031 ἐντετη-

169 5056 317 5117 κυῖα,
368 5051 461 5105 τὸν
500 5051 777 5122 Ἰωάννην,
833 5049 973 5104 ἀλλά
1019 5051 1115 5104 καὶ
1172 5052 1299 5115 τοὺς
1329 5051 1594 5121 ἀδελφοὺς
1637 5054 1757 5108 δυσ-

168 5145 330 5209 ωδίας
362 5144 629 5215 ἐπλήρου.
670 5140 779 5208 Ἦς
804 5145 927 5199 ὅθεν
963 5162 1023 5198 τε
1050 5140 1134 5217 ἦν,
1168 5147 1264 5199 καὶ
1292 5147 1441 5211 ὅπως
1474 5142 1583 5218 εῐχε
1611 5166 1755 5217 γνω-

168 5236 411 5307 σθείσης,
450 5237 632 5308 ἰατρόν
658 5255 779 5291 τινα
804 5237 1296 5309 μεταστειλάμενος
1325 5238 1355 5290 ὁ
1389 5237 1657 5311 Ἰωάννης,
1684 5241 1753 5311 τῇ

165 5329 332 5403 τέχνῃ
357 5330 493 5401 πρὸς
520 5331 581 5383 τὸ
614 5329 709 5384 τοῦ
747 5328 972 5401 Συμεὼν
1012 5330 1184 5393 πάθος
1216 5328 1451 5403 χρῆσθαι
1480 5331 1656 5402 ἠξίου.
1695 5332 1753 5385 '0

165 5421 224 5475 δὲ
280 5424 586 5494 κατεγέλα·
631 5427 708 5495 Ζῇ
763 5423 968 5496 Κύριος
1021 5426 1049 5477 6
1095 5422 1228 5487 θεός
1258 5440 1384 5494 μου,
1428 5423 1622 5493 λέγων,
1654 5427 1754 5479 οὐκ

169 5514 485 5588 ἀνθρωπίνη
525 5534 616 5588 μοι
644 5518 805 5589 τέχνη
832 5516 1090 5587 ψαύσειεν
1128 5517 1161 5588 ἢ
1202 5516 1346 5587 χείρ.
1390 5516 1506 5569 Ἐπ’
1546 5517 1753 5571 ἐκεῖνον

168 5607 277 5680 γὰρ
317 5610 593 5681 ὲπέρῤιψα
623 5611 881 5681 ἐμαυτὸν,
907 5611 1001 5663 καὶ
1035 5609 1196 5673 αὐτὸς
1223 5609 1462 5679 ποιήσει.
1499 5608 1685 5663 Ταῦτα
1724 5612 1753 5663 ὀ

173 5700 273 5770 μὲν
295 5701 501 5770 ἐλεγενο
535 5703 666 5767 Θεὸς
689 5703 745 5756 δὲ
776 5703 836 5755 ού
868 5702 955 5756 διά
989 5700 1204 5772 μακροῦ
1232 5701 1493 5774 ἐπλήρου,
1524 5704 1617 5755 καὶ
1646 5703 1754 5757 ἀπὸ

171 5791 271 5863 τῆς
306 5796 521 5866 πληγῆς
558 5798 584 5849 6
607 5795 834 5867 Συμεὼν
868 5796 1007 5859 ἰᾶτο,
1036 5793 1164 5857 τούς
1190 5811 1249 5846 τε
1282 5795 1490 5866 μηρούς
1521 5793 1749 5864 ἔρρωτο,

177 5888 268 5942 καὶ
293 5889 412 5955 ταῖς
438 5892 675 5961 κνήμαις
698 5890 925 5961 ἐχρῆτο·
954 5889 1045 5943 καὶ
1072 5890 1398 5960 χαριστήρια
1419 5886 1538 5957 Θεῴ
1559 5887 1752 5942 τοσαύ-

1864 4587 2098 4657 pedibus
2118 4585 2235 4639 suis
2259 4597 2357 4653 pro
2380 4581 2542 4635 sedili
2572 4582 2673 4645 uti,
2700 4582 3166 4650 quemadmodum
3190 4593 3247 4640 et
3270 4586 3452 4656 reipsa

1863 4695 1995 4735 usus
2024 4686 2110 4733 est
2139 4692 2285 4731 anno
2312 4676 2549 4744 integro,
2586 4674 2959 4744 immotusque
2979 4676 3245 4745 persedit,
3274 4679 3448 4733 veluti

1856 4786 2028 4839 super
2076 4776 2291 4838 petram
2328 4764 2646 4820 dilectionis
2687 4764 2895 4820 Christi
2948 4767 3124 4836 probe
3170 4767 3441 4824 ﬁrmatus.

1860 4863 2086 4917 Factum
2124 4866 2211 4913 est
2238 4857 2404 4928 igitur
2435 4856 2654 4912 diutino
2682 4857 2778 4911 illo
2806 4858 2915 4912 situ
2944 4872 3002 4912 et
3026 4860 3212 4915 carnis
3239 4861 3445 4917 teneri-

1858 4955 2054 5011 tudine
2091 4953 2253 5007 tibias
2282 4966 2407 5009 cum
2439 4951 2595 5007 coxis
2622 4952 2952 5017 coalescere,
2995 4961 3054 5008 et
3093 4953 3317 5009 unicum
3348 4971 3440 5010 so-

1858 5048 2141 5103 lummodo
2183 5045 2492 5103 membrum
2531 5060 2818 5117 apparere,
2860 5046 3008 5101 unde
3042 5060 3297 5119 generata
3337 5066 3443 5120 pu-

1859 5141 2111 5198 trefactio
2130 5149 2275 5196 tetro
2295 5139 2489 5205 odore,
2516 5156 2629 5196 non
2649 5141 2919 5197 Joannem
2943 5140 3145 5207 solum,
3175 5141 3272 5197 sed
3304 5144 3441 5200 alios

1860 5250 2080 5306 quoque
2113 5233 2311 5290 fratres
2345 5232 2676 5304 complebat.
2708 5233 2811 5290 Ubi
2839 5242 3022 5289 autem
3051 5234 3242 5290 fetoris
3274 5250 3442 5293 causa

1859 5329 2112 5399 indagata
2140 5335 2472 5398 repertaque
2500 5336 2605 5390 est,
2633 5327 2909 5381 medicum
2944 5328 3233 5382 accersivit
3270 5327 3442 5383 Joan-

1853 5438 1973 5486 nes,
2006 5430 2124 5475 arte
2150 5435 2249 5475 sua
2272 5420 2541 5475 medelam
2564 5418 2765 5475 atl‘ecto
2787 5421 3003 5489 corpori
3030 5420 3438 5476 adhibiturum.

1855 5514 1994 5582 Quid
2022 5514 2087 5568 ad
2122 5514 2238 5568 haec
2264 5510 2544 5584 Symeon?
2572 5511 2628 5565 in
2662 5511 2834 5565 risum
2859 5510 3072 5565 eﬂ‘usus
3104 5526 3116 5562 :
3149 5511 3299 5565 Vivit
3329 5512 3437 5567 Do-

1857 5610 2039 5663 minus
2061 5622 2237 5670 meus,
2262 5605 2463 5675 inquit,
2494 5619 2557 5658 ac
2579 5604 2725 5658 Deus
2748 5618 2904 5657 meus
2921 5620 2933 5655 ε
2953 5604 3099 5657 absit
3116 5614 3176 5658 ut
3199 5603 3439 5660 humana

1855 5713 1950 5757 aut
1979 5718 2070 5756 ars
2102 5711 2197 5756 aut
2228 5714 2424 5755 manus
2461 5698 2675 5752 medica
2706 5698 2935 5752 vulnera
2970 5712 3088 5752 mea
3124 5706 3344 5753 tractet.
3380 5699 3440 5755 in

1855 5794 2147 5850 Dominum
2180 5793 2384 5863 projcci
2408 5805 2599 5845 curam
2628 5789 2754 5853 mei,
2782 5788 2899 5860 ipse
2928 5790 3297 5847 medicabitur
3327 5808 3434 5847 me.

1856 5888 1980 5943 Ιίίεο
2016 5887 2128 5942 ille.
2164 5885 2310 5941 Deus
2330 5893 2512 5940 autem
2534 5881 2878 5955 praedictioni
2908 5882 3074 5941 ﬁdem
3104 5885 3300 5945 deesse
3328 5901 3439 5943 non
