3988 6488
574 406 719 471 3023
944 472 969 477 _
1760 408 1823 470 3.
1864 406 2241 469 SYMEONIS
2277 404 2637 471 JUNIORIS
3675 413 3788 477 3024

566 519 725 577 sinit:
742 514 901 574 brevi
934 472 1211 586 siquidem
1233 528 1265 570 a
1290 514 1618 571 vulneribus
1639 522 1866 572 curatus
1894 525 1999 583 est,
2028 532 2153 571 cor-

2259 532 2358 585 της
2389 514 2729 586 εὐεργεσίας,
2765 512 2955 568 στάσιν
2976 510 3071 566 ἐπὶ
3094 511 3337 583 γονάτων
3352 506 3506 578 αὖθις
3533 514 3619 569 καὶ

567 610 843 668 roboratis
874 609 1029 666 coxis
1064 616 1123 663 et
1153 607 1418 663 tibiarum
1464 623 1570 662 usu
1603 618 1861 679 recepto:
1896 624 1999 679 pro
2046 624 2154 679 quo

2259 608 2509 663 ἀπεδίδου
2538 606 2751 676 καιρὸν,
2794 605 2855 660 ὃν
2888 604 3053 670 αὐτὸς
3095 603 3275 676 ἐαυτῷ
3318 607 3413 659 καὶ
3448 605 3703 679 λογισμοῖς
3729 615 3793 667 οι.

571 702 842 759 beneﬁcio
877 700 1093 756 auctori
1119 700 1233 754 Deo
1263 699 1473 769 gratias
1499 700 1789 769 persolvit,
1834 714 1998 755 omne
2020 699 2158 755 illud

2256 700 2427 764 κείοις
2452 699 2712 772 ὡρίσατο.

570 807 810 870 tempus,
862 797 1011 867 quod
1070 795 1255 852 solitis
1308 794 1877 865 contemplationibus
1918 794 2357 866 praescripserat,
2425 796 2626 851 stando
2696 794 3030 868 transigens,
3078 794 3314 867 pedibus
3376 797 3795 869 genibusquesuo

570 905 799 946 munere
828 888 1207 959 fungentibus.

627 984 716 1038 41.
768 983 1001 1052 Jamque
1055 980 1540 1052 appropinquabat
1587 982 1943 1037 Pentecostes
1996 995 2155 1035 sacra

570 1074 836 1137 lux,cum
889 1072 1028 1126 dixit
1083 1072 1355 1145 Symeon:
1409 1073 1617 1143 Ecquis
1640 1072 1840 1144 dignus
1894 1082 1980 1128 est
2026 1073 2155 1143 Spi-

571 1166 735 1220 ritum
779 1176 1032 1220 sanctum
1085 1167 1343 1237 recipere
1404 1166 1550 1221 sicut
1590 1166 1745 1220 visus
1794 1175 1881 1220 est
1950 1164 2161 1220 Christi

572 1257 859 1326 discipulis
906 1266 1072 1328 atque
1130 1258 1422 1329 apostolis,
1495 1258 1809 1329 linguarum
1862 1257 2158 1328 ignitarum

572 1349 755 1417 specie
811 1346 1188 1401 descendens?
1245 1346 1461 1413 Quibus
1520 1356 1827 1417 reponente
1892 1346 2107 1402 Joanne
2141 1387 2157 1413 ,

574 1438 723 1493 haud
782 1447 964 1493 tutum
1014 1453 1137 1492 esse
1192 1437 1507 1499 istiusmodi
1554 1438 1808 1509 prodigia
1870 1438 2157 1508 ﬂagitare,

574 1531 871 1601 resumpsit
907 1530 1001 1585 ille
1050 1546 1366 1585 sermonem
1401 1531 1641 1587 dicens:
1689 1533 2042 1589 Voluntatem
2100 1533 2163 1588 ti-

572 1626 836 1680 mentium
865 1640 923 1679 sc
946 1624 1105 1679 faciet
1130 1625 1421 1691 Dominus,
1446 1641 1639 1697 preces
1654 1642 1849 1682 eorum
1873 1628 2155 1693 exaudiet,

572 1727 625 1772 et
655 1716 890 1771 salvabit
914 1716 1085 1786 ipsos.
1109 1715 1241 1783 Quae
1264 1732 1391 1772 cum
1421 1718 1673 1781 dixisset,
1720 1721 1924 1776 erectis
1950 1722 2007 1776 in
2036 1737 2150 1777 caa-

2338 988 2449 1052 μα’.
2480 978 2876 1051 Προσαγούσης
2904 979 2961 1033 δὲ
2992 979 3092 1052 ἤδη
3131 978 3233 1051 τῆς
3261 977 3409 1043 θείας
3434 980 3791 1053 Πεντηκοστῆς,

2264 1073 2451 1144 ἔλεγεν
2479 1076 2508 1128 ὁ
2557 1072 2806 1145 Συμεὼν,
2836 1074 2932 1137 Τίς
2961 1072 3068 1145 ἄρα
3097 1073 3355 1139 δέξασθαι
3395 1073 3540 1139 άξιος
3570 1075 3626 1129 τὸ
3660 1078 3796 1133 Ι]νεῦ-

2271 1183 2350 1239 μα
2377 1165 2438 1219 τὸ
2472 1164 2630 1233 ἅγιον
2654 1205 2668 1228 ,
2702 1164 2777 1229 ὡς
2810 1167 2924 1229 τοῖς
2954 1165 3192 1237 Χριστοῦ
3222 1149 3505 1237 ’μαθηταῖς
3549 1169 3637 1221 καὶ
3687 1172 3796 1223 ἀπο.

2266 1259 2477 1323 στόλοις
2532 1255 2711 1330 ὤφθη,
2744 1258 3007 1328 γλωσσῶν
3035 1260 3092 1313 ἐν
3137 1259 3269 1313 εῖδει
3300 1259 3542 1330 πυρίνων
3570 1260 3797 1333 ἐπιδημῆ-

2265 1368 2367 1405 σαν
2395 1368 2410 1418 ;
2453 1352 2567 1420 Ἐφ’
2597 1348 2699 1419 οἷς,
2728 1353 2848 1406 Ούκ
2878 1352 3139 1420 ἀσφαλὲς,
3167 1346 3212 1405 ὦ
3260 1352 3471 1416 τέκνον,
3505 1353 3570 1406 τὰ
3614 1355 3797 1409 τοιαῦτα

2263 1444 2468 1515 ζητεῖν,
2515 1444 2763 1505 εἰπόντος
2796 1442 2891 1497 τοῦ
2935 1443 3207 1509 Ἰωάννου,
3245 1442 3553 1508 ὑπολαϐὼν,
3580 1443 3795 1516 Θέλημα,

2263 1535 2421 1605 φησὶ,
2445 1534 2650 1607 Κύριος
2676 1536 2784 1590 τῶν
2804 1536 3155 1607 φοϐουμένων
3182 1536 3348 1590 αὑτὸν
3376 1537 3588 1605 ποιήσει
3617 1539 3796 1608 καὶτῆς

2261 1626 2502 1696 δεήσεως
2558 1627 2727 1682 αὑτοῦ
2787 1628 3197 1695 είσακούσεται,
3244 1629 3341 1683 καὶ
3396 1626 3557 1683 σώσει
3616 1630 3795 1696 αὐτούς.

2261 1718 2451 1772 Ταῦτα
2502 1713 2679 1786 εἶπεν,
2709 1723 2805 1774 καὶ
2851 1720 3155 1792 ὀφθαλμοῖς
3202 1722 3284 1784 είς
3335 1720 3561 1792 οὐρανὸν
3608 1723 3798 1794 καρδίας

572 1810 682 1869 lum
724 1809 927 1874 oculis,
953 1809 1125 1864 corde
1151 1825 1216 1864 ac
1242 1825 1499 1882 corpore,
1553 1813 1629 1867 ita
1664 1814 1873 1869 oravit:
1916 1816 2151 1872 Domine

2264 1812 2382 1881 ἅμα
2410 1812 2505 1865 καὶ
2553 1810 2809 1883 σώματος
2865 1812 3142 1878 ἀτενίσας,
3171 1812 3405 1867 τοιαῦτα
3450 1816 3793 1885 προσηύχετο·

571 1905 943 1973 omnipotens,
975 1903 1070 1973 qui
1096 1913 1292 1959 sancto
1322 1913 1418 1960 tuo
1442 1904 1655 1976 Spiritu
1678 1908 1793 1978 jam
1843 1907 1983 1962 olim
2038 1910 2153 1963 vir-

572 2003 743 2050 tutem
786 1996 1056 2050 cmlorum
1093 1994 1351 2063 ﬁrmasti,
1411 2006 1468 2052 et
1514 1998 1711 2053 faciem
1739 2008 2012 2054 terrarum
2066 2000 2154 2054 in-

571 2089 811 2157 novasti;
866 2089 1073 2144 secutis
1134 2105 1270 2145 vero
1354 2092 1702 2161 temporibus
1750 2092 1907 2147 illum
1949 2094 2156 2151 sanctis

572 2183 834 2259 apostolis
856 2193 1025 2254 atque
1058 2184 1352 2254 discipulis
1378 2184 1510 2250 tuis,
1534 2186 1777 2255 speciem
1805 2186 1951 2258 ignis
2008 2202 2151 2257 prae.

571 2275 863 2341 ferentem,
904 2275 1223 2346 impertitus
1246 2291 1343 2342 cs;
1393 2292 1506 2346 quo
1544 2276 1847 2342 factum,ut
1884 2292 1995 2331 non
2030 2292 2155 2332 ver-

572 2370 765 2425 naeula
791 2384 893 2423 sua
940 2364 1177 2435 tantum,
1237 2369 1336 2425 sed
1370 2378 1427 2425 et
1469 2371 1775 2442 peregrinis
1822 2371 2024 2443 linguis
2067 2371 2153 2426 lo-

571 2461 685 2517 cuti
716 2460 871 2527 sint;
896 2460 1128 2518 demitte
1170 2462 1328 2517 illum
1361 2478 1512 2517 nunc
1540 2479 1763 2534 quoque
1799 2464 1934 2519 mihi
1955 2478 2151 2533 pecca-

572 2553 714 2607 tori:
747 2568 942 2607 servus
978 2563 1113 2609 tuus
1139 2570 1262 2609 sum
1293 2570 1416 2626 ego,
1460 2554 1679 2611 instrue
1717 2571 1826 2621 me,
1874 2564 1932 2611 et
1992 2556 2155 2611 doce-

576 2644 680 2698 bor
706 2644 963 2699 mandata
1000 2654 1091 2699 tua
1141 2663 1155 2699 :
1195 2655 1251 2700 tu
1301 2647 1451 2702 enim
1491 2657 1687 2718 potens
1718 2662 1780 2703 es
1811 2650 1881 2701 ab
1912 2646 2151 2702 infantili

570 2752 666 2791 ore
732 2736 929 2791 laudes
980 2738 1081 2791 tibi
1139 2740 1501 2795 concinnare.
1562 2739 1642 2794 lta
1686 2748 1962 2808 precatus,
2025 2754 2157 2795 ecce

571 2827 863 2883 confestim
906 2829 961 2899 (0
1015 2829 1141 2899 quis
1190 2839 1363 2897 tuam,
1415 2831 1804 2887 universorum
1859 2832 2157 2887 fabricator

573 2921 738 2984 Deus,
782 2920 1187 2992 benignitatem
1221 2924 1523 2996 enarret?)
1584 2940 1715 2981 ecce
1766 2925 1937 2981 veluti
1989 2925 2078 2980 fax
2122 2940 2155 2980 e

572 3012 710 3067 caelo
738 3011 1003 3068 devolans
1034 3021 1185 3069 tanta
1218 3014 1547 3086 Symeonem
1593 3016 1771 3087 gratia
1830 3016 2152 3081 cumulavit,

572 3114 631 3159 ut
659 3121 769 3160 non
807 3113 1020 3160 tantum
1043 3106 1161 3162 oris
1182 3107 1442 3163 facundia
1473 3118 1532 3164 et
1558 3109 1795 3179 Spiritu,
1818 3125 1928 3180 quo
1963 3110 2157 3180 loque-

2259 1904 2506 1959 Δέσποτα
2533 1906 2959 1976 παντοκράτωρ,
2993 1907 3023 1959 ό
3041 1906 3117 1977 τῷ
3152 1905 3438 1977 Πκύματί
3470 1923 3560 1959 σου
3588 1906 3659 1977 τῷ
3684 1907 3796 1977 ἁγίῳ

2259 1996 2526 2068 πρότερον
2564 1997 2662 2068 μὲν
2697 1996 2797 2068 τὴν
2825 1996 3055 2068 δύναμιν
3087 1997 3197 2051 τῶν
3226 1996 3477 2070 οὐρανῶν
3506 1997 3795 2067 στερεώσας,

2256 2088 2354 2144 καὶ
2392 2088 2492 2159 τῆς
2548 2088 2652 2159 γῆς
2709 2088 3071 2153 άνακαινίσας
3117 2089 3180 2144 τὸ
3226 2090 3539 2161 πρόσωπον,
3570 2089 3795 2143 ἐπιιταδέ

2258 2184 2373 2245 τοῖς
2428 2179 2607 2248 ἁγίοις
2650 2197 2746 2234 σου
2798 2180 3074 2253 μαθηταῖς
3117 2182 3214 2236 καὶ
3244 2181 3565 2245 ἀποστόλοις
3615 2184 3668 2234 tv
3693 2180 3797 2235 ιῐδιι

2270 2273 2447 2342 πυρὸς
2476 2274 2831 2340 ἀποστείλας,
2864 2274 2941 2338 ὡς
2975 2273 3157 2329 λαλεῖν
3187 2274 3390 2339 αὐτοὺς
3422 2274 3631 2345 ἑτέραις
3651 2272 3795 2342 γλώσ-

2258 2381 2382 2427 σαις
2409 2365 2505 2418 καὶ
2531 2364 2593 2418 οὐ
2623 2365 2902 2437 πατρίοις,
2942 2365 3303 2437 κατάπεμψον
3328 2363 3488 2418 τοῦτο
3506 2363 3595 2417 νῦν
3625 2364 3707 2418 καὶ
3736 2362 3796 2432 τῷ

2255 2457 2573 2531 ἁμαρτωλῷ
2623 2458 2747 2528 ἐμοί
2780 2474 2796 2491 ⁸
2829 2457 3018 2522 δοῦλός
3064 2458 3159 2512 σού
3196 2460 3317 2529 είμι
3380 2456 3523 2527 ἐγὼ,
3553 2456 3789 2510 συνίτισόν

2259 2568 2350 2622 με,
2386 2551 2481 2605 καὶ⁵
2513 2552 2830 2623 μαθήσομαι
2861 2551 2963 2617 τὰς
3008 2551 3233 2616 ἐντολάς
3263 2569 3385 2616 σου,
3421 2552 3450 2605 ό
3478 2551 3571 2605 καὶ
3593 2550 3689 2605 ἀπὺ
3719 2568 3791 2622 νη·

2264 2643 2392 2698 πίου
2452 2645 2719 2715 στόματος
2778 2641 2926 2699 αἶνον
2953 2644 3110 2710 είδὼς
3155 2643 3598 2717 καταρτίζεσθαι.
3646 2642 3795 2699 Ταῦτα

2258 2737 2353 2792 τοῦ
2406 2737 2556 2791 ὁσίου
2607 2737 3050 2809 προσευχομένου
3093 2737 3200 2810 (τίς
3250 2737 3317 2792 άν
3368 2754 3485 2805 σου,
3528 2735 3794 2809 Δημιουργέ

2256 2828 2366 2882 τῶν
2391 2830 2671 2896 ἁπάντων,
2686 2830 3115 2903 ἐξαριθμήσαιτο
3134 2830 3197 2883 τὸ
3212 2829 3589 2902 φιλάνθρωπον
3603 2829 3640 2900 ;)
3660 2828 3793 2883 καθά-

2258 2939 2367 2994 περ
2398 2941 2482 2985 τις
2504 2908 2747 2995 ίλαμπὰς
2814 2924 3007 2996 ἀθρόον
3032 2923 3240 2980 ἄνωθεν
3270 2924 3611 2987 καταπτᾶσα,
3633 2920 3794 2975 τοσαύ-

2258 3035 2358 3089 της
2395 3018 2556 3071 αύτὸν
2581 3018 2873 3089 ἐπλήρωσε
2899 3017 3145 3088 χάριτος,
3180 3017 3257 3081 ὡς
3290 3016 3369 3087 μὴ
3401 3018 3469 3087 τῇ
3531 3017 3623 3085 τῆς
3648 3010 3793 3083 γλώτ-

2258 3129 2361 3182 της
2409 3111 2597 3184 όμιλία
2624 3112 2804 3181 μόνον,
2838 3110 3033 3181 καὶτῷ
3063 3108 3346 3181 Πνεύματι
3368 3102 3413 3178 ᾧ
3436 3108 3623 3174 ἐλάλει,
3654 3122 3792 3161 καταο

572 3198 733 3252 batur
762 3198 1057 3255 universos
1087 3214 1247 3255 sacro
1278 3201 1517 3270 quodam
1542 3211 1769 3271 stupore
1800 3202 2154 3273 percelleret,

2263 3204 2521 3276 πλήττειν
2544 3203 2804 3269 ἐπιεικῶς
2823 3202 3093 3268 ἅπαντας,
3119 3199 3258 3255 ἀλλὰ
3284 3200 3384 3254 καὶ
3413 3198 3597 3268 λόγους
3623 3197 3790 3267 περίτι

571 3291 945 3345 verumetiam
972 3290 1041 3346 de
1071 3292 1184 3347 vita
1215 3293 1485 3358 solitaria,
1547 3293 1617 3348 de
1682 3294 2031 3363 paenitentia,
2083 3294 2152 3350 de

571 3383 760 3439 futuro
790 3384 1024 3456 judicio,
1072 3384 1143 3439 ad
1228 3386 1520 3441 horrorem
1553 3386 1891 3442 dissereret:
1952 3387 2155 3441 multas

571 3493 793 3547 quoque
821 3493 1109 3533 sacrarum
1141 3476 1481 3534 Litterarum
1513 3479 1781 3534 obscuras
1852 3478 2155 3535 sententias

571 3571 1063 3640 interpretabatur,
1110 3579 1443 3640 apertasque
1488 3570 1732 3625 dilucida
1785 3570 2154 3641 explicatione

569 3662 830 3717 omnibus
858 3671 986 3717 ante
1020 3662 1215 3717 oculos
1239 3662 1501 3732 ponebat.
1526 3662 1707 3732 Atque
1726 3662 1844 3717 haec
1869 3679 1958 3717 res
1990 3662 2156 3718 Joan-

571 3770 696 3809 nem
733 3754 931 3825 majori
962 3755 1131 3809 etiam
1162 3765 1386 3825 stupore
1416 3756 1739 3825 complevit,
1773 3755 1905 3810 talia
1936 3757 2005 3812 de
2051 3755 2154 3829 Sy-

570 3860 765 3902 meone
795 3845 984 3901 dicere
1012 3855 1267 3901 coactum
1296 3863 1309 3900 :
1340 3846 1516 3913 Quam
1550 3847 1823 3903 mirabilia
1853 3848 1943 3903 hic
1985 3863 2155 3919 Opera

571 3938 766 3992 faciet!
815 3937 1088 4007 quantulo
1113 3937 1327 3992 minora
1355 3937 1602 4008 ipsorum
1626 3939 2002 4009 apostolorum
2026 3954 2156 4010 pro-

569 4029 769 4099 digiis!
811 4030 1076 4098 quoniam
1124 4038 1181 4084 et
1216 4029 1340 4099 pari
1368 4028 1485 4084 fere
1510 4031 1686 4101 gratia
1717 4040 2031 4101 praeventus
2048 4040 2151 4087 est.

570 4120 679 4175 Sed
714 4122 985 4192 majorem
1037 4120 1223 4175 adhuc
1274 4120 1529 4176 timorem
1589 4121 1687 4175 Dei
1749 4120 2153 4176 monachorum

569 4213 771 4268 animis
827 4212 1083 4278 incussit,
1125 4213 1301 4284 magis
1351 4212 1497 4283 aptis
1566 4210 1809 4269 etlicacia
1867 4213 2154 4286 signorum

568 4323 734 4379 quam
764 4308 819 4361 vi
845 4307 1144 4363 verborum
1175 4307 1411 4362 moveri.

638 4401 732 4457 42.
765 4402 940 4455 Porro
978 4401 1147 4456 etiam
1172 4401 1291 4456 visa
1320 4400 1537 4472 objecta
1563 4400 1851 4457 monachis
1878 4416 1979 4473 per
1997 4402 2156 4473 quie-

570 4502 681 4548 t-em
713 4492 1504 4563 admirabiliasunt:quorum
1544 4493 1713 4564 aliqui
1764 4502 1877 4549 tres
1926 4494 2150 4566 gradus,

2262 3296 2555 3369 μοναδικοῦ
2591 3296 2730 3368 βίου,
2764 3296 2860 3349 καὶ
2896 3294 3215 3365 μετανοίας,
3252 3293 3353 3347 καὶ
3394 3293 3495 3363 τῆς
3542 3290 3792 3362 μελλούσης

2258 3394 2493 3464 κρίσεως
2517 3394 2734 3447 τάττειν
2757 3410 2771 3425 ο
2799 3392 2972 3448 πολλά
2994 3409 3052 3446 τε
3086 3390 3196 3445 τῶν
3226 3390 3444 3462 βαθέως
3471 3389 3563 3444 καὶ
3590 3386 3791 3459 ἀποκρύ-

2258 3501 2376 3556 φως
2426 3487 2548 3550 ταῖς
2600 3484 2779 3549 θείαις
2835 3485 3081 3556 Γραφαῖς
3114 3484 3435 3555 εἰρημένων
3464 3478 3790 3552 διερμηνεύειν

2256 3576 2393 3647 δῆλά
2448 3594 2509 3631 τε
2559 3578 2695 3632 πᾶσι
2755 3576 2853 3631 καὶ
2890 3570 3002 3630 οἷον
3033 3576 3128 3630 ὑπ’
3152 3574 3472 3647 ὀφθαλμοὺς
3500 3570 3785 3645 προτιθέναι.

2263 3673 2328 3727 Ὃ
2367 3672 2459 3727 τὸν
2518 3672 2619 3743 μὲν
2661 3672 2919 3741 Ἰωάννην
2968 3672 3216 3742 μείζονος
3267 3669 3359 3724 ἐπ’
3391 3669 3536 3739 αὐτῷ
3590 3663 3788 3735 θάμϐους

2257 3765 2583 3837 πληρῶσαν,
2616 3767 2805 3820 ἐκεῖνα
2837 3765 2968 3835 περὶ
2998 3762 3168 3818 αὑτοῦ
3195 3763 3366 3833 φάναι
3397 3758 3785 3831 παρασκευάζει,

2256 3859 2334 3923 ὡς
2386 3860 2495 3931 ἄρα
2535 3858 2826 3931 θαυμαστά
2859 3854 3015 3923 οὗτος
3050 3858 3189 3931 ἔργα
3232 3858 3473 3929 ποιήσει,
3505 3857 3595 3910 καὶ
3620 3848 3694 3907 οἶα
3718 3868 3785 3921 μι-

2257 3949 2394 4021 κροῦ
2475 3948 2545 4003 τὰ
2602 3948 2712 4003 τῶν
2768 3948 3107 4015 ἀποστόλων,
3169 3949 3253 4003 δτι
3308 3948 3407 4002 καὶ
3457 3941 3787 4017 παραπλησίας

2257 4042 2493 4113 ἠξίωται
2556 4043 2778 4115 χάριτος
2800 4056 2814 4073 ·
2870 4040 3095 4096 πλείονα
3122 4041 3178 4096 δέ
3208 4040 3350 4094 θεοῦ
3381 4039 3542 4110 φόϐον
3568 4039 3670 4099 ταῖς
3705 4032 3787 4086 τῶν

2260 4134 2513 4206 μοναχῶν
2546 4132 2712 4203 ἐνῆκε
2743 4131 2967 4202 ψυχαῖς,
3013 4132 3260 4204 σημείων
3289 4130 3541 4205 ἐνεργείᾳ
3570 4120 3785 4201 μᾶλλονῆ

2256 4227 2431 4296 λόγων
2462 4226 2691 4298 δυνάμει
2728 4224 3203 4298 καταρτισθείσας.

2330 4382 2442 4454 μβ’.
2469 4383 2702 4437 Ἔπειτα
2737 4384 2923 4454 μέντοι
2946 4389 3042 4436 και
3083 4378 3237 4450 ϐψεις
3267 4380 3326 4433 ἐν
3362 4378 3548 4442 ὕπνοις
3575 4373 3784 4445 ὤφθησαν

2256 4477 2368 4540 τοῖς
2397 4478 2655 4546 μοναχοῖς
2681 4473 3022 4546 παραδόξως,
3055 4472 3148 4527 καί
3175 4490 3321 4536 τινες
3350 4470 3526 4525 αὐτῶν
3551 4468 3665 4540 τρία
3712 4464 3781 4535 βή·

571 4584 629 4638 ln
657 4584 839 4654 iisque
888 4584 1121 4639 totidem
1174 4558 1337 4641 sedes
1386 4584 1577 4640 videre
1628 4558 1736 4640 sibi
1790 4558 2154 4641 videbantur:

2267 4586 2435 4640 ματα,
2469 4569 2562 4622 καὶ⁸
2612 4571 2763 4634 τρεῖς
2818 4568 2876 4620 ἐν
2932 4567 3121 4629 αὐτοῖς
3150 4565 3377 4639 θρόνους
3427 4565 3631 4618 ἐδόκουν
3649 4558 3781 4630 ὁρᾷν·

569 4686 1069 4749 pcrcontantesque
1100 4680 1327 4748 eccujus
1367 4677 1488 4734 istae
1524 4688 1737 4743 essent,
1781 4689 1838 4735 et
1872 4680 1963 4735 eui
2005 4680 2152 4734 reci-

568 4771 773 4842 piendo
789 4770 1194 4841 exaltandoque
1210 4782 1548 4842 pararentur
1570 4813 1584 4838 ,
1613 4772 1913 4828 audierunt
1940 4788 2151 4839 vocem,

569 4863 831 4935 Symeoni
882 4879 1061 4934 puero
1118 4863 1409 4919 destinari.
1469 4864 1572 4919 Hic
1615 4865 1848 4931 interea,
1881 4864 2153 4937 fulgorem

536 5018 539 5023 ι
568 4953 731 5009 faciei
754 4954 1094 5025 virtutisque
1128 4970 1242 5010 suae
1267 4970 1455 5025 parem
1481 4955 1584 5010 soli
1602 4955 1941 5023 diﬂ'undens,
1967 4957 2155 5013 divina

531 5031 541 5111 ἶ
568 5044 836 5100 cbaritate
855 5045 1076 5116 plenus,
1100 5044 1570 5115 quemadmodum
1590 5046 1947 5102 ascensiones
1971 5047 2154 5103 adhuc

518 5136 523 5139 ’
569 5137 927 5193 sublimiores
953 5137 1307 5208 disposuerat
1332 5136 1390 5191 in
1434 5138 1622 5202 corde,
1679 5136 1754 5192 ita
1807 5146 2154 5195 terrenarum

570 5246 755 5286 rerum
810 5229 1233 5286 conversatione
1288 5228 1515 5294 relicta,
1548 5229 1863 5285 columnam
1914 5230 2154 5300 quadra-

571 5319 719 5391 ginta
751 5326 813 5374 ut
834 5317 1127 5374 minimum
1161 5317 1334 5388 pedes
1362 5318 1526 5372 altam
1550 5318 1689 5389 erigi
1723 5317 1968 5374 mandat.
1996 5318 2155 5386 Quod

493 5458 495 5461 .
571 5412 775 5467 factum
798 5412 891 5468 ubi
920 5411 1269 5467 Antiocheno
1301 5420 1415 5466 tum
1449 5412 1717 5481 temporis
1733 5411 2154 5482 archiepiscopo

571 5507 839 5570 innotuit,
881 5514 939 5561 et
975 5506 1093 5576 ipse
1120 5514 1178 5560 et
1207 5505 1504 5575 episcopus
1556 5504 1822 5561 Seleuciae
1854 5513 2153 5571 venerunt,

570 5600 892 5669 crebrisque
925 5598 1176 5654 accensis
1231 5596 1469 5665 facibus,
1528 5598 1704 5653 multo
1766 5613 1892 5653 cum
1944 5596 2155 5653 lumine

572 5701 738 5762 atque
766 5689 989 5763 hymnis
1022 5689 1372 5761 Sytneonem,
1425 5698 1627 5759 quanta
1663 5689 1755 5744 vix
1807 5688 1919 5742 dici
1949 5694 2152 5758 potest,

573 5800 697 5840 cum
727 5784 1023 5839 devotione
1049 5782 1117 5837 ad
1142 5798 1295 5837 aram
1326 5782 1649 5845 adductum,
1714 5779 2016 5835 diaconum
2064 5796 2156 5835 or-

575 5875 786 5944 dinant,
816 5876 1214 5947 dcducuntque
1245 5874 1314 5932 ad
1341 5875 1484 5930 hanc
1536 5872 1884 5939 columnam;
1936 5878 2176 5943 postea-.

2262 4658 2605 4730 πυθομένους
2638 4658 2695 4712 δέ
2726 4658 2846 4712 τίνα
2876 4656 3051 4712 ταῦτα
3082 4653 3215 4719 εἶεν,
3249 4657 3346 4710 καὶ
3383 4658 3506 4711 ὅτου
3532 4654 3654 4725 πρὸς
3683 4652 3780 4702 ὐπο-

2255 4752 2418 4824 δοχὴν
2469 4750 2563 4805 καὶ
2612 4750 2770 4816 δόξαν
2812 4749 3211 4822 ἐτοιμασθεῖεν,
3246 4748 3479 4804 ἀκοῦσαι
3506 4745 3687 4817 φωνῆς.
3714 4740 3775 4793 ὅτι

2257 4844 2487 4913 Συμεὼν
2547 4842 2641 4899 τοῦ
2696 4843 2909 4908 παιδός.
2953 4842 3014 4899 Ὀ
3042 4842 3273 4915 Συμεὼν
3321 4843 3503 4896 τοίνυν
3554 4840 3637 4892 ῖσα
3682 4832 3779 4901 ἡλίῳ

2256 4938 2381 5009 ὄψιν
2442 4937 2561 5010 ἅμα
2623 4937 2716 4991 καὶ
2786 4936 2991 5009 ἀρετὴν
3044 4937 3459 5006 ἐξαστράπτων,
3518 4928 3712 5004 χάριτός
3740 4940 3776 4974 τε

2258 5029 2411 5096 θείας
2443 5031 2846 5103 πληρούμενον,
2880 5030 3178 5094 ἀναϐάσεις
3218 5029 3298 5085 ἔτι
3330 5028 3529 5102 μᾶλλον
3558 5025 3718 5090 ὥσπερ
3741 5019 3779 5069 ἐν

2255 5129 2323 5198 τῇ
2357 5125 2554 5198 καρδίᾳ.
2589 5125 2819 5191 ἐτίθετο,
2856 5124 3001 5178 οὕτω
3029 5126 3133 5178 κάν
3160 5126 3227 5196 τῇ
3260 5123 3372 5177 τῶν
3397 5123 3592 5192 γηΐνων
3617 5118 3778 5182 ἀναχψ

2258 5221 2416 5292 ρήσει
2452 5219 2668 5291 ἀμέλει,
2693 5222 2789 5274 καὶ
2813 5219 2970 5273 κίονα
3020 5218 3189 5281 πόδας
3224 5215 3286 5271 οὐ
3322 5218 3474 5288 μεῖον
3502 5214 3533 5285 ἢ
3571 5204 3776 5292 τετταράξ

2257 5291 2421 5367 κοντα
2454 5312 2515 5367 τὸ
2544 5312 2679 5385 ὕψος
2722 5312 3000 5367 ἐπιτάττει
3035 5309 3314 5380 γενέσθαι.
3344 5310 3406 5363 "0
3424 5308 3486 5379 δὴ
3508 5303 3701 5374 γεγονὸς
3726 5291 3779 5362 τῷ

2256 5404 2561 5475 τηνικαῦτά
2598 5422 2658 5459 τε
2701 5407 2799 5477 τῆς
2864 5405 3187 5477 Ἀντιοχέων
3238 5402 3632 5476 ἀρχιεπισκόπῳ
3676 5407 3779 5459 γνιιν

2261 5498 2407 5565 σθέν,
2463 5498 2636 5552 ἐλθὼν
2689 5501 2899 5564 ἐκεῖνος
2970 5499 3109 5569 μετὰ
3156 5498 3252 5553 τοῦ
3316 5495 3455 5551 κατὰ
3512 5489 3779 5546 Σελεύκειαν

2262 5588 2562 5641 ἐπισκόπου
2592 5629 2608 5654 ,
2650 5589 2941 5660 λαμπάδας
2971 5607 3029 5642 τε
3068 5589 3271 5660 συχνάς
3322 5585 3673 5656 ἀναψάμενοι,
3703 5572 3779 5628 ὑπὶ

2258 5680 2440 5753 πολλῷ
2462 5684 2599 5752 φωτὶ
2622 5684 2718 5736 καὶ
2745 5682 2936 5754 ὕμνοις
2965 5683 3056 5737 τὸν
3085 5683 3309 5755 Συμεὼν
3360 5680 3437 5751 τῷ
3469 5668 3774 5739 θυσιαστηρίιι

2262 5774 2383 5845 μεθ’
2410 5776 2541 5847 ὅσης
2575 5775 2683 5829 οὐδ’
2714 5775 2780 5829 ἂν
2811 5778 2953 5830 εἴποι
2997 5793 3081 5840 τις
3128 5773 3411 5837 εὐλαϐείας
3444 5769 3778 5842 προσάγοντες.

2259 5870 2509 5926 διάκονόν
2555 5889 2613 5925 τε
2665 5872 3031 5943 χειροτονοῦσι
3054 5915 3067 5933 .
3103 5873 3196 5928 καὶ
3223 5873 3287 5936 είς
3343 5868 3434 5924 τὸν
3465 5867 3608 5921 κίονα
3634 5856 3777 5915 τοῦτω
