3988 6472
246 397 395 458 3025

1276 402 1457 464 VlTA
1491 405 1537 462 A
1578 394 2016 463 NICEPHORO
2052 397 2538 458 CONSCRIPTA.

3352 386 3493 453 3026

245 510 560 580 ἀνάγουσιν,
585 512 745 567 ἕκτον
798 514 891 569 ἐπὶ
912 515 1010 586 τῆς
1042 513 1255 585 βάσεως
1284 516 1500 587 ἐκείνης
1532 518 1634 588 ήδη
1671 512 1823 586 παρὰ

1939 528 2089 584 juam
2110 513 2165 567 in
2188 512 2277 567 illa
2297 512 2413 567 basi
2432 527 2527 565 sex
2551 522 2726 564 annos
2747 507 2848 562 sub
2874 506 3167 577 disciplina
3187 504 3301 561 divi
3325 504 3495 561 Joan-

245 601 331 672 τῷ
375 603 501 675 θείῳ
544 605 764 679 Ἰωάννῃ
816 606 1008 677 χρόνον
1058 606 1368 680 διηνυκότα.
1391 607 1603 681 Σπουδὴ
1650 607 1708 661 δὲ
1753 603 1821 676 ἦν

248 694 360 747 τῶν
412 696 697 768 παρόντων
752 697 991 769 ἑκάστῳ,
1027 698 1123 752 καὶ
1186 700 1421 769 μάλιστα
1453 703 1570 764 τοῖς
1598 699 1697 752 τοῦ
1729 697 1825 768 βή-

254 802 446 855 ματος,
476 786 556 857 τῷ
613 787 732 857 μὲν,
763 787 1140 854 διαδαστᾶσαι,
1168 789 1247 861 τῷ
1282 789 1339 844 δὲ
1367 789 1463 844 τοῦ
1515 789 1827 859 ἐνδύματος

254 874 499 945 ἅψασθαι
533 915 548 940 ,
580 876 660 946 τῷ
716 877 773 931 δὲ
830 878 925 931 καὶ
975 877 1206 949 πλησίον
1258 878 1533 948 γενέσθαι,
1566 878 1831 950 καθάπερ

247 966 349 1108 eg;
361 966 523 1111 πὶὲέον
553 969 879 1040 μετασχόντι
915 968 1159 1035 πλείονος
1187 972 1361 1043 παρὸν
1389 974 1572 1045 τυχεῖν
1604 972 1701 1028 καὶ
1726 971 1828 1044 τῆς

249 1070 281 1107 ε
350 1072 415 1111 ογ
441 1073 527 1111 ας.

249 1070 527 1124 ευλογιας.

327 1228 438 1290 μγ’.
471 1225 535 1276 Ὀ
553 1221 650 1294 μέν
677 1221 769 1277 οὖν
799 1224 944 1295 ίερδς
976 1226 1203 1298 Συμεὼν
1234 1229 1329 1283 ἐπὶ
1350 1227 1647 1298 τοῦίκίονος
1670 1229 1827 1298 στάς,

246 1312 438 1381 ὄγδοον
472 1316 529 1367 ἐν
558 1314 707 1385 αύτῷ
731 1297 1159 1389 διεκαρτέρησεν
1193 1317 1331 1385 ἔτος,
1363 1297 1595 1393 ὡς’ἐξῆς
1623 1297 1828 1391 προῖὼν

247 1408 282 1459 ό
316 1405 469 1473 λόγος
500 1404 729 1476 δηλώσει
759 1424 868 1476 μοι.
904 1408 960 1462 '0
988 1409 1045 1461 δέ
1073 1409 1349 1479 Ἰωάννης,
1372 1411 1549 1465 καίτοι
1568 1412 1830 1483 διαθήκας

254 1496 403 1567 μετὰ
425 1495 518 1549 τοῦ
546 1496 770 1565 Συμεὼν
796 1497 1135 1568 διαθέμενος,
1171 1501 1412 1571 ἡνῶσθαί
1435 1519 1494 1555 τε
1521 1502 1607 1556 διὰ
1632 1504 1831 1567 παντὸς

253 1587 410 1658 αύτῷ
439 1587 538 1659 τὴν
566 1588 945 1661 πνευματικὴν
964 1589 1177 1656 ἐνωσιν,
1210 1592 1306 1645 καὶ
1335 1590 1639 1662 ἀχώριστος
1664 1590 1830 1649 αὑτοῦ

249 1678 358 1750 τὴν
388 1680 565 1752 ψυχὴν
593 1680 889 1752 διαμένειν,
918 1681 1066 1753 ὅμως
1101 1683 1184 1737 ὅτι
1231 1684 1306 1756 μὴ
1335 1684 1434 1755 τὴν
1463 1684 1587 1755 ὄψιν
1623 1686 1831 1741 ἐκείνου

1924 604 2010 658 nis
2029 613 2275 658 moratus
2304 601 2504 655 fuerat.
2541 599 2749 668 Volupe
2779 597 2871 651 hic
2894 606 3013 652 erat
3039 595 3223 651 studia
3249 604 3495 664 spectare

1926 696 2196 766 cujusque
2266 691 2647 765 praesentium,
2722 689 3003 761 praecipue
3060 686 3497 743 ministrantium

1926 785 2271 852 altari;aliis
2300 791 2554 841 sanctum
2584 797 2617 836 a
2671 790 2824 837 terra
2883 780 3323 844 sublevantibus,
3373 779 3500 833 aliis

1926 877 2255 935 vestimenta
2279 885 2505 949 tangere
2535 874 2913 946 cupientibus,
2957 873 3236 944 plerisque
3270 870 3501 942 propius

1926 971 2264 1042 propiusque
2298 969 2495 1025 adesse
2515 967 2869 1033 conantibus,
2924 965 3181 1019 omnibus
3225 964 3380 1033 quasi
3414 979 3500 1017 ra.

1928 1070 2047 1119 tum
2074 1062 2427 1125 habentibus,
2462 1061 2587 1131 plus
2607 1056 3016 1114 benedictionis
3035 1056 3307 1112 relaturos
3353 1054 3499 1115 illos,

1928 1150 2023 1222 qui
2045 1151 2170 1219 plus
2203 1149 2373 1204 studii
2417 1149 2803 1204 contulissent.

2000 1240 2089 1295 45.
2117 1238 2318 1294 Beatus
2347 1241 2534 1308 itaque
2573 1238 2835 1310 Symeon,
2876 1245 3031 1294 stans
3082 1251 3249 1307 super
3290 1235 3505 1292 colum-

1929 1349 2080 1399 nam,
2105 1348 2282 1389 annos
2310 1341 2437 1387 octo
2464 1331 2671 1386 ibidem
2704 1328 3065 1400 perduravit,
3106 1330 3186 1385 uti
3208 1345 3505 1400 progressu

1933 1424 2196 1494 deinceps
2213 1424 2481 1479 orationis
2501 1423 2793 1479 docebitur
2815 1440 2828 1477 :
2847 1422 3087 1478 Joannes
3106 1430 3509 1490 autem,quam-

1932 1516 2018 1572 vis
2042 1523 2236 1586 pactus
2267 1531 2392 1570 cum
2419 1514 2690 1587 Symeone
2723 1522 2890 1577 esset,
2932 1512 3283 1567 adhmsurum
3337 1525 3397 1569 se
3428 1511 3505 1569 illi

1935 1622 2154 1678 semper
2177 1606 2482 1677 spiritualis
2509 1606 2731 1662 vinculo
2766 1601 3196 1674 coniunctionis,
3246 1608 3311 1657 et.
3354 1600 3510 1657 nullo

1937 1715 2183 1770 unquam
2214 1708 2461 1768 tempore
2484 1704 2800 1771 separatum
2835 1695 2901 1753 iri
2918 1736 2956 1771 ἢ,
2975 1692 3341 1753 nihilominus
3362 1691 3511 1762 quod

248 1770 514 1885 ζλυκείαν
567 1772 663 1826 καὶ
721 1771 895 1837 θείαις
945 1770 1217 1828 ἀνθοῦσαν
1263 1773 1483 1844 χάρισιν
1532 1772 1832 1851 ὀφθαλμοῖς

1939 1789 2097 1849 suavi
2121 1799 2353 1860 aspectu
2376 1789 2545 1856 illius,
2561 1778 2747 1860 gratiae
2763 1770 2967 1843 divina:
2985 1785 3196 1856 copiam
3216 1784 3509 1855 prodente,

239 1858 396 1934 εἶχεν
422 1863 577 1932 όρᾷν,
621 1860 874 1915 ἐδάκνετο
901 1862 1001 1933 τὴν
1039 1862 1269 1934 καρδίαν
1303 1862 1400 1915 καὶ
1443 1861 1707 1927 ὠδυνᾶτο,
1742 1860 1832 1914 καὶ

1940 1872 2049 1929 frui
2069 1858 2248 1932 oculis
2276 1891 2389 1931 non
2408 1858 2624 1940 liceret,
2644 1873 2951 1945 angebatur
2977 1871 3165 1935 corde,
3185 1869 3529 1940 dolebatque

240 1955 334 2017 είς
366 1950 576 2022 φανερὰ
609 1949 868 2015 πολλάκις
895 1949 1201 2003 κατέπιπτε
1223 1948 1456 2020 δάκρυα.
1483 1946 1574 2021 Τῷ
1606 1946 1835 2018 Συμεὼν

237 2047 309 2105 δὲ
359 2046 604 2118 μείζονες
645 2043 755 2099 τῶν
816 2042 1099 2115 προτέρων
1148 2041 1362 2111 ἀγῶνες
1408 2042 1503 2095 ἐπὶ
1531 2040 1624 2095 τοῦ
1651 2041 1838 2106 κίονος

236 2134 404 2213 ἦσαν,
433 2139 675 2209 πραότης
717 2154 778 2191 τε
810 2133 1013 2189 πλείων
1056 2132 1206 2204 αύτῷ
1250 2132 1625 2206 προσετίθετο,
1674 2133 1771 2187 καὶ
1798 2133 1835 2205 ἡ

236 2234 349 2303 τῆς
378 2231 608 2304 καρδίας
648 2230 938 2296 κατάνυξις
963 2228 1182 2300 ηὖξετο,
1212 2228 1283 2284 τά
1312 2246 1373 2283 τε
1400 2228 1614 2299 δάκρυα
1645 2226 1836 2290 ὑετοὺς

236 2324 519 2396 ἐμιμεῖτο,
551 2325 643 2379 καὶ
675 2326 709 2395 ή
739 2322 954 2393 γλῶττα
983 2324 1096 2386 τοῖς
1122 2323 1203 2387 εἰς
1228 2320 1361 2377 Θεὸν
1386 2320 1574 2394 ὕμνοις
1597 2321 1719 2386 ταῖς
1751 2318 1836 2373 ού-

242 2416 462 2491 ρανίαις
493 2417 755 2488 δυνάμεσι
788 2414 977 2486 σαφῶς
1004 2413 1277 2487 ὠμοίωτο.

322 2597 425 2670 μδν.
469 2596 555 2661 Ὦς
588 2595 653 2651 ἂν
697 2596 755 2651 δέ
800 2595 875 2669 μὴ
922 2596 1286 2668 καυχήσηται,
1319 2593 1474 2665 φησὶ,
1506 2595 1656 2649 πᾶσα
1677 2592 1833 2664 σὰρξ,

240 2691 412 2764 ἡνίκα
437 2690 692 2762 τοιαύτης
723 2688 1018 2761 ἐτύγχανεν
1065 2688 1263 2751 ἐπιόὰς
1299 2687 1537 2757 ἡλικίας,
1582 2687 1703 2757 ἥτις
1733 2685 1835 2755 φύ-

240 2803 388 2849 σεως
438 2784 649 2854 πέφυκε
694 2781 856 2853 γονὴν
894 2780 1160 2854 προϊέναι,
1194 2779 1468 2834 ὡπλίσατο
1502 2778 1777 2851 κραταιῶς
1807 2778 1836 2833 ὁ

239 2876 531 2941 Σατανᾶς,
563 2874 706 2928 ὥστε
754 2874 949 2938 νυκτὸς
991 2872 1154 2926 αὑτὸν
1192 2871 1465 2936 ἐνυπνίοις
1508 2873 1834 2943 ἐπηρεᾶωαι.

237 2962 338 3035 Τῷ
366 2964 449 3030 δέ,
488 2967 536 3019 εἰ
575 2964 670 3019 καὶ
697 2965 758 3018 τὸ
786 2964 945 3034 σῶμα
1005 2963 1123 3018 κατ’
1159 2964 1335 3017 ἐκεῖνο
1361 2962 1462 3030 τῆς
1489 2961 1636 3034 ῶρας
1668 2960 1835 3015 ὕπνου

239 3057 473 3129 ἥττητο,
502 3056 616 3111 ἀλλ’
646 3058 680 3127 ή
706 3056 853 3127 ψυχὴ
882 3056 1153 3129 ἐγρήγορέ
1173 3072 1232 3110 τε
1260 3055 1357 3108 καὶ
1375 3053 1717 3124 διανέστηκε,
1741 3051 1838 3107 καὶ

237 3147 432 3213 οὕτως
485 3150 651 3221 ἑαυτῇ
696 3132 1062 3219 προσέχουσα,
1127 3147 1202 3211 ὠς
1240 3146 1315 3219 μὴ
1361 3147 1522 3216 μόνον
1559 3145 1836 3215 ἐνδόσιμον

243 3241 437 3314 μηδὲν,
493 3240 629 3312 μηδὲ
671 3240 912 3309 μαλακὸν
963 3238 1179 3302 παθεῖν,
1213 3237 1349 3293 ἀλλὰ
1394 3236 1489 3291 καὶ
1529 3236 1620 3291 τὸν
1664 3235 1829 3290 ὕπνον

238 3335 409 3396 εὐθὺς
441 3332 841 3404 ἀπορρίψαντα,
889 3330 1195 3386 κατώδυνον
1240 3329 1360 3383 ὅλον
1404 3328 1498 3382 καὶ
1538 3328 1827 3401 δακρυώδη

240 3426 430 3481 παίειν
460 3426 558 3490 τὰς
592 3424 764 3493 ὄψεις,
792 3425 889 3478 καὶ
939 3422 1165 3477 τοιαῦτα
1216 3421 1396 3493 ἐαυτῷ
1434 3420 1826 3493 ἐποδύρεσθαι·

237 3520 350 3576 Φεῦ
389 3515 478 3575 οἷα
508 3520 701 3575 παθεῖν
732 3520 761 3574 ό
798 3518 1029 3581 δείλαιος
1073 3516 1325 3589 ἔμελλονί
1371 3511 1483 3570 οἷον
1516 3514 1829 3589 προσθεῖναι

240 3612 504 3683 τραῦμα,
544 3613 682 3683 ὅπερ
727 3611 827 3664 ούκ
872 3610 1073 3679 ἰατρὸς,
1104 3607 1165 3661 ού
1193 3608 1379 3677 τέχνη,
1419 3606 1479 3659 ού
1517 3605 1828 3675 φάρμακον,

238 3704 347 3758 ούκ
372 3703 501 3758 ἄλλο
528 3719 581 3755 τι
606 3700 944 3772 θεραπεῦσαι
971 3698 1187 3768 ἴσχυσεν
1214 3697 1312 3753 ἀνί
1345 3695 1510 3750 Ἀλλά
1535 3697 1617 3749 σοὶ
1632 3694 1710 3765 τῷ
1738 3693 1834 3765 μό-

241 3813 323 3863 νῳ
351 3794 599 3867 Δεσπότῃ
626 3793 727 3854 καὶ,
743 3793 956 3864 Σωτῆρι
984 3791 1191 3862 ψυχῶν,
1218 3788 1297 3860 τῷ
1325 3789 1471 3860 μόνῳ
1493 3788 1708 3861 νεφρῶν
1737 3787 1833 3842 καὶ

241 3884 488 3957 καρδιῶν
540 3885 739 3954 ἐταστῇ
804 3882 1152 3954 προσπίπτω,
1209 3881 1425 3944 δεικνὺς
1473 3878 1573 3951 τήν
1626 3880 1834 3934 οἰκείαν

242 3979 556 4042 ἀσθένειαν,
589 3977 715 4031 ἐπεὶ
744 3978 839 4029 κα)⁸
860 3976 1069 4039 πάντας
1095 3975 1265 4028 ἐλεεῖν
1292 3968 1470 4041 οἶδας,
1489 3976 1518 4028 ὁ
1538 3973 1632 4028 καὶ
1658 3975 1836 4029 πάντα

244 4070 438 4139 σαφῶς
498 4068 816 4140 δυνάμενος.
852 4066 1014 4121 Ταῦτ’
1051 4066 1228 4135 ἔλεγε,
1268 4065 1364 4120 καὶ
1412 4064 1544 4130 ἰδοὺ,
1579 4066 1680 4137 ὁρᾷ
1711 4082 1835 4120 τινα

243 4161 512 4217 κατιόντα
558 4161 697 4232 πρὸς
745 4160 907 4215 αὐτὸν
954 4157 1184 4225 ἄνωθεν,
1217 4158 1279 4212 τὸ
1306 4154 1449 4222 εἶδος
1484 4158 1703 4228 σεμνὸν,
1734 4157 1835 4230 τὴν

243 4259 411 4327 τρίχα
437 4254 689 4326 γηραιὸν,
719 4252 780 4306 τὸ
813 4252 1004 4323 σχῆμα
1036 4251 1131 4305 καὶ
1162 4251 1262 4322 τήν
1295 4250 1487 4323 στολὴν
1528 4252 1697 4323 ἱερέα,
1734 4268 1835 4304 πο-

243 4350 439 4421 τήριον
470 4346 741 4418 σωτηρίου
765 4344 923 4415 χερσὶ
946 4343 1269 4414 κατέχοντα,
1296 4342 1493 4401 εὐωδία
1513 4361 1572 4397 τε
1598 4343 1835 4415 κατέσχε

245 4438 339 4499 τὸν
370 4440 555 4493 τόπον.
591 4437 701 4490 Καὶ
721 4437 750 4490 ό
779 4435 969 4505 φανεὶς
1000 4433 1110 4489 τῶν
1131 4434 1417 4506 ἁχράντων
1447 4436 1609 4489 οἱονεὶ
1633 4452 1835 4508 μυστη-

1941 1974 2250 2039 tantopere,
2283 1976 2342 2023 ut
2367 1967 2424 2022 in
2452 1967 2721 2039 lacrymas
2749 1965 3202 2035 conSpicuasnon
3232 1978 3361 2018 raro
3392 1978 3524 2033 pro-

1941 2070 2241 2133 rumperet.
2275 2062 2491 2118 Interea
2519 2061 2785 2117 virtutum
2816 2059 2999 2116 studia
3030 2058 3290 2130 Symeoni
3344 2056 3399 2111 in
3425 2071 3523 2112 co-

1939 2154 2129 2209 lumna
2158 2156 2364 2225 majora
2390 2162 2551 2209 erant
2575 2151 2889 2224 prioribus:
2916 2150 3317 2206 incrementum
3340 2148 3524 2219 capie-

1940 2246 2034 2303 bat
2049 2246 2435 2312 mansuetudo,
2454 2246 2783 2317 augescebat
2796 2242 3149 2315 compunctio
3166 2241 3372 2303 cordis,
3392 2241 3526 2295 ube‘

1939 2337 2117 2394 riores
2138 2338 2382 2395 ﬂuebant
2405 2339 2659 2410 lacrymze
2684 2336 2995 2408 pluviarum
3018 2334 3250 2390 imbrem
3276 2333 3521 2397 imitatae,

1939 2428 2129 2501 lingua
2164 2431 2220 2484 in
2252 2430 2616 2486 decantandis
2639 2430 2751 2485 Deo
2770 2428 2990 2500 hymnis
3021 2426 3163 2483 nihil
3195 2425 3376 2481 beatis
3395 2423 3523 2483 (εωιί

1939 2520 2233 2590 spiritibus
2278 2521 2640 2577 concedebat.

2009 2612 2100 2671 44.
2132 2613 2211 2670 Ne
2249 2623 2457 2680 autem,
2489 2613 2571 2668 uti
2601 2612 2832 2677 dicitur,
2857 2609 3123 2683 glorietur
3153 2607 3333 2664 omnis
3368 2621 3520 2671 caro,

1940 2705 2189 2777 quaajam
2209 2704 2278 2760 ad
2302 2704 2354 2759 id
2377 2704 2556 2763 aetatis
2574 2702 2848 2773 pervenit,
2869 2710 2931 2757 ut
2952 2697 3311 2771 procreandis
3331 2696 3523 2752 liberis

1940 2806 2067 2867 apta
2105 2796 2216 2861 sit,
2257 2796 2464 2857 bellum
2504 2796 2764 2869 Symeoni
2793 2795 3025 2853 Satanas
3050 2792 3383 2849 acerrimum
3438 2790 3526 2843 in-

1941 2889 2101 2953 dixit,
2125 2904 2298 2959 usque
2320 2888 2460 2950 adeo
2486 2898 2549 2942 ut
2569 2895 2737 2943 noctu
2759 2886 2925 2944 etiam
2946 2884 3242 2941 dormienti
3270 2898 3379 2937 non
3404 2881 3525 2937 leve

1942 2982 2250 3053 periculum
2296 2988 2537 3039 tentator
2578 2986 2816 3037 crearet.
2870 2975 3385 3034 Verumenimvero,
3440 2979 3521 3023 ta-

1942 3072 2103 3129 metsi
2135 3086 2235 3143 per
2264 3070 2402 3125 illud
2430 3078 2650 3141 tempus
2677 3083 2872 3125 somno
2904 3066 3278 3156 succubuerat
3300 3078 3522 3133 corpus,

1943 3165 2125 3225 anima
2154 3163 2522 3223 nihilominus
2546 3162 2827 3234 vigilabat,
2852 3169 3039 3216 erecta
3060 3173 3277 3228 semper
3301 3166 3523 3226 tamque

1936 3265 2157 3317 attenta
2170 3256 2343 3314 rebus
2359 3255 2499 3322 suis,
2525 3263 2589 3311 ut
2611 3270 2723 3311 non
2746 3254 2913 3310 modo
2938 3252 3080 3307 nihil
3111 3250 3239 3306 inde
3261 3248 3535 3305 motionis

1929 3346 2241 3411 libidinosae
2262 3355 2564 3418 pateretur,
2584 3360 2779 3402 verum
2797 3342 2960 3398 etiam
2980 3357 3212 3398 excusso
3233 3337 3524 3396 confestim

1930 3453 2126 3495 somno
2146 3448 2379 3495 moestus
2402 3446 2568 3509 atque
2596 3436 3067 3510 lacrymabundus
3100 3434 3295 3490 faciem
3322 3446 3525 3503 percu-

1932 3535 2099 3594 teret,
2138 3536 2305 3598 atque
2336 3527 2411 3582 ita
2445 3541 2634 3582 secum
2673 3526 2789 3597 ipse
2821 3526 3217 3581 lamentaretur
3248 3540 3263 3578 :
3290 3523 3382 3578 Va:
3422 3520 3525 3574 mi-

1929 3634 2055 3674 sero
2072 3618 2230 3687 mihi,
2258 3634 2421 3689 quam
2443 3633 2614 3689 prope
2645 3634 2676 3673 a
2710 3617 2920 3673 scelere
2953 3616 3139 3672 abfuit
3168 3629 3331 3687 quam
3382 3626 3524 3684 pene

1933 3710 2207 3767 inﬁictum
2228 3710 2363 3765 mihi
2381 3710 2585 3765 vulnus
2607 3709 2730 3775 fuit,
2755 3709 2844 3765 cui
2864 3725 2965 3764 nec
2987 3707 3259 3776 medicus,
3282 3722 3385 3763 nec
3410 3724 3523 3772 ars,

1931 3818 2037 3860 nec
2058 3803 2438 3874 pharmacum,
2459 3816 2562 3857 nec
2581 3800 2728 3856 aliud
2745 3800 3020 3872 quidlibet
3040 3800 3240 3863 adferre
3256 3814 3416 3869 opem
3440 3799 3524 3862 ul—

1932 3893 2041 3948 lam
2064 3893 2372 3963 potuisset!
2406 3891 2476 3949 At
2509 3891 2633 3957 tibi,
2670 3892 2899 3946 Domine
2928 3899 2984 3946 et
3016 3890 3272 3945 Salvator
3303 3891 3519 3949 anima.-

1934 3998 2056 4039 rum
2087 3992 2425 4047 nostrarum,
2455 3981 2555 4038 tibi
2590 3980 2694 4036 soli
2724 3995 2919 4035 renum
2950 3995 3013 4035 ac
3032 3978 3285 4035 cordium
3309 3988 3521 4034 scruta-

1935 4074 2046 4129 tor‘i
2080 4073 2312 4144 supplex
2342 4073 2570 4139 accedo,
2608 4073 2872 4144 detegens
2898 4071 3275 4127 inﬁrmitatem
3305 4086 3484 4125 meam
3503 4087 3533 4139 ς-

1934 4164 2197 4237 quouiam
2226 4174 2283 4220 tu
2311 4172 2370 4221 et
2403 4164 2657 4220 misereri
2687 4164 2935 4219 omnium
2965 4164 3133 4228 soles,
3161 4170 3225 4219 et
3258 4161 3523 4218 medicari

1935 4258 2196 4314 omnibus
2211 4266 2389 4329 potes.
2424 4257 2586 4314 Hisce
2617 4256 2808 4321 ﬁnitis,
2834 4272 2966 4312 ecce
2992 4256 3193 4311 iterum
3225 4256 3523 4326 quemdam

1936 4352 2208 4423 conspicit
2256 4352 2324 4407 ad
2366 4367 2425 4407 se
2452 4351 2878 4407 descendentem
2910 4351 2980 4406 ab
3021 4351 3250 4416 aethere,
3289 4367 3525 4408 venera-

1934 4444 2102 4500 bilem
2128 4444 2325 4510 forma,
2348 4444 2547 4499 canitie
2599 4445 2982 4515 conspicuum,
3013 4443 3196 4513 specie
3229 4452 3397 4513 atque
3428 4443 3527 4499 ha-

247 4529 384 4602 ρίων
431 4527 510 4600 τῷ
559 4525 786 4599 Συμεὼν
820 4525 1179 4597 κοινωνήσας,
1224 4525 1524 4596 ’Δνδρίζου,
1554 4526 1651 4580 καὶ
1692 4544 1828 4599 κρα-

1940 4536 2059 4591 bitu
2085 4535 2452 4601 sacerdotem,
2476 4535 2706 4591 calicem
2730 4534 3077 4591 salutiferum
3102 4535 3360 4591 manibus
3382 4551 3525 4605 pra:-

244 4619 546 4685 ταιούσθω,
592 4620 780 4690 φησὶν,
814 4620 849 4690 ἡ
891 4618 1090 4690 καρδία
1124 4632 1254 4671 σου·
1303 4619 1402 4689 οὐχ
1440 4618 1687 4692 ὑποπέσῃ
1725 4618 1836 4692 γὰρ

251 4704 522 4763 ἐνυπνίων
556 4706 858 4775 ἐνεργείαις
902 4705 1105 4771 οὐκέτι,
1131 4706 1379 4779 φυλακὴν
1406 4710 1500 4764 ἐπὶ
1529 4714 1595 4783 τῇ
1630 4712 1839 4773 ἄνωθεν

252 4790 429 4844 ἐλπίδι
450 4794 631 4847 πᾶσαν
652 4794 751 4865 τῆς
777 4792 971 4848 ἑαυτοῦ
1000 4794 1228 4865 καρδίας
1249 4796 1529 4868 τιθέμενος
1548 4817 1565 4834 ο
1594 4800 1623 4854 ὃ
1651 4804 1839 4860 τοσοῦ-

249 4900 345 4936 τον
382 4885 475 4938 ἐπὶ
528 4887 716 4941 πένθει
763 4886 958 4952 πένθος
994 4886 1072 4958 τῷ
1102 4888 1325 4959 Συμεὼν
1358 4891 1729 4964 προστίθησιν,
1758 4897 1837 4963 ὡς

251 4970 346 5025 ἐπί
374 4989 525 5036 τινας
553 4974 765 5046 ἡμέρας
794 4974 955 5046 ἄχρις
982 4975 1210 5047 ἐννάτης
1233 4977 1382 5049 ὥρας
1443 4981 1580 5051 μηδέ
1602 4985 1701 5054 τὴν
1736 4985 1833 5040 θυ-

253 5065 375 5135 ρίδα
401 5066 649 5120 ὁπωσοῦν
684 5069 1055 5139 παρανοίγειν,
1091 5071 1207 5125 ἀλλ’
1237 5072 1480 5145 ἀκριϐῶς
1515 5076 1683 5143 αὐτὴν
1709 5080 1833 5134 ἐπι-

249 5155 647 5228 κεκλεισμένην
663 5160 986 5232 ἀνομίλητον
1009 5164 1320 5218 παντάπασι
1339 5165 1635 5238 διαμένειν,
1655 5171 1833 5247 ἐαυτῷ

252 5247 402 5317 μόνῳ
430 5247 526 5302 καὶ
550 5248 670 5320 8εῷ
693 5252 1251 5326 προσαδολεσχοῦντα.

1940 4629 2213 4685 ferentem
2236 4645 2250 4683 :
2271 4629 2536 4698 locusque
2558 4627 2714 4683 suavi
2739 4626 2928 4689 odoris
2951 4627 3251 4698 fragrantia
3282 4628 3529 4697 repletus

1942 4728 2082 4776 erat.
2118 4720 2187 4776 Et
2221 4719 2290 4785 is,
2322 4719 2416 4789 qui
2448 4718 2771 4795 apparebat,
2819 4719 3147 4779 intemerata
3179 4729 3528 4779 sacramenta

1942 4811 2198 4885 Symeoni
2228 4813 2636 4868 communicare
2658 4812 2811 4867 visus
2835 4829 2847 4864 :
2872 4812 3147 4877 Viriliter,
3173 4810 3371 4881 inquit,
3403 4828 3524 4882 age,

1940 4912 1998 4957 et
2036 4902 2380 4959 confortetur
2408 4920 2505 4983 cor
2532 4912 2725 4970 tuum;
2762 4919 2875 4959 non
2926 4904 3257 4959 succumbcs
3296 4904 3528 4979 posthac

1941 4992 2293 5050 illusionibus
2338 4994 2764 5061 insomniorum,
2811 4996 2856 5051 si
2891 4995 3074 5051 cordis
3104 4997 3182 5051 tui
3216 4997 3526 5053 custodiam

1940 5084 2052 5139 Deo
2098 5084 2331 5141 ﬁrmiter
2360 5086 2632 5157 sperando
2677 5086 3043 5143 commiseris.
3074 5088 3184 5143 Res
3226 5088 3317 5143 illa
3351 5088 3526 5159 priori

1939 5178 2229 5251 Symeouis
2247 5179 2421 5235 luctui
2458 5180 2797 5251 spiritusque
2830 5180 3153 5241 contritioni
3192 5190 3404 5237 tantum
3431 5182 3528 5236 ad-

1939 5269 2081 5326 didit
2100 5269 2526 5336 incrementum,
2540 5278 2601 5324 ut
2617 5270 2813 5327 diebus
2828 5271 3039 5343 aliquot
3054 5273 3122 5328 ad
3139 5273 3330 5328 horam
3349 5288 3522 5343 usque

250 5354 455 5445 nouam
480 5343 775 5448 fenestram
818 5350 977 5448 nullo
1001 5350 1165 5448 modo
1196 5353 1529 5427 adaperiret,
1561 5362 1658 5418 sed
1724 5366 1866 5426 bene
1905 5364 2253 5423 obﬁrmatam
2299 5366 2546 5426 retinens
2597 5368 2747 5427 intus
2798 5369 2916 5441 ipse
2984 5371 3205 5439 lateret,
3258 5387 3526 5430 commer‘

248 5438 337 5506 cio
387 5438 538 5491 omni
587 5438 830 5495 humano
874 5442 1181 5513 abstinens,
1227 5448 1442 5519 sibique
1486 5455 1588 5510 soli
1634 5464 1691 5512 et
1717 5458 1832 5517 Deo
1868 5474 2092 5515 vacans.

328 5536 430 5599 με’.
480 5529 570 5583 Ἐν
595 5531 771 5602 τούτῳ
796 5532 853 5585 δὲ
886 5535 979 5588 καὶ
1008 5535 1100 5589 τοῦ
1148 5538 1394 5596 Ἰωάννου
1432 5547 1558 5610 τοὺς
1587 5549 1837 5621 συνήθεις

2004 5549 2094 5604 45.
2127 5549 2277 5606 Inter
2325 5550 2442 5609 haec
2472 5550 2716 5631 Joannes
2755 5567 2977 5623 quoque
3028 5552 3085 5608 in
3117 5554 3374 5610 columna
3423 5570 3525 5613 sua

249 5622 346 5679 ἐπὶ
366 5623 507 5726 μιῆς.
523 5624 731 5689 οίκείας
766 5622 975 5695 βάσεως
1011 5629 1288 5698 μετιόντος
1312 5633 1550 5703 ἀγῶνας,
1580 5638 1749 5707 ὑγιῶς
1774 5659 1832 5696 τε

1939 5656 2230 5699 consuetas
2249 5643 2356 5700 sibi
2372 5624 2796 5705 exercitationes
2812 5622 3037 5700 strenue
3057 5646 3266 5710 obibat,
3288 5662 3524 5717 corpore

250 5713 393 5775 κατὰ
441 5713 620 5819 σῶμα.
659 5717 754 5771 καὶ
803 5717 1011 5783 ἀνόσως
1061 5720 1306 5791 ἔχοντος,
1354 5724 1678 5794 ἐγγίζουσαν
1733 5734 1832 5805 ήδη

1939 5734 2081 5791 bene
2112 5751 2300 5803 sanus,
2329 5753 2433 5792 nec
2462 5736 2855 5793 invaletudinis
2877 5738 2987 5794 ulla
3014 5737 3259 5794 sentiens
3287 5738 3521 5801 indicia;

256 5806 528 5879 προγνοὺς
570 5806 669 5879 τήν
696 5809 908 5866 ἐκείνου
940 5811 1205 5885 ἐκδημίαν
1244 5816 1271 5868 ό
1301 5815 1546 5889 Συμεὼν,
1574 5821 1832 5891 τοιούτοις

1939 5828 2098 5901 cujus
2130 5837 2309 5886 tamen
2336 5830 2678 5902 migrationis
2703 5830 2926 5907 jamjam
2958 5831 3215 5887 instantis
3259 5831 3523 5903 praescius
