3988 6482
544 409 688 472 3027

1768 420 1828 479 s.
1871 420 2245 483 SYMEONIS
2280 426 2643 488 JUNIOBIS
3644 423 3758 489 πθ

540 529 799 601 Symeon,
825 527 1027 585 talibus
1057 528 1125 585 ad
1153 545 1281 587 eum
1308 534 1494 589 verbis
1521 549 1653 592 usus
1678 546 1763 593 est
1792 556 1805 593 :
1836 538 1915 594 Ne
1943 540 2125 595 animo

2230 544 2367 615 πρὸς
2390 544 2554 599 αὐτὸν
2578 541 2860 614 μηνύμασι
2884 539 3118 611 χρῆται·
3149 536 3242 609 Μὴ
3265 536 3566 610 ἀθυμήσῃς,
3589 538 3759 611 Πάτερ,

540 620 784 685 delicias,
808 620 990 686 Pater,
1023 623 1069 677 si
1090 623 1277 680 obitus
1303 625 1471 693 diem,
1489 642 1613 698 quia
1631 644 1806 700 genus
1824 630 2126 687 humanum

540 712 663 769 sine
697 712 1022 770 discrimi’ne
1060 716 1382 773 universum
1409 728 1613 785 manet,
1648 720 1747 776 tibi
1778 736 1997 792 quoque
2028 738 2125 794 ap-

540 803 914 874 propinquare
940 805 1221 863 audiveris
1247 824 1262 874 ;
1287 809 1531 864 intellexi
1580 810 1727 866 enim
1751 812 1976 867 citatum
2007 828 2126 869 esse

542 906 596 950 te
625 911 654 949 a
682 895 829 962 Deo;
862 897 1008 967 quod
1054 898 1154 954 tibi
1185 899 1408 970 quidem
1454 910 1511 956 et
1557 910 1832 973 quotquot
1858 905 2126 960 virtutum

542 995 761 1042 tuarum
792 990 1139 1046 aemulatores
1160 999 1289 1046 sunt
1323 992 1543 1063 requies
1564 994 1749 1066 potius
1771 1010 1837 1050 ac
1862 995 1973 1050 vita
2002 1007 2122 1062 est;

540 1079 928 1149 peccatoribus
954 1098 1090 1137 vero
1117 1083 1389 1154 angustia,
1432 1085 1637 1149 luctus,
1671 1094 1726 1141 et
1769 1102 1919 1142 mors
1955 1087 2124 1160 (quod

540 1171 753 1227 utinam
788 1188 896 1228 non
922 1184 1068 1229 esset
1091 1177 1130 1235 i)
1149 1177 1476 1231 certissima.
1498 1178 1655 1233 Nunc
1687 1188 1870 1234 autem
1894 1189 2124 1249 paterna

543 1272 637 1319 tua
666 1280 732 1321 ac
762 1266 1037 1336 spirituali
1070 1267 1459 1324 benedictione
1490 1286 1578 1325 me
1615 1271 1834 1341 imperti
1868 1292 1880 1328 :
1912 1289 1976 1329 ac
2005 1290 2120 1329 me-

542 1363 731 1410 mento
756 1356 864 1411 mei
888 1372 1012 1412 cum
1043 1358 1113 1411 ad
1142 1359 1435 1428 concupita
1466 1359 1562 1414 tibi
1586 1361 1784 1431 gaudia
1812 1364 2122 1432 transieris,

542 1446 811 1517 beataque
846 1448 936 1502 illa
958 1449 1171 1504 visione
1193 1465 1355 1505 omne
1377 1450 1712 1509 desiderium
1736 1457 2126 1513 transcenden-

542 1548 597 1593 te
627 1540 886 1609 dignatus
928 1540 1122 1606 fueris,
1164 1550 1225 1597 ut
1269 1558 1371 1598 nos
1402 1560 1623 1615 quoque
1653 1547 1873 1603 devicto
1918 1549 2127 1604 mundo

542 1628 843 1698 aliquando
880 1639 1062 1686 tecum
1093 1647 1161 1687 co
1197 1641 1559 1701 transeamus,
1597 1644 1653 1692 et
1687 1636 1815 1692 facti
1845 1651 2127 1709 compotes

542 1726 822 1783 votorum,
858 1730 1053 1775 mutuo
1092 1731 1318 1792 aspectu
1363 1724 1560 1778 iterum
1614 1725 1884 1783 fruamur.
1934 1727 2126 1785 Ncuti-

542 1825 707 1880 quam
744 1811 994 1867 turbatus
1020 1824 1103 1868 est
1126 1814 1195 1869 ad
1219 1815 1325 1870 hoc
1356 1817 1613 1871 nuntium
1640 1818 1899 1885 Joannes,
1932 1831 2125 1892 utpote

493 1919 505 1928 ν
539 1902 868 1973 jampridem
923 1904 989 1959 ad
1031 1906 1123 1961 illa
1175 1907 1360 1963 animo
1407 1921 1758 1980 comparatus
1795 1931 1807 1965 :
1854 1913 1959 1968 hoc
2013 1922 2129 1970 tan-
2161 1897 2202 1950 Β

546 2004 660 2049 tum
688 1996 904 2066 reponit
932 2014 945 2050 :
972 1998 1268 2054 Benedicat
1296 2009 1367 2065 te,
1394 1999 1469 2055 ﬁli
1492 2002 1587 2065 mi,
1612 2003 1756 2057 Deus
1775 2003 1938 2057 Pater
1963 2020 2125 2074 quem

544 2088 843 2156 quaesivisti
864 2105 878 2155 ;
901 2096 958 2144 et
979 2091 1299 2161 unigenitus
1326 2091 1501 2147 Patris
1524 2093 1697 2148 Filius
1718 2108 1884 2164 quem
1911 2094 2130 2152 deside-

545 2182 701 2246 rasti,
722 2190 779 2236 et
808 2183 1059 2237 vivilicus
1077 2184 1316 2254 Spiritus
1333 2186 1490 2256 cujus
1514 2195 1703 2241 sancta
1724 2190 1898 2258 gratia
1921 2189 2129 2246 ditatus

544 2286 632 2339 es;
659 2274 818 2329 unica
844 2274 933 2329 illa
953 2284 1007 2341 et
1032 2276 1299 2330 immensa
1324 2275 1506 2333 Deitas
1530 2289 1582 2333 te
1607 2279 1773 2334 ducat
1799 2296 1897 2351 per
1918 2282 2124 2348 omnia,

546 2364 637 2418 illa
665 2380 921 2421 securum
942 2375 1186 2436 prmstet,
1215 2367 1307 2422 illa
1338 2370 1686 2425 consoletur:
1707 2372 1801 2441 qui
1830 2372 2128 2428 benedixe-

545 2458 657 2511 rint
682 2468 732 2513 te
758 2458 1037 2513 benedicti
1078 2460 1146 2515 ab
1177 2461 1268 2516 illa
1299 2470 1485 2528 erunt,
1517 2470 1573 2517 et
1605 2462 1699 2532 qui
1740 2463 2129 2518 maledixerint

547 2549 846 2605 maledicti.
884 2550 1124 2621 Adjiciat
1156 2552 1256 2605 tibi
1290 2552 1437 2607 Deus
1480 2552 1769 2618 honorem,
1804 2562 2030 2625 propter
2060 2555 2128 2609 il-

548 2640 658 2693 lum
683 2657 794 2711 quo
827 2658 915 2696 me
941 2653 1266 2711 prosecutus
1285 2658 1365 2708 es,
1396 2645 1656 2715 quoniam
1692 2662 1779 2701 me
1807 2656 1869 2701 ut
1892 2648 2127 2702 alterum

547 2739 831 2799 parentem
866 2731 1146 2789 honorasti
1180 2751 1195 2786 :
1230 2735 1364 2805 quid
1398 2744 1581 2791 autem
1616 2746 1793 2792 mater
1824 2739 1954 2793 tua?
2001 2754 2123 2809 gra-

550 2819 680 2874 tiam
717 2830 775 2876 et
815 2822 1254 2880 misericordiam
1287 2827 1548 2897 impetret
1587 2844 1618 2883 a
1662 2830 1797 2894 Deo,
1829 2845 1950 2899 quae
1980 2837 2126 2885 tanta

548 2913 684 2968 mihi
722 2914 1040 2985 adjumenta
1095 2917 1562 2976 subministravit.
1603 2920 1741 2977 Cum
1786 2922 2129 2977 audivissent

548 3005 686 3072 haec,
713 3008 806 3077 qui
841 3006 1071 3063 aderant
1100 3008 1320 3076 fratres,
1353 3027 1719 3083 supremaque
1743 3014 1863 3068 vale
1893 3013 2128 3068 dicentis

545 3096 711 3151 verba
741 3113 862 3153 esse
877 3101 1424 3167 animadvertissent,
1454 3105 1673 3160 attoniti
1694 3113 1859 3174 atque
1932 3105 2124 3159 exani-

547 3188 678 3242 mati
711 3189 1023 3255 bterebant;
1062 3202 1117 3247 et
1143 3193 1234 3247 vix
1271 3194 1733 3267 tandem,ecquid
1757 3198 1824 3252 de
1856 3197 2126 3267 Symeone

547 3280 867 3335 mandatum
895 3283 1002 3339 sibi
1022 3285 1212 3348 vellet,
1238 3287 1678 3360 interrogabant.
1716 3290 1818 3357 Qui
1851 3292 1959 3345 ait:
1982 3291 2124 3346 Illud

545 3383 767 3443 empto,
829 3385 891 3430 ut
954 3377 1155 3433 ardens
1221 3380 1468 3435 studium
1526 3381 1762 3438 virtutes
1838 3382 2125 3455 Symeonis

544 3466 841 3522 :emulandi
873 3469 1088 3525 animos
1109 3473 1355 3527 omnium
1395 3474 1720 3539 inﬂammet,
1770 3484 1827 3530 et
1864 3476 2127 3546 precibus

545 3558 669 3629 ejus
694 3559 940 3632 adjuvari
965 3575 1305 3631 mereantur;
1330 3567 1594 3636 quoniam
1632 3583 1912 3639 magnum.
1938 3576 1994 3625 et
2023 3569 2124 3624 ho-

545 3652 795 3708 norabile
827 3654 960 3721 Deo,
991 3671 1085 3710 vas
1116 3656 1406 3714 electionis
1466 3669 1570 3715 est.
1617 3660 1917 3730 Postquam
1967 3660 2121 3718 hisce

544 3745 733 3801 verbis
780 3746 1115 3805 instituisset
1182 3752 1350 3822 ipsos,
1408 3762 1464 3807 et
1516 3753 1679 3809 simul
1732 3754 1992 3824 precibus
2016 3755 2129 3810 Deo

547 3839 1010 3906 commendasset,
1047 3844 1333 3911 paululum
1366 3845 1599 3915 quievit,
1626 3856 1683 3901 et
1725 3848 1881 3916 quasi
1914 3847 2131 3917 sopitus

545 3933 655 3988 leni
673 3948 892 4002 somno,
913 3935 1173 3993 decessit.

2229 637 2278 690 εί
2306 636 2401 691 τοῦ
2426 636 2657 692 θανάτου
2687 634 2830 690 κατὰ
2860 634 3040 704 πάσης
3069 630 3284 702 φύσεως
3317 630 3649 701 ἀνθρωπίνης
3673 651 3752 688 κοι-

2227 728 2334 794 νῶς
2357 729 2654 794 ὀδεύοντος,
2683 726 3007 798 ἐφίστασθαι
3032 725 3133 797 ῆδη
3169 724 3351 796 μέλλει
3379 724 3474 777 καὶ
3506 724 3583 776 σοὶ
3604 728 3662 777 τὰ
3682 727 3761 794 τῆς

2232 821 2486 894 τελευτῆς
2506 839 2522 855 ·
2565 820 2787 892 ἑώρακα
2820 819 2929 888 γάρ
2957 834 3017 871 σε
3057 814 3467 887 μετακληθέντα
3509 813 3606 866 ὑπὸ
3634 814 3760 879 Θεοῦ,

2226 911 2363 982 ὅπερ
2393 910 2477 964 σοί⁵
2508 909 2608 981 μὲν
2636 909 2732 963 καὶ
2757 908 2903 971 ὅσοις
2930 907 3029 977 τὴν
3052 904 3253 979 ἀρετὴν
3284 904 3424 957 κατά
3468 902 3526 955 σέ
3552 904 3756 958 ἀνάπαυο

2228 1016 2314 1064 σις
2342 999 2544 1071 μᾶλλόν
2571 1000 2687 1053 ἐστι
2720 1000 2814 1054 καὶ
2845 998 2981 1069 ζωὴ,
3010 997 3364 1066 ἁμαρτωλοῖς
3401 994 3459 1047 δέ
3504 998 3763 1065 συγχωρία,

2226 1093 2322 1148 καὶ
2352 1091 2521 1163 λύπη,
2541 1092 2635 1146 καὶ
2667 1090 2844 1161 σαφὴς
2871 1088 2965 1159 (ὡς
2988 1089 3099 1141 είθε
3126 1086 3201 1157 μὴ
3238 1084 3444 1155 ὢφελον
3468 1085 3519 1154 ί)
3555 1084 3749 1150 θάνατος

2238 1184 2399 1238 Ἀλλά
2425 1184 2521 1238 νῦν
2554 1184 2652 1255 μὲν
2702 1184 2802 1253 τῆς
2832 1180 3106 1252 πατρικῆς
3152 1197 3243 1232 σου
3294 1178 3388 1231 καὶ
3438 1181 3766 1248 πνευματικῆς

2226 1278 2477 1346 εὐλογίας
2509 1277 2739 1348 μετάδος
2775 1293 2887 1346 μοι,
2917 1275 3167 1345 μέμνησο
3209 1272 3265 1325 δέ
3308 1290 3411 1342 μου
3445 1271 3537 1325 καὶ
3568 1272 3685 1343 πρὸς
3714 1274 3763 1324 τὰ

2228 1372 2311 1424 σοὶ
2351 1370 2662 1440 ποθούμενα
2692 1368 2987 1424 διαϐαίνων
3020 1366 3114 1420 καὶ
3155 1366 3254 1436 τῆς
3299 1365 3570 1436 μακαρίας
3594 1367 3767 1433 ἐκείνης

2228 1464 2358 1528 θέας
2412 1464 2521 1517 τῶν
2564 1462 2705 1532 ὑπὲρ
2755 1461 2944 1531 ἔφεσιν
2989 1458 3332 1530 ἀξιούμενος,
3374 1457 3514 1510 ὥστε
3561 1457 3766 1527 διαϐῆναι

2227 1554 2383 1627 παρὰ
2415 1554 2473 1608 σέ
2507 1554 2599 1608 καὶ
2627 1555 2777 1625 ἡμᾶς
2802 1553 2891 1606 τὸν
2922 1553 3127 1623 κόσμον
3159 1553 3516 1623 νικήσαντας,
3545 1551 3629 1602 καὶ
3646 1550 3768 1617 ἀ).λὴ-

2228 1648 2355 1711 λους
2398 1646 2625 1711 ὄψεσθαι
2657 1645 2822 1701 πάλιν
2855 1644 2995 1716 μετά
3024 1643 3277 1716 χρηστῶν
3308 1644 3419 1696 τῶν
3454 1642 3682 1695 ἐλπίδων.
3709 1640 3768 1697 0-3

2229 1737 2522 1810 ταραχθεὶς
2589 1737 2769 1792 τοίνυν
2830 1735 2967 1807 πρὸς
3019 1734 3118 1806 τὴν
3186 1732 3452 1803 ἀγγελίαν
3501 1734 3529 1784 ὁ
3560 1732 3771 1803 Ἰωάννης

2234 1834 2555 1907 (ἡτοίμαστο
2576 1831 2671 1887 καὶ
2696 1830 2804 1902 γὰρ
2825 1831 2888 1883 ἐκ
2917 1828 3184 1898 πλείονος)
3201 1867 3216 1892 ,
3245 1828 3310 1880 Αἱ
3345 1827 3445 1897 μὲν
3470 1826 3577 1891 σαὶ,
3598 1826 3769 1893 τέκνον,

2232 1927 2496 1997 εὐλογίαι,
2531 1926 2685 1996 φησὶ,
2712 1923 2864 1996 παρά
2886 1921 2977 1976 τοῦ
3005 1920 3141 1975 Θεοῦ
3165 1920 3261 1974 καὶ
3290 1918 3502 1990 [ἰατρὸς
3539 1918 3594 1970 ὃν
3616 1918 3771 1989 ἐζήτη-

2232 2039 2353 2090 σας,
2381 2018 2596 2075 καὶτοῦ
2632 2016 2972 2087 Μονογενοῦς
3024 2014 3192 2069 αὑτοῦ
3225 2012 3359 2067 Υἱοῦ
3409 2013 3467 2066 δν
3517 2011 3769 2081 ἐπόθησας,

2231 2112 2445 2169 καὶτοῦ
2484 2109 2750 2175 ζωοποιοῦ
2784 2108 3099 2180 Πνεύματος
3136 2101 3197 2161 οὗ
3221 2105 3321 2177 τὴν
3354 2105 3517 2176 χάριν
3551 2102 3774 2173 ἐπλούτηη

2232 2225 2352 2271 σας.
2382 2206 2482 2274 τῆς
2514 2206 2646 2274 μιᾶς
2678 2202 2772 2257 καὶ
2802 2201 3118 2272 ἀμετρήτου
3152 2199 3431 2268 θεότητος,
3464 2197 3595 2267 αὐτή
3622 2214 3692 2253 σοι
3710 2195 3773 2250 ὁδ-

2231 2297 2363 2369 ηγία
2407 2294 2543 2367 πρὸς
2577 2294 2755 2350 πάντα
2788 2291 2886 2347 καὶ
2916 2289 3187 2359 ἀσφάλεια
3221 2288 3326 2342 καὶ
3362 2286 3713 2359 παράκλησις·
3736 2288 3771 2339 οἱ

2230 2385 2581 2456 εὐλογοῦντές
2619 2402 2677 2437 σε
2717 2384 3049 2455 ηὑλόγηνται
3079 2381 3211 2451 παρ’
3236 2379 3433 2449 αὐτῆς,
3473 2381 3521 2431 oi
3557 2377 3609 2429 δὲ
3641 2394 3773 2430 κατα-

2235 2479 2468 2555 ρώμενοί
2523 2496 2582 2531 σε
2625 2478 2995 2548 κατήρανται·
3043 2473 3374 2546 προστεθείη
3425 2472 3481 2525 δέ
3532 2488 3609 2524 σοι
3655 2472 3773 2539 παρὰ

2232 2570 2368 2626 Θεοῦ
2402 2568 2496 2623 καὶ
2524 2567 2660 2639 τιμὴ
2681 2567 2777 2639 τῆς
2804 2568 2885 2629 είς
2918 2565 3019 2636 ἐμὲ
3048 2565 3216 2634 τιμῆς
3246 2565 3459 2626 ἕνεκεν,
3487 2562 3582 2615 ὅσα
3616 2577 3675 2630 με
3703 2560 3771 2611 καί

2232 2656 2447 2727 πατέρα
2484 2654 2808 2725 τετιμηκότι
2831 2668 2846 2683 °
2877 2654 2909 2723 ὴ
2944 2652 2999 2706 δὲ
3040 2651 3108 2723 σὴ
3144 2652 3353 2723 μήτηρ,
3378 2651 3525 2714 ἔλεος
3552 2650 3674 2720 αὐτῇ
3701 2650 3772 2701 καὶ

2228 2748 2387 2821 χάρις
2407 2746 2558 2818 παρά
2577 2745 2717 2817 Θεῷ,
2733 2742 2867 2817 [αρ’]
2884 2737 2965 2808 οἷς
2993 2742 3232 2797 τοσαῦτά
3252 2760 3343 2813 μοι
3370 2738 3773 2812 διηκόνησε.Ἰ¹ού⁴

2228 2856 2336 2893 των
2369 2837 2419 2890 οί
2447 2836 2797 2906 παρεστῶτες
2835 2834 3147 2902 ἀκούοντες,
3184 2835 3278 2889 καὶ
3307 2835 3392 2887 ὅτι
3422 2833 3594 2898 ἐξόδια
3625 2833 3697 2899 είη
3718 2831 3770 2885 τὰ

2229 2931 2451 3002 ῥήματα
2478 2927 2770 2994 συνιέντες,
2790 2927 2989 3000 ἄθυμοί
3018 2945 3075 2981 τε
3096 2928 3191 2982 καὶ
3211 2928 3481 2998 κατηφεῖς
3497 2926 3770 2995 ἑστήκεσαν.

2230 3024 2462 3076 Ἔπειτα
2488 3022 2695 3093 μέντοι,
2722 3021 2831 3075 Καὶ
2864 3022 3016 3085 τίνας
3046 3021 3417 3090 ἐπισκήπτεις
3442 3020 3567 3089 ἡμῖν
3591 3015 3772 3079 ἐντολὰς

2227 3116 2355 3186 περὶ
2394 3113 2489 3169 τοῦ
2528 3113 2792 3184 Συμεών;
2845 3112 3147 3185 ἐπηρώτων
3173 3128 3188 3143 ο
3220 3113 3249 3165 ὁ
3283 3113 3339 3166 δέ
3383 3128 3565 3182 φησιν,
3593 3110 3677 3162 ’Ἰν’
3702 3110 3773 3160 ἀν·

2229 3206 2468 3280 θρώποις
2496 3224 2560 3278 γε
2602 3209 2737 3261 πᾶσι
2780 3207 2987 3279 σπουδὴ
3028 3206 3257 3278 γένηται
3294 3206 3491 3276 φοιτᾷν
3528 3203 3597 3267 ὡς
3625 3201 3769 3264 αὑτὸν,

2228 3301 2447 3371 καὶτῆς
2482 3301 2611 3371 παρ’
2637 3300 2806 3354 αὑτοῦ
2829 3299 2997 3371 εὐχῆς
3024 3299 3333 3365 ἀξιοῦσθαι,
3360 3299 3447 3352 ὅτι
3474 3298 3608 3367 μέγα
3636 3313 3679 3347 τι
3701 3295 3775 3348 καὶ

2227 3395 2410 3463 τίμιον
2465 3392 2699 3462 ἐκλογῆς
2752 3390 2949 3454 σκεῦός
3006 3394 3123 3445 ἐστι
3183 3390 3262 3461 τῷ
3301 3390 3447 3462 Θεῷ.
3494 3390 3550 3441 'U
3584 3388 3668 3458 μὲν
3701 3381 3769 3439 οὖν

2227 3486 2400 3541 ταῦτα
2424 3484 2613 3550 εἰπὼν,
2641 3483 2735 3537 καὶ
2766 3483 3173 3553 συνταξάμενος
3204 3484 3416 3546 αὐτοῖς,
3445 3481 3559 3550 ἅμα
3591 3478 3673 3531 καὶ
3697 3479 3767 3529 ἐπ-

2227 3576 2548 3646 ευξάμενος,
2608 3574 2705 3627 καὶ
2752 3572 3135 3642 παραθέμενος
3176 3571 3378 3635 αὐτοὺς
3420 3570 3496 3640 τῷ
3524 3569 3648 3639 Θεῷ,
3679 3563 3768 3621 εἶτα

2232 3666 2428 3738 μικρὸν
2462 3666 2762 3737 ἡσυχάσας,
2791 3664 2885 3718 καὶ
2914 3662 3104 3735 ὥσπερ
3130 3662 3285 3734 ὕπνῳ
3307 3661 3682 3733 καταληφθεὶς,
3706 3657 3767 3725 ἐξ·

2235 3760 2328 3830 εδή
2338 3775 2500 3830 μησε.

1998 4049 2223 4107 ΟΑΙἪΤ
2272 4049 2357 4106 Vl.

719 4162 989 4219 Orationis
1024 4174 1263 4238 tempora
1292 4182 1309 4221 :
1343 4167 1606 4221 dwmones
1638 4168 1875 4238 superati
1899 4182 1918 4220 :
1941 4173 2169 4236 potestas
2203 4173 2385 4220 contra
2409 4164 2531 4221 illos
2553 4173 2602 4219 et
2635 4166 2801 4221 virtus
2832 4163 3219 4218 miraculorum
3245 4162 3452 4218 caelitus
3485 4163 3626 4219 data.

613 4284 1041 4341 iﬁJoannisex
1072 4285 1178 4342 liae
1205 4288 1314 4340 vita
1357 4287 1559 4350 exitus,
1619 4287 1947 4343 austerioris
1997 4288 2124 4341 vitae

544 4376 887 4446 principium
918 4376 1180 4449 Symeoni
1207 4377 1344 4432 fuit:
1372 4378 1489 4448 qui,
1531 4378 1707 4433 dolori
1741 4387 1799 4435 et
1854 4394 2127 4448 compun-

546 4468 717 4523 ctioni
766 4469 961 4541 majori
1012 4484 1071 4525 se
1111 4469 1367 4535 daturus,
1431 4469 1677 4525 modium
1736 4471 1926 4536 alium,
1977 4470 2127 4525 nulla

544 4560 831 4616 fenestella
855 4561 1220 4632 perforatum,
1244 4562 1572 4633 impositum
1598 4564 1885 4619 columnae
1930 4564 2125 4631 subiit,

543 4652 715 4709 veluti
751 4652 924 4723 ipsius
956 4654 1097 4709 lucis
1144 4670 1317 4710 usura
1364 4663 1705 4725 aspectuque
1766 4671 1825 4710 se
1872 4655 2118 4727 privans.

545 4742 646 4797 llic
678 4758 779 4813 per
828 4743 1105 4815 integrum
1152 4760 1295 4815 pene
1336 4744 1507 4814 diem,
1566 4745 1635 4801 ad
1671 4746 1862 4801 horam
1917 4747 2127 4803 scilicet

543 4852 743 4889 nonam
772 4851 965 4907 usque,
1019 4838 1327 4893 continenti
1367 4839 1597 4894 vacabat
1656 4839 1936 4895 orationi:
1989 4840 2127 4895 hora

542 4936 725 4981 autem
752 4944 899 4983 nona
930 4930 1365 4986 thurilicationis
1382 4928 1624 4986 officium
1674 4930 1781 4985 alia
1815 4930 2129 5002 excipiebat

541 5019 983 5077 oratiozdeinde
1013 5023 1258 5094 solejam
1301 5026 1671 5082 occumbente
1730 5024 1893 5080 aliam
1942 5025 2127 5080 denuo

541 5110 960 5177 exordiebatur,
993 5129 1151 5185 aqua
1177 5117 1397 5171 tandem
1450 5119 1565 5175 sole
1619 5118 1765 5174 diem
1814 5118 2118 5173 reducente

540 5201 844 5259 desistebat
883 5223 897 5261 :
932 5222 997 5261 ac
1038 5215 1169 5262 tunc
1218 5208 1440 5263 demum
1480 5210 1615 5265 illud
1669 5212 1773 5267 sibi
1814 5212 2121 5266 occinens:

540 5292 604 5345 In
646 5310 773 5363 pace
814 5297 869 5350 in
917 5298 1148 5367 idipsum
1197 5298 1462 5354 dormiam
1507 5312 1552 5355 et
1598 5304 1947 5374 requiescam,
1993 5319 2126 5374 quo-

542 5386 690 5440 niam
719 5398 797 5453 tu,
830 5389 1078 5457 Domine,
1108 5391 1459 5462 singulariter
1479 5395 1537 5449 in
1571 5411 1664 5466 spe
1692 5396 1935 5449 habitare
1958 5394 2127 5464 fecisti

459 5472 463 5476 ’
541 5480 725 5546 me”;
762 5497 1025 5538 somnum
1069 5486 1302 5555 perinde
1354 5503 1418 5543 ac
1464 5487 1731 5543 famulum
1788 5488 2125 5553 accersebat,

541 5568 982 5645 indulgebatque
1006 5575 1082 5631 illi
1114 5577 1461 5647 parcissime,
1490 5578 1557 5634 ad
1575 5579 1948 5637 necessarium
1981 5579 2127 5634 dun-

542 5669 689 5717 taxat
717 5669 971 5737 corporis
993 5685 1177 5725 usum.
1210 5671 1399 5727 Oratio
1425 5681 1609 5728 autem
1634 5673 1756 5745 ejus
1783 5680 1962 5736 erant,
1983 5673 2127 5727 Psal-

541 5756 744 5810 terium
776 5766 953 5814 totum
980 5769 1034 5817 et
1066 5761 1317 5821 Mosaicae
1342 5765 1648 5833 cautiones,
1673 5764 1953 5836 plagasque
1990 5765 2123 5839 dex-

614 5885 654 5915 "
684 5885 819 5940 Psal.
878 5904 951 5954 iv,
995 5891 1049 5955 9,
1084 5888 1171 5949 10.

2302 4293 2420 4358 μετ’.
2446 4284 2671 4357 Συμεὼν
2698 4286 2754 4339 δὲ
2784 4285 2883 4356 τὴν
2910 4284 3179 4356 ἐκδημίαν
3197 4284 3375 4355 ἀρχὴν
3402 4282 3608 4338 οίκείων
3630 4279 3762 4334 italid-

2227 4396 2333 4450 περ
2363 4378 2589 4447 ἀγώνων
2620 4377 3023 4447 πεποιημένος,
3083 4375 3162 4447 τῷ
3197 4393 3257 4430 τε
3294 4376 3482 4430 πένθει
3512 4373 3600 4429 καὶ
3644 4370 3763 4433 αὖθις

2240 4470 2583 4540 προστίθησι,
2633 4469 2727 4522 καί
2784 4486 2905 4521 τινα
2959 4467 3095 4539 μηδὲ
3141 4467 3335 4539 θυρίδα
3393 4467 3578 4538 ἔχοντα
3623 4464 3763 4536 μόδιον

2236 4564 2330 4618 ἐπὶ
2361 4564 2454 4617 τοῦ
2482 4564 2661 4628 κίονος
2722 4561 2963 4626 ὕπεισιν,
2994 4554 3085 4615 οἶα
3130 4562 3225 4613 καὶ
3265 4560 3436 4615 αὐτοῦ
3468 4559 3632 4630 φωτὸς
3656 4559 3761 4611 ἀτω-

2234 4654 2440 4725 στερῶν
2464 4653 2680 4708 ἑαυτόν.
2742 4651 2890 4723 Εύχὴ
2939 4651 2996 4704 δέ
3052 4650 3184 4721 παρ’
3205 4649 3333 4719 ὃλην
3364 4648 3549 4719 σχεδὸν
3587 4645 3760 4717 ἡμέραν

2232 4750 2358 4819 ἄχρι
2389 4748 2528 4810 τέως
2564 4746 2761 4816 ἐνάτης
2791 4744 3049 4816 διηνεκὴς
3083 4742 3232 4813 αὐτῷ
3281 4738 3351 4813 ἦν
3382 4758 3396 4772 ·
3438 4738 3574 4794 κατά
3620 4736 3759 4807 μέντοι

2232 4844 2331 4916 τὴν
2386 4842 2635 4914 ἐννάτην,
2666 4841 2800 4912 εὐχὴ
2834 4840 2996 4895 πάλιν
3047 4838 3275 4899 καὶτοῦ
3334 4836 3662 4908 θυμιάματος
3689 4828 3760 4897 τὴν

2234 4938 2401 5008 εὐχὴν
2451 4936 2721 5007 διεδέχετο
2756 4953 2768 4967 ·
2800 4930 2919 4988 εἶτα
2960 4932 3115 5005 ἡλίου
3159 4933 3260 5005 ἥδη
3311 4930 3591 5003 δυομένου,
3633 4925 3682 4979 εὐ
3712 4922 3761 4990 ἧς

2240 5029 2435 5100 ἑτέρας
2460 5029 2786 5100 ἀρχομένος,
2819 5026 3139 5098 ἀνίσχοντος
3172 5024 3333 5079 πάλιν
3366 5022 3610 5077 ἐπαύετο·
3646 5032 3762 5087 τηνι-

2228 5121 2405 5176 καῦτα
2436 5121 2544 5192 γὰρ
2591 5122 2770 5174 ἐκεῖνα
2799 5119 2979 5190 ἐαυτῷ
3013 5118 3301 5187 ἐπιλέγων,
3345 5117 3442 5168 Ἐν
3473 5112 3663 5179 είρῆνῃ
3690 5104 3760 5160 ἐπὶ

2230 5211 2296 5263 τὸ
2323 5210 2470 5265 αὐτὸ
2486 5208 2926 5278 κοιμηθήσομαι
2939 5208 3035 5262 καί
3059 5207 3339 5272 ὑπνώσω,
3367 5201 3572 5295 ouidi),
3591 5202 3761 5295 Κύριε,

2236 5301 2581 5372 καταμόνας
2598 5302 2689 5356 ἐπ’
2707 5300 2908 5356 ἐλπίδι
2944 5298 3283 5365 κατῴκισάς
3306 5314 3402 5367 με,
3420 5294 3508 5347 τὸν
3527 5289 3764 5372 limavi?!

2234 5397 2329 5449 καὶ
2374 5371 2594 5462 οίκέτην
2652 5393 2861 5458 ἐκάλει,
2892 5393 3213 5463 διακονῆσαι
3266 5387 3458 5460 μικρὸν
3488 5377 3625 5451 αύτῷ

2231 5489 2330 5561 τὴν
2358 5460 2665 5555 ἀναγκαίαν
2696 5487 2791 5541 τοῦ
2839 5460 3115 5557 σώματος-
3137 5482 3345 5555 χρείαν.
3388 5480 3453 5533 Ἦ
3477 5473 3602 5547 εὐχὴ
3627 5471 3693 5561 δὲ.
3720 5460 3763 5515 τά

2231 5556 2631 5649 ατε-Ψαλτήριον
2664 5576 2783 5630 ὅλον
2828 5556 2934 5630 καί
2970 5577 3028 5630 αἱ
3062 5573 3157 5628 τοῦ
3194 5572 3435 5629 Μωσέως
3466 5565 3594 5639 ᾠδαὶ
3634 5556 3760 5649 ἧσεν,

2234 5671 2439 5742 πληγαί
2470 5647 2527 5724 τε
2556 5669 2697 5724 κατὰ
2722 5668 2832 5722 τῶν
2858 5668 3097 5738 στέρνων
3121 5669 3187 5737 τῇ
3211 5666 3359 5736 δεξιᾷ
3386 5653 3655 5733 (ἄριστερά
3677 5647 3760 5716 γὰρ

2234 5762 2372 5833 πρὸς
2421 5761 2557 5817 Θεδκ
2606 5759 2817 5830 τέτατο)
2851 5761 2943 5817 καὶ
2969 5758 3222 5832 δακρύων
3259 5755 3435 5829 ὀχετοὶ
3479 5751 3539 5811 τὸ
3563 5746 3759 5820 τρίχινον
