3944 6490
134 417 310 483 3029
1173 428 1346 488 VITA
1384 430 1430 487 A
1471 426 1905 489 NICEPHORO
1942 427 2425 488 CONSCRII’TA.
3276 421 3420 485 3030

135 530 344 583 ἐκεῖνο
396 527 646 592 λούοντες
691 526 917 601 ἔνδυμα,
968 530 1095 601 ἑξῆς
1148 533 1205 587 δὲ
1265 535 1573 603 ἀνάγνωσις
1640 535 1736 587 καὶ

1846 544 1957 587 tera
1986 533 2208 589 inﬂictae
2228 535 2442 605 pectori
2480 535 2643 603 (nam
2697 532 2923 588 sinistra
2960 531 3031 586 ad
3072 532 3248 587 Deum
3298 541 3422 586 ten-

128 618 326 671 Θείων
357 615 564 688 μελέτη
593 615 808 685 λογίων.
828 617 1090 689 Θυμίαμα
1132 619 1315 690 μέντοι
1343 619 1637 691 λαμϐάνων
1665 620 1732 687 τῇ

1846 624 2099 691 debetur)
2146 635 2203 679 et
2243 626 2411 680 veluti
2471 624 2638 679 rivuli
2698 625 3062 695 lacrymarum
3122 638 3421 693 pannosam

124 708 331 780 δεξιᾷ,
372 707 680 779 προσέφερε
734 708 995 773 πολλάκις
1061 708 1181 781 Θεῷ
1238 712 1335 765 καὶ
1379 713 1407 765 6
1454 710 1666 773 καπνδςι
1688 710 1736 779 (6

1846 716 2511 787 detritamquelacernam
2554 718 2880 788 irrigantes:
2916 717 3034 771 haec
3081 731 3214 771 vero
3266 716 3421 771 exci-

125 802 294 864 Θιός
360 818 486 871 μου,
539 801 624 865 τίς
676 801 981 871 ἀπαγγελεί
1028 802 1098 856 τά
1144 803 1426 873 θαυμάσιά
1452 821 1545 856 σου
1575 802 1613 871 l)
1640 802 1737 855 καὶ

1846 808 2027 877 piebat
2043 809 2210 864 lectio
2233 819 2397 879 atque
2411 809 2700 864 meditatio
2713 808 3030 863 divinorum
3050 808 3421 862 oraculorum.

121 894 330 963 χωρὶς
395 892 683 963 ἀνθράκων
747 893 901 965 ἀνῄει
927 908 943 925 ο
1026 894 1213 949 άλλοτε
1285 895 1342 949 δὲ
1409 895 1505 949 καλ⁸
1576 894 1734 965 ϐχλου

1846 896 2131 953 lncensum
2187 912 2407 967 quoque
2467 896 2699 951 dextera
2758 896 3092 965 prehensum
3154 892 3423 947 offerebat

128 984 566 1052 συμψάλλοντος
610 984 760 1054 αὐτῷ
825 984 1092 1056 ᾐσθάνετο
1150 988 1246 1040 καὶ⁵
1292 986 1736 1051 συναποδιδόντος

125 1072 215 1124 τὸ
252 1072 590 1143 Ἀλληλούῖα.
626 1072 706 1125 Τὰ
738 1072 912 1127 πολλὰ
948 1074 1005 1128 δὲ
1041 1075 1161 1128 οὐδὲ
1185 1076 1352 1128 ὕπνου
1386 1076 1447 1129 τὸ
1478 1076 1738 1147 παράπαν

126 1162 403 1230 ἐγεύετο,
431 1162 570 1215 ὥστε
593 1163 687 1216 καὶ
707 1164 1001 1233 τριάκοντα
1026 1166 1225 1230 νύκτας
1249 1167 1378 1231 δλας
1401 1167 1496 1221 καὶ
1524 1167 1737 1239 ἡμέρας

128 1255 284 1317 ἴσας
314 1255 590 1325 ἐπέμεινε,
623 1258 1063 1327 προσευχόμενος
1092 1258 1480 1328 ἀπαλλαγῆναι
1505 1257 1608 1328 τῆς
1640 1258 1737 1311 τοῦ

128 1342 332 1397 ὕπνου
396 1346 567 1418 μέθης
605 1362 621 1378 ο
660 1347 781 1400 ἀλλ’
838 1348 1039 1421 ἐρρέθη
1104 1351 1383 1420 μυστικῶς
1440 1349 1589 1421 αὐτῷ
1642 1350 1739 1404 καὶ⁵

126 1436 490 1507 ἁπορῤήτως
544 1437 649 1491 ὑπὸ
702 1437 803 1509 τῆς
848 1440 1090 1510 χάριτος,
1164 1442 1248 1496 ὅτι
1302 1443 1395 1499 Δεῖ
1452 1459 1513 1495 σε
1557 1439 1733 1512 βραχὺ

130 1531 469 1586 καθεύδειν.

1842 1002 1986 1058 saepe
2015 990 2149 1052 Deo,
2170 998 2228 1043 et
2257 989 2445 1043 fumus
2472 987 2526 1056 (ο
2556 988 2683 1057 quis
2721 986 2995 1041 mirabilia
3051 984 3266 1039 Domini
3321 1000 3422 1037 an-

1843 1079 2127 1135 nuntiabit
2146 1080 2188 1149 ?)
2217 1081 2335 1135 sine
2378 1080 2579 1149 prunis
2634 1079 2870 1135 sublime
2934 1077 3249 1131 ferebatur:
3290 1075 3423 1129 alias

1837 1187 1971 1228 vero
2003 1172 2332 1228 audiebatur
2367 1175 2532 1229 simul
2556 1173 2804 1243 psallere
2855 1186 2979 1226 cum
3009 1168 3191 1229 turba,
3230 1167 3423 1221 simul-

1837 1278 1946 1333 que
1980 1264 2217 1319 Alleluia
2251 1247 2547 1336 subjicere.
2600 1262 2944 1334 Longissimo
2985 1275 3125 1327 saepe
3178 1268 3424 1325 tempore

1837 1356 1980 1411 nihil
2014 1357 2245 1412 omnino
2280 1358 2460 1413 somni
2495 1358 2674 1413 oculis
2720 1355 2963 1419 videbat,
3023 1352 3160 1406 adeo
3195 1359 3255 1403 ut
3322 1348 3424 1400 tri-

1837 1448 1987 1519 ginta
2018 1449 2307 1505 interdum
2364 1460 2561 1506 noctes
2616 1450 2857 1519 integras
2916 1445 3254 1511 totidemque
3305 1440 3425 1493 dies

1837 1540 2211 1604 continuaret,
2253 1541 2498 1611 rogitans
2520 1542 2711 1604 Deum,
2732 1547 3014 1609 expertem
3039 1535 3216 1590 somni
3252 1533 3422 1587 vitam

130 1624 395 1680 ducere:
446 1642 665 1694 verum,
713 1626 889 1699 gratia
924 1627 1076 1683 intus
1136 1628 1421 1698 loquente,
1471 1643 1736 1684 arcanum
1772 1631 2111 1703 tacitumque
2175 1649 2501 1703 responsum
2562 1632 3050 1703 accepit:0portet
3069 1627 3423 1697 aliquantulm

130 1718 335 1788 quieti
379 1729 430 1774 te
460 1718 662 1774 tradas.

227 1810 342 1879 με.
379 1807 589 1863 Ταῦτα.
622 1807 811 1872 δεινῶς
866 1806 1073 1863 ὥπλισε
1134 1808 1300 1863 πάλιν
1364 1809 1456 1863 τὸν
1502 1807 1737 1879 πονηρὸν

1918 1808 2006 1861 47.
2039 1807 2163 1863 Πειθο
2189 1809 2389 1864 iterum
2408 1808 2674 1864 adversus
2700 1807 2854 1862 illum
2896 1815 3252 1861 armaverunt
3312 1808 3422 1863 dae-

137 1901 248 1953 ὲπ’
284 1901 464 1965 αὑτὸν,
504 1901 627 1969 ὄφει
655 1900 788 1971 πρὸς
807 1900 907 1972 τὴν
942 1899 1234 1971 ἐπιϐουλὴν
1277 1902 1354 1971 τῷ
1384 1899 1604 1968 παλαιῷ
1646 1898 1739 1952 καὶ

1846 1913 2069 1953 monem
2094 1900 2161 1955 ad
2193 1900 2569 1955 insidiandum
2610 1899 2659 1954 ei
2716 1908 2849 1954 tunc
2901 1914 3122 1969 quoque
3189 1900 3421 1969 antiquo

132 1991 257 2044 νῦν
280 1991 496 2062 ὀργάνῳ
537 1990 817 2062 χρώμενον
851 2007 865 2023 ο
897 1990 1037 2063 πλὴν
1075 1993 1199 2046 ὅσον
1237 1993 1353 2045 ἐκεῖ
1376 1993 1474 2062 μὲν
1505 1992 1735 2055 πείθειν,

141 2082 402 2136 ἐνταῦθα
444 2082 499 2137 δὲ
529 2083 715 2152 φοϐεῖν
762 2082 1008 2154 ἔμελλεν.
1052 2083 1446 2155 Ὑποϐεϐλήκει
1486 2084 1595 2155 γὰρ
1616 2082 1741 2152 δφιν

140 2174 336 2243 αὐτῷ,
386 2175 614 2245 φοϐερόν
672 2193 727 2230 τι
795 2178 1048 2248 χαίνοντα
1090 2178 1182 2231 κα)⁵
1249 2178 1607 2247 συρίττοντα,
1646 2178 1741 2229 καὶ

130 2267 348 2319 δακεῖν
399 2267 727 2323 ἀπειλοῦντα
758 2284 772 2299 ·
808 2269 837 2321 ὁ
864 2268 921 2322 δὲ
965 2268 1244 2341 θαρῤαλέᾳ
1298 2270 1394 2322 καὶ
1448 2269 1593 2338 χειρὶ
1646 2267 1742 2321 καὶ

134 2359 357 2431 γνώμῃ
390 2359 711 2429 λαϐόμενος,
741 2360 920 2414 παίων
944 2356 1013 2431 ἦν
1042 2360 1238 2431 κομιδῇ
1268 2361 1361 2413 καὶ
1408 2359 1733 2429 συντρίϐων,

135 2450 269 2511 ἓως
296 2451 405 2503 τῶν
424 2450 584 2504 ὁσίων
608 2451 807 2522 χειρῶν
839 2453 1060 2505 ἐκείνων
1087 2452 1433 2520 διολισθήσας
1470 2453 1565 2505 καὶ
1599 2451 1740 2505 κατὰ

140 2542 267 2611 γῆς
294 2540 498 2605 πεσὼν,
519 2542 731 2613 ἀφανὴς
778 2542 1041 2611 ἐγεγόνει,
1074 2542 1262 2605 αὑταῖς
1307 2541 1383 2605 ὡς
1420 2539 1532 2612 εἶχε
1560 2542 1739 2610 φολίσι

139 2629 217 2683 τὸ
273 2632 472 2684 οἰκεῖον
515 2629 717 2700 ἔνδυμα
771 2633 920 2699 παρὰ
972 2631 1101 2693 τοὺς
1154 2630 1319 2684 αὐτοῦ
1354 2632 1520 2695 πόδας
1553 2633 1736 2701 ἀφεὶς,

139 2724 420 2779 τοσούτου
456 2724 733 2792 θαύματος
764 2724 993 2793 ἀψευδὲς
1036 2724 1355 2795 μαρτύριον.
1380 2724 1551 2777 Τοῦτο
1577 2724 1738 2794 χαλε-

140 2817 384 2887 πωτέρα
419 2816 630 2885 γίνεται
656 2816 838 2886 πληγὴ
866 2816 943 2887 τῷ
970 2816 1254 2887 βασκάνῳ,
1282 2818 1374 2871 καὶ
1404 2816 1501 2879 τὰς
1531 2817 1740 2879 οἰκείας

140 2908 420 2977 δυνάμεις
454 2892 800 2977 συναγαγὼν,
831 2908 922 2961 τόν
961 2925 1018 2961 τε
1048 2909 1203 2962 κίονα
1232 2908 1416 2979 κύκλῳ
1439 2906 1736 2972 διαλαϐὼν,

142 3000 487 3072 ἀνατρέπειν
518 3002 681 3057 αὑτὸν
706 3004 786 3066 εἰς
813 3002 1009 3072 ἔδαφος
1040 3004 1324 3073 ἐπειρᾶτο.
1368 3002 1508 3055 Ἀλλ’
1532 3003 1566 3073 η
1615 3002 1737 3056 θεία

142 3093 343 3166 χάρις,
380 3092 568 3165 ὥσπερ
597 3112 680 3158 τις
713 3095 920 3149 ἄνωθεν
957 3096 1212 3167 ἀστραπὴ
1257 3095 1571 3166 διᾴττουσα,
1605 3094 1737 3163 φεύ-

1841 2005 1942 2046 suo
1970 1992 2341 2048 instrumento
2374 2009 2557 2057 usum,
2594 1993 2699 2047 sub
2730 1992 2824 2048 illo
2863 2000 3042 2047 tamen
3075 1992 3418 2058 discrimine,

1841 2082 2083 2152 quodin
2136 2083 2392 2153 paradiso
2450 2083 2666 2138 blandis
2710 2082 3002 2138 lenociniis
3061 2082 3417 2152 persuadere,

1841 2175 1934 2230 hic
1977 2177 2127 2245 gravi
2180 2188 2394 2232 terrore
2442 2176 2680 2246 dejicere
2736 2185 2968 2231 conatus
3002 2175 3093 2229 sit.
3150 2176 3422 2231 Submisit

1842 2265 2028 2335 itaque
2051 2275 2387 2337 serpentem,
2410 2267 2756 2321 horribiliter
2780 2267 3026 2321 hiantem
3078 2267 3420 2321 sibilantem-

1840 2373 1971 2427 que,
1993 2367 2047 2413 et
2072 2358 2324 2413 mordere
2352 2358 2684 2413 minantem:
2708 2372 2872 2427 quem
2902 2357 2986 2411 vir
3032 2368 3282 2422 sanctus,
3310 2374 3416 2413 au-

1840 2449 1963 2505 daci
2003 2466 2165 2505 manu
2192 2452 2347 2521 juxta
2377 2467 2439 2505 ac
2493 2459 2676 2504 mente
2725 2450 3164 2519 apprehensum,
3234 2450 3418 2505 valide

1841 2541 2437 2612 allisitcontrivitque,
2485 2542 2667 2595 donec
2724 2542 2930 2597 sanctis
2961 2542 3109 2595 illius
3163 2542 3420 2595 manibus

1839 2633 2139 2702 clapsusin
2184 2646 2413 2698 terram,
2466 2634 2695 2687 evanuit
2726 2648 2793 2687 ex
2828 2633 3028 2697 oculis,
3058 2633 3294 2686 demissa
3348 2632 3417 2685 ad

1842 2724 2008 2791 pedes
2035 2725 2209 2778 sancti
2236 2725 2397 2793 pelle,
2436 2733 2493 2777 ut
2523 2733 2639 2777 erat
2668 2724 2914 2792 squamis
2945 2732 3107 2783 tecta,
3137 2740 3236 2792 pro
3275 2722 3416 2775 irre-

1839 2814 2089 2885 fragabili
2119 2817 2436 2871 testimonio
2467 2816 2741 2870 miraculi.
2772 2816 3107 2869 Uravissime
3135 2816 3264 2868 illud
3298 2830 3418 2869 sen-

1838 2910 1911 2963 sit
1937 2909 2235 2979 impostor;
2270 2919 2406 2974 tum,
2440 2926 2632 2965 omnes
2664 2911 2719 2965 in
2749 2926 2919 2965 unum
2953 2912 3100 2965 vires
3133 2910 3416 2977 colligens,

1839 2998 2290 3067 comprehensam
2321 3014 2419 3067 per
2464 3001 2731 3054 ambitum
2783 3001 3093 3054 columnam
3128 2998 3181 3051 in
3215 3006 3417 3051 terram

1838 3092 1969 3146 dare
2020 3092 2268 3145 laborat:
2330 3108 2522 3146 verum
2578 3093 2755 3162 gratia
2817 3092 3027 3155 divina,
3066 3092 3119 3145 in
3188 3090 3413 3143 modum

143 3205 279 3257 τειν
333 3188 433 3242 ὃσα
468 3190 563 3242 κα)⁸
597 3190 820 3260 μάστιγι
850 3190 1075 3255 τούτους
1110 3190 1505 3260 ἐλαυνομένους
1539 3189 1733 3255 ἐποίει,

1846 3184 2072 3252 fulguris
2095 3184 2334 3241 cmlestis
2359 3185 2623 3250 emicans,
2653 3184 3062 3240 machinatores
3090 3183 3213 3237 illos
3262 3182 3415 3237 velut

150 3280 305 3351 μέγα
334 3297 388 3334 τι
434 3281 527 3334 καὶ
574 3281 744 3336 δεινὸν
797 3282 1169 3347 όλολύζοντας.
1219 3283 1379 3336 Ἀλλά
1411 3283 1500 3336 τὸν
1548 3281 1740 3351 φθόνον

1846 3274 2056 3345 ﬂagello
2103 3277 2467 3345 compellebat
2519 3278 2762 3347 arripere
2799 3277 3008 3347 fugam.
3062 3274 3407 3330 horrendum

153 3372 263 3425 οὐκ
314 3368 385 3442 ἦν
436 3373 689 3443 ἠρεμεῖν,
715 3374 851 3440 άλλά
888 3375 1167 3447 πτέρυγας
1202 3374 1454 3428 πετεινοῦ
1499 3372 1683 3428 λαϐὼν
1711 3374 1741 3427 6

150 3460 358 3531 ἐχθρὸς
389 3461 471 3530 (τὸ
500 3461 791 3531 πρόσωπον
830 3462 891 3533 ,δὲ
940 3463 1156 3517 παιδίου
1196 3464 1416 3517 εἴκαστο
1438 3464 1517 3533 τῷ
1573 3480 1743 3536 προσ-

154 3548 347 3619 ώπῳ),
382 3551 710 3620 προσϐάλλει
737 3552 816 3623 τῷ
846 3554 1071 3624 Συμεών
1090 3572 1104 3588 ο
1133 3556 1161 3607 6
1180 3556 1235 3608 δὲ
1257 3556 1349 3609 τοῦ
1378 3556 1613 3626 σταυροῦ
1647 3574 1743 3626 ση-

155 3640 317 3707 μεῖον
349 3638 713 3706 διατυπώσας,
738 3642 871 3696 ὡσεὶ
902 3645 1107 3698 καπνὸν
1135 3646 1335 3700 αὐτίκα
1368 3644 1733 3710 διασκεδάζει.

153 3729 401 3783 Ἔπειτα
456 3732 639 3801 μέντοι
679 3734 897 3802 κρότοις
936 3737 1203 3807 ἐναερίοις
1253 3740 1344 3793 καὶ
1366 3738 1617 3810 θορύϐοις
1646 3740 1744 3793 καὶ

148 3820 317 3891 ἤχοις
360 3820 500 3892 ὑπὲρ
539 3824 783 3893 κεφαλῆς
822 3825 989 3879 αὐτοῦ
1048 3828 1307 3898 κέχρητο,
1346 3829 1508 3899 δῆθεν
1536 3832 1611 3893 ὡς
1654 3830 1744 3883 ἐπ’

152 3912 331 3964 αὑτὸν
362 3911 533 3965 ἐπιὼν
562 3930 575 3944 ·
598 3914 659 3966 οὐ
692 3914 801 3986 μὴν
827 3915 963 3969 ἀλλὰ
988 3918 1083 3970 καὶ
1107 3918 1301 3990 ἀθρόον
1325 3921 1388 3972 ἐκ
1418 3920 1573 3973 νότου
1600 3920 1734 3990 λίθῳ

156 4000 391 4070 μεγάλῳ
441 4000 538 4073 τὴν
582 4002 737 4057 κίονα
770 4003 988 4073 βάλλει’
1022 4006 1116 4060 καὶ
1142 4008 1170 4060 6
1199 4008 1297 4077 μὲν
1330 4010 1675 4081 περιτρέπει,
1706 4012 1739 4081 ἡ

154 4089 284 4143 θεία
314 4091 370 4144 δέ
393 4092 551 4162 χάρις
573 4096 630 4146 ὲν
657 4093 962 4165 ὁμοιώματι
1014 4100 1346 4169 περιστερᾶς
1381 4099 1585 4163 εὐθέως
1615 4101 1741 4154 ἐπιδ

162 4182 435 4251 φαγοῦσα,
459 4184 555 4255 τὴν
582 4186 917 4258 περιτροπήν
947 4187 1181 4259 ἵστησιν.
1221 4190 1380 4260 Ἑξῆς
1408 4191 1465 4244 δὲ
1488 4192 1586 4245 καὶ
1629 4195 1742 4263 χείρ

158 4291 264 4345 ρας
300 4274 463 4327 αὑτοῦ
494 4275 709 4346 δεσμεῖν
732 4277 827 4331 τοῦ
856 4280 1094 4350 πονηροῦ
1120 4283 1492 4353 πειρωμένου,
1524 4284 1603 4354 τῷ
1631 4301 1741 4338 πα-

158 4365 304 4436 λαιῷ
356 4368 449 4421 καὶ
502 4368 662 4422 πάλιν
715 4371 991 4442 φαρμάκῳ
1032 4372 1113 4443 τῷ
1168 4373 1390 4445 σταυρῷ
1461 4376 1744 4431 κάνταῦθα

160 4460 533 4531 χρησάμενος,
566 4461 726 4525 εὐθὺς
748 4462 913 4517 αὑτοῦ
938 4465 1037 4535 τὴν
1067 4464 1299 4536 δύναμιν
1327 4466 1599 4524 σϐέννυσι.

237 4729 355 4795 μην.
385 4724 549 4789 Τέλος
600 4722 689 4782 οἷά
722 4746 805 4792 τις
843 4729 1067 4803 ἀναιδὴς
1098 4730 1249 4802 αὐτῷ
1292 4732 1541 4802 πρόσεισι
1593 4739 1742 4800 παῖς,

166 4818 337 4888 μέλας
366 4819 485 4882 ὅλος
517 4820 608 4873 καὶ
640 4822 766 4875 ίδεϊν
795 4822 1039 4893 αἰσχρὸς,
1088 4826 1277 4897 χεῖρας
1314 4826 1522 4895 ἰταμῶς
1554 4828 1745 4883 ἐπιϐα-

162 4911 301 4974 λεῖν,
335 4912 428 4964 καὶ
460 4914 537 4976 εἰς
566 4915 885 4986 συμπλοκὴν
921 4916 1095 4970 ἐλθεῖν
1125 4918 1501 4989 ἐπειγόμενος,
1535 4920 1657 4972 Ἔτι
1684 4918 1747 4971 τὸ

164 5002 315 5068 ἅπαξ
356 5003 531 5069 τοῦτο,
576 5004 772 5073 λέγων,
806 5006 1055 5063 παλαίσω
1076 5025 1178 5072 σοι,
1204 5010 1300 5063 καὶ
1329 5009 1489 5079 είπερ
1526 5010 1586 5063 ού
1616 5027 1749 5063 κατ-

167 5092 379 5164 ισχύσω
412 5112 529 5159 σου,
554 5098 617 5149 τὸ
641 5096 773 5165 γοῦν
798 5098 973 5169 παρὸν
1005 5100 1401 5171 ἀπελεύσομαι.
1443 5101 1608 5155 Ταῦτ’
1628 5101 1746 5156 ελε-

164 5203 254 5255 γε,
289 5186 383 5238 καὶ
412 5189 549 5256 μετὰ
581 5188 833 5259 μεγάλων
868 5191 1016 5261 ἢχων
1050 5192 1143 5245 καὶ
1167 5192 1415 5264 θορύϐων
1447 5192 1627 5264 ἐπῄει,
1656 5210 1748 5245 τα-

169 5279 344 5348 ραχῆς
380 5279 557 5333 πάντα
602 5280 847 5353 πληρῶν,
872 5283 961 5337 ἴνα
995 5284 1076 5355 τῷ
1103 5285 1397 5358 παραλόγῳ
1420 5286 1521 5356 τῆς
1556 5286 1745 5355 ἐφόδου

169 5374 265 5422 καὶ
304 5372 645 5443 καταπλήξῃ.
688 5372 747 5427 Ὅ
778 5374 835 5428 δὲ
864 5375 1030 5446 μηδὲν
1072 5378 1401 5450 ὑποτρέσας,
1443 5378 1581 5431 ἀλλὰ
1613 5378 1747 5448 πρὸς

168 5465 232 5516 τὸ
257 5465 457 5518 οἰκεῖον
480 5466 643 5520 ὅπλον
666 5466 828 5532 εὐθὺς
861 5468 960 5531 τὰς
986 5471 1063 5533 είς
1086 5471 1321 5541 Χριστὸν
1359 5472 1558 5541 βλέψας
1590 5471 1745 5524 ἐλπί-

166 5555 285 5619 δας,
326 5556 581 5628 εὐψύχως
626 5577 685 5613 τε
718 5556 816 5630 τὴν
861 5562 1039 5631 πάλην
1064 5564 1157 5616 καὶ
1179 5564 1443 5627 νεανικῶς
1485 5564 1745 5627 ὑποστάς,

167 5646 469 5717 λαϐόμενος
507 5649 670 5703 αὐτοῦ
700 5651 807 5703 τῶν
839 5653 1057 5722 χειρῶν,
1086 5655 1262 5707 ὀπίσω
1294 5672 1355 5708 τε
1395 5656 1747 5725 περιαγαγὼν

170 5737 341 5800 αὐτάς
377 5740 470 5792 καὶ
494 5740 790 5810 δεσμήσας,
823 5736 1003 5812 ἀφανῆ
1034 5742 1233 5814 τίθησι,
1263 5745 1425 5807 κενὰς
1455 5744 1619 5798 αὐτοῦ
1650 5747 1747 5809 τὰς

169 5826 403 5895 ἀπειλὰς
441 5830 746 5900 ἀποδείξας.
778 5827 910 5888 Εἶτα
938 5833 1034 5905 ἡδύ
1068 5852 1123 5889 τι
1154 5836 1291 5907 πρὸς
1333 5836 1561 5911 οὐρανὸν
1600 5838 1742 5904 ἰδὼν,

1839 3367 2139 3423 frementes
2163 3378 2329 3439 atque
2351 3371 2643 3439 eiulantes.
2684 3370 2803 3425 Non
2859 3369 2948 3424 hic
3002 3368 3156 3423 stetit
3212 3367 3419 3422 invidia

1842 3458 2079 3513 inimici:
2112 3461 2226 3515 alas
2252 3460 2497 3515 volucris
2525 3461 2629 3516 silii
2652 3460 2894 3531 adaptat,
2934 3470 2989 3514 et
3020 3460 3215 3515 faciem
3260 3458 3418 3529 pueri

1842 3549 2176 3615 assimilans,
2239 3550 2561 3619 correpcctui
2626 3551 2917 3622 Symeonis
2966 3567 3025 3606 se
3072 3552 3270 3617 oﬂ'ert;
3318 3551 3413 3619 qui

1842 3641 2132 3695 eﬂ'ormato
2149 3642 2329 3716 crucis
2359 3644 2514 3712 signo
2542 3643 2921 3709 confestim,ut
2953 3654 3151 3698 ventus
3180 3643 3416 3707 fumum,

1841 3732 2129 3802 dissipavit
2148 3734 2381 3789 hostem.
2405 3735 2558 3790 Tunc
2586 3736 2839 3805 pluribus
2868 3736 3151 3807 plausibus
3176 3736 3421 3789 tumulti.

1842 3823 2054 3892 busque
2075 3840 2199 3878 cum
2216 3825 2419 3895 ingenti
2438 3842 2572 3883 sono
2588 3844 2755 3898 supra
2776 3829 3077 3898 caputeius
3099 3828 3151 3881 in
3177 3842 3302 3880 aere
3322 3842 3419 3883 ex-

1843 3917 2046 3981 citatis,
2062 3918 2115 3972 in
2130 3919 2309 3989 ipsum
2329 3920 2579 3976 facturus
2600 3923 2863 3991 impetum
2887 3922 3195 3977 videbatur:
3212 3934 3420 3991 magna:

1845 4009 2006 4063 molis
2030 4025 2220 4064 saxum
2251 4027 2318 4067 ex
2347 4022 2499 4081 parte
2521 4015 2746 4068 australi
2786 4014 2837 4067 in
2870 4014 3183 4068 columnam
3241 4013 3405 4081 jacit:

1844 4118 1965 4171 quae
2000 4103 2208 4171 impetu
2238 4104 2334 4159 illo
2357 4120 2549 4160 eversa
2571 4106 2785 4169 fuisset,
2819 4106 2923 4159 nisi
2980 4105 3155 4175 gratia
3208 4103 3416 4164 divina,

1846 4195 1902 4249 in
1930 4195 2293 4251 similitudine
2321 4198 2592 4254 columba:
2616 4214 2908 4269 apparens,
2945 4210 3197 4251 ruentem
3239 4195 3417 4249 stitis-

1846 4299 1950 4346 set.
1975 4292 2170 4345 Postea
2203 4291 2393 4356 etiam,
2425 4291 2621 4347 eodem
2658 4294 2856 4362 spiritu
2880 4292 3119 4345 vinculis
3144 4289 3420 4345 constrin—

1845 4394 1973 4450 gere
2003 4395 2199 4435 mauus
2233 4379 2529 4451 Symeonis
2558 4389 2802 4435 tentante
2824 4422 2838 4445 ,
2901 4382 2991 4435 hic
3048 4380 3115 4434 ad
3166 4380 3423 4450 pharma-

1849 4472 2127 4541 cum,jam
2156 4471 2367 4541 pridem
2404 4481 2596 4527 contra
2656 4472 2808 4526 illius
2856 4487 3131 4527 venenum
3180 4485 3424 4541 praesen-

1780 4560 1823 4617 D
1855 4561 2151 4622 tissimum,
2185 4570 2617 4625 sacrosanctum,
2670 4562 2917 4631 inquam,
2964 4562 3147 4616 crucis
3205 4562 3420 4631 signum

1847 4652 2193 4723 confugiens.
2216 4661 2447 4709 cunctas
2476 4655 2743 4709 tentantis
2765 4656 2912 4709 vires
2960 4655 3201 4725 infregit.

1916 4745 2006 4799 48.
2044 4744 2313 4813 Denique,
2338 4746 2421 4798 uti
2443 4746 2623 4815 puella
2648 4748 2895 4816 quaedam
2925 4747 3154 4811 elIrons,
3182 4750 3302 4801 viro
3328 4749 3421 4802 Dei

1849 4837 2081 4898 accedit,
2119 4847 2267 4893 totus
2302 4838 2477 4907 niger,
2514 4847 2661 4893 totus
2703 4850 2926 4908 aspectu
2975 4838 3234 4894 deformis
3267 4858 3278 4891 :
3313 4858 3425 4893 ma-

1850 4942 2061 4996 nusque
2088 4927 2229 4981 collo
2251 4928 2471 4997 jamjam
2536 4929 2861 4995 injecturus,
2902 4938 2957 4983 et
2992 4928 3046 4981 in
3079 4930 3421 4997 complexum

1850 5030 2014 5070 ruere
2044 5014 2311 5071 festinans
2344 5036 2355 5070 :
2387 5016 2742 5081 Certaminis,
2778 5018 2975 5087 inquit,
3006 5018 3201 5083 aleam,
3241 5018 3423 5071 adhuc

1850 5106 2019 5161 semel
2048 5114 2227 5160 tecum
2254 5107 2488 5171 luctans,
2516 5108 2711 5177 jaciam
2737 5126 2751 5163 :
2780 5118 2836 5163 et
2854 5109 3126 5178 siquidem
3150 5124 3259 5163 non
3287 5125 3426 5177 pra:-

1848 5198 2075 5252 valuero
2131 5197 2252 5261 tibi,
2307 5198 2359 5252 in
2407 5204 2697 5268 praesentia
2747 5200 3021 5256 recedam.
3076 5202 3268 5255 lsthaec
3311 5201 3427 5253 elo-

1850 5299 2011 5344 cutus
2055 5289 2247 5360 grandi
2295 5306 2421 5344 cum
2466 5306 2600 5346 sono
2637 5292 2980 5361 strepituque
3012 5291 3193 5355 irruit,
3238 5292 3423 5345 omnia

1852 5380 2070 5448 replens
2114 5381 2372 5447 tumultu,
2426 5391 2485 5435 ut
2518 5384 2600 5436 vel
2646 5384 2762 5452 ipsa
2802 5383 3100 5437 invasienis
3131 5381 3422 5434 insolentia

1854 5480 2119 5526 terrorem
2176 5473 2468 5528 incuteret.
2521 5474 2589 5528 At
2637 5474 2727 5528 illc
2778 5476 3098 5545 neutiquam
3148 5489 3206 5529 se
3250 5488 3418 5527 aver—

1855 5572 1997 5628 tens,
2046 5575 2311 5619 consueta
2372 5566 2638 5635 corripuit
2684 5581 2857 5629 arma,
2905 5581 3056 5634 spem
3109 5564 3319 5619 scilicet
3367 5563 3423 5617 in

1849 5655 2071 5710 Christo
2106 5657 2362 5725 positam,
2391 5657 2670 5726 alacrique
2701 5672 2763 5711 ac
2788 5672 3057 5726 generoso
3084 5656 3268 5710 animo
3302 5670 3424 5708 cer-

1853 5756 2032 5801 tamen
2053 5748 2393 5819 aggrediens,
2413 5763 2609 5802 manus
2628 5748 2800 5802 hostis
2821 5746 3203 5817 apprehendit,
3221 5760 3424 5816 easque

1850 5848 1972 5910 post
2025 5847 2236 5911 tergum
2268 5838 2531 5894 adductas
2568 5837 2783 5904 vinciit,
2820 5846 2982 5909 atque
3012 5837 3087 5892 ita
3151 5851 3217 5891 ex
3248 5834 3423 5892 oculis
