3988 6488
532 406 675 473 3081
1704 416 1765 476 S.
1807 414 2106 477 SYMEON
2114 417 2185 479 IS
2216 416 2578 481 JUNIORIS
3621 417 3744 487 3032

514 521 779 580 recedere
809 521 1011 594 coegit,
1053 522 1313 581 edoctum
1350 537 1526 582 vanas
1567 541 1692 583 esse
1734 528 1854 599 ejus
1897 529 2089 587 minas.

2177 530 2332 595 ,τοὺς
2357 529 2831 602 εὐχαριστηρίους,
2857 528 2905 582 εί
2935 526 2991 583 δὲ
3045 526 3247 598 βούλει,
3279 524 3579 591 ἐπινικίους
3611 545 3752 600 προσ-

515 613 726 669 Deinde
772 614 1019 669 suaviter
1050 614 1107 669 in
1137 614 1339 671 coelum
1370 615 1604 672 sublatis
1628 617 1829 683 oculis,
1867 618 2090 689 hymnos

2204 620 2338 691 ἦγεν
2369 619 2570 692 ὕμνους
2592 620 2732 692 Θεῷ,
2757 619 2911 690 φῶτα
2943 620 3175 690 ποιήσας
3212 619 3305 673 καὶ
3347 619 3520 690 κηρὸν
3549 620 3752 696 ἑκατέρᾳ

514 705 629 760 Deo
651 705 706 759 in
724 706 1019 776 gratiarum
1042 707 1338 772 actionem,
1354 717 1469 771 aut,
1492 708 1540 762 si
1562 708 1639 764 ita
1653 709 1758 774 vis,
1781 709 1835 763 in
1854 710 2089 765 victoria

2205 712 2349 782 χειρὶ
2371 713 2640 784 κατέχων,
2663 706 2747 776 οἷς
2778 713 3102 783 συνεμέτρει
3140 711 3231 765 τὸν
3259 710 3551 765 ἐπινίκιονο
3586 714 3642 765 ού
3668 716 3754 787 γὰρ

516 792 758 849 obtenta;
777 796 1382 863 commemorationem,
1402 798 1625 864 cecinit,
1654 813 1885 854 accenso
1900 798 1967 854 ad
1994 798 2091 855 hoc

2207 805 2474 875 πρότερον
2504 806 2538 876 ἠ
2569 804 2788 873 γλῶττα
2828 803 2940 858 τῶν
2984 802 3170 874 ὓμνων
3216 803 3489 872 πέπαυτο,
3530 804 3630 869 ἕως
3665 809 3754 872 τοῖς

517 897 683 940 cereo
703 901 869 956 quem
892 896 1126 958 utraque
1155 903 1320 943 manu
1347 889 1590 957 tenebat,
1627 890 1831 960 cuique
1858 889 2092 960 epinicia

1627 890 1831 960 cuique
1858 889 2101 960 epinicia
2210 896 2402 964 κηροῖς
2426 896 2674 950 καυθεῖσι
2711 895 2773 950 τὸ
2797 894 2916 966 φῶς
2942 895 3190 951 ἕσὸεστο.

515 994 619 1034 sua
635 981 1278 1049 commensurabat;non
1303 982 1451 1040 enim
1473 984 1629 1056 prius
1647 984 1900 1041 cessabat
1934 999 1966 1040 a
2026 996 2189 1043 cantu
2217 988 2426 1062 lingua,
2456 1006 2624 1062 quam
2655 1000 2983 1062 consumpta
3048 1005 3178 1047 cera
3236 990 3431 1045 lumen
3474 990 3757 1063 exstingue-

520 1079 698 1129 retur.

587 1164 678 1219 49.
710 1164 925 1221 Interea
950 1168 1212 1237 temporis
1232 1167 1445 1240 (verum
1470 1185 1592 1239 qua:
1621 1172 1801 1227 oratio
1835 1190 1948 1243 res,
1975 1190 2097 1232 om-

2284 1175 2392 1246 μθ’.
2440 1175 2529 1229 Ἐν
2545 1173 2788 1245 τοσούτῳ
2820 1174 2880 1228 δὲ
2909 1176 3011 1247 δρᾷ
3040 1173 3198 1245 (ἀλλά
3220 1172 3341 1237 πῶς
3373 1173 3442 1229 ἀν
3470 1174 3540 1228 τὰ
3562 1176 3760 1247 κρείττω

518 1258 578 1314 ni
628 1261 947 1330 eloquentia
999 1261 1339 1331 superiores,
1383 1263 1664 1333 explicet?
1708 1281 1796 1322 me
1827 1278 1977 1325 certe
2025 1268 2093 1324 ad

2207 1264 2368 1334 λόγου
2405 1264 2564 1334 λόγος
2586 1265 2869 1337 γνωρίσειε
2898 1280 2914 1329 ;
2945 1265 3119 1337 φρίκη
3148 1265 3256 1335 γάρ
3303 1282 3374 1336 με
3404 1267 3654 1337 καὶπρὸς
3684 1270 3759 1339 τὴν

520 1351 725 1406 nudam
751 1353 965 1408 illarum
1005 1355 1327 1409 memoriam
1358 1364 1566 1410 tremor
1601 1359 1883 1429 occupat),
1923 1359 2095 1415 inter-

2209 1353 2431 1424 μνήμην
2454 1352 2806 1424 εἰσέρχεται),
2825 1354 2927 1423 ὁρᾷ
2950 1351 3150 1417 τοίνυν,
3170 1353 3266 1406 καὶ
3298 1352 3409 1406 ίδοὺ
3434 1354 3664 1427 ἀνέῳκτο
3683 1359 3762 1427 μὲν

518 1458 607 1509 ea,
653 1445 896 1514 inquam,
951 1444 1104 1500 videt
1137 1446 1414 1501 orientem
1467 1461 1658 1503 versus
1701 1456 1951 1518 apertum
1982 1465 2093 1506 car-

2204 1443 2266 1508 ὲξ
2290 1443 2568 1497 ἀνατολῶν
2601 1445 2630 1498 6
2660 1442 2909 1514 οὗρανὸς,
2947 1442 3043 1496 καὶ
3078 1444 3107 1496 6
3135 1442 3340 1515 Κύριος
3380 1442 3538 1513 ἡμῶν
3576 1446 3654 1498 ἐπ’
3682 1448 3762 1499 αύ-

519 1536 638 1592 lum
671 1546 726 1592 et
756 1536 890 1591 inibi
936 1535 1229 1591 Dominum
1276 1546 1525 1591 nostrum
1556 1537 1742 1593 Jesum
1777 1538 2094 1595 Christum:

2203 1530 2297 1587 τοῦ
2328 1532 2562 1602 Χριστὸς
2614 1534 2644 1587 ὁ
2683 1531 2847 1596 Θεός·
2882 1533 3075 1603 ὅρασις
3112 1532 3170 1585 δὲ
3207 1532 3283 1595 ὡς
3306 1532 3580 1602 ἠλέκτρου
3610 1533 3764 1607 κύκλῳ

518 1625 813 1683 videbatur
839 1634 1023 1681 autem
1050 1626 1223 1681 veluti
1253 1627 1494 1681 circulus
1517 1627 1741 1697 quidam
1765 1644 1831 1683 ex
1868 1629 2093 1696 electro,

2211 1623 2343 1693 περὶ
2385 1622 2549 1677 αὐτὸν
2587 1622 2647 1677 ὲν
2687 1623 2826 1693 φωτὶ
2857 1622 2954 1677 καὶ
2975 1623 3112 1695 πυρὶ
3143 1622 3545 1693 στρεφομένου,
3577 1623 3763 1697 Μιχαήλ

519 1718 695 1772 multo
742 1717 950 1773 lumine
985 1724 1042 1773 et
1082 1717 1299 1773 ﬂamma
1328 1717 1612 1781 rutllante,
1645 1719 1823 1788 ipsum
1851 1718 2094 1787 ambire;

2203 1728 2265 1766 τε
2317 1716 2413 1767 καὶ
2461 1713 2702 1786 Γαϐριὴλ
2747 1714 2799 1767 οῑ
2852 1714 2962 1769 τῶν
3022 1714 3193 1783 ἁγίων
3225 1713 3483 1782 ἀγγέλων
3514 1714 3764 1785 πρῶτοι,6

519 1806 851 1863 videbantur
887 1815 943 1861 et
983 1806 1297 1877 archangeli
1351 1805 1581 1861 Michael
1633 1815 1799 1877 atque
1848 1806 2093 1873 Gabriel,

2204 1803 2303 1874 μὲν
2331 1806 2396 1858 ἐκ
2414 1803 2604 1870 δεξιῶν
2633 1805 2845 1878 πράως,
2869 1808 2898 1860 6
2919 1804 2967 1859 δ’
2995 1806 3057 1871 ἐξ
3091 1805 3402 1878 ἀριστερῶν
3426 1808 3762 1879 παρεστῶτες,

519 1897 735 1969 placide
774 1913 805 1952 a
842 1897 1083 1953 dexteris
1132 1897 1293 1962 alter,
1341 1896 1482 1951 alter
1524 1912 1554 1950 a
1612 1895 1855 1951 sinistris
1899 1896 2094 1952 consti-

2206 1894 2266 1949 τό
2290 1911 2351 1948 τε
2374 1895 2485 1950 τῶν
2510 1897 2750 1966 νεφελῶν
2778 1896 2981 1970 πλῇθος
3009 1896 3304 1952 ὑποπόδιον
3339 1897 3511 1951 αὐτοῦ
3543 1897 3764 1969 καθάπερ

524 1988 667 2055 tuti;
715 1989 1048 2045 videbantur
1104 1989 1343 2058 denique
1407 1987 1584 2043 nubes
1641 1988 1928 2057 plurimae,
1986 2004 2099 2059 qua:

2206 2003 2291 2052 τις
2325 1988 2599 2060 κονιορτὸς
2625 1989 2805 2044 ποδῶν
2842 1988 3031 2049 αὑτοῦ.
3058 1990 3264 2062 Χεῖρας
3294 1989 3588 2061 τοιγαροῦν
3622 1992 3649 2045 6
3682 1993 3763 2045 Συ-

524 2090 685 2136 erant
704 2081 1119 2152 suppedaneum
1143 2079 1291 2134 illius
1315 2080 1766 2150 apparebantque
1786 2079 1958 2134 veluti
1983 2079 2099 2150 pul‘

2212 2078 2359 2150 μεὼν
2401 2079 2601 2134 αὐτίκα
2648 2080 2743 2134 καὶ
2783 2080 3009 2152 δμματα
3051 2080 3287 2153 καρδίας
3330 2080 3595 2146 πετάσας,
3627 2082 3766 2136 ἐδεῖτο

525 2173 612 2228 vis
657 2171 862 2243 pedum
913 2172 1054 2243 ejus.
1102 2169 1405 2227 Confestim
1456 2170 1624 2241 igitur
1682 2169 1939 2241 Symeon,
1991 2185 2100 2226 ma-

2209 2170 2305 2224 τοῢ
2334 2170 2612 2240 ὀφθέντος,
2635 2172 2767 2226 ὥστ’
2790 2172 3081 2243 εύδοκῆσαι
3104 2171 3354 2243 καρποὺς
3378 2171 3617 2240 ἀγαθοὺς
3642 2173 3762 2245 αὐτῷ

524 2261 693 2316 nibus
742 2261 1056 2332 mentisque
1102 2261 1283 2317 oculis
1333 2260 1581 2325 elevatis,
1617 2260 1882 2317 adorabat
1929 2262 2099 2328 illum,

2209 2261 2276 2316 δι’
2303 2262 2470 2317 αὑτοῦ
2494 2264 2894 2335 προσαχθῆναι.
2916 2263 2983 2317 Τί
3007 2260 3101 2318 οὖν
3138 2263 3379 2319 ἐνταῦθα
3402 2282 3418 2330 ;
3463 2263 3522 2319 ⁸0
3548 2265 3667 2329 τοὺς
3698 2266 3764 2320 δο-

526 2353 625 2425 qui
674 2354 782 2409 sibi
816 2354 1137 2424 apparebat,
1174 2360 1236 2407 ut
1281 2352 1435 2423 juxta
1475 2352 1885 2422 beneplacitum
1936 2353 2101 2422 ipsius

2211 2353 2472 2420 ξάζοντας
2493 2353 2657 2409 αὐτὸν
2675 2355 3041 2423 ἀντιδοξάζειν
3069 2354 3226 2419 εἰδὼς
3252 2356 3351 2410 καὶ
3378 2355 3561 2426 πολλῷ
3584 2354 3657 2427 τῷ
3686 2356 3764 2426 μία

524 2449 742 2503 fructus
778 2448 943 2502 utiles
990 2447 1046 2501 in
1094 2462 1153 2501 se
1192 2446 1673 2517 progignerentur.
1722 2444 1863 2511 Quid
1892 2446 1959 2501 ad
1990 2446 2099 2501 haec

2216 2462 2293 2517 σῳ
2320 2446 2473 2513 Θεὸς,
2503 2446 2702 2511 νεύσας
2724 2449 2837 2512 τοῖς
2865 2447 3151 2511 δακτύλοις
3180 2448 3488 2519 ὲσφράγισε
3517 2448 3663 2520 τρίςο
3689 2448 3764 2503 καὶ

527 2538 642 2604 ille,
667 2538 763 2608 qui
785 2537 1156 2609 glorificantes
1175 2552 1235 2592 se
1254 2534 1566 2607 glorificare
1598 2534 1795 2588 solitus
1816 2544 1902 2589 est
1929 2550 2102 2604 quan-

2217 2535 2327 2589 ίδοὺ
2375 2538 2421 2589 οἱ
2456 2536 2728 2607 δαίμονες,
2771 2537 2961 2609 ῶσπερ
3014 2538 3185 2608 αίγῶν
3227 2540 3324 2594 καὶ
3366 2539 3567 2612 χοίρων
3600 2538 3763 2611 βοσκή-

530 2638 872 2699 tumeunque
926 2627 1350 2699 supereminens
1392 2626 1581 2680 Deus?
1622 2624 1817 2696 Digitis
1874 2624 2105 2681 innuens

2218 2644 2365 2698 ματα
2395 2629 2488 2682 ἐπὶ
2517 2631 2808 2702 πρόσωπον
2837 2629 2935 2700 τῆς
2967 2630 3071 2700 γῆς
3107 2631 3349 2698 (ἐξουσία
3378 2649 3439 2685 τε
3482 2630 3599 2684 κατ’
3618 2630 3765 2683 αὐτῶν

524 2728 614 2775 ter
663 2719 991 2792 Symeonem
1054 2719 1292 2790 signavit
1335 2735 1350 2772 :
1397 2726 1564 2786 atque
1615 2731 1746 2771 ecce
1808 2715 2099 2782 daemones,

2213 2719 2290 2790 τῷ
2319 2720 2544 2792 Συμεὼν
2575 2722 2836 2795 δεδομένη
2866 2724 3060 2795 ῥάϐδος
3090 2742 3151 2779 τε
3180 2725 3270 2780 διὰ
3298 2725 3487 2797 χειρὸς
3526 2723 3664 2795 αύτῷ
3693 2724 3763 2790 βε-

527 2817 789 2880 tanquam
824 2823 1112 2879 caprarum
1145 2820 1556 2877 porcorumque
1596 2818 1810 2875 greges,
1844 2820 2011 2874 super
2032 2804 2102 2859 fa-

2214 2808 2443 2865 ϐαιοῦσα
2487 2811 2587 2883 τὴν
2628 2812 2924 2886 ἐξουσίαν),
2954 2816 3050 2870 καὶ
3092 2816 3318 2885 φεύγειν
3357 2817 3556 2870 ἐκεῖνοι
3600 2816 3763 2878 πάντες

527 2901 671 2957 ciem
717 2909 879 2956 terra:
914 2900 1128 2972 (contra
1190 2915 1334 2970 quos
1387 2899 1514 2953 data
1557 2897 1815 2969 Symeoni
1868 2904 2102 2966 potestas

2213 2899 2461 2969 ἀγεννῶς
2522 2902 2863 2976 ὡρμημένοι,
2912 2905 3011 2959 ὅσα
3062 2922 3123 2959 τε
3164 2905 3375 2971 καπνὸς
3424 2905 3461 2977 ἢ
3515 2904 3635 2976 χοῦς
3680 2903 3763 2957 ἀπδ

526 2990 658 3053 fuit,
687 2999 743 3046 et
772 2990 827 3044 in
855 2988 1327 3045 confirmationem
1357 2985 1649 3059 potestatis
1678 2984 1829 3055 virga
1856 2983 1914 3038 in
1944 2999 2101 3040 manu

1534 2985 1649 3041 atis
1678 2984 1829 3055 virga
1856 2983 1914 3038 in
1944 2999 2111 3040 manu
2217 2992 2512 3061 προσώπου
2544 2994 2712 3049 αὐτοῦ
2742 2996 3109 3061 ἐκλείποντες.

525 3081 685 3151 ejus,
715 3094 909 3137 omnes
940 3079 1188 3136 imbelles
1215 3078 1370 3145 facti,
1400 3078 1550 3134 illico
1587 3077 1646 3132 in
1679 3076 1865 3148 fugam
1920 3090 1981 3131 se
2046 3079 2482 3152 praecipitabant,
2518 3085 2691 3142 veluti
2734 3086 2921 3144 fumus
2988 3096 3085 3144 aut
3144 3088 3332 3160 pulvis
3366 3103 3399 3144 a
3455 3087 3589 3144 facie
3617 3086 3761 3143 sancti

531 3172 876 3229 deficientes.

600 3266 690 3323 50.
722 3265 1004 3323 Visionem
1042 3264 1186 3320 hanc
1227 3278 1325 3320 sua
1356 3277 1579 3335 quoque
1614 3261 1878 3318 miracula
1919 3274 2117 3317 conse-
2142 3266 2175 3330 ε

2185 3269 2189 3326 ι
2286 3271 2352 3320 ν’.
2382 3266 2461 3338 Τῇ
2496 3264 2617 3336 ὕψει
2646 3266 2828 3321 τοίνυν
2854 3266 3029 3339 ταύτῃ
3052 3267 3146 3322 καὶ
3178 3268 3249 3322 τὰ
3278 3267 3541 3340 θαύματα
3569 3270 3760 3340 ἠκολού-

531 3367 661 3416 cuta
700 3366 869 3423 sunt;
898 3371 1025 3411 nam
1056 3364 1330 3426 quotquot
1365 3355 1526 3410 malis
1570 3353 1859 3425 spiritibus
1889 3360 1985 3408 aut
2006 3351 2106 3407 alia

2212 3356 2315 3423 θει,
2339 3358 2435 3412 καὶ
2456 3358 2658 3423 πάντες
2678 3360 2793 3413 ὅσοι
2822 3358 3097 3430 πνεύμασι
3123 3362 3406 3432 πονηροῖς,
3431 3360 3463 3431 ἢ
3497 3361 3585 3414 καὶ
3611 3361 3756 3427 ἀλλοις

529 3449 724 3521 quavis
746 3448 1074 3520 aegritudine
1096 3447 1278 3502 vexati
1299 3446 1366 3501 ad
1391 3446 1719 3517 Symeonem
1738 3452 2104 3508 accesserunt,

2213 3448 2411 3503 πάθεσι
2448 3450 2747 3520 κάμνοντες
2785 3449 2980 3520 ἐκείνῳ
3014 3449 3351 3522 προσῄεσαν,
3391 3450 3653 3523 ἐλεύθεροι
3675 3450 3750 3505 τοῦ

529 3540 751 3598 liberati
781 3541 1015 3611 quisque
1061 3539 1205 3594 malo
1264 3553 1366 3594 suo
1405 3536 1616 3593 reversi
1659 3544 1807 3591 sunt.
1842 3534 2104 3591 Viderunl

2212 3540 2509 3605 λυποῦντος
2550 3542 2778 3606 ἕκαστος
2811 3541 3137 3612 ἐπανῄεσαν.
3182 3528 3471 3614 Ἕωρῶντο
3500 3544 3602 3614 γὰρ
3634 3542 3753 3613 αὑτῷ

530 3633 697 3689 etiam
728 3641 783 3688 et
804 3639 1027 3686 sanctus
1048 3629 1188 3700 ipse,
1212 3637 1269 3684 et
1297 3628 1486 3698 plures
1511 3626 1626 3691 alii,
1652 3625 1858 3695 quibus
1882 3640 1947 3681 ea
1990 3642 2105 3697 gra-

2212 3648 2272 3685 τε
2299 3631 2380 3703 τῷ
2421 3632 2609 3703 Ἀγίῳ,
2641 3632 2738 3688 καὶ
2793 3632 3007 3696 πολλοῖς
3047 3633 3163 3686 ὅσοι
3208 3634 3305 3687 καὶ
3342 3634 3567 3688 τοιαῦτα
3594 3633 3758 3703 δηλαδὴ

532 3730 609 3786 tia
638 3744 896 3785 concessa
944 3728 1071 3793 fuit,
1118 3737 1232 3782 tres
1263 3725 1491 3795 angelos
1522 3723 1642 3790 Dei,
1693 3739 1929 3795 quorum
1977 3725 2107 3780 alter

2217 3722 2436 3794 βλέπειν
2477 3722 2731 3793 ὴξίωντο.
2767 3725 3022 3794 ’Ἄγγελοι
3068 3726 3275 3797 Κυρίου
3320 3730 3493 3798 τρεῖς,
3535 3728 3562 3780 6
3592 3726 3677 3797 μὲν
3708 3727 3754 3778 ἐκ

532 3822 602 3880 ad
635 3823 942 3883 dexteram,
975 3819 1113 3880 alter
1141 3817 1209 3873 ad
1241 3816 1545 3881 sinistram,
1584 3814 1788 3871 tertius
1817 3830 1961 3886 pone
2000 3824 2107 3872 ter-

2214 3816 2424 3884 δεξιῶν,
2455 3816 2641 3886 ἕτερος
2667 3814 2717 3869 δ’
2754 3815 2814 3882 ἐξ
2847 3817 3164 3888 εὐωνύμων,
3208 3819 3257 3872 oi
3297 3817 3344 3871 δ’
3382 3818 3596 3873 ὄπισθεν
3623 3818 3754 3871 ἑστῶ-

533 3930 662 3986 gum
699 3911 988 3983 Symeonis
1013 3918 1244 3974 stantes,
1286 3914 1655 3963 atramentum
1680 3907 1940 3964 manibus
1968 3916 2108 3965 tene-

2216 3925 2308 3972 τες
2338 3908 2433 3961 τοῦ
2473 3908 2721 3979 Συμεὼν,
2755 3909 2816 3962 τό
2859 3926 2917 3962 τε
2964 3910 3135 3980 μέλαν
3169 3910 3356 3975 αὐτοῖς
3385 3913 3446 3964 ὲν
3471 3913 3657 3983 χεροῖν,
3682 3909 3752 3966 καί

532 4005 702 4069 bant;
742 4012 798 4058 et
817 4000 913 4072 qui
942 4000 1238 4056 sanitatem
1281 3999 1639 4055 consecuturi
1676 4009 1860 4063 erant,
1887 4000 2107 4070 iubente

2216 3998 2326 4051 τῶν
2358 3997 2577 4068 ἰαθῆναι
2610 3996 2914 4069 μελλόντων
2950 4001 3183 4065 ἕκαστος
3208 4002 3303 4055 τοῦ
3333 4002 3492 4069 ἁγίου
3528 4002 3749 4071 λέγοντος,

534 4103 749 4157 sancto,
772 4093 926 4148 velut
949 4092 1004 4146 in
1033 4090 1290 4155 sindone,
1322 4090 1438 4161 ipsa
1457 4089 1585 4145 nive
1608 4090 1954 4155 candidiore,
1983 4090 2109 4145 scri-

2218 4088 2293 4153 ὡς
2328 4091 2385 4142 ὲν
2424 4107 2640 4159 σωματε
2653 4091 2715 4163 ίῳ
2734 4092 3041 4164 λευκοτέρῳ
3070 4094 3165 4147 καὶ
3197 4095 3376 4165 χιόνος
3403 4095 3677 4167 ἐγράφετοο
3704 4091 3748 4145 οὔ

534 4185 810 4241 bebantur
838 4200 851 4237 :
875 4196 1057 4252 neque
1083 4182 1283 4253 singuli
1305 4189 1541 4247 tantum,
1572 4180 1667 4236 sed
1700 4196 1864 4251 quam
1895 4181 2109 4252 plurimi

2219 4180 2342 4236 καθ’
2375 4181 2473 4237 ἕνα
2502 4183 2559 4237 δὲ
2593 4183 2773 4254 μόνον,
2804 4184 2940 4238 ἀλλά
2965 4184 3059 4238 καὶ
3090 4186 3231 4239 κατὰ
3266 4185 3472 4257 πλῆθος
3505 4182 3749 4257 θεραπείας

533 4276 701 4331 etiam
720 4274 905 4337 simul,
921 4274 1015 4343 qui
1031 4273 1223 4329 salutis
1237 4276 1786 4337 causa'accesserant,
1808 4272 2108 4329 referebam

2218 4272 2270 4326 οἱ
2306 4273 2973 4345 προσιόντεςὲτύγχανον.
3020 4276 3334 4348 Προσῆλθον
3358 4278 3469 4348 γάρ
3502 4292 3620 4329 ποτε
3652 4271 3749 4327 πολ-

536 4365 846 4420 obtentam.
882 4364 1020 4423 Nam
1054 4363 1212 4418 multi
1258 4363 1556 4433 aliquando
1587 4378 1618 4417 a
1642 4362 1990 4420 daemonibus
2031 4364 2111 4419 in-

2219 4364 2303 4418 λοι
2337 4364 2479 4418 κατά
2502 4365 2699 4420 ταυτὸν
2722 4366 3107 4438 δαιμονῶντες,
3139 4368 3234 4421 καὶ
3265 4369 3443 4438 ἀφρὸν
3471 4366 3559 4421 τοῦ
3586 4366 3748 4435 στόμα-

535 4456 695 4521 sessi,
714 4470 963 4526 spumam
984 4471 1079 4511 ore
1099 4456 1422 4526 ejectantes,
1445 4454 1773 4527 Symeonem
1794 4454 2110 4524 adiverunt;

2220 4473 2312 4520 τος
2355 4456 2771 4527 παραπτύοντες
2793 4470 2811 4493 λ
2839 4449 2915 4512 ὧν
2955 4457 3172 4530 ἑκάστῳ
3221 4460 3491 4529 σφραγῖδα
3538 4458 3745 4527 ποιήσας.

534 4547 633 4620 qui
652 4546 933 4617 impressit
956 4546 1186 4619 singulis
1202 4548 1441 4602 salutare
1464 4546 1647 4602 crucis
1669 4546 1916 4618 signum;
1930 4546 2109 4618 jussit-

2221 4551 2334 4612 τοῖς
2360 4566 2420 4603 τε
2441 4550 2748 4620 πνεύμασιν
2771 4551 2828 4603 ὲν
2857 4549 3081 4621 ὀνόματί
3104 4567 3239 4621 φησι
3259 4551 3353 4605 τοῦ
3375 4551 3506 4605 Υίοῦ
3533 4549 3617 4603 τοῦ
3642 4546 3744 4602 Θεοῦ

535 4655 646 4710 que
681 4638 913 4709 spiritus
939 4636 995 4692 in
1021 4638 1245 4695 nomine
1276 4638 1401 4695 Filii
1433 4638 1553 4704 Dei,
1579 4653 1681 4708 pro
1708 4637 1867 4695 nobis
1905 4638 1961 4692 in
1992 4654 2110 4693 cru-

2168 4623 2196 4680 )
2220 4642 2315 4694 τοῦ
2344 4642 2410 4695 δι’
2431 4644 2580 4714 ἡμᾶς
2606 4642 3010 4719 σταυρωθέντος
3037 4642 3359 4716 ἀπαλλαγὴν
3399 4642 3743 4716 παραγγείλας,

536 4746 657 4788 cem
689 4728 888 4795 suiiixi,
919 4729 1048 4785 inde
1069 4729 1343 4785 facessere
1365 4736 1557 4798 :atque
1578 4729 1677 4795 illi,
1702 4729 1852 4784 nulla
1875 4729 2111 4800 interpo-

2221 4733 2603 4806 ἀπαλλαγῆναι
2621 4736 2967 4807 παραχρῆμα
2982 4734 3412 4807 παρασκευάζει,
3433 4735 3569 4805 μέγα
3584 4731 3745 4802 βοῶντα

537 4822 643 4879 sita
660 4837 834 4887 mora,
857 4822 1069 4877 abitum
1087 4829 1343 4892 parantes
1362 4821 1706 4891 multumque
1729 4820 2112 4887 vociferantes,

2224 4824 2316 4879 καὶ
2344 4824 2514 4894 ὑγιῶς
2538 4824 2761 4897 ἔχοντας
2788 4826 2912 4889 τοὺς
2938 4825 3137 4896 ἀνδρας
3166 4825 3520 4891 ἀπολιπόντα,
3552 4820 3746 4894 νηφαλίφ

538 4917 885 4986 reliquerunt
906 4915 1161 4971 homines
1181 4915 1387 4970 liberos
1415 4923 1471 4970 et
1500 4914 1825 4980 incolumes,
1859 4932 1997 4987 puro
2020 4933 2113 4973 ore

2226 4917 2453 4988 στόματι
2474 4917 2574 4980 τὰς
2597 4917 2833 4981 αίνέσεις
2862 4916 2955 4970 τοῦ
2986 4914 3121 4970 Θεοῦ
3154 4915 3569 4987 μεγαλύνοντας.
3588 4912 3642 4966 οι
3672 4910 3744 4978 μὲν

536 5007 731 5063 laudes
769 5007 883 5061 Deo
915 5006 1281 5069 celebrantes.
1334 5004 1607 5062 Caeterum
1653 5007 1751 5076 qui
1786 5008 2111 5063 circumsta~

2220 5008 2314 5065 οὖν
2354 5008 2681 5073 κυκλοῦντες
2705 5008 2868 5062 αὐτὸν
2887 5007 3107 5076 ἀγγελοι
3134 5047 3149 5071 ,
3171 5007 3266 5061 καὶ
3293 5007 3430 5078 πρὸς
3453 5005 3518 5059 τὰ
3537 5004 3744 5073 θαύματα

539 5099 676 5154 bant
707 5098 1034 5169 Symeonem
1060 5098 1262 5168 angeli,
1298 5097 1367 5153 ad
1401 5099 1667 5155 miracula
1704 5108 1761 5155 et
1792 5099 2114 5155 medicatio-

2220 5100 2436 5163 καὶτὰς
2461 5100 2634 5161 ἰάσεις
2660 5098 3092 5167 διακονούμενοι,
3115 5097 3424 5168 παρέμενον
3446 5095 3607 5157 οὕτως
3630 5088 3742 5157 αὐτῷ

538 5207 641 5246 nes
682 5205 843 5260 opem
891 5206 1048 5246 suam
1113 5190 1485 5257 conferentes,
1547 5191 1626 5247 ita
1673 5190 1779 5261 ipsi
1824 5193 2113 5247 astiterunt

2222 5194 2383 5265 μέχρι
2414 5192 2609 5262 καιροῦ
2628 5207 2644 5224 ·
2681 5186 2800 5245 εἷτα
2825 5191 2968 5245 κατὰ
2988 5190 3049 5244 τὺ
3081 5190 3311 5261 σύνηθες
3340 5191 3519 5252 αὐτοῖς
3545 5185 3744 5243 ειπάπος

538 5283 727 5352 aliquo
751 5290 1030 5353 tempore;
1059 5283 1262 5340 deinde
1281 5299 1381 5353 pro
1408 5299 1565 5339 more
1612 5284 1752 5355 jussi
1799 5284 2046 5341 scribere
2085 5299 2113 5339 a

2215 5285 2425 5357 γράψαι
2452 5284 2548 5338 τοῦ
2571 5284 2796 5354 Συμεών
2816 5300 2831 5317 ο
2858 5283 3076 5351 Οὐκέτι,
3109 5284 3272 5352 φασὶν
3313 5284 3527 5344 ἐκεῖνοι,
3554 5276 3741 5348 γράφειν

540 5384 753 5438 sancto,
783 5385 1060 5446 negarunt
1084 5376 1138 5431 id
1173 5392 1231 5432 se
1284 5375 1530 5430 facturos
1585 5376 1970 5446 imposterum,
2024 5376 2113 5430 di-

2222 5377 2285 5430 ού
2311 5376 2385 5447 μὴ
2412 5375 2760 5446 προσθῶμεν*
2787 5374 3050 5447 ηὖξηνται
3074 5368 3182 5444 γὰρ
3206 5374 3264 5427 ὲν
3289 5374 3372 5427 σοὶ
3399 5367 3678 5442 περιφανῶς
3700 5364 3740 5416 αἶ

465 5488 468 5492 ι
538 5475 758 5521 centes:
796 5465 1007 5522 Auctus
1031 5482 1093 5523 es
1118 5467 1412 5536 perspicua
1452 5465 1551 5519 Dei
1583 5465 1829 5535 potentia
1872 5473 1929 5519 et
1997 5465 2040 5517 vi

2223 5464 2319 5520 τοῦ
2355 5465 2489 5520 Θεοῦ
2523 5466 2853 5529 δυναστεῖαι,
2902 5466 2998 5519 καὶ
3045 5465 3224 5520 πάντα
3270 5463 3412 5535 λόγῳ
3455 5463 3543 5517 καὶ
3558 5456 3740 5525 δυνάμιι

539 5564 913 5611 tutezcuncta
928 5556 1196 5626 deinceps
1226 5566 1279 5611 te
1313 5554 1698 5611 intercedente
1733 5556 1992 5611 evenient
2016 5570 2114 5625 pro

2216 5556 2402 5611 λοιπὸν
2436 5557 2579 5612 κατὰ
2609 5557 2707 5629 τὴν
2734 5556 2842 5612 τῶν
2881 5558 3335 5630 προσερχομένων
3359 5557 3532 5611 πίστιν
3557 5550 3740 5621 γενήσεα-

542 5646 653 5701 iide
687 5647 1069 5703 accedentium
1116 5648 1259 5713 tibi;r
1311 5647 1677 5716 patrabuntur
1722 5648 1988 5702 miracula
2022 5664 2117 5718 per

2217 5666 2309 5704 ται
2335 5648 2427 5703 διὰ
2449 5647 2542 5701 σοῦ
2576 5649 2634 5701 ὲν
2662 5648 2905 5703 ὲπιθέσει
2940 5648 3141 5720 χειρῶν
3169 5664 3288 5713 σου,
3312 5649 3370 5700 ἐν
3394 5647 3499 5717 ἀφῇ
3529 5636 3737 5715 μηλωτῆς

548 5735 953 5804 impositionein
980 5753 1238 5794 manuum
1271 5748 1510 5800 tuarum,
1544 5753 1636 5806 per
1679 5737 1972 5790 taetionem
2013 5750 2123 5791 me-

2216 5757 2331 5806 σου,
2363 5740 2423 5793 ἐν
2453 5738 2747 5811 κρασπέδῳ
2778 5738 2873 5793 τοῦ
2903 5740 3109 5795 σάκκου
3141 5755 3257 5805 σου,
3296 5737 3354 5791 ἐν
3392 5738 3457 5808 τῇ
3496 5734 3633 5806 βαῖνῃ
3662 5740 3734 5778 σου

548 5828 710 5893 totes,
754 5844 850 5900 per
882 5830 1150 5887 fimbriam
1204 5832 1385 5900 sacci,
1432 5846 1529 5902 per
1574 5832 1780 5902 virgam
1833 5828 2123 5901 palmeam,

2216 5825 2418 5899 ῥάϐδῳ,
2449 5810 2512 5882 ού
2541 5825 2648 5899 μὴν
2673 5825 2811 5883 ἀλλὰ
2849 5827 2947 5882 καὶ
2966 5827 3071 5884 διὰ·
3087 5826 3249 5899 ψιλῆς
3290 5827 3481 5891 κόνεως
3511 5820 3639 5894 παρὰ
3662 5810 3736 5869 σοῦ
