3988 6500
188 426 328 497 3333

1166 422 1357 492 iVI'l‘A
1394 424 1441 484 A
1480 420 1913 486 NICEPHORO
1948 415 2434 482 CONSCRIPTA.

3301 406 3445 475 303i

189 538 501 609 δεδομένης,
548 536 646 593 καὶ
692 536 764 592 δι’
790 533 961 609 αὐτῆς
1004 533 1062 591 δὲ
1106 535 1206 606 τῆς
1237 533 1334 589 τοῦ
1382 533 1476 589 σοῦ
1504 533 1765 604 ὀνόματος

1896 528 2112 599 ιυὶιιίηιο
2134 541 2230 597 per
2258 523 2558 596 pauxillum
2592 521 2833 595 pulveris
2856 519 2925 578 ad
2954 529 3005 578 te
3031 518 3165 589 dati,
3191 531 3244 577 et
3271 521 3443 577 solam

189 631 554 703 ιιιτικλήσεως⁸
577 630 711 685 ὅπου
739 630 851 701 γάρ
882 631 916 701 ἡ
949 628 1016 701 σὴ
1051 633 1261 701 μνήμη,
1293 628 1413 681 ἐκεῖ
1450 626 1544 680 καὶ
1576 626 1610 696 ἠ
1644 624 1765 679 θεία

189 727 370 800 χάρις,
402 727 586 781 πᾶσαν
611 725 896 779 ἀσθένειαν
927 724 1070 777 κατὰ
1095 722 1274 776 πάντα
1313 720 1505 792 καιρὸν
1534 718 1763 790 ἰωμένη.

192 819 450 890 Ὄψονται
478 818 536 872 δέ
562 835 620 871 σε
653 816 843 870 πολλοὶ
877 816 975 870 καλ⁸
1024 816 1082 870 tv
1140 814 1341 877 οἰκίαις
1387 812 1480 865 καί
1517 813 1576 866 ὲν
1606 811 1766 876 ὁδοῖς,

190 912 278 964 καὶ
307 910 400 962 ἐπὶ
425 910 587 963 πᾶσιν
609 909 790 981 ἔργοις
812 907 1024 963 αὐτῶν
1057 906 1152 961 καί
1178 906 1382 969 πάντες
1410 904 1526 958 ὅσοι
1546 903 1770 975 δεήσον·

188 1015 276 1052 ται
315 996 410 1052 τοῦ
450 996 585 1051 Θεοῦ
641 996 730 1051 διὰ
764 994 859 1051 σοῦ
888 995 1132 1067 μεσίτου,
1173 995 1232 1047 ὲν
1266 994 1513 1065 ὶρήμοις,
1562 994 1620 1046 tv
1647 992 1770 1063 δρε-

190 1106 293 1153 σιν,
326 1092 385 1143 ὲν
427 1088 697 1161 θαλάσσῃ,
741 1090 800 1142 tv
822 1090 914 1158 γῇ,
968 1088 1026 1140 tv
1059 1086 1299 1158 φυλακῇ,
1329 1087 1387 1139 ὲν
1419 1084 1770 1156 αἰχμαλωσίᾳ

191 1180 466 1250 σωτηρίαν
493 1179 645 1250 παρά
679 1179 773 1232 σοῦ
801 1179 1155 1248 κομιοῦνται·
1183 1178 1318 1231 πᾶσί
1345 1193 1403 1230 τε
1428 1175 1770 1245 θλιϐομένοις

191 1272 289 1343 [an
342 1271 650 1343 καταφυγὴ,
686 1273 781 1325 καὶ
823 1272 1104 1343 χαίρουσιν
1146 1269 1436 1336 ἀσφάλεια,
1467 1272 1563 1323 καὶ
1602 1269 1710 1331 πᾶς
1741 1269 1771 1322 δ

192 1363 578 1428 πεπιστευκὼς
627 1364 815 1418 δοῦλον
870 1362 1128 1417 ὲκλεκτδν
1176 1358 1314 1416 εἷναί
1364 1379 1425 1415 σε
1480 1360 1636 1427 Θεοῦ,
1675 1360 1771 1413 ἐπὶ

192 1456 396 1511 ἀσπίδα
428 1456 522 1510 καὶ
551 1455 865 1526 βασιλίσκον
901 1455 1243 1525 ἐπιϐήσεται,
1268 1452 1365 1508 καὶ
1398 1454 1629 1526 πατήσει
1668 1454 1770 1507 t1:-

193 1547 305 1601 ἀνω
329 1547 506 1614 δφεων
531 1548 624 1600 καὶ
650 1548 948 1619 σκορπίων,
971 1546 1065 1601 καλ⁸
1088 1546 1183 1599 ἐπὶ
1214 1547 1393 1600 πᾶσαν
1419 1546 1517 1616 τὴν
1544 1544 1773 1616 δύναμιν

189 1637 284 1692 τοῦ
319 1638 536 1709 ἐχθροῦ.
571 1638 757 1691 Ταῦτα
789 1640 859 1691 oi'
881 1638 981 1709 μὲν
1014 1638 1279 1701 εἰπόντες,
1310 1637 1575 1707 ἀπῆλθον,
1611 1636 1690 1705 τῷ
1716 1636 1773 1690 δὲ

192 1730 422 1800 Συμεὼν
441 1729 520 1783 ἔτι
545 1730 745 1800 μᾶλλον
769 1728 827 1796 ἐξ
865 1729 1077 1783 ἐκείνου
1108 1730 1176 1783 τὰ
1204 1728 1457 1799 θαύματα
1479 1727 1649 1781 πλείω
1680 1728 1778 1780 έπ-

193 1822 371 1895 ἐρρει,
413 1821 487 1885 ὡς
543 1824 637 1877 καί¹
685 1822 905 1892 τυφλοῖς
955 1821 1251 1893 ὀφθαλμῶν
1304 1821 1422 1892 φῶς
1470 1819 1558 1875 διὰ
1604 1818 1777 1891 μόνης

191 1910 406 1967 δκείνου
432 1912 737 1986 προσευχῆς
759 1912 1110 1986 χαρισθῆναι.

1870 614 2111 672 nominis
2140 614 2215 668 tui
2251 610 2688 678 invocationem;
2720 610 3031 680 ubicunque
3060 608 3205 664 enim
3238 622 3450 663 memo-

1868 705 1951 759 ria
1976 711 2068 758 tua
2104 702 2397 764 recoletur,
2430 697 2630 754 ibidem
2670 706 2723 753 et
2752 698 2925 767 gratia
2965 695 3061 751 Dei
3094 704 3290 766 praesto
3318 694 3447 758 erit,

1869 807 2088 849 omnem
2118 789 2266 845 omni
2295 798 2538 855 tempore
2568 785 2942 840 infirmitatem
2974 792 3255 839 curatura.
3292 784 3449 840 Vide-

1869 882 2009 939 bunt
2033 888 2087 937 te
2115 878 2273 935 multi
2317 878 2373 931 in
2420 874 2707 938 domibus,
2741 874 2796 928 in
2826 874 3139 939 itineribus,
3170 874 3224 928 in
3253 873 3452 944 quovis

1870 984 2038 1042 Opere
2086 983 2223 1033 suo;
2259 975 2315 1021 et
2357 964 2679 1036 quicunque
2721 962 3095 1033 precabantur
3141 961 3310 1016 Deum
3353 976 3452 1031 per

1870 1052 2333 1114 intercessionem
2367 1063 2539 1118 tuam,
2589 1052 2644 1105 in
2694 1049 3009 1115 solitudine,
3046 1048 3104 1103 in
3147 1050 3447 1116 montibus,

1871 1144 2033 1210 mari,
2063 1152 2231 1210 terra,
2275 1155 2519 1203 carcere,
2549 1138 2818 1195 servitute
2858 1137 3206 1201 exsistentes,
3251 1137 3453 1192 sanita-

1872 1241 1981 1291 tem
2029 1249 2127 1305 per
2169 1240 2223 1288 te
2276 1230 2680 1300 recuperabunt
2720 1243 2733 1280 :
2771 1227 3028 1282 omnibus
3077 1226 3352 1281 aﬂlictatis
3391 1233 3451 1280 tu

1872 1325 1988 1380 eris
2016 1323 2312 1393 refugium,
2332 1317 2698 1393 gaudentibus
2722 1314 2981 1370 omnibus
3010 1315 3283 1369 securitas
3306 1314 3455 1370 eris:

1874 1412 2127 1488 quisquis
2146 1389 2449 1465 crediderit
2471 1389 2705 1460 electum
2736 1402 2830 1457 Dei
2863 1416 3080 1457 servum
3112 1416 3235 1457 esse
3260 1410 3334 1466 te,
3366 1416 3463 1455 su-

1874 1519 1973 1575 per
1995 1501 2292 1557 draconem
2320 1506 2375 1552 et
2398 1493 2719 1551 basiliscum
2752 1491 3049 1561 gradietur,
3078 1501 3131 1545 et
3154 1490 3461 1546 ambulabit

1876 1606 2042 1663 super
2073 1594 2357 1659 serpentes
2398 1592 2456 1639 et
2497 1580 2837 1652 scorpiones,
2887 1579 3139 1649 superior
3184 1578 3332 1634 omni
3367 1594 3462 1633 ve-

1876 1695 2021 1738 neno
2045 1676 2276 1735 inimici.
2303 1675 2400 1731 His
2428 1673 2614 1735 dictis,
2662 1670 2917 1726 abierunt
2962 1668 3177 1741 angeli;
3220 1667 3459 1740 Symeon

1878 1778 2061 1828 autem
2092 1782 2158 1823 ex
2184 1766 2277 1820 illo
2304 1772 2549 1833 tempore
2576 1758 2826 1830 pluribus
2869 1758 3033 1814 etiam
3064 1757 3458 1812 miraculorum

1878 1857 2068 1932 gratiis
2096 1856 2326 1918 aﬂluxit,
2352 1854 2492 1908 adeo
2524 1859 2584 1905 ut
2610 1850 2771 1905 carcis
2804 1864 2902 1919 per
2931 1849 3105 1903 solam
3138 1847 3311 1918 ipsius
3338 1862 3462 1917 pre-

1812 1915 2151 2002 1Vcationem
2203 1942 2385 1997 lumen
2433 1937 2717 1994 oculorum
2764 1915 3177 1995 concederetur;
3236 1915 3352 1993 Sed
3395 1951 3461 1993 ea

1883 2048 2031 2093 nunc
2057 2031 2338 2103 sigillatim
2370 2040 2788 2102 prosequamur.

1636 2188 1874 2250 CAPUT
1907 2185 2021 2243 VII.

407 2375 675 2435 Mirarula
701 2377 843 2432 circa
875 2388 1275 2445 energumenos,
1308 2378 1597 2435 mortuum,
1628 2376 1680 2423 et
1714 2366 2009 2436 veneﬁcia;
2038 2362 2149 2423 alia
2182 2378 2277 2436 per
2306 2360 2589 2433 discipulos
2612 2362 2799 2435 facta;
2831 2359 3090 2417 mirabilis
3121 2361 3273 2415 visio.

258 2562 373 2620 ναΐ.
407 2562 529 2617 ἰνα
557 2561 637 2628 {6t
680 2559 778 2614 καὶ
841 2557 912 2613 τὰ
957 2555 1083 2611 καθ’
1129 2554 1363 2610 ικαστον
1432 2551 1773 2621 ἑπεξίοιμεν,

191 2653 475 2727 προσῆλθε
500 2670 583 2715 τις
611 2649 775 2721 ἀὐτῷ
805 2649 963 2720 γυνὴ,
993 2648 1180 2703 τέκνον
1206 2646 1407 2703 ἄλαλον
1451 2645 1554 2699 καὶ
1581 2642 1778 2712 δαίμο-

191 2764 242 2801 νι
277 2748 519 2814 κάτοχον
571 2741 771 2813 ἔχουσα
793 2757 809 2772 ⁸
843 2742 938 2793 καὶ
967 2740 1000 2809 ἡ
1038 2738 1137 2808 μὲν
1201 2734 1628 2806 ὲπιτεθειμένην
1680 2731 1781 2803 τὴν

194 2836 394 2908 θυρίδα
447 2833 650 2894 ἰδοῦσα,
698 2831 879 2900 τίθησι
960 2830 1118 2884 τοῦτο
1175 2828 1327 2899 παρὰ
1355 2829 1421 2898 τῇ
1480 2825 1573 2879 τοῦ
1603 2824 1783 2888 κίονος

196 2929 361 3001 βάσει
387 2945 399 2960 ⁸
430 2926 773 2997 παραχρῆμα
798 2924 855 2977 δὲ
883 2918 972 2978 οἷά
1001 2939 1085 2985 τις
1115 2919 1413 2990 ἐξέλαμψεν
1436 2915 1644 2971 ἄνωθεν
1677 2912 1786 2968 ἀπὸ

194 3024 299 3095 τῆς
338 3022 591 3093 μηλωτῆς
620 3016 899 3089 ἀστραπὴ,
928 3018 994 3085 τῇ
1030 3015 1085 3068 δὲ
1114 3010 1245 3087 ἦλος
1286 3011 1613 3075 συνέζευκτο
1642 3045 1659 3071 ,
1691 3005 1787 3059 καὶ

196 3115 363 3186 φωνὴ
382 3113 612 3168 κατόπιν
638 3108 889 3180 ἠκούετοθ
919 3106 1163 3172 Ἔξελθε,
1198 3104 1260 3158 τὸ
1282 3102 1597 3172 ἀκάθαρτον
1621 3095 1788 3151 πνεῦ-

200 3224 287 3279 μα
310 3247 327 3270 ,
354 3203 684 3273 διωκόμενον
715 3199 819 3254 ὑπὸ
840 3195 1078 3270 Χριστοῦ
1109 3194 1199 3249 διὰ
1227 3194 1329 3264 τῆς
1362 3193 1421 3246 tv
1451 3190 1531 3261 τῷ
1563 3186 1790 3259 Συμεὼν

195 3301 453 3371 χάριτος,
489 3296 728 3364 λέγουσα
759 3308 772 3323 ·
802 3291 899 3345 καὶ
922 3292 952 3345 ὁ
973 3291 1103 3351 παῖς
1133 3286 1245 3341 ἀπὸ
1275 3285 1378 3356 τῆς
1403 3282 1601 3352 διπλῆς
1624 3280 1790 3343 εὐθὺς

1956 2547 2047 2605 5i.
2101 2547 2351 2604 Accessit
2395 2546 2519 2604 viro
2562 2553 2752 2602 sancto
2785 2542 2989 2598 mulier
3038 2538 3311 2610 quaedam.
3339 2553 3463 2608 qua!

1884 2655 2120 2712 puerum
2164 2648 2378 2696 mutum
2436 2646 2495 2697 et
2522 2639 2771 2695 daemone
2828 2635 3117 2691 obsessum
3181 2630 3463 2686 habebat:

1887 2749 2123 2807 cumque
2153 2734 2499 2790 obfirmatam
2552 2733 2849 2787 fenestram
2873 2727 3304 2805 conspicaretur,
3336 2739 3473 2795 pue«

1889 2844 2011 2884 rum
2045 2827 2114 2883 ad
2143 2828 2413 2883 columnae
2454 2824 2613 2880 basin
2656 2821 2906 2889 deponit.
2960 2818 3239 2874 Continuo
3285 2824 3472 2870 autem

1891 2930 2151 2990 tanquam
2176 2919 2362 2989 fulgur
2389 2918 2628 2986 desuper
2654 2930 2685 2969 e
2746 2913 2950 2967 melote
2974 2962 2975 2965 η
3000 2909 3290 2981 Symeonis
3333 2906 3475 2962 emi-

1890 3012 2028 3077 cuit,
2068 3012 2157 3067 cui
2189 3010 2410 3065 additus
2443 3020 2613 3062 sonus
2637 3004 2939 3073 auditaque
2970 3008 3098 3071 post
3122 3009 3337 3070 tergum
3367 3012 3476 3053 vox

1891 3112 1995 3170 est,
2032 3118 2155 3174 qua
2190 3100 2412 3157 dicebat
2435 3116 2448 3153 :
2476 3098 2600 3162 Exi,
2628 3094 3003 3167 impurissime
3030 3093 3279 3163 spiritus,
3306 3090 3467 3159 fuga-

1892 3205 1983 3253 tus
2007 3211 2036 3250 a
2070 3194 2291 3250 Christo
2314 3207 2413 3263 per
2436 3189 2670 3262 gratiam
2726 3185 3038 3258 Symeonis.
3070 3184 3151 3238 Ita
3194 3198 3331 3252 puer
3354 3180 3462 3235 du-

1892 3287 2055 3359 plicis
2084 3284 2211 3341 mali
2235 3281 2585 3339 curationem
2624 3277 2860 3348 accepit,
2895 3290 3006 3330 non
3040 3281 3255 3329 tantum
3308 3288 3478 3326 vexa-

199 3364 332 3445 ἰέτο
358 3388 643 3457 μάστιγος,
684 3383 744 3437 οὐ
774 3382 875 3452 τῆς
899 3378 995 3435 τοῦ
1034 3378 1291 3449 δαίμονος
1327 3376 1490 3447 μόνον
1523 3371 1789 3443 ἐπηρείας

1897 3381 2046 3436 tione
2102 3376 2367 3433 daemonis
2423 3374 2714 3435 liberatus,
2776 3368 2872 3424 sed
2920 3368 3069 3422 clara
3119 3364 3287 3419 etiam
3345 3377 3481 3416 voce

203 3475 660 3549 ἀπηλλαγμένος,
696 3473 837 3529 ἀλλά
873 3471 969 3527 καὶ
1011 3469 1243 3540 λαμπρᾷ
1279 3465 1497 3540 γλώττῃ
1536 3463 1671 3518 Θεὸν
1701 3462 1796 3517 καὶ

199 3572 303 3627 τὸν
336 3570 501 3625 αὐτοῦ
543 3568 853 3641 θεράποντα
904 3563 1256 3635 μεγαλύνων.
1291 3559 1448 3615 Μετὰ
1511 3558 1570 3612 δὲ
1624 3556 1799 3611 ταῦτα

203 3661 470 3731 πρόσεισί
498 3677 581 3723 τις
615 3659 757 3729 ἀνὴρ
785 3654 936 3727 αὑτῷ
983 3654 1086 3724 τῆς
1114 3650 1506 3707 Καππαδοκῶν
1530 3646 1795 3722 ὡρμημέ-

202 3776 304 3823 νος
333 3758 547 3827 δαίμονι
575 3753 764 3817 δεινῶς
815 3751 1165 3821 ὲταζόμενος,
1209 3744 1462 3816 Ἐλέησόν
1509 3760 1596 3814 με,
1644 3740 1800 3796 δοῦλε

205 3851 310 3905 τοῦ
340 3849 498 3915 Θεοῦ,
520 3845 741 3919 κράζων
762 3844 867 3898 ὑπὸ
888 3842 1137 3912 δαίμονος
1165 3835 1567 3902 θανατούμενον
1592 3851 1607 3867 ο
1635 3832 1801 3887 τοῦτο

206 3940 275 3996 δὲ
316 3940 409 3995 καὶ
440 3941 520 4002 είς
566 3936 765 4007 τρίτην
798 3934 923 4006 ἑξῆς
946 3931 1164 4004 ἡμέραν
1204 3931 1440 4001 ἐπέμενε
1481 3924 1643 3996 δρῶν.
1687 3924 1799 3977 [Ια-

212 4029 473 4102 ρακῦψας
520 4027 699 4080 τοίνυν
728 4028 757 4081 δ
790 4024 935 4096 ἱερὸς
998 4020 1250 4092 Συμεὼν,
1278 4019 1355 4091 τῷ
1396 4035 1457 4072 τε
1522 4015 1801 4084 πνεύματι

210 4121 299 4193 τῷ
332 4119 630 4191 ἀκαθάρτῳ
686 4116 1045 4188 ἐπιτιμήσας,
1072 4108 1195 4167 εἷτα
1254 4112 1350 4167 καὶ
1404 4108 1714 4182 κράσπεδόν
1748 4123 1804 4159 τι

212 4212 315 4267 ⁶τοῦ
354 4210 556 4266 οἰκείου
585 4211 791 4264 σάκκου
820 4204 1195 4277 φυλακτηρίον
1214 4203 1294 4274 τῷ
1322 4201 1478 4274 ἀνδρὶ
1523 4196 1801 4262 δεδωκὼς,

218 4306 354 4376 ὑγιῆ
409 4304 599 4358 τοῦτον
646 4299 831 4355 οίκαδε
870 4296 1121 4353 ἀπολύει.
1161 4297 1227 4350 '0
1255 4294 1314 4349 δὲ
1363 4287 1446 4356 οἷς
1484 4292 1550 4347 ἂν
1578 4289 1798 4361 ἐντύχοι

219 4400 389 4454 πάλιν
422 4395 623 4468 ὁμοίως
651 4394 921 4462 πάσχουσι
951 4387 1310 4461 (πεπαίδευτο
1341 4384 1455 4456 γὰρ
1493 4382 1556 4437 τὸ
1587 4398 1808 4454 συμπαρ

222 4494 319 4556 0t;
386 4490 446 4558 ἐξ
470 4483 545 4545 ὧν
578 4484 889 4555 πέπονθεν),
916 4482 1153 4552 ἑτοίμως
1192 4479 1255 4532 τὸ
1291 4476 1447 4531 δοθὲν
1477 4475 1755 4547 μετεδίδου
1787 4489 1803 4505 °

223 4588 277 4643 οἳ
310 4583 609 4657 θεραπείας
634 4581 731 4635 καὶ
767 4576 921 4633 αὐτοὶ
944 4575 1330 4644 τυγχάνοντες,
1348 4570 1426 4640 τῷ
1448 4567 1617 4639 κοινῷ
1645 4583 1812 4638 προπ-

1895 3471 2071 3525 Deum
2103 3467 2307 3539 pariter
2326 3480 2391 3520 ac
2419 3464 2684 3519 famulum
2708 3461 2831 3531 ejus
2856 3456 3241 3530 magnificans.
3273 3454 3482 3509 Deinde

1897 3562 2114 3619 accedit
2143 3562 2231 3615 vir
2282 3558 2509 3630 quidam
2533 3571 2564 3611 e
2591 3552 2939 3625 Cappadocia
2994 3547 3291 3612 oriundus,
3326 3545 3419 3615 qui
3451 3560 3485 3601 α

1898 3654 2107 3712 difﬁcili
2158 3652 2408 3707 daemone
2459 3645 2703 3719 graviter
2756 3641 3144 3713 torquebatur,
3201 3638 3482 3694 clamans:

1898 3746 2159 3803 Miserere
2185 3740 2315 3805 mei,
2339 3753 2498 3794 serve
2535 3735 2659 3801 Dei,
2688 3735 2817 3805 quia
2838 3748 2868 3788 a
2902 3732 3153 3786 daemone
3201 3728 3482 3799 perimor:

1900 3838 2065 3909 idque
2099 3834 2274 3890 tribus
2306 3830 2506 3886 diebus
2530 3826 2813 3885 continuis
2873 3822 3131 3878 factitare
3167 3833 3489 3891 persevera-

1899 3928 2013 3985 bat.
2036 3925 2285 3993 Cumque
2324 3920 2545 3976 tandem
2596 3912 2978 3988 prospexisset
3023 3919 3252 3966 sanctus
3303 3908 3487 3976 impu-

1902 4031 2136 4085 rumque
2166 4013 2425 4084 spiritum
2472 4006 2862 4078 increpuisset,
2899 4001 3101 4057 deinde
3156 4008 3211 4054 et
3244 3998 3487 4070 particu-

1902 4112 2009 4167 lam
2046 4108 2190 4164 sacci
2218 4106 2301 4161 sui
2330 4119 2431 4174 pro
2476 4101 2717 4157 amuleto
2747 4096 2997 4152 dedisset
3048 4092 3283 4156 homini,
3332 4092 3491 4145 inco-

1902 4201 2266 4261 lumcmillum
2284 4197 2510 4253 domum
2526 4191 2753 4250 dimisit.
2782 4188 2831 4245 Is
2855 4198 3037 4244 autem
3053 4186 3107 4240 in
3125 4194 3489 4254 quoscunque

1906 4296 2194 4354 incidisset
2219 4292 2387 4347 simili
2421 4289 2566 4345 malo
2590 4287 2909 4342 laborantes
2935 4281 3067 4350 (jam
3088 4275 3236 4330 enim
3258 4288 3326 4327 ex
3348 4271 3494 4325 malo

1905 4405 2008 4447 suo
2058 4388 2293 4444 aliorum
2326 4381 2577 4439 misereri
2602 4374 2928 4443 didicerat),
2957 4371 3142 4425 datam
3174 4366 3280 4423 sibi
3326 4363 3500 4435 parti-

1906 4483 2087 4539 culam
2125 4495 2251 4536 cum
2306 4476 2415 4555 illis
2469 4477 2731 4542 prompte
2784 4462 3273 4546 communicabat:
3322 4459 3501 4539 quiet

1908 4573 2012 4644 ipsi
2039 4567 2293 4627 sanitatis
2325 4552 2625 4634 participes
2648 4556 2800 4619 facti,
2827 4553 2898 4609 ad
2928 4565 3282 4608 communem
3329 4549 3501 4603 bene—

225 4641 400 4754 ᾗεσαν
423 4641 689 4750 εὐεργέτῃ
722 4671 864 4745 Θεῷ,
887 4669 983 4725 καὶ
1010 4641 1160 4738 αῦτῷ
1173 4665 1273 4729 τὰς
1296 4660 1649 4734 εὐχαριστίας
1672 4660 1793 4714 ἀπο-

1912 4641 2175 4719 factorem
2204 4658 2399 4720 Deum,
2423 4651 2627 4723 gratias
2646 4645 2849 4716 acturi,
2886 4659 2948 4700 se
2993 4641 3373 4699 conferebant.

226 4772 486 4823 διδόντες.

343 4785 432 4821 ντε
472 4807 486 4821 .

262 4769 403 4932 ιδέβη
434 4785 675 4913 ῗΐεανίαν
720 4853 844 4909 τινὰ
893 4849 1104 4923 δαίμων
1152 4844 1410 4902 τοσοῦτον
1450 4841 1707 4916 ἠνώχλει,
1735 4839 1812 4906 ὥς

230 4952 448 5026 ῥίπτειν
516 4948 708 5003 ἑαυτὸν
770 4944 916 5001 κατὰ
982 4943 1110 5013 γῆς,
1172 4938 1267 4994 καὶ
1340 4936 1462 4991 λίαν
1487 4933 1815 5006 ἀσχημόνως

233 5024 596 5115 σπαράττειν,
627 5040 726 5111 ήδη
760 5038 817 5091 δὲ
858 5037 958 5091 καὶ
985 5035 1084 5105 τῆς
1110 5030 1319 5094 οικείας
1351 5026 1601 5097 γλώττης
1649 5024 1817 5077 ὲλεει-

232 5138 345 5200 νῶς
407 5132 816 5205 παρατρώγειν.
852 5127 1056 5184 Τοῦτον
1105 5121 1399 5194 τοιγαροῦν
1428 5120 1506 5191 τῷ
1537 5118 1669 5189 θείῳ
1711 5116 1816 5170 Συ-

238 5230 387 5301 μεὼν
411 5224 800 5299 προσελθόντα,
829 5222 926 5277 καὶ
950 5217 1169 5290 θερμῶς
1189 5212 1356 5268 αὐτοῦ
1385 5208 1816 5280 καταδεηθέντα,

1981 4840 2070 4897 52.
2092 4838 2358 4894 Juvenem
2405 4826 2703 4901 quemdam
2740 4821 3087 4880 horrendum
3112 4818 3252 4874 adeo
3299 4816 3354 4871 in
3383 4829 3506 4869 mo-

1912 4931 2045 4988 dum
2083 4923 2384 4983 infestabat
2440 4920 2681 4981 daamon,
2732 4924 2796 4971 ut
2842 4913 2999 4969 humi
3058 4927 3119 4967 se
3188 4908 3506 4980 projiceret,

1916 5021 2155 5093 turpiter
2181 5013 2461 5088 unguibus
2486 5013 2786 5073 laceraret,
2814 5007 3064 5077 linguam
3127 5002 3298 5057 etiam
3350 5013 3508 5054 suam

1922 5091 2315 5170 miserabiliter
2360 5110 2600 5160 voraret.
2655 5100 2889 5155 lsthunc
2946 5094 3228 5150 infelicem
3284 5091 3512 5146 divinus

1927 5206 2166 5278 Symeon
2196 5199 2264 5256 ad
2293 5213 2352 5255 se
2386 5208 2761 5267 progressum,
2781 5190 3173 5257 ferventerque
3199 5184 3512 5254 deprecan-

236 5279 556 5393 {at—apice;
576 5317 720 5372 κατὰ
740 5279 832 5371 τοῦ
861 5279 1101 5385 πονηροῦ
1127 5307 1461 5379 πνεύματος,
1486 5279 1793 5358 ἀπαλλάττε

1928 5307 2064 5360 tem,
2087 5293 2352 5365 castigato
2378 5288 2569 5345 verbis
2596 5286 2741 5341 malo
2763 5282 2987 5354 spiritu,
3037 5279 3263 5340 liberat,
3294 5283 3350 5330 et
3376 5288 3514 5328 con-

1940 5390 1953 5393 “
2044 5391 2053 5393 “
2138 5388 2153 5393 ⁸
2208 5386 2262 5393 ’⁵⁸
2330 5384 2342 5393 ⁵
2464 5381 2480 5393 “
2538 5381 2553 5393 ‘
2656 5390 2664 5393 -
2876 5376 2890 5393 ¹
2919 5375 3027 5393 ἰΑΑ
3120 5368 3514 5393 Δ-ιιΑι-Ι-Α-ηηιυι

238 5411 333 5465 τοῦ
357 5391 726 5479 ἐνοχλοῦντος,
759 5407 854 5460 καὶ
885 5404 1053 5475 ὑγιῶς
1069 5400 1267 5456 αὐτίκα
1308 5398 1582 5453 δείκνυσιν
1608 5391 1821 5463 ἔχοντα.

1931 5390 2117 5447 festim
2138 5384 2439 5445 bellissime
2464 5381 2759 5437 habentem
2804 5375 3051 5433 exhibet.
3106 5368 3518 5427 Antiochenam

254 5455 533 5573 ’Δντιοὶέα
550 5455 1067 5568 τινίᾷοζὲξέχξεᾏὲξᾷι
1190 5493 1460 5562 στόμαχον
1686 5482 1793 5538 οὔτε

1937 5478 2230 5553 quemdam
2271 5472 2542 5531 stomachi
2595 5469 2755 5525 dolor
2799 5467 3100 5528 invaserat,
3149 5469 3261 5515 tam
3323 5455 3519 5512 acerbe

248 5595 437 5658 δεινῶς
467 5591 635 5649 αὐτοῦ
690 5590 922 5661 στρέφον
953 5588 1025 5641 τὰ
1065 5585 1238 5651 ἔνδον,
1266 5584 1343 5647 ὡς
1378 5581 1474 5635 καὶ
1514 5578 1594 5650 τῷ
1645 5576 1831 5646 ἐδάφει

252 5684 651 5758 προσερρίφθαι
711 5680 992 5746 πολλάκις,
1023 5672 1115 5732 οἷά
1160 5694 1269 5731 τινι
1334 5672 1551 5744 δαίμονι
1596 5666 1832 5723 καταϐε-

254 5777 552 5849 ωημένον.
581 5771 752 5839 Οὗτος
802 5770 1093 5845 τοιγαροῦν
1129 5767 1493 5842 προσέρχεται
1538 5762 1618 5833 τῷ
1669 5760 1833 5833 ἁγίῳ,

250 5870 482 5942 δάκρυσι
530 5868 753 5942 μηνύων
782 5867 883 5941 τὴν
917 5862 1144 5940 καρδίας
1173 5861 1391 5933 ὀδύνην,
1423 5857 1519 5916 καὶ
1583 5852 1678 5913 τοῦ
1729 5853 1835 5912 πά*

1940 5571 2203 5630 intestina
2226 5581 2485 5631 versans,
2516 5570 2580 5618 ut
2610 5569 2772 5617 terra:
2800 5557 3003 5627 saepius
3026 5552 3355 5609 allidcretur
3396 5556 3519 5603 tan-

1936 5681 2102 5739 quam
2126 5678 2158 5719 a
2186 5662 2435 5719 dzemone
2461 5662 2788 5731 prostratus.
2808 5651 2860 5706 ls
2887 5650 3076 5719 itaque
3106 5652 3359 5702 sanctum
3383 5640 3521 5708 adit,

1935 5734 2190 5830 lacrymis
2215 5760 2427 5810 testans
2446 5747 2631 5806 cordis
2658 5756 2916 5815 angores,
2948 5739 3131 5811 iisque
3184 5734 3357 5793 levari
3392 5748 3524 5807 pre-

1938 5849 2116 5922 cando
2137 5843 2513 5905 contendens:
2536 5837 2739 5912 quibus
2761 5844 3025 5895 exoratus
3075 5831 3337 5907 Symeon,
3369 5839 3525 5884 oram
