3988 6480
540 355 686 420 3035

1765 368 1831 435 S.
1874 368 2263 433 SYMEONIS
2298 372 2661 437 JUNIORIS

3684 378 3805 445 3038

538 484 798 539 pannosae
819 469 990 527 vestis
1020 485 1135 527 suae
1164 472 1434 546 porrigit;
1474 490 1713 549 moxque
1761 478 2120 540 incolumitas

2250 490 2351 545 ὀυς
2408 484 2796 556 ἀπαλλαγῆναι
2852 483 3130 555 δεόμενος.
3199 485 3258 542 ’0
3288 483 3351 540 δὲ
3382 482 3520 556 πρὸς
3542 486 3636 551 τὰς
3659 490 3803 545 αὐτοῦ

537 560 817 616 dolentem
846 563 1231 634 consequitur.

612 837 702 892 53.
744 835 918 890 llomo
939 836 1187 907 quidam,
1233 838 1392 910 cujus
1417 838 1559 894 forte
1584 840 1896 897 exstinctus
1922 851 2041 898 erat
2067 843 2131 899 ﬂ-

538 927 671 985 lius.
706 926 936 982 firmiter
960 928 1062 983 sibi
1079 929 1440 1000 persuadens,
1460 930 1598 984 nihil
1623 947 1722 1002 per
1746 942 1997 989 sanctum
2017 951 2130 989 non

544 1020 979 1092 impetrandum,
1006 1022 1155 1093 quod
1186 1039 1215 1077 a
1238 1024 1350 1078 Deo
1381 1024 1717 1094 postulasset
1736 1025 2021 1096 (quoniam
2056 1028 2130 1083 ita

542 1124 743 1177 natura
781 1125 1161 1186 comparatum
1184 1125 1291 1180 est,
1328 1125 1389 1171 ut
1418 1117 1566 1186 quod
1590 1117 1854 1173 ardenter
1884 1121 2009 1189 quis
2032 1136 2130 1175 ex-

543 1208 701 1278 petit,
736 1207 788 1261 id
813 1209 1107 1279 impetratu
1135 1207 1297 1264 facile
1318 1209 1556 1279 credat),
1592 1210 1744 1265 illico
1770 1210 1837 1265 ad
1873 1211 2125 1268 divinum

548 1297 874 1370 Symeonem
938 1300 1217 1364 accurrit,
1272 1299 1526 1356 dolenter
1587 1302 1833 1372 plorans,
1879 1304 2130 1375 ejulans,

545 1393 832 1463 plangens,
863 1394 1158 1463 multisque
1181 1394 1305 1449 aliis
1323 1395 1503 1450 modis
1525 1405 1691 1467 atque
1721 1396 1883 1453 factis
1934 1410 2129 1455 aestum

546 1483 733 1538 cordis
759 1483 844 1538 sui
886 1485 1238 1553 exprimens;
1287 1486 1637 1557 clamatque:
1695 1487 1957 1543 Miserere
2000 1490 2131 1557 mei,

546 1592 708 1633 serve
738 1578 856 1642 Dei,
889 1576 1159 1633 miserere
1189 1576 1287 1632 filii
1339 1580 1468 1645 mei,
1525 1580 1660 1635 mihi
1720 1596 1901 1651 nuper
1956 1590 2135 1639 morte

547 1672 956 1742 erepti;qucm
1006 1672 1295 1739 nondum,
1367 1673 1448 1728 uti
1499 1675 1811 1730 communis
1856 1674 2137 1733 defunctis

544 1764 634 1820 lex
661 1764 850 1835 exigit,
883 1765 935 1818 in
960 1766 1277 1836 sepulcrum
1330 1766 1526 1831 intuli,
1568 1782 1672 1821 nec
1696 1767 1996 1838 quidquam
2026 1776 2137 1824 ter-

547 1874 624 1914 ra:
649 1859 727 1913 illi
765 1859 961 1931 injeci;
993 1859 1229 1914 credens
1261 1859 1407 1929 quod
1443 1870 1497 1915 tu
1528 1860 1835 1930 perfectum
1862 1860 1960 1917 des
1990 1863 2136 1933 apud
2174 1850 2213 1906 Β

548 1953 744 2017 Deum,
825 1952 1097 2023 quidquid
1174 1952 1455 2018 volueris;
1514 1953 1855 2024 omninoque
1920 1953 2140 2010 confido

548 2047 617 2103 de
678 2047 1021 2119 benignitate
1066 2055 1182 2111 tua,
1245 2045 1390 2102 forte
1457 2063 1525 2101 ne
1576 2046 1854 2118 despicias
1911 2064 1999 2103 me
2050 2065 2142 2104 na-

554 2140 715 2195 turali
752 2139 805 2194 in
840 2140 1010 2193 filium
1060 2154 1248 2194 amore
1281 2138 1411 2193 totis
1438 2138 1751 2195 visceribus
1785 2148 2137 2196 aestuantem.

551 2231 756 2287 Tactus
778 2230 1286 2293 commiseratione,
1331 2230 1663 2302 cognitoque
1691 2242 1906 2287 secreto
1942 2231 2142 2287 divinae

551 2325 739 2396 gratia:
771 2323 1060 2390 instinctu,
1092 2339 1441 2378 reversuram
1485 2323 1541 2378 in
1591 2340 1824 2394 puerum
1876 2325 2139 2393 animam,

552 2419 793 2473 surrexit
821 2430 985 2488 atque
1015 2417 1083 2472 ad
1116 2426 1326 2487 patrem
1353 2432 1655 2472 conversus
1681 2434 1695 2473 :
1728 2417 1901 2481 Vade,
1940 2417 2139 2489 inquit,

554 2512 612 2567 in
650 2511 875 2566 nomine
906 2510 1121 2565 Domini
1174 2510 1349 2565 nostri
1381 2509 1511 2566 Jesu
1540 2509 1785 2578 Christi,
1836 2510 1983 2566 filius
2015 2522 2144 2567 tuus

553 2604 710 2659 vivit.
742 2604 860 2668 llic,
888 2602 1024 2657 nihil
1053 2601 1120 2657 de
1148 2601 1255 2656 fide
1280 2603 1576 2657 verborum
1607 2602 1830 2668 dubius,
1856 2602 2144 2660 celeritate

557 2716 663 2771 qua
687 2709 867 2770 potest
888 2701 1123 2754 maxima
1155 2699 1381 2754 domum
1402 2699 1628 2754 revertit
1654 2717 1666 2753 :
1700 2707 1756 2754 et
1792 2700 1935 2769 (quas
1957 2707 2169 2780 autem,

554 2809 732 2859 mens,
759 2809 792 2847 ο
815 2793 1143 2847 sazeulorum
1165 2793 1281 2847 Rex
1305 2791 1631 2847 immortalis
1652 2800 1709 2847 et
1731 2791 1911 2858 unice,
1933 2802 2144 2849 tantum

554 2883 883 2938 miraculum
916 2881 1388 2953 comprehendere
1421 2882 1598 2937 valeat
1622 2884 1674 2953 l)
1708 2882 1896 2937 vivum
1932 2883 2145 2939 invenit

557 2974 767 3040 filium;
797 2989 961 3045 quem
994 2974 1262 3030 continuo
1282 2982 1590 3043 acceptum,
1619 2982 1715 3028 aut
1737 2975 1924 3044 potius
1947 2986 2144 3045 prater

555 3083 709 3138 spem
740 3077 1046 3137 receptum,
1080 3066 1277 3122 itinere
1311 3066 1539 3133 relecto,
1578 3064 1837 3138 Symeoni
1872 3067 2040 3124 sistit.
2083 3069 2143 3124 In

555 3177 693 3231 quas
712 3160 803 3217 hic
824 3176 991 3217 voces
1015 3159 1460 3216 exsultabundus
1479 3175 1590 3214 non
1612 3159 1841 3216 resolvit
1864 3176 1926 3216 os
1947 3176 2108 3217 suum
2127 3161 2140 3215 ι

555 3271 696 3325 quos
730 3256 785 3311 in
809 3254 948 3327 grati
989 3255 1159 3310 animi
1188 3254 1565 3311 testimonium
1600 3255 1837 3327 hymnos
1874 3256 1987 3311 Deo
2015 3271 2144 3311 san-

555 3358 756 3418 ctoque
810 3363 921 3403 non
968 3347 1170 3404 cecinit
1193 3349 1207 3403 l

753 3438 1228 3507 Quemadmodum
1276 3446 1460 3495 autem
1515 3455 1616 3511 par
1668 3448 1814 3507 erat,
1871 3440 2147 3511 prolicere

556 3542 768 3590 tantum
796 3532 970 3603 gratia
999 3531 1350 3603 Symeonem,
1379 3540 1648 3605 quantum
1674 3542 1834 3589 actate
1856 3576 1870 3595 .
1910 3544 1968 3589 et
2018 3549 2147 3605 pro-

556 3626 683 3702 pius
721 3625 987 3682 accedere
1016 3625 1083 3681 ad
1116 3628 1312 3691 Deum,
1345 3626 1439 3696 qui
1479 3624 1782 3683 accedebat
1820 3626 1927 3696 ipsi
1958 3644 1972 3681 :
2007 3642 2144 3683 con-

556 3719 808 3790 spicatur
841 3734 1037 3775 rursus
1070 3719 1289 3791 (verum
1317 3734 1440 3789 quin
1463 3718 1684 3775 dicendi
1721 3718 1953 3775 facultas
1974 3720 2150 3790 expli-

556 3819 664 3877 cet,
706 3809 854 3881 quod
902 3811 1124 3875 animus
1164 3809 1358 3880 nequit
1403 3808 1920 3879 comprehendere?
1951 3809 2151 3880 caligat

556 3904 729 3970 enim,
764 3903 907 3960 facta
951 3904 1129 3959 solum
1175 3904 1251 3962 rei
1301 3903 1609 3968 mentione,
1643 3902 1911 3974 timetque
1960 3902 2030 3960 ad
2064 3918 2152 3959 re-

557 3997 706 4069 liqua
738 3996 1040 4070 progredi),
1065 3996 1443 4068 conspicatur,
1481 3997 1727 4067 inquam,
1759 3995 2054 4051 Dominum
2087 4010 2151 4051 ac

558 4093 731 4153 Deum
762 4100 1037 4147 nostrum.
1070 4092 1276 4146 Praesto
1298 4098 1456 4145 erant
1478 4097 1796 4144 sanctorum
1830 4090 2149 4160 angelorum

561 4198 777 4252 turmae,
819 4186 1000 4241 stabat
1043 4200 1223 4255 equus
1248 4191 1376 4238 ante
1420 4182 1749 4254 Symeonem
1800 4182 1987 4237 colore
2022 4196 2154 4238 can-

560 4279 712 4343 dido,
760 4278 1083 4349 angelorum
1151 4275 1317 4347 primi
1361 4274 1619 4329 ferebant
1672 4272 1946 4340 diadema,
2001 4273 2152 4345 quod

562 4380 683 4429 crat
729 4386 796 4425 ex
851 4369 1095 4440 pretioso
1137 4367 1341 4438 lapide,
1387 4380 1635 4436 cruxque
1665 4365 1822 4422 alIixa
1854 4366 1932 4421 illi
1988 4377 2148 4433 erat;

560 4470 618 4517 cl
663 4461 843 4525 stella,
892 4459 947 4514 in
993 4458 1220 4514 modum
1248 4456 1483 4529 fulguris
1527 4457 1895 4523 coruscantis,
1919 4472 2150 4529 supere-

2175 3211 2220 3273 (Ξ

2231 572 2446 644 δεήσεις
2475 578 3171 650 ἐπικ).ασθεὶς,κρόισπεδόν
3235 594 3293 631 τι
3340 575 3439 630 τοῦ
3482 577 3676 633 οἰκείου
3726 584 3808 653 ῥά.

2233 684 2365 731 κους
2419 668 2624 740 ὀρέγει,
2677 670 2984 725 καὶτοῦτο
3018 669 3289 740 θεραπεία
3344 669 3685 741 παραχρῆμα
3740 676 3807 745 τῷ

2233 759 2494 829 πάσχοντι
2521 761 2755 830 γίνεται.

2305 860 2406 923 νγ’.
2454 854 2754 927 ’Λνθρώπῳ
2781 856 2889 910 τινὶ
2923 854 3126 926 συνέϐη
3150 854 3241 909 τὸν
3267 854 3391 909 υἱὸν
3419 855 3752 927 τελευτῆσαι,
3783 861 3806 913 ό

2234 942 2291 997 δὲ
2330 942 2499 1014 μηδὲν
2527 946 2812 999 ἀδυνατεῖν
2855 944 2934 1016 τῷ
2993 945 3135 1014 ἁγίῳ
3158 942 3444 998 πιστεύων
3468 945 3606 1011 ὅπερ
3636 945 3696 998 ἂν
3728 947 3805 1001 τοῦ

2235 1033 2371 1087 Θεοῦ
2401 1034 2620 1107 δεηθείη
2659 1037 2805 1108 (ἐπεὶ
2830 1037 2924 1090 καὶ
2958 1035 3173 1105 πέφυκε
3206 1036 3395 1106 φύσει,
3436 1036 3546 1090 πᾶν
3576 1036 3604 1089 ό
3630 1038 3807 1108 σφόδρα

2238 1125 2487 1197 βούλεταί
2540 1146 2644 1193 τις,
2705 1128 2865 1183 τοῦτο
2897 1128 2993 1183 καὶ
3039 1129 3240 1201 ῥᾳδίως
3287 1128 3622 1199 πιστεύειν),
3669 1130 3805 1197 εὐθὺς

2236 1222 2389 1291 παρὰ
2412 1221 2500 1274 τὸν
2534 1221 2679 1275 θεῖον
2723 1221 2945 1293 Συμεὼν
2981 1223 3276 1294 ἀποτρέχει
3299 1262 3315 1285 ,
3353 1222 3560 1276 κλαίων
3598 1223 3802 1294 πικρῶς,

2237 1313 2528 1380 όλολύζων,
2567 1316 2928 1387 κοπτόμενος,
2965 1318 3060 1370 καὶ
3098 1316 3317 1380 πολλοῖς
3366 1316 3552 1380 ἄλλοις
3592 1318 3806 1388 σχήμασί

2238 1426 2297 1462 τε
2339 1410 2434 1463 καὶ
2460 1409 2755 1480 πράγμασι
2784 1412 2911 1475 τοὺς
2943 1409 3231 1473 καύσωνας
3264 1409 3371 1479 τῆς
3404 1408 3631 1480 καρδίας
3653 1426 3806 1479 παρα.

2242 1499 2524 1571 σημαίνων
2543 1517 2555 1531 ’
2594 1500 2850 1572 Ἐλέησόν
2874 1517 2963 1571 με,
2982 1498 3135 1553 δοῦλε
3156 1498 3251 1552 τοῦ
3274 1496 3444 1557 Θεοῦ,
3468 1496 3657 1566 λέγων,
3679 1498 3807 1567 ἐλέη-

2241 1609 2333 1646 σον
2361 1591 2485 1663 ἄρτι
2527 1591 2741 1662 θανάτῳ
2800 1592 2891 1645 τὸν
2917 1591 3081 1645 παῖδα
3106 1588 3487 1662 ζημιωθέντα,
3516 1588 3575 1641 ὃν
3604 1586 3714 1642 οὐδὲ
3742 1588 3806 1659 τῷ

2240 1686 2406 1752 κοινῷ
2449 1685 2558 1738 τῶν
2610 1684 2952 1756 τεθνηκότων
2999 1682 3205 1753 ἔθαψαν
3241 1682 3421 1754 νόμῳ,
3449 1681 3571 1734 ούδέ
3607 1683 3700 1751 γῆν
3722 1682 3807 1733 ἐπ-

2241 1778 2433 1831 έϐαλον
2454 1778 2553 1847 ἤδη
2585 1777 2847 1848 κειμένῳ,
2872 1776 3143 1832 πιστεύων
3166 1776 3243 1841 ὡς
3268 1776 3413 1846 ὅπερ
3442 1774 3509 1829 ἂν
3536 1774 3625 1829 καὶ
3646 1773 3803 1846 βούλῃ,

2243 1869 2429 1933 ἀνύεις
2464 1869 2615 1941 παρὰ
2652 1869 2805 1940 Θεῷ·
2841 1870 2903 1922 οὐ
2931 1869 3040 1940 μὴν
3071 1867 3205 1922 ἀλλὰ
3237 1867 3336 1921 καὶ
3365 1866 3587 1938 θαρρῶν
3627 1883 3710 1919 σου
3752 1870 3805 1937 τῇ

2243 1961 2571 2032 χρηστότητι
2612 1961 2794 2027 πάλιν,
2827 1961 2903 2025 ὡς
2943 1961 3003 2013 οὐ
3030 1959 3267 2033 παρόψει
3313 1976 3405 2029 με,
3450 1959 3689 2029 σφοδρῶς
3722 1959 3807 2013 ὑπὸ

2240 2055 2339 2125 τῆς
2388 2054 2603 2125 φύσεως
2652 2053 2795 2108 οῦτω
2847 2054 2915 2108 τὰ
2965 2052 3252 2124 σπλάγχνα
3293 2052 3605 2122 καιόμενον.
3648 2052 3805 2106 Ἐλεον

2241 2146 2433 2201 τοῦτον
2462 2147 2643 2202 τοίνυν
2677 2145 2881 2213 λαϐὼν,
2929 2148 3024 2201 καὶ
3065 2146 3271 2215 γόνατα
3303 2144 3421 2209 θεὶς
3451 2144 3544 2198 ἐπὶ
3579 2143 3693 2215 γῆν,
3734 2143 3804 2203 τοῦ

2242 2239 2449 2294 ἄνωθεν
2478 2239 2642 2293 πάλιν
2669 2238 2833 2304 αὐτὸς
2855 2238 3038 2302 ἐλέους
3060 2238 3252 2302 ἐδεῖτο,
3286 2237 3385 2290 καὶ
3412 2236 3574 2304 γνοὺς
3598 2236 3806 2306 ἀπορῤή·

2241 2349 2350 2395 τως
2396 2331 2503 2385 ὑπὸ
2543 2332 2642 2403 τῆς
2682 2331 2905 2405 χάριτος
2940 2331 3039 2402 τήν
3069 2333 3147 2395 είς
3187 2330 3281 2384 τὸν
3315 2329 3486 2382 παῖδα
3524 2328 3622 2397 τῆς
3656 2327 3804 2398 ψυχῆς

2244 2422 2400 2487 αὖθις
2431 2423 2710 2488 ἐπάνοδον,
2745 2423 3005 2488 ἀναστὰς,
3048 2422 3145 2477 καὶ
3183 2422 3323 2493 πρὸς
3354 2422 3448 2475 τὸν
3494 2421 3696 2491 πατέρα
3727 2418 3801 2472 τοῦ

2246 2512 2437 2577 παιδὸς
2472 2514 2850 2585 ἐπιστραφεὶς,
2895 2514 2983 2566 Ἐν
3021 2513 3270 2584 ὀνόματι,
3303 2514 3461 2584 φησι,
3505 2511 3597 2565 τοῦ
3628 2511 3800 2581 Κυρίλν

2244 2606 2402 2678 ἡμῶν
2441 2605 2614 2678 Ἰησοῦ
2648 2605 2887 2677 Χριστοῦ
2923 2604 3174 2677 πορεύου,
3196 2606 3225 2657 ὁ
3251 2594 3366 2670 υἱός
3399 2621 3495 2657 σου
3525 2603 3609 2675 ζῇ.
3650 2603 3700 2657 ὐ
3728 2603 3791 2667 δὲ,

2244 2700 2323 2769 τῷ
2355 2698 2498 2768 λόγῳ
2532 2698 2878 2770 παραχρῆμα
2914 2697 3232 2761 πιστεύσας,
3269 2697 3366 2749 καὶ
3397 2694 3577 2750 οἴκαδε
3612 2694 3699 2762 τὴν
3724 2710 3801 2746 τα·

2245 2788 2437 2860 χίστην
2464 2786 2779 2842 ἐπανελθὼν
2814 2786 2990 2859 (ποία,
3031 2787 3160 2858 μόνε
3199 2787 3312 2841 τῶν
3357 2784 3568 2840 αἰώνων
3603 2784 3799 2838 etiam

2247 2879 2493 2951 βασιλεῦ,
2512 2879 2650 2951 ἀκοὴ
2668 2877 2857 2949 θαῦμα
2879 2877 3131 2933 τοσοῦτον
3164 2877 3420 2948 χωρῆσαι
3446 2876 3713 2947 δυνήσεται
3736 2874 3798 2943 ι),

2246 2972 2427 3037 ζῶντα
2447 2973 2540 3025 τὸν
2569 2973 2683 3026 υίὸν
2715 2968 2957 3043 εὑρίσκει
2977 2987 2989 3000 ·
3024 2970 3080 3023 ὃν
3104 2971 3201 3023 καὶ
3220 2969 3410 3023 λαϐὼν
3436 2968 3663 3039 εύθὺς,ἦ
3693 2964 3799 3036 παρ’

2247 3065 2438 3121 ἐλπίδα
2480 3066 2682 3135 μᾶλλον
2712 3062 3027 3130 ἀπολαϐὼν,
3070 3064 3165 3117 καὶ
3206 3062 3348 3134 πρὸς
3368 3062 3457 3116 τὸν
3485 3062 3663 3130 ’Δγισν
3691 3060 3797 3113 ἀνα-

2253 3158 2512 3230 στρέψας,
2572 3156 2735 3222 ποίας
2787 3155 3181 3227 ἀγαλλιωμένῳ
3240 3155 3473 3225 στόματι
3515 3152 3681 3223 φωνὰς
3717 3154 3796 3204 οὐκ

2251 3251 2441 3323 ἠφίεις
2470 3249 2624 3315 τίνας
2662 3251 2764 3305 οὐκ
2784 3248 3236 3323 εὐχαριστηρίους
3266 3247 3474 3319 ὕμνους
3497 3246 3609 3318 Θεῷ
3638 3246 3718 3299 καὶ
3736 3242 3797 3315 τῷ

2249 3348 2476 3421 Συμεὼν
2503 3349 2769 3415 ansam;

2320 3443 2414 3499 νδ¹.
2454 3434 2557 3496 Οἷα
2604 3440 2663 3495 δὲ
2711 3441 2859 3507 εἰκὸς
2910 3440 3249 3512 προκόπτειν
3294 3439 3485 3511 ὥσπερ
3529 3435 3695 3507 ἡλικίᾳ
3722 3434 3793 3488 τὸν

2248 3533 2497 3605 Συμεὼν,
2533 3533 2676 3587 οὕτω
2706 3534 2802 3587 καὶ
2839 3534 3059 3605 χάριτι,
3084 3534 3180 3589 καὶ
3218 3533 3425 3605 μᾶλλον
3455 3530 3673 3600 ἐγγίζειν
3700 3525 3793 3595 Θεῷ

2251 3625 2331 3697 τῷ
2364 3622 2662 3693 ἐγγίζοντι.
2708 3621 2843 3695 Ὁρᾷ
2876 3622 3015 3694 μετὰ
3040 3620 3215 3677 ταῦτα
3239 3621 3407 3675 πάλιν
3439 3618 3587 3691 (ἀλλὰ
3619 3616 3718 3677 πῶς
3742 3614 3792 3667 ἄν

2249 3719 2320 3772 τὰ
2357 3718 2494 3789 μηδέ
2535 3717 2614 3791 νῷ
2678 3715 2863 3785 ληπτὰ
2918 3716 3078 3784 λόγος
3128 3712 3469 3788 ἑρμηνεῦσαι
3518 3711 3789 3779 ﬁni/ﬁatut;

2255 3811 2463 3883 ίλιγγιᾷ
2513 3811 2622 3882 γὰρ
2663 3810 2766 3881 ήδη
2801 3810 2898 3865 καὶ
2947 3810 3085 3882 πρὸς
3123 3808 3224 3881 τὴν
3275 3812 3520 3881 μνήμην,
3562 3804 3647 3859 καὶ
3683 3800 3790 3854 δέδιε

2255 3902 2567 3974 προσϐῆναι
2594 3902 2707 3966 τοῖς
2761 3901 3003 3972 ἐφεξῆς),
3049 3902 3154 3973 ὁρᾷ
3186 3899 3480 3972 τοιγαροῦν
3516 3898 3601 3950 τὸν
3626 3892 3790 3960 Κύριον

2252 3995 2409 4067 ήμῶν
2438 3996 2531 4048 καὶ
2568 3994 2704 4049 Θεὸν
2731 4035 2745 4059 ,
2782 3996 3144 4066 παρειστήκει
3176 3994 3233 4047 δέ
3263 3995 3362 4048 καὶ
3391 3992 3544 4047 θείων
3589 3984 3789 4056 ἀγγέλων

2252 4090 2531 4159 τάγματα,
2557 4088 2724 4148 ἵππος
2742 4104 2803 4142 τε
2834 4087 2941 4159 πρὸ
2964 4086 3057 4140 τοῦ
3092 4085 3321 4157 Συμεὼν
3346 4085 3578 4155 εἱστήκει
3604 4078 3658 4131 τὸ
3681 4071 3789 4136 εἶδος

2252 4180 2445 4244 λευκὸς
2476 4219 2492 4245 ,
2526 4181 2622 4234 καὶ
2648 4180 2889 4253 διάδημα
2921 4180 3180 4252 φέροντες
3204 4179 3319 4233 τῶν
3345 4178 3582 4247 ἀγγέλων
3605 4174 3647 4226 oi
3670 4166 3788 4239 πρῶ·

2250 4291 2358 4340 τοι,
2380 4270 2449 4346 ἦν
2478 4274 2536 4328 δὲ
2568 4274 2679 4346 ἄρα
2710 4274 2860 4328 λίθου
2897 4274 3104 4346 τιμίου,
3135 4274 3374 4345 σταυρός
3403 4288 3459 4325 τε
3491 4265 3624 4335 αὑτῴ
3652 4275 3786 4332 προσ·

2253 4370 2544 4442 επεπήγει,
2569 4368 2665 4422 καὶ
2681 4369 2860 4441 ἀστὴρ
2879 4370 2980 4423 ὅσα
3003 4368 3096 4422 καὶ
3117 4366 3375 4439 ἀστραπή
3402 4362 3631 4436 φωτίζων
3653 4357 3785 4422 ὑπερ-

2254 4464 2488 4533 ανεῖχεν,
2524 4461 2666 4517 ὥστε
2695 4460 3013 4534 περιϐαλεῖν
3052 4460 3218 4516 αὑτὸν
3255 4460 3417 4515 τοῦτο
3456 4454 3546 4510 καὶ
3582 4442 3784 4522 βασιλεῦ-

562 4551 828 4623 niincbat,
863 4550 1309 4620 videbanturque
1376 4548 1471 4606 illo
1503 4547 1767 4604 redimire
1818 4548 2145 4621 Symeonem

2258 4575 2367 4621 σαι.
2420 4556 2480 4610 ‘0
2517 4554 2576 4610 δὲ
2618 4556 2756 4626 πρὸς
2791 4555 3026 4619 αὐτοὺς,
3066 4554 3180 4608 Οὐκ
3214 4546 3599 4624 ἀφαιρήσεσθε,
3636 4539 3780 4636 (pne-1%

561 4654 619 4701 et
661 4661 851 4701 creare
902 4660 1108 4716 regem.
1162 4644 1265 4701 llic
1305 4651 1492 4699 autem
1523 4642 1600 4699 ita
1642 4643 1767 4698 illos
1813 4643 2147 4714 alloquitur:

561 4733 683 4789 Non
737 4732 1001 4789 auferetis
1038 4732 1173 4787 mihi
1227 4732 1413 4788 tritam
1446 4733 1589 4788 hanc
1636 4733 1936 4799 lacernam,
1985 4749 2151 4805 quam

562 4839 664 4895 pro
706 4824 883 4893 gloria
924 4822 1130 4880 Christi
1178 4823 1408 4880 indutus
1446 4840 1591 4880 sum.
1628 4824 1714 4893 Illi
1770 4834 1966 4881 contra
2000 4843 2014 4880 :
2047 4826 2154 4882 Per

563 4916 689 4981 hoc,
741 4916 1018 4987 inquiunt.
1048 4918 1161 4973 Deo
1205 4919 1435 4990 ejusque
1465 4920 1749 4991 unigenito
1795 4920 1937 4975 Filio
1991 4936 2146 4977 corn-

562 5016 746 5073 nator,
806 5017 865 5064 et
910 5018 1170 5082 tanquam
1219 5027 1525 5083 purpuram
1580 5012 1828 5069 induitor
1881 5012 2154 5085 Spiritum

565 5109 855 5166 sanctum;
887 5108 944 5156 et
982 5102 1362 5159 dominaberis
1404 5119 1531 5159 cum
1562 5104 1741 5161 beatis
1786 5106 2069 5162 mentibus
2096 5107 2154 5162 in

568 5206 743 5262 regno
768 5207 1051 5262 nunquam
1079 5194 1451 5249 terminando.
1477 5196 1840 5267 Posteaquam
1863 5197 1980 5252 haec
2007 5197 2155 5254 dicta

563 5286 783 5356 excepit
844 5287 1118 5358 Symeon,
1188 5288 1599 5359 inexplebiliter
1658 5289 1715 5345 in
1762 5292 2153 5362 corpusculum

563 5394 727 5433 suum
780 5382 970 5435 saavire
1018 5380 1274 5453 cupidus,
1327 5381 1627 5452 divellique
1664 5398 1695 5437 a
1742 5384 1949 5439 mundo
1989 5400 2150 5439 mun-

564 5466 734 5536 dique
766 5469 952 5533 rebus,
991 5480 1049 5526 et
1097 5472 1327 5542 propius
1385 5472 1453 5527 ad
1500 5473 1674 5528 Deum
1737 5474 2036 5546 divinaque
2060 5492 2152 5531 ac-

565 5559 775 5616 cedere
820 5562 1072 5625 festinus,
1114 5565 1392 5621 irrctortis
1425 5564 1480 5620 in
1514 5566 1809 5623 Dominum
1845 5569 2041 5635 oculis,
2078 5570 2158 5628 sic

568 5649 750 5718 inquit
778 5669 792 5705 :
830 5652 1060 5710 Domine
1091 5662 1147 5709 et
1176 5654 1433 5711 conditor
1466 5672 1654 5712 rerum
1682 5659 1949 5725 omnium,
1980 5676 2156 5731 quan-

569 5740 870 5811 doquidem
909 5760 997 5799 me
1029 5745 1316 5817 indignum
1365 5746 1623 5817 dignatus
1666 5748 1839 5805 fueris
1878 5751 1995 5820 pari
2032 5767 2158 5806 cum

570 5831 779 5898 sanctis
814 5834 923 5892 tuis
956 5838 1127 5908 gloria
1158 5848 1322 5909 atque
1368 5856 1559 5911 regno,
1602 5857 1802 5912 precor
1847 5846 2158 5917 henignita~

2259 4649 2359 4704 ἀπ’
2381 4648 2517 4719 ἐμοῦ
2567 4648 2630 4702 τὸ
2677 4649 2921 4718 τρίχινον
2962 4646 3165 4718 ἔνδυμα
3198 4645 3381 4710 τοῦτο,
3415 4644 3545 4711 ὅπερ
3572 4637 3642 4696 εἰς
3664 4628 3783 4693 Μξαν

2258 4739 2497 4812 Χριστοῦ
2535 4739 2867 4811 ἠμφίεσμαι.
2907 4739 2972 4792 Οί
2999 4738 3078 4800 δὲ,
3113 4734 3493 4806 Στεφανὼθητι
3527 4726 3607 4782 διὰ
3632 4720 3780 4776 τούτου

2260 4831 2381 4904 Θεῷ
2432 4833 2525 4886 καὶ
2576 4830 2656 4903 τῷ
2708 4833 2987 4903 μονογενεί
3025 4830 3142 4900 Υίῷ
3189 4828 3376 4895 αὑτοῦ,
3418 4822 3581 4883 εἶπον,
3610 4813 3782 4871 καῖδσα

2261 4925 2553 4996 ’πορφύραν
2574 4924 2790 4978 ἔνδυσαι
2815 4923 2875 4976 τὸ
2913 4923 3068 4991 ἅγιον
3098 4921 3343 4992 Πνεῦμα,
3374 4919 3465 4973 καὶ
3499 4904 3779 5003 βασιλεύσεις

2264 5019 2363 5072 σὺν
2424 5016 2601 5087 ἁγίοις
2658 5015 2935 5086 βασιλείαν
2995 5014 3249 5069 οὐδέποτε
3320 5013 3598 5082 λήγουσαν.
3636 4998 3780 5089 Ταῦτα

2261 5110 2450 5182 ἐπειδὴ
2481 5108 2672 5181 ῥηθείη
2697 5107 2777 5179 τῷ
2794 5108 2866 5160 Συ
2877 5105 3044 5178 μεὼν.
3075 5106 3368 5176 ἀπλήστως
3395 5100 3587 5158 ἐκεῖνος
3610 5091 3691 5182 τῆς
3707 5097 3777 5137 του

2263 5179 2513 5272 σώματοξ
2538 5179 2862 5271 νεκρὼσεως
2894 5198 3054 5269 ἔχων,
3092 5196 3269 5260 ἄλλως
3301 5212 3359 5248 τε
3397 5193 3452 5246 δὲ
3480 5187 3567 5242 καὶ
3615 5179 3777 5272 κόσμου

2261 5297 2357 5349 καὶ
2401 5293 2511 5348 τῶν
2560 5292 2657 5347 τοῦ
2705 5292 2915 5364 κόσμου
2950 5289 3253 5362 ρήγνυσθαι
3285 5284 3538 5349 σπεύδων,
3573 5265 3779 5364 “NP-5’

2263 5385 2394 5439 θεὸν
2425 5386 2520 5440 καὶ
2561 5385 2631 5439 τὰ
2668 5384 2789 5439 θεῖα
2813 5357 3044 5455 *μᾶλλον
3075 5381 3392 5453 ἀνάγεσθαι,
3416 5372 3589 5446 ἀγενὲς
3618 5366 3684 5425 είς
3710 5357 3768 5455 τίδ’

2263 5477 2542 5548 Δεσπότην
2577 5476 2719 5539 ἰδὼν,
2748 5445 2998 5530 Δέσποτα
3040 5445 3281 5539 πάντων,
3314 5474 3431 5544 ἔφη,
3465 5445 3561 5520 ﬁxa!
3600 5445 3769 5548 ποιητάς

2264 5569 2387 5624 ἐπεί
2433 5545 2506 5640 με.
2550 5569 2640 5622 τὸν
2688 5569 2908 5634 ἀνάξιον
2938 5567 3114 5635 ἀξιοῖς
3161 5568 3337 5635 ἁγίοις
3376 5545 3778 5646 συμϐασιλεέἱίῗτ

2264 5630 2457 5729 δέομαί
2500 5679 2595 5715 σου
2635 5662 2735 5731 τῆς
2758 5630 3105 5731 ἁγαθότητος.
3127 5630 3321 5731 μηκέτι
3366 5649 3563 5741 μετιῖὛ
3588 5630 3776 5741 τοῦ

2268 5753 2576 5825 βρωμάτων
2602 5728 3062 5824 μεταλαμϐάνειν,
3111 5728 3244 5822 μηδὲ
3274 5750 3453 5809 σιτίοις
3476 5728 3777 5825 ἀνθρωπὶνξις

2269 5846 2523 5917 χρῆσθαι.
2549 5845 2735 5899 Ταῦτα
2769 5842 2861 5898 τοῦ
2880 5844 3014 5899 Θεοῦ
3042 5845 3273 5916 δεηθεὶς,
3306 5828 3609 5896 Δεσποτικῆἶ
3629 5822 3774 5874 mw"
