3988 6530
214 392 343 458 3037

1210 402 1388 462 VITA
1424 403 1470 461 A
1510 401 1948 464 NICEPHORO
1984 400 2478 463 CONSCRII’TA.

3329 399 3472 465 3038

215 503 386 573 φωνῆς
420 500 750 576 εὐδοκούσης
777 503 879 576 τὴν
912 505 1152 577 αἴτησιν,
1182 509 1278 563 καὶ
1323 492 1669 582 παραχρῆμᾶ
1704 511 1774 565 ἐν-

1892 519 2002 566 tem
2033 519 2207 574 tuam,
2244 516 2303 563 ut
2336 524 2404 564 ne
2434 524 2543 579 qua
2567 523 2830 579 uetnceps
2862 510 3166 565 necessitas
3197 508 3482 568 incumbat

210 594 418 650 δύουσιν
447 596 609 651 αὑτὸν
651 598 840 654 ἐπάνω
871 598 982 652 τῶν
1012 600 1328 672 άσκητικῶν
1361 601 1568 672 ῥακίων
1608 620 1780 657 κατα-

212 687 394 759 στολήν
438 688 594 759 δόξης
630 691 681 743 oi
743 690 943 759 ἇγγελο
958 708 997 756 ι,
1066 676 1547 764 μεγαλοπρέπειάν
1587 712 1646 749 τε
1687 696 1784 750 καὶ

206 779 531 850 ὡραιότητα,
565 781 627 834 τό
660 798 719 834 τε
746 782 986 853 διάδημα
1017 784 1261 837 τιθέασιν
1287 785 1380 838 ἐπὶ
1408 785 1508 856 τὴν
1535 787 1782 858 κεφαλὴν

207 872 386 935 αὐτοῦ,
426 876 518 927 καὶ
557 874 652 929 ἐπὶ
677 875 769 929 τὸν
799 876 1038 946 φανέντα
1077 877 1244 931 ἵππον
1270 879 1611 945 καθίζουσιν.
1652 877 1786 935 Εἶτα

206 965 292 1017 καὶ
322 964 614 1036 σύμφωνος
652 969 907 1038 ἀγγέλοις
943 973 1099 1033 πᾶσι,
1133 971 1355 1043 Χριστῷ
1389 972 1485 1026 καὶ
1517 972 1596 1043 τῷ
1620 972 1785 1026 αὐτοῦ

206 1056 492 1124 θεράποντι
520 1059 745 1130 Συμεὼν
780 1062 937 1133 ᾔδετο
969 1063 1169 1135 ὕμνοςο
1208 1063 1371 1127 αὐτός
1397 1081 1456 1116 τε
1485 1065 1515 1117 ό
1545 1064 1784 1135 πονηρὸς

202 1148 274 1218 τῷ
313 1150 478 1221 Ἀγίῳ
509 1155 601 1207 καὶ
634 1154 703 1207 τὰ
734 1155 828 1209 τοῦ
863 1157 1102 1227 πονηροῦ
1130 1156 1440 1228 πνεύματα,
1470 1149 1582 1210 οἷον
1611 1173 1780 1211 κατα-

204 1240 516 1311 πεπληγότα
546 1244 838 1299 ἐδείκνυτο.

1888 603 2047 669 mihi,
2078 602 2207 658 vitae
2232 600 2608 656 sustentandae
2635 616 2823 665 causa,
2858 601 3182 657 hominibus
3214 612 3481 659 consueta

1886 696 2093 752 cibaria
2166 692 2443 750 sumendi.
2506 692 2635 748 Haec
2697 704 2956 763 precatus
3023 694 3237 749 inaudit
3288 712 3480 751 vocem

1890 785 2124 851 Domini,
2186 784 2455 840 benevole
2514 785 2870 840 assentientis
2924 786 3188 856 petitioni
3246 806 3259 842 :
3308 787 3481 841 advo-

1884 878 2176 948 lantesque
2201 875 2471 931 velociter
2485 875 2665 945 angeli
2687 877 2982 930 asceticam
3012 894 3181 947 super
3202 878 3479 933 lacernam

1888 970 2127 1024 induunt
2165 983 2294 1025 eum
2342 968 2481 1024 stola
2511 967 2721 1038 gloriae,
2782 969 3088 1039 m'ajestatis
3129 986 3194 1025 ac
3227 971 3477 1039 decoris;

1889 1062 2200 1117 diademate
2247 1060 2484 1133 cingunt
2521 1069 2689 1129 caput
2724 1061 2865 1132 ejus,
2910 1070 2967 1116 et
3031 1076 3199 1131 super
3249 1078 3476 1133 equum,

1889 1154 1984 1224 qui
2019 1154 2341 1225 apparebat,
2375 1154 2669 1225 imponunt
2692 1168 2842 1208 eum.
2891 1153 3021 1208 Post
3063 1152 3177 1207 h;ec
3204 1169 3481 1209 consonus

1889 1246 2126 1319 hymnus
2176 1245 2387 1317 angelis
2431 1245 2692 1301 omnibus
2743 1243 2964 1301 Christo
3022 1226 3076 1299 et
3109 1244 3314 1299 famulo
3364 1248 3481 1315 ejus

203 1334 451 1405 Symeoni
492 1338 796 1393 canebatur
832 1358 844 1393 :
880 1340 994 1410 ipse
1047 1350 1233 1397 autem
1276 1355 1513 1411 nequam
1562 1338 1791 1412 spiritus
1830 1354 1956 1395 cum
2006 1354 2119 1395 sua:
2178 1338 2439 1409 nequitiae
2494 1336 2679 1404 sociis,
2730 1337 2904 1392 veluti
2948 1336 3293 1408 proﬂigatus,
3326 1340 3477 1392 exhi.

201 1432 428 1487 bebatur
474 1444 688 1488 sancto.

264 1531 355 1577 νε’.
388 1527 549 1579 Μετὰ
581 1527 712 1596 γοῦν
739 1528 840 1599 τὴν
874 1528 1024 1582 θείαν
1045 1529 1370 1599 ἐπιφάνειαν
1389 1528 1615 1598 ταύτην,
1645 1525 1778 1580 ἀκό-

200 1616 358 1669 λουθα
385 1617 550 1671 πάλιν
585 1622 697 1684 τοῖς
756 1621 1089 1692 προλαϐοῦσι
1141 1623 1210 1675 τά
1257 1620 1597 1691 ἐπαγόμενοι.
1644 1619 1775 1672 Ἀν-

200 1708 412 1779 θρωππ
444 1713 551 1782 γάρ
579 1730 662 1776 τις
688 1712 901 1783 γέροντι
927 1714 1119 1778 δεινῶς
1150 1712 1473 1784 ἐχθραίνων,
1509 1712 1603 1764 καὶ
1639 1710 1774 1780 σφό-

1957 1525 2045 1582 55.
2074 1525 2204 1580 Post
2235 1526 2481 1581 divinam
2514 1528 2659 1582 hanc
2687 1526 3106 1590 revelationcm,
3134 1537 3323 1582 secuta
3350 1538 3479 1581 sunt

1884 1624 2013 1687 alia,
2037 1623 2333 1695 przemissis
2350 1624 2551 1679 similia
2574 1631 2630 1678 et
2655 1620 3005 1677 admiranda.
3034 1620 3209 1674 Homo
3230 1620 3476 1690 quidam,

1884 1715 2035 1786 gravi
2088 1713 2216 1769 odio
2262 1729 2365 1769 nec
2409 1713 2605 1768 leviori
2669 1711 2876 1768 invidia
2922 1725 3111 1765 senem
3163 1709 3477 1779 quempiam

198 1802 293 1874 δρα
318 1803 779 1876 διαφθονούμενος
807 1807 1118 1877 φαρμάκοις
1138 1807 1225 1859 ἐπ’
1266 1806 1428 1859 αὑτὸν
1471 1806 1770 1875 ἐχρήσατοο

1883 1820 2253 1876 prosequens,
2289 1819 2507 1859 veneno
2538 1804 2716 1874 ipsum
2747 1801 2971 1873 aggredi
3004 1809 3276 1857 statuerat
3309 1816 3474 1869 :par-

199 1894 262 1949 τά
302 1895 360 1949 δ’
406 1895 520 1967 ἄρα
576 1897 829 1952 τοσοῦτον
886 1897 1140 1970 ἔδρασαν,
1172 1896 1248 1961 ὡς
1288 1896 1480 1950 ἐαυτὸν
1531 1896 1629 1967 μὲν
1681 1894 1776 1948 καὶ

197 1987 384 2052 παῖδας
412 1988 705 2059 (ἐτύγχανε
741 1990 852 2062 γὰρ
880 1992 1026 2055 υἱοὺς
1057 1991 1216 2063 ἔχων)
1247 1991 1327 2054 εις
1357 1988 1464 2058 γῆν
1491 1988 1775 2059 “mibi”?

196 2080 441 2147 γνυσθαι,
474 2079 543 2135 τά
568 2080 627 2134 δέ
659 2080 849 2135 τούτου
908 2083 1079 2153 κτήνη
1114 2082 1255 2135 κατὰ
1272 2079 1534 2153 κρημνῶν
1559 2079 1773 2133 ἐλαυνό-

197 2188 326 2242 μενα
353 2172 640 2242 φέρεσθαι.
687 2172 928 2238 Ἐνδείας
966 2175 1146 2228 τοίνυν
1180 2175 1386 2246 ἄρτων,
1432 2168 1521 2229 οἷα
1545 2173 1777 2243 συμϐαί-

193 2280 300 2317 νειν
339 2265 509 2333 φιλεῖ,
556 2267 691 2337 πρὸς
720 2268 819 2337 τὴν
850 2266 957 2320 τῶν
988 2267 1243 2337 μοναχῶν
1266 2266 1492 2321 καὶτῶν
1524 2266 1775 2336 πενήτων

192 2355 378 2426 χρείαν
430 2358 493 2409 ἐν
521 2361 588 2428 τῇ
627 2361 761 2430 μονῇ
793 2360 1092 2429 γενομένης
1114 2398 1130 2423 ,
1163 2358 1395 2426 ἄγγελος
1426 2360 1482 2410 ἐν
1514 2356 1668 2427 ῦπνῳ
1698 2356 1775 2427 τῷ

196 2446 411 2518 γέροντι
442 2451 747 2521 παραστὰς,
794 2451 1079 2515 Ἀναστὰς,
1120 2451 1275 2521 φησι,
1317 2450 1449 2505 λάϐε
1475 2452 1641 2508 σῖτον,
1679 2449 1775 2502 καὶ

135 2570 139 2575 τ
189 2542 336 2611 παρὰ
370 2544 469 2596 τὸν
499 2543 641 2596 θεῖον
696 2544 919 2615 Συμεὼν
954 2544 1262 2614 πορευθεὶς,
1299 2543 1391 2599 τὸν
1448 2545 1546 2614 μὲν
1574 2542 1773 2613 πένησι

190 2635 278 2687 καὶ
305 2637 427 2697 τοῖς
460 2636 716 2705 μοναχοῖς
747 2637 955 2707 τροφὴν
989 2638 1235 2706 κομιεῖςο
1269 2636 1352 2690 σοὶ
1380 2636 1437 2689 δὲ
1463 2634 1773 2705 κράσπεδον

187 2725 290 2778 τῶν
322 2726 589 2796 τριχίνων
635 2729 847 2782 ἐκείνου
902 2728 1119 2783 λαϐόντι
1175 2728 1402 2800 ῥακίων,
1436 2728 1774 2800 ἀφεθήσεται

1882 1899 1980 1954 tim
2023 1897 2194 1969 igitur
2224 1906 2434 1952 tantum
2465 1896 2666 1961 eﬂ‘ecit,
2702 1904 2762 1950 ut
2784 1910 2955 1950 senex
2981 1909 3106 1949 cum
3141 1892 3268 1948 filiis
3295 1892 3476 1961 (pater

1878 1988 2085 2059 quippe
2124 1988 2263 2058 erat)
2295 1988 2353 2042 in
2388 1998 2592 2043 terram
2626 1994 2960 2055 prostratus,
3005 1984 3206 2054 partim
3245 1998 3379 2037 vero
3415 1990 3475 2036 ut

1876 2080 2118 2153 pecudes
2149 2081 2269 2152 ejus
2301 2080 2357 2135 in
2392 2078 2692 2151 prmeipitia
2726 2086 2859 2133 actze
2906 2076 3039 2133 sint.
3088 2076 3252 2130 Facta
3289 2090 3388 2144 per
3420 2073 3475 2128 id

1879 2183 2118 2244 tempus,
2137 2174 2219 2228 uti
2240 2172 2355 2228 fieri
2381 2172 2610 2236 assolet,
2633 2186 2867 2224 annona:
2888 2168 3155 2224 charitate
3182 2168 3235 2221 in
3259 2182 3473 2227 eremo,

1877 2266 2379 2336 deﬁcientibusque
2412 2264 2702 2320 monachis
2740 2273 2797 2317 et
2827 2262 3166 2333 pauperibus
3216 2261 3475 2331 panibus,

1878 2360 2107 2430 angelus
2135 2360 2189 2414 in
2213 2358 2431 2413 somnis
2473 2357 2652 2413 astitit
2701 2357 2845 2421 seni,
2906 2355 3155 2424 dixitque
3195 2374 3205 2407 :
3270 2353 3473 2424 Surge,

1877 2451 2064 2521 accipe
2113 2450 2479 2515 frumentum,
2540 2456 2596 2504 et
2626 2448 2691 2502 ad
2741 2447 2921 2501 virum
2997 2444 3093 2500 Dei
3142 2444 3475 2516 Symeonem

1878 2543 2360 2614 proficiscere:ac
2388 2542 2726 2597 frumentum
2761 2540 2986 2609 quidem
3036 2538 3295 2593 cibandis
3342 2554 3478 2607 pau-

1877 2636 2106 2707 peribus
2134 2644 2299 2706 atque
2333 2634 2622 2689 monachis
2652 2633 2932 2703 portabis;
2969 2641 3029 2685 tu
3066 2647 3219 2693 vero,
3249 2640 3476 2700 recepto

1876 2726 2114 2782 lacernae
2141 2726 2320 2795 ipsius
2347 2724 2611 2789 frustillo,
2646 2722 2937 2785 familiam,
2975 2721 3181 2791 quibus
3222 2720 3481 2789 astringi-

188 2817 252 2869 τὰ
317 2818 421 2871 τοῦ
482 2820 632 2871 οἴκου
688 2819 885 2888 δεσμά.
916 2821 1069 2874 Σίτον
1101 2821 1201 2890 μὲν
1249 2819 1342 2873 οῦν
1394 2819 1600 2882 εὐθέως
1660 2820 1774 2871 ἐκεῖ

1881 2829 1970 2875 tur
2001 2819 2238 2875 vinculis
2290 2819 2567 2882 solutam,
2628 2814 2974 2886 postliminio
3043 2813 3327 2884 gaudebis.
3384 2813 3479 2867 llle

190 2905 465 2977 προθύμῳ
505 2907 647 2974 ποδὶ,
700 2908 1158 2981 προθυμοτέρᾳδὲ
1188 2908 1284 2962 καὶ
1307 2908 1501 2979 γνώμῃ
1536 2908 1773 2975 κομίζει.

1883 2928 2011 2966 mox
2046 2927 2238 2983 gressu
2269 2911 2461 2977 alacri,
2485 2909 2579 2965 sed
2609 2908 2795 2963 animo
2824 2907 3113 2967 alacriore,
3141 2907 3476 2961 frumentum

191 2999 428 3053 Ἔπειτα
453 3000 635 3069 μέντοι
661 3000 882 3070 βώλακα
913 3002 1015 3071 γῆς
1047 3002 1143 3055 καλ⁸
1173 2998 1318 3070 ὕδωρ
1346 2999 1530 3053 λαϐὼν
1563 3000 1667 3054 ὑπὸ
1695 2999 1774 3071 τῷ

1881 3004 2151 3060 advehit:
2209 3002 2411 3059 deinde
2470 3010 2754 3071 acceptam
2824 3009 2984 3054 terras
3041 2999 3255 3069 glebam
3311 3008 3483 3069 atque

185 3088 317 3140 κίονι
359 3088 577 3159 τίθησιν
605 3106 619 3121 ·
661 3088 777 3145 εἶτα
816 3092 1000 3161 ἐγχέει
1045 3092 1145 3163 τήν
1174 3092 1385 3145 οἰκείαν
1412 3090 1647 3144 ἐνώπιον
1672 3089 1767 3143 τοῦ

1881 3112 2077 3167 aquam
2108 3096 2211 3151 sub
2256 3096 2513 3150 columna
2565 3094 2817 3164 deponit.
2863 3092 3005 3147 Tum
3038 3107 3172 3146 vero
3219 3100 3390 3144 totum
3419 3106 3479 3143 se

186 3179 336 3248 ἁγίου
393 3180 605 3251 δέησιν,
672 3183 1009 3252 ἀπαγγέλλει
1063 3185 1165 3253 τὴν
1202 3183 1401 3252 θλίψιν,
1426 3182 1598 3236 δεῖται
1649 3180 1774 3252 θερ-

1882 3185 1941 3239 in
1978 3201 2174 3255 preces
2205 3184 2444 3239 effundit
2475 3198 2665 3239 coram
2697 3189 2913 3247 sancto,
2965 3180 3195 3250 exponit
3244 3179 3476 3234 calami-

189 3272 325 3343 μῶς,
363 3273 508 3328 ὥστε
544 3276 950 3346 προσεύξασθαι
1008 3274 1141 3348 περὶ
1168 3274 1359 3341 αὐτοῦ,
1381 3275 1451 3330 τά
1496 3291 1556 3327 τε
1596 3291 1773 3344 παραυ

187 3367 425 3435 κείμενα
477 3368 794 3438 εὐλογῆσαι,
824 3369 919 3423 καί
974 3385 1029 3422 τι
1083 3366 1177 3422 τοῦ
1236 3367 1346 3422 τῶν
1379 3367 1590 3437 ῥακίων
1626 3363 1775 3435 αὐτῷ

191 3459 518 3529 μεταδοῦναι
555 3462 889 3530 κρασπέδου.
925 3462 1108 3533 ’Λπερ
1137 3460 1213 3525 ὡς
1242 3460 1415 3515 ἐδεῖτο
1444 3457 1648 3525 λαὸὼν,
1678 3457 1775 3511 καὶ

187 3552 372 3607 οἴκαδε
402 3552 478 3616 ὡς
523 3548 669 3624 εἶχεν
703 3553 1037 3621 ἐπανελθὼν,
1061 3556 1152 3623 ἀφ’
1179 3552 1378 3608 ἑαυτοῦ
1419 3551 1637 3623 πρώτου
1673 3549 1767 3619 μέ-

188 3661 277 3714 χρι
305 3644 411 3698 καὶ
444 3644 542 3698 τοῦ
583 3646 957 3715 σμικροτάτου
1018 3645 1413 3716 διαρῥαντίζει,
1463 3646 1602 3713 ὅπερ
1670 3642 1773 3695 οὐκ

187 3736 338 3807 αὺτῷ
375 3736 523 3806 μόνῳ
554 3736 649 3790 καὶ
674 3737 834 3789 παισὶ
862 3737 956 3789 καὶ
985 3737 1352 3807 βοσκήμασιν,
1386 3734 1525 3790 ἀλλὰ
1546 3734 1644 3787 καὶ
1664 3733 1773 3804 ὅλῳ

187 3830 321 3899 οἴκῳ
350 3828 489 3901 πρὸς
520 3828 823 3902 θεραπείαν
848 3830 949 3901 τῆς
977 3828 1331 3902 φαρμακείας
1352 3830 1608 3901 ήρκεσεν.

254 4099 369 4159 νς⁸.
385 4090 518 4148 Εἶτα
536 4093 723 4148 πολλοὶ
739 4094 883 4149 κατὰ
897 4093 1092 4149 ταυτὸν
1112 4091 1417 4164 προσῆλθον
1435 4092 1584 4164 αὑτῷ
1598 4091 1777 4163 διαφό-

188 4205 304 4258 ροις
325 4186 582 4253 πάθεσιν,
616 4188 665 4240 οί
694 4187 791 4259 μὲν
818 4187 992 4251 νόσοις
1008 4186 1302 4253 ποικίλαις,
1320 4187 1369 4240 οἱ
1389 4186 1445 4241 δὲ
1471 4186 1566 4241 καὶ
1584 4184 1776 4258 δαίμο-

189 4296 272 4339 σιν
294 4280 695 4351 ἐνοχλούμενοι·
716 4282 744 4334 ὁ
759 4279 816 4333 δὲ
832 4278 1033 4334 τούτων
1058 4278 1276 4350 ἑκάστῳ
1302 4277 1520 4349 θερμῶς
1544 4277 1776 4344 ἐπευξάο

188 4392 373 4445 μενος,
394 4375 533 4427 ἀλλὰ
554 4372 648 4427 καὶ
666 4375 857 4445 χεῖρας
883 4371 1117 4437 ἐπιθεὶς,
1147 4371 1281 4444 πρὸς
1303 4372 1437 4425 Θεὸν
1456 4369 1543 4425 διὰ
1574 4372 1776 4437 παντὸς

185 4464 355 4538 [κατὰ
367 4466 466 4530 τὰς
484 4463 659 4537 θείας]
673 4464 891 4528 ἐντολὰς
907 4466 961 4517 al
967 4482 1029 4535 ρο
1035 4464 1223 4534 μένας,
1238 4463 1484 4528 ἅπαντας
1497 4464 1773 4536 ἀπήλλαξε

1878 3283 2066 3340 tatem,
2098 3285 2220 3331 orat
2248 3275 2657 3331 ferventissime
2678 3290 2779 3345 pro
2802 3290 2863 3330 se
2900 3281 2963 3329 ut
3002 3272 3365 3343 deprecetur,
3419 3278 3477 3325 et

1875 3384 1999 3439 quae
2029 3368 2279 3438 apposita
2305 3378 2469 3423 erant
2498 3367 2710 3422 cibaria
2744 3366 3029 3437 impertiat
3073 3363 3475 3421 benedictione

1876 3476 1995 3525 sua,
2032 3469 2196 3530 atque
2223 3474 2254 3514 e
2284 3475 2526 3528 pannosa
2549 3459 2768 3514 lacerna
2800 3459 2905 3514 sibi
2930 3458 3197 3530 largiatur
3232 3456 3472 3527 aliquid.

1874 3550 2144 3606 Votorum
2195 3556 2386 3607 autem
2445 3564 2671 3619 compos
2724 3548 2938 3614 factus,
3009 3548 3350 3617 domumque
3415 3555 3479 3602 ut

1875 3648 2092 3711 poterat
2154 3654 2433 3704 reversus,
2503 3638 2673 3692 ducto
2735 3654 2766 3693 a
2812 3653 2871 3694 se
2938 3637 3098 3693 initio
3145 3638 3331 3693 omnia
3396 3637 3473 3695 ad

1872 3731 2167 3788 minimum
2200 3748 2374 3802 usque
2398 3730 2615 3785 lustrali
2649 3730 2743 3786 illa
2761 3747 2902 3800 aqua
2929 3731 3246 3801 conspergit
3268 3748 3282 3797 ;
3303 3730 3483 3800 idque

1874 3823 2096 3880 suﬂecit
2123 3823 2393 3879 adversus
2417 3823 2719 3887 veneficia;
2782 3823 3016 3895 integra,
3084 3839 3195 3877 non
3259 3829 3484 3879 tantum.

1876 3913 2575 3985 seni,pueris,jumentis,
2625 3911 2722 3968 sed
2786 3912 3060 3969 universae
3098 3928 3320 3984 quoque
3373 3913 3480 3968 αθ..

1874 4004 2015 4073 niui,
2047 4004 2281 4061 sanitate
2312 4004 2548 4060 reddita.

1946 4098 2037 4154 56.
2094 4092 2272 4169 Hujus
2328 4096 2537 4151 deinde
2595 4096 2854 4167 exemplo
2904 4110 3111 4150 venere
3160 4094 3349 4165 plures
3405 4095 3485 4152 ad

1875 4191 2062 4248 virum
2114 4191 2213 4246 Dei
2246 4205 2358 4244 non
2382 4205 2494 4244 uno
2520 4189 2666 4243 malo
2698 4188 3045 4243 laborantes:
3099 4189 3242 4242 alios
3286 4189 3473 4243 morbi

1875 4285 2038 4352 varii,
2075 4284 2213 4340 alios
2244 4278 2525 4338 damenes
2552 4281 2908 4337 infestabant.
2947 4282 3056 4336 Pro
3090 4281 3321 4352 singulis
3380 4282 3483 4336 ille

1879 4380 2112 4450 supplex
2151 4379 2265 4434 Deo
2310 4377 2509 4440 factus,
2563 4375 2953 4446 impositisque
3013 4376 3286 4439 manibus,
3336 4390 3489 4443 quas

1879 4486 2099 4541 semper
2122 4469 2432 4525 secundum
2457 4468 2643 4524 divina
2666 4477 2943 4538 praecepta
2984 4467 3236 4522 sublatas
3302 4466 3477 4522 habe-

183 4534 282 4610 τοῦ
312 4534 655 4621 λυποῦντος.-
674 4557 785 4628 Τῆς
810 4556 869 4609 δέ
904 4534 1035 4627 περ)⁵
1068 4554 1233 4608 αὑτοῦ
1264 4554 1457 4624 φήμης
1478 4595 1494 4621 ,
1523 4534 1623 4608 καλ
1658 4554 1769 4608 τῶν

1881 4562 1996 4626 bat,
2037 4560 2247 4617 doloris
2293 4576 2515 4616 causam
2556 4559 2626 4614 ab
2663 4557 2942 4614 universis
2998 4558 3255 4614 removit.
3307 4559 3484 4617 Fama

185 4649 424 4719 ἑκάστης
452 4650 667 4721 ἡμέρας
701 4648 996 4717 θαυμάτων
1030 4647 1344 4718 πανταχόσε
1385 4646 1767 4712 διαδοθέντων,

183 4740 345 4813 δχλου
402 4757 464 4793 τε
510 4741 646 4812 πρὸς
681 4739 845 4794 αὑτὸν
874 4739 1194 4811 συρῥέοντος
1222 4737 1501 4803 πλείστου,
1536 4736 1768 4807 πλήθεσι

183 4830 463 4893 τοσούτοις
497 4830 659 4901 μόνος
693 4831 884 4901 ἀρκεῖν
905 4828 1069 4893 αὐτὸς
1098 4828 1159 4882 οὑ
1181 4827 1504 4899 δυνάμενος,
1538 4827 1769 4897 ῥάὸδους

184 4924 495 4996 εὐλογήσας
560 4922 805 4995 παρέσχε
838 4924 953 4986 τοῖς
1015 4922 1287 4992 μαθηταῖς
1326 4918 1499 4976 αὑτοῦ
1520 4960 1535 4986 ,
1566 4919 1634 4984 ἃς
1659 4922 1771 4983 τοῖς

185 5015 490 5084 πάσχουσιν
501 5014 701 5067 ἐκεῖνοι
718 5012 878 5067 πάλιν
893 5012 1255 5077 ἐπιτιθέντες,
1276 5010 1370 5065 καὶ
1398 5010 1636 5080 μάλιστα
1653 5011 1766 5073 τοῖς

186 5109 294 5161 ὑπὸ
328 5108 582 5179 πονηρῶν
609 5107 937 5178 πνευμάτων
966 5105 1355 5176 κατεχομένοις
1387 5143 1403 5169 ,
1436 5103 1575 5158 Τάδε
1596 5102 1768 5171 λέγει,

186 5200 416 5270 ἔφασαν,
450 5201 479 5253 ὁ
507 5198 693 5263 δοῦλος
732 5198 827 5253 τοῦ
858 5198 993 5252 Θεοῦ
1020 5195 1245 5267 Συμεὼν
1280 5196 1389 5269 (ἶνα
1411 5196 1505 5250 καὶ
1532 5198 1596 5266 τῇ
1628 5196 1773 5267 μνή-

114 5362 129 5377 ι
191 5310 269 5368 μη
316 5293 426 5348 τῶν
474 5293 576 5363 τῆς
615 5293 916 5362 ἀγγελικῆς
961 5292 1177 5362 ἐκείνης
1209 5289 1459 5360 γλώττης
1510 5289 1772 5361 ῥημάτων

188 5386 586 5458 ἁγιασθῶμεν)⁶
606 5385 880 5452 Έξέλθετε
897 5386 964 5439 τὰ
986 5386 1274 5455 ἀκάθαρτα
1284 5385 1569 5457 πνεύματα
1581 5386 1646 5438 ἐκ
1661 5384 1771 5437 τῶν

187 5480 525 5550 πλασμάτων
549 5478 644 5533 τοῦ
670 5478 828 5532 Θεοῦ.
860 5480 972 5533 Καὶ
1008 5479 1209 5533 αὐτίκα
1240 5479 1330 5533 διὰ
1360 5479 1542 5548 πάσης
1575 5477 1773 5547 αἰσθή-

190 5587 330 5634 σεως
385 5566 453 5641 ἦν
486 5572 619 5643 όρᾷν
665 5570 1021 5642 ἐλαυνόμενα.
1072 5572 1310 5644 Έκάστῃ
1354 5574 1537 5642 μέντοι
1590 5570 1772 5642 ῥάόδῳ

188 5658 319 5730 ἄχρι
354 5660 523 5731 τριῶν
570 5660 944 5733 άνθρώπωνή
1000 5661 1112 5715 τῶν
1167 5661 1462 5733 θαυμάτων
1521 5662 1772 5734 ἐνέργεια

190 5748 412 5821 ῶριστω
436 5768 450 5782 ·
471 5747 591 5806 εἶτα
618 5752 782 5807 πάλιν
807 5753 1117 5824 ἁπτόμενος
1140 5754 1314 5826 αὐτῆς
1341 5756 1571 5819 ἐκεῖνος,
1604 5754 1769 5826 ηὐλό-

193 5855 299 5919 γει,
336 5843 433 5899 καὶ
459 5845 858 5917 παραπλησίως
901 5845 1041 5917 αὐτὴ
1070 5847 1233 5902 πάλιν
1256 5850 1366 5912 τοῖς
1393 5846 1639 5920 θαύμασι
1677 5849 1764 5902 κέ·

1874 4669 2042 4724 porro
2066 4652 2134 4708 de
2158 4653 2432 4724 Symeone
2458 4652 2640 4721 deque
2671 4649 2957 4711 miraculis
2987 4651 3110 4721 ejus
3134 4650 3485 4720 quotidiauis

1870 4746 2031 4817 longe
2068 4753 2233 4815 atque
2296 4745 2405 4799 late
2438 4752 2731 4814 pervagata
2766 4783 2783 4808 ,
2839 4740 3252 4797 confluentibus
3294 4741 3361 4796 ad
3413 4758 3479 4797 se

1874 4839 2091 4911 ingenti
2128 4853 2362 4893 numero
2401 4836 2604 4901 turbis,
2644 4851 2772 4891 cum
2829 4834 3081 4891 sufﬁcere
3130 4850 3277 4889 unus
3349 4834 3473 4904 ipse

1872 4934 2133 5001 nequiret
2162 4931 2405 4985 laborem
2428 4945 2554 4986 cum
2579 4928 2868 4999 discipulis
2893 4928 3152 4999 partitus,
3174 4942 3479 4982 consecra-.

1874 5032 1958 5079 tas
1989 5024 2057 5078 iis
2084 5024 2266 5094 virgas
2292 5023 2573 5093 porrexit:
2601 5036 2739 5091 quas
2769 5019 2871 5091 ipsi
2894 5036 3039 5091 :egre
3068 5020 3441 5080 habentibus,

1872 5128 1938 5169 ac
1972 5112 2248 5183 praacipue
2298 5127 2329 5167 a
2381 5112 2526 5166 malo
2566 5112 2768 5182 spiritu
2827 5109 3058 5165 insessis
3111 5109 3472 5165 admoventes

1874 5203 2238 5273 inquiebant:
2272 5203 2399 5258 [iam
2423 5201 2559 5257 dicit
2585 5218 2785 5258 servus
2832 5200 2923 5255 llei
2958 5199 3199 5271 Symeon
3259 5200 3343 5269 (ut
3363 5212 3470 5254 nos

1873 5308 2094 5365 quoque
2124 5293 2424 5348 verborum
2470 5294 2715 5364 angelica
2740 5292 2890 5347 illius
2912 5292 3103 5357 lingua
3127 5292 3467 5361 prolatorum

1874 5382 2397 5440 commemoratione
2466 5382 2898 5450 sanctificemur)
2943 5399 2956 5434 :
2999 5381 3195 5445 Exite,
3265 5379 3468 5450 impuri

1874 5477 2106 5548 spiritus
2131 5492 2163 5531 e
2191 5476 2462 5531 creaturis
2483 5476 2600 5531 Dei.
2626 5476 2737 5531 Nec
2781 5490 2957 5539 mora,
3008 5473 3342 5529 videbantur
3371 5490 3470 5543 per

1875 5588 2069 5628 omnes
2101 5587 2301 5628 sensus
2328 5571 2555 5643 expelli.
2580 5570 2960 5627 Virtusautem
2994 5569 3086 5623 illa
3114 5567 3465 5632 miraculosa,

1875 5667 2074 5736 cuique
2102 5664 2269 5736 virga:
2331 5664 2548 5729 indita,
2612 5664 2779 5719 trium
2829 5663 3119 5717 hominum
3176 5661 3461 5717 sanatione

1875 5758 2442 5814 circumscribebatur
2487 5776 2500 5812 :
2538 5756 2665 5812 dein
2717 5756 2951 5829 Symeon
2989 5756 3185 5811 iterata
3230 5754 3467 5811 tactione

1880 5847 2026 5909 illam
2061 5848 2260 5905 iterum
2294 5846 2678 5912 benedicebat,
2711 5845 2836 5902 inde
2869 5848 3132 5903 miracula
3184 5854 3245 5901 ut
3304 5845 3462 5917 prius
