3944 6496
522 365 677 450 3039'

1729 394 1790 455 S.
1832 393 2212 457 SYMEONIS
2247 396 2608 476 JUNIORIS

3639 383 3778 450 3010

516 508 877 570 aperantem:
936 499 991 554 id
1041 509 1224 556 autem
1280 501 1560 572 sapienter
1621 501 1699 556 sic
1769 501 2089 556 instituerat

2211 522 2388 576 (ρητο,
2417 505 2596 574 σοφῶς
2638 504 2802 560 αὐτοῦ
2856 501 3133 562 καὶτοῦτο
3156 499 3595 571 οίκονομοῦντος,
3641 499 3780 553 ὥστε

520 605 744 650 sanctus
774 636 787 658 ,
843 612 911 650 ne
965 596 1148 652 inanis
1196 599 1382 670 gloria:
1428 598 1761 670 cogitatione
1831 597 2092 668 discipuli

520 684 867 741 ctl'errcntur.

2206 595 2282 668 μὴ
2319 596 2564 667 λογισμῷ
2597 596 2724 660 τοὺς
2763 593 3007 666 μαθητάς
3041 593 3343 660 κενοδοξίας
3372 593 3605 647 ἁλῶναι.

1921 798 2148 857 CAPUT
2189 795 2334 853 Vill.

659 889 951 959 Abiguntur
973 891 1098 961 fera:
1126 900 1174 946 et
1201 894 1407 958 hostes;
1438 891 1739 952 revelantur
1773 894 2102 950 calamitates
2140 901 2186 945 et
2218 887 2761 951 eveniuntfdeseritur
2785 894 2996 938 sanctus
3019 881 3244 954 Symeon
3277 898 3308 934 ιι
3334 883 3638 951 discipulis.

593 984 677 1037 57.
735 985 939 1040 Verum
997 988 1279 1044 enimvero
1341 989 1466 1060 quis
1522 989 1738 1060 singula
1803 989 2093 1061 Symeonis

522 1082 670 1142 gesta
700 1076 1025 1132 miraculosa
1049 1080 1371 1133 recenseat?
1394 1095 1514 1149 quae
1535 1080 1720 1150 lingua
1746 1079 2090 1142 enarrandis,

523 1182 642 1229 «μυι-
671 1183 863 1221 manus
882 1170 1325 1235 conscribendis,
1355 1187 1478 1243 qua:
1523 1173 1700 1226 oratio
1751 1169 2094 1240 explicandis

523 1252 790 1307 sufiiciat?
817 1255 909 1308 Vir
934 1258 1180 1326 quidam,
1208 1259 1472 1330 Georgius
1499 1261 1742 1325 nomine,
1772 1276 1880 1314 non
1909 1259 2097 1314 admo-

523 1344 654 1398 dum
689 1346 846 1416 longe
874 1348 926 1401 in
959 1350 1312 1405 solitudinem
1340 1368 1684 1421 progressus,
1725 1352 1997 1406 inciderat
2040 1352 2095 1406 in

523 1434 701 1490 feras:
737 1453 972 1508 cumque
1003 1452 1145 1496 esset
1186 1444 1342 1512 inops
1368 1445 1583 1498 consilii
1614 1486 1627 1508 ,
1677 1444 1852 1499 sancti
1895 1459 2097 1498 nomen

522 1524 576 1578 in
633 1530 913 1596 suppetias
957 1531 1211 1596 advocat,
1265 1548 1374 1602 quo
1439 1533 1586 1587 facto
1631 1534 1802 1588 rictus
1854 1534 2095 1588 ferarum

523 1615 670 1670 illico
727 1620 1203 1690 constringuntur.
1252 1623 1441 1692 Neque
1487 1623 1540 1677 id
1593 1633 1827 1684 tantmn,
1866 1624 1962 1678 sed
2028 1623 2096 1678 ad

521 1718 768 1762 sanctum
805 1726 1025 1780 quoque
1076 1729 1288 1777 omnes,
1345 1715 1420 1768 ita
1483 1723 1542 1768 ut
1606 1725 1785 1780 erant,
1822 1715 2098 1771 curriculo

522 1799 833 1860 tendentes.
874 1818 970 1856 ora
1004 1818 1100 1857 sua
1127 1805 1397 1860 columna:
1444 1805 1567 1859 basi
1610 1805 1919 1875 imponunt,
1977 1815 2101 1861 tan-

519 1905 683 1959 quam
727 1907 928 1962 gnartc,
995 1893 1119 1964 quis
1171 1895 1276 1950 sibi
1313 1896 1367 1950 id
1433 1897 1640 1951 vinculi
1684 1896 1983 1966 iniecisset,
2031 1912 2095 1952 ac

521 1995 672 2035 more
697 1995 1016 2051 precantum
1060 1985 1265 2040 ibidem
1297 1987 1679 2055 persistentes,
1715 1986 1902 2042 soluta:
1939 1993 2091 2042 sunt.

518 2071 696 2142 Atque
729 2075 859 2128 illud
907 2077 1072 2130 etiam
1097 2079 1220 2146 plus
1261 2078 1643 2132 admirationis
1695 2077 1893 2141 habet,
1943 2076 2091 2146 quod

520 2165 838 2234 priusquam
898 2167 1252 2222 advenissent
1319 2168 1467 2232 fera,
1518 2167 1651 2238 quid
1713 2167 1822 2223 illis
1881 2168 2092 2224 factum

519 2265 684 2319 esset,
715 2255 948 2323 Symeon
980 2258 1470 2314 circumstantibus
1506 2260 1950 2329 prmnuntiasset.

591 2347 679 2402 53.
723 2349 892 2419 Regio
924 2351 1230 2406 Antiochiae
1261 2352 1506 2422 subjecta
1533 2360 1640 2406 tam
1689 2353 2082 2422 frequentibus

517 2437 762 2493 scatebat
785 2441 932 2505 feris,
950 2443 1132 2511 specie
1151 2441 1536 2497 diversimodis
1552 2453 1608 2497 et
1632 2443 1946 2498 insidiando
1967 2460 2094 2514 per-

520 2528 848 2594 niciosis,ut
879 2549 985 2587 non
1022 2533 1126 2587 viri
1184 2542 1402 2588 tantum
1457 2535 1785 2605 feminzeque
1843 2537 1944 2592 tuti
1985 2553 2096 2592 non

518 2629 704 2673 essent
735 2621 802 2675 ab
851 2621 1069 2675 illorum
1119 2623 1358 2689 laniena,
1421 2623 1518 2678 sed
1564 2624 1804 2680 infantes
1875 2641 2096 2696 quoque

520 2707 779 2764 domibus
818 2711 952 2774 suis,
984 2711 1078 2765 ubi
1113 2712 1376 2779 latebant,
1407 2715 1638 2769 extracti
1675 2714 1870 2770 iisdem
1915 2715 2097 2785 paeda

521 2801 816 2869 cederent;
868 2804 966 2859 via:
1011 2821 1202 2861 omnes
1245 2806 1730 2876 interciperentur,
1779 2811 2097 2879 etagricul-

523 2901 643 2946 tura
663 2903 919 2952 cessaret.
945 2896 1050 2951 nisi
1077 2897 1218 2952 forte
1247 2907 1397 2954 tanto
1428 2915 1658 2954 numero
1688 2901 2094 2968 convenissent,

520 2991 582 3037 ut
609 2992 733 3052 apta
760 2986 826 3039 ad
854 2987 1223 3042 resistendum
1258 2998 1434 3044 turma
1467 2991 1668 3046 forent.
1709 2991 1986 3060 Legantur
2011 3009 2100 3048 er-

519 3089 589 3143 go
616 3074 775 3131 istius
809 3078 1047 3148 regionis
1074 3081 1299 3150 quidam
1332 3082 1398 3136 ad
1431 3093 1704 3147 sanctum,
1730 3091 1790 3138 ut
1818 3094 2007 3154 petant
2030 3085 2100 3140 li-

520 3165 699 3221 berari
728 3178 832 3223 tam
868 3186 1007 3225 saava
1039 3173 1345 3228 vicinitate.
1381 3174 1473 3228 llle
1506 3183 1691 3228 autem
1720 3183 1779 3228 ut
1801 3184 1918 3229 erat
1941 3191 2098 3230 man-

519 3267 732 3325 suetus,
779 3261 885 3316 hoc
917 3263 1206 3319 orantibus
1230 3265 1479 3335 responsi
1513 3265 1703 3320 dedit:
1739 3265 1945 3321 lndicia
1984 3267 2102 3321 haec

521 3351 822 3421 suntjustaa
858 3351 1276 3424 indignationis,
1307 3372 1413 3425 qua
1441 3357 1604 3412 nobis
1624 3365 1912 3412 succenset
1934 3359 2098 3415 Deus.

520 3440 664 3496 Dicit
695 3443 899 3512 quippe
943 3447 1220 3513 apostolus
1247 3449 1366 3518 ejus
1391 3449 1591 3503 Paulus
1614 3449 1653 3480 “
1686 3466 1700 3501 :
1728 3448 1866 3514 Quia
1888 3461 2104 3522 prapter

521 3533 631 3586 haec
664 3535 802 3587 venit
845 3536 926 3588 ira
956 3536 1053 3590 Dei
1084 3539 1139 3590 in
1166 3538 1307 3606 ﬁlios
1333 3541 1664 3610 diﬁidentiw;
1695 3543 1875 3612 qualia
1901 3560 2101 3615 nempe

2269 980 2366 1046 νζ.
2411 981 2572 1034 Ἀλλά
2605 979 2720 1043 πῶς
2746 980 2810 1033 ἀν
2833 995 2916 1039 τις
2945 977 3051 1030 τῶν
3069 976 3161 1029 τοῦ
3194 975 3420 1044 Συμεὼν
3451 973 3782 1044 Θαυμασίων

2199 1077 2406 1130 ἕκαστα
2467 1073 2759 1140 καταλέγοι
2789 1087 2803 1135 ;
2833 1070 2964 1123 ποία
3018 1069 3075 1122 δὲ
3131 1069 3348 1137 γλῶττα
3398 1068 3781 1136 διακονήσειεν

2200 1170 2383 1231 αὐτοῖς
2416 1167 2449 1239 ἢ
2480 1166 2600 1236 χείρ
2629 1182 2644 1231 ;
2672 1163 2704 1234 ἢ
2746 1164 2828 1227 τίς
2858 1165 2937 1227 είς
2981 1161 3274 1232 ἑρμηνείαν
3303 1160 3558 1232 ἀρκέσειε
3582 1160 3780 1225 λόγος;

2214 1259 2380 1329 Ἀνὴρ
2427 1258 2536 1328 γάρ
2564 1273 2647 1318 τις
2694 1255 2864 1324 δνομα
2899 1255 3175 1323 Γεώργιος
3223 1253 3282 1304 οὗ
3315 1252 3403 1304 διὰ
3431 1250 3661 1322 μακροῦ
3689 1252 3783 1316 τῆς

2207 1351 2374 1422 μονῆς
2420 1348 2631 1419 Θηρίοις
2680 1345 3129 1416 περιπεπτώκει·
3157 1346 3216 1398 ὲν
3275 1345 3544 1414 ἀμηχάνῳ
3599 1341 3783 1394 τοίνυν

2201 1440 2357 1503 εἰδὼς
2381 1439 2591 1503 ἑαυτὸν,
2628 1437 2690 1491 τὸ
2722 1438 2814 1490 τοῦ
2859 1436 3040 1505 Ἀγίου
3072 1437 3240 1505 ὄνομα
3273 1435 3427 1488 καλεῖ
3471 1434 3612 1503 πρὸς
3643 1433 3783 1501 ἄμυ-

2207 1549 2306 1586 ναν
2335 1547 2350 1563 ⁸
2393 1533 2486 1584 καὶ
2539 1530 2880 1600 παραχρῆμα
2931 1526 3259 1596 δεσμοῦνται
3303 1527 3418 1585 τοῖς
3479 1524 3697 1594 θηρίοις
3730 1525 3782 1574 αί

2201 1623 2467 1692 σιαγόνες.
2519 1622 2629 1676 Καὶ
2690 1622 2748 1674 οὒ
2784 1619 2942 1673 τοῦτο
2977 1617 3290 1688 θαυμαστὸν
3326 1615 3486 1686 μόνον
3512 1655 3526 1677 ,
3558 1613 3678 1666 ἀλλ’
3704 1616 3783 1665 ὅτι

2203 1714 2300 1768 καὶ
2347 1712 2497 1784 παρά
2544 1711 2638 1765 τὸν
2664 1711 2857 1780 Ἀγιον
2893 1709 2968 1774 ὡς
3009 1703 3153 1778 εἶχεν
3193 1706 3356 1769 εὐθὺς
3388 1705 3672 1776 δρομαίως
3719 1703 3783 1755 τὰ

2133 1815 2176 1874 Β
2203 1803 2369 1875 θηρία
2430 1802 2676 1865 ὲλθόντα,
2728 1799 2942 1854 τιθέασι
2989 1799 3058 1852 τά
3117 1797 3363 1868 στόματα
3400 1795 3556 1866 παρά
3585 1798 3654 1865 τῇ
3690 1794 3780 1846 τοῦ

2206 1897 2384 1960 κίονος
2414 1896 2589 1966 βάσει,
2619 1893 2896 1963 καθάπερ,
2930 1891 3256 1953 ὄθεναύτοῖς
3277 1891 3311 1960 ἡ
3338 1889 3493 1958 πέδη,
3528 1886 3782 1945 αἰσθανό-

2202 2004 2361 2057 μενα,
2389 1985 2648 2041 κάκεῖθεν
2712 1983 3011 2054 αἰτούμενα
3069 1981 3162 2035 καὶ
3219 1979 3571 2050 λαμϐάνοντα
3601 1977 3775 2034 λύσιν.

2197 2079 2437 2131 Κάκεῖνο
2465 2077 2628 2131 πάλιν
2654 2072 3127 2145 θαυμασιώτερον,
3156 2074 3240 2126 ὅτι
3293 2073 3387 2125 κα)⁵
3418 2071 3526 2139 πρὸ
3551 2071 3653 2140 τῆς
3677 2071 3778 2122 τῶν

2199 2167 2404 2239 θηρίων
2427 2165 2757 2239 παρουσίας,
2789 2166 2859 2219 τὰ
2879 2166 3011 2237 περὶ
3035 2163 3216 2218 αὐτῶν
3242 2164 3358 2228 τοῖς
3378 2161 3655 2233 παροῦσιν
3683 2161 3775 2214 ὑπὸ

2200 2259 2295 2314 τοῦ
2330 2258 2554 2330 Συμεὼν
2582 2258 2985 2331 προηγόρευτο.

2273 2358 2376 2423 νη’.
2412 2352 2630 2415 Πολλοῖς
2658 2351 2852 2421 ἔϐρυεν
2882 2351 2914 2420 ἡ
2947 2349 3101 2420 χώρα
3123 2347 3332 2418 θηρίοις
3363 2349 3396 2418 ἠ
3426 2346 3530 2400 ὑπὸ
3559 2349 3626 2416 τῇ
3669 2347 3774 2399 ‘Av-

2200 2445 2380 2516 τιόχου
2408 2445 2658 2516 κειμένη,
2686 2443 2746 2496 τό
2765 2460 2823 2496 τε
2840 2438 2977 2506 εἶδος
3006 2442 3289 2504 ποικίλοις,
3317 2442 3412 2494 καὶ
3438 2441 3540 2511 τὴν
3562 2440 3772 2492 ἐπιϐουο

2200 2538 2299 2609 λὴν
2328 2537 2612 2608 ὀλεθρίοις,
2637 2535 2712 2600 ὡς
2745 2536 2843 2588 οὐκ
2876 2534 3073 2604 ἄνδρας
3100 2533 3260 2604 μόνον
3281 2532 3374 2586 καὶ
3403 2534 3670 2600 γυναῖκας
3690 2532 3772 2583 ὑπ’

2203 2628 2384 2685 αὐτῶν
2413 2627 2840 2698 διαφθείρεσθαι,
2866 2625 3001 2680 ἀλλὰ
3030 2627 3124 2679 καὶ
3143 2625 3330 2678 παιδία
3357 2624 3570 2686 τούτοις
3595 2626 3657 2677 ἐκ
3675 2623 3772 2675 τῶν

2203 2722 2369 2776 οίκων
2404 2721 2674 2792 ἅρπαγμα
2704 2718 2972 2788 γίνεσθαι,
3004 2717 3139 2771 όδῶν
3170 2734 3230 2770 τε
3264 2716 3462 2778 αὐτοὺς
3493 2715 3586 2768 καὶ
3604 2732 3771 2784 γεωρ-

2205 2811 2330 2882 γίας
2365 2808 2808 2870 ἀποκεκλεῖσθαι,
2836 2808 2883 2860 εί
2910 2808 2984 2878 μὴ
3011 2805 3152 2860 κατά
3183 2804 3386 2875 πλῆθος
3420 2803 3771 2874 ἀθροισθεῆν,

2206 2903 2301 2956 καὶ
2329 2901 2450 2972 χεὶρ
2478 2899 2638 2970 ίκανὴ
2668 2898 2804 2970 πρὸς
2828 2896 3261 2969 ἀντιπαράταξιν
3281 2894 3544 2964 γένοιντο.
3581 2893 3778 2946 ’Δνίασι

2205 2993 2384 3048 τοίνυν
2416 2993 2553 3063 πρὸς
2572 2992 2662 3046 τὸν
2686 2993 2874 3059 Ἀγιον
2904 2990 2953 3043 oi
2987 2990 3081 3059 τῆς
3117 2987 3322 3060 χώρας,
3356 2986 3674 3056 ἀπαλλαγὴν
3703 2987 3777 3038 al-

2205 3085 2424 3148 τοῦντες
2455 3083 2690 3155 χαλεποῦ
2722 3083 3134 3153 γειτονήματος.
3190 3081 3248 3132 '0
3269 3079 3325 3133 δὲ
3363 3080 3554 3148 πράως
3581 3077 3774 3131 ὑπολαο

2207 3175 2337 3239 ϐὼν,
2377 3175 2620 3244 Ἀδελφοί
2677 3191 2800 3244 μου,
2843 3172 2969 3243 ἔφη,
2998 3172 3275 3242 τεκμήριά
3314 3173 3419 3222 είσι
3469 3170 3638 3222 ταῦτα
3687 3169 3776 3238 τῆς

2206 3265 2298 3322 τοῦ
2318 3266 2452 3320 Θεοῦ
2473 3265 2593 3319 καθ’
2615 3267 2646 3334 ἡ
2655 3265 2772 3334 μῶν
2796 3264 3013 3327 δικαίας
3031 3263 3200 3334 ὀργῆς
3225 3261 3316 3315 καὶ
3340 3262 3628 3332 κινήσεως·
3654 3262 3774 3327 φησὶ

2207 3358 2314 3429 γὰρ
2339 3361 2366 3410 ό
2397 3358 2536 3420 θεῖος
2575 3357 2870 3421 ἀπόστολος
2907 3355 3119 3418 Παῦλος
3144 3395 3159 3420 ,
3185 3354 3286 3408 Διὰ
3320 3353 3508 3408 ταῦτα
3551 3353 3773 3421 ἔρχεται

2206 3451 2244 3518 ἠ
2270 3450 2416 3520 ὀργὴ
2443 3450 2548 3505 τοῦ
2577 3448 2726 3504 Θεοῦ
2748 3449 2846 3502 ἐπί
2870 3448 3008 3512 τοὺς
3041 3447 3210 3514 υίούς
3229 3447 3342 3513 τῆς
3369 3447 3693 3510 ἀπειθείας,
3726 3445 3774 3497 ἔι-

2208 3543 2331 3596 τινά
2354 3545 2480 3607 εἰσι,
2506 3541 2750 3613 πορνεία,
2775 3540 3105 3612 ἀκαθαρσία,
3127 3539 3316 3604 πάθος,
3335 3539 3494 3592 ὲπιθυ
3503 3539 3601 3608 μία
3620 3539 3771 3606 κακὴ,

522 3632 671 3689 sunt,
708 3624 1016 3691 fornicatio,
1043 3629 1410 3695 immunditia,
1457 3632 1763 3700 passiones,
1799 3649 1966 3702 prava
2011 3634 2099 3690 de-

2213 3635 2516 3700 πλεονεξία,
2547 3635 2670 3705 ἥτις
2721 3633 2872 3688 ἐστὶν
2902 3631 3346 3702 είδωλολατρείαο
3393 3631 3472 3684 διὸ
3506 3631 3653 3702 πασῃ
3685 3647 3778 3691 ea.

523 3715 746 3781 sideria,
769 3718 999 3777 avaritia
1021 3735 1140 3788 qua:
1159 3729 1243 3775 est
1272 3721 1545 3775 idolorum
1573 3723 1831 3779 servitus.
1855 3723 2099 3795 Quapro-

2211 3729 2342 3799 λακῇ
2367 3727 2696 3798 τηρήσωμεν
2724 3725 2972 3788 ἑαυτοὺς,
3001 3725 3198 3794 μηκέτι
3225 3723 3466 3790 λυπῆσαι
3487 3723 3546 3774 τὸ
3567 3719 3772 3788 Πνεῦμα

522 3814 645 3876 pter
667 3808 815 3862 omni
848 3809 1140 3866 sedulitate
1168 3813 1544 3868 custodiamus
1585 3815 1973 3886 nosmetipsos,
2030 3833 2099 3874 ne

2211 3819 2264 3872 τὸ
2289 3818 2463 3887 ἅγιον,
2489 3818 2545 3868 ὲν
2572 3809 2616 3884 ᾧ
2643 3814 3102 3885 ὲσφραγίσθημεν
3127 3815 3206 3877 είς
3235 3814 3449 3884 ἡμέραν
3479 3810 3774 3880 ἀπολυτρώρ

522 3897 784 3969 deinceps
818 3900 1036 3956 tristitia
1082 3902 1382 3959 adiciamus
1409 3905 1674 3975 Spiritum
1720 3917 1990 3973 sanctum,
2045 3909 2103 3964 in

522 4005 634 4060 quo
661 3991 857 4062 signati
883 4010 1073 4050 sumus
1113 3996 1168 4050 in
1195 3995 1340 4051 diem
1366 3998 1762 4068 redemptionis
1787 3999 1849 4066 ¹¹,
1892 4001 1946 4054 in
1977 4017 2087 4071 quo

523 4087 813 4140 etarrham
843 4088 1157 4156 accepimus
1186 4087 1251 4142 ad
1280 4103 1434 4158 spem
1453 4088 1578 4142 vitae
1593 4087 2106 4158 sempiternaezvult

523 4176 671 4229 enim
696 4177 856 4231 Pater
882 4177 1408 4243 miscricordiarum,
1433 4188 1493 4232 ut
1517 4193 1642 4243 nos,
1675 4178 1956 4233 libidinosi
1985 4179 2103 4246 filii,

527 4268 718 4335 procul
745 4267 813 4320 ab
838 4267 958 4337 ipso
988 4269 1332 4333 aberrantes,
1361 4270 1744 4339 paenitentiam
1770 4286 2014 4340 agamus,
2047 4279 2108 4325 ut

527 4371 628 4425 per
661 4357 992 4413 sacrificium
1025 4357 1292 4412 mundum
1325 4359 1591 4429 unigeniti
1628 4358 1778 4413 illius
1811 4359 1954 4422 Filii,
2003 4360 2111 4414 Do-

530 4447 664 4501 mini
713 4449 884 4502 nostri
927 4459 983 4503 et
1020 4450 1114 4504 Dei
1145 4457 1202 4505 et
1251 4449 1564 4505 Servatoris
1592 4450 1720 4506 Jesu
1755 4450 1984 4515 Christi,
2038 4450 2107 4505 ad

528 4538 708 4609 ipsum
767 4550 1174 4596 convertamur.
1224 4543 1326 4596 Per
1372 4559 1535 4612 quem
1580 4543 1729 4598 enim
1783 4543 2108 4613 jampridem

531 4635 912 4690 remissionem
944 4636 1305 4702 obtinuimus,
1337 4647 1394 4691 et
1436 4653 1719 4693 accessum
1766 4639 1833 4692 ad
1889 4639 2108 4704 Patrem

531 4725 843 4792 habuimus,
890 4727 936 4781 is
971 4744 1119 4783 nunc
1144 4744 1383 4798 quoque,
1412 4730 1684 4800 propitius
1711 4731 1871 4784 nobis
1899 4734 2105 4795 factus,

528 4819 815 4887 castigabit
857 4818 1000 4872 feras
1027 4819 1309 4885 silvarum,
1344 4836 1444 4876 nec
1479 4837 1719 4891 unquam
1755 4829 1876 4890 post
1912 4820 2113 4875 timen-

530 4907 659 4960 dum
688 4909 842 4964 vobis
865 4909 933 4963 ab
967 4909 1076 4964 illis
1109 4911 1236 4970 erit,
1273 4923 1537 4981 perpetua
1571 4913 1932 4968 indemnitate
1975 4912 2110 4966 frui-

2208 3926 2368 3972 σεως,
2398 3910 2459 3961 ὲν
2487 3903 2532 3975 ᾧ
2565 3908 2657 3960 καὶ
2687 3907 2812 3968 τοὺς
2842 3903 3172 3978 ἀρραϐῶνας
3205 3903 3475 3973 ἐλάϐομεν
3505 3902 3590 3955 ἐπ’
3615 3900 3772 3953 ἐλπίδι

2207 3999 2352 4068 ζωῆς
2378 3998 2623 4052 αἰωνίουο
2657 3996 2800 4051 θέλει
2827 3995 2936 4068 γὰρ
2959 3995 2988 4048 ό
3019 3995 3211 4066 Πατὴρ
3236 3994 3346 4047 τῶν
3368 3993 3666 4066 οίκτιρμῶν
3684 3992 3769 4061 τὴν

2206 4090 2481 4160 ἡμετέραν
2525 4087 2636 4142 τῶν
2683 4085 2910 4141 ἀσώτων
2941 4085 3077 4139 υἱῶν
3111 4085 3219 4139 τῶν
3246 4085 3304 4151 ἐξ
3343 4085 3510 4138 αὑτοῦ
3545 4100 3766 4155 μακρυνο

2208 4182 2408 4236 θέντων
2444 4180 2757 4252 μετάνοιαν,
2797 4178 2885 4231 ἵνα
2921 4177 3010 4231 διά
3056 4177 3159 4248 τῆς
3191 4177 3444 4247 καθαρᾶς
3475 4175 3657 4238 θυσίας
3682 4171 3767 4226 τοῦ

2211 4271 2531 4344 μονογενοῦς
2552 4271 2716 4326 αὑτοῦ
2742 4268 2894 4334 Υἱοῦ,
2927 4269 3132 4339 Κυρίου
3160 4269 3204 4321 δ’
3232 4268 3389 4340 ἡμῶν
3411 4268 3506 4321 καὶ
3532 4265 3656 4320 Θεοῦ
3683 4263 3769 4319 καὶ

2209 4366 2461 4434 Σωτῆρος
2499 4362 2672 4433 Ἰησοῦ
2708 4361 2968 4433 Χριστοῦ,
3003 4360 3139 4431 πρὸς
3159 4360 3321 4413 αὑτὸν
3350 4357 3759 4431 ἑπιστρέψωμεν.

2209 4455 2287 4510 Δι’
2317 4449 2380 4510 οὗ
2407 4455 2500 4509 καὶ
2525 4454 2623 4525 τὴν
2661 4453 2856 4524 ἄφεσιν
2887 4452 2983 4506 καὶ
3012 4450 3110 4523 τὴν
3145 4450 3516 4524 προσαγωγὴν
3548 4451 3761 4518 emu-

2215 4564 2334 4618 μεν,
2369 4546 2426 4610 ὃς
2456 4547 2550 4600 καὶ
2581 4543 2677 4597 νῦν
2706 4545 2837 4615 ἡμῖν
2860 4543 3015 4606 ἵλεως
3033 4541 3295 4611 γεγονὼς,
3330 4542 3642 4612 ἐπιτιμήσει
3668 4540 3763 4593 τοῖς

2211 4637 2548 4709 θηρίοιςζτοῦ
2576 4635 2808 4708 δρυμοῦ,
2830 4635 2926 4689 καὶ
2958 4634 3142 4687 οὐκέτι
3172 4633 3334 4702 φόϐος
3372 4633 3502 4703 ὑμῖν
3533 4632 3587 4698 ἐξ
3621 4627 3760 4683 αὑτοῦ

2209 4731 2385 4795 οὐδεὶς
2432 4729 2606 4793 ἔσται,
2636 4726 2773 4780 ἀλλὰ
2818 4726 2880 4778 τδ
2913 4725 3099 4778 λοιπὸν
3142 4725 3420 4795 ἐλεύθεροι
3448 4724 3547 4793 τῆς
3585 4722 3761 4774 τούτων

2213 4820 2417 4893 βλάϐης
2467 4819 2796 4889 διαμενεῖτε.
2829 4816 3018 4871 Ταῦτα
3063 4816 3114 4868 oi
3162 4817 3261 4884 μὲν
3305 4815 3652 4876 ἀκούσαντες,
3678 4812 3763 4874 ὅλῳ

2217 4912 2443 4982 στόματι
2490 4908 2608 4978 Θεῷ
2661 4908 2758 4960 καὶ
2805 4905 2882 4976 τῷ
2941 4905 3166 4976 Συμεὼν
3198 4905 3594 4977 ηὐχαρίστουν·
3635 4902 3685 4955 τι
3718 4899 3764 4950 δὲ

529 4997 689 5052 turis.
719 4998 876 5054 Hisce
909 5001 986 5054 illi
1029 5001 1232 5057 auditis
1261 5003 1424 5072 pleno
1463 5019 1559 5058 ore
1599 5005 1711 5058 Deo
1757 5018 1820 5058 ac
1850 5003 2099 5073 Symeoni

2214 5002 2322 5056 τῶν
2371 5001 2576 5071 θηρίων
2639 4997 2842 5070 πλῆθος
2897 4997 2957 5062 ἐξ
3017 4998 3227 5051 ἐκείνου
3283 4996 3385 5065 τῆς
3447 4994 3625 5067 χώρας
3679 4994 3766 5045 ὰπ-

527 5087 732 5156 gratias
779 5091 1162 5157 persolverunt
1196 5109 1208 5144 :
1242 5091 1371 5147 ferae
1409 5101 1592 5149 autem
1623 5109 1691 5148 ex
1723 5093 1816 5147 illo
1841 5101 2105 5162 tempore,

527 5194 561 5234 e
589 5177 734 5234 dicta
771 5180 991 5250 regione
1035 5184 1322 5250 abeuntes,
1360 5186 1537 5240 solum
1587 5194 1890 5240 verterunt.

600 5272 686 5327 59.
716 5273 1051 5330 Adolescens
1095 5276 1319 5348 quidam
1361 5293 1527 5348 supra
1561 5277 1826 5348 Daphnen
1859 5277 1959 5349 (7),
2006 5279 2114 5335 fixo

2214 5093 2472 5165 ήλλακτο.

2281 5271 2380 5328 νθν.
2425 5270 2662 5334 Νεανίας
2713 5287 2798 5333 τις
2849 5266 3056 5324 ἄνωθεν
3103 5266 3202 5336 τῆς
3242 5264 3480 5334 Δάφνης,
3523 5261 3767 5328 ἀνίσχοντι

529 5363 727 5419 obtutu
750 5366 919 5422 solem
944 5367 1216 5423 orientem
1240 5369 1498 5435 intuitus,
1521 5369 1834 5426 facultatem
1854 5370 2099 5425 amiserat

2211 5365 2562 5439 προσϐλέψας
2606 5363 2794 5425 ἀτενὲς
2830 5361 2908 5426 τῷ
2935 5360 3092 5432 ἡλίῳ,
3119 5359 3220 5430 τὴν
3253 5357 3483 5427 όπτικὴν
3512 5354 3768 5408 σϐέννυται

530 5456 755 5512 videndi
780 5475 795 5512 :
823 5459 979 5529 cujus
1003 5468 1283 5530 parentes,
1306 5461 1565 5516 omnibus
1586 5461 1708 5516 aliis
1735 5461 1997 5516 remediis
2017 5461 2112 5517 de-

529 5553 786 5621 eperatis,
831 5552 887 5606 in
928 5554 1150 5608 nomine
1177 5553 1381 5609 Christi
1406 5562 1461 5608 et
1491 5553 1684 5608 famuli
1727 5555 1847 5624 ejus
1877 5553 2107 5626 Symeo-

607 5665 649 5697 “
707 5665 905 5734 Ephes.
943 5683 999 5731 v,
1038 5667 1091 5732 5,
1132 5667 1185 5721 6.
1266 5668 1311 5700 “
1364 5667 1566 5738 Ephes.
1615 5683 1690 5732 t-v,
1733 5667 1822 5722 50.

611 5776 682 5850 (⁸7)
716 5778 951 5834 Dubium
980 5787 1064 5835 est
1120 5788 1306 5834 utrum
1359 5780 1492 5835 velit
1544 5797 1730 5850 supra,
1765 5781 1819 5834 id
1854 5789 1940 5836 est
1964 5780 2107 5834 ultra

2211 5459 2443 5530 δύναμιν
2465 5473 2478 5488 ’
2509 5455 2617 5511 τῶν
2651 5455 2827 5510 ἄλλων
2865 5453 3048 5507 τοίνυν
3085 5452 3339 5506 ἁπάντων
3383 5451 3433 5502 οἱ
3467 5449 3653 5500 τούτου
3687 5458 3768 5508 γοο

2210 5554 2322 5615 νεῖς
2363 5549 2713 5619 ἀπογνόντες,
2751 5546 2984 5601 ἅπτουσι
3023 5544 3245 5616 λυχνίαν
3279 5539 3366 5594 ἐπ’
3404 5539 3625 5608 ὀνόματι
3654 5534 3770 5602 Χρι-

2216 5777 2451 5842 accidit;
2508 5793 2575 5832 an
2646 5777 2720 5833 ibi
2777 5775 3060 5835 exsistenti
3122 5770 3484 5830 infortunium
3532 5758 3764 5823 emutatis

533 5843 783 5917 Daphnes
820 5849 1146 5907 suburbium
1203 5851 1474 5908 habitasse
1537 5843 1818 5924 juvenem,
1871 5851 1961 5910 cui
2010 5851 2115 5906 hoc
2219 5849 2527 5906 obvenisse.
