3944 6490
121 365 291 433 30H

1159 371 1339 434 VITA
1376 374 1423 434 Α
1464 368 1902 434 NICEPHORO
1941 369 2429 433 CONSCRIPTA.

3287 372 3430 436 304!

103 479 287 542 στοῦ,
325 479 421 534 καὶ
448 474 546 535 τοῦ
575 477 909 552 θεράποντος
935 478 1101 537 αὑτοῦ
1133 481 1381 554 Συμεὼν,
1410 481 1490 535 ἔτι
1520 479 1616 534 καὶ
1645 479 1732 532 θυο

1843 478 1944 544 nis,
2011 478 2298 533 candelam
2349 475 2683 543 accendunt,
2739 477 2969 548 insuper
3029 487 3088 534 et
3139 477 3428 536 incensum

103 568 322 640 μίαμα
349 572 800 641 προσαγαγόντες
824 589 839 605 ·
873 573 970 628 καὶ
1003 573 1205 628 αὐτίκα
1233 573 1310 645 τῷ
1338 573 1606 644 νεανίσκῳ
1637 572 1734 643 (ὼς

99 658 268 712 πολὺ
306 661 369 715 τὸ
400 662 605 732 πλῆθος
629 662 732 733 τῆς
761 664 1136 736 χρηστότητός
1171 682 1288 734 σου,
1319 665 1516 736 Κύριε,
1548 659 1616 736 ἧς
1646 665 1732 730 ἐξ·

100 751 382 818 ειργάσω
426 754 536 816 τοῖς
568 752 880 818 ἐλπίζουσιν
911 755 1005 809 ἐπὶ
1041 755 1102 810 σέ
1126 755 1176 823 l)
1204 754 1264 810 τὸ
1297 755 1407 809 τῶν
1436 754 1734 825 ὀφθαλμῶν

101 837 294 906 αὖθις
346 844 596 898 ἐπάνεισι
645 845 763 915 φῶς
788 883 802 899 .
849 846 1079 918 Ἕτερος
1111 846 1220 900 ὑπό
1262 864 1408 910 τινος
1445 846 1602 901 νόσου
1635 846 1735 918 τὴν

101 933 347 988 κοιλίαν
381 935 662 1004 διώγκωτο
687 953 702 967 ·
735 937 1010 1008 ἰατρικαῖς
1031 937 1212 992 τοίνυν
1236 937 1455 1008 τέχναις
1476 936 1735 1009 οἰμώζειν

103 1026 308 1080 εἰπὼν
353 1028 446 1081 τὸν
492 1029 636 1082 θεῖον
682 1029 912 1101 Συμεὼν
957 1032 1038 1094 είς
1090 1032 1234 1085 ίασιν
1273 1027 1367 1083 τοῦ
1403 1029 1610 1092 πάθους
1649 1031 1736 1096 ἐξ-

106 1119 411 1173 εκαλεῖτο.
473 1121 584 1174 Καὶ
655 1121 930 1175 δείκνυσιν
990 1121 1157 1186 ὕπνος
1215 1121 1363 1192 αὐτῷ
1419 1123 1514 1176 τὸν
1567 1123 1736 1194 ἄνδρα

108 1211 432 1280 σωτήριον,
486 1210 747 1266 ἐπιθέντα
789 1211 868 1284 τῷ
909 1211 1074 1266 πάθει
1117 1214 1177 1267 τὸ
1223 1213 1579 1284 Εὑαγγέλιον.
1625 1215 1736 1268 Καὶ

108 1303 467 1373 συναπέπτη
501 1302 578 1372 τῷ
614 1301 768 1374 ὕπνῳ
817 1303 880 1357 τὸ
927 1304 1121 1372 πάθος,
1165 1307 1260 1358 καὶ
1291 1305 1450 1378 ὑγιὴς
1489 1307 1517 1359 ό
1549 1306 1736 1370 κακῶς

107 1390 278 1461 ἔχων
323 1393 684 1458 διυπνισθεὶς,
728 1392 808 1464 τῷ
854 1393 1022 1465 Ἀγίῳ
1055 1393 1370 1466 προσελθὼν
1418 1395 1479 1448 τὸ
1511 1395 1736 1466 γεγονὸς

107 1485 498 1554 ἀπαγγέλλει.

198 1576 276 1643 ξ’.
310 1576 470 1630 Οῦτω
490 1575 546 1628 δὲ
571 1575 680 1630 τῶν
709 1576 841 1648 παρ’
862 1575 1027 1631 αὑτοῦ
1058 1577 1352 1649 θαυμάτων
1389 1576 1478 1630 ίσα
1510 1578 1605 1630 καὶ
1636 1593 1735 1630 πο-

111 1673 339 1740 ταμοῖς
369 1669 666 1742 χεομένων,
701 1669 1074 1742 συνέρρευσάν
1097 1686 1228 1723 ποτε
1252 1669 1389 1741 πρὸς
1409 1669 1570 1724 αὑτδν
1591 1668 1737 1739 δχλοι

112 1763 350 1830 πολλοὶ,
399 1765 602 1835 κηροὺς
631 1763 961 1835 ἀνάψαντες,
1014 1764 1110 1817 καὶ
1151 1763 1374 1827 τούτους
1429 1764 1524 1817 ἐπὶ
1564 1762 1736 1816 καλά-

115 1876 261 1928 μων
287 1827 616 1928 πηξάμενοι,
643 1827 762 1929 Θεώ
795 1875 854 1910 τε
881 1827 1140 1911 δι’-αὐτοῦ
1168 1855 1574 1928 προσφέροντες
1595 1857 1730 1910 άναο
1763 1827 1810 1889 Β

111 1950 188 2020 θή
201 1967 368 2020 ματα
389 1967 402 1980 ·
447 1950 636 2022 ἐπειδὴ
669 1949 766 2004 καὶ
800 1949 958 2003 τοῦτο
986 1947 1184 2021 δεκτὴν
1231 1947 1461 2012 ἕκαστος
1490 1947 1607 2020 ᾔδει
1642 1946 1734 2000 θυ-

111 2042 285 2107 σίαν,
308 2042 446 2113 ὅπερ
467 2044 531 2096 ἂν
556 2042 622 2096 δι’
645 2041 811 2096 αὑτοῦ
831 2040 1210 2113 προσενέγκοι.
1247 2040 1306 2094 '0
1323 2040 1381 2094 δὲ
1405 2039 1540 2111 πρὸς
1561 2037 1733 2093 ταῦτα

114 2136 247 2205 μὲν,
276 2137 373 2190 καὶ
394 2135 516 2190 λίαν
543 2134 937 2208 άπαραδέκτως
958 2129 1072 2205 εἶχε
1094 2149 1108 2165 ο
1129 2133 1265 2205 πρὸς
1287 2133 1345 2187 δὲ
1368 2134 1492 2196 τοὺς
1518 2131 1730 2203 ὄχλους,

113 2230 187 2282 Εἰ
226 2229 333 2283 καὶ
377 2228 446 2282 τὰ
473 2229 602 2298 παρ’
638 2227 815 2300 ὑμῶν,
845 2226 1022 2295 ἔλεγε,
1063 2226 1483 2297 προσφερόμενα
1522 2225 1736 2297 λαμϐά-

110 2341 177 2377 νε
191 2341 252 2377 ιν
276 2323 464 2388 αὐτὸς,
484 2322 724 2392 ἀδελφοὶ,
751 2320 828 2392 μὴ
849 2320 1163 2392 βουλοίμην,
1192 2319 1428 2373 παλαιὰν
1450 2317 1733 2389 φυλάττων

112 2418 234 2473 καὶ
270 2418 555 2489 ἡλικιῶτιν
587 2416 912 2488 συνήθειαν·
951 2415 1088 2470 ἀλλά
1111 2415 1278 2470 δεκτά
1305 2414 1597 2485 γεγένηται
1629 2412 1731 2485 ἤδη

111 2511 279 2582 Θεῷ,
310 2511 388 2581 τῷ
416 2511 654 2564 ἀνενδεεῖ
688 2510 786 2581 μὲν
819 2509 1100 2574 ἁπάντων,
1130 2509 1299 2579 μόνην
1328 2508 1383 2561 δὲ
1413 2505 1734 2578 προαίρεσιν

112 2605 268 2674 παρ’
302 2601 464 2674 ἡμῶν
497 2603 575 2665 είς
599 2601 803 2670 ἀγαθὸν
843 2599 1186 2655 ἀπαιτοῦντι.
1221 2601 1400 2672 Ὅπερ
1440 2599 1628 2654 ἐλύπει
1664 2599 1734 2654 τὰ

114 2695 346 2766 πλήθη,
375 2693 470 2748 καὶ
503 2693 710 2765 σφόδρα
728 2694 827 2764 τῆς
863 2693 1096 2748 ἑκάστου
1130 2693 1364 2765 καρδίας
1392 2694 1619 2765 ἥπτετο,
1643 2693 1735 2747 εὑ-

118 2785 478 2858 προσδέκτου
508 2783 760 2856 καθάπερ
792 2784 944 2855 αὐτῷ
981 2784 1080 2855 τῆς
1118 2783 1310 2848 θυσίας
1345 2783 1407 2838 ού
1428 2783 1734 2854 γεγενημέο

118 2897 257 2950 νης.
288 2877 464 2931 Τοῦτο
494 2877 679 2931 τοίνυν
712 2877 922 2941 [δόντας
983 2876 1113 2940 τοὺς
1157 2873 1410 2946 μαθητάς
1443 2875 1735 2946 βουλεύσα-

121 2972 266 3025 σθαι
301 2969 429 3024 καθ’
458 2971 708 3036 ἑαυτοὺς,
746 2969 888 3022 ὥστε
923 2967 1107 3040 κρύφα
1135 2967 1438 3039 λαμϐάνειν
1477 2967 1547 3022 τὰ
1572 2984 1734 3038 κομι-

119 3064 369 3133 ζόμενα.
413 3062 470 3115 Ὁ
501 3062 560 3116 δὲ
595 3062 733 3134 μηδέ
757 3061 876 3131 μτὴν
901 3059 1199 3132 ἐνθύμησιν
1232 3060 1413 3114 αὐτῶν
1438 3061 1733 3131 ἀγνοήσας,

1835 570 2081 626 oll'erunt
2107 589 2120 626 :
2151 586 2278 625 cum
2317 585 2348 625 e
2383 571 2616 642 vestigio
2659 571 2846 642 (quam
2885 572 3173 642 multiplex
3203 583 3287 630 est
3329 575 3428 630 be-

1835 661 2078 732 nignitas
2113 669 2231 726 tua,
2277 661 2533 726 Domine,
2575 677 2740 731 quam
2771 663 3125 732 aperantihus
3151 664 3205 718 in
3254 673 3304 718 te
3337 681 3432 720 cx-

1839 754 2102 809 hibuistil
2129 754 2147 824 )
2176 753 2324 809 oculi
2366 753 2734 808 adolescentis
2779 753 2982 808 iterum
3016 755 3426 811 illuminantur.

1835 846 2009 913 Alter,
2049 846 2140 902 cui
2172 853 2370 900 venter
2399 845 2593 900 morbo
2619 845 2859 916 quodam
2896 846 3256 912 intumuerat,
3292 850 3429 903 nihil

1835 947 1954 993 arte
1982 939 2194 994 medica
2231 939 2524 995 levaminis
2558 947 2841 1009 expertus,
2891 938 3216 1012 Symeonem
3254 957 3433 996 reme-

1837 1033 1991 1087 dium
2025 1032 2235 1088 doloris
2264 1033 2347 1088 sui
2381 1033 2697 1104 postulabat
2727 1050 2743 1088 :
2778 1047 2910 1089 ecce
2947 1044 3132 1089 autem
3173 1035 3432 1090 salutaris

1837 1141 2066 1180 somnus
2122 1127 2454 1182 exbibetllli
2509 1127 2728 1192 virum,
2795 1142 3014 1182 sacrum
3071 1127 3429 1198 Evangelium

1836 1215 2048 1271 dolenti
2094 1217 2346 1271 membro
2394 1217 2794 1287 imponentem,
2828 1233 2938 1288 quo
2967 1233 3196 1272 somnus
3220 1219 3433 1287 pariter

1835 1317 1894 1364 et
1935 1310 2094 1363 dolor
2120 1309 2334 1380 depulsi
2367 1319 2518 1365 sunt.
2557 1310 2737 1366 Sanus
2789 1310 2957 1382 igitur
2999 1320 3122 1380 post
3173 1325 3430 1364 somnum

1837 1397 2038 1461 factus,
2071 1399 2164 1468 qui
2199 1400 2341 1453 male
2370 1401 2662 1464 habuerat,
2693 1400 2761 1455 ad
2791 1411 3044 1455 sanctum
3079 1401 3332 1466 accessit,
3377 1413 3435 1456 et

1837 1490 1984 1559 quod
2032 1490 2346 1560 contigerat
2388 1490 2750 1545 renuntiavit.

1911 1580 2000 1635 60.
2039 1580 2178 1635 Dum
2215 1583 2288 1635 ita
2312 1582 2549 1653 Symeon
2581 1582 2912 1637 miraculosa
2963 1581 3230 1637 beneficia
3269 1582 3430 1653 quasi

1839 1674 2007 1745 pleno
2042 1673 2282 1728 effundit
2318 1675 2499 1738 alveo,
2547 1673 2750 1728 accidit
2789 1674 3086 1744 aliquando
3123 1674 3312 1729 turbas
3362 1675 3430 1729 ad

1841 1765 1996 1820 illum
2023 1765 2344 1837 frequentes
2373 1765 2675 1832 confluere,
2699 1782 2960 1821 accensos
2985 1781 3175 1821 cereos
3203 1766 3434 1821 summis

1841 1858 2212 1913 arundinibus
2263 1859 2461 1914 infixos
2502 1858 2882 1930 praeferentes,
2932 1859 3278 1912 anathemata
3319 1858 3430 1912 Deo

1841 1965 1941 2020 per
1985 1948 2312 2022 Symeonem
2349 1950 2636 2006 oblaturas
2681 1967 2695 2006 :
2736 1960 2968 2006 noverat
3018 1951 3164 2006 enim
3196 1952 3430 2022 quisque

1840 2042 2180 2112 acceptabile
2218 2041 2273 2097 id
2297 2043 2629 2098 sacrificium
2667 2042 2807 2107 fore,
2845 2043 2990 2114 quod
3017 2059 3112 2114 per
3147 2044 3296 2101 illius
3318 2061 3434 2100 ma-

1839 2148 1947 2188 nus
1976 2133 2319 2188 immolatum
2359 2134 2573 2190 fuisset.
2623 2135 2690 2190 At
2719 2136 2811 2192 ille
2841 2135 2984 2189 dona
3015 2136 3236 2206 quidem
3269 2136 3434 2191 mini-

1839 2237 1930 2276 me
1957 2229 2074 2278 rata
2124 2223 2320 2280 habuit
2353 2235 2520 2296 atque
2547 2234 2804 2296 accepta;
2837 2226 3026 2280 turbas
3062 2241 3197 2280 vero
3236 2226 3310 2280 ita
3349 2235 3434 2281 est

1840 2314 2114 2374 allocutus
2158 2335 2171 2372 :
2208 2317 2531 2376 Oblationes
2572 2328 2787 2375 vestras
2820 2335 2920 2392 ego
2961 2336 3071 2375 non
3133 2321 3431 2386 admisero,

1841 2408 2061 2476 fratres,
2077 2411 2317 2483 antiqua:
2337 2424 2392 2469 et
2409 2413 2694 2469 hodiernae
2716 2414 3136 2470 consuetudinis
3150 2413 3435 2469 servanda:

1841 2504 2166 2561 studiosus:
2197 2517 2580 2562 verumtamen
2613 2515 2912 2577 acceptata:
2946 2508 3052 2578 jam
3083 2523 3110 2560 a
3141 2508 3252 2561 Deo
3280 2515 3432 2571 sunt,

1841 2594 1938 2666 qui
1970 2611 2158 2652 rerum
2190 2605 2505 2653 nostrarum
2536 2599 2614 2653 nil
2669 2600 2909 2670 indigus,
2949 2599 3122 2655 solam
3168 2599 3432 2656 intentio-

1841 2705 1968 2745 nem
1993 2690 2194 2746 bonam
2222 2691 2354 2746 boni
2387 2691 2648 2746 consulit.
2691 2691 2822 2758 Quae
2848 2693 3025 2746 oratio
3055 2692 3293 2748 tristitiae
3324 2708 3434 2746 non

1843 2783 2110 2840 mediocri
2141 2785 2321 2840 turbis
2354 2785 2484 2850 fuit,
2513 2796 2571 2842 et
2591 2786 2808 2842 animos
2837 2803 2946 2842 non
2985 2788 3146 2842 aliter
3178 2787 3432 2858 pupugit,

1842 2891 2008 2946 quam
2041 2877 2086 2932 si
2133 2878 2430 2948 reprobata
2469 2878 2680 2934 oblatio
2719 2879 2937 2934 fuisset.
2974 2879 3130 2947 Quod
3180 2880 3437 2935 animad-

1841 2977 2124 3023 vertentes
2159 2969 2419 3040 discipuli
2454 2970 2748 3024 consilium
2791 2971 3039 3024 inierunt
3078 2971 3222 3025 inter
3259 2987 3339 3034 sc,
3373 2980 3438 3025 ut

1843 3061 1984 3116 clam
2005 3059 2383 3117 subducerent
2405 3078 2528 3132 qua:
2551 3063 2712 3116 allata
2737 3069 2916 3117 erant.
2938 3062 3141 3117 Verum
3171 3062 3433 3134 Sytneon,

120 3156 524 3226 αὑστηροτέρᾳ
559 3157 713 3226 φωνῇ
744 3153 986 3217 καλέσας
1012 3153 1207 3217 αὐτοὺς
1229 3193 1244 3218 ,
1281 3151 1596 3224 Ἠγνόηται,
1628 3168 1734 3222 φη-

1843 3170 2009 3226 quem
2044 3155 2411 3226 cogitationes
2454 3156 2676 3210 illorum
2711 3155 2858 3210 haud
2898 3155 3203 3226 fugiebant,
3240 3170 3434 3211 severa

130 3249 253 3313 σὶν,
291 3248 444 3319 ὑμῖν,
477 3249 504 3301 ὅ
527 3248 580 3300 τί
608 3264 740 3301 ποτε
776 3242 886 3318 ἆρα
919 3246 1180 3301 πεπόνθοι
1209 3247 1360 3318 παρὰ
1384 3247 1462 3317 τῷ
1494 3246 1730 3318 Ἰσραὴλ,

121 3343 154 3395 ὁ
187 3339 272 3410 τῷ
305 3338 530 3410 χαλεπῷ
573 3337 740 3393 πάθει
779 3339 879 3409 τῆς
919 3337 1287 3409 φιλαργυρίας
1324 3337 1505 3403 ἁλοὺς,
1539 3338 1634 3391 καὶ
1677 3336 1740 3391 τὸ

127 3430 384 3504 χρυσοῦν
418 3430 767 3502 βούγλωσσον
807 3429 1046 3500 συλήσας
1078 3429 1172 3484 τοῦ
1204 3429 1571 3500 άναθέματος;
1597 3428 1650 3482 τί
1681 3427 1741 3483 δέ

127 3526 307 3597 Γιεζὴ
353 3525 416 3578 τὸ
457 3523 764 3578 Ἐλισσαίου
815 3525 1125 3596 παιδάριον,
1164 3525 1312 3588 ὅπως
1349 3523 1448 3596 τὴν
1488 3523 1742 3595 Ναιεμὰν

126 3620 353 3690 λέπραν
400 3615 805 3688 κατεδικάσθη;
861 3615 998 3672 ἀλλὰ
1053 3618 1149 3671 καὶ
1185 3615 1388 3680 Ἰούδας
1434 3616 1597 3681 αὐτὸς
1640 3616 1742 3688 τῆς

127 3709 515 3779 ἀποστολικῆς
569 3707 822 3762 ἐκπεσὼν
855 3709 1080 3781 χάριτός
1110 3726 1168 3763 τε
1215 3708 1313 3762 καὶ
1341 3709 1572 3774 τάξεως,
1608 3725 1743 3780 προ-

130 3804 305 3865 δότης
331 3818 390 3854 τε
415 3800 509 3854 τοῦ
535 3800 871 3855 Διδασκάλου
893 3799 1187 3871 γενόμενος
1214 3799 1310 3853 καὶ
1332 3797 1736 3869 άπαγξάμενος,

129 3897 237 3950 καὶ
285 3894 448 3965 μέσος
498 3893 781 3963 λακήσας;
814 3892 957 3965 Πρὸς
1009 3892 1184 3947 ταῦτα
1221 3893 1331 3946 δέει
1356 3891 1656 3963 ληφθέντες
1691 3892 1740 3945 οἱ

136 3987 417 4060 μαθηταὶ,
451 3985 707 4056 ῥίψαντες
732 3987 810 4050 είς
838 3986 1036 4056 ἔδαφος
1067 3986 1293 4050 ἑαυτοὺς
1323 3985 1651 4056 αίτήσαντές
1679 4002 1740 4039 τε

142 4077 488 4148 συγγνώμην
541 4078 637 4131 καὶ
683 4078 962 4143 λαθόντες,
1012 4079 1340 4150 ἀνέστησαν,
1407 4077 1584 4133 πολλὰ
1614 4078 1743 4149 σφι-

137 4191 232 4225 σιν
304 4171 491 4235 αὐτοῖς
556 4171 666 4226 τῶν
734 4172 1018 4243 προτέρων
1081 4172 1527 4246 ἐπιμεμφόμενοι
1588 4171 1742 4242 λογι-

136 4279 320 4332 σμων.

216 4354 322 4420 ξω.
375 4354 765 4427 Ἀπεκαλύφθη
795 4354 926 4408 ποτὲ
972 4354 1048 4426 τῷ
1091 4355 1322 4427 Συμεὼν
1349 4356 1493 4427 ἅπερ
1522 4353 1616 4409 ἐπὶ
1641 4354 1744 4424 τὴν

149 4447 433 4517 Ἀντιόχου
466 4446 566 4516 φεῦ
603 4448 615 4500 !
653 4447 960 4516 ἐπάγεσθαι
982 4447 1210 4518 ἤμελλε.
1261 4447 1344 4501 Τὰ
1371 4447 1427 4502 δέ
1457 4443 1547 4518 ἦν,
1579 4445 1744 4500 πνεῦ-

1839 3262 1975 3304 voce
2005 3246 2293 3303 advocatis
2318 3247 2455 3303 dicit
2494 3265 2506 3302 :
2536 3248 2797 3318 Nunquid
2841 3248 3013 3318 ignari
3046 3249 3201 3314 estis,
3228 3258 3434 3317 quanta

1839 3339 1973 3395 olim
2007 3353 2204 3410 passus
2257 3339 2330 3394 sit
2353 3339 2521 3394 Israel
2573 3348 2802 3409 propter
2853 3354 3002 3405 eum,
3040 3339 3135 3409 qui
3191 3339 3436 3394 avaritia:

1841 3431 1995 3502 gravi
2029 3430 2252 3486 all‘ectui
2278 3447 2337 3487 se
2360 3431 2610 3495 tradidit,
2637 3440 2693 3486 et
2717 3431 2959 3502 linguam
2991 3431 3065 3502 (8)
3090 3448 3314 3486 auream
3345 3448 3437 3486 ra-

1840 3522 2046 3594 puitex
2063 3523 2611 3590 anathemate?Quid
2637 3522 2812 3588 Giezi,
2838 3539 2975 3593 puer
3003 3523 3182 3578 Elisaei
3208 3525 3228 3577 ‘!
3251 3540 3435 3580 nonne

1840 3616 2030 3688 lepraa,
2053 3632 2161 3687 qua
2190 3615 2438 3671 Naaman
2479 3615 2660 3670 fuerat
2684 3614 2944 3680 infectus,
2989 3615 3276 3670 damnatus
3311 3615 3438 3670 est?

1841 3709 1984 3777 Quid
2018 3723 2320 3765 memorem
2353 3708 2574 3774 Judam,
2596 3707 2690 3778 qui
2715 3723 2744 3762 e
2779 3723 3012 3763 numero
3031 3715 3087 3762 et
3106 3708 3279 3778 gratia
3303 3724 3438 3778 apo-

1841 3800 2112 3856 stolorum
2147 3799 2374 3865 excidit,
2405 3799 2656 3869 proditor
2700 3797 2938 3868 Magistri
2982 3797 3068 3853 sui
3115 3797 3328 3863 factus;
3379 3808 3438 3855 et

1840 3893 2218 3963 strangulatus
2249 3891 2466 3961 crepuit
2498 3889 2753 3945 medius?
2776 3890 2856 3944 Ad
2898 3891 3014 3945 haac
3044 3890 3213 3945 verba
3247 3891 3438 3945 exani-

1842 3984 1974 4039 mati
2027 3983 2222 4039 timore
2253 3981 2533 4052 discipuli,
2569 3982 2730 4052 proni
2771 3998 2830 4038 se
2874 3982 2930 4036 in
2964 3990 3169 4036 terram
3205 3981 3432 4044 dedere,

1841 4076 2062 4132 veniam
2097 4075 2495 4144 deprecantes;
2538 4089 2703 4145 quam
2743 4072 2838 4127 ubi
2871 4073 3260 4142 impetrarunt,
3313 4087 3438 4125 sur-

1843 4176 2037 4240 gentes
2069 4164 2264 4222 multis
2294 4181 2417 4222 sese
2443 4165 2776 4221 incusavere
2802 4164 2875 4220 ob
2895 4164 3083 4236 priora
3120 4179 3221 4218 sua
3273 4162 3432 4235 cogi-

1845 4269 1979 4316 tata.

1914 4352 2002 4408 61.
2039 4351 2303 4408 Revelata
2351 4351 2597 4424 quodam
2647 4358 2900 4421 tempore
2962 4347 3225 4421 Sytneoni
3295 4356 3431 4403 sunt

1843 4444 1988 4499 mala
2029 4459 2153 4514 qua:
2200 4459 2373 4514 super
2436 4441 2790 4498 Antiochiam
2857 4439 3175 4495 inducenda
3221 4446 3430 4493 essent.

138 4559 220 4612 μα
259 4540 538 4610 μάχαιραν
592 4540 1097 4611 ἐγκεχειρισμένον,
1137 4540 1233 4592 καὶ
1273 4538 1482 4592 ἄνωθεν
1520 4540 1608 4591 ἐπ’
1642 4537 1736 4591 αύ-

1845 4535 2018 4590 Erant
2054 4543 2240 4590 autem
2270 4533 2625 4606 huiusmodi:
2686 4533 2916 4604 angelus
2967 4531 3209 4602 gladium
3242 4539 3437 4585 tenens

134 4637 244 4704 τὴν
314 4633 642 4702 φερόμενον.
714 4631 939 4700 Ἐϐόησε
984 4631 1280 4701 τοιγαροῦν
1337 4629 1476 4699 πρὸς
1527 4627 1736 4698 Κύριον

1839 4644 2008 4683 manu
2036 4628 2092 4684 in
2124 4642 2253 4683 aere
2282 4627 2570 4681 ferebatur
2606 4641 2773 4696 supra
2803 4625 3104 4680 civitatem.
3163 4623 3436 4677 luclama-

138 4725 291 4793 ὑπὲρ
351 4721 525 4793 αὐτῆς
581 4725 648 4793 τῇ
707 4721 928 4794 καρδίᾳ,
953 4719 1084 4792 ἔστη
1116 4737 1174 4774 τε
1208 4719 1350 4774 κατὰ
1374 4720 1466 4773 τὸν
1495 4718 1736 4790 Μωῡσῆν

1843 4723 1922 4777 vit
1963 4721 2134 4793 igitur
2179 4727 2407 4776 sanctus
2457 4719 2754 4774 Dominum
2794 4733 2897 4789 pro
2952 4733 3016 4772 ea
3077 4724 3193 4769 toto
3245 4713 3434 4778 corde,

138 4819 382 4872 ἐνώπιον
445 4816 634 4879 αὑτοῦ,
665 4815 760 4869 τοῦ
822 4812 1166 4885 ἀποστρέψαι
1209 4815 1300 4866 τὸν
1335 4812 1509 4882 θυμὸν
1541 4811 1734 4878 αὑτοῦ,

136 4911 236 4961 καὶ
297 4907 372 4979 μὴ
419 4905 688 4960 ἐκκαῦσαι
749 4907 932 4960 πᾶσαν
972 4905 1072 4977 τὴν
1109 4905 1280 4977 ὀργὴν
1339 4903 1528 4957 αὑτοῦ.
1577 4903 1637 4956 Ὀ
1683 4901 1740 4955 δέ

142 5016 285 5067 φησι
312 4999 450 5070 πρὸς
477 4999 668 5052 αὐτόν’
716 4998 850 5051 Ἰδοὺ
879 4999 913 5068 ὴ
937 4997 1156 5068 κραυγὴ
1186 4995 1286 5066 τῆς
1333 4996 1531 5056 κακίας
1570 4993 1742 5064 αὐτῆς

140 5089 318 5160 ἁνέὸη
379 5091 516 5162 πρός
571 5108 665 5161 με,
715 5091 804 5144 ἐπ’
836 5090 1007 5163 ὀργήν
1041 5106 1146 5160 μου
1191 5089 1286 5142 καὶ
1313 5089 1407 5141 ἐπὶ
1434 5087 1606 5158 θυμόν
1631 5087 1738 5160 μού

138 5185 344 5254 ἐστινὴ
374 5182 528 5247 πόλις
550 5183 712 5254 αῦτη,
744 5183 839 5236 καὶ
862 5181 1078 5251 ἀφανιῶ
1111 5181 1282 5252 αὐτὴν
1311 5182 1368 5233 ὲν
1403 5183 1523 5245 ταῖς
1552 5182 1740 5252 ἁμαρ·

137 5275 289 5340 τίεις
366 5277 560 5348 αὐτῆς,
629 5276 726 5330 καὶ
802 5274 960 5329 δώσω
1015 5273 1130 5345 πῦρ
1156 5274 1241 5328 ἐπ’
1273 5271 1444 5345 αὐτὴν
1484 5274 1578 5328 καὶ
1607 5275 1742 5344 pop.-

141 5372 318 5440 φαίαν
349 5371 448 5424 καὶ
480 5371 714 5424 θάνατον
743 5387 758 5403 ⁶
793 5369 934 5442 αὐτὴ
962 5368 1287 5442 παρώργισέ
1317 5386 1385 5439 με
1414 5371 1472 5423 ἐν
1510 5370 1624 5434 τοῖς
1652 5369 1734 5422 εί-

141 5466 338 5533 δώλοις
364 5467 557 5538 αὐτῆς,
590 5467 804 5521 τιθεῖσα
831 5467 1114 5539 τράπεζαν
1145 5469 1260 5530 τοῖς
1292 5465 1512 5536 δαίμοσι
1540 5465 1639 5520 καὶ
1666 5467 1733 5536 τῇ

143 5558 309 5632 τύχῃ,
335 5557 492 5629 κάγὼ
539 5559 633 5612 ἐπὶ
688 5557 834 5612 ἔθνει
887 5558 1136 5628 ἀσυνέτῳ
1199 5555 1492 5629 παροργιῶ
1539 5556 1732 5627 αὐτὴν.

223 5693 315 5765 (8)4
339 5693 542 5765 Achan,
577 5693 623 5749 is
659 5693 765 5748 fuit
792 5692 909 5764 qui,
942 5692 1109 5765 Iosue
1143 5708 1236 5765 vn,
1280 5691 1348 5765 de
1386 5689 1737 5765 anathemate

147 5761 376 5820 Jet‘iCho
407 5764 533 5834 tulit
561 5765 665 5834 (uti
704 5761 1061 5834 Septuaginta
1091 5763 1321 5834 habent)
1352 5761 1600 5834 γλῶτταν
1632 5761 1737 5815 lin-

149 5851 336 5908 gnam,
363 5833 510 5905 quod
562 5831 815 5908 vulgatu—5
866 5831 1048 5892 teitus
1097 5831 1335 5905 regulam
1383 5831 1592 5890 vertit:
1626 5846 1732 5889 ms.

1835 4816 2111 4885 stetitque
2148 4823 2209 4868 ut
2243 4813 2386 4868 alter
2421 4812 2636 4884 Moyses
2666 4827 2856 4867 coram
2883 4810 2998 4875 illo,
3043 4819 3104 4863 ut
3153 4816 3438 4863 averteret

1850 4905 2098 4960 furorem
2131 4901 2306 4966 illius,
2343 4899 2754 4970 impediretque
2783 4914 2852 4953 ne
2889 4898 3095 4969 majore
3147 4895 3437 4951 iracundia

1850 4999 2314 5054 inﬂammaretur.
2339 4995 2490 5049 Dicit
2534 5002 2722 5048 autem
2778 4991 3049 5051 Dominus
3110 4989 3178 5045 ad
3242 4990 3434 5045 illum:

1850 5090 1994 5145 Ecce
2028 5089 2239 5144 clamor
2262 5095 2619 5157 peccatorum
2655 5085 2814 5140 urbis
2857 5083 3010 5140 illius
3072 5083 3324 5138 ascendit
3367 5081 3435 5136 ad

1850 5199 1960 5248 me,
1993 5182 2129 5236 iram
2159 5196 2224 5235 ac
2245 5179 2489 5236 furorem
2515 5193 2701 5234 meum
2731 5177 2968 5233 incurrit
2993 5175 3189 5247 impia;
3223 5175 3438 5245 disper-

1849 5276 1976 5332 dam
2014 5275 2188 5346 ipsam
2214 5273 2281 5331 in.
2299 5273 2541 5345 peccatis
2582 5271 2730 5328 suis:
2790 5269 3085 5326 immittam
3145 5269 3348 5338 ignem,
3379 5275 3437 5321 et

1849 5369 2116 5441 gladium,
2159 5375 2217 5422 et
2238 5375 2510 5422 mortem:
2549 5365 2667 5436 ipsa
2722 5364 2965 5419 irritavit
3014 5378 3100 5418 me
3152 5377 3251 5432 per
3289 5361 3434 5416 idola

1845 5478 1967 5525 sua,
1994 5475 2206 5531 ponens
2239 5475 2487 5516 mensam
2518 5458 2866 5514 daemonibus
2912 5464 2968 5511 et
3004 5456 3276 5522 fortuna;
3331 5469 3434 5525 ego

1845 5570 2068 5629 quoque
2097 5570 2197 5626 per
2231 5563 2452 5626 gentem
2511 5553 2869 5624 insipientem
2943 5549 3176 5604 irritabo
3229 5549 3429 5619 ipmm.

1843 5701 2102 5747 nostrum
2164 5690 2533 5762 βούγλωσσον,
2585 5704 2707 5762 qua}
2761 5689 2943 5762 herba?
2977 5703 3103 5744 cum
3163 5687 3327 5747 ﬂoret
3372 5691 3431 5749 in

1843 5777 2073 5889 :captum
2094 5760 2354 5835 asSurgit,
2383 5761 2656 5834 longioris
2694 5760 2872 5818 instar
2897 5761 3084 5834 virgae,
3121 5770 3335 5820 rectum
3360 5775 3430 5820 ac

1866 5847 1960 5891 ere
1989 5846 2097 5889 em.
