3988 6504
574 350 711 413 3043

1773 350 1834 409 S.
1877 344 2252 410 SYMEONIS
2289 342 2651 406 IUNIORIS

3660 341 3772 406 30“

572 465 724 520 llanc
747 463 1017 519 visionem
1071 478 1184 519 non
1214 469 1432 534 poterat
1479 472 1705 533 prepter
1757 463 2140 518 comminatio-

2252 458 2459 526 Ταύτην
2483 457 2511 508 ὁ
2534 456 2631 525 μὲν
2664 452 2764 522 τὴν
2793 452 2919 523 ὄψιν
2946 450 3044 522 οὐχ
3071 444 3183 514 οἷός
3225 465 3283 503 τε
3308 448 3392 502 ὢν
3422 449 3480 503 ὲν
3517 448 3653 521 αὐτῷ
3679 457 3776 509 στέ-

571 572 702 611 num
737 555 1085 610 atrocitatem
1115 555 1466 625 supprimere
1498 554 1770 625 Symcon;
1827 554 1923 609 sed
1975 554 2145 609 adve-

570 645 853 700 nientibus
876 643 1204 713 quibusdam
1227 642 1532 697 Antiochia:
1553 641 1620 695 ad
1652 655 1710 697 se
1732 641 1866 695 viris
1914 640 2144 710 integri-

572 743 683 788 tate
730 735 854 787 vita:
905 732 1235 803 insignibus,
1278 745 1393 785 rem
1450 738 1616 785 totam
1666 744 1790 782 cum
1843 727 2013 781 animi
2058 726 2144 781 sui

569 827 721 895 gravi
751 840 917 879 sensu
943 824 1229 879 narravit:
1257 831 1464 878 eventu
1494 836 1716 890 quoque
1773 835 1944 889 prope
1998 820 2143 874 diem

571 917 967 986 subsequente.
995 916 1115 970 Non
1146 916 1380 970 multum
1414 914 1563 969 enim
1589 913 1905 968 intercessit
1934 920 2146 981 tempo-

574 1009 670 1072 ris,
729 1022 853 1062 cum
916 1009 1062 1062 Deus
1109 1006 1396 1062 Chosroen
1457 1007 1752 1060 Persarum
1820 1019 2040 1074 regem,
2088 1010 2146 1057 et

571 1100 863 1155 Clialdreos
890 1100 969 1153 illi
994 1099 1264 1164 subditos,
1298 1108 1516 1169 gentem
1573 1098 1721 1152 bello
1767 1112 1949 1151 acrem
1990 1096 2146 1165 juxta

571 1205 637 1245 ac
668 1192 908 1246 celerem
941 1190 1267 1260 (velociores
1290 1203 1527 1258 namque
1576 1187 1843 1242 dicuntur
1868 1186 1995 1256 equi
2019 1185 2146 1240 illo-

576 1296 701 1335 rum
761 1280 1071 1351 pantheris.
1129 1290 1186 1334 et
1234 1280 1533 1335 ferociores
1582 1278 1797 1333 Arabia:
1830 1278 2020 1349 lupis),
2055 1292 2149 1332 ve-

575 1374 659 1426 lut
706 1372 947 1441 aquilam
998 1380 1253 1442 prompte
1314 1371 1662 1426 advolantem
1703 1370 1772 1425 ad
1817 1386 2021 1435 escam,
2079 1384 2148 1423 ex

575 1464 799 1519 Oriente
826 1465 903 1532 (9)
942 1463 1212 1528 suscitat;
1249 1464 1341 1533 qui
1368 1463 1520 1534 gravi
1568 1462 1813 1517 exercitu
1866 1460 2146 1515 civitatem

580 1558 892 1610 cinxerunt.
930 1555 1163 1627 Symcon
1182 1555 1350 1625 igitur
1376 1555 1445 1610 ad
1480 1555 1773 1609 Dominum
1817 1567 2012 1607 rursus
2036 1553 2149 1606 ele-

574 1648 722 1701 vavit
744 1663 934 1702 vocem
963 1663 1115 1703 suam
1146 1663 1248 1716 pro
1270 1647 1401 1716 lilia,
1434 1646 1480 1701 si
1515 1644 1659 1701 forte
1710 1660 1877 1715 super
1927 1644 1996 1699 iis
2027 1658 2149 1714 qua)

576 1739 725 1807 prius
773 1746 892 1792 erat
949 1738 1312 1793 comminatus
1372 1737 1712 1806 paeniteret,
1760 1743 1817 1789 et
1873 1734 2147 1804 prepitius

2243 567 2360 619 γειν
2386 548 2475 602 διὰ
2498 547 2596 617 τὴν
2620 545 2873 617 ἀπειλὴν,
2908 541 3317 613 παραϐαλοῦσιν
3366 539 3517 611 αὐτῷ
3566 558 3691 596 τισιν
3726 549 3779 600 ὲκ

2244 641 2343 710 τῆς
2388 639 2682 708 Ἀντιόχου,
2723 636 2835 708 βίον
2870 634 3077 704 εὐλαϐῆ
3110 631 3276 698 ζῶσιν
3296 632 3582 702 ἀνδράσιν,
3608 635 3659 686 ὲν
3684 636 3779 689 ὀδό.

2246 748 2313 802 νῃ
2340 731 2521 803 ψυχῆς
2569 727 2908 799 ἐξηγήσατο,
2932 724 3073 779 κατά
3104 722 3273 783 πόδας
3304 722 3367 774 δὲ
3405 723 3502 773 καὶ
3532 722 3563 790 ή
3596 722 3779 787 ἔκϐασις

2244 822 2529 896 ἠκολούθει
2559 839 2574 855 ο
2604 823 2665 874 οὐ
2713 820 2847 873 πολὺ
2880 818 2989 889 γὰρ
3034 816 3096 869 τὸ
3129 817 3186 867 ὲν
3227 814 3385 884 μέσῳ
3430 814 3524 865 καὶ
3552 816 3678 866 κινεί
3700 816 3779 869 Xo-

2248 918 2415 989 σρὸην
2448 914 2693 986 βασιλεία
2712 911 2941 983 Περσῶν
2962 912 2990 965 ὁ
3010 910 3165 973 Θεδς,
3196 908 3258 959 τό
3285 924 3344 960 τε
3379 906 3473 959 ὑπ’
3493 906 3647 958 αὑτὸν
3661 907 3781 972 ἔθνος

2247 1008 2341 1062 καὶ
2368 1004 2671 1068 Χαλδαίους
2695 1004 2756 1057 τὸ
2814 1001 3011 1071 πικρὸν
3047 1000 3142 1054 καὶ
3190 996 3251 1051 τὸ
3297 996 3520 1066 ταχινὸν
3550 996 3779 1064 (ἐξαλοῦν-

2246 1116 2337 1153 ται
2359 1098 2491 1168 γὰρ,
2522 1097 2708 1166 φησὶν,
2740 1094 2881 1164 ὑπὲρ
2909 1091 3202 1164 παρδάλεις
3220 1089 3268 1142 oi
3303 1090 3469 1141 ἵπποι
3496 1087 3682 1149 αὐτῶν,
3706 1093 3778 1142 ut

2246 1190 2492 1258 ὀξύτεροι
2526 1188 2665 1259 ὑπὲρ
2710 1186 2837 1249 τοὺς
2864 1183 3064 1247 λύκους
3089 1181 3190 1251 τῆς
3229 1178 3541 1249 Ἀραϐίας),
3565 1178 3635 1243 ὡς
3655 1179 3779 1231 ἀετδν

2248 1281 2529 1353 πρόθυμον
2576 1280 2672 1334 ἐπὶ
2714 1279 2778 1332 τὸ
2826 1280 3019 1348 φαγεῖν
3072 1277 3138 1329 ὲκ
3169 1275 3268 1343 τῆς
3306 1272 3450 1335 ”Εω,
3482 1271 3539 1333 ὃς
3564 1269 3702 1340 βαρεῖ
3724 1273 3782 1341 τῷ

2250 1371 2466 1443 στρατῷ
2514 1374 2580 1443 τῇ
2636 1369 2788 1424 πόλει
2838 1366 3309 1440 παρεμϐεϐλήκει.
3352 1362 3583 1432 Ἐϐόησε
3635 1362 3782 1417 τοίνυν

2199 1533 2203 1536 .
2248 1463 2385 1533 πρὸς
2442 1462 2646 1534 Κύριον
2692 1456 2848 1524 αὖθις
2875 1459 3017 1530 ὑπὲρ
3056 1458 3226 1526 αὐτῆς
3270 1454 3523 1524 Συμεὼν,
3554 1456 3599 1507 εί
3630 1449 3782 1521 ὲφ¹οἶς

2246 1556 2415 1623 ἔδειξε
2476 1555 2743 1626 πρότερον
2790 1550 2942 1621 αύτῷ
3004 1546 3434 1621 μεταμεληθείη,
3462 1545 3782 1598 καὶὶλάσεται

2247 1652 2367 1711 ταῖς
2398 1647 2694 1721 ἁμαρτίαις
2722 1645 2913 1714 αὐτῆς,
2966 1642 3063 1697 καὶ
3100 1642 3162 1695 ού
3218 1639 3525 1710 διαφθερεῖ,
3549 1637 3658 1691 ούδὲ
3696 1656 3780 1690 πα-

2253 1740 2483 1812 ραδώσει
2512 1741 2625 1802 τοῖς
2666 1737 2971 1807 Ἀσσυρίοις
3000 1736 3057 1788 ἐν
3090 1731 3337 1804 ῥομφαίᾳ
3357 1731 3460 1801 τὴν
3490 1730 3666 1782 πόλινο
3694 1729 3782 1783 ἀλλ’

576 1834 733 1883 lieret
766 1830 1013 1899 peccatis
1035 1829 1297 1891 civitatis,
1336 1843 1436 1882 nec
1463 1826 1807 1897 disperderet
1860 1826 2009 1881 illam
2054 1832 2149 1879 aut

2252 1833 2348 1885 οὐκ
2372 1827 2440 1900 ἦν
2469 1831 2699 1898 δήλωσις
2734 1828 2887 1898 παρὰ
2918 1826 3146 1898 Κυρίου,
3172 1825 3253 1878 ὅτι
3280 1827 3313 1893 ἠ
3355 1822 3499 1893 ὀργὴ
3526 1821 3616 1873 τοῦ
3642 1821 3782 1889 θυμοῦ

577 1920 821 1975 traderet
854 1920 1051 1990 gladiis
1110 1919 1479 1990 Assyriorum.
1532 1918 1731 1973 Verum
1769 1916 1908 1971 nihil
1965 1916 2143 1972 Inani-

574 2011 699 2065 festi
727 2011 866 2082 signi
893 2010 1159 2065 reddebat
1189 2010 1480 2075 Dominus,
1515 2010 1770 2079 quoniam
1814 2012 1896 2064 ira
1938 2008 2146 2063 furoris

575 2103 1042 2173 ejnsabundabat,
1091 2113 1146 2158 et
1178 2103 1558 2158 misericordia
1606 2100 1968 2156 absconderat
2018 2115 2074 2154 se
2116 2115 2148 2153 a

578 2196 717 2249 facie
744 2195 914 2250 illius.
944 2194 1246 2251 Constituit
1300 2210 1433 2266 ergo
1478 2194 1714 2265 Symeon
1764 2193 1948 2247 denuo
1993 2193 2147 2246 illum

576 2286 833 2353 precibus
868 2287 1253 2356 interpellare;
1282 2301 1407 2341 eum
1425 2302 1587 2341 ecce:
1620 2286 1740 2340 Non
1762 2300 1848 2339 me
1870 2284 2147 2355 poznituit,

578 2378 778 2446 inquit,
813 2378 909 2432 sed
936 2387 1088 2433 certo
1122 2380 1328 2433 certius
1356 2378 1658 2437 traditurus
1694 2392 1814 2431 sum
1843 2377 2144 2442 civitatem,

578 2480 637 2524 et
659 2470 751 2523 alii
774 2469 995 2539 quidem
1032 2470 1087 2524 in
1116 2485 1213 2525 ore
1239 2470 1404 2541 gladii
1439 2469 1693 2525 occasuri
1751 2476 1905 2532 sunt,
1938 2468 2061 2524 aliis
2089 2468 2147 2523 in

2251 1916 2414 1970 αὐτοῦ
2446 1916 2683 1989 πλήρης,
2714 1915 2811 1968 καὶ
2836 1913 3185 1985 παράκλησις
3227 1912 3513 1983 κέκρυπτο
3545 1910 3602 1974 ἐξ
3622 1910 3782 1976 ὀφθαλ-

2254 2008 2369 2079 μῶν
2422 2006 2610 2063 αὐτοῦ.
2643 2006 2951 2079 Προσέθετο
3000 2005 3181 2059 τοίνυν
3230 2004 3363 2074 περὶ
3418 2001 3590 2071 αὐτῆς
3645 2018 3781 2071 προσ-

2249 2101 2506 2165 εύξασθαι
2523 2099 2688 2153 πάλιν
2701 2097 3036 2173 ἀπρκριθείς·
3055 2098 3130 2151 Οὐ
3152 2113 3287 2167 μετα
3296 2095 3630 2166 μεμέλημαι,
3644 2089 3779 2155 εἶπεν,

2250 2198 2386 2252 ἀλλὰ
2419 2195 2742 2267 παραδιδοὺς
2765 2192 3076 2265 παραδώσω
3095 2192 3283 2263 αὐτὴν,
3311 2191 3458 2243 ὥστε
3493 2187 3617 2249 τοὺς
3643 2186 3779 2258 μὲνέν

2256 2288 2483 2357 στόματι
2515 2287 2789 2361 μαχαίρας
2828 2286 3135 2349 πεσεῖσθαι,
3163 2286 3290 2349 τοὺς
3338 2284 3398 2337 δὲ
3436 2284 3515 2343 είς
3544 2280 3781 2350 αἰχμαλω-

2258 2380 2378 2433 σίαν
2411 2380 2757 2449 πορευθῆναι,
2777 2380 2858 2433 σοὶ
2882 2379 2939 2433 δὲ
2966 2380 3056 2432 τὸν
3085 2377 3318 2449 σταυρόν
3347 2394 3453 2446 μου
3470 2374 3529 2427 τὸ
3556 2374 3646 2443 τῆς
3660 2373 3777 2443 sipri-

2254 2486 2351 2538 νης
2383 2469 2628 2540 βραϐεῖον
2653 2470 2887 2540 Θήσομαι
2921 2468 3157 2539 φύλακα,
3182 2467 3257 2529 ὡς
3287 2470 3350 2520 οὐ
3372 2465 3508 2537 μετά
3526 2465 3647 2517 πολὺ
3670 2463 3775 2532 ὕψει.

580 2561 901 2617 servitutem
939 2560 1180 2629 abreptis
1217 2578 1231 2616 :
1277 2562 1374 2616 tibi
1420 2575 1553 2615 vero
1608 2575 1831 2617 crucem
1882 2575 2062 2615 meam
2126 2560 2336 2630 insigne
2395 2559 2547 2631 pacis
2595 2560 2946 2627 constituam,
2992 2575 3114 2617 quae
3169 2568 3222 2615 te
3251 2566 3577 2623 conservet;
3615 2555 3777 2611 utinon

583 2653 656 2706 ita
686 2652 777 2705 diu
808 2660 929 2721 post
956 2651 1191 2706 videbis.

651 2745 740 2799 6‘2.
773 2744 935 2799 Videt
973 2745 1155 2815 itaque
1193 2747 1248 2800 in
1292 2756 1448 2817 raptu
1494 2746 1695 2803 mentis
1735 2746 1967 2818 gratiam
2022 2762 2149 2801 san-

580 2836 813 2891 ctissimi
844 2836 1104 2907 Spiritus,
1136 2854 1356 2893 crucem
1386 2855 1546 2894 manu
1577 2839 1956 2910 praetereuntem
1983 2838 2152 2893 advo-

582 2930 897 2999 lantemque
918 2928 985 2983 ad
1004 2929 1278 2992 se;videt
1330 2938 1383 2985 et
1425 2930 1646 3001 angelos
1702 2929 1864 2984 binos
1901 2929 2152 2985 eamdem

2326 2747 2421 2817 5,3'.
2465 2749 2598 2821 Ὁρᾷ
2628 2749 2806 2804 τοίνυν
2837 2750 2894 2801 ὲν
2938 2749 3193 2803 ἐκστάσει
3225 2748 3391 2802 πάλιν
3420 2748 3450 2800 ὁ
3477 2746 3681 2817 Συμεὼν
3704 2746 3776 2816 τὴν

2254 2840 2346 2892 τοῦ
2402 2841 2673 2909 παναγίου
2728 2839 3044 2910 Πνεύματος
3095 2841 3255 2911 χάριν
3309 2838 3540 2909 σταυρὸν
3582 2840 3776 2907 ἐγκεχει-

2260 2934 2520 3003 ρισμένην
2581 2934 2675 2987 καὶ
2717 2934 2854 3004 πρὸς
2905 2933 3067 2987 αὑτὸν
3112 2933 3500 2997 καταπτᾶσαν,
3564 2928 3776 2999 ἀγγέλους

583 3020 887 3089 cingentc's,
950 3020 1005 3074 in
1064 3036 1299 3091 quorum
1347 3022 1606 3076 manibus
1660 3037 1822 3076 arcus
1873 3022 2036 3087 tensi,
2098 3030 2149 3077 et

2256 3046 2314 3080 τε
2340 3028 2432 3081 δύο
2465 3027 2936 3099 παρεμϐαλόντας,
2967 3026 3097 3092 τόξα
3124 3025 3184 3079 δὲ
3214 3027 3403 3089 αὐτοῖς
3442 3027 3498 3077 ὲν
3525 3026 3681 3095 χεροῖν
3707 3040 3775 3074 τε⁴

576 3114 759 3184 jacula
783 3113 961 3189 emitti
994 3124 1207 3184 parata.
1270 3114 1369 3169 Illo
1420 3124 1629 3179 autem,
1674 3114 1806 3184 quid
1858 3115 2036 3170 isthoc
2073 3114 2153 3169 rei

580 3213 724 3260 esset
754 3214 1152 3276 percontante:
1183 3207 1351 3273 Crux,
1402 3208 1680 3278 inquiunt,
1734 3208 1946 3263 salvum
1999 3217 2050 3263 te
2100 3217 2157 3263 et

582 3312 838 3352 securum
882 3298 1147 3353 adversus
1195 3299 1381 3354 hostes
1440 3315 1800 3370 quoscunque
1833 3300 2153 3370 przestabit;

586 3391 695 3443 tela
753 3405 885 3445 vero
922 3390 1187 3459 impetum
1254 3408 1469 3458 eorum,
1533 3392 1629 3462 qui
1672 3393 2050 3449 liostilimodo
2102 3401 2155 3449 tc

582 3481 842 3536 invadere
867 3492 1158 3547 conantur,
1194 3484 1493 3538 retundent
1515 3484 1923 3556 inexpugnabili
1945 3486 2153 3541 virtute

585 3574 705 3639 Dei,
747 3575 842 3642 qui
879 3575 953 3628 tui
977 3575 1284 3631 custodiam
1325 3575 1530 3646 ubique
1575 3578 1732 3632 nobis
1782 3577 2150 3633 demandavit.

587 3667 699 3721 llac
746 3666 1058 3721 admirabili
1105 3667 1318 3722 visione
1380 3678 1572 3723 sancto
1630 3670 1910 3733 exhibita,
1981 3671 2154 3725 altera

584 3759 838 3827 protinus
864 3759 1109 3814 succedit
1134 3759 1472 3830 huiusmodi.
1496 3760 1800 3815 Videbatur
1831 3763 1935 3817 sibi
1965 3762 2154 3818 videre

585 3848 774 3901 urbem
817 3849 979 3903 scalis
1011 3848 1080 3902 ad
1106 3849 1304 3904 mmnia
1333 3850 1615 3921 applicatis
1639 3852 1941 3922 oppugnari
1968 3893 1984 3916 ,
2026 3852 2157 3907 Bar-

587 3939 849 4009 barisque
882 3940 994 4010 jam
1031 3940 1310 4011 ingressis,
1342 3939 1492 3997 intus
1517 3941 1756 3997 lamenta
1792 3950 1941 3998 etvae
1959 3958 2153 4013 perso-

587 4045 752 4095 nare;
804 4038 1063 4099 tantaquc
1082 4030 1358 4086 anxietate
1384 4033 1549 4102 plena
1580 4045 1700 4087 esse
1724 4034 1928 4098 omnia,
1960 4042 2021 4088 ut
2042 4049 2153 4089 non

586 4121 744 4189 pauci
772 4122 993 4176 emuris
1020 4121 1165 4177 foras
1194 4139 1252 4179 se
1293 4125 1349 4179 in
1397 4141 1640 4197 praeceps
1679 4127 1878 4182 misere
1935 4127 2151 4194 darent.

584 4212 813 4265 salutem
861 4227 1015 4266 suam
1064 4212 1203 4282 fugae
1251 4213 1543 4269 credituri.
1588 4215 1747 4269 Videt
1774 4216 1975 4270 deinde
2016 4218 2155 4275 duas

587 4303 738 4356 urbis
782 4311 990 4372 portas,
1039 4319 1146 4372 qua
1210 4306 1644 4374 septentrionem
1704 4323 1812 4376 qua
1863 4310 2150 4367 meridiem

2258 3121 2464 3189 ταμὲνα
2495 3120 2591 3173 καὶ
2620 3118 2750 3190 βέλη
2776 3118 3146 3189 στρεφόμενα’
3174 3119 3203 3172 ὅ
3254 3135 3309 3171 τι
3332 3117 3391 3171 δὲ
3420 3115 3586 3169 ταῦτα
3604 3115 3676 3184 εἴη
3697 3131 3773 3166 πυ-

2258 3212 2506 3281 θομένου,
2555 3211 2612 3263 '0
2647 3210 2743 3281 μὲν
2795 3211 3050 3281 σταυρὸς,
3090 3212 3125 3281 ἡ
3173 3210 3421 3281 σωτηρία
3478 3208 3620 3275 καὶὴ
3666 3205 3772 3259 κατὰ

2258 3306 2473 3357 πάντων
2505 3302 2715 3374 ἐχθρῶν
2746 3302 3035 3372 ἀσφάλεια,
3068 3296 3255 3355 εἷπον·
3291 3304 3362 3356 τὰ
3407 3302 3463 3355 δὲ
3508 3300 3643 3371 βέλη,
3666 3299 3772 3352 κατὰ

2255 3394 2364 3446 τῶν
2392 3392 2485 3447 ἐπὶ
2517 3393 2576 3445 σὲ
2607 3392 2888 3464 πολεμίοις
2936 3394 3131 3463 ὁρμαῖς
3161 3393 3485 3464 χρωμένων,
3509 3391 3636 3446 ὥστε
3667 3394 3770 3444 ἁπο-

2260 3484 2511 3555 στρέερειν
2576 3484 2774 3548 αὐτοὺς
2808 3486 2875 3556 τῇ
2909 3483 3003 3538 τοῦ
3032 3483 3168 3537 Θεοῦ
3219 3486 3421 3555 ἀμάχῳ
3451 3485 3605 3554 ἰσχύϊ,
3635 3482 3709 3534 τοῦ
3730 3498 3771 3532 σε

2256 3579 2346 3633 διὰ
2398 3578 2599 3641 παντὸς
2651 3580 2783 3650 ἡμῖν
2822 3577 3114 3648 φυλάττειν
3170 3579 3572 3648 ἐντειλαμένου.
3604 3576 3769 3643 Ταύτης

2256 3670 2334 3741 τῷ
2411 3670 2577 3741 Ἀγίῳ
2606 3668 2922 3741 παραδόξως
2944 3668 3044 3739 τῆς
3065 3669 3332 3733 ὀπτασίας
3384 3670 3657 3738 φανείσης,
3696 3666 3763 3718 ἕπ-

2259 3763 2379 3816 είτα
2413 3763 2596 3833 μέντοι
2626 3761 2900 3814 δείκνυταί
2950 3778 3034 3824 τις
3085 3761 3234 3832 αὐτῷ
3261 3763 3358 3813 καὶ
3408 3762 3536 3832 ἄλλη
3559 3758 3763 3826 τοιαύτη¹

2270 3853 2474 3906 Ἐδόκει
2534 3853 2632 3923 τὴν
2666 3852 2820 3906 πόλιν
2847 3850 3131 3923 κλιμάκων
3159 3853 3255 3905 ἐπὶ
3300 3851 3381 3922 τῷ
3411 3852 3571 3921 τείχει
3599 3851 3766 3917 1:01:09-

2257 3946 2527 4017 κουμένην
2553 3946 2705 4017 ὁρᾷν,
2736 3947 2865 4000 εἵσω
2899 3964 2958 4000 τε
2997 3944 3167 4015 αὐτῆς
3193 3945 3318 4008 τοὺς
3339 3944 3631 4015 βαρϐάρους
3644 3957 3763 4009 γεγε·

2256 4039 2543 4107 νημένους,
2585 4035 2781 4107 θρῆνόν
2808 4053 2867 4090 τε
2895 4036 2990 4090 καὶ
3017 4036 3140 4089 οὐαὶ
3174 4037 3269 4089 καὶ
3318 4035 3543 4106 συνοχὴν
3569 4037 3617 4087 ὲν
3646 4033 3763 4099 αὐτῇ,

2253 4128 2329 4192 ῶς
2386 4127 2479 4181 καὶ
2536 4128 2765 4193 πολλοὺς
2818 4128 2908 4181 διὰ
2958 4129 3067 4182 τῶν
3122 4128 3317 4199 τειχῶν
3354 4130 3547 4195 ἔξωθεν
3590 4124 3762 4183 ἑαυτοὺς

2254 4223 2453 4285 ἀθλίως
2503 4220 2991 4291 κατακρημνίζειν,
3046 4224 3190 4291 φυγῇ
3257 4220 3358 4291 τὴν
3418 4221 3659 4290 σωτηρίαν
3699 4232 3762 4267 πι-

2260 4313 2568 4378 στεύοντας·
2592 4309 2709 4367 εἶτα
2735 4312 2830 4367 καὶ
2856 4312 2948 4365 δύο
2973 4312 3147 4377 πύλας
3172 4313 3340 4383 αὐτῆς
3379 4314 3513 4367 κατά
3534 4329 3585 4364 τε
3611 4312 3759 4380 ἄρκτον

584 4400 815 4461 Spectat,
843 4403 1060 4463 apertas
1113 4403 1169 4449 ct
1197 4395 1515 4466 frequentes
1544 4398 1838 4453 admodum
1896 4417 1996 4471 per
2027 4403 2149 4460 illas

2255 4407 2349 4459 καὶ
2398 4405 2745 4477 μεσημϐρίαν
2764 4405 3145 4473 διανοιγείσας,
3198 4405 3291 4457 καὶ
3337 4405 3557 4467 πολλοὺς
3583 4404 3656 4456 διὰ
3673 4400 3761 4453 τού·

584 4501 706 4539 s.-se
725 4486 1133 4542 subducentes:
1165 4496 1425 4558 tanquam
1456 4500 1714 4560 parcente
1754 4493 1867 4550 Deo
1898 4499 2149 4569 sanguini

578 4578 853 4647 jnstorum
890 4578 1026 4632 inibi
1060 4580 1487 4645 versantium,ct
1509 4598 1618 4637 non
1642 4585 1949 4642 sustinente
1974 4586 2152 4645 bonos

584 4683 707 4721 eum
738 4668 920 4739 impiis
954 4669 1319 4739 disperditum
1372 4671 1461 4727 iri.
1494 4672 1831 4730 Ostendebat
1878 4677 1957 4732 illi
2007 4679 2150 4735 visio

584 4757 888 4811 "1011301108
921 4773 1140 4828 QUOQUB
1180 4776 1211 4814 e
1240 4776 1465 4815 suorum
1496 4778 1726 4820 numero
1776 4765 1936 4832 dllOS,
2003 4776 2149 4824 metu

584 4848 952 4903 barbarorum
981 4848 1266 4921 profugos,
1320 4867 1489 4922 seque
1530 4869 1560 4908 e
1603 4858 1831 4910 fratrum
1894 4857 2151 4916 sodalitio

585 4956 683 5008 per
746 4940 1261 5010 pusillanimitatem
1337 4944 1750 5015 proripientes,
1807 4964 2043 5019 quorum
2096 4952 2152 5006 in

585 5032 946 5086 barbarorum
999 5049 1193 5089 manus
1255 5035 1659 5104 incidentium,
1730 5042 1870 5096 alter
1923 5044 2152 5113 quidem

582 5122 763 5195 gladio
834 5121 1062 5179 ﬁniebat
1102 5127 1294 5190 vitam,
1347 5127 1484 5183 alter
1519 5129 1575 5184 in
1621 5132 1998 5202 captivitatem
2046 5136 2148 5191 ab-

583 5215 912 5271 ducebatur.

653 5306 742 5362 65.
776 5306 843 5361 Et
864 5308 980 5363 haec
1004 5308 1314 5366 divinarum
1340 5313 1733 5371 revelationum
1757 5332 1969 5373 summa
1988 5332 2107 5377 erat
2130 5339 2145 5376 :

581 5398 1026 5471 Sc-quebaturque
1053 5417 1166 5455 non
1191 5404 1362 5458 multo
1385 5411 1509 5474 post
1566 5406 1798 5462 effectus
1831 5409 1960 5481 (l0).
2007 5409 2147 5465 Muri

654 5560 731 5641 (9)
763 5559 1046 5641 seniorem
1076 5562 1353 5641 Chosroen
1385 5564 1771 5641 hic_intellige,
1818 5586 1978 5626 avum
2031 5573 2149 5641 ejus

578 5636 887 5710 quipostea
933 5645 1150 5710 crucem
1196 5636 1341 5703 cepit
1396 5652 1408 5688 :
1464 5636 1556 5710 ille
1608 5636 1792 5710 autem
1847 5658 1992 5697 anno
2044 5636 2147 5701 359

580 5699 795 5770 Syriam
819 5699 1195 5782 depopulatus
1224 5699 1325 5769 cSI,
1358 5720 1464 5774 qua
1495 5706 1561 5762 dc
1593 5723 1652 5763 re
1683 5699 2145 5782 TheOpltanesad

580 5783 789 5824 aiinum
814 5770 879 5822 l2
907 5770 1218 5826 Justiniani.

2259 4512 2366 4548 των
2398 4493 2735 4560 ὑπεξιόντας,
2763 4493 2855 4548 τοῦ
2886 4492 3020 4547 Θεοῦ
3059 4494 3310 4565 καθάπερ
3343 4493 3440 4547 τοῦ
3469 4494 3568 4546 τῶν
3590 4496 3638 4545 ὲν
3659 4490 3756 4556 αὲτῇ

2257 4588 2482 4642 δικαίων
2527 4588 2759 4659 αἵματος
2806 4587 3162 4658 φεισαμένου,
3192 4587 3285 4639 καὶ
3318 4588 3394 4658 μὴ
3434 4583 3758 4640 συναπολέσθαι

2258 4680 2351 4733 καὶ
2382 4678 2579 4743 αὐτοὺς
2624 4679 2721 4733 σὺν
2768 4678 3026 4734 ἀσεϐέσιν
3074 4678 3445 4750 ἀνασχομένου
3478 4695 3489 4707 ⁸
3523 4678 3696 4731 ἐδείκνυ
3717 4673 3755 4725 δὲ

2254 4771 2333 4842 τῷ
2374 4771 2540 4842 Ἀγίῳ
2571 4773 2604 4843 ἡ
2638 4771 2781 4837 ὄψις,
2814 4770 3023 4825 καὶδύο
3071 4770 3180 4825 τῶν
3213 4772 3309 4825 σὺν
3348 4771 3495 4841 αύτῷ
3541 4767 3752 4840 μοναχῶνι

2255 4863 2365 4917 δέει
2394 4862 2500 4917 τῶν
2530 4862 2818 4935 βαρϐάρων
2840 4862 3369 4934 λιποτακτήσαντα-ς,
3399 4862 3593 4932 καὶτῆς
3615 4877 3661 4914 τε
3684 4875 3754 4928 μο-

2255 4953 2350 5023 νῆς
2379 4955 2473 5007 κα)⁵
2510 4954 2607 5024 τῆς
2631 4951 2990 5021 ἀδελφότητος
3020 4953 3372 5025 μικροψύχως
3390 4954 3750 5025 ἀπορραγέντες,

2254 5042 2347 5104 οὓς
2383 5041 2477 5095 καὶ
2530 5040 2870 5113 βαρϐαρικῆς
2922 5042 3175 5111 γενέσθαι
3206 5041 3386 5113 χειρὸς
3414 5042 3580 5113 ἔργον,
3595 5041 3667 5093 τὸν
3683 5038 3754 5107 μὲν

2258 5134 2504 5205 μαχαίρᾳ
2548 5134 2807 5199 πεσόντα,
2857 5135 2950 5188 τὸν
2987 5135 3044 5188 δὲ
3098 5135 3177 5199 είς
3255 5134 3609 5205 αίχμαλωσίαν
3674 5134 3751 5184 ἀπ-

2256 5226 2512 5294 αχθέντα.

2327 5319 2425 5385 ξγν.
2454 5318 2536 5371 Τά
2566 5318 2665 5390 μὲν
2692 5314 2784 5372 οὖν
2806 5319 2914 5373 τῶν
2943 5318 3102 5375 θείων
3126 5321 3510 5398 ἀποκαλύψεων
3528 5324 3578 5376 ἐν
3595 5316 3750 5373 τούτοις

2253 5406 2343 5483 ἦν.
2364 5411 2565 5465 Εἵπετο
2586 5413 2643 5466 δὲ
2669 5412 2777 5484 ἄρα
2800 5414 2898 5467 οὐκ
2923 5415 3003 5478 εἰς
3026 5416 3243 5487 μακράν
3268 5418 3362 5471 καὶ
3384 5419 3449 5472 τὰ
3474 5417 3609 5488 ἔργα.
3628 5409 3751 5475 Τείχη

2324 5576 2434 5645 (l0)
2465 5577 2738 5632 Describit
2778 5575 2897 5633 fuse
2923 5580 3248 5645 (obsessam,
3280 5589 3507 5645 captam,
3544 5581 3750 5645 vastatam

2254 5643 2446 5718 urbem
2490 5649 2790 5718 Procopius
2842 5643 2938 5703 lib.
2972 5652 3008 5704 2
3051 5653 3112 5704 de
3149 5651 3283 5705 bello
3335 5643 3548 5706 Persico.
3579 5643 3746 5718 (τῳ-ξὶ

2252 5717 2397 5771 libro
2431 5718 2597 5772 etiam
2631 5711 2683 5772 2'
2721 5718 2807 5791 Die,
2848 5720 3104 5789 wdiﬁriis.
3155 5737 3275 5791 cap.
3327 5722 3377 5787 8,
3430 5720 3512 5774 ubi
3542 5716 3678 5791 multa
3700 5711 3748 5762 de

2255 5791 2655 5844 restauratione
2688 5790 2841 5845 urbis
2880 5783 2979 5861 per
3017 5783 3385 5851 Justinianum
3423 5792 3630 5851 locutus.
3663 5783 3747 5835 ⁸³³⁸⁸
