3988 6498
162 356 309 425 Γωῦ

1182 343 1358 410 νιΤΑ
1400 351 1446 409 Α
1480 340 1916 408 NICEPHORO
1957 340 2446 404 CONSCRIPTA.

3300 325 3449 404 3046

160 488 220 523 τε
244 472 356 540 γὰρ
384 466 486 538 τῆς
512 464 719 529 πόλεως
754 464 956 519 ἔκαυσε
988 459 1121 532 πῦρ.
1150 461 1245 514 καὶ
1275 458 1588 528 κατέφαγεν
1616 456 1763 526 ἀμφ-

1879 452 2072 521 ιυίιψο
2133 449 2497 506 Antiochensi
2534 447 2689 505 urbis
2730 448 3161 522 conflagrarunt
3190 448 3330 521 igni,
3355 468 3452 508 eo-

161 562 253 613 ιδα
283 559 479 628 αὐτῆς,
508 558 605 612 καὶ⁵
629 556 828 610 ἔπεσον
858 556 915 607 ὲν
948 552 1235 614 πλατείαις
1270 551 1441 622 αὐτῆς
1463 549 1758 614 νεανίσκοι,

160 655 254 707 καὶ
278 650 636 719 ὲπλήσθησαν
669 649 726 703 αἱ
756 648 864 701 ὁδοὶ
886 644 1122 716 νεκρῶν,
1151 644 1245 697 καὶ¹
1271 642 1415 697 οῦτω
1437 641 1559 695 κατ’
1585 641 1763 710 ἄκρας

161 747 267 799 an»
312 745 424 798 τῶν
457 741 763 813 ’Δσσυρίων
796 740 958 801 ἑάλω,
984 738 1060 802 ὼς
1084 738 1209 801 τοὺς
1253 736 1351 807 μὲν
1394 735 1503 789 τῶν
1535 736 1594 787 ὲν
1623 734 1759 805 αὐτῇ

162 838 433 908 ῥίψαντας
483 834 573 889 διὰ
628 833 739 887 τῶν
789 830 985 902 τειχῶν
1014 828 1411 891 ἑαυτοῦς,τοὺς
1438 826 1494 880 δὲ
1539 825 1628 879 διὰ
1663 825 1763 896 τῆς

161 932 302 1001 πρὸς
358 928 559 999 ἄρκτον
590 926 693 995 τῆς
735 942 795 978 τε
829 924 969 995 πρὸς
1007 920 1357 993 μεσημϐρίαν
1391 918 1567 989 πύλης
1590 916 1759 982 ὑπεξ-

160 1024 420 1086 ελθόντας
452 1022 759 1090 διαφυγεῖν,
790 1017 884 1072 δύο
916 1034 975 1071 τε
1005 1016 1113 1070 τῶν
1143 1016 1273 1087 περὶ
1314 1012 1478 1068 αὐτὸν
1510 1009 1762 1083 μοναχῶν

157 1115 449 1177 δείσαντας
488 1112 699 1167 ἐκεῖθεν
749 1109 1127 1181 ἀναχωρῆσαι,
1160 1108 1255 1161 καὶ
1299 1106 1391 1159 τὸν
1439 1104 1537 1177 μὲν
1583 1102 1764 1168 ζῶντα

158 1211 277 1269 τοῖς
313 1206 615 1279 βαρϐάροις
646 1204 872 1263 ἁλῶναι,
903 1202 994 1256 τὸν
1022 1200 1080 1255 δὲ
1117 1202 1325 1265 πεσεῖν,
1356 1196 1500 1268 ξίφει
1540 1196 1642 1268 τὴν
1669 1212 1762 1249 κε-

160 1298 345 1369 φαλὴν
386 1296 715 1352 ὲκκοπέντα.
748 1296 978 1369 Ἕτερον
1014 1293 1196 1365 μέντοι
1231 1290 1342 1346 τῶν
1392 1287 1556 1345 αὑτοῦ
1598 1305 1763 1360 μονα-

159 1390 298 1460 χῶν,
326 1388 581 1442 τοσοῦτον
614 1387 823 1459 ἀπέσχε
854 1385 1026 1440 δεινόν
1063 1402 1118 1438 τι
1152 1384 1290 1456 πρὸς
1330 1382 1440 1436 τῶν
1470 1380 1763 1453 βαρϐάρων

160 1478 389 1543 παθεῖν,
413 1478 525 1548 ὅσῳ
562 1478 661 1532 καὶ
699 1478 832 1541 τοὺς
862 1476 955 1530 ὑπ’
988 1475 1215 1530 ἐκείνων
1250 1473 1529 1545 ἀνήκεστα
1562 1488 1765 1525 πεπον-

163 1572 356 1635 θότας,
388 1570 522 1640 παρ’
553 1570 720 1624 αὐτὸν
753 1569 1088 1643 ἐρχομένους
1120 1567 1420 1639 θεράπειαν
1448 1566 1761 1637 τυγχάνειν.

161 1665 490 1736 Παρέϐαλον
524 1664 632 1735 γάρ
671 1681 819 1728 τινες
874 1660 1025 1733 αὐτῷ
1071 1660 1424 1734 στρατιῶται,
1465 1660 1595 1724 τοὺς
1630 1657 1765 1729 βαρ-

161 1758 375 1828 ϐάρους
404 1756 784 1827 διαφυγόντες,
811 1749 887 1811 ὧν
913 1750 1015 1820 εἷς,
1038 1755 1100 1809 οὐ
1124 1754 1216 1833 τὸν
1243 1753 1418 1825 μηρὸν
1444 1750 1764 1806 παντάπασι

164 1849 356 1919 μόνον,
390 1848 527 1903 ἀλλά
565 1850 661 1902 καὶ
704 1848 826 1903 ὅλον
869 1848 1007 1902 πόδα
1054 1849 1306 1918 παρεῖτο,
1356 1845 1624 1918 χαλεπαῖς
1663 1843 1765 1915 τὴν

160 1940 353 2010 ψυχὴν
395 1940 609 2005 ὀδύναις
652 1937 1003 2010 βαλλόμενος.
1052 1936 1346 2009 Συμπαθὲς
1391 1936 1683 2008 τοιγαροῦν
1735 1935 1764 1988 ό

164 2030 315 2095 θεῖος
356 2031 580 2103 Συμεὼν
616 2032 696 2095 εἰς
730 2031 893 2083 αὐτὸν
938 2027 1084 2096 ίδὼν,
1117 2028 1309 2101 βαῖνην
1356 2046 1413 2081 τε
1447 2027 1643 2099 ῥάϐδον
1684 2024 1766 2079 ἐνὶ

163 2121 283 2175 τῶν
307 2122 568 2193 μαθητῶν
599 2120 937 2193 ἐγχειρίσας,
968 2121 1270 2192 σφραγίσαι
1296 2120 1440 2173 κατὰ
1466 2118 1560 2172 τοῦ
1586 2116 1764 2191 μηροῦ

166 2214 391 2268 κελεύει
415 2215 509 2269 τὸν
532 2216 830 2285 πάσχοντα,
866 2213 962 2268 καὶ
989 2215 1022 2284 ἠ
1049 2213 1309 2284 σφραγὶς,
1341 2213 1403 2265 οὐ
1430 2211 1540 2265 τῶν
1566 2210 1767 2266 ὀδυνῶν

170 2308 476 2378 ἀπαλλαγὴ
513 2307 692 2375 μόνον,
719 2305 856 2363 ἀλλά
888 2305 984 2358 καὶ
1013 2303 1180 2376 ρῶσις
1201 2302 1363 2368 εὐθὺς
1386 2300 1480 2357 τοῦ
1506 2319 1565 2356 τε
1587 2299 1766 2374 μηροῦ

172 2400 276 2452 καὶ
307 2398 402 2452 τοῦ
439 2397 596 2461 ποδὸς
624 2397 701 2468 τῷ
728 2396 1040 2469 στρατιώτῃ
1071 2395 1302 2464 γίνεται.

252 2598 350 2666 ξδ’.
390 2598 511 2651 Τῶν
538 2598 583 2652 δ’
615 2592 709 2651 οὗν
744 2596 1047 2668 Ἀσσυρίων
1082 2594 1151 2649 τὰ
1190 2594 1322 2666 περὶ
1350 2592 1449 2667 τὴν
1495 2591 1769 2663 Ἀντιόχου

173 2697 652 2767 κατατρεχόντων,
677 2694 738 2748 τό
760 2711 819 2747 τε
849 2693 974 2762 ὅρος
1006 2689 1491 2764 περινοστοῦντων,
1514 2690 1607 2744 καὶ
1624 2688 1769 2761 ὁρμῇ

174 2788 321 2857 πρός
370 2804 430 2839 τε
476 2785 568 2839 τὸν
605 2786 759 2840 κίονα
798 2785 900 2858 ἥδη
932 2787 1026 2837 καὶ
1059 2785 1157 2855 τὴν
1193 2783 1361 2855 μονὴν
1390 2781 1769 2856 κεχρημένων,

172 2884 295 2943 τοῖς
352 2878 619 2950 παροῦσιν
674 2877 840 2949 εὐχὴν
885 2876 1291 2950 παραγγείλας.
1336 2875 1540 2944 γόνατά
1592 2892 1651 2928 τε
1696 2871 1773 2946 τῷ

176 2971 373 3039 ἐδάφει
396 2970 613 3042 πρῶτος
659 2969 755 3023 καὶ
784 2967 934 3038 ὄψεις
972 2967 1212 3039 ἐρείσας,
1273 2964 1615 3036 ἀπελαθῆναι
1648 2962 1776 3018 τού·

176 3083 309 3128 τους
342 3064 553 3117 ἐκεῖθεν
583 3064 925 3134 προσηύχετο
943 3076 956 3091 ‘
983 3060 1079 3116 καὶ
1109 3059 1450 3133 παραχρῆμα
1473 3060 1553 3122 εἰς
1577 3058 1682 3129 γῆν
1699 3057 1775 3122 ὡς

1859 545 2099 615 demque
2127 559 2227 614 per
2243 542 2542 599 circuitum
2575 550 2858 614 assumpta
2882 542 2999 613 ipsa
3036 550 3163 609 est;
3206 543 3449 613 juvenes

1861 635 2187 691 ceciderunt
2216 634 2270 689 in
2302 633 2503 705 plateis
2522 633 2695 699 illius,
2726 643 2784 689 et
2830 635 2933 690 viae
2964 635 3332 691 cadaveribus
3353 652 3454 706 op-

1864 730 2029 800 pleta:
2061 739 2233 795 sunt;
2266 735 2645 799 occupataque
2669 743 2886 783 summo
2911 727 3033 783 loco
3089 728 3158 784 ab
3214 727 3455 800 Assyriis

1862 823 2001 878 urbe
2034 836 2162 893 pars
2190 820 2498 876 incolarum
2523 836 2553 876 e
2576 821 2750 875 muris
2771 835 2828 875 se
2860 823 3297 892 praecipitarunt,
3328 839 3457 893 pars

1861 931 1963 986 per
1984 915 2364 985 aquilonarem
2398 920 2564 984 atque
2595 914 2893 969 australem
2923 924 3113 985 portas
3137 915 3346 986 egressi
3394 931 3454 972 se

1861 1008 2005 1079 fuga:
2034 1006 2333 1061 dederunt;
2358 1005 2605 1077 Contigit
2655 1014 2844 1061 autem
2888 1007 3029 1062 duos
3065 1007 3214 1062 illius
3264 1024 3457 1065 mona-

1862 1104 1999 1159 chos
2033 1102 2331 1157 formidine
2378 1110 2571 1173 captos
2604 1102 2888 1168 recedere,
2921 1118 3157 1173 quorum
3204 1104 3344 1159 alter
3371 1106 3455 1158 vi-

1859 1212 1965 1252 vus
1994 1196 2049 1252 in
2082 1195 2455 1250 barbarorum
2483 1195 2637 1250 venit
2660 1211 2879 1262 manus,
2910 1194 3049 1250 alter
3081 1195 3263 1266 gladio
3294 1206 3460 1266 caput

1865 1297 2184 1359 amputatus
2202 1287 2436 1353 interiit;
2466 1296 2677 1341 tantum
2711 1296 2895 1342 autem
2916 1286 3093 1342 abfuit
3115 1295 3174 1340 ιιι
3193 1288 3287 1357 qui
3310 1287 3459 1357 apud

1866 1381 2194 1451 Symeonem
2229 1387 2609 1435 remanserant
2637 1378 2905 1433 molestia:
2948 1377 3231 1447 quidpiam
3261 1394 3289 1433 a
3325 1378 3457 1434 bar-

1866 1473 2018 1528 baris
2050 1473 2409 1538 sustinerent,
2441 1480 2502 1526 ut
2530 1471 2695 1526 etiam
2728 1470 2807 1524 illi
2838 1470 2931 1540 qui
2962 1470 3105 1539 passi
3139 1470 3459 1541 gravissima

1865 1569 1923 1615 et
1956 1559 2025 1615 ab
2065 1560 2260 1616 iisdem
2296 1572 2454 1615 erant
2498 1559 2566 1613 ad
2619 1559 2796 1629 ipsum
2831 1558 3137 1624 venientes,
3171 1560 3462 1623 incolumi-

1868 1662 2034 1709 tatem
2070 1660 2483 1724 recuperarent.
2511 1651 2770 1707 Nonnulli
2803 1652 3007 1723 quippe
3037 1652 3241 1707 milites
3273 1668 3463 1709 acces-

1874 1751 2071 1803 serunt
2114 1743 2181 1798 ad
2213 1743 2390 1807 illum,
2416 1743 2778 1798 barbarorum
2802 1728 3059 1797 manibus
3088 1742 3259 1813 elapsi
3284 1760 3299 1810 ;
3325 1758 3463 1813 quo-

1795 1829 1841 1888 B
1870 1850 1994 1888 rum
2026 1849 2190 1900 unus,
2226 1833 2474 1903 undique
2501 1850 2612 1889 non
2644 1840 2858 1888 tantum
2890 1833 3077 1889 luxato
3108 1833 3337 1901 femore,
3366 1835 3460 1890 sed

1867 1933 1983 1982 toto
2017 1926 2183 1981 etiam
2234 1927 2492 1983 diffracto
2538 1942 2723 1993 crure,
2779 1926 3121 1999 gravissimis
3152 1929 3465 2000 jactahatur

1867 2019 2231 2076 cruciatibus.
2273 2019 2769 2076 Coinmiseratione
2800 2030 2982 2076 autem
3019 2029 3197 2078 tactus
3226 2022 3465 2094 Symeon

1868 2115 1935 2171 ad
1972 2122 2083 2170 tam
2115 2116 2437 2172 luctuosum
2473 2116 2873 2186 spectaculum,
2906 2117 3124 2172 cuidam
3156 2118 3462 2190 discipulo-

1869 2224 1992 2263 rum
2019 2208 2289 2280 palmeam
2320 2208 2529 2280 virgam
2566 2224 2719 2264 suam
2751 2210 2919 2265 tradit
2944 2211 3000 2265 in
3044 2227 3261 2277 manus,
3282 2213 3466 2284 jubet-

1869 2320 1978 2375 que
2025 2304 2285 2360 affectum
2340 2304 2521 2360 femur
2554 2304 2646 2359 illa
2691 2304 2933 2376 signari;
2975 2320 3085 2377 quo
3127 2306 3292 2373 facto,
3353 2323 3467 2362 non

1870 2404 2085 2452 tantum
2118 2396 2367 2452 vacuitas
2389 2411 2420 2450 a
2450 2394 2759 2463 doloribus,
2795 2395 2892 2452 sed
2916 2395 3083 2452 etiam
3112 2397 3282 2454 robur
3303 2412 3467 2453 suum

1871 2487 2071 2544 femori
2119 2486 2361 2559 pedique
2404 2487 2590 2544 rediit.

1944 2601 2034 2657 64.
2066 2599 2408 2656 Infestabant
2441 2600 2649 2674 Assyrii
2680 2601 3098 2658 incursionibus
3123 2603 3334 2659 circum
3356 2604 3470 2660 An-

1874 2694 2137 2749 tiochiam
2192 2694 2301 2749 late
2358 2694 2543 2748 omnia
2588 2694 2882 2765 ipsumque
2917 2694 3256 2751 oberrabant
3307 2712 3469 2751 mon-

1875 2795 2006 2853 tem,
2052 2786 2277 2858 jamque
2308 2785 2365 2840 in
2399 2786 2713 2842 columnam
2745 2796 2801 2843 et
2825 2790 3224 2844 monasterium
3258 2790 3466 2860 impetu

1875 2878 2077 2933 ruituri
2115 2884 2305 2941 erant,
2333 2892 2461 2933 cum
2517 2876 2776 2950 Symeon,
2807 2879 3175 2949 praesentibus
3216 2881 3469 2938 oratione

1877 2970 2105 3035 indicta,
2130 2969 2341 3040 primus
2367 2970 2483 3041 ipse
2509 2985 2687 3041 genua
2716 2985 2782 3024 ac
2815 2969 3013 3027 faciem
3064 2987 3274 3042 pronus
3314 2973 3471 3028 humi

1878 3060 2071 3131 ﬁgens,
2093 3062 2291 3132 expelli
2313 3060 2541 3116 infestos
2573 3059 2706 3117 inde
2729 3060 2917 3116 hostes
2940 3073 3197 3132 precatus
3220 3072 3325 3119 est.
3354 3065 3471 3121 Nec

178 3155 355 3230 εἶχον,
392 3158 573 3221 αὐτοῖς
610 3156 822 3228 ἅρμασι
850 3156 943 3210 καὶ
970 3154 1159 3218 ἵπποις
1190 3151 1632 3222 κατενεχθέντες,
1662 3150 1764 3221 τῆς

1880 3153 2207 3224 interposita
2238 3167 2393 3207 mora
2429 3152 2563 3218 ulla,
2591 3167 2658 3207 ex
2700 3151 2861 3221 equis
2886 3152 3254 3223 curribusque
3283 3154 3474 3209 detur-

175 3268 242 3303 τε
275 3250 466 3321 πρόσω
492 3248 718 3320 πορείας
750 3248 1223 3318 μεταμεμέληντο,
1253 3247 1346 3300 καὶ
1370 3248 1599 3315 ἄσμενοι
1629 3246 1769 3316 μᾶλ-

177 3344 273 3397 λον
305 3344 371 3413 ἢν
394 3338 556 3413 ἦλθον
587 3340 940 3412 ἀνέστρεφον.
976 3340 1199 3394 Ἀλλοτε
1251 3339 1414 3394 πάλιν
1458 3339 1569 3393 τῶν
1597 3339 1776 3393 αὐτῶν

191 3436 500 3506 ’Δσσυρίων
530 3435 673 3498 τινὲς
703 3433 938 3505 ἀνῄεσαν
965 3434 1045 3497 εἰς
1071 3432 1132 3485 τὸ
1164 3432 1319 3507 ὅρος
1348 3434 1377 3485 ό
1404 3432 1461 3486 δὲ
1487 3433 1679 3502 ’Ἄγιος
1698 3431 1777 3504 τῷ

182 3526 409 3596 συνήθει
464 3524 558 3577 καὶ
605 3524 702 3578 νῦν
750 3524 1052 3595 φαρμάκῳ,
1098 3523 1165 3594 τῇ
1198 3521 1335 3595 πρὸς
1359 3521 1493 3577 Θεὸν
1523 3522 1657 3595 εὐχῇ
1686 3523 1778 3578 κέ-

181 3635 379 3689 χρητο,
417 3617 663 3670 Δέσποτα
687 3615 809 3682 Θεὲ,
842 3615 1039 3685 λέγων,
1065 3617 1249 3687 πάσης
1287 3614 1510 3689 σαρκὸς,
1544 3616 1573 3669 ὁ
1595 3617 1778 3689 γνόφῳ

178 3711 243 3765 τὸ
270 3712 404 3764 Σινᾶ
432 3710 556 3779 ὅρος
579 3709 671 3762 ἐπὶ
699 3708 796 3762 τοῦ
821 3708 1153 3781 θεράποντός
1178 3726 1272 3763 σου
1296 3710 1539 3774 Μωσέως
1570 3710 1779 3765 σκεπά-

184 3823 309 3868 σας,
349 3804 513 3868 αύτὸς
561 3803 657 3855 νῦν
694 3805 761 3872 τῇ
812 3802 997 3874 χάριτί
1028 3820 1122 3857 σου
1161 3802 1438 3858 σκέπασω
1484 3805 1579 3858 καὶ
1606 3805 1777 3876 ἡμᾶς,

184 3895 329 3949 ὥστε
362 3894 628 3956 ἀθεάτους
660 3898 843 3965 μεῖναι
890 3896 1005 3958 τοῖς
1041 3893 1151 3947 τῶν
1185 3894 1399 3949 ἀσεϐῶν
1428 3894 1633 3949 τούτων
1675 3895 1779 3966 ὅμ-

189 4006 347 4058 μχσι.
381 3988 489 4041 Καὶ
523 3988 722 4042 αὐτίκα
757 3986 823 4056 (ὣ
874 3986 1116 4041 ἀϐύσσου
1142 3988 1544 4059 χρηστότητοςι
1568 3987 1615 4042 ὣ
1641 3987 1778 4043 Θεοῦ

185 4077 379 4132 ῶτωνῐ
430 4078 649 4149 δεήσεσι
698 4078 807 4132 τῶν
861 4078 1214 4148 φοϐουμένων
1266 4077 1441 4144 αὑτὸν,
1466 4078 1555 4133 διὰ
1582 4078 1781 4143 παντὸς

187 4169 640 4240 προσεχόντωνῐ)
680 4169 849 4240 ἀχλὺς
890 4167 1100 4222 ἄνωθεν
1145 4168 1251 4222 ὑπὸ
1281 4168 1479 4241 νεφέλῃ
1510 4186 1780 4241 κατασχε-

188 4264 345 4315 θεῖσα
367 4303 382 4327 ,
414 4262 512 4333 οὐχ
533 4263 679 4327 ὅπως
701 4262 863 4316 αὑτὸν
890 4262 1000 4327 τοῖς
1030 4262 1348 4335 βαρϐάροις,
1379 4261 1495 4317 ἀλλ’
1527 4262 1649 4316 οὐδὲ
1672 4262 1779 4316 τῶν

190 4354 322 4423 περὶ
368 4354 530 4407 αὑτόν
576 4370 697 4406 τινα
734 4352 888 4407 εἴασε
923 4352 1207 4422 θεαθῆναι.
1257 4353 1364 4406 Καὶ
1395 4354 1443 4405 οῖ
1478 4351 1576 4421 μὲν
1605 4349 1781 4415 οὕτως

190 4446 457 4515 ἀπῆλθον,
491 4447 628 4516 μηδὲ
691 4448 770 4510 εἰς
807 4447 900 4499 τὸν
946 4446 1101 4500 κίονα
1135 4446 1229 4499 καὶ
1269 4446 1340 4498 τὰ
1372 4444 1477 4497 ὑπὸ
1506 4444 1597 4498 τὸν
1627 4444 1781 4498 κίονα

1884 3244 1997 3300 bati
2019 3247 2075 3300 in
2098 3254 2322 3310 terram,
2346 3242 2483 3298 nihil
2514 3242 2775 3314 progredi
2802 3242 3036 3298 ulterius
3060 3255 3349 3307 curarunt,
3374 3245 3469 3301 sed

1881 3338 2150 3393 citissime
2181 3352 2288 3407 qua
2312 3343 2581 3392 venerant
2610 3335 2819 3390 reversi
2864 3344 3015 3389 sunt.
3059 3335 3210 3391 Alias
3244 3352 3474 3392 eorum-

1880 3430 2005 3485 dem
2053 3430 2405 3501 Assyriorum
2460 3426 2687 3499 quidam
2743 3427 3031 3483 redierunt
3079 3428 3148 3482 ad
3204 3438 3473 3499 montem,

1879 3523 2145 3578 adversus
2160 3538 2300 3592 quos
2320 3529 2544 3577 sanctus
2574 3521 2695 3576 solo
2727 3520 3113 3589 medicamine,
3132 3525 3473 3593 precatione,

1881 3617 2127 3686 inquam,
2158 3630 2313 3679 usus,
2339 3614 2477 3671 dixit
2501 3631 2515 3668 :
2540 3614 2773 3670 Domine
2804 3616 2951 3671 Deus
2973 3615 3246 3672 universa:
3265 3617 3473 3683 carnis,

1880 3709 1977 3779 qui
2006 3716 2252 3762 montem
2282 3704 2435 3762 Sinai
2469 3716 2715 3777 tempore
2735 3705 2945 3779 Moysis
2967 3707 3115 3763 servi
3138 3709 3217 3763 tui
3248 3709 3476 3779 operui-

1881 3801 1951 3856 sti
1983 3800 2239 3871 caligine,
2269 3799 2426 3870 operi
2478 3798 2535 3854 in
2564 3800 2857 3870 praesentia
2905 3816 3007 3855 nos
3041 3816 3262 3871 quoque
3299 3803 3476 3873 gratia

1882 3904 1998 3960 tua,
2015 3903 2076 3948 ut
2096 3910 2164 3948 ne
2181 3893 2666 3964 deprehendantur
2686 3892 2757 3948 ab
2773 3893 2961 3963 impiis
2982 3894 3156 3951 hisee.
3178 3895 3291 3951 Nec
3313 3896 3475 3966 plura

1883 3984 1938 4057 (0
1960 3986 2218 4057 abyssum
2251 3984 2537 4051 bonitatis,
2580 4000 2613 4041 o
2646 4000 2815 4041 aures
2861 3986 3099 4053 divinas,
3136 3988 3473 4058 precationi-

1882 4076 1987 4132 bus
2046 4077 2365 4133 timentium
2418 4077 2592 4133 Deum
2647 4093 2932 4149 nunquam
2992 4095 3104 4134 non
3160 4080 3475 4154 intentas!)

1884 4170 2182 4243 caliginosa
2236 4170 2417 4227 nubes
2460 4170 2603 4225 casio
2634 4170 2812 4226 effusa
2865 4186 2976 4226 non
3026 4172 3192 4228 modo
3247 4176 3476 4246 Symeo—

1889 4280 2016 4319 nem
2066 4279 2175 4317 non
2213 4262 2467 4333 permisit
2522 4261 2697 4316 videri
2748 4278 2779 4317 a
2836 4263 3112 4331 barbaris,
3169 4266 3265 4321 sed
3294 4282 3477 4335 neque

1885 4358 2161 4412 sociorum
2192 4356 2314 4426 ejus
2335 4369 2690 4425 quemquam.
2721 4354 2800 4410 Ita
2836 4354 2913 4411 illi
2944 4356 3167 4426 quidem
3201 4358 3476 4415 discesse-

1888 4458 2039 4514 runt,
2071 4464 2174 4503 nec
2196 4448 2511 4503 columnam
2547 4458 2644 4503 aut
2672 4464 2794 4519 qua:
2826 4447 2970 4503 infra
3002 4449 3315 4506 columnam
3350 4467 3478 4524 age-

193 4540 407 4611 βλέψαι,
447 4541 582 4612 μηδὲ
638 4541 897 4612 προσχεῖν
925 4538 1060 4600 ὅλως
1101 4536 1582 4608 συγχωρηθέντες·
1620 4536 1772 4589 πλου-

1890 4547 2083 4594 rentur
2123 4554 2375 4607 cernere,
2408 4555 2511 4594 nec
2547 4538 2740 4594 audire
2765 4539 3064 4610 quidquam
3100 4542 3327 4598 omnino
3351 4559 3479 4614 per-

193 4640 282 4686 σέα
320 4633 377 4685 δὲ
410 4634 505 4685 καὶ
530 4630 621 4685 τοῦ
654 4630 881 4701 Συμεὼν
912 4632 1196 4699 κατεχεῑτο
1224 4628 1406 4699 χάρις,
1442 4628 1541 4698 τήν
1571 4644 1631 4680 τε
1658 4626 1780 4697 θψιν

191 4728 312 4780 κει-τ’
368 4728 546 4779 ἐκεῖνο
592 4726 693 4795 τῆς
741 4724 890 4794 ῶρας
938 4721 1336 4793 ἐκλάμποντος,
1394 4720 1489 4773 καὶ⁸
1532 4719 1681 4790 ἥδιόν
1727 4737 1782 4773 τι

193 4818 553 4872 παντοδαπῶν
590 4816 778 4889 μύρων
801 4816 1124 4881 ἀπόζοντοςυ
1153 4812 1228 4877 ὡς
1258 4813 1353 4865 καὶ
1381 4812 1490 4865 τῶν
1523 4812 1781 4884 μαθητῶν

190 4930 311 4964 τινα
347 4912 474 4981 περὶ
496 4909 692 4981 δρθρον
725 4908 924 4971 ἰδόντα,
948 4908 1097 4968 ὅπως
1127 4905 1228 4977 μὲν
1255 4905 1382 4976 περὶ
1412 4904 1510 4974 τὴν
1533 4903 1657 4974 ὄψιν
1679 4904 1781 4958 αὑ-

192 5006 317 5071 γῇς,
352 5004 499 5066 ὁπως
546 5001 603 5054 δὲ
632 5001 753 5063 ὅλος
793 4999 1020 5063 εὐωδίας
1053 5000 1189 5069 ἔχει,
1219 5000 1279 5053 ὲν
1325 4995 1604 5068 θαύματος
1638 4997 1781 5070 λόγῳ

192 5099 299 5157 toi,
335 5096 543 5158 λοιποῖς
567 5092 954 5165 διηγήσασθαι.

268 5297 360 5363 ξέ.
400 5291 502 5349 Οἷα
523 5296 580 5350 δὲ
610 5294 893 5361 πολλάκις,
920 5296 1013 5349 καὶ
1050 5296 1172 5367 μηδ’
1193 5294 1373 5349 ὁτιοῦν
1406 5294 1601 5351 ἀνῦσαι
1627 5295 1785 5351 δύναο

194 5386 322 5441 σθαι
352 5385 471 5440 κατ’
496 5384 666 5441 αὐτοῦ
698 5385 1064 5456 πεπεισμένος
1086 5387 1119 5439 ὁ
1147 5384 1424 5460 [δαίμων],
1459 5387 1559 5459 τὴν
1590 5387 1689 5459 μὲν
1717 5390 1783 5443 ἐκ

192 5575 389 5655 subdit
420 5592 434 5628 :
466 5572 553 5628 Ita
591 5570 932 5655 Iustiniani“
970 5573 1106 5655 Anq.
1148 5578 1420 5655 prospexit
1466 5578 1632 5655 muris
1667 5578 1782 5634 An-

193 5648 422 5704 tiorhiw.
478 5661 639 5714 quam
700 5653 749 5696 et
793 5644 903 5714 ipse
956 5644 1206 5709 restituit.
1249 5644 1369 5700 cum
1432 5664 1550 5703 eam
1610 5652 1781 5705 hostes

190 5722 418 5789 {Limina
447 5712 682 5790 funditus
716 5712 1045 5790 delevisient.
1084 5714 1249 5790 (labiis
1284 5718 1423 5771 enim
1460 5723 1783 5790 consumptis

190 5784 453 5841 omnibus
475 5787 783 5859 penitusque
819 5784 1064 5850 sublatis,
1094 5786 1225 5839 nillil
1260 5797 1307 5839 et
1339 5789 1481 5841 urbis
1529 5784 1776 5854 incensa;

1884 4631 2037 4687 missi
2075 4650 2088 4685 :
2122 4632 2401 4701 copiosior
2428 4638 2614 4686 autem
2647 4631 2973 4703 Symeonem
3024 4634 3267 4704 perfudit
3298 4638 3475 4706 gratia

1883 4738 2009 4778 cum
2036 4732 2093 4778 et
2118 4722 2291 4779 facies
2316 4723 2440 4795 ejus
2465 4723 2796 4779 mirabiliter
2830 4724 3104 4791 rutilaret,
3131 4734 3189 4781 et
3213 4727 3478 4783 suavissi-

1883 4830 2035 4869 mum
2058 4816 2354 4886 quemdam
2383 4818 2525 4874 varii
2554 4820 2822 4889 unguenti
2851 4820 3077 4875 odorem
3100 4822 3472 4879 diffunderet:

1883 4907 2035 4977 quod
2070 4908 2237 4962 etiam
2271 4909 2672 4981 discipulorum
2701 4927 2813 4966 non
2847 4927 3034 4980 nemo,
3075 4914 3179 4970 sub
3217 4930 3475 4972 auroram

1889 4999 2341 5057 animadvertens
2354 5012 2596 5073 quantus
2619 5021 2649 5059 a
2674 5006 2831 5060 vultu
2865 5006 3150 5077 splendor,
3173 5019 3376 5079 quanta
3407 5010 3477 5066 ab

1889 5090 2012 5160 ejus
2039 5104 2277 5159 corpore
2315 5092 2613 5166 fragrantia
2652 5106 3026 5167 promanaret,
3080 5099 3477 5173 condiscipulis

1894 5182 2261 5239 mirabundus
2305 5188 2572 5243 narravit.

1962 5298 2051 5353 65.
2083 5297 2355 5355 Caeterum
2409 5318 2536 5360 cum
2590 5306 2703 5379 jam
2757 5306 2958 5379 saepius
3013 5317 3224 5366 tentato
3277 5310 3473 5380 proelio

1892 5408 2219 5462 persuasum
2283 5394 2516 5455 haberet
2566 5401 2915 5458 cacodtemon
2971 5402 3111 5458 nihil
3171 5403 3471 5474 quidquam

1908 5586 2146 5641 omnibus
2176 5589 2480 5659 penitusque
2507 5589 2754 5655 sublatis,
2784 5590 2918 5644 nihil
2947 5598 3006 5641 ut
3049 5588 3193 5645 urbis
3220 5590 3469 5653 incensa,

1908 5659 2010 5711 nisi
2046 5658 2289 5712 ruderum
2321 5658 2532 5724 tumuli,
2564 5662 2757 5730 passim
2791 5670 3052 5722 exstaret;
3082 5674 3182 5730 quo
3221 5660 3473 5729 cujusque

1906 5730 2089 5781 domus
2139 5742 2293 5783 anim
2342 5734 2565 5786 stetisset
2619 5732 2761 5789 loco.
2818 5731 3119 5802 dignoscere
3165 5730 3472 5791 Autiocheni

1909 5816 2007 5851 non
2038 5814 2069 5860 ι)
2109 5812 2297 5855 tt‘runt.
