3988 6490
591 321 733 392 3047

1805 321 1865 382 8.
1907 317 2291 383 8ΥΜΕΟΝ13
2327 317 2689 385 JUNIORIS

3689 335 3798 399 συιδ

591 434 860 491 adversus
883 434 1139 486 sanctum
1159 427 1426 500 prolicere
1454 444 1512 486 se
1553 445 1747 501 posse;
1787 441 1976 502 aperto
2006 438 2171 486 marte

2280 430 2374 484 τοῦ
2403 430 2641 502 φανεροῦ
2675 429 2809 502 πρὸς
2838 429 3003 487 αὐτὸν
3027 431 3088 486 οὐ
3114 431 3305 504 θαρρεῖ
3332 435 3532 506 πάλην,
3553 437 3630 494 διὰ
3654 443 3698 498 δὲ
3717 452 3798 506 τῶν

591 523 854 595 congredi
895 537 1006 577 non
1051 537 1239 586 ausus,
1266 521 1452 577 dolose
1489 538 1588 592 per
1614 523 1919 592 discipulos
1945 522 2173 577 insidias

592 617 779 682 struit,
808 614 958 685 gravi
981 622 1195 668 utentes
1221 613 1440 670 illorum
1467 622 1676 668 terrore
1703 614 2048 680 succutiens;
2077 612 2174 668 ad-

594 709 933 776 inventoque
976 714 1244 775 przetextu
1297 705 1446 776 quod
1499 706 1781 760 continuis
1820 706 2172 776 Assyriorum

593 799 909 854 incursibus
929 798 1162 867 expositi
1195 806 1404 862 essent,
1434 797 1709 866 persuasit
1736 798 1818 852 eis
1844 806 1904 851 ut
1933 795 2172 852 transfe-

594 890 792 944 rendas
843 890 898 942 in
945 889 1126 943 locum
1185 889 1526 942 securiorem
1572 888 1732 942 sedes
1787 888 2170 944 decernerent.

590 981 812 1034 Adeunt
842 995 972 1049 ergo
1014 979 1152 1032 bene
1187 993 1348 1032 mane
1381 979 1731 1048 Symconem,
1775 982 2051 1047 rogantes,
2083 992 2174 1033 se—

591 1085 717 1124 cum
755 1069 1019 1137 tantisper
1052 1067 1175 1120 loco
1211 1077 1270 1120 ut
1299 1065 1480 1128 cedat,
1517 1064 1646 1118 dum
1681 1063 1734 1117 in
1762 1064 1993 1132 patriam
2019 1079 2174 1118 suam

595 1162 891 1215 rediissent
913 1160 1117 1230 Assyrii
1144 1177 1156 1213 :
1185 1161 1372 1230 Neque
1393 1159 1538 1214 enim
1558 1175 1866 1229 possumus.
1897 1159 2172 1229 inquiunt,

596 1253 796 1307 morari
814 1253 1023 1307 diutius
1039 1255 1092 1307 in
1114 1254 1218 1307 hoc
1234 1262 1440 1318 monte,
1455 1261 1680 1323 propter
1695 1252 1918 1307 crebras
1936 1252 2173 1306 hostium

597 1344 965 1400 incursiones.
1001 1345 1238 1400 Tantum
1284 1360 1415 1399 vero
1457 1345 1655 1410 abfuit,
1704 1353 1765 1398 ut
1817 1345 1863 1399 is
1903 1346 2008 1399 tale
2041 1344 2174 1413 quid

593 1437 946 1502 admitteret,
985 1445 1045 1490 ut
1067 1452 1281 1489 onmem
1308 1437 1488 1505 potius
1519 1436 1754 1505 lapidem
1781 1435 2033 1500 moverit,
2064 1450 2174 1504 quo

593 1529 741 1597 ipsos
761 1528 1045 1581 retineret.
1068 1527 1315 1596 Cumque
1341 1529 1509 1581 multa
1531 1527 1756 1582 dixisset
1781 1535 2170 1597 tentassetque,

590 1637 694 1676 nec
724 1621 1074 1690 acquieturos
1094 1621 1197 1675 sibi
1233 1637 1471 1690 unquam
1500 1621 1712 1675 videret
1738 1639 1751 1674 :
1775 1621 1935 1685 ltote,
1971 1621 2169 1690 inquit,

592 1713 815 1779 fratres,
853 1713 907 1768 in
951 1728 1119 1783 pace;
1155 1713 1197 1768 si
1233 1728 1330 1768 vos
1356 1730 1612 1783 namque,
1650 1715 1810 1768 amici
1842 1730 1904 1769 ac
1938 1715 2166 1784 proximi

591 1807 721 1870 mei,
753 1807 970 1860 eminus
999 1815 1142 1860 stare
1167 1807 1490 1872 malueritis,
1520 1825 1621 1879 ego
1643 1810 2001 1865 nihilominus
2028 1826 2169 1864 sem-

591 1913 689 1967 per
725 1904 905 1950 mente
937 1896 1222 1950 vobiscum
1264 1913 1407 1952 sum.
1444 1899 1580 1953 Cum
1617 1902 1729 1955 haec
1769 1900 1996 1955 dixisset
2039 1916 2168 1954 san-

589 1999 733 2053 ctus,
760 1989 1103 2044 dimittentes
1131 1989 1308 2058 ipsum
1338 1990 1392 2044 in
1419 1991 1672 2046 columna
1700 1992 1956 2062 discipuli
1983 2009 2168 2047 reces-

591 2091 807 2134 serunt.
842 2080 1239 2136 lnvadentibus
1271 2092 1453 2138 autem
1481 2084 1742 2138 continuo
1771 2086 2167 2139 monasterium

593 2173 870 2236 barbaris,
926 2174 1215 2243 porrigens
1255 2172 1490 2245 Symeon
1538 2175 1606 2230 ad
1671 2177 1871 2230 caalum
1923 2191 2165 2231 manus:

592 2263 841 2326 Domine,
879 2263 1080 2332 inquit,
1106 2266 1476 2333 omnipotens,
1502 2264 1595 2333 qui
1623 2264 1678 2318 in
1704 2265 1932 2320 brachio
1949 2265 2168 2321 virtutis

593 2363 698 2408 tuae
739 2353 1110 2422 disperdidisti
1142 2350 1392 2410 inimicos
1423 2363 1582 2417 tuos,
1639 2355 1983 2411 confortetur
2022 2371 2168 2410 nunc

590 2459 814 2513 quoque
849 2458 1044 2497 manus
1065 2458 1180 2506 tua,
1205 2443 1479 2498 exaltetur
1510 2445 1735 2500 dextera
1773 2455 1883 2501 tua.
1911 2446 2167 2501 Nondum

594 2538 685 2592 iile
747 2538 962 2607 precari
1006 2535 1296 2599 desierat,
1341 2544 1398 2590 et
1456 2535 1680 2590 barbari
1726 2539 1836 2607 jam
1894 2535 2165 2602 imbelles,

589 2628 718 2698 fuga
748 2644 809 2683 se
843 2628 970 2682 inde
1001 2627 1415 2698 proripiebant;
1441 2626 1898 2698 dixissespotenti
1930 2628 2167 2698 quadam

596 2735 761 2774 manu
795 2720 1078 2788 expulsos.

663 2809 751 2864 66.
782 2809 1028 2864 Tametsi
1058 2824 1225 2880 porro
1252 2808 1492 2867 famulus
1509 2809 1608 2866 Dei
1643 2826 1673 2866 a
1719 2809 2006 2883 discipulis
2051 2809 2167 2866 suis

592 2897 668 2953 ita
711 2899 1011 2954 destitutus
1077 2899 1444 2969 desertusque
1505 2900 1693 2965 fuerit,
1761 2902 1932 2972 gratia
1984 2910 2166 2956 tamen

590 2991 799 3058 divina,
825 2991 1122 3046 admodum
1159 3005 1424 3061 praesens,
1456 3007 1485 3044 a
1509 2992 1687 3046 latere
1730 2993 1849 3063 ejus
1885 3008 2165 3062 nunquam

2277 521 2536 591 μαθητῶν
2573 520 2797 585 δουλίως
2837 522 3198 589 ἐπιδουλειῖαι,
3241 524 3406 580 πάθει
3451 527 3640 594 δειλίας
3659 537 3800 594 αὐτῶν

2273 615 2374 675 τὰς
2417 613 2592 683 ψυχὰς
2643 614 2991 680 κατασείσας,
3042 616 3309 684 πρόφασιν
3359 617 3460 687 τὴν
3510 626 3688 696 συνεχῆ
3719 632 3798 685 τῶν

2288 704 2586 776 Ἀσσυρίων
2634 704 2810 777 εὑρὼν
2851 707 3105 776 πάροδον,
3153 710 3410 764 κάκεῖθεν
3447 713 3733 784 ἀπάραντας
3759 727 3798 776 ἐν

2275 793 2352 864 τῷ
2396 795 2632 863 ἀσφαλεῖ
2684 799 3021 867 καταστῆναι
3081 800 3308 864 σκολιῶς
3342 805 3655 871 ἀναπείσας.
3682 813 3733 864 Ol
3759 816 3798 869 δὲ

2278 884 2568 950 προσίασιν
2619 885 2734 955 ἅμα
2787 885 2990 958 ὄρθρῳ,
3025 891 3336 959 συναπᾶραι
3383 910 3534 961 σφισι
3570 899 3653 950 καὶ
3680 903 3799 954 αὐτὸν

2275 974 2573 1041 ἀξιοῦντες,
2604 974 2731 1046 ἄχρι
2785 977 2883 1046 τῆς
2930 980 3023 1032 ἐπὶ
3075 981 3174 1050 τὴν
3212 984 3422 1035 οἰκείαν
3454 985 3694 1042 ἐπανόδου
3721 994 3799 1048 τῶν

2288 1066 2587 1139 Ἀσσυρίων
2609 1085 2622 1099 ο
2650 1069 2770 1121 οὐδὲ
2805 1071 2914 1141 γὰρ
2977 1066 3089 1125 οἷόν
3123 1074 3183 1126 τέ
3216 1091 3348 1143 φασι
3389 1080 3700 1146 προσμένειν
3739 1086 3794 1138 ἔτι

2275 1157 2350 1229 τῷ
2374 1158 2513 1229 ὄρει,
2539 1159 2712 1223 οὕτως
2745 1161 2925 1214 αὐτῶν
2961 1162 3105 1216 κατὰ
3137 1164 3196 1216 τὸ
3223 1167 3450 1236 συνεχὲς
3481 1170 3731 1228 ἐπιόντων.
3759 1178 3798 1231 '0

2275 1250 2331 1303 δὲ
2356 1250 2606 1304 τοσοῦτον
2633 1251 2838 1322 ἀπέσχε
2862 1253 3161 1321 προσέσθαι
3189 1272 3241 1307 τι
3267 1257 3400 1325 περὶ
3429 1258 3644 1324 ἑαυτοὺς
3668 1267 3800 1318 totos.

2276 1357 2389 1404 τον,
2421 1340 2530 1411 ὅσῳ
2564 1341 2658 1394 καὶΙ
2690 1342 2888 1404 αὐτοὺς
2916 1344 3166 1412 ἐπισχεῖν
3203 1344 3408 1407 μᾶλλον
3445 1349 3570 1415 περὶ
3597 1348 3799 1407 πλείστου

2276 1433 2559 1498 πεποίητο.
2598 1434 2753 1487 Ἐπεὶ
2787 1433 2844 1486 δὲ
2879 1434 3048 1487 πολλὰ
3085 1434 3255 1488 είπὼν
3297 1453 3357 1488 τε
3401 1437 3496 1490 καὶ
3528 1439 3725 1508 δράσας.
3754 1448 3798 1498 οὐ

2277 1525 2881 1596 μεταπεισθησομένους
2928 1525 3094 1596 ἐώρα,
3119 1528 3448 1598 Πορεύεσθε,
3477 1531 3650 1599 φησὶν,
3681 1535 3799 1586 ἀδελ-

2275 1617 2385 1685 φοί,
2411 1618 2467 1669 ἐν
2506 1618 2696 1689 εἰρήνῃ
2722 1633 2738 1651 ·
2768 1619 2815 1671 εί
2853 1618 2959 1689 γὰρ
2989 1619 3083 1672 καὶ
3113 1620 3163 1670 σί
3199 1619 3343 1687 φίλοι
3379 1637 3482 1689 μου
3506 1623 3594 1674 καὶ
3613 1625 3655 1675 oi
3679 1626 3794 1694 ἐγγι-

2275 1711 2376 1762 στά
2406 1727 2507 1778 μου
2545 1710 2650 1762 ἀπὸ
2693 1709 2968 1779 μακρόθεν
2997 1710 3188 1780 στῆναι
3230 1711 3561 1782 προῄρεσθε,
3600 1715 3800 1786 ὰλλῚγὼ

2269 1800 2347 1871 τῷ
2382 1799 2651 1868 πνεύματι
2683 1799 2770 1852 ἀεὶ
2806 1799 2925 1868 μεθ’
2959 1800 3111 1868 ὑμῶν
3139 1803 3277 1870 είμι.
3307 1801 3499 1854 Ταῦτα
3526 1802 3613 1856 τοῦ
3658 1804 3796 1874 ’Δγίσυ

2269 1892 2534 1956 είπόντος,
2560 1891 2610 1944 oi
2645 1891 2742 1960 μὲν
2763 1891 2991 1959 ἀφέντες
3019 1891 3182 1945 αὐτὸν
3209 1892 3303 1944 ἐπὶ
3332 1892 3426 1946 τοῦ
3451 1893 3620 1957 κίονος
3640 1897 3798 1968 ἀνεχώ-

2270 2002 2465 2056 ρησαν.
2513 1984 2880 2038 Ἐπιστάντων
2933 1985 2990 2038 δὲ
3043 1986 3184 2039 κατὰ
3228 1986 3399 2050 πόδας
3450 1990 3516 2058 τῇ
3565 1994 3685 2061 μονῇ
3717 1992 3795 2044 τῶν

2271 2076 2581 2147 βαρϐαρων,
2633 2078 2822 2148 χεῖρας
2881 2076 3094 2146 οὐρανῷ
3145 2077 3270 2140 δοὺς
3313 2079 3540 2142 ἐκεῖνος,
3579 2080 3794 2144 Δέσποτα,

2268 2166 2425 2236 φησὶ,
2459 2165 2630 2237 Κύριε
2661 2167 3059 2237 παντοκράτορ,
3094 2167 3122 2219 ό
3150 2169 3208 2220 ἐν
3245 2167 3324 2238 τῷ
3351 2168 3593 2238 βραχίονι
3624 2170 3708 2240 τῆς
3728 2172 3792 2226 δυ-

2269 2256 2484 2325 νάμεώς
2506 2273 2602 2310 σου
2626 2257 3016 2328 διασκορπίσας
3037 2261 3160 2321 τοὺς
3183 2258 3412 2330 ἐχθρούς
3436 2277 3547 2328 σου,
3575 2279 3793 2330 κραταιω·

2270 2347 2416 2418 θήτω
2448 2347 2544 2402 καὶ
2570 2345 2664 2400 νῦν
2696 2348 2729 2418 ἡ
2761 2348 2882 2419 χείρ
2911 2366 3026 2413 σου,
3062 2348 3335 2420 ὐψωθήτω
3361 2352 3395 2422 ἡ
3424 2351 3570 2416 δεξιά
3594 2370 3692 2408 σου.
3719 2353 3791 2408 03-

2270 2459 2357 2494 πω
2379 2439 2530 2502 τέλος
2555 2433 2698 2510 εἶχεν
2727 2439 2874 2510 αὐτῷ
2899 2441 2932 2510 ἡ
2956 2441 3107 2512 εὐχὴ,
3141 2443 3232 2495 καὶ
3255 2443 3304 2494 οί
3333 2442 3594 2514 βάρϐαροι
3619 2445 3791 2514 φεύγειν

2269 2531 2478 2585 ἐκεῖθεν
2509 2530 2747 2598 ἀγεννῶς
2780 2533 3121 2603 ἐπεχείρουν,
3158 2533 3416 2607 καθάπερ
3444 2536 3548 2589 ὑπό
3569 2554 3694 2600 τινος
3719 2538 3790 2608 βι.

2271 2621 2424 2691 ρείας
2459 2621 2641 2694 χειρὸς
2664 2621 3032 2693 ἐλαυνόμενοι.

2340 2803 2446 2870 Eg".
2491 2805 2551 2859 Ὀ
2592 2803 2690 2875 μὲν
2730 2803 2849 2868 οἶ)νῖ
2867 2802 2961 2857 τοῦ
3008 2803 3142 2856 Θεοῦ
3208 2801 3486 2873 θεράπων,
3524 2804 3570 2857 εί
3607 2805 3786 2857 καὶτῶν

2268 2897 2482 2952 οἰκείων
2541 2893 2687 2950 οὕτω
2738 2895 2996 2968 μαθητῶν
3035 2895 3240 2966 ἔρημος
3291 2895 3787 2959 ἁπολέλειπτο,ἀλλὰ

2270 2987 2556 3058 παροῦσαν
2596 2984 2709 3058 εἶχε
2754 2987 2939 3055 σαφῶς
2987 2986 3087 3057 τὴν
3116 2987 3264 3040 θείαν
3289 2986 3498 3040 ἄνωθεν
3531 2987 3687 3058 χάριν,
3713 2988 3786 3038 οὐχ

592 3084 891 3149 abscessit;
925 3099 1036 3137 non
1096 3091 1308 3137 tantum
1346 3092 1584 3137 mentem
1641 3084 1789 3138 illius
1843 3085 2030 3139 laetitia
2080 3101 2165 3139 re-

2274 3079 2596 3148 ἁγαλλίασιν
2647 3080 2804 3150 μόνον
2845 3079 3201 3150 ἐμποιοῦσαν,
3233 3079 3374 3134 ἀλλά
3418 3097 3535 3132 τινα
3566 3079 3649 3132 καὶ
3685 3079 3787 3145 ἄεσ-

592 3176 775 3244 plens,
837 3175 932 3230 sed
991 3173 1327 3228 ineffabilem
1390 3174 1709 3242 quamdam,
1773 3176 1851 3228 uti
1908 3175 2166 3240 diximus,

595 3267 922 3321 ditl‘undens
952 3266 1330 3336 fragrantiam,
1357 3280 1477 3334 qua:
1526 3265 1756 3320 lacernae
1784 3282 1890 3335 qua
1933 3267 2168 3321 amictus

591 3367 713 3412 erat
747 3359 812 3412 ad
848 3368 1157 3412 extremum
1182 3372 1359 3426 usque
1405 3356 1642 3410 inhzesit.
1667 3356 1951 3411 Gaudebat
1983 3357 2166 3427 itaque

591 3450 921 3514 solitudine,
949 3464 1013 3503 ac
1039 3449 1218 3502 tribus
1279 3447 1751 3517 consequentibus
1801 3447 1996 3503 diebus
2064 3448 2167 3504 soli

596 3547 829 3602 orationi
860 3555 914 3603 et
959 3545 1069 3602 Deo
1102 3561 1304 3603 vacans
1350 3548 1548 3619 (usque
1592 3562 1659 3603 eo
1692 3546 1839 3602 enim
1871 3557 2051 3616 potens
2083 3564 2160 3613 es,

596 3637 838 3694 Domine.
861 3648 910 3693 et
935 3641 1128 3694 veritas
1156 3651 1247 3693 tua
1275 3639 1330 3693 in
1359 3641 1583 3694 circuitu
1614 3649 1701 3695 tuo
1728 3640 1791 3712 ¹³)
1816 3642 2164 3712 conspicatur

605 3723 881 3792 utrimque
925 3734 1147 3779 sanctos
1180 3727 1404 3797 angelos
1431 3726 1588 3791 duos,
1610 3728 1845 3781 alterum
1872 3743 1900 3781 a
1923 3731 2179 3796 dexteris,

602 3812 839 3867 alterum
864 3829 894 3868 a
918 3813 1179 3877 sinistris,
1201 3815 1450 3869 dicentes
1474 3815 1575 3885 ipsi
1599 3833 1611 3868 :
1634 3814 1884 3880 Conﬁde,
1906 3831 2016 3870 non
2033 3818 2181 3872 enim

601 3903 757 3958 solus
780 3918 880 3968 es;
931 3903 1026 3958 sed
1063 3919 1165 3958 nos
1195 3912 1378 3959 tecum
1412 3922 1624 3961 sumus.
1662 3907 1878 3961 Interea
1924 3907 2180 3964 barbaris

603 3993 847 4048 reditum
885 3994 943 4048 in
996 3997 1233 4065 patriam
1298 3999 1717 4062 meditantibus,
1772 4009 2068 4054 servantur
2123 4014 2179 4056 et

600 4081 895 4153 discipuli:
942 4085 1178 4154 visoque
1223 4097 1429 4156 quanta
1489 4090 1725 4159 Symeon
1767 4089 1958 4144 laetitia
2011 4099 2178 4160 atque

599 4176 776 4246 gratia
815 4175 1180 4242 redundaret,
1206 4177 1346 4232 laetis
1368 4179 1599 4234 vocibus
1646 4179 1753 4249 ipsi
1795 4196 2017 4251 quoque
2050 4197 2176 4251 gra-

601 4263 710 4321 tias
727 4268 841 4322 Deo
879 4266 1266 4322 reddiderunt.

2274 3189 2385 3236 τον,
2423 3172 2497 3234 ὡς
2519 3172 2750 3241 ἔφημεν,
2806 3173 3030 3225 εὐωδίαν
3079 3171 3244 3224 αὐτοῦ
3299 3170 3783 3240 καταχέουσαν,ητις

2275 3265 2366 3316 καὶ
2390 3265 2502 3325 τοῖς
2526 3263 2754 3334 ῥακίοις,
2784 3258 2865 3326 οἷς
2902 3264 3110 3324 ἐκεῖνος
3156 3262 3450 3332 ἠμφίεστο,
3475 3259 3783 3331 παρέμεινεᾶ

2273 3353 2359 3406 διὰ
2379 3353 2585 3416 τέλους.
2613 3349 2728 3406 Ἦν
2757 3353 2938 3406 τοίνυν
2961 3353 3165 3422 χαίρων
3193 3355 3257 3422 τῇ
3282 3352 3410 3422 περὶ
3434 3352 3586 3404 αὐτὸν
3607 3351 3779 3422 ἐρημίᾳ,

2273 3444 2370 3496 xei.
2397 3443 2588 3516 τρίτην
2616 3442 2744 3513 ἐξῆς
2782 3442 2995 3514 ἡμέραν
3028 3443 3161 3514 εὐχῇ
3201 3443 3342 3514 μόνῃ
3374 3442 3470 3496 καὶ
3500 3441 3609 3512 Θεῷ
3636 3441 3780 3511 σχολὰ-

2268 3551 2377 3614 ζων
2403 3549 2485 3621 (ἐν
2513 3545 2754 3619 τοσούτῳ
2777 3547 2837 3601 δὲ
2868 3544 3130 3613 δυνατὸς
3157 3539 3240 3613 ἐῒ,
3271 3545 3470 3616 Κύριε,
3497 3545 3585 3599 καί
3613 3547 3645 3614 ἢ
3670 3545 3780 3612 ditio

2271 3639 2399 3696 θειά
2426 3655 2542 3694 σου
2589 3640 2796 3705 κύκλῳ
2840 3639 2979 3708 σου)
3025 3641 3125 3712 όρᾷ
3173 3638 3266 3692 δύο
3308 3638 3464 3703 τινὰς
3511 3637 3780 3707 ἑκατέρωθεν

2289 3728 2475 3794 ἁγίους
2506 3729 2768 3796 ἀγγέλους
2795 3770 2808 3794 ,
2842 3731 2934 3783 τὸν
2969 3731 3067 3800 μὲν
3095 3734 3159 3785 ἐκ
3184 3732 3379 3798 δεξιῶν
3407 3773 3423 3798 ,
3451 3733 3536 3785 τὸν
3556 3732 3597 3784 δ’
3626 3732 3674 3796 ἐξ
3709 3732 3785 3801 ipa

2297 3817 2526 3886 στερῶν,
2597 3818 2856 3888 λέγοντας
2921 3822 3108 3891 αὐτῷ’
3165 3822 3396 3896 Θάρρει,
3452 3824 3566 3877 οὐδέ
3615 3823 3701 3892 γὰρ
3736 3816 3783 3878 εἴ.

2285 3911 2440 3980 φησι,
2479 3913 2660 3980 μόνος,
2703 3912 2836 3966 ἀλλὰ
2887 3913 3027 3981 μετὰ
3082 3913 3174 3966 σοῦ
3218 3919 3314 3967 καὶ
3353 3917 3529 3986 ἡμεῖς.
3566 3915 3644 3970 Ἐν
3659 3912 3781 3979 τούτῳ

2283 4001 2338 4055 δὲ
2363 4003 2471 4055 τῶν
2519 4001 2808 4074 βαρϐάρων
2839 4003 3101 4057 ἐπανόδου
3141 4006 3512 4076 μνησθέντων,
3539 4004 3777 4069 ἀνασώζον-

2281 4111 2370 4147 ται
2395 4095 2489 4147 καὶ
2543 4095 2802 4165 μαθηταὶ,
2838 4095 2931 4147 καὶ
2964 4094 3154 4151 τοῦτον
3201 4098 3357 4163 ὅπως
3407 4096 3776 4168 ἀγαλλιάσεὼςτι

2281 4187 2377 4240 καὶ
2430 4187 2653 4258 χάριτος
2705 4183 2849 4257 εἶχεν
2901 4188 3120 4256 ἰδόντες,
3154 4189 3537 4262 ἀγαλλομένοις
3579 4189 3676 4260 Θεῷ
3714 4186 3776 4238 καὶ

2282 4275 2437 4328 αὐτοὶ
2460 4275 2694 4346 χείλεσιν
2721 4277 3107 4348 ηὐχαρίστουν.

2040 4388 2268 4448 CAPUT
2312 4389 2406 4447 IX.

1161 4496 1428 4555 Liberalia
1464 4502 1794 4572 captivorum
1813 4520 1832 4571 ;
1864 4506 2119 4561 transitus
2143 4508 2198 4561 in
2230 4515 2456 4562 montem
2496 4507 2826 4577 mirabilem;
2869 4512 2979 4568 alia
3011 4515 3294 4572 miracula.

674 4605 767 4664 67.
790 4606 1001 4664 Verum
1039 4611 1165 4680 quis
1208 4627 1391 4669 sermo
1413 4630 1504 4670 res
1536 4631 1567 4670 a
1606 4616 1795 4672 divino
1839 4618 2063 4674 homine
2094 4628 2171 4675 ea

2355 4620 2453 4686 εἴ.
2494 4621 2656 4676 Ἀλλά
2689 4624 2772 4688 τίς
2827 4624 2894 4679 ἂν
2946 4625 3105 4696 λόγος
3136 4628 3205 4681 τὰ
3238 4627 3535 4700 τηνικαῦτα
3560 4625 3684 4696 παρᾶ
3707 4621 3768 4675 τοῦ

601 4707 932 4772 tempestate
959 4710 1160 4773 gestas,
1184 4713 1320 4773 quot
1359 4707 1616 4763 servituti
1653 4710 1901 4767 addictos
1929 4712 2178 4768 libertati

609 4795 942 4861 restituerit,
967 4803 1138 4866 etper
1171 4798 1386 4854 medios
1417 4800 1608 4857 hostes
1654 4804 1832 4859 salvos
1897 4804 2174 4872 eduxerit,

604 4887 800 4957 paucis
819 4895 986 4956 queat
1015 4889 1086 4942 ob
1118 4889 1312 4944 oculos
1354 4893 1597 4960 ponere?
1651 4909 1821 4949 unum
1871 4895 2178 4954 alterumve

601 4991 828 5032 necesse
858 4984 942 5031 est
973 4992 1304 5036 memorare.
1341 4980 1536 5037 Frater
1569 4983 1684 5048 ille,
1716 4985 1879 5054 cujus
1902 5001 1932 5039 a
1966 4986 2167 5041 barba-

604 5067 682 5121 ris
732 5068 875 5136 capti
952 5069 1294 5125 mentionem
1355 5072 1588 5129 fecimus
1641 5077 1805 5145 paulo
1857 5078 1970 5146 (il)
2022 5087 2172 5145 ante,

603 5156 878 5212 mirabilia
925 5161 1103 5214 sancti
1131 5177 1296 5231 opera
1330 5164 1429 5235 (ita
1463 5167 1611 5220 enim
1641 5167 1761 5222 ﬁeri
1803 5170 2094 5224 consuevit
2115 5181 2176 5226 ut

606 5245 811 5310 anima,
838 5245 1283 5304 intolerabilibus
1324 5253 1589 5308 aerumnis
1653 5270 1861 5324 pressa,
1887 5271 2010 5311 cum
2037 5273 2175 5327 qua-

605 5335 733 5389 dam
767 5336 1052 5407 voluptate
1083 5338 1139 5394 in
1164 5342 1488 5398 memoriam
1521 5345 1611 5400 illa
1647 5357 1888 5412 revocet,
1917 5363 2038 5418 qua:
2063 5365 2176 5404 me-

605 5426 806 5484 liorem
853 5429 1050 5486 atl‘erre
1122 5447 1277 5503 spem
1331 5445 1459 5492 nata
1531 5443 1683 5510 sunt)
1734 5439 1951 5497 cuidam
2012 5437 2175 5498 militi

680 5581 726 5614 ¹³
769 5581 912 5638 Psal.
940 5599 1198 5651 unvm,
1244 5585 1299 5642 9.

680 5713 796 5785 (ιη
828 5729 1022 5785 supra,
1050 5731 1202 5773 num.
1235 5717 1322 5775 63.

2281 4713 2424 4767 θείου
2446 4713 2670 4785 Συμεὼν
2708 4718 2991 4785 γεγονότα,
3034 4719 3129 4772 καὶ
3170 4720 3316 4783 ὅπως
3339 4721 3448 4773 τῶν
3476 4717 3768 4788 αίχμαλωτισ-

2283 4803 2483 4859 θέντων
2515 4805 2730 4869 πολλοῖς
2779 4807 3145 4879 ὀπτανόμενος
3166 4809 3302 4864 ἀνίει
3354 4814 3451 4880 τῆς
3475 4804 3767 4878 αίχμαλωσῦις

2282 4895 2622 4960 αὐτοὺς,καὶ
2677 4897 2769 4951 διὰ
2832 4899 3011 4968 μέσων
3062 4899 3234 4964 ἔσωζε
3276 4901 3388 4952 τῶν
3449 4895 3765 4970 βαρϐάρων.ἑν

2285 4984 2476 5054 βραχεῖ
2526 4989 2966 5058 παραστήσειεν;
2995 4990 3113 5052 ἑνὸς
3171 4989 3249 5054 δέ,
3286 4990 3318 5059 ἢ
3351 4991 3447 5042 καὶ
3498 4988 3580 5041 δύο
3621 4983 3766 5037 τούτων

2283 5077 2578 5144 ἀναγκαῖον
2633 5080 3059 5151 ἐπιμνησθῆναι.
3127 5080 3186 5134 Ὀ
3235 5083 3339 5137 ὑπὸ
3383 5081 3490 5135 τῶν
3546 5076 3764 5147 βαρόάριιν

2281 5167 2509 5237 ἔναγχος
2565 5168 2793 5239 ληφθεὶς
2854 5171 3102 5241 ἀδελφὸς,
3134 5166 3196 5226 οὗ
3243 5173 3337 5225 καὶ
3402 5170 3569 5242 μικρῷ
3596 5162 3765 5235 πρόσθεν

2279 5260 2308 5313 ὁ
2337 5259 2498 5328 λόγος
2528 5259 2681 5313 ἔθετο
2707 5263 2949 5333 μνήμην,
2995 5265 3064 5317 τὰ
3113 5265 3208 5318 τοῦ
3244 5266 3401 5334 ἁγίου
3431 5259 3682 5332 θαυμασία,
3705 5247 3762 5306 οἷα

2281 5351 2470 5406 εἴωθεν
2497 5353 2555 5406 ἐν
2587 5354 2890 5424 ἀμηχάνοις
2921 5360 3113 5421 κακοῖς
3144 5357 3279 5412 οὖσα
3302 5358 3446 5430 ψυχὴ
3484 5355 3578 5408 τῶν
3597 5361 3764 5421 χρηστο·

2279 5443 2444 5516 τέραν
2483 5444 2677 5501 ἐλπίδα
2704 5448 3096 5519 παρεχομένων
3117 5451 3292 5522 ἡδέως
3311 5437 3761 5522 ἀναμιμνήσκεσθαιο
