3988 6538
205 449 352 514 3049

1227 449 1405 512 VITA
1442 452 1488 510 Α
1527 444 1962 508 NICEPIIORO
1999 441 2484 506 CONSCBIPTA.

3333 446 3479 510 3050

210 564 355 635 πρός
407 579 534 616 τινα
586 561 926 634 στρατιώτην
962 561 1253 633 σχολάριον
1279 562 1550 633 ἐξηγεῖτο,
1582 562 1786 632 αἰχμά-

1908 558 2137 613 seholari
2168 558 2309 626 (12),
2365 559 2461 629 qui
2511 569 2568 613 et
2615 559 2733 630 ipse
2785 560 2843 616 in
2883 574 3163 620 carcerem
3214 561 3478 634 abreptus

200 654 381 709 λωτον
425 655 523 709 καὶ
557 655 722 708 αὐτὸν
749 655 1050 726 ἀγόμενον,
1082 660 1176 709 καὶ
1209 657 1315 710 ὑπὸ
1345 657 1592 727 σιδηραῖς
1623 672 1789 710 κατε-

201 748 438 818 χόμενον
460 744 654 808 πέδαις
682 761 694 774 ’
729 746 822 799 καὶ
853 763 905 799 τι
926 747 1021 799 καὶ
1051 745 1254 800 κλαίων
1285 746 1372 800 ἐπ’
1391 747 1555 810 ἐνίοις
1585 747 1788 807 αὐτῶν,

199 837 331 896 εἶτα
366 839 528 902 ζέσας
579 837 680 910 τὴν
715 837 893 908 ψυχὴν
922 841 1034 901 τοῖς
1061 839 1190 909 περὶ
1233 839 1399 893 αὐτοῦ
1427 839 1789 909 διηγήμασιν,

199 936 275 988 ἐκ
302 932 477 1004 μέσης
531 948 592 986 τε
624 931 687 985 τὸ
731 930 826 984 τοῦ
869 931 1053 998 Ἀγίου
1076 931 1250 1002 ὄνομα
1275 930 1502 1002 καρδίας
1527 930 1788 996 καλέσας,

196 1026 354 1083 ὥστε
383 1027 482 1094 τῆς
535 1024 777 1096 χαλεπῆς
805 1023 1020 1094 ἐκείνης
1052 1025 1347 1094 ἀναγωγῆς
1375 1024 1662 1092 ἀνεθῆναι,
1700 1022 1790 1076 διὰ

203 1119 380 1189 μέσου
409 1117 519 1170 τῶν
546 1116 840 1188 βαρῦάρων
871 1116 1040 1186 ὁρμᾷ,
1085 1117 1182 1169 καὶ
1219 1115 1345 1186 μηδ’
1370 1117 1475 1168 ὑπό
1524 1132 1618 1168 του
1663 1113 1790 1168 τού-

200 1227 322 1263 των
361 1208 740 1278 κατασχεθεὶς,
767 1206 1131 1271 ἀνασώζεται.
1158 1207 1337 1277 Ὅπερ
1368 1209 1396 1260 ὀ
1452 1206 1793 1278 στρατιώτης

201 1299 364 1366 ἰδὼν,
397 1301 491 1355 καὶ
542 1298 842 1361 πιστεύσας
889 1298 1155 1352 δύνασθαι
1209 1297 1370 1352 τοῦτο
1401 1300 1496 1352 καὶ
1527 1300 1617 1352 ἐπ’
1642 1299 1793 1370 αὐτῷ

201 1391 304 1445 τὸν
337 1391 527 1455 ’Λγιον
567 1389 805 1460 δρᾶσαι,
842 1387 942 1458 βοᾷ
989 1387 1128 1456 μετά
1162 1386 1378 1456 θερμῶν
1413 1385 1668 1456 δακρύων
1703 1385 1794 1438 εύ-

196 1485 336 1552 θὺς,
362 1486 611 1538 Δέσποτα
642 1483 847 1551 Χριστὲ
875 1484 904 1535 ὀ
929 1481 1062 1544 Θεὸς
1093 1481 1187 1534 τοῦ
1204 1479 1394 1534 δούλου
1423 1497 1519 1534 σου
1543 1479 1791 1551 Συμεὼν,

201 1578 378 1650 ῥῦσαί
413 1595 480 1646 με
531 1578 632 1646 τῆς
686 1577 890 1644 πικρᾶς
914 1573 1121 1644 ταύτης
1168 1574 1262 1628 καὶ
1299 1573 1577 1644 βαρὸάρου
1611 1573 1795 1644 χειρὸς

202 1671 308 1723 καὶ
367 1669 630 1731 δουλείας.
665 1667 849 1721 Ταῦτα
907 1665 1190 1737 καμνούσῃ
1217 1666 1365 1737 ψυχῇ
1391 1665 1793 1735 φθεγξαμένου,

201 1761 418 1834 (Κύριε
441 1763 474 1813 ό
509 1759 654 1825 Θεός
671 1757 790 1811 τῶν
812 1757 1130 1828 δυνάμεων
1157 1759 1250 1824 τίς
1271 1757 1470 1826 ὅμοιός
1496 1771 1595 1811 σοι
1617 1756 1662 1826 ς)
1695 1755 1796 1819 τάς

209 1855 319 1926 μὲν
355 1854 576 1925 σιδηρᾶς
605 1852 819 1915 ἐκείνας
849 1851 1050 1906 αὐτίκα
1071 1850 1236 1914 πέδας
1257 1846 1404 1920 εἶχεν
1429 1851 1463 1920 ή
1490 1849 1588 1920 γῆ,
1631 1849 1795 1913 αὐτὸς

1900 651 2097 707 ferreis
2117 651 2485 722 compedibus
2513 653 3025 725 constringebatur,
3085 656 3352 711 narravit.
3409 656 3478 713 Et

1897 753 2016 798 tum
2034 742 2258 812 quidem
2288 743 2405 798 suis
2433 743 2683 813 sociique
2709 745 2975 801 aarumnis
3003 746 3476 818 illacrymabatur.

1896 835 2101 891 deinde
2131 835 2322 890 animo
2346 835 2494 890 inter
2512 836 2827 907 bujusmodi
2843 839 3189 896 narrationes
3213 850 3473 906 aestuans,

1896 943 1966 981 ex
1994 927 2193 983 intimo
2222 929 2390 984 corde
2427 944 2633 983 nomen
2683 929 2863 984 sancti
2919 929 3182 986 invocat:
3230 942 3292 988 ut
3342 934 3479 988 dura

1899 1017 1992 1073 illa
2037 1018 2308 1074 servitute
2357 1019 2657 1084 laxaretur,
2727 1027 3025 1089 precatur;
3083 1035 3186 1091 per
3241 1022 3480 1077 mediam

1900 1108 2270 1164 Barbarorum
2316 1109 2535 1165 turbam
2596 1109 2891 1181 pervadit;
2950 1126 3018 1166 ac
3084 1111 3311 1169 nemine
3370 1129 3482 1170 uno

1901 1198 2200 1268 prohibere
2229 1207 2326 1254 aut
2350 1199 2594 1254 retinere
2642 1208 2866 1263 conato,
2907 1198 3223 1257 libertatem
3279 1217 3479 1259 consc-

1900 1290 2114 1360 quitur.
2149 1291 2286 1346 Rem
2330 1305 2531 1346 novam
2584 1289 2822 1346 intuitus
2865 1291 3047 1358 miles,
3101 1292 3476 1364 credensque,

1894 1381 2095 1438 eadem
2121 1381 2178 1438 in
2204 1397 2264 1436 se
2289 1396 2513 1452 quoque
2545 1391 2796 1437 sanctum
2830 1397 3014 1453 posse,
3035 1383 3332 1440 confestim
3367 1401 3478 1441 non

1896 1474 2022 1530 sine
2081 1473 2341 1546 lacrymis
2390 1474 2696 1529 exclamat:
2765 1474 2998 1530 Domine
3052 1475 3184 1531 Jesu
3233 1475 3478 1543 Christe,

1901 1567 2047 1622 Deus
2076 1565 2266 1620 famuli
2298 1567 2381 1622 tui
2411 1565 2727 1638 Symeonis,
2761 1565 2916 1636 eripe
2944 1582 3032 1622 me
3051 1582 3086 1623 e
3111 1567 3481 1626 Barbarorum

1901 1657 2162 1712 manibus
2215 1665 2278 1712 et
2339 1657 2700 1714 acerbissima
2751 1658 2856 1714 hac
2899 1658 3184 1716 servitute.
3233 1661 3397 1718 llisce
3441 1679 3480 1720 e

1897 1750 2069 1805 corde
2087 1749 2290 1806 atllicto
2317 1751 2565 1821 prolatis,
2585 1751 2832 1824 (Domine
2849 1752 2989 1808 Deus
3011 1754 3286 1822 virtutum,
3309 1760 3480 1828 ecquis

1897 1844 2182 1898 similisest
2206 1845 2284 1898 tui
2310 1843 2420 1916 “?)
2450 1844 2600 1900 illico
2623 1844 2818 1901 ferreae
2861 1847 3158 1917 compedes
3187 1848 3242 1904 in
3274 1857 3478 1905 terram

213 1945 284 2001 δὲ
354 1945 666 2016 ἀναμέσους
758 1943 872 2008 ὀξεῖ
955 1941 1038 2014 τῷ
1100 1942 1223 1996 ποδὶ
1290 1942 1418 2006 τοὺς
1476 1940 1794 2012 ’βαρϐάρους

1908 1937 2240 2002 ceciderunt,
2275 1945 2331 1992 et
2360 1937 2476 2008 ipse
2512 1939 2682 1994 celeri
2727 1939 3034 2010 gradu'per
3085 1942 3300 1999 medios
3340 1944 3479 1999 Βοτ-

201 2037 434 2109 ὲχώρει,
489 2036 627 2099 πρὸς
667 2035 768 2107 τὴν
809 2034 1024 2089 οἰκείαν
1078 2033 1379 2105 φερόμενος
1401 2050 1417 2064 ·
1464 2032 1527 2098 ὃς
1576 2031 1797 2100 ἀπαθὴς

203 2129 403 2184 κακῶν
431 2127 767 2192 ἐπανελθὼν,
792 2127 1002 2182 ἕκαστα
1035 2124 1226 2196 σαφῶς
1255 2125 1532 2196 ἐξηγεῖτο.

284 2307 388 2380 ξηη
425 2306 608 2379 Γέρων
639 2322 722 2370 τις
751 2304 848 2369 τὰς
879 2303 1030 2372 δψεις
1068 2303 1366 2368 ἀνακοπεὶς
1387 2345 1404 2370 ,
1434 2303 1668 2376 ἐκάθητο
1698 2321 1799 2358 τυ-

200 2400 348 2471 τλὺς
379 2399 688 2471 προσαιτῶν
707 2414 722 2428 ·
757 2398 1016 2470 ἐτύγχανε
1041 2398 1099 2452 δὲ
1130 2399 1238 2469 ἄρα
1266 2398 1565 2468 κατωτέρω
1603 2399 1799 2470 μικρὸν

197 2495 317 2562 τῆς
349 2496 554 2562 μωνῆς,
577 2494 665 2547 ὅτε
695 2491 762 2545 δι’
792 2491 974 2559 ὀλίγου
998 2490 1201 2562 ταύτης
1223 2486 1388 2562 ἦλθον
1416 2493 1464 2544 oi
1506 2491 1797 2563 βάρϐαροι,

206 2585 313 2640 καί
337 2603 420 2648 τις
445 2584 626 2638 αὐτῶν
654 2580 766 2652 (οἷα
800 2582 945 2651 φιλεῖ
979 2580 1251 2653 βαρὸαρος
1281 2581 1425 2652 χεὶρ,
1459 2580 1677 2649 ἕτοιμος
1719 2582 1800 2645 εἰς

205 2676 502 2745 ἀναίρεσιν
545 2672 710 2740 εἶναι,
743 2675 837 2726 καὶ
866 2671 1120 2741 παίγνιον
1158 2671 1256 2743 ήδύ
1292 2689 1347 2725 τι
1387 2671 1662 2726 ποιεῖσθαι
1702 2672 1803 2744 τὴν

209 2766 422 2837 ἑτέρων
449 2764 751 2835 ἀπώλειαν)
773 2765 852 2836 τῷ
894 2764 1038 2835 ξίφει
1075 2763 1169 2818 τοῦ
1226 2764 1496 2836 τραχήλου
1543 2782 1802 2835 κατενεγ-

211 2858 355 2924 κὼν,
390 2859 612 2930 καιρίαν
643 2859 735 2912 τὸν
759 2859 990 2928 γέροντα
1021 2857 1282 2929 πλήττει·
1313 2858 1406 2911 καὶ
1450 2861 1479 2912 ὀ
1519 2859 1618 2930 μὲν
1649 2859 1804 2928 ἀφω-

210 2968 310 3016 νος
358 2950 569 3017 ἔκειτο,
602 2951 747 3022 μόνῳ
780 2949 856 3020 τῷ
887 2950 1062 3022 μικρά
1095 2950 1284 3003 πνέειν
1326 2949 1521 3021 νεκρὸς
1553 2944 1698 3004 εἶναι
1729 2949 1804 3021 μὴ

206 3043 630 3114 πιστευόμενος.
651 3043 828 3113 Ὅπερ
849 3043 944 3096 οῦν
976 3042 1068 3096 τὸν
1096 3042 1192 3096 τοῦ
1222 3041 1358 3096 Θεοῦ
1391 3042 1700 3114 θεράποντα
1721 3041 1802 3113 τῷ

207 3136 519 3190 ὲνοικοῦντι
574 3133 844 3206 πνεύματι
908 3135 1125 3202 γνόντα,
1155 3133 1497 3188 ἐντείλασθαί
1529 3150 1674 3186 τισιν
1707 3133 1804 3186 ἀν-

1901 2027 2069 2082 baros
2095 2027 2338 2083 evadens
2362 2028 2420 2082 in
2442 2029 2676 2098 patriam
2701 2029 2920 2086 delatus
2944 2041 3066 2098 est;
3092 2049 3157 2090 ac
3183 2043 3478 2106 postquam

1897 2119 2161 2175 rediisset
2234 2121 2396 2176 malis
2458 2128 2625 2192 atque
2701 2123 2967 2179 aerumnis
3021 2123 3198 2192 liber,
3262 2126 3481 2200 singula

1893 2212 2106 2270 diserte
2138 2213 2443 2270 enarravit.

1971 2305 2064 2361 68.
2105 2307 2286 2363 Senex
2318 2307 2545 2378 quidam
2571 2319 2694 2365 erat
2723 2309 2902 2366 oculis
2937 2320 3155 2382 captus,
3210 2313 3305 2384 qui
3333 2315 3486 2387 juxta

1905 2399 2045 2454 viam
2074 2399 2278 2455 sedens
2307 2401 2655 2457 mendicabat
2681 2402 2879 2474 stipem
2903 2419 2919 2459 :
2955 2413 3077 2459 erat
3108 2414 3294 2462 autem
3321 2407 3491 2478 paulo
3568 2472 3571 2473 ν

1903 2492 2045 2548 infra
2073 2495 2474 2550 monasterium
2505 2495 2640 2566 (15),
2675 2495 2900 2567 quando
2921 2512 2988 2553 ex
3016 2497 3318 2569 improviso
3360 2500 3492 2557 illuc

1907 2589 2176 2636 venerunt
2200 2582 2424 2638 Barbari
2457 2601 2470 2637 :
2493 2597 2734 2653 quorum
2753 2599 2899 2640 unus
2931 2589 3014 2655 (ut
3032 2595 3117 2642 cst
3139 2589 3301 2644 turba
3318 2589 3410 2644 illa
3429 2589 3488 2645 in

1901 2671 2106 2728 caedem
2138 2682 2417 2744 prompta,
2441 2685 2501 2730 et
2530 2675 2769 2731 aliorum
2804 2677 3091 2733 interitum
3120 2689 3338 2750 gratum
3381 2681 3487 2737 sibi

1903 2762 2085 2818 lusum
2111 2764 2375 2835 reputat),
2402 2780 2536 2820 ense
2560 2765 2616 2819 in
2641 2766 2897 2837 jugulum
2926 2767 3194 2831 demisso.
3228 2771 3489 2828 lethalem

1904 2855 2025 2909 seni
2047 2855 2259 2926 plagam
2282 2855 2512 2928 inﬂigit:
2537 2857 2633 2928 qui
2663 2857 2737 2913 ita
2761 2859 3215 2932 sauciusjacebat
3233 2863 3490 2936 elinguis.

1898 2945 2104 3016 exiguo
2128 2953 2339 3001 tantum
2357 2947 2555 3018 spiritu
2574 2948 2671 3018 qui
2697 2959 2987 3020 supererat
3004 2952 3336 3022 prohibente
3349 2970 3490 3026 quo-

1906 3039 2090 3094 minus
2111 3038 2318 3095 obiisse
2348 3040 2690 3096 crederetur.
2721 3041 2894 3108 Quam
2913 3058 3030 3098 rem
3056 3045 3274 3101 interno
3293 3047 3493 3118 spiritu

1903 3146 2246 3201 cognoscens
2303 3131 2542 3188 famulus
2599 3133 2732 3200 Dei,
2789 3135 3124 3204 quibusdam
3186 3140 3490 3211 praecepit,

208 3228 516 3298 ελομένους
547 3228 638 3282 τὸν
666 3227 898 3298 γέροντα
922 3227 1145 3298 κομίσαι
1177 3226 1314 3296 πρὸς
1339 3227 1553 3280 ἑαυτόν.
1576 3226 1682 3279 Ἔοῦ
1706 3243 1800 3278 τυ-

1908 3222 2187 3276 sublatum
2221 3238 2410 3278 senem
2450 3224 2516 3278 ad
2554 3240 2613 3279 se
2645 3233 2706 3280 ut
2745 3226 3142 3298 deportarent:
3179 3246 3290 3300 quo
3323 3231 3492 3301 facto,

214 3320 360 3390 φλοῦ
387 3319 566 3374 τοίνυν
593 3319 747 3390 παρά
775 3319 852 3390 τῷ
887 3320 1026 3373 κίονι
1050 3319 1423 3389 κομισθέντος,
1463 3319 1566 3388 γῆν
1598 3319 1800 3380 ἐκεῖνος

1908 3325 2188 3384 acceptam
2221 3325 2424 3371 terram
2457 3326 2626 3388 atque
2653 3334 2850 3389 aquam
2886 3320 3192 3388 benedixit,
3231 3333 3290 3380 et
3320 3324 3490 3381 disci-

214 3411 317 3465 καὶ
360 3409 506 3480 ὕδωρ
539 3410 722 3464 λαϐὼν
761 3409 1080 3481 εὐλόγησεν,
1111 3405 1232 3463 εἶτα
1254 3409 1364 3463 τῶν
1391 3407 1654 3480 μαθητῶν
1687 3407 1806 3472 ἐνὸς

210 3503 400 3556 ταῦτα
426 3505 492 3573 τῇ
527 3502 706 3573 πληγῇ
740 3502 1046 3568 ἐπιθέντος,
1084 3502 1296 3571 γίνεταί
1320 3519 1373 3556 τι
1403 3499 1682 3555 κάνταῦθα
1712 3517 1808 3570 ση-

215 3598 404 3664 μεῖον,
441 3595 736 3666 ὀφθαλμῶν
783 3595 984 3666 μᾶλλον
1032 3595 1064 3665 ἢ
1103 3593 1256 3648 ὤτων
1297 3595 1378 3658 είς
1409 3593 1593 3648 πίστιν
1618 3592 1808 3664 δεόμε-

218 3702 343 3740 νον·
372 3687 434 3741 οὐ
463 3687 573 3758 γὰρ
601 3687 736 3741 ὀστᾶ
759 3688 849 3741 καὶ
865 3687 1032 3757 νεῦρα
1063 3688 1225 3756 μόνον
1247 3687 1427 3752 εὐθὺς,
1456 3685 1517 3738 τό
1534 3685 1806 3756 γε’παρά-

217 3779 400 3845 δοξον,
431 3781 682 3851 συνῆπτο
719 3781 854 3852 πρὸς
885 3780 1108 3850 ἄλληλα,
1145 3779 1280 3833 ἀλλά
1321 3781 1415 3833 καὶ⁹
1445 3778 1576 3833 αὐτὸ
1607 3778 1670 3831 τὸ
1697 3776 1807 3831 τῶν

217 3875 522 3944 ὀφθαλμῶν
565 3874 700 3942 φῶς,
735 3875 764 3926 ὃ
804 3876 895 3927 καὶ
928 3875 1087 3927 τοῦτο
1115 3871 1561 3944 παραδοξότερον,
1608 3872 1687 3942 τῷ
1715 3890 1808 3926 τυ-

221 3967 344 4036 φλῷ
372 3967 681 4030 ἀπεδέδοτο,
709 3967 786 4027 ὡς
820 3968 913 4021 καὶ
945 3966 1046 4038 τὴν
1077 3966 1295 4034 γείτονα
1323 3964 1554 4018 θανάτου
1589 3964 1807 4035 πληγὴν

219 4060 442 4132 ἐκείνην
481 4061 619 4130 μετά
653 4060 827 4130 βραχὺ
877 4059 1233 4122 συνουλῶσαι,
1264 4059 1360 4112 καὶ
1392 4057 1492 4122 τὰς
1532 4057 1683 4128 ὄψεις
1717 4059 1809 4129 ep-

223 4154 460 4227 ῥῶοθαι,
489 4154 618 4224 μιᾶς
649 4153 863 4223 καρπὸν
888 4153 1054 4224 εὐχῆς
1090 4152 1284 4222 διπλῆν
1320 4151 1615 4223 θεραπείαν
1648 4167 1809 4221 κομι-

224 4242 470 4313 σαμένῳ.
499 4243 674 4313 Ὅπερ
702 4243 780 4313 τῷ
808 4245 963 4313 ταχεῖ
986 4246 1082 4308 τῆς
1106 4245 1291 4313 φήμης
1319 4241 1504 4314 πτερῷ
1529 4243 1806 4313 πανταχοῦ

222 4335 426 4408 ἀθρόον
453 4335 804 4405 διαφοιτῆσαν
821 4376 837 4404 ,
865 4335 1036 4389 πολλὰ
1060 4335 1396 4405 πανταχόθεν
1424 4336 1601 4408 πλήθη
1630 4335 1808 4390 ποικί-

224 4428 349 4492 λαις
399 4427 576 4490 νόσοις
625 4428 1004 4500 κατεχομένων
1061 4428 1212 4498 παρά
1268 4429 1360 4483 τὸν
1399 4429 1590 4498 Ἀγιον
1636 4430 1808 4484 ἐποίει

224 4523 474 4593 συρῤεῖν,
509 4519 604 4584 οὓς
642 4523 851 4585 ἐκεῖνος
885 4523 1016 4594 εὐχῇ
1061 4522 1158 4576 καὶ
1187 4523 1467 4592 σφραγῖδι,
1500 4522 1581 4594 τῷ
1613 4540 1672 4576 τε
1707 4539 1806 4589 με-

223 4612 382 4682 γάλῳ
426 4611 521 4665 καὶ
565 4612 799 4684 ποθεινῷ
843 4611 936 4666 τοῦ
971 4611 1318 4684 Ἐμμανουήλ
1361 4612 1586 4683 ὀνόματι
1635 4612 1800 4684 θερα-
1830 4639 1882 4698 D

222 4702 432 4765 πεύων,
465 4702 636 4768 ὑγιεῖς
666 4703 900 4756 ἀπέλυεν
927 4704 1246 4770 ἐπανήκειν.

299 4793 396 4859 ξθ’.
441 4794 684 4866 Ὀρῶντα
731 4793 910 4848 τοίνυν
944 4794 1035 4848 τὸν
1060 4795 1230 4848 πολὺν
1267 4793 1397 4864 περὶ
1438 4793 1602 4848 αὑτὸν
1626 4793 1807 4865 ὄχλον,

227 4886 324 4940 καὶ
377 4886 528 4949 ὅπως
583 4886 882 4956 ἡσυχάζειν
922 4886 1024 4939 οὐκ
1076 4882 1221 4955 είχεν
1269 4886 1394 4940 ὅσον
1438 4885 1712 4948 ἐϐούλετο,
1748 4887 1808 4939 τὸ

240 4977 624 5031 ’Λποστολικόν
636 4980 812 5032 ἐκεῖνο
828 4979 1018 5049 εἰσῄει,
1037 4977 1132 5044 Μή
1149 4993 1277 5044 πως
1287 4978 1501 5046 ἄλλοις
1519 4979 1806 5048 κηρύξας,

219 5065 412 5130 αὐτὸς
424 5065 712 5133 ἀδόκιμος
729 5063 1286 5138 τένωμαι.Περιενόει
1302 5069 1359 5122 δὲ
1380 5068 1480 5141 ἤδη
1507 5069 1600 5122 καὶ
1614 5065 1808 5123 Ἧλίου

224 5157 291 5210 τὸ
317 5157 659 5227 Καρμήλιον,
681 5157 775 5209 τοῦ
802 5175 861 5209 τε
889 5159 1092 5229 Κυρίου
1118 5158 1276 5230 ήμῶν
1304 5159 1476 5232 Ἰησοῦ
1507 5161 1605 5231 τὴν
1633 5160 1729 5214 ἐπὶ
1751 5161 1810 5214 τὺ

221 5248 339 5302 τῶν
382 5247 609 5301 Ἐλαιῶν
638 5247 761 5318 ὅρος
792 5249 976 5302 ἄνοδον
998 5267 1013 5283 θ
1043 5250 1221 5315 ἄλλως
1249 5268 1308 5304 τε
1357 5251 1402 5305 δ’
1437 5248 1507 5324 ἦν
1547 5255 1641 5306 καὶ
1669 5253 1806 5307 Θεοῦ

307 5409 349 5439 ¹⁸
383 5408 524 5463 “sal.
560 5407 816 5476 Lx'xxvnl,
859 5409 912 5465 9.
997 5411 1039 5441 ⁸⁸
1089 5409 1265 5467 lCOr-
1297 5427 1370 5475 IX.
1399 5409 1488 5464 27-

303 5527 417 5600 (12)
437 5527 737 5600 Scholaris,
767 5545 847 5598 gr.
882 5529 1184 5600 σχολάριος.
1221 5529 1393 5600 Erant
1419 5528 1796 5600 autem'Scho-

226 5598 394 5656 lares.
433 5599 677 5669 perfecta:
707 5598 1130 5669 probatwque'in
1156 5599 1290 5653 bello
1325 5600 1530 5652 virtutis
1581 5598 1794 5664 milites,

225 5670 458 5741 promoti
483 5668 553 5720 ad
581 5668 822 5741 altiorem
840 5668 1169 5740 dignitatem,
1202 5678 1258 5722 ut
1296 5686 1476 5741 nempe
1514 5670 1582 5722 ad
1623 5680 1799 5725 custo-

225 5739 377 5793 diam
405 5740 741 5807 imperatoris
769 5748 921 5792 noctu
957 5741 1147 5810 diuque
1176 5742 1228 5793 in
1276 5739 1403 5792 aula
1433 5751 1798 5804 versarentur,

225 5821 278 5862 et
309 5811 653 5880 prodeuntem
679 5812 734 5862 in
753 5809 1013 5879 publicum
1055 5809 1457 5880 iturgnilicentiw
1495 5819 1541 5863 ct
1581 5822 1800 5865 ornatus

222 5897 393 5935 causa
423 5882 839 5935 comitarentur:
864 5891 1041 5951 postea
1075 5891 1250 5944 tamen
1271 5881 1366 5934 illa
1419 5882 1647 5953 dignitas
1697 5899 1801 5937 non

509 5977 782 6036 ΡΔΤιιοι.
819 5977 935 6038 Gn.
979 5979 1317 6039 LXXXVI.

1907 3407 2163 3476 pulcrum
2210 3407 2410 3478 aliquis
2462 3409 2680 3465 vulneri
2740 3411 3057 3481 applicavit.
3114 3415 3254 3470 Ecce
3303 3424 3492 3472 autem

1907 3499 2259 3564 miraculum,
2295 3516 2407 3556 non
2437 3510 2544 3556 tam
2595 3517 2758 3558 aures
2789 3520 2955 3574 quam
2987 3507 3181 3562 oculos
3213 3507 3281 3563 ad
3325 3508 3489 3565 ﬁdem

1906 3591 2212 3647 faciendam
2265 3594 2593 3664 requirens:
2631 3611 2810 3665 neque
2845 3597 2995 3651 enim
3029 3614 3154 3654 ossa
3205 3601 3384 3656 solum
3434 3615 3491 3656 et

1906 3683 2086 3748 nervi,
2104 3685 2250 3754 quod
2277 3685 2454 3754 ipsum
2479 3687 2613 3740 satis
2634 3685 2906 3750 mirabile,
2934 3689 3118 3742 statim
3144 3690 3492 3746 cohazserunt

1907 3774 2054 3828 inter
2099 3791 2188 3837 se:
2222 3776 2320 3830 sed
2353 3777 2523 3831 etiam
2553 3778 2846 3832 oculorum
2881 3779 3090 3846 lumen,
3133 3781 3282 3852 quod
3331 3783 3490 3855 longe

1909 3871 2238 3939 mirabilius,
2271 3887 2416 3928 caeco
2450 3873 2769 3928 restitutum
2821 3883 2903 3930 est
2945 3892 2960 3928 :
2994 3883 3160 3945 atque
3200 3877 3276 3932 ita
3324 3878 3493 3934 unius

1907 3963 2177 4018 orationis
2201 3963 2442 4018 fructum
2473 3965 2748 4034 geminam
2782 3965 3127 4021 curationem
3173 3971 3386 4037 retulit,
3411 3971 3490 4027 al-

1909 4064 2082 4110 teram
2115 4057 2386 4125 persanati
2418 4058 2631 4112 tantillo
2662 4066 2911 4128 tempore
2948 4060 3190 4116 lethiferi
3223 4063 3488 4124 vulneris.

1905 4149 2134 4203 alteram
2165 4166 2297 4204 usus
2313 4151 2599 4205 oculorum
2618 4153 2845 4222 recepti.
2880 4154 2989 4209 Res
3012 4163 3184 4219 tanta,
3202 4156 3490 4212 Velocibus

1909 4240 2067 4295 famae
2097 4241 2199 4296 alis
2223 4242 2454 4311 perlata,
2501 4243 2710 4313 ubique
2743 4252 3016 4300 terrarum
3044 4247 3229 4301 statim
3261 4264 3487 4318 percre-

1907 4332 2190 4398 brescens,
2212 4335 2456 4404 undique
2481 4335 2713 4391 diversis
2737 4337 3154 4393 inﬁrmitatibus
3171 4341 3489 4397 laborantes

1908 4440 2071 4494 quam
2100 4425 2371 4494 plurimos
2418 4426 2696 4482 conﬂuere
2730 4427 2798 4482 ad
2836 4439 3088 4484 sanctum
3141 4430 3306 4498 fecit;
3350 4448 3488 4504 quo:

1910 4517 2048 4585 ipse,
2078 4517 2337 4585 precibus
2363 4519 2621 4574 etcrucis
2649 4521 2828 4590 signo,
2866 4521 2922 4575 in
2945 4523 3162 4578 excelso
3186 4535 3240 4580 et
3271 4525 3488 4582 deside-

1909 4611 2068 4665 rabili
2101 4612 2474 4666 Emmanuelis
2497 4613 2719 4667 nomine
2752 4621 2996 4680 sanatos,
3029 4616 3241 4672 dimisit
3264 4618 3488 4674 domum

1908 4717 2184 4772 quemque
2227 4718 2402 4756 suam.

1976 4793 2065 4847 69.
2089 4792 2459 4863 Conspicicnti
2485 4809 2651 4863 porro
2675 4794 3175 4865 frequentissimam
3197 4800 3406 4855 circum
3432 4817 3490 4856 se

1912 4883 2153 4948 turbam,
2198 4892 2254 4939 et
2286 4883 2550 4954 cogitanti
2581 4886 2728 4956 quod
2779 4895 2983 4942 tantam
3014 4905 3211 4959 capere
3244 4891 3485 4960 quietem

1912 4990 2021 5028 non
2051 4982 2240 5045 posset
2265 4984 2526 5045 quantam
2554 4977 2742 5042 vellet,
2769 4978 2908 5032 illud
2957 4980 3205 5048 Apostoli
3246 4982 3301 5035 in
3336 4998 3485 5037 men-

1912 5075 2025 5121 tem
2057 5067 2209 5120 venit
2241 5087 2254 5121 :
2283 5067 2360 5121 Ne
2387 5068 2520 5136 forte
2552 5085 2670 5122 cum
2710 5069 2832 5124 aliis
2864 5073 3220 5140 prwdicavero
3262 5074 3373 5144 ipse
3405 5091 3488 5128 re-

1911 5158 2103 5229 probus
2133 5158 2327 5227 e/ﬁciar
2359 5159 2423 5211 ”.
2458 5158 2640 5225 Quare
2677 5161 2932 5216 volvebat
2960 5163 3146 5216 animo
3186 5164 3487 5219 identidem

1910 5263 1968 5309 et
1995 5254 2307 5310 Carmelum
2351 5254 2499 5319 Eliac,
2552 5264 2608 5309 et
2641 5257 2885 5312 montem
2933 5257 3235 5324 Olivarum,
3281 5259 3486 5316 Christi

1903 5533 2320 5608 generosiorilgns
2359 5534 2556 5589 collata
2597 5535 2717 5606 fuit,
2742 5537 2832 5590 sed
2857 5535 3247 5608 familiaribus;
3268 5537 3480 5591 tandem

1904 5603 2065 5676 etiam
2097 5603 2295 5676 veitatis
2334 5603 2604 5676 proposita
2628 5607 2796 5660 desit-Ii
2837 5603 3041 5676 cuique,
3094 5616 3222 5661 teste
3246 5609 3482 5676 Agat/ria

1908 5671 1997 5726 lib.
2031 5673 2248 5745 v_._l'ide
2299 5671 2456 5745 plura
2508 5678 2570 5730 de
2619 5679 2752 5731 Iu's7
2813 5671 2964 5731 Febr.
3001 5679 3070 5731 ad
3115 5680 3241 5732 Acta
3274 5671 3487 5732 sancto-

1905 5743 2192 5817 rumtllly
2227 5743 2448 5799 Militum
2475 5747 2788 5817 Martyrum.

1979 5814 2090 5874 (15)
2119 5813 2422 5884 Frequontis
2445 5813 2724 5871 concursus
2781 5820 2848 5872 ad
2894 5826 3136 5872 sanctum
3188 5819 3304 5882 ﬁeri
3341 5817 3486 5874 soliti

1907 5881 2160 5938 indicium
2193 5881 2283 5939 hoc
2315 5897 2410 5939 est.

3089 5985 3166 6048 96
