3988 6490
529 425 670 495 3051

1733 420 1795 480 S.
1836 412 2214 479 SYMEONIS
2247 409 2609 475 IUNIOBIS

3653 401 3784 464 τί).ξὲ

535 539 754 602 Domini
776 552 1006 596 ascensu
1033 534 1344 592 celebrem:
1377 548 1570 589 verum
1616 530 1764 586 aliud
1805 526 2112 584 meditaba-

2237 524 2274 577 τὸ
2309 523 2548 594 πρᾶγμα
2586 517 2890 589 οἰκονομία,
2921 515 3013 587 ὑφ’
3057 506 3102 582 ᾧ
3146 514 3240 568 καὶ
3269 514 3479 583 κίνημα
3520 511 3787 582 καρδίαςὸ

535 644 626 692 tur
677 630 1030 704 providentia
1070 626 1280 689 divina,
1315 624 1406 680 cui
1443 623 1679 695 Symeon
1730 631 1788 676 et
1836 619 2109 674 motiones

533 725 741 788 cordis,
783 731 839 778 et
879 720 1242 790 cogitationes
1290 717 1513 780 mentis,
1539 724 1594 768 et
1625 714 1866 783 reliquas
1912 713 2109 766 animae

534 818 889 890 operationes
910 811 1282 868 commiserat.
1302 809 1507 864 Statuit
1537 806 1722 876 igitur,
1755 805 2030 869 columna,
2053 803 2109 855 in

534 925 641 981 qua
673 915 964 963 octennem
992 904 1100 974 jam
1136 901 1429 957 stationem
1451 905 1664 970 egerat,
1688 898 1904 961 relicta,
1937 895 2108 950 altum

536 1001 591 1056 in
616 996 867 1071 proximo
893 1002 1158 1059 montem,
1187 990 1440 1046 redeunti
1477 1006 1508 1044 a
1548 990 1803 1045 columna
1831 989 1899 1044 ad
1923 987 2114 1044 dexte-

539 1106 656 1147 ram
676 1089 869 1153 situm,
897 1083 1290 1142 conscendere.
1320 1083 1450 1137 Erat
1481 1082 1574 1138 ille
1605 1093 1870 1152 perquam
1895 1079 2111 1145 aridus,

539 1198 644 1241 nec
681 1182 791 1237 ulla
841 1193 998 1249 aquae
1047 1175 1383 1246 scaturigine
1428 1174 1710 1244 rigabatur
1755 1191 1770 1228 ε
1806 1173 1900 1228 hic
1946 1172 2115 1228 nullis

538 1271 766 1329 omnino
789 1269 1073 1326 hominum
1104 1264 1352 1336 vestigiis
1381 1264 1566 1329 tritus,
1595 1271 1814 1334 gratum
1849 1271 1968 1318 erat
1994 1277 2115 1318 ser-

539 1362 800 1436 pentibus
829 1375 895 1416 ae
924 1358 1057 1415 feris
1104 1357 1405 1412 stabulum.
1444 1355 1677 1424 Jamque
1719 1354 1955 1426 Symeon
2002 1363 2117 1409 tota

541 1464 725 1512 mente
747 1467 817 1509 eo
841 1450 1185 1514 ascenderat,
1230 1464 1356 1504 cum
1398 1447 1554 1503 visus
1580 1446 1686 1504 sibi
1709 1456 1796 1504 est
1823 1447 2118 1502 Dominum

538 1554 598 1605 et
621 1545 962 1603 Salvatorem
989 1548 1239 1596 nostrum
1267 1539 1570 1606 Christum,
1600 1540 1920 1612 angelorum
1957 1553 2119 1594 exer-

539 1638 678 1703 citu,
702 1636 865 1708 cujus
892 1647 1186 1689 numerum
1213 1632 1357 1687 inire
1384 1630 1530 1686 haud
1563 1630 1748 1697 facile,
1773 1629 2120 1696 comitatum,

541 1731 598 1786 in
619 1735 865 1785 montem
892 1725 1047 1782 illum
1071 1724 1518 1789 descendentem,
1541 1723 1797 1779 similiter
1816 1732 1874 1778 et
1900 1722 2122 1778 lucidis-

543 1820 738 1875 simam
768 1815 997 1881 nubem,
1039 1813 1281 1869 radicem
1321 1812 1469 1869 illius
1493 1829 1592 1883 per
1619 1812 1916 1868 circuitum
1958 1813 2119 1868 obte-

2210 613 2460 684 Συμεὼν,
2493 613 2589 669 καὶ
2623 612 2906 682 ἐνθύμιον,
2944 609 3040 664 καὶ
3069 606 3492 676 ἐγκατάλειμμα
3541 604 3787 674 ὲνθυμίου

2211 705 2495 775 πεποίητο.
2551 704 2734 774 Ἔγνω
2754 700 3045 772 τοιγαροῦν
3076 699 3167 751 τὸν
3191 698 3346 750 κίονα
3366 696 3468 764 μὲν
3486 693 3788 758 ἀπολιπεῖν,

2211 797 2295 866 ἐφ’
2336 791 2398 850 οὗ
2445 796 2679 867 ὀκταετῆ
2737 794 2928 848 στάσιν
2967 792 3129 863 ἤνυεν
3171 789 3292 860 ἠδη,
3343 787 3426 858 τῷ
3471 787 3532 840 δὲ
3581 786 3790 856 μεγάλῳ

2213 887 2440 958 πλησίον
2476 887 2592 955 ὄρει
2632 883 3062 956 προσαναϐῆναι,
3105 882 3242 951 ὅπερ
3290 879 3441 950 δεξιᾷ
3487 877 3586 932 τοῦ
3627 878 3790 942 κίονος

2210 982 2416 1037 ἀνιόντι
2441 973 2857 1034 διάκειται.⁷Ην
2889 976 2944 1030 δὲ
2970 973 3134 1028 τοῦτο
3158 973 3400 1042 ἐσχάτως
3427 971 3684 1041 ἄνυδρον,
3705 971 3790 1022 καὶ

2209 1073 2302 1128 διὰ
2332 1072 2492 1126 τοῦτο
2528 1070 2724 1141 κομιδῇ
2757 1069 2858 1140 μὲν
2885 1065 3196 1136 ἀνθρώποις
3227 1063 3446 1128 άϐστον,
3472 1061 3723 1131 ἑρπετοῖς
3742 1060 3792 1112 δὲ

2215 1165 2311 1220 καὶ
2337 1164 2549 1236 θηρίοις
2592 1162 2785 1233 ἡδίστη
2815 1158 3093 1232 διατριϐή.
3134 1156 3251 1210 Ἐπ’
3280 1153 3417 1209 abte
3436 1152 3624 1207 τοίνυν
3651 1151 3792 1205 ἀνελο

2213 1258 2335 1312 θεῖν
2367 1255 2470 1310 καὶ
2502 1254 2732 1326 γνώμης
2762 1254 2882 1322 ἅμα
2919 1250 3016 1304 καὶ
3054 1249 3284 1316 μελέτης
3311 1247 3474 1315 ἔχων,
3504 1243 3684 1298 ἐδόκει
3714 1241 3795 1295 τὸν

2218 1349 2423 1421 Κύριον
2468 1346 2626 1420 ήμῶν
2673 1346 2770 1399 καὶ
2799 1343 3029 1414 Σωτῆρα
3070 1339 3311 1413 Χριστὸν
3358 1336 3502 1408 μετά
3549 1335 3795 1406 στρατιᾶς

2209 1440 2468 1510 ἀγγέλων
2511 1437 2620 1492 οὐδ’
2666 1437 2798 1507 ὅσης
2838 1432 3252 1506 ἀριθμήσασθαι
3305 1430 3528 1503 ῥᾴδιον,
3560 1425 3650 1481 ἐπ’
3677 1427 3800 1480 αὐτὸ

2219 1529 2638 1602 καταϐεϐηκότα
2675 1527 2828 1593 ίδεῐν,
2855 1525 3086 1596 νεφέλην
3104 1541 3165 1578 τε
3187 1521 3372 1593 φωτὸς
3402 1519 3504 1583 τάς
3527 1517 3797 1589 ὑπωρείας

2221 1623 2406 1695 κύκλῳ
2461 1621 2865 1683 καλύπτουσαν,
2901 1617 3086 1687 φωνῆς
3139 1631 3202 1669 τε
3261 1613 3372 1669 ἀπὸ
3429 1611 3534 1682 τῆς
3576 1608 3801 1678 νεφέλης

2221 1715 2472 1771 ἀκοῦσαι·
2493 1712 2765 1775 Σπεῦσον,
2789 1704 3271 1778 ἀνάϐηθιΣυμεὼν
3295 1703 3392 1758 ἐπὶ
3410 1701 3474 1757 τὺ
3499 1699 3804 1772 θαυμαστὸν

2215 1809 2349 1881 Δὅρος
2379 1805 2559 1871 τοῦτο,
2589 1803 2854 1874 λεγούσης
2873 1819 2889 1835 ο
2917 1800 3071 1856 ὀὕτω
3101 1799 3215 1871 γὰρ
3242 1797 3311 1853 ἂν
3341 1794 3453 1850 ἀπὸ
3476 1793 3574 1848 τοῦ
3607 1791 3704 1881 vi”
3721 1792 3806 1859 εεη

541 1919 760 1985 gentem
778 1908 983 1964 intueri
1005 1924 1020 1962 :
1045 1906 1242 1962 audire
1258 1920 1389 1961 vero
1404 1905 1661 1961 emissam
1691 1920 1723 1960 e
1748 1906 1893 1960 nube
1912 1918 2128 1969 vocem,

2237 1879 2601 1972 καλούμενον·
2630 1897 2890 1967 ἡγίασται
2940 1894 3051 1965 γὰρ
3102 1893 3236 1964 παρ’
3284 1888 3441 1962 ἐμοῦ,
3503 1885 3593 1956 ἐφ’
3629 1879 3678 1955 ᾧ
3719 1885 3809 1937 καὶ

542 2005 819 2074 dicentem
865 2018 879 2056 :
923 1998 1165 2065 Festina,
1212 1997 1470 2070 Symeon,
1519 1995 1834 2052 conscende
1876 2004 2124 2052 montem

545 2097 697 2155 hunc
738 2093 1077 2158 mirabilem;
1130 2089 1207 2146 ita
1243 2090 1392 2144 enim
1417 2087 1682 2158 deinceps
1709 2085 2121 2157 appellabitur:

543 2188 920 2248 sanctificatus
952 2198 1193 2254 namque
1223 2190 1310 2238 est
1335 2195 1366 2236 a
1396 2195 1521 2247 me;
1576 2179 1632 2233 in
1671 2194 1783 2250 quo
1809 2178 2126 2235 mirabilius

549 2281 732 2339 adhuc
767 2291 968 2335 nomen
1018 2282 1175 2331 tuum
1219 2271 1451 2338 faciam,
1501 2271 1764 2342 quoniam
1797 2285 1900 2341 ego
1939 2278 2124 2327 tecum

547 2389 693 2431 sum.
721 2371 804 2429 Ad
831 2370 950 2426 haec
975 2365 1318 2427 monstrabat
1351 2363 1444 2419 illa
1499 2379 1605 2418 vox
1656 2374 1890 2433 petram,
1913 2364 1973 2418 in
2016 2376 2123 2432 qua

546 2467 697 2524 Deus
724 2462 991 2519 Dominus
1037 2467 1226 2516 noster
1271 2455 1745 2527 conspiciebatur,
1795 2455 2124 2526 pmcipiens

547 2563 611 2613 ut
642 2555 792 2611 illam
834 2551 1072 2624 Symeon
1105 2547 1522 2604 conscenderet.
1575 2545 1886 2603 Scabellum
1939 2553 2122 2602 autem

547 2643 771 2716 pedum,
842 2639 992 2714 quod
1042 2638 1236 2695 eadem
1305 2635 1855 2708 incomprehensibili
1909 2637 2126 2693 visione

2231 1991 2612 2064 θαυμαστώσω
2628 1989 2839 2062 ,μᾶλλον
2861 1988 2924 2041 τὸ
2952 1987 3128 2059 ϐνομά
3151 2002 3270 2052 σου,
3304 1985 3389 2038 δτι
3417 1981 3514 2037 καὶ
3549 1978 3694 2053 μετά
3719 1976 3806 2031 σοῦ

2232 2089 2348 2158 είμι
2372 2085 2508 2155 ἐγώ.
2557 2082 2884 2137 ’Υπεδείκνυ
2914 2081 3028 2151 δὲή
3063 2078 3216 2150 φωνὴ
3251 2077 3346 2132 καὶ
3377 2075 3606 2147 πέτραν,
3638 2065 3807 2142 ἐφ’ἧς

2231 2179 2261 2232 ό
2287 2175 2494 2248 Κύριος
2521 2173 2680 2245 ἡμῶν
2703 2173 2798 2228 καὶ
2828 2171 2961 2234 Θεὸς
2999 2171 3230 2242 ἑωρᾶτο,
3267 2167 3355 2222 ἐπ’
3389 2164 3564 2237 αὐτὴν
3610 2160 3808 2228 άναϐἧ·

2233 2285 2322 2324 ναι
2360 2267 2453 2322 τὸν
2491 2265 2721 2336 Συμεὼν
2756 2261 3147 2332 ὁποτιθεμένη.
3183 2257 3257 2314 τὸ
3289 2258 3351 2314 δὲ
3379 2259 3480 2328 τῆς
3516 2253 3809 2330 ἀπροσίτου

2229 2362 2363 2426 θέας
2393 2360 2610 2430 ἐκείνης
2640 2357 2749 2412 τῶν
2779 2355 2965 2410 ’ποδῶν
2988 2352 3311 2409 ὑποπόδιον*
3329 2349 3443 2420 φεῦ
3469 2346 3571 2402 τοῦ
3597 2347 3808 2417 φωτός⁶

2231 2455 2308 2518 ὡς
2359 2453 2456 2507 καὶ
2510 2449 2676 2505 αὐτοῦ
2733 2448 3090 2519 φαιδρότερον
3145 2444 3350 2516 μᾶλλον
3405 2438 3474 2514 ἦν
3534 2439 3811 2508 ἐκλάμπον

2232 2545 2406 2617 ἡλίου.
2429 2544 2513 2598 Τά
2549 2545 2646 2614 μὲν
2674 2542 2740 2614 δὴ
2768 2542 2871 2612 τῆς
2905 2541 3196 2603 ὀπτασίας,
3221 2539 3316 2593 καὶ
3344 2538 3445 2608 τῆς
3469 2534 3566 2590 ἐπὶ
3597 2533 3662 2586 τὸ
3686 2531 3812 2586 θαυ-

2237 2638 2441 2710 μαστὸν
2462 2636 2588 2708 ὅρος
2609 2636 2866 2705 ’κλήσεως
2897 2633 2993 2686 τοῦ
3019 2633 3226 2703 Ἀγίου,
3252 2630 3499 2686 τοιαῦτα.

546 2735 947 2794 ostendebatur
1003 2730 1060 2804 (ο
1100 2732 1288 2786 lumen
1309 2731 1348 2800 ι)
1391 2731 1553 2801 longe
1603 2729 1958 2801 splendidius
2007 2730 2133 2800 ipso
2167 2730 2284 2786 sole
2347 2729 2614 2800 fulgebat.
2662 2729 2842 2799 Atque
2889 2727 3007 2782 haec
3045 2734 3138 2781 est
3179 2723 3320 2780 visio
3339 2731 3408 2778 et
3469 2721 3690 2778 vacatio
3714 2718 3813 2788 Sy-

550 2827 764 2886 meonis
791 2826 848 2882 in
874 2832 1119 2879 montem
1167 2821 1499 2877 mirabilem.

619 2919 1046 2979 70.Convocato
1080 2918 1265 2986 itaque
1316 2915 1551 2970 fratrum
1605 2915 1864 2986 collegio,
1905 2917 2122 2988 singula

548 3029 672 3088 qua:
723 3012 940 3068 viderat
976 3007 1291 3066 enarravit:
1336 3016 1452 3062 tum
1507 3007 1878 3076 provectioris
1941 3008 2123 3064 aetatis

548 3106 842 3180 quemdam
881 3119 1100 3159 morum
1129 3101 1401 3158 suavitate
1439 3100 1810 3166 notissimum,
1853 3108 2130 3156 monaste-

2302 2920 2366 2971 o'.
2411 2917 2469 2972 '0
2501 2917 2558 2972 δὲ
2596 2916 2698 2988 τὴν
2733 2914 3072 2984 ἀδελφότητα
3105 2910 3472 2980 συγκαλέσας,
3513 2907 3610 2962 καὶ
3639 2907 3815 2964 adrui;

2231 3011 2440 3066 ἕκαστα
2471 3010 2548 3074 ὡς
2575 3009 2674 3064 ίδοι
2708 3007 3133 3081 διηγησάμενος,
3158 3005 3258 3058 ἕνα
3285 3021 3347 3057 τε
3375 3003 3486 3056 τῶν
3513 2999 3816 3072 πρεσϐυτέο

2240 3121 2348 3176 ρων
2375 3103 2476 3176 τὴν
2505 3102 2745 3172 ἡλικίαν,
2776 3101 2870 3155 καὶ
2894 3099 3113 3172 τρόπων
3142 3096 3473 3169 χρηστότητι
3504 3090 3816 3165 μαρτυρούο

554 3201 696 3256 rium
715 3195 1088 3254 incolentibus
1111 3209 1346 3266 prmesse
1372 3193 1540 3264 jussit
1563 3212 1578 3248 :
1604 3194 2004 3264 cumqueipsos
2014 3193 2124 3248 Deo

2239 3214 2422 3269 μενον,
2453 3197 2788 3270 προεστάναι
2815 3193 2919 3263 τῆς
2959 3193 3127 3263 μονῆς
3165 3189 3550 3259 καταστήσας·
3577 3184 3818 3250 ἐπευξά-

552 3292 815 3366 precibus
883 3287 1346 3351 commendasset,
1414 3301 1446 3342 e
1486 3285 1745 3342 columna
1793 3284 2126 3350 descendit;

552 3395 717 3458 atque
745 3385 874 3448 iter,
907 3380 1054 3451 quod
1084 3380 1140 3434 in
1185 3393 1451 3436 cacumen
1490 3378 1697 3433 montis
1744 3377 2003 3444 ducebat,
2051 3377 2135 3432 in-

554 3494 778 3554 gressus
841 3475 1146 3533 clarissima
1217 3472 1430 3528 visione
1477 3470 1741 3526 ducatum
1815 3476 2132 3540 praestante,

557 3572 898 3647 properavit,
947 3579 1010 3625 ut
1062 3577 1419 3623 memoratam
1491 3573 1706 3636 petram
1765 3564 2133 3635 contingeret.

559 3667 750 3723 Pullus
791 3663 961 3719 asina:
1016 3661 1306 3718 deferebat
1327 3675 1484 3725 eum,
1534 3675 1563 3713 a
1631 3657 1853 3713 nemine
1893 3671 2136 3728 unquam

559 3756 782 3813 homine
809 3767 1185 3811 conscensus:
1215 3751 1271 3807 id
1297 3749 1444 3821 quod
1479 3764 1581 3821 ego
1609 3748 1832 3820 quidem
1856 3748 2135 3812 existimo,

561 3847 875 3922 symbolum
924 3842 1327 3900 benevolentiae
1377 3855 1507 3913 erga
1561 3840 1890 3914 Symeonem
1931 3839 2138 3896 Christi

561 3935 779 3994 Domini
814 3933 1005 3999 fuisse,
1057 3947 1275 3988 necnon
1307 3931 1725 3999 miraculorum,
1777 3945 1901 4002 quas
1928 3930 2021 3987 ille
2052 3931 2140 3985 in-

562 4040 648 4086 ter
688 4026 1005 4085 adeundum
1050 4033 1292 4080 montem
1346 4024 1554 4079 virtute
1603 4023 1770 4094 hujus
1823 4032 2142 4093 patraturus

563 4131 683 4179 erat
715 4142 728 4178 :
761 4121 852 4176 illa
883 4119 1034 4175 enim
1065 4117 1343 4183 de‘causa,
1381 4125 1440 4172 et
1492 4117 1644 4187 pullo
1693 4115 1861 4170 asinae
1913 4113 2138 4179 insedit,

570 4217 647 4270 uti
696 4212 960 4270 Christus
998 4209 1375 4276 Hierosolyma
1440 4206 1786 4278 ingrediens;
1851 4215 1912 4262 et
1943 4207 2143 4262 similis

571 4306 804 4360 Domino
832 4305 1050 4372 (loquar
1081 4302 1234 4356 enim
1279 4301 1494 4354 tametsi
1550 4300 1740 4355 audax
1797 4299 2010 4373 videar)
2040 4299 2140 4354 ha-

572 4397 690 4453 beri
721 4396 956 4451 meritus
977 4404 1084 4449 est.

644 4488 733 4542 7i.
790 4485 1110 4540 Morabatur
1165 4481 1314 4538 haud
1371 4483 1564 4553 procul
1617 4499 1648 4538 a
1695 4480 2030 4538 monasterio
2057 4480 2144 4534 vir

2240 3291 2400 3363 μενός
2424 3307 2487 3345 τε
2527 3290 2733 3353 αὐτοῖς,
2781 3287 2875 3341 καὶ
2919 3283 3040 3356 Θεῷ
3075 3283 3476 3356 παραθέμενος,
3505 3277 3604 3332 τοῦ
3641 3277 3818 3338 κίονος

2235 3383 2591 3449 κάτεισι,.καὶ
2617 3382 2716 3451 τῆς
2745 3379 2839 3434 ἐπὶ
2867 3378 2968 3450 τὴν
3005 3376 3254 3448 κορυφὴν
3298 3375 3392 3428 τοῦ
3431 3373 3590 3443 ὅρους
3619 3370 3816 3442 φερού-

2238 3493 2338 3548 σης
2379 3474 2633 3539 ἅπτεται,
2661 3472 2841 3545 ὁδηγῷ
2865 3474 2932 3543 τῇ
2966 3470 3200 3541 φανείσῃ
3231 3465 3510 3539 χρώμενος
3549 3463 3700 3533 ὄψει,
3729 3462 3817 3515 καὶ

2237 3568 2336 3640 τὴν
2365 3568 2577 3638 πέτραν
2603 3565 2827 3636 εκείνην
2856 3561 3190 3618 καταλαϐεῖν
3219 3559 3596 3628 ἐπειγόμενος.
3630 3554 3817 3616 anno;

2242 3657 2343 3729 μὲν
2369 3653 2463 3712 οὖν
2489 3652 2626 3727 ἦγεν
2655 3653 2840 3719 αὐτὸν,
2868 3651 2953 3720 ἐφ’
2973 3649 3033 3702 δν
3062 3649 3238 3711 οὐδεὶς
3262 3645 3566 3718 ἀνθρώπων
3595 3640 3816 3696 ἐκάθισε

2237 3748 2484 3812 πώποτε,
2521 3750 2624 3820 τῆς
2662 3745 2758 3800 τοῦ
2809 3745 3068 3814 ὀφθέντος
3105 3740 3356 3803 εὐδοκίας
3389 3731 3540 3807 οἶμαι
3579 3731 3817 3805 Χριστοῦ

2237 3843 2336 3897 καὶ
2365 3840 2527 3896 τοῦτο
2559 3837 2831 3909 σύμϐολον
2858 3837 2954 3891 καὶ
2982 3834 3092 3888 τῶν
3118 3830 3386 3904 σημείων,
3425 3823 3500 3884 ὧν
3522 3825 3820 3881 ἐπιϐαίνων

2239 3934 2335 3990 τοῦ
2355 3934 2518 4006 ὅρους
2552 3936 2581 3987 ό
2609 3931 2837 4003 Συμεὼν
2867 3929 3148 4001 ἔμελλετῇ
3180 3923 3345 3982 αὐτοῦ
3368 3922 3594 3992 δυνάμει
3621 3920 3816 3973 ποιεῖν.

2235 4029 2354 4083 Καὶ
2393 4024 2484 4080 διὰ
2525 4023 2686 4080 τοῦτο
2714 4023 2810 4077 καὶ
2847 4020 3013 4085 αὐτὸς
3049 4019 3145 4074 ἐπὶ
3184 4016 3368 4072 πώλου
3401 4013 3726 4086 φερόμενος,
3751 4010 3820 4072 ὡς

2231 4119 2338 4175 {nl
2384 4119 2485 4190 τὴν
2522 4115 2877 4188 Ἰερουσαλὴμ
2922 4114 3150 4180 ἐκεῖνος,
3197 4111 3294 4166 καὶ
3325 4107 3601 4180 ὁμοιότητι
3626 4103 3820 4176 (φθέγ-

2233 4215 2406 4285 ¹ξιιμαι
2445 4212 2576 4287 γὰρ,
2603 4214 2660 4267 λεί
2689 4211 2786 4267 καὶ
2817 4207 3115 4282 τολμηρὸν)
3145 4205 3242 4261 τοῦ
3273 4203 3540 4258 Δεσπότου
3589 4213 3820 4269 τετιμην

2244 4307 2428 4370 μένος.

2318 4488 2417 4543 oat'.
2451 4485 2560 4541 Ἶιν
2590 4486 2647 4540 δέ
2705 4503 2786 4549 τις
2837 4483 2978 4537 κατᾶ
3033 4481 3131 4551 τὴν
3195 4477 3362 4550 μονὴν
3409 4474 3683 4543 ἀκινήτως
3730 4468 3819 4523 τοῦ

572 4578 798 4652 quidam
820 4577 970 4632 omni
993 4575 1194 4647 pedum
1215 4584 1367 4630 motu
1399 4575 1720 4639 destitutus,
1767 4573 2131 4644 membr-isque

2248 4581 2409 4643 ποδὸς
2462 4579 2625 4651 ἔχων,
2687 4578 2782 4631 καὶ
2831 4573 3020 4630 τοῦτον
3074 4571 3320 4643 ἐσχάτως
3373 4565 3777 4637 πεπηρωμένος
3801 4577 3813 4589 ·

573 4672 776 4726 misere
833 4669 1088 4732 mutilus;
1139 4668 1398 4723 omnibus
1461 4677 1671 4732 autem,
1738 4666 1834 4737 qui
1892 4674 2144 4722 sanctum

571 4763 820 4828 adibant,
871 4771 927 4817 et
976 4770 1405 4831 quantacunque
1449 4759 1765 4815 infirmitate
1812 4757 2148 4813 afﬂictaban-

575 4867 686 4922 tur,
725 4854 956 4910 salutem
1012 4852 1444 4922 reportantibus,
1504 4852 1642 4908 huic
1687 4852 1781 4906 uni
1833 4849 2147 4906 adhibenda

575 4945 880 5010 sanationis
929 4943 1173 4999 remedia
1212 4942 1420 5015 (nescio
1475 4960 1609 5000 sane
1661 4959 1827 5014 quam
1879 4943 1953 4998 ob
2007 4958 2146 5008 rem,

578 5037 687 5094 nisi
716 5037 953 5109 quadam
992 5037 1210 5093 occulta
1245 5045 1302 5092 et
1349 5036 1720 5108 inexplicabili
1761 5033 2146 5105 dispositione)

575 5130 725 5186 lenta
778 5137 936 5184 erant
977 5139 1034 5184 et
1077 5128 1498 5184 differebantur.
1533 5128 1623 5184 Sic
1675 5128 1842 5199 igitur
1896 5127 1952 5181 in
2004 5127 2152 5180 hunc

579 5233 754 5292 usque
780 5219 922 5275 diem
948 5219 1386 5291 procrastinatus
1417 5221 1528 5286 ille,
1550 5230 1759 5285 saneto,
1783 5228 1908 5290 post
1923 5219 2151 5275 descen-

578 5325 700 5366 sum
733 5323 764 5364 e
791 5309 1067 5374 columna,
1102 5309 1350 5376 sistitur;
1380 5311 1539 5381 cujus
1562 5311 1810 5380 jubentis
1850 5310 1917 5364 ad
1965 5325 2153 5380 preces

577 5411 635 5457 et
663 5400 844 5456 crucis
872 5398 1113 5471 signum,
1176 5407 1500 5455 consuetam
1550 5415 1748 5469 nempe
1800 5401 2150 5462 medicinam,

585 5491 658 5545 ita
685 5489 1075 5545 corroboratus
1103 5497 1208 5554 est,
1233 5495 1294 5542 ut
1326 5489 1509 5543 statim
1548 5488 1717 5544 veloci
1741 5488 1876 5558 pede
1903 5496 2152 5544 sanctum

585 5581 1018 5650 praecucurrerit,
1055 5597 1114 5636 re
1145 5582 1329 5650 potius
1377 5596 1540 5649 quam
1585 5581 1766 5636 verbis
1811 5581 2150 5635 curationem

582 5691 736 5730 suam
781 5675 1069 5729 extollens.
1125 5672 1373 5742 Cumque
1430 5672 1572 5726 haud
1639 5674 1829 5744 procul
1871 5689 1902 5727 a
1954 5673 2157 5726 montis

585 5766 789 5819 vertice
821 5765 1038 5820 abesset
1063 5764 1319 5833 Symeon,
1352 5764 1689 5820 descendite
1717 5765 1867 5835 pullo
1919 5774 1975 5818 et
2028 5779 2158 5833 pre-

587 5857 788 5912 cationi
845 5872 903 5912 se
956 5855 1139 5920 dedit;
1183 5872 1288 5925 qua
1347 5857 1520 5922 ﬁnita,
1580 5858 1773 5929 ingens
1834 5857 2156 5928 angelorum

2251 4672 2472 4725 πάντων
2501 4670 2682 4724 τοίνυν
2714 4670 2828 4722 ὅσοι
2858 4666 2936 4737 τῷ
2971 4665 3138 4734 ’Δγίῳ
3169 4662 3470 4734 προσίεσαν
3526 4654 3820 4726 θεραπείαν

2245 4761 2608 4831 ἀξιουμένων,
2630 4760 2738 4828 ὅσῳ
2764 4757 2971 4826 δήποτε
3000 4754 3207 4808 τούτων
3232 4753 3460 4813 ἕκαστος
3491 4747 3656 4801 πάθει
3693 4763 3819 4799 κατ-

2250 4853 2452 4922 είχετο,
2475 4850 2561 4904 ἐπ’
2591 4850 2740 4919 αὐτῷ
2765 4848 2920 4920 μόνῳ
2943 4849 3009 4900 τὰ
3028 4846 3128 4916 τῆς
3153 4845 3374 4908 ἰάσεως,
3399 4841 3523 4913 (οὐκ
3539 4837 3640 4894 οἷδ’
3657 4840 3814 4899 ὅπως.

2251 4941 2284 5012 ἢ
2321 4940 2502 5008 λόγοις
2532 4938 2848 5008 ἀπορρήτου
2887 4936 3105 4999 πάντως
3157 4929 3499 5002 οἰκονομίας)
3535 4929 3701 4983 ώκνει
3738 4928 3819 4980 καὶ

2245 5029 2596 5085 ἀνεϐάλλετο.
2628 5020 2796 5090 Οὗτος
2848 5025 3138 5096 τοιγαροῦν
3168 5027 3249 5088 είς
3275 5023 3437 5092 δεῦρο
3487 5021 3818 5092 ταμιευθεὶς,

2255 5121 2595 5192 προσάγεται
2629 5118 2708 5190 τῷ
2753 5118 2916 5189 ’Δγίῳ
2950 5118 3087 5188 μετά
3119 5117 3216 5188 τὴν
3247 5117 3312 5169 ὲκ
3345 5113 3440 5168 τοῦ
3473 5113 3657 5176 κίονος
3703 5111 3818 5165 κάθα

2255 5215 2396 5280 οδον,
2418 5213 2630 5267 ἐκείνου
2661 5210 3038 5274 κελεύσαντος,
3080 5209 3212 5280 εὐχῇ
3239 5225 3299 5261 τε
3323 5208 3418 5260 καὶ
3446 5206 3730 5275 σφραγῖδι,
3755 5200 3821 5269 τῷ

2259 5305 2478 5378 συνήθει
2541 5302 2842 5375 φαρμάκῳ,
2875 5300 3163 5374 ῥώννυται,
3192 5299 3251 5362 ὃς
3284 5298 3380 5352 καὶ
3424 5297 3709 5368 δρομαίως
3749 5296 3823 5346 εὐ·

2256 5399 2350 5460 θὺς
2384 5394 2450 5468 ἧν
2480 5396 2573 5450 τοῦ
2607 5396 2792 5464 Ἀγίου
2827 5393 3300 5466 προπορευόμενος
3326 5433 3342 5455 ,
3373 5391 3669 5459 πράγμασι
3705 5385 3826 5458 μᾶλ-

2257 5489 2400 5560 λονῆ
2427 5489 2633 5560 ῥήμασι
2676 5486 2994 5558 μεγαλύνων
3024 5487 3123 5549 τὰς
3175 5483 3370 5538 ἑαυτοῦ
3418 5479 3718 5552 σωτηρίας.
3777 5477 3826 5527 Ὁ

2261 5583 2442 5651 μέντοι
2475 5580 2698 5650 Συμεὼν
2724 5582 2811 5634 ότε
2840 5578 2905 5632 δι’
2934 5578 3120 5646 ὀλίγου
3148 5578 3248 5646 τῆς
3277 5575 3525 5646 κορυφῆς
3556 5571 3653 5626 τοῦ
3681 5572 3825 5641 ὅρους

2260 5675 2494 5741 γεγόνει,
2523 5674 2734 5736 ἀποϐὰς
2795 5672 2888 5725 τοῦ
2951 5670 3130 5724 πώλου
3196 5667 3567 5737 προσηύξατο,
3598 5666 3696 5717 καὶ
3739 5661 3823 5725 τῆς

2260 5767 2410 5829 τέλος
2440 5767 2538 5836 ἢδη
2588 5765 2879 5835 λαϐούσης,
2907 5763 3095 5817 ἀκούει
3131 5762 3392 5830 στρατιᾶς
3444 5759 3722 5826 Ἀγγὲλων
3775 5758 3825 5802 τι

2277 5859 2450 5927 Ἀμὴν
2511 5859 2862 5928 ἑπειπούσης.
2899 5857 3136 5924 Σταυρδς
3184 5855 3240 5907 δὲ
3293 5852 3496 5914 λίθινος
3529 5850 3717 5919 ἐπέχει
3748 5846 3823 5897 τὸν
