3988 6538
649 441 794 512 3055
1859 446 1922 506 S.
1961 445 2340 508 SYMEONIS
2377 447 2739 510 JUNIORIS

655 567 768 624 imo
789 563 1171 621 admirabilius
1193 562 1457 620 omnibus
1483 571 1572 620 est
1596 580 1611 618 :
1635 579 1833 635 nempe
1854 565 2004 635 quod
2028 564 2215 620 exindt

2335 569 2416 630 ei;
2471 568 2571 637 τὴν
2626 566 2724 622 τοῦ
2768 567 2952 636 Ἀγίου
3005 567 3250 640 μάνδραν
3290 567 3516 640 ἐτησίως
3556 569 3736 640 ἐφοίτα,
3764 582 3841 648 πρὸ

650 658 812 715 statis
839 671 940 728 per
971 671 1175 712 annum
1211 655 1559 726 temporibus
1593 655 1754 712 solita
1797 654 1968 711 fuerit
2001 654 2118 712 fera
2160 656 2215 711 ac‘

2341 660 2526 714 πυλῶν
2556 677 2616 712 τε
2640 660 2810 731 αὐτῆς
2839 659 3042 724 ἱκανῶς
3067 660 3401 732 ὠρυόμενος,
3433 664 3523 714 καὶ
3549 664 3611 716 τὰ
3641 666 3722 736 τῆς
3740 669 3838 724 ὑπο-

649 747 828 804 sancti
877 745 1165 800 mandram
1194 745 1405 811 venire,
1442 751 1683 815 aptaque
1728 760 1831 815 pro
1859 745 2076 800 foribus
2099 760 2215 800 von

2336 749 2515 820 ταγῆς
2569 743 2684 804 οἷον
2731 750 3045 813 ἐπιδεικνὺς
3098 749 3312 806 ἐκεῖθεν
3364 753 3456 803 καὶ
3492 752 3680 823 ἥμερος
3713 758 3775 820 εις
3793 762 3843 813 τὰ

3735 460 3839 526 3056

649 840 796 896 edita
849 839 1279 896 submissionem
1307 852 1373 892 ac
1418 836 1790 892 obedientiam
1829 836 2234 906 quodammodo

651 931 968 998 testiﬁcari,
1034 941 1152 989 tum
1205 929 1332 986 inde
1365 930 1515 986 mitis
1548 940 1604 984 et
1638 928 1938 985 tractabilis
1988 928 2054 983 ad
2105 944 2236 998 pro-

650 1024 832 1094 prium
889 1023 1233 1080 domicilium
1281 1018 1499 1089 redire,
1551 1031 1608 1077 et
1651 1022 1696 1078 si
1735 1038 1875 1092 quos
1936 1021 2080 1078 forte
2134 1037 2234 1093 per

2339 844 2516 898 οίκεῖα
2537 843 2699 897 πάλιν
2725 842 2826 914 ἤδη
2851 841 3068 914 ἐχώρει,
3087 841 3142 894 εί
3156 859 3259 896 που
3282 843 3423 896 τισὶν
3444 844 3543 898 ἀνὰ
3569 844 3656 917 τὴν
3671 847 3766 902 όδὸν
3784 844 3843 904 ἐν.

2339 936 2514 1009 τύχοι,
2543 935 2682 991 αἰδοῖ
2705 936 2870 990 εῐκων
2891 934 2986 1010 καὶ
3017 935 3190 1006 αὐτῆς
3225 934 3588 1006 ἐξιστάμενος.

648 1117 793 1173 viam
847 1116 1044 1172 obvios
1076 1115 1336 1180 habebat,
1395 1130 1522 1171 cum
1573 1113 1950 1169 venerationis
1976 1115 2134 1185 signo
2161 1113 2232 1170 de
2271 1113 2365 1169 illa
2400 1110 2691 1168 decedere.

718 1211 810 1267 74.
840 1211 1055 1266 Interea
1089 1209 1357 1280 pestilens
1391 1207 1503 1280 (l6)
1536 1209 1764 1264 morbus
1788 1208 2042 1264 homines
2069 1207 2224 1265 inva-

648 1310 816 1364 serat,
841 1301 935 1372 qui
973 1301 1160 1364 urbes,
1183 1315 1363 1372 agros,
1398 1314 1564 1371 pagos
1595 1299 1868 1364 inliciens,
1901 1309 2225 1370 praesentem

651 1393 758 1450 illis
776 1391 1045 1448 afferebat
1062 1391 1384 1461 perniciem,
1406 1399 1691 1458 artemque
1708 1405 1926 1445 omnem
1945 1391 2225 1446 eludebat.

647 1483 915 1557 Cognovit
938 1483 1034 1538 Dei
1067 1482 1325 1547 famulus,
1355 1481 1502 1552 quod
1529 1482 1800 1537 Dominus
1831 1482 2098 1538 adversus
2125 1497 2226 1553 po-

649 1576 838 1647 pulum
863 1591 1024 1632 suum
1053 1574 1131 1630 ira
1156 1589 1457 1631 succensus
1483 1582 1631 1629 esset
1657 1591 1671 1628 :
1697 1582 1987 1646 tactusque
2011 1575 2230 1630 misera-

647 1667 796 1722 tione
812 1681 1025 1731 eorum,
1051 1665 1364 1737 exemplum
1395 1663 1634 1720 Phinees
1662 1664 1750 1735 (I7
1754 1664 1778 1734 )
1799 1663 2002 1719 imitari
2024 1665 2231 1720 consti-

634 1761 787 1827 tuit;
831 1774 896 1815 ac
926 1758 1202 1829 supplices
1231 1773 1329 1813 seu
1367 1757 1552 1828 potius
1580 1756 1992 1827 propitiatorias
2033 1771 2231 1813 manus

2403 1206 2494 1264 05'.
2530 1209 2620 1262 Ἐν
2651 1207 2827 1278 τούτῳ
2875 1206 2935 1261 δέ
2965 1205 3223 1276 λοιμικῆς
3255 1204 3412 1259 νόσου
3459 1207 3568 1270 τοῖς
3604 1207 3843 1282 ἀνθρώποις

2330 1301 2740 1372 ἐπισκηψάσης,
2773 1298 2956 1363 πόλεις
2987 1316 3048 1352 τε
3089 1299 3186 1353 καὶ
3208 1299 3412 1370 ἀγροὺς
3435 1299 3527 1352 καὶ
3550 1300 3716 1373 κώμας
3738 1304 3846 1374 φθει.

2332 1392 2535 1464 ρούσης
2561 1392 2804 1463 ἀτέχνως
2828 1390 2925 1446 καὶ
2954 1390 3382 1462 λυμαινομένης,
3415 1392 3574 1460 γνοὺς
3592 1393 3620 1446 ό
3645 1393 3726 1448 τοῦ
3748 1384 3845 1450 Θεοῦ

2331 1485 2588 1557 Θεράπων
2615 1485 2698 1540 ὅτι
2729 1483 2978 1556 ὠργίσθη
3005 1483 3167 1555 θυμῷ
3189 1483 3394 1556 Κύριος
3423 1485 3515 1538 ἐπὶ
3542 1485 3628 1538 τὸν
3649 1485 3756 1541 λαὸν
3774 1491 3848 1544 αὺ-

2330 1578 2451 1645 τοῦ,
2473 1579 2546 1634 τά.
2567 1595 2628 1633 τε
2659 1579 2947 1650 σπλάγχνα
2969 1577 3159 1633 παθὼν
3198 1579 3285 1632 ἐπ’
3314 1579 3522 1645 αὐτοῖς,
3548 1582 3761 1650 μιμεῖται
3781 1584 3847 1635 τὸν

2331 1672 2514 1737 Φινεὲς
2547 1671 2642 1726 καὶ
2671 1671 2857 1738 αὐτὸς,
2883 1671 2978 1726 καὶ
3001 1672 3190 1743 χεῖρας
3223 1671 3553 1744 ίκετηρίους,
3581 1675 3626 1725 εί
3651 1672 3848 1742 βούλοιδὲ

2334 1763 2707 1835 ίλαστηρίους,
2741 1763 2988 1826 ἐκτείνας
3003 1762 3145 1832 Θεῷ,
3168 1761 3331 1834 μέχρι
3356 1760 3548 1816 τούτου
3574 1763 3638 1817 τὰ
3655 1763 3738 1834 τῆς
3750 1767 3848 1836 πλης

645 1852 713 1910 ad
748 1853 919 1907 Deum
953 1850 1207 1917 tetendit,
1231 1849 1409 1906 donec
1429 1850 1575 1904 luem
1607 1857 1949 1920 grassantem
1980 1849 2215 1914 sisteret,

2329 1856 2434 1928 γῆς
2460 1857 2663 1927 ἵστησι,
2691 1855 2889 1927 μηκέτι
2919 1854 3232 1927 περαιτέρω
3255 1853 3462 1925 ταύτην
3495 1853 3695 1909 ὁδεῦσαι
3719 1875 3848 1928 παρα.

643 1951 700 1999 et
724 1941 981 2014 progredi
1012 1941 1246 1997 ulterius
1270 1940 1610 2012 prohiberet.
1630 1938 1746 2005 Qua
1777 1939 1834 1994 in
1865 1954 2057 1995 re-non
2089 1939 2226 1995 illud

645 2040 858 2087 tantum
909 2030 1275 2086 admiratione
1333 2029 1585 2101 dignum,
1619 2028 1768 2099 quod
1817 2029 2035 2085 obicem
2083 2031 2228 2086 malo

644 2122 922 2194 posuerit;
954 2121 1048 2177 sed
1086 2120 1220 2176 illud
1265 2135 1486 2191 quoque
1513 2119 1601 2175 vel
1647 2120 1905 2186 maxime,
1940 2119 2092 2191 quod
2145 2119 2226 2175 illi

641 2214 807 2270 etiam
869 2214 996 2269 data
1055 2213 1129 2269 sit
1185 2212 1363 2285 gratia
1417 2211 1662 2267 curandi
1691 2219 1996 2269 contactos.
2069 2212 2224 2268 Multi

642 2314 846 2384 quippe
895 2328 963 2368 ex
997 2311 1092 2367 illo
1135 2320 1384 2382 tempore
1413 2309 1686 2381 ejusmodi
1729 2309 1925 2365 morbo
1957 2309 2222 2380 correpti,

644 2407 899 2462 invocato
912 2404 1089 2461 sancti
1111 2403 1397 2476 Symeonis
1427 2403 1669 2467 nomine,
1687 2391 2022 2458 videb'antur
2043 2401 2224 2472 ipsum

643 2495 794 2552 domi
825 2510 938 2552 sua:
959 2490 1699 2559 intueri,velutalferentem
1730 2491 1843 2562 (res
1862 2491 2056 2562 mira!)
2076 2506 2223 2547 mor-

643 2587 792 2642 bidis
833 2585 1104 2642 medelam
1143 2598 1210 2640 ac
1250 2582 1563 2639 sanitatem.
1601 2581 1672 2637 Et
1697 2595 1833 2637 vero
1861 2581 2004 2636 visio
2041 2581 2224 2652 reipsa

641 2679 948 2744 constabat,
978 2691 1043 2733 ac
1061 2677 1266 2732 veritas
1281 2673 1825 2746 repraesentationem
1847 2674 2051 2730 mentis
2073 2688 2224 2729 com-

642 2772 945 2845 probabat,
993 2769 1146 2826 omni
1177 2758 1522 2824 infirmitatis
1547 2767 1811 2838 languore
1835 2781 1868 2822 a
1897 2766 2223 2838 corporibus

640 2863 894 2936 depulso.
926 2861 1082 2917 Multi
1113 2875 1335 2933 quoque
1366 2858 1492 2915 aliis
1519 2865 1687 2928 atque
1716 2857 1841 2914 aliis
1871 2858 2220 2929 agritudini-

639 2957 746 3013 bus
798 2954 1195 3024 doloribusque
1245 2953 1465 3025 pressi,
1508 2952 1735 3008 lucerna
1797 2951 1945 3006 domi
1991 2966 2222 3007 accensa

638 3047 935 3117 oblatoque
991 3043 1350 3117 thymiamate
1377 3083 1393 3109 ,
1455 3042 1553 3098 Dei
1616 3057 1717 3113 per
1771 3040 2220 3097 intercessionem

637 3138 826 3195 famuli
844 3137 964 3209 ejus
983 3151 1143 3208 opem
1163 3135 1490 3207 poscebant,
1515 3143 1572 3190 et
1595 3133 1884 3189 doloribus
1902 3132 2221 3188 eximeban-

639 3238 751 3286 tur.
787 3228 1070 3299 Quotquot
1094 3243 1228 3284 vero
1253 3227 1361 3282 olei
1398 3225 1726 3282 laborabant
1752 3224 2008 3295 penuria,
2035 3223 2218 3278 tantil-

637 3321 753 3378 lum
776 3321 910 3392 quid
932 3321 1038 3377 sibi
1061 3327 1468 3391 comparantes,
1496 3317 1875 3375 accendebant
1908 3317 2213 3387 lampadem

638 3416 696 3473 in
724 3416 900 3473 sancti
931 3414 1178 3480 nomine,
1211 3421 1268 3470 et
1298 3413 1484 3469 triduo
1517 3411 1883 3481 consequenti
1929 3419 2026 3465 aut
2048 3409 2216 3465 etiam

635 3511 932 3583 quatriduo
964 3511 1292 3581 plerumque
1321 3508 1510 3580 (quam
1546 3505 1896 3561 admirabilis
1925 3505 1983 3559 in
2011 3503 2217 3560 sanctis

635 3600 752 3657 suis
779 3601 980 3669 Deus!)
1010 3600 1197 3654 lumen
1243 3613 1355 3652 non
1383 3595 1880 3667 exstinguebatur:
1915 3595 2063 3666 quod
2108 3595 2215 3649 mi-

638 3693 950 3749 raculosum
992 3688 1626 3759 beneficiumii,quibus
1662 3688 1960 3759 obtigerat,
1990 3685 2060 3741 ad
2081 3701 2207 3742 san-

635 3793 785 3841 ctum
817 3802 942 3842 mox
973 3785 1265 3850 abeuntes,
1296 3782 1720 3838 annuntiabant.

2328 1949 2609 2021 χωρήσας.
2643 1947 2756 2002 Καὶ
2798 1948 2860 2002 ού
2890 1945 3046 2001 τοῦτο
3080 1945 3242 2018 μόνον
3284 1946 3560 2018 θαυμάσαι
3589 1947 3739 2014 ἄξιον,
3763 1949 3849 2002 ἀλλ’

2327 2040 2410 2094 δτι
2443 2043 2538 2094 καὶ
2571 2039 2642 2094 τὰ
2671 2039 2770 2111 τῆς
2803 2037 2999 2103 ἰάσεως
3038 2036 3189 2110 αύτῷ
3222 2037 3438 2092 δέδοτοο
3482 2037 3658 2094 πολλοὶ
3686 2041 3775 2113 γὰρ
3805 2043 3847 2109 ἐξ

2327 2133 2537 2185 ἐκείνου
2563 2130 2670 2184 τῶν
2700 2129 2807 2185 ύπδ
2833 2129 2936 2200 τῆς
2955 2128 3215 2200 τοιαύτης
3243 2128 3401 2184 νόσου
3432 2129 3843 2201 κατειλημμένων,

2324 2223 2388 2278 τὸ
2414 2223 2509 2276 τοῦ
2547 2221 2692 2276 θείου
2740 2219 2965 2293 Συμεὼν
2996 2219 3422 2292 ἐπικαλούμενοι
3454 2220 3644 2292 ὄνομα,
3676 2222 3842 2276 ἐδόκουν

2324 2311 2474 2369 οἶκον
2503 2312 2690 2368 τοῦτον
2743 2314 2877 2386 όρᾷν
2903 2312 2983 2386 (ὣ
3007 2313 3102 2367 τοῦ
3131 2311 3483 2385 θαύματοςι)
3513 2316 3843 2386 ἐπισκεπτόμε.

2327 2424 2418 2462 νον
2447 2408 2638 2479 ὥσπερ
2667 2407 2762 2462 καὶ
2789 2407 2888 2478 τὴν
2910 2406 3063 2462 νόσον
3091 2407 3276 2471 αὐτοῖς
3315 2405 3680 2477 θεραπεύοντα
3699 2425 3712 2440 ο
3732 2409 3841 2477 καὶὴ

2324 2501 2448 2572 ὄψις
2477 2499 2638 2572 ἔργον
2659 2495 2747 2571 ἦν,
2775 2500 2870 2553 καὶ
2899 2499 2999 2570 τὴν
3028 2497 3329 2567 φαντασίαν
3358 2497 3589 2570 ἀλήθεια
3619 2499 3841 2570 διεδέχετο,

2324 2592 2421 2645 καὶ
2451 2590 2550 2662 τὴν
2574 2590 2730 2646 νόσον
2769 2588 2932 2651 εὐθὺς
2971 2587 3311 2642 ἀπετίθεντο.
3357 2589 3552 2641 Πολλοὶ
3577 2589 3632 2642 δὲ
3667 2590 3843 2642 καὶτῶν

2325 2681 2534 2754 ἑτέροις
2566 2679 2765 2735 πάθεσι
2804 2681 2897 2734 καὶ
2934 2680 3112 2743 νόσοις
3147 2679 3517 2749 ἐταζομένων,
3541 2679 3743 2750 λυχνίαν
3757 2680 3844 2734 κατ’

2323 2772 2470 2829 οἶκον
2501 2774 2784 2837 ἆπτοντες,
2823 2771 3077 2842 θυμίαμά
3103 2788 3163 2826 τε
3184 2769 3611 2842 προσφέροντες,
3632 2771 3713 2825 διὰ
3735 2772 3846 2842 psci-

2321 2885 2418 2922 του
2465 2867 2554 2920 τὸν
2594 2865 2728 2919 Θεὸν
2768 2865 2861 2919 τοῦ
2897 2865 3101 2920 οἰκείου
3144 2863 3481 2936 θεράποντος
3524 2864 3848 2930 ἐπεκαλοῦντο,
3944 2937 3945 2950 χ

2323 2961 2419 3014 καὶ
2448 2959 2543 3013 τοῦ
2577 2958 2877 3023 λυποῦντος
2939 2958 3172 3021 ἕκαστος
3205 2957 3615 3028 ἀπηλλάττετο·
3655 2959 3776 3021 ὅσοις
3808 2959 3848 3011 δὲ

2325 3053 2425 3124 μὲν
2465 3052 2763 3124 ἀρκοῦντος
2817 3053 2850 3122 ἡ
2908 3052 3030 3122 χεὶρ
3075 3049 3258 3104 ἐλαίου
3292 3049 3514 3122 ἠπόρει,
3554 3049 3709 3122 βραχὺ
3737 3049 3782 3103 δέ
3812 3068 3849 3102 τι

2323 3144 2638 3215 πορίζοντες
2687 3144 2919 3208 ἑαυτοῖς,
2953 3142 3174 3212 λυχνίαν
3209 3141 3298 3195 ἐπ’
3331 3142 3562 3213 ὀνόματι
3583 3140 3668 3195 τοῦ
3710 3141 3848 3208 ’Δγίω

2321 3234 2514 3312 ἦπτον,
2554 3239 2633 3301 είς
2657 3237 2848 3309 τρίτην
2877 3237 3003 3305 ἑξῆς
3033 3235 3270 3306 ἡμέραν,
3295 3235 3328 3306 ἢ
3359 3236 3456 3288 καὶ
3484 3236 3731 3306 τετάρτην
3745 3234 3847 3303 αὐτῇ

2323 3332 2392 3386 τὰ
2423 3329 2590 3384 πολλὰ
2615 3329 2711 3400 (ὡς
2740 3326 3052 3398 θαυμαστὸς
3097 3329 3127 3380 ό
3177 3326 3312 3390 Θεὸς
3345 3328 3406 3380 ἐν
3426 3330 3539 3391 τοῖς
3569 3327 3747 3396 Ἀγίοις
3774 3328 3843 3380 αὐ-

2323 3421 2418 3476 τοῦ
2443 3419 2498 3489 i)
2529 3419 2592 3473 τὸ
2618 3418 2733 3488 φῶς
2768 3419 2870 3471 οὒκ
2901 3416 3208 3470 ἐσϐέννυτο·
3243 3416 3386 3486 ἅπερ
3407 3416 3458 3469 oi
3482 3417 3587 3470 τῶν
3609 3415 3846 3487 θαυμάτων

2323 3514 2687 3576 ἀπολαύοντες
2719 3510 2949 3578 τούτων,
2992 3511 3144 3584 παρὰ
3180 3511 3274 3565 τὸν
3315 3511 3511 3581 Ἀγιον
3541 3509 3692 3577 εὐθὺς
3714 3511 3844 3564 ἀνιόν-

2322 3627 2410 3674 τες
2433 3604 2796 3677 ἀπήγγελλον.

2082 3896 2306 3951 CAPUT
2345 3894 2411 3948 Χ.

845 4019 1217 4076 Praedictiones
1247 4020 1429 4084 variaz,
1457 4017 1660 4088 inﬁrmi
1691 4019 1754 4072 ab
1779 4017 1978 4089 augetis
2009 4015 2078 4069 ad
2115 4024 2355 4069 sanctum
2381 4011 2691 4083 Symeonem
2723 4008 2908 4074 missi;
2937 4009 3293 4062 misericordia
3315 4009 3370 4062 in
3402 4023 3672 4080 pauperes.

703 4135 792 4190 75.
827 4132 1161 4189 Convocatis
1189 4132 1486 4202 aliquando
1523 4133 1628 4188 sub
1654 4131 1888 4203 hymnos
1912 4129 2212 4187 matutinos

631 4224 896 4280 fratribus
913 4241 926 4278 :
942 4222 1202 4289 Oremus,
1224 4223 1428 4293 inquit,
1457 4222 1678 4289 fratres,
1701 4239 1802 4292 pro
1823 4222 2068 4277 Ecclesia
2082 4221 2207 4276 Dei:

632 4316 879 4387 pontifex
927 4315 1132 4386 quippe
1163 4314 1314 4369 illius
1351 4314 1698 4383 Ephraemius
1732 4313 1850 4385 (l8)
1890 4329 2209 4383 supremum

629 4407 775 4463 diem
808 4407 1068 4463 obiturus
1095 4416 1183 4462 est
1222 4423 1236 4460 :
1281 4423 1408 4462 nam
1438 4407 1550 4461 vidi
1579 4423 1682 4478 ego
1713 4422 1801 4461 me
1834 4407 1951 4478 ipse
2005 4407 2060 4462 in
2100 4406 2212 4477 spi-

2384 4135 2477 4182 oe'.
2537 4127 2675 4180 Ποτέ
2727 4125 2857 4194 γοῦν
2903 4126 3031 4196 περὶ
3069 4126 3195 4188 τοὺς
3245 4125 3507 4190 ἑωθινοὺς
3545 4125 3728 4195 ὕμνους
3749 4121 3841 4184 τοὺς

2313 4217 2576 4286 ἀδελφοὺς
2607 4217 2970 4285 συγκαλέσαςο
3018 4214 3484 4286 Προσευξὼμεθα,
3528 4217 3698 4287 φησὶν,
3728 4214 3838 4268 ἀδελ·

2315 4311 2427 4379 φοὶ,
2473 4310 2602 4380 περὶ
2644 4309 2741 4379 τῆς
2792 4308 2884 4362 τοῦ
2922 4306 3057 4361 Θεοῦ
3104 4308 3470 4381 Ἑκκλησίαςο
3506 4309 3679 4380 μέλλει
3710 4306 3838 4376 γάρό

2313 4401 2516 4472 ταύτης
2561 4400 2853 4472 ἀρχιερεὺς
2922 4400 3243 4471 Ἐιρραίμιος
3321 4401 3616 4456 καταλύειν
3658 4401 3744 4473 ήδη
3774 4399 3837 4452 τὸν

631 4498 741 4554 ritu
787 4507 1022 4554 stantem
1067 4499 1135 4553 ad
1167 4507 1333 4568 caput
1363 4501 1514 4563 lecti,
1551 4516 1660 4570 quo
1690 4500 2026 4555 decumbere
2073 4515 2209 4555 con-

2320 4492 2450 4562 βίον.
2482 4491 2735 4562 Ἑώρακα
2765 4492 2873 4563 γὰρ
2909 4492 3144 4564 ἐμαυτὸν
3179 4495 3236 4546 ἐν
3256 4497 3322 4566 τῇ
3350 4495 3683 4564 δυνάμειτοῦ
3707 4491 3836 4547 Ilvati-

629 4589 841 4653 suevit;
864 4603 929 4643 ac
953 4587 1065 4641 dixi
1098 4605 1112 4642 :
1142 4588 1233 4644 Va:
1265 4589 1388 4643 urbi
1425 4589 1536 4655 isti,
1568 4589 1830 4646 defuncto
1863 4589 2201 4658 Ephrzemiol

601 4667 742 4734 vati
774 4681 882 4735 vae!
913 4690 970 4734 et
997 4680 1288 4735 decessum
1326 4681 1480 4736 illius
1507 4681 1915 4751 quodammodo
1938 4683 2207 4737 lamenta-

628 4778 718 4826 tus
735 4769 835 4825 l‘ui.
856 4769 1063 4826 Deinde
1081 4771 1148 4827 ad
1168 4787 1255 4827 me
1276 4787 1555 4839 reversus,
1579 4773 1839 4830 inventus
1855 4775 1933 4830 fui
1963 4773 2202 4840 ﬂevisse,

625 4861 934 4917 manifestis
953 4861 1322 4934 lacrymarum
1343 4863 1513 4934 signis
1531 4865 1716 4921 adhuc
1737 4865 1791 4921 in
1816 4866 1972 4937 genis
1992 4865 2207 4920 haeren-

625 4954 792 5009 tibus.
826 4954 966 5008 Tum
1000 4970 1197 5010 rursus
1230 4963 1385 5010 extra
1411 4970 1497 5010 me
1529 4956 1716 5026 rapior
1744 4973 1760 5016 ;
1804 4965 1862 5010 et
1893 4971 2084 5010 rursus
2121 4956 2206 5009 la-

626 5055 810 5101 menta
836 5046 1029 5102 eadem
1080 5047 1461 5119 laerymaaque.
1488 5048 1698 5104 Deinde
1729 5049 1952 5104 tertium
1981 5063 2201 5118 quoque

627 5145 946 5190 recurrentc
993 5135 1186 5190 eadem
1236 5137 1472 5203 visione,
1522 5138 1688 5193 talem
1741 5139 1983 5209 aliquam
2012 5139 2200 5194 audivi

627 5241 851 5281 vocem:
882 5227 1020 5294 Quis
1051 5230 1205 5283 novit
1238 5245 1407 5300 quare
1443 5231 1539 5300 qui
1561 5240 1830 5286 venturus
1883 5244 1970 5286 est
2024 5232 2204 5287 absit?

627 5318 702 5371 Ita
731 5317 963 5388 Symeon
995 5320 1060 5374 ad
1095 5321 1297 5375 fratres
1336 5341 1347 5374 :
1391 5323 1485 5391 qui
1510 5339 1609 5394 per
1639 5324 1790 5378 illum
1849 5333 2064 5394 tempus
2115 5324 2203 5377 in-

632 5409 955 5464 tellexerant
981 5413 1046 5466 de
1081 5413 1392 5481 Ephrznmio
1420 5413 1564 5482 quod
1587 5422 1732 5468 recte
1751 5415 1974 5467 valeret.
1999 5414 2204 5467 Deinde

700 5547 815 5617 (lii)
868 5545 1036 5617 Hujus
1085 5556 1440 5617 symptomata
1501 5557 1549 5599 et
1598 5549 2023 5601 circumstantias
2096 5547 2202 5600 late

628 5616 871 5670 describit
909 5615 1314 5684 Procopius'lib.
1352 5635 1410 5682 ll,
1445 5635 1562 5684 cap.
1589 5618 1678 5680 2‘2,
1711 5618 1926 5671 debello
1967 5618 2198 5680 Persico,

628 5696 687 5759 c_t
721 5685 976 5759 Euagrius
1027 5688 1114 5741 lib.
1174 5705 1244 5751 Iv,
1293 5705 1409 5758 cap.
1459 5689 1550 5743 29.
1603 5690 1878 5759 Accepisse
1911 5689 2115 5742 videtur
2139 5705 2200 5741 ex

629 5756 936 5824 Theophane
976 5775 1114 5811 anno
1148 5759 1270 5812 542.

700 5827 810 5901 (Π)
843 5825 906 5879 In
957 5843 1013 5880 eo
1068 5829 1286 5892 scilicet.
1343 5831 1481 5901 quod
1546 5833 1685 5901 iram
1725 5829 1821 5882 Dei
1869 5831 2114 5901 averterit
2165 5848 2198 5883 ιι

623 5895 852 5961 vapulo;
882 5913 987 5952 non
1021 5908 1193 5954 autem
1222 5903 1276 5954 in
1311 5895 1498 5956 modo:
1539 5900 1758 5955 Phineas
1801 5902 1940 5954 enim
1990 5899 2193 5972 gladio,

2321 4599 2487 4651 ματος
2516 4582 2726 4635 ἑστῶτα
2761 4582 2896 4654 πρὸς
2932 4584 3140 4656 κεφαλῇ
3163 4585 3262 4656 τῆς
3289 4585 3502 4658 κλίνης,
3534 4587 3614 4656 ἐφ’
3689 4581 3838 4638 καθεύο

2308 4675 2423 4728 δειν
2468 4675 2672 4739 εἰώθει,
2703 4676 2816 4728 καίο
2841 4676 2980 4729 Οὐαὶ
3025 4679 3092 4748 τῇ
3124 4678 3277 4730 πόλει
3316 4679 3516 4751 ταύτῃ,
3535 4679 3754 4748 λέγοντα,
3768 4673 3834 4728 σοῦ

2310 4767 2694 4838 ἐκδημοῦντος,
2717 4767 2863 4830 οὐαὶ,
2893 4769 2985 4822 καὶ
3011 4769 3109 4838 τὴν
3139 4769 3305 4823 αὐτοῦ
3342 4774 3669 4841 μετάστασιν
3695 4768 3837 4834 ὥσπερ

2311 4861 2762 4930 ἁποκλαιόμενον.
2806 4861 2892 4914 Ἐν
2926 4861 3148 4932 ἐμαυτῷ
3177 4863 3354 4918 τοίνυν
3392 4867 3696 4936 γενόμενος,
3716 4858 3834 4930 εὑρί-

2312 4953 2411 5022 θην
2439 4952 2861 5023 δεδακρυμένος,
2892 4953 2984 5006 ἐπὶ
3007 4955 3112 5006 τῶν
3163 4957 3406 5026 παρειῶν
3455 4975 3514 5010 τε
3561 4956 3725 5026 φέρων
3755 4949 3834 5005 τῶν

2309 5041 2559 5111 δακρύων
2598 5043 2666 5094 τὰ
2712 5041 2855 5112 ἴχνη.
2892 5043 3131 5113 Δευτέρα
3165 5046 3459 5113 τοιγαροῦν
3505 5046 3741 5104 ἔκστασις
3771 5037 3833 5092 ἐπ’

2304 5133 2428 5203 ἐμὲ,
2461 5135 2553 5186 καὶ
2596 5134 2759 5188 πάλιν
2789 5137 2840 5187 oi
2880 5135 3033 5186 αὐτοὶ
3073 5135 3279 5205 θρῆνοι,
3316 5138 3409 5189 καὶ
3456 5138 3616 5191 πάλιν
3653 5135 3834 5204 δάκρυα.

2305 5221 2438 5279 Εἶτα
2462 5225 2555 5278 καὶ
2580 5226 2736 5297 τρίτη
2769 5227 3024 5297 περὶτῶν
3046 5227 3225 5280 αὐτῶν
3254 5227 3396 5297 ὄψις,
3425 5230 3522 5282 καί
3551 5247 3638 5299 μοι
3661 5223 3837 5288 τοιαύτη

2305 5340 2385 5384 τις
2417 5323 2682 5390 ἤκουσε-αι
2712 5321 2896 5390 φωνή·
2935 5320 3029 5381 Τίς
3059 5315 3198 5374 οἶδεν
3223 5321 3348 5374 ὅθεν
3385 5323 3414 5374 ό
3445 5322 3724 5391 ἐρχόμενος
3745 5315 3835 5382 sin;

2307 5414 2494 5466 Ταῦτα
2518 5415 2545 5466 ὁ
2579 5413 2676 5482 μὲν
2705 5413 2915 5483 εἰρήκει
2953 5413 3064 5475 τοῖς
3095 5413 3340 5482 ἀδελφοῖς
3368 5431 3380 5444 '
3415 5417 3466 5466 οξ
3497 5415 3555 5468 δὲ
3587 5407 3837 5483 τηνικαῦτα

2304 5556 2358 5600 ιιι
2385 5548 2576 5601 dicitur
2611 5548 2827 5603 Numer.
2865 5547 2956 5612 ‘25,
2990 5545 3216 5616 Symeon
3277 5562 3394 5602 vero
3463 5549 3696 5616 precibus
3742 5557 3836 5597 usus

2300 5618 2531 5686 placavit
2562 5619 2747 5673 Deum.

2374 5689 2484 5759 (18)
2507 5689 2638 5745 Cum
2672 5691 2941 5759 Ephramu‘
2976 5688 3243 5759 ordinatio
3272 5691 3413 5758 facta
3459 5692 3530 5744 sit
3555 5690 3731 5743 saltem
3763 5700 3836 5737 air

2300 5758 2534 5831 (9959.7,
2569 5769 2616 5813 et
2643 5764 2684 5814 is
2708 5758 2904 5831 passim
2935 5764 3146 5814 dicetur
3183 5758 3247 5812 18
3275 5763 3426 5814 inuris
3473 5762 3683 5817 sedisse.
3727 5767 3836 5809 anno

2299 5828 2402 5885 545
2434 5831 2618 5886 abiisse
2654 5828 2770 5885 eum
2803 5843 3027 5901 oportet.
