  <div class='ocr_page' id='page_1' title='image "/cluster/home/n/w/nwhite01/storage/ocr_20150623/86:2/hvd.32044012719696/658.png"; bbox 0 0 3988 6510; ppageno 0'>
   <div class='ocr_carea' id='block_1_1' title="bbox 169 362 314 425">
    <p class='ocr_par' dir='ltr' id='par_1_1' title="bbox 169 362 314 425">
     <span class='ocr_line' id='line_1_1' title="bbox 169 362 314 425; baseline -0.014 0"><span class='ocrx_word' id='word_1_1' title='bbox 169 362 314 425; x_wconf 83' lang='lat'><strong>3057</strong></span> 
     </span>
    </p>
   </div>
   <div class='ocr_carea' id='block_1_2' title="bbox 1179 365 2434 430">
    <p class='ocr_par' dir='ltr' id='par_1_2' title="bbox 1179 365 2434 430">
     <span class='ocr_line' id='line_1_2' title="bbox 1179 365 2434 430; baseline -0.001 0"><span class='ocrx_word' id='word_1_2' title='bbox 1179 370 1357 430; x_wconf 76' lang='lat' dir='ltr'><strong>VlTA</strong></span> <span class='ocrx_word' id='word_1_3' title='bbox 1395 371 1441 428; x_wconf 84' lang='lat' dir='ltr'><strong>A</strong></span> <span class='ocrx_word' id='word_1_4' title='bbox 1477 365 1916 429; x_wconf 82' lang='lat' dir='ltr'><strong>NICEPHORO</strong></span> <span class='ocrx_word' id='word_1_5' title='bbox 1952 366 2434 429; x_wconf 82' lang='lat' dir='ltr'><strong>CONSCRIPTA.</strong></span> 
     </span>
    </p>
   </div>
   <div class='ocr_carea' id='block_1_3' title="bbox 3282 370 3421 433">
    <p class='ocr_par' dir='ltr' id='par_1_3' title="bbox 3282 370 3421 433">
     <span class='ocr_line' id='line_1_3' title="bbox 3282 370 3421 433; baseline 0 -1"><span class='ocrx_word' id='word_1_6' title='bbox 3282 370 3421 433; x_wconf 83' lang='grc'><strong>3058</strong></span> 
     </span>
    </p>
   </div>
   <div class='ocr_carea' id='block_1_4' title="bbox 173 480 1759 556">
    <p class='ocr_par' dir='ltr' id='par_1_4' title="bbox 173 480 1745 556">
     <span class='ocr_line' id='line_1_4' title="bbox 173 480 1745 556; baseline 0.001 -20"><span class='ocrx_word' id='word_1_7' title='bbox 173 481 273 554; x_wconf 67' lang='grc' dir='ltr'>μιν</span> <span class='ocrx_word' id='word_1_8' title='bbox 296 480 563 536; x_wconf 68' lang='grc' dir='ltr'>ιπύθοντο</span> <span class='ocrx_word' id='word_1_9' title='bbox 587 482 719 553; x_wconf 81' lang='grc' dir='ltr'>περὶ</span> <span class='ocrx_word' id='word_1_10' title='bbox 764 483 1090 556; x_wconf 84' lang='grc' dir='ltr'>Ἐιρραιμίου</span> <span class='ocrx_word' id='word_1_11' title='bbox 1121 484 1196 548; x_wconf 83' lang='grc' dir='ltr'>ὡς</span> <span class='ocrx_word' id='word_1_12' title='bbox 1232 485 1486 553; x_wconf 84' lang='grc' dir='ltr'>ὑγιαίνοι.</span> <span class='ocrx_word' id='word_1_13' title='bbox 1508 485 1662 540; x_wconf 84' lang='grc' dir='ltr'>Μετά</span> <span class='ocrx_word' id='word_1_14' title='bbox 1690 484 1745 538; x_wconf 83' lang='grc' dir='ltr'>δὲ</span> 
     </span>
    </p>
   </div>
   <div class='ocr_carea' id='block_1_5' title="bbox 1866 480 3421 556">
    <p class='ocr_par' dir='ltr' id='par_1_5' title="bbox 1866 482 3421 554">
     <span class='ocr_line' id='line_1_5' title="bbox 1866 482 3421 554; baseline 0.006 -20"><span class='ocrx_word' id='word_1_15' title='bbox 1866 482 2207 538; x_wconf 69' lang='lat' dir='ltr'><strong>illucescente</strong></span> <span class='ocrx_word' id='word_1_16' title='bbox 2238 484 2356 554; x_wconf 81' lang='lat' dir='ltr'><strong>&#39;jam</strong></span> <span class='ocrx_word' id='word_1_17' title='bbox 2404 483 2635 540; x_wconf 89' lang='lat' dir='ltr'><strong>Veneris</strong></span> <span class='ocrx_word' id='word_1_18' title='bbox 2676 484 2786 552; x_wconf 90' lang='lat' dir='ltr'><strong>die,</strong></span> <span class='ocrx_word' id='word_1_19' title='bbox 2844 484 3168 541; x_wconf 73' lang='lat' dir='ltr'><strong>convocavit</strong></span> <span class='ocrx_word' id='word_1_20' title='bbox 3235 487 3421 543; x_wconf 91' lang='lat' dir='ltr'><strong>denuo</strong></span> 
     </span>
    </p>
   </div>
   <div class='ocr_carea' id='block_1_6' title="bbox 168 571 1752 641">
    <p class='ocr_par' dir='ltr' id='par_1_6' title="bbox 168 571 1752 641">
     <span class='ocr_line' id='line_1_6' title="bbox 168 571 1752 641; baseline 0.003 -17"><span class='ocrx_word' id='word_1_21' title='bbox 168 571 343 627; x_wconf 87' lang='grc' dir='ltr'>ταῦτα</span> <span class='ocrx_word' id='word_1_22' title='bbox 371 572 607 634; x_wconf 76' lang='grc' dir='ltr'><strong>καλέσας</strong></span> <span class='ocrx_word' id='word_1_23' title='bbox 629 574 786 639; x_wconf 79' lang='grc' dir='ltr'>αὖθις</span> <span class='ocrx_word' id='word_1_24' title='bbox 826 577 855 629; x_wconf 91' lang='grc' dir='ltr'><strong>ὀ</strong></span> <span class='ocrx_word' id='word_1_25' title='bbox 880 575 975 629; x_wconf 82' lang='grc' dir='ltr'><strong>τοῦ</strong></span> <span class='ocrx_word' id='word_1_26' title='bbox 1017 575 1153 630; x_wconf 84' lang='grc' dir='ltr'><strong>Θεοῦ</strong></span> <span class='ocrx_word' id='word_1_27' title='bbox 1181 575 1364 640; x_wconf 72' lang='grc' dir='ltr'>δοῦλος</span> <span class='ocrx_word' id='word_1_28' title='bbox 1397 576 1595 641; x_wconf 84' lang='grc' dir='ltr'>αὐτούς</span> <span class='ocrx_word' id='word_1_29' title='bbox 1618 594 1632 607; x_wconf 85' lang='grc'><strong>·</strong></span> <span class='ocrx_word' id='word_1_30' title='bbox 1666 578 1752 632; x_wconf 80' lang='grc' dir='ltr'>δι-</span> 
     </span>
    </p>
   </div>
   <div class='ocr_carea' id='block_1_7' title="bbox 170 665 1749 743">
    <p class='ocr_par' dir='ltr' id='par_1_7' title="bbox 170 665 1749 743">
     <span class='ocr_line' id='line_1_7' title="bbox 170 665 1749 743; baseline 0.002 -25"><span class='ocrx_word' id='word_1_31' title='bbox 170 667 486 734; x_wconf 76' lang='grc' dir='ltr'>αυγάξουσα</span> <span class='ocrx_word' id='word_1_32' title='bbox 536 669 595 723; x_wconf 85' lang='grc' dir='ltr'>δὲ</span> <span class='ocrx_word' id='word_1_33' title='bbox 643 665 712 742; x_wconf 81' lang='grc' dir='ltr'>ἦν</span> <span class='ocrx_word' id='word_1_34' title='bbox 776 670 878 741; x_wconf 75' lang='grc' dir='ltr'><strong>ἥδη</strong></span> <span class='ocrx_word' id='word_1_35' title='bbox 946 670 1295 743; x_wconf 84' lang='grc' dir='ltr'>Παρασκευή·</span> <span class='ocrx_word' id='word_1_36' title='bbox 1355 666 1416 723; x_wconf 88' lang='lat'><strong>&#39;0</strong></span> <span class='ocrx_word' id='word_1_37' title='bbox 1460 670 1749 739; x_wconf 81' lang='grc' dir='ltr'>ἀρχιερεὺς</span> 
     </span>
    </p>
   </div>
   <div class='ocr_carea' id='block_1_8' title="bbox 168 758 1750 834">
    <p class='ocr_par' dir='ltr' id='par_1_8' title="bbox 168 758 1750 834">
     <span class='ocr_line' id='line_1_8' title="bbox 168 758 1750 834; baseline 0.004 -24"><span class='ocrx_word' id='word_1_38' title='bbox 168 758 267 811; x_wconf 87' lang='grc' dir='ltr'><strong>τοῦ</strong></span> <span class='ocrx_word' id='word_1_39' title='bbox 311 759 446 813; x_wconf 89' lang='grc' dir='ltr'>Θεοῦ</span> <span class='ocrx_word' id='word_1_40' title='bbox 470 762 611 815; x_wconf 81' lang='grc' dir='ltr'>κατὰ</span> <span class='ocrx_word' id='word_1_41' title='bbox 641 762 739 833; x_wconf 87' lang='grc' dir='ltr'>τὴν</span> <span class='ocrx_word' id='word_1_42' title='bbox 778 761 970 830; x_wconf 82' lang='grc' dir='ltr'><strong>νύκτα,</strong></span> <span class='ocrx_word' id='word_1_43' title='bbox 992 762 1146 834; x_wconf 72' lang='grc' dir='ltr'>φησὶ,</span> <span class='ocrx_word' id='word_1_44' title='bbox 1189 764 1327 832; x_wconf 76' lang='grc' dir='ltr'>πρὸς</span> <span class='ocrx_word' id='word_1_45' title='bbox 1358 761 1522 816; x_wconf 83' lang='grc' dir='ltr'>αὐτὸν</span> <span class='ocrx_word' id='word_1_46' title='bbox 1551 762 1750 830; x_wconf 76' lang='grc' dir='ltr'><strong>ἐξεδή-</strong></span> 
     </span>
    </p>
   </div>
   <div class='ocr_carea' id='block_1_9' title="bbox 175 851 1751 925">
    <p class='ocr_par' dir='ltr' id='par_1_9' title="bbox 175 851 1751 925">
     <span class='ocr_line' id='line_1_9' title="bbox 175 851 1751 925; baseline 0.003 -23"><span class='ocrx_word' id='word_1_47' title='bbox 175 867 320 921; x_wconf 87' lang='grc' dir='ltr'>μησε</span> <span class='ocrx_word' id='word_1_48' title='bbox 347 865 361 880; x_wconf 74' lang='grc'><strong><em>⁸</em></strong></span> <span class='ocrx_word' id='word_1_49' title='bbox 391 851 657 921; x_wconf 77' lang='grc' dir='ltr'><strong>τεθέαμαι</strong></span> <span class='ocrx_word' id='word_1_50' title='bbox 704 853 815 924; x_wconf 86' lang='grc' dir='ltr'>γὰρ</span> <span class='ocrx_word' id='word_1_51' title='bbox 851 853 1017 907; x_wconf 81' lang='grc' dir='ltr'>αὐτοῦ</span> <span class='ocrx_word' id='word_1_52' title='bbox 1059 855 1158 925; x_wconf 84' lang='grc' dir='ltr'>τὴν</span> <span class='ocrx_word' id='word_1_53' title='bbox 1198 854 1376 925; x_wconf 79' lang='grc' dir='ltr'>ψυχὴν</span> <span class='ocrx_word' id='word_1_54' title='bbox 1415 853 1519 907; x_wconf 81' lang='grc' dir='ltr'><strong>ὑπὸ</strong></span> <span class='ocrx_word' id='word_1_55' title='bbox 1554 853 1751 923; x_wconf 84' lang='grc' dir='ltr'>πλήθει</span> 
     </span>
    </p>
   </div>
   <div class='ocr_carea' id='block_1_10' title="bbox 170 941 1752 1017">
    <p class='ocr_par' dir='ltr' id='par_1_10' title="bbox 170 941 1752 1017">
     <span class='ocr_line' id='line_1_10' title="bbox 170 941 1752 1017; baseline 0.003 -23"><span class='ocrx_word' id='word_1_56' title='bbox 170 941 665 1013; x_wconf 85' lang='grc' dir='ltr'>λευχειμονούντων</span> <span class='ocrx_word' id='word_1_57' title='bbox 691 946 817 1016; x_wconf 80' lang='grc' dir='ltr'>τῇδε</span> <span class='ocrx_word' id='word_1_58' title='bbox 844 946 1286 1017; x_wconf 75' lang='grc' dir='ltr'>παραϐαλοῦσαν·</span> <span class='ocrx_word' id='word_1_59' title='bbox 1319 946 1353 1016; x_wconf 85' lang='grc' dir='ltr'>ἥ</span> <span class='ocrx_word' id='word_1_60' title='bbox 1381 944 1440 999; x_wconf 81' lang='grc' dir='ltr'>δὲ</span> <span class='ocrx_word' id='word_1_61' title='bbox 1468 945 1752 1015; x_wconf 81' lang='grc' dir='ltr'>ἠσπάσατό</span> 
     </span>
    </p>
   </div>
   <div class='ocr_carea' id='block_1_11' title="bbox 175 1034 1753 1108">
    <p class='ocr_par' dir='ltr' id='par_1_11' title="bbox 175 1034 1753 1108">
     <span class='ocr_line' id='line_1_11' title="bbox 175 1034 1753 1108; baseline 0.004 -23"><span class='ocrx_word' id='word_1_62' title='bbox 175 1050 267 1100; x_wconf 85' lang='grc' dir='ltr'><strong>με,</strong></span> <span class='ocrx_word' id='word_1_63' title='bbox 288 1034 385 1086; x_wconf 76' lang='grc' dir='ltr'><strong>καὶ</strong></span> <span class='ocrx_word' id='word_1_64' title='bbox 416 1035 639 1106; x_wconf 85' lang='grc' dir='ltr'><strong>μνήμην</strong></span> <span class='ocrx_word' id='word_1_65' title='bbox 660 1036 832 1104; x_wconf 83' lang='grc' dir='ltr'>αὐτῆς</span> <span class='ocrx_word' id='word_1_66' title='bbox 858 1040 1125 1091; x_wconf 86' lang='grc' dir='ltr'>ποιεῖσθαι</span> <span class='ocrx_word' id='word_1_67' title='bbox 1156 1036 1293 1108; x_wconf 80' lang='grc' dir='ltr'>πρὸς</span> <span class='ocrx_word' id='word_1_68' title='bbox 1320 1036 1452 1090; x_wconf 80' lang='grc' dir='ltr'>Θεὸν</span> <span class='ocrx_word' id='word_1_69' title='bbox 1484 1036 1753 1091; x_wconf 77' lang='grc' dir='ltr'>ἐνετείλα-</span> 
     </span>
    </p>
   </div>
   <div class='ocr_carea' id='block_1_12' title="bbox 169 1124 1753 1199">
    <p class='ocr_par' dir='ltr' id='par_1_12' title="bbox 169 1124 1753 1199">
     <span class='ocr_line' id='line_1_12' title="bbox 169 1124 1753 1199; baseline 0.003 -24"><span class='ocrx_word' id='word_1_70' title='bbox 169 1140 255 1187; x_wconf 86' lang='grc' dir='ltr'><strong>το,</strong></span> <span class='ocrx_word' id='word_1_71' title='bbox 279 1124 362 1178; x_wconf 74' lang='grc' dir='ltr'>ἔτι</span> <span class='ocrx_word' id='word_1_72' title='bbox 385 1125 480 1179; x_wconf 82' lang='grc' dir='ltr'><strong>καὶ</strong></span> <span class='ocrx_word' id='word_1_73' title='bbox 505 1125 738 1195; x_wconf 83' lang='grc' dir='ltr'>σχέσεως</span> <span class='ocrx_word' id='word_1_74' title='bbox 769 1128 935 1181; x_wconf 85' lang='grc' dir='ltr'>αὐτοῦ</span> <span class='ocrx_word' id='word_1_75' title='bbox 961 1131 1095 1199; x_wconf 88' lang='grc' dir='ltr'>πρός</span> <span class='ocrx_word' id='word_1_76' title='bbox 1126 1146 1185 1182; x_wconf 91' lang='grc' dir='ltr'><strong>τε</strong></span> <span class='ocrx_word' id='word_1_77' title='bbox 1215 1128 1377 1181; x_wconf 77' lang='grc' dir='ltr'>αὐτὸν</span> <span class='ocrx_word' id='word_1_78' title='bbox 1400 1128 1498 1199; x_wconf 75' lang='grc' dir='ltr'>ἐμὲ</span> <span class='ocrx_word' id='word_1_79' title='bbox 1525 1128 1621 1182; x_wconf 75' lang='grc' dir='ltr'><strong>καὶ</strong></span> <span class='ocrx_word' id='word_1_80' title='bbox 1652 1128 1753 1198; x_wconf 85' lang='grc' dir='ltr'><strong>τὴν</strong></span> 
     </span>
    </p>
   </div>
   <div class='ocr_carea' id='block_1_13' title="bbox 176 1217 1751 1291">
    <p class='ocr_par' dir='ltr' id='par_1_13' title="bbox 176 1217 1751 1291">
     <span class='ocr_line' id='line_1_13' title="bbox 176 1217 1751 1291; baseline 0.001 -22"><span class='ocrx_word' id='word_1_81' title='bbox 176 1217 394 1286; x_wconf 84' lang='grc' dir='ltr'>μητέρα</span> <span class='ocrx_word' id='word_1_82' title='bbox 415 1217 512 1288; x_wconf 81' lang='grc' dir='ltr'>τὴν</span> <span class='ocrx_word' id='word_1_83' title='bbox 536 1218 677 1289; x_wconf 77' lang='grc' dir='ltr'>ἐμὴν</span> <span class='ocrx_word' id='word_1_84' title='bbox 701 1220 1084 1289; x_wconf 86' lang='grc' dir='ltr'>ἀναμνήσασα.</span> <span class='ocrx_word' id='word_1_85' title='bbox 1109 1217 1296 1272; x_wconf 90' lang='grc' dir='ltr'>Ταῦτα</span> <span class='ocrx_word' id='word_1_86' title='bbox 1321 1219 1349 1271; x_wconf 88' lang='grc' dir='ltr'>ὁ</span> <span class='ocrx_word' id='word_1_87' title='bbox 1382 1219 1479 1289; x_wconf 82' lang='grc' dir='ltr'><strong>μὲν</strong></span> <span class='ocrx_word' id='word_1_88' title='bbox 1507 1217 1751 1291; x_wconf 76' lang='grc' dir='ltr'>περὶτοῦ</span> 
     </span>
    </p>
   </div>
   <div class='ocr_carea' id='block_1_14' title="bbox 173 1307 1752 1381">
    <p class='ocr_par' dir='ltr' id='par_1_14' title="bbox 173 1307 1752 1381">
     <span class='ocr_line' id='line_1_14' title="bbox 173 1307 1752 1381; baseline 0.003 -23"><span class='ocrx_word' id='word_1_89' title='bbox 173 1307 491 1377; x_wconf 72' lang='grc' dir='ltr'>ἀρχιερέως</span> <span class='ocrx_word' id='word_1_90' title='bbox 548 1312 660 1372; x_wconf 83' lang='grc' dir='ltr'>τοῖς</span> <span class='ocrx_word' id='word_1_91' title='bbox 686 1309 935 1379; x_wconf 76' lang='grc' dir='ltr'><strong>ἀδελφοῖς</strong></span> <span class='ocrx_word' id='word_1_92' title='bbox 966 1311 1286 1381; x_wconf 81' lang='grc' dir='ltr'><strong>προειρήκει</strong></span> <span class='ocrx_word' id='word_1_93' title='bbox 1309 1327 1323 1342; x_wconf 92' lang='grc'><strong>·</strong></span> <span class='ocrx_word' id='word_1_94' title='bbox 1357 1312 1406 1363; x_wconf 76' lang='grc' dir='ltr'><strong>οἱ</strong></span> <span class='ocrx_word' id='word_1_95' title='bbox 1432 1310 1489 1364; x_wconf 85' lang='grc' dir='ltr'>δὲ</span> <span class='ocrx_word' id='word_1_96' title='bbox 1511 1311 1601 1363; x_wconf 77' lang='grc' dir='ltr'><strong>τὸν</strong></span> <span class='ocrx_word' id='word_1_97' title='bbox 1627 1328 1752 1364; x_wconf 87' lang='grc' dir='ltr'>και-</span> 
     </span>
    </p>
   </div>
   <div class='ocr_carea' id='block_1_15' title="bbox 176 1394 1753 1471">
    <p class='ocr_par' dir='ltr' id='par_1_15' title="bbox 176 1394 1753 1471">
     <span class='ocr_line' id='line_1_15' title="bbox 176 1394 1753 1471; baseline 0.003 -24"><span class='ocrx_word' id='word_1_98' title='bbox 176 1396 272 1463; x_wconf 73' lang='grc' dir='ltr'>ρὸν</span> <span class='ocrx_word' id='word_1_99' title='bbox 321 1398 813 1469; x_wconf 82' lang='grc' dir='ltr'>ὲπισημηνάμενοι,</span> <span class='ocrx_word' id='word_1_100' title='bbox 848 1394 1008 1470; x_wconf 72' lang='grc' dir='ltr'>εὗρον</span> <span class='ocrx_word' id='word_1_101' title='bbox 1043 1401 1141 1471; x_wconf 81' lang='grc' dir='ltr'>τῆς</span> <span class='ocrx_word' id='word_1_102' title='bbox 1177 1400 1368 1466; x_wconf 78' lang='grc' dir='ltr'>νυκτὸς</span> <span class='ocrx_word' id='word_1_103' title='bbox 1408 1400 1623 1470; x_wconf 83' lang='grc' dir='ltr'>ὲκείνης</span> <span class='ocrx_word' id='word_1_104' title='bbox 1663 1401 1753 1454; x_wconf 80' lang='grc' dir='ltr'><strong>τὸν</strong></span> 
     </span>
    </p>
   </div>
   <div class='ocr_carea' id='block_1_16' title="bbox 175 1486 1153 1564">
    <p class='ocr_par' dir='ltr' id='par_1_16' title="bbox 175 1486 1153 1564">
     <span class='ocr_line' id='line_1_16' title="bbox 175 1486 1153 1564; baseline 0.006 -25"><span class='ocrx_word' id='word_1_105' title='bbox 175 1486 324 1542; x_wconf 83' lang='grc' dir='ltr'>θεῖον</span> <span class='ocrx_word' id='word_1_106' title='bbox 369 1489 692 1562; x_wconf 87' lang='grc' dir='ltr'>Ἐφραίμιον</span> <span class='ocrx_word' id='word_1_107' title='bbox 721 1492 1153 1564; x_wconf 85' lang='grc' dir='ltr'>έκδεδημηκότα.</span> 
     </span>
    </p>
   </div>
   <div class='ocr_carea' id='block_1_17' title="bbox 246 1581 1755 1655">
    <p class='ocr_par' dir='ltr' id='par_1_17' title="bbox 246 1581 1755 1655">
     <span class='ocr_line' id='line_1_17' title="bbox 246 1581 1755 1655; baseline 0.002 -23"><span class='ocrx_word' id='word_1_108' title='bbox 246 1588 353 1645; x_wconf 83' lang='grc' dir='ltr'>ος¹.</span> <span class='ocrx_word' id='word_1_109' title='bbox 384 1581 596 1636; x_wconf 84' lang='grc' dir='ltr'>Πολλῶν</span> <span class='ocrx_word' id='word_1_110' title='bbox 634 1585 712 1651; x_wconf 83' lang='grc' dir='ltr'><strong>δὲ,</strong></span> <span class='ocrx_word' id='word_1_111' title='bbox 746 1582 833 1638; x_wconf 71' lang='grc' dir='ltr'>οἷα</span> <span class='ocrx_word' id='word_1_112' title='bbox 866 1586 1033 1652; x_wconf 85' lang='grc' dir='ltr'>είκὸς,</span> <span class='ocrx_word' id='word_1_113' title='bbox 1084 1585 1183 1655; x_wconf 85' lang='grc' dir='ltr'>τῆς</span> <span class='ocrx_word' id='word_1_114' title='bbox 1216 1583 1484 1655; x_wconf 79' lang='grc' dir='ltr'>καθέδρας</span> <span class='ocrx_word' id='word_1_115' title='bbox 1534 1584 1755 1653; x_wconf 79' lang='grc' dir='ltr'>ἐφιεμέ-</span> 
     </span>
    </p>
   </div>
   <div class='ocr_carea' id='block_1_18' title="bbox 175 1672 1754 1745">
    <p class='ocr_par' dir='ltr' id='par_1_18' title="bbox 175 1672 1754 1745">
     <span class='ocr_line' id='line_1_18' title="bbox 175 1672 1754 1745; baseline 0.003 -24"><span class='ocrx_word' id='word_1_116' title='bbox 175 1688 308 1735; x_wconf 88' lang='grc' dir='ltr'>νων,</span> <span class='ocrx_word' id='word_1_117' title='bbox 326 1672 423 1726; x_wconf 75' lang='grc' dir='ltr'><strong>καὶ</strong></span> <span class='ocrx_word' id='word_1_118' title='bbox 442 1673 645 1743; x_wconf 88' lang='grc' dir='ltr'>ταύτην</span> <span class='ocrx_word' id='word_1_119' title='bbox 669 1675 881 1739; x_wconf 79' lang='grc' dir='ltr'>ἑαυτοῖς</span> <span class='ocrx_word' id='word_1_120' title='bbox 903 1673 1340 1738; x_wconf 79' lang='grc' dir='ltr'>σπουδαζόντων,</span> <span class='ocrx_word' id='word_1_121' title='bbox 1366 1673 1564 1745; x_wconf 79' lang='grc' dir='ltr'>συνέϐη</span> <span class='ocrx_word' id='word_1_122' title='bbox 1590 1675 1754 1743; x_wconf 84' lang='grc' dir='ltr'><strong>Δομῖ-</strong></span> 
     </span>
    </p>
   </div>
   <div class='ocr_carea' id='block_1_19' title="bbox 178 1762 1753 1838">
    <p class='ocr_par' dir='ltr' id='par_1_19' title="bbox 178 1762 1753 1838">
     <span class='ocr_line' id='line_1_19' title="bbox 178 1762 1753 1838; baseline 0.004 -26"><span class='ocrx_word' id='word_1_123' title='bbox 178 1762 270 1815; x_wconf 87' lang='grc' dir='ltr'><strong>νόν</strong></span> <span class='ocrx_word' id='word_1_124' title='bbox 320 1781 463 1831; x_wconf 85' lang='grc' dir='ltr'>τινα,</span> <span class='ocrx_word' id='word_1_125' title='bbox 495 1765 596 1835; x_wconf 82' lang='grc' dir='ltr'>τῆς</span> <span class='ocrx_word' id='word_1_126' title='bbox 650 1766 883 1837; x_wconf 79' lang='grc' dir='ltr'>Θρᾳκῶν</span> <span class='ocrx_word' id='word_1_127' title='bbox 908 1766 1263 1838; x_wconf 79' lang='grc' dir='ltr'>ὡρμημένον,</span> <span class='ocrx_word' id='word_1_128' title='bbox 1288 1765 1557 1836; x_wconf 86' lang='grc' dir='ltr'>πτωχείου</span> <span class='ocrx_word' id='word_1_129' title='bbox 1611 1765 1753 1818; x_wconf 86' lang='grc' dir='ltr'>κατὰ</span> 
     </span>
    </p>
   </div>
   <div class='ocr_carea' id='block_1_20' title="bbox 178 1856 1755 1933">
    <p class='ocr_par' dir='ltr' id='par_1_20' title="bbox 178 1856 1755 1933">
     <span class='ocr_line' id='line_1_20' title="bbox 178 1856 1755 1933; baseline 0.006 -27"><span class='ocrx_word' id='word_1_130' title='bbox 178 1856 417 1924; x_wconf 81' lang='grc' dir='ltr'>Λυχνίδα</span> <span class='ocrx_word' id='word_1_131' title='bbox 468 1858 623 1911; x_wconf 88' lang='grc' dir='ltr'>πόλιν</span> <span class='ocrx_word' id='word_1_132' title='bbox 675 1858 1027 1930; x_wconf 83' lang='grc' dir='ltr'>προεστῶτα,</span> <span class='ocrx_word' id='word_1_133' title='bbox 1072 1865 1137 1933; x_wconf 83' lang='grc' dir='ltr'>τῇ</span> <span class='ocrx_word' id='word_1_134' title='bbox 1192 1861 1422 1932; x_wconf 79' lang='grc' dir='ltr'>βασιλίδι</span> <span class='ocrx_word' id='word_1_135' title='bbox 1453 1861 1755 1933; x_wconf 88' lang='grc' dir='ltr'>τηνικαῦτα</span> 
     </span>
    </p>
   </div>
   <div class='ocr_carea' id='block_1_21' title="bbox 180 1950 1756 2026">
    <p class='ocr_par' dir='ltr' id='par_1_21' title="bbox 180 1950 1756 2026">
     <span class='ocr_line' id='line_1_21' title="bbox 180 1950 1756 2026; baseline 0.007 -29"><span class='ocrx_word' id='word_1_136' title='bbox 180 1950 323 2001; x_wconf 85' lang='grc' dir='ltr'>κατά</span> <span class='ocrx_word' id='word_1_137' title='bbox 356 1966 475 2002; x_wconf 89' lang='grc' dir='ltr'>τινα</span> <span class='ocrx_word' id='word_1_138' title='bbox 505 1951 690 2020; x_wconf 85' lang='grc' dir='ltr'>χρείαν</span> <span class='ocrx_word' id='word_1_139' title='bbox 709 1954 1046 2025; x_wconf 74' lang='grc' dir='ltr'>ἐπιδημῆσαι</span> <span class='ocrx_word' id='word_1_140' title='bbox 1081 1971 1097 1985; x_wconf 86' lang='grc'><strong>·</strong></span> <span class='ocrx_word' id='word_1_141' title='bbox 1135 1955 1193 2019; x_wconf 80' lang='grc' dir='ltr'>ὃς</span> <span class='ocrx_word' id='word_1_142' title='bbox 1227 1955 1376 2026; x_wconf 86' lang='grc' dir='ltr'>νόμῳ</span> <span class='ocrx_word' id='word_1_143' title='bbox 1411 1956 1595 2024; x_wconf 81' lang='grc' dir='ltr'>φιλίας</span> <span class='ocrx_word' id='word_1_144' title='bbox 1637 1956 1756 2008; x_wconf 75' lang='grc' dir='ltr'>τισὶ</span> 
     </span>
    </p>
   </div>
   <div class='ocr_carea' id='block_1_22' title="bbox 182 2039 1754 2116">
    <p class='ocr_par' dir='ltr' id='par_1_22' title="bbox 182 2039 1754 2116">
     <span class='ocr_line' id='line_1_22' title="bbox 182 2039 1754 2116; baseline 0.004 -25"><span class='ocrx_word' id='word_1_145' title='bbox 182 2039 287 2091; x_wconf 75' lang='grc' dir='ltr'><strong>τῶν</strong></span> <span class='ocrx_word' id='word_1_146' title='bbox 320 2041 381 2093; x_wconf 83' lang='grc' dir='ltr'>ὲν</span> <span class='ocrx_word' id='word_1_147' title='bbox 419 2044 529 2105; x_wconf 88' lang='grc' dir='ltr'>τοῖς</span> <span class='ocrx_word' id='word_1_148' title='bbox 562 2041 851 2111; x_wconf 79' lang='grc' dir='ltr'>βασιλείοις</span> <span class='ocrx_word' id='word_1_149' title='bbox 883 2044 1250 2115; x_wconf 82' lang='grc' dir='ltr'>ᾠκειωμένος,</span> <span class='ocrx_word' id='word_1_150' title='bbox 1276 2045 1355 2116; x_wconf 80' lang='grc' dir='ltr'>τῷ</span> <span class='ocrx_word' id='word_1_151' title='bbox 1384 2045 1595 2116; x_wconf 81' lang='grc' dir='ltr'>βασιλεῖ</span> <span class='ocrx_word' id='word_1_152' title='bbox 1624 2047 1754 2116; x_wconf 80' lang='grc' dir='ltr'>παρ’</span> 
     </span>
    </p>
   </div>
   <div class='ocr_carea' id='block_1_23' title="bbox 180 2130 1747 2209">
    <p class='ocr_par' dir='ltr' id='par_1_23' title="bbox 180 2130 1747 2209">
     <span class='ocr_line' id='line_1_23' title="bbox 180 2130 1747 2209; baseline 0.006 -28"><span class='ocrx_word' id='word_1_153' title='bbox 180 2130 362 2184; x_wconf 80' lang='grc' dir='ltr'>αὐτῶν</span> <span class='ocrx_word' id='word_1_154' title='bbox 391 2132 797 2202; x_wconf 78' lang='grc' dir='ltr'>(Ἰουστινιανδς</span> <span class='ocrx_word' id='word_1_155' title='bbox 823 2136 881 2189; x_wconf 82' lang='grc' dir='ltr'>δὲ</span> <span class='ocrx_word' id='word_1_156' title='bbox 926 2133 996 2205; x_wconf 77' lang='grc' dir='ltr'>ἦν</span> <span class='ocrx_word' id='word_1_157' title='bbox 1035 2132 1211 2209; x_wconf 72' lang='grc' dir='ltr'>οὗτος)</span> <span class='ocrx_word' id='word_1_158' title='bbox 1243 2139 1553 2208; x_wconf 84' lang='grc' dir='ltr'>είσάγεται.</span> <span class='ocrx_word' id='word_1_159' title='bbox 1607 2138 1667 2192; x_wconf 75' lang='grc'><strong>’0</strong></span> <span class='ocrx_word' id='word_1_160' title='bbox 1689 2139 1747 2192; x_wconf 74' lang='grc' dir='ltr'>δὲ</span> 
     </span>
    </p>
   </div>
   <div class='ocr_carea' id='block_1_24' title="bbox 186 2221 1756 2298">
    <p class='ocr_par' dir='ltr' id='par_1_24' title="bbox 186 2221 1756 2298">
     <span class='ocr_line' id='line_1_24' title="bbox 186 2221 1756 2298; baseline 0.006 -27"><span class='ocrx_word' id='word_1_161' title='bbox 186 2221 482 2292; x_wconf 84' lang='grc' dir='ltr'>κανονικῆς</span> <span class='ocrx_word' id='word_1_162' title='bbox 510 2223 820 2293; x_wconf 77' lang='grc' dir='ltr'>ἀκριϐείας,</span> <span class='ocrx_word' id='word_1_163' title='bbox 849 2225 1225 2280; x_wconf 86' lang='grc' dir='ltr'>ἀποστολικῶν</span> <span class='ocrx_word' id='word_1_164' title='bbox 1252 2244 1312 2280; x_wconf 87' lang='grc' dir='ltr'><strong>τε</strong></span> <span class='ocrx_word' id='word_1_165' title='bbox 1362 2226 1756 2298; x_wconf 87' lang='grc' dir='ltr'>παραγγελμά-</span> 
     </span>
    </p>
   </div>
   <div class='ocr_carea' id='block_1_25' title="bbox 182 2312 1758 2390">
    <p class='ocr_par' dir='ltr' id='par_1_25' title="bbox 182 2312 1758 2390">
     <span class='ocr_line' id='line_1_25' title="bbox 182 2312 1758 2390; baseline 0.005 -25"><span class='ocrx_word' id='word_1_166' title='bbox 182 2330 288 2365; x_wconf 86' lang='grc' dir='ltr'><strong>των</strong></span> <span class='ocrx_word' id='word_1_167' title='bbox 315 2312 476 2382; x_wconf 82' lang='grc' dir='ltr'>ὀλίγα</span> <span class='ocrx_word' id='word_1_168' title='bbox 512 2315 825 2386; x_wconf 87' lang='grc' dir='ltr'>φροντίσας,</span> <span class='ocrx_word' id='word_1_169' title='bbox 853 2318 919 2387; x_wconf 83' lang='grc' dir='ltr'>τῇ</span> <span class='ocrx_word' id='word_1_170' title='bbox 953 2316 1147 2389; x_wconf 84' lang='grc' dir='ltr'>πρώτῃ</span> <span class='ocrx_word' id='word_1_171' title='bbox 1175 2317 1269 2371; x_wconf 91' lang='grc' dir='ltr'><strong>τοῦ</strong></span> <span class='ocrx_word' id='word_1_172' title='bbox 1310 2318 1503 2389; x_wconf 84' lang='grc' dir='ltr'>ἀνδρὸς</span> <span class='ocrx_word' id='word_1_173' title='bbox 1536 2318 1635 2390; x_wconf 86' lang='grc' dir='ltr'>θέᾳ</span> <span class='ocrx_word' id='word_1_174' title='bbox 1663 2320 1758 2373; x_wconf 77' lang='grc' dir='ltr'><strong>καὶ</strong></span> 
     </span>
    </p>
   </div>
   <div class='ocr_carea' id='block_1_26' title="bbox 182 2402 1754 2479">
    <p class='ocr_par' dir='ltr' id='par_1_26' title="bbox 182 2402 1754 2479">
     <span class='ocr_line' id='line_1_26' title="bbox 182 2402 1754 2479; baseline 0.006 -26"><span class='ocrx_word' id='word_1_175' title='bbox 182 2402 281 2470; x_wconf 83' lang='grc' dir='ltr'><strong>τὴν</strong></span> <span class='ocrx_word' id='word_1_176' title='bbox 336 2402 617 2456; x_wconf 78' lang='grc' dir='ltr'>συνάπτειο</span> <span class='ocrx_word' id='word_1_177' title='bbox 664 2405 795 2458; x_wconf 81' lang='grc' dir='ltr'>Ἰδοὺ</span> <span class='ocrx_word' id='word_1_178' title='bbox 841 2406 870 2458; x_wconf 88' lang='grc' dir='ltr'><strong>ό</strong></span> <span class='ocrx_word' id='word_1_179' title='bbox 922 2406 1024 2475; x_wconf 83' lang='grc' dir='ltr'><strong>τῆς</strong></span> <span class='ocrx_word' id='word_1_180' title='bbox 1063 2406 1339 2478; x_wconf 87' lang='grc' dir='ltr'>Ἀντιόχου</span> <span class='ocrx_word' id='word_1_181' title='bbox 1391 2407 1754 2479; x_wconf 85' lang='grc' dir='ltr'>πατριάρχης,</span> 
     </span>
    </p>
   </div>
   <div class='ocr_carea' id='block_1_27' title="bbox 182 2491 1753 2569">
    <p class='ocr_par' dir='ltr' id='par_1_27' title="bbox 182 2491 1753 2569">
     <span class='ocr_line' id='line_1_27' title="bbox 182 2491 1753 2569; baseline 0.006 -26"><span class='ocrx_word' id='word_1_182' title='bbox 182 2491 356 2545; x_wconf 73' lang='grc' dir='ltr'>εἰπών</span> <span class='ocrx_word' id='word_1_183' title='bbox 387 2510 402 2526; x_wconf 77' lang='grc' dir='ltr'><strong><em>ο</em></strong></span> <span class='ocrx_word' id='word_1_184' title='bbox 435 2496 533 2549; x_wconf 77' lang='grc' dir='ltr'>καὶ</span> <span class='ocrx_word' id='word_1_185' title='bbox 576 2493 669 2547; x_wconf 77' lang='grc' dir='ltr'><strong>τὸν</strong></span> <span class='ocrx_word' id='word_1_186' title='bbox 702 2495 889 2567; x_wconf 83' lang='grc' dir='ltr'>θρόνον</span> <span class='ocrx_word' id='word_1_187' title='bbox 920 2496 1122 2560; x_wconf 80' lang='grc' dir='ltr'>εὐθέως</span> <span class='ocrx_word' id='word_1_188' title='bbox 1153 2499 1183 2551; x_wconf 92' lang='grc' dir='ltr'><strong>ὀ</strong></span> <span class='ocrx_word' id='word_1_189' title='bbox 1210 2500 1437 2568; x_wconf 86' lang='grc' dir='ltr'>Δομϊνος</span> <span class='ocrx_word' id='word_1_190' title='bbox 1471 2499 1753 2569; x_wconf 88' lang='grc' dir='ltr'>καταλαμ-</span> 
     </span>
    </p>
   </div>
   <div class='ocr_carea' id='block_1_28' title="bbox 182 2584 1755 2662">
    <p class='ocr_par' dir='ltr' id='par_1_28' title="bbox 182 2584 1755 2662">
     <span class='ocr_line' id='line_1_28' title="bbox 182 2584 1755 2662; baseline 0.006 -26"><span class='ocrx_word' id='word_1_191' title='bbox 182 2584 359 2641; x_wconf 72' lang='grc' dir='ltr'>ϐάνει.</span> <span class='ocrx_word' id='word_1_192' title='bbox 390 2585 614 2657; x_wconf 87' lang='grc' dir='ltr'>Παριὼν</span> <span class='ocrx_word' id='word_1_193' title='bbox 641 2587 699 2642; x_wconf 83' lang='grc' dir='ltr'>δὲ</span> <span class='ocrx_word' id='word_1_194' title='bbox 752 2588 841 2641; x_wconf 79' lang='grc' dir='ltr'>διὰ</span> <span class='ocrx_word' id='word_1_195' title='bbox 894 2589 1004 2643; x_wconf 87' lang='grc' dir='ltr'><strong>τῶν</strong></span> <span class='ocrx_word' id='word_1_196' title='bbox 1036 2591 1380 2662; x_wconf 87' lang='grc' dir='ltr'>προαστείων</span> <span class='ocrx_word' id='word_1_197' title='bbox 1407 2590 1510 2660; x_wconf 85' lang='grc' dir='ltr'>τῆς</span> <span class='ocrx_word' id='word_1_198' title='bbox 1549 2591 1755 2645; x_wconf 81' lang='grc' dir='ltr'>Ἀντιό-</span> 
     </span>
    </p>
   </div>
   <div class='ocr_carea' id='block_1_29' title="bbox 182 2679 1759 2753">
    <p class='ocr_par' dir='ltr' id='par_1_29' title="bbox 182 2679 1759 2753">
     <span class='ocr_line' id='line_1_29' title="bbox 182 2679 1759 2753; baseline 0.008 -25"><span class='ocrx_word' id='word_1_199' title='bbox 182 2694 301 2745; x_wconf 73' lang='grc' dir='ltr'>χον,</span> <span class='ocrx_word' id='word_1_200' title='bbox 324 2680 422 2731; x_wconf 73' lang='grc' dir='ltr'><strong>καὶ</strong></span> <span class='ocrx_word' id='word_1_201' title='bbox 457 2681 587 2741; x_wconf 73' lang='grc' dir='ltr'>τοὺς</span> <span class='ocrx_word' id='word_1_202' title='bbox 624 2679 682 2733; x_wconf 82' lang='grc' dir='ltr'>ὲν</span> <span class='ocrx_word' id='word_1_203' title='bbox 728 2679 808 2750; x_wconf 88' lang='grc' dir='ltr'>τῷ</span> <span class='ocrx_word' id='word_1_204' title='bbox 846 2681 962 2753; x_wconf 84' lang='grc' dir='ltr'>ναῷ</span> <span class='ocrx_word' id='word_1_205' title='bbox 1006 2680 1102 2734; x_wconf 88' lang='grc' dir='ltr'><strong>τοῦ</strong></span> <span class='ocrx_word' id='word_1_206' title='bbox 1137 2681 1349 2735; x_wconf 84' lang='grc' dir='ltr'>δικαίου</span> <span class='ocrx_word' id='word_1_207' title='bbox 1386 2680 1531 2748; x_wconf 77' lang='lat' dir='ltr'><strong>‘lt‘u6,</strong></span> <span class='ocrx_word' id='word_1_208' title='bbox 1562 2682 1623 2745; x_wconf 83' lang='grc' dir='ltr'>ὃς</span> <span class='ocrx_word' id='word_1_209' title='bbox 1650 2681 1759 2752; x_wconf 84' lang='grc' dir='ltr'><strong>πρὸ</strong></span> 
     </span>
    </p>
   </div>
   <div class='ocr_carea' id='block_1_30' title="bbox 181 2768 1759 2840">
    <p class='ocr_par' dir='ltr' id='par_1_30' title="bbox 181 2768 1759 2840">
     <span class='ocr_line' id='line_1_30' title="bbox 181 2768 1759 2840; baseline 0.004 -21"><span class='ocrx_word' id='word_1_210' title='bbox 181 2769 279 2836; x_wconf 79' lang='grc' dir='ltr'>τῆς</span> <span class='ocrx_word' id='word_1_211' title='bbox 314 2768 521 2831; x_wconf 87' lang='grc' dir='ltr'>πόλεως</span> <span class='ocrx_word' id='word_1_212' title='bbox 562 2768 765 2839; x_wconf 78' lang='grc' dir='ltr'>ἵδρυτο,</span> <span class='ocrx_word' id='word_1_213' title='bbox 797 2769 1212 2840; x_wconf 78' lang='grc' dir='ltr'>λελωόημένους</span> <span class='ocrx_word' id='word_1_214' title='bbox 1244 2770 1388 2837; x_wconf 78' lang='grc' dir='ltr'>ἰδὼν,</span> <span class='ocrx_word' id='word_1_215' title='bbox 1420 2772 1516 2825; x_wconf 77' lang='grc' dir='ltr'><strong>καὶ</strong></span> <span class='ocrx_word' id='word_1_216' title='bbox 1568 2771 1759 2837; x_wconf 87' lang='grc' dir='ltr'>δεινῶς</span> 
     </span>
    </p>
   </div>
   <div class='ocr_carea' id='block_1_31' title="bbox 185 2860 1757 2930">
    <p class='ocr_par' dir='ltr' id='par_1_31' title="bbox 185 2860 1757 2930">
     <span class='ocr_line' id='line_1_31' title="bbox 185 2860 1757 2930; baseline 0.004 -19"><span class='ocrx_word' id='word_1_217' title='bbox 185 2860 383 2923; x_wconf 77' lang='grc' dir='ltr'>αὐτοὺς</span> <span class='ocrx_word' id='word_1_218' title='bbox 412 2860 823 2930; x_wconf 78' lang='grc' dir='ltr'>βδελυξάμενος,</span> <span class='ocrx_word' id='word_1_219' title='bbox 851 2862 961 2915; x_wconf 87' lang='grc' dir='ltr'>δεῖν</span> <span class='ocrx_word' id='word_1_220' title='bbox 994 2862 1136 2930; x_wconf 78' lang='grc' dir='ltr'>ἔγνω</span> <span class='ocrx_word' id='word_1_221' title='bbox 1168 2863 1393 2928; x_wconf 85' lang='grc' dir='ltr'>τούτους</span> <span class='ocrx_word' id='word_1_222' title='bbox 1424 2864 1634 2919; x_wconf 75' lang='grc' dir='ltr'>ἐκεῖθεν</span> <span class='ocrx_word' id='word_1_223' title='bbox 1664 2864 1757 2917; x_wconf 76' lang='grc' dir='ltr'>ἀλο</span> 
     </span>
    </p>
   </div>
   <div class='ocr_carea' id='block_1_32' title="bbox 185 2944 1758 3023">
    <p class='ocr_par' dir='ltr' id='par_1_32' title="bbox 185 2944 1758 3023">
     <span class='ocr_line' id='line_1_32' title="bbox 185 2944 1758 3023; baseline 0.006 -26"><span class='ocrx_word' id='word_1_224' title='bbox 185 2944 351 3015; x_wconf 84' lang='grc' dir='ltr'>λαχοῦ</span> <span class='ocrx_word' id='word_1_225' title='bbox 407 2949 765 3019; x_wconf 78' lang='grc' dir='ltr'>μεταστῆσαι,</span> <span class='ocrx_word' id='word_1_226' title='bbox 802 2949 890 3001; x_wconf 84' lang='grc' dir='ltr'><strong>ἵνα</strong></span> <span class='ocrx_word' id='word_1_227' title='bbox 923 2950 996 3020; x_wconf 84' lang='grc' dir='ltr'>μὴ</span> <span class='ocrx_word' id='word_1_228' title='bbox 1025 2950 1130 3022; x_wconf 81' lang='grc' dir='ltr'><strong>πρὸ</strong></span> <span class='ocrx_word' id='word_1_229' title='bbox 1168 2951 1263 3005; x_wconf 88' lang='grc' dir='ltr'><strong>τοῦ</strong></span> <span class='ocrx_word' id='word_1_230' title='bbox 1296 2953 1395 3023; x_wconf 85' lang='grc' dir='ltr'><strong>τῆς</strong></span> <span class='ocrx_word' id='word_1_231' title='bbox 1425 2953 1633 3017; x_wconf 85' lang='grc' dir='ltr'>πόλεως</span> <span class='ocrx_word' id='word_1_232' title='bbox 1664 2954 1758 3007; x_wconf 83' lang='grc' dir='ltr'>κό-</span> 
     </span>
    </p>
   </div>
   <div class='ocr_carea' id='block_1_33' title="bbox 190 3037 1756 3117">
    <p class='ocr_par' dir='ltr' id='par_1_33' title="bbox 190 3037 1756 3117">
     <span class='ocr_line' id='line_1_33' title="bbox 190 3037 1756 3117; baseline 0.007 -27"><span class='ocrx_word' id='word_1_233' title='bbox 190 3056 327 3107; x_wconf 87' lang='grc' dir='ltr'>σμου</span> <span class='ocrx_word' id='word_1_234' title='bbox 363 3040 527 3110; x_wconf 80' lang='grc' dir='ltr'>φησὶν</span> <span class='ocrx_word' id='word_1_235' title='bbox 571 3042 723 3109; x_wconf 76' lang='grc' dir='ltr'>ἅγιος</span> <span class='ocrx_word' id='word_1_236' title='bbox 771 3037 901 3095; x_wconf 75' lang='grc' dir='ltr'>εἶεν.</span> <span class='ocrx_word' id='word_1_237' title='bbox 931 3043 1109 3113; x_wconf 83' lang='grc' dir='ltr'>Ὅπερ</span> <span class='ocrx_word' id='word_1_238' title='bbox 1137 3044 1338 3109; x_wconf 81' lang='grc' dir='ltr'>αὐτοὺς</span> <span class='ocrx_word' id='word_1_239' title='bbox 1377 3046 1756 3117; x_wconf 82' lang='grc' dir='ltr'>αἰσθομένους,</span> 
     </span>
    </p>
   </div>
   <div class='ocr_carea' id='block_1_34' title="bbox 1851 575 3422 645">
    <p class='ocr_par' dir='ltr' id='par_1_34' title="bbox 1851 575 3422 645">
     <span class='ocr_line' id='line_1_34' title="bbox 1851 575 3422 645; baseline 0.003 -15"><span class='ocrx_word' id='word_1_240' title='bbox 1851 577 2072 643; x_wconf 87' lang='lat' dir='ltr'><strong>fratres,</strong></span> <span class='ocrx_word' id='word_1_241' title='bbox 2104 575 2386 645; x_wconf 87' lang='lat' dir='ltr'><strong>dixitque:</strong></span> <span class='ocrx_word' id='word_1_242' title='bbox 2411 575 2663 631; x_wconf 80' lang='lat' dir='ltr'><strong>Pontifex</strong></span> <span class='ocrx_word' id='word_1_243' title='bbox 2683 577 2778 631; x_wconf 92' lang='lat' dir='ltr'><strong>Dei</strong></span> <span class='ocrx_word' id='word_1_244' title='bbox 2810 577 2911 632; x_wconf 92' lang='lat' dir='ltr'><strong>hac</strong></span> <span class='ocrx_word' id='word_1_245' title='bbox 2935 588 3096 633; x_wconf 91' lang='lat' dir='ltr'><strong>nocte</strong></span> <span class='ocrx_word' id='word_1_246' title='bbox 3120 594 3151 634; x_wconf 93' lang='lat' dir='ltr'><strong>e</strong></span> <span class='ocrx_word' id='word_1_247' title='bbox 3183 578 3292 634; x_wconf 80' lang='lat' dir='ltr'><strong>vita</strong></span> <span class='ocrx_word' id='word_1_248' title='bbox 3315 580 3422 635; x_wconf 88' lang='lat' dir='ltr'><strong>mi-</strong></span> 
     </span>
    </p>
   </div>
   <div class='ocr_carea' id='block_1_35' title="bbox 1853 668 3420 741">
    <p class='ocr_par' dir='ltr' id='par_1_35' title="bbox 1853 668 3420 741">
     <span class='ocr_line' id='line_1_35' title="bbox 1853 668 3420 741; baseline 0.004 -21"><span class='ocrx_word' id='word_1_249' title='bbox 1853 669 2069 739; x_wconf 75' lang='lat' dir='ltr'><strong>gravit:</strong></span> <span class='ocrx_word' id='word_1_250' title='bbox 2112 668 2225 722; x_wconf 90' lang='lat' dir='ltr'><strong>vidi</strong></span> <span class='ocrx_word' id='word_1_251' title='bbox 2257 682 2493 738; x_wconf 81' lang='lat' dir='ltr'><strong>namque</strong></span> <span class='ocrx_word' id='word_1_252' title='bbox 2523 669 2961 735; x_wconf 89' lang='lat' dir='ltr'><strong>animamillius,</strong></span> <span class='ocrx_word' id='word_1_253' title='bbox 3021 671 3180 725; x_wconf 89' lang='lat' dir='ltr'><strong>turba</strong></span> <span class='ocrx_word' id='word_1_254' title='bbox 3226 687 3420 741; x_wconf 78' lang='lat' dir='ltr'><strong>magna</strong></span> 
     </span>
    </p>
   </div>
   <div class='ocr_carea' id='block_1_36' title="bbox 1854 760 3419 829">
    <p class='ocr_par' dir='ltr' id='par_1_36' title="bbox 1854 760 3419 829">
     <span class='ocr_line' id='line_1_36' title="bbox 1854 760 3419 829; baseline 0.002 -15"><span class='ocrx_word' id='word_1_255' title='bbox 1854 760 2105 815; x_wconf 85' lang='lat' dir='ltr'><strong>candidis</strong></span> <span class='ocrx_word' id='word_1_256' title='bbox 2172 761 2371 815; x_wconf 91' lang='lat' dir='ltr'><strong>vestita</strong></span> <span class='ocrx_word' id='word_1_257' title='bbox 2415 762 2751 829; x_wconf 84' lang='lat' dir='ltr'><strong>comitante,</strong></span> <span class='ocrx_word' id='word_1_258' title='bbox 2797 762 2900 818; x_wconf 87' lang='lat' dir='ltr'><strong>hac</strong></span> <span class='ocrx_word' id='word_1_259' title='bbox 2963 763 3419 829; x_wconf 87' lang='lat' dir='ltr'><strong>transvolantem,</strong></span> 
     </span>
    </p>
   </div>
   <div class='ocr_carea' id='block_1_37' title="bbox 1852 840 3419 924">
    <p class='ocr_par' dir='ltr' id='par_1_37' title="bbox 1852 840 3419 924">
     <span class='ocr_line' id='line_1_37' title="bbox 1852 840 3419 924; baseline 0.002 -18"><span class='ocrx_word' id='word_1_260' title='bbox 1852 851 2295 922; x_wconf 88' lang='lat' dir='ltr'><strong>salutantemque</strong></span> <span class='ocrx_word' id='word_1_261' title='bbox 2324 867 2431 916; x_wconf 85' lang='lat' dir='ltr'><strong>me.</strong></span> <span class='ocrx_word' id='word_1_262' title='bbox 2488 840 2544 905; x_wconf 91' lang='lat' dir='ltr'><strong>et</strong></span> <span class='ocrx_word' id='word_1_263' title='bbox 2575 852 2895 907; x_wconf 86' lang='lat' dir='ltr'><strong>memoriam</strong></span> <span class='ocrx_word' id='word_1_264' title='bbox 2941 854 3024 909; x_wconf 90' lang='lat' dir='ltr'><strong>sui</strong></span> <span class='ocrx_word' id='word_1_265' title='bbox 3060 855 3203 924; x_wconf 91' lang='lat' dir='ltr'><strong>apud</strong></span> <span class='ocrx_word' id='word_1_266' title='bbox 3251 856 3419 909; x_wconf 86' lang='lat' dir='ltr'><strong>Deum</strong></span> 
     </span>
    </p>
   </div>
   <div class='ocr_carea' id='block_1_38' title="bbox 1855 942 3416 1016">
    <p class='ocr_par' dir='ltr' id='par_1_38' title="bbox 1855 942 3416 1016">
     <span class='ocr_line' id='line_1_38' title="bbox 1855 942 3416 1016; baseline 0.004 -20"><span class='ocrx_word' id='word_1_267' title='bbox 1855 950 1916 996; x_wconf 91' lang='lat' dir='ltr'><strong>ut</strong></span> <span class='ocrx_word' id='word_1_268' title='bbox 1963 943 2221 1006; x_wconf 89' lang='lat' dir='ltr'><strong>facerem,</strong></span> <span class='ocrx_word' id='word_1_269' title='bbox 2267 942 2675 1013; x_wconf 80' lang='lat' dir='ltr'><strong>praecipientem</strong></span> <span class='ocrx_word' id='word_1_270' title='bbox 2717 961 2732 998; x_wconf 92' lang='lat'><strong>:</strong></span> <span class='ocrx_word' id='word_1_271' title='bbox 2782 954 3416 1016; x_wconf 89' lang='lat' dir='ltr'><strong>commemorantemque</strong></span> 
     </span>
    </p>
   </div>
   <div class='ocr_carea' id='block_1_39' title="bbox 1852 1032 3419 1104">
    <p class='ocr_par' dir='ltr' id='par_1_39' title="bbox 1852 1032 3419 1104">
     <span class='ocr_line' id='line_1_39' title="bbox 1852 1032 3419 1104; baseline 0.003 -18"><span class='ocrx_word' id='word_1_272' title='bbox 1852 1032 2093 1103; x_wconf 88' lang='lat' dir='ltr'><strong>qualiter</strong></span> <span class='ocrx_word' id='word_1_273' title='bbox 2116 1048 2245 1104; x_wconf 76' lang='lat' dir='ltr'><strong>erga</strong></span> <span class='ocrx_word' id='word_1_274' title='bbox 2271 1048 2357 1088; x_wconf 90' lang='lat' dir='ltr'><strong>me</strong></span> <span class='ocrx_word' id='word_1_275' title='bbox 2398 1049 2462 1088; x_wconf 87' lang='lat' dir='ltr'><strong>ac</strong></span> <span class='ocrx_word' id='word_1_276' title='bbox 2487 1042 2715 1088; x_wconf 88' lang='lat' dir='ltr'><strong>matrem</strong></span> <span class='ocrx_word' id='word_1_277' title='bbox 2761 1050 2937 1089; x_wconf 85' lang='lat' dir='ltr'><strong>meam</strong></span> <span class='ocrx_word' id='word_1_278' title='bbox 2962 1035 3137 1090; x_wconf 84' lang='lat' dir='ltr'><strong>fuerat</strong></span> <span class='ocrx_word' id='word_1_279' title='bbox 3170 1038 3419 1093; x_wconf 72' lang='lat' dir='ltr'><strong>affectus.</strong></span> 
     </span>
    </p>
   </div>
   <div class='ocr_carea' id='block_1_40' title="bbox 1855 1122 3419 1196">
    <p class='ocr_par' dir='ltr' id='par_1_40' title="bbox 1855 1122 3419 1196">
     <span class='ocr_line' id='line_1_40' title="bbox 1855 1122 3419 1196; baseline 0.002 -17"><span class='ocrx_word' id='word_1_280' title='bbox 1855 1123 2020 1179; x_wconf 85' lang='lat' dir='ltr'><strong>Hisce</strong></span> <span class='ocrx_word' id='word_1_281' title='bbox 2056 1123 2123 1178; x_wconf 88' lang='lat' dir='ltr'><strong>de</strong></span> <span class='ocrx_word' id='word_1_282' title='bbox 2156 1122 2414 1193; x_wconf 84' lang='lat' dir='ltr'><strong>pontifice</strong></span> <span class='ocrx_word' id='word_1_283' title='bbox 2441 1124 2705 1179; x_wconf 80' lang='lat' dir='ltr'><strong>fratribus</strong></span> <span class='ocrx_word' id='word_1_284' title='bbox 2739 1141 2767 1178; x_wconf 90' lang='lat' dir='ltr'><strong>a</strong></span> <span class='ocrx_word' id='word_1_285' title='bbox 2802 1124 3070 1196; x_wconf 91' lang='lat' dir='ltr'><strong>Symeone</strong></span> <span class='ocrx_word' id='word_1_286' title='bbox 3118 1127 3419 1196; x_wconf 61' lang='lat' dir='ltr'><strong>praedictis,</strong></span> 
     </span>
    </p>
   </div>
   <div class='ocr_carea' id='block_1_41' title="bbox 1856 1216 3425 1292">
    <p class='ocr_par' dir='ltr' id='par_1_41' title="bbox 1856 1216 3425 1292">
     <span class='ocr_line' id='line_1_41' title="bbox 1856 1216 3425 1292; baseline 0.004 -21"><span class='ocrx_word' id='word_1_287' title='bbox 1856 1222 2121 1271; x_wconf 88' lang='lat' dir='ltr'><strong>notarunt</strong></span> <span class='ocrx_word' id='word_1_288' title='bbox 2174 1216 2251 1270; x_wconf 91' lang='lat' dir='ltr'><strong>illi</strong></span> <span class='ocrx_word' id='word_1_289' title='bbox 2298 1224 2536 1286; x_wconf 89' lang='lat' dir='ltr'><strong>tempus,</strong></span> <span class='ocrx_word' id='word_1_290' title='bbox 2593 1227 3091 1288; x_wconf 89' lang='lat' dir='ltr'><strong>compcreruntque</strong></span> <span class='ocrx_word' id='word_1_291' title='bbox 3146 1219 3250 1275; x_wconf 89' lang='lat' dir='ltr'><strong>hac</strong></span> <span class='ocrx_word' id='word_1_292' title='bbox 3307 1219 3425 1292; x_wconf 84' lang='lat' dir='ltr'><strong>ipsa</strong></span> 
     </span>
    </p>
   </div>
   <div class='ocr_carea' id='block_1_42' title="bbox 1853 1308 3065 1378">
    <p class='ocr_par' dir='ltr' id='par_1_42' title="bbox 1853 1308 3065 1378">
     <span class='ocr_line' id='line_1_42' title="bbox 1853 1308 3065 1378; baseline 0.001 -15"><span class='ocrx_word' id='word_1_293' title='bbox 1853 1319 2017 1364; x_wconf 90' lang='lat' dir='ltr'><strong>nocte</strong></span> <span class='ocrx_word' id='word_1_294' title='bbox 2051 1320 2300 1364; x_wconf 90' lang='lat' dir='ltr'><strong>sanctum</strong></span> <span class='ocrx_word' id='word_1_295' title='bbox 2332 1308 2701 1378; x_wconf 84' lang='lat' dir='ltr'><strong>Ephraemium</strong></span> <span class='ocrx_word' id='word_1_296' title='bbox 2743 1308 3065 1364; x_wconf 90' lang='lat' dir='ltr'><strong>decessisse.</strong></span> 
     </span>
    </p>
   </div>
   <div class='ocr_carea' id='block_1_43' title="bbox 1926 1563 3425 1635">
    <p class='ocr_par' dir='ltr' id='par_1_43' title="bbox 1926 1563 3425 1635">
     <span class='ocr_line' id='line_1_43' title="bbox 1926 1563 3425 1635; baseline 0.001 -16"><span class='ocrx_word' id='word_1_297' title='bbox 1926 1566 2014 1621; x_wconf 78' lang='lat'><strong>76.</strong></span> <span class='ocrx_word' id='word_1_298' title='bbox 2056 1564 2347 1627; x_wconf 86' lang='lat' dir='ltr'><strong>Pluribus.</strong></span> <span class='ocrx_word' id='word_1_299' title='bbox 2378 1573 2439 1619; x_wconf 92' lang='lat' dir='ltr'><strong>ut</strong></span> <span class='ocrx_word' id='word_1_300' title='bbox 2468 1564 2548 1629; x_wconf 83' lang='lat' dir='ltr'><strong>fit,</strong></span> <span class='ocrx_word' id='word_1_301' title='bbox 2588 1564 2905 1619; x_wconf 89' lang='lat' dir='ltr'><strong>cathedram</strong></span> <span class='ocrx_word' id='word_1_302' title='bbox 2944 1563 3093 1619; x_wconf 88' lang='lat' dir='ltr'><strong>illam</strong></span> <span class='ocrx_word' id='word_1_303' title='bbox 3122 1566 3425 1635; x_wconf 85' lang='lat' dir='ltr'><strong>appetenti-</strong></span> 
     </span>
    </p>
   </div>
   <div class='ocr_carea' id='block_1_44' title="bbox 1856 1650 3473 1721">
    <p class='ocr_par' dir='ltr' id='par_1_44' title="bbox 1856 1650 3473 1721">
     <span class='ocr_line' id='line_1_44' title="bbox 1856 1650 3473 1721; baseline 0.001 -15"><span class='ocrx_word' id='word_1_304' title='bbox 1856 1652 1982 1717; x_wconf 86' lang='lat' dir='ltr'><strong>bus,</strong></span> <span class='ocrx_word' id='word_1_305' title='bbox 2009 1651 2226 1720; x_wconf 88' lang='lat' dir='ltr'><strong>sibique</strong></span> <span class='ocrx_word' id='word_1_306' title='bbox 2260 1667 2579 1721; x_wconf 89' lang='lat' dir='ltr'><strong>comparare</strong></span> <span class='ocrx_word' id='word_1_307' title='bbox 2599 1651 2993 1721; x_wconf 80' lang='lat' dir='ltr'><strong>satagentihus,</strong></span> <span class='ocrx_word' id='word_1_308' title='bbox 3018 1650 3224 1706; x_wconf 89' lang='lat' dir='ltr'><strong>factum</strong></span> <span class='ocrx_word' id='word_1_309' title='bbox 3248 1661 3335 1707; x_wconf 90' lang='lat' dir='ltr'><strong>est</strong></span> <span class='ocrx_word' id='word_1_310' title='bbox 3367 1661 3429 1708; x_wconf 90' lang='lat' dir='ltr'><strong>ut</strong></span> <span class='ocrx_word' id='word_1_311' title='bbox 3472 1652 3473 1655; x_wconf 58' lang='grc'><em>“</em></span> 
     </span>
    </p>
   </div>
   <div class='ocr_carea' id='block_1_45' title="bbox 1856 1742 3424 1816">
    <p class='ocr_par' dir='ltr' id='par_1_45' title="bbox 1856 1742 3424 1816">
     <span class='ocr_line' id='line_1_45' title="bbox 1856 1742 3424 1816; baseline 0.003 -20"><span class='ocrx_word' id='word_1_312' title='bbox 1856 1744 1942 1799; x_wconf 90' lang='lat' dir='ltr'><strong>vir</strong></span> <span class='ocrx_word' id='word_1_313' title='bbox 2000 1743 2244 1814; x_wconf 91' lang='lat' dir='ltr'><strong>quidam,</strong></span> <span class='ocrx_word' id='word_1_314' title='bbox 2302 1745 2569 1799; x_wconf 84' lang='lat' dir='ltr'><strong>Dominus</strong></span> <span class='ocrx_word' id='word_1_315' title='bbox 2619 1742 2730 1816; x_wconf 85' lang='lat' dir='ltr'><strong>(l9)</strong></span> <span class='ocrx_word' id='word_1_316' title='bbox 2768 1745 3014 1811; x_wconf 90' lang='lat' dir='ltr'><strong>nomine,</strong></span> <span class='ocrx_word' id='word_1_317' title='bbox 3063 1761 3130 1800; x_wconf 82' lang='lat' dir='ltr'><strong>ex</strong></span> <span class='ocrx_word' id='word_1_318' title='bbox 3192 1746 3424 1801; x_wconf 88' lang='lat' dir='ltr'><strong>Thracia</strong></span> 
     </span>
    </p>
   </div>
   <div class='ocr_carea' id='block_1_46' title="bbox 1858 1835 3427 1911">
    <p class='ocr_par' dir='ltr' id='par_1_46' title="bbox 1858 1835 3427 1911">
     <span class='ocr_line' id='line_1_46' title="bbox 1858 1835 3427 1911; baseline 0.002 -22"><span class='ocrx_word' id='word_1_319' title='bbox 1858 1835 2144 1901; x_wconf 88' lang='lat' dir='ltr'><strong>oriundus,</strong></span> <span class='ocrx_word' id='word_1_320' title='bbox 2178 1835 2473 1905; x_wconf 76' lang='lat' dir='ltr'><strong>praefectus</strong></span> <span class='ocrx_word' id='word_1_321' title='bbox 2503 1835 2716 1890; x_wconf 85' lang='lat' dir='ltr'><strong>cuidam</strong></span> <span class='ocrx_word' id='word_1_322' title='bbox 2772 1836 2927 1907; x_wconf 78' lang='lat' dir='ltr'><strong>juxta</strong></span> <span class='ocrx_word' id='word_1_323' title='bbox 2980 1837 3263 1909; x_wconf 86' lang='lat' dir='ltr'><strong>Lychnida</strong></span> <span class='ocrx_word' id='word_1_324' title='bbox 3313 1838 3427 1911; x_wconf 67' lang='lat'><strong>(20)</strong></span> 
     </span>
    </p>
   </div>
   <div class='ocr_carea' id='block_1_47' title="bbox 1858 1925 3427 1999">
    <p class='ocr_par' dir='ltr' id='par_1_47' title="bbox 1858 1925 3427 1999">
     <span class='ocr_line' id='line_1_47' title="bbox 1858 1925 3427 1999; baseline 0.001 -18"><span class='ocrx_word' id='word_1_325' title='bbox 1858 1926 2135 1981; x_wconf 86' lang='lat' dir='ltr'><strong>civitatem</strong></span> <span class='ocrx_word' id='word_1_326' title='bbox 2160 1925 2611 1996; x_wconf 88' lang='lat' dir='ltr'><strong>ptochotrophio,</strong></span> <span class='ocrx_word' id='word_1_327' title='bbox 2635 1927 2979 1997; x_wconf 74' lang='lat' dir='ltr'><strong>negotiorum</strong></span> <span class='ocrx_word' id='word_1_328' title='bbox 3008 1943 3170 1983; x_wconf 90' lang='lat' dir='ltr'><strong>causa</strong></span> <span class='ocrx_word' id='word_1_329' title='bbox 3188 1929 3427 1999; x_wconf 87' lang='lat' dir='ltr'><strong>impera-</strong></span> 
     </span>
    </p>
   </div>
   <div class='ocr_carea' id='block_1_48' title="bbox 1859 2017 3431 2089">
    <p class='ocr_par' dir='ltr' id='par_1_48' title="bbox 1859 2017 3431 2089">
     <span class='ocr_line' id='line_1_48' title="bbox 1859 2017 3431 2089; baseline 0.003 -19"><span class='ocrx_word' id='word_1_330' title='bbox 1859 2017 2052 2073; x_wconf 89' lang='lat' dir='ltr'><strong>tricem</strong></span> <span class='ocrx_word' id='word_1_331' title='bbox 2085 2032 2184 2087; x_wconf 87' lang='lat' dir='ltr'><strong>per</strong></span> <span class='ocrx_word' id='word_1_332' title='bbox 2230 2017 2369 2072; x_wconf 92' lang='lat' dir='ltr'><strong>illud</strong></span> <span class='ocrx_word' id='word_1_333' title='bbox 2400 2026 2617 2087; x_wconf 88' lang='lat' dir='ltr'><strong>tempus</strong></span> <span class='ocrx_word' id='word_1_334' title='bbox 2641 2019 2963 2073; x_wconf 82' lang='lat' dir='ltr'><strong>conveniret</strong></span> <span class='ocrx_word' id='word_1_335' title='bbox 3006 2036 3020 2073; x_wconf 91' lang='lat'><strong>:</strong></span> <span class='ocrx_word' id='word_1_336' title='bbox 3053 2019 3147 2089; x_wconf 90' lang='lat' dir='ltr'><strong>qui</strong></span> <span class='ocrx_word' id='word_1_337' title='bbox 3173 2018 3431 2074; x_wconf 72' lang='lat' dir='ltr'><strong>amicitia:</strong></span> 
     </span>
    </p>
   </div>
   <div class='ocr_carea' id='block_1_49' title="bbox 1852 2101 3431 2178">
    <p class='ocr_par' dir='ltr' id='par_1_49' title="bbox 1852 2101 3431 2178">
     <span class='ocr_line' id='line_1_49' title="bbox 1852 2101 3431 2178; baseline 0.002 -17"><span class='ocrx_word' id='word_1_338' title='bbox 1852 2108 1979 2178; x_wconf 86' lang='lat' dir='ltr'><strong>jure</strong></span> <span class='ocrx_word' id='word_1_339' title='bbox 2012 2108 2344 2178; x_wconf 90' lang='lat' dir='ltr'><strong>quibusdam</strong></span> <span class='ocrx_word' id='word_1_340' title='bbox 2380 2101 2574 2164; x_wconf 83' lang='lat' dir='ltr'><strong>aulicis</strong></span> <span class='ocrx_word' id='word_1_341' title='bbox 2609 2108 2931 2164; x_wconf 81' lang='lat' dir='ltr'><strong>familiarior</strong></span> <span class='ocrx_word' id='word_1_342' title='bbox 2964 2106 3166 2173; x_wconf 85' lang='lat' dir='ltr'><strong>factus,</strong></span> <span class='ocrx_word' id='word_1_343' title='bbox 3204 2108 3274 2163; x_wconf 85' lang='lat' dir='ltr'><strong>ab</strong></span> <span class='ocrx_word' id='word_1_344' title='bbox 3321 2106 3431 2164; x_wconf 83' lang='lat' dir='ltr'><strong>illis</strong></span> 
     </span>
    </p>
   </div>
   <div class='ocr_carea' id='block_1_50' title="bbox 1860 2199 3430 2273">
    <p class='ocr_par' dir='ltr' id='par_1_50' title="bbox 1860 2199 3430 2273">
     <span class='ocr_line' id='line_1_50' title="bbox 1860 2199 3430 2273; baseline -0.001 -17"><span class='ocrx_word' id='word_1_345' title='bbox 1860 2200 1929 2256; x_wconf 85' lang='lat' dir='ltr'><strong>ad</strong></span> <span class='ocrx_word' id='word_1_346' title='bbox 1972 2202 2375 2271; x_wconf 88' lang='lat' dir='ltr'><strong>imperatorem</strong></span> <span class='ocrx_word' id='word_1_347' title='bbox 2408 2201 2551 2273; x_wconf 89' lang='lat' dir='ltr'><strong>(erat</strong></span> <span class='ocrx_word' id='word_1_348' title='bbox 2598 2201 2645 2255; x_wconf 90' lang='lat' dir='ltr'><strong>is</strong></span> <span class='ocrx_word' id='word_1_349' title='bbox 2700 2200 3071 2267; x_wconf 85' lang='lat' dir='ltr'><strong>Justinianus)</strong></span> <span class='ocrx_word' id='word_1_350' title='bbox 3112 2199 3430 2255; x_wconf 85' lang='lat' dir='ltr'><strong>adducitur.</strong></span> 
     </span>
    </p>
   </div>
   <div class='ocr_carea' id='block_1_51' title="bbox 1860 2291 3431 2363">
    <p class='ocr_par' dir='ltr' id='par_1_51' title="bbox 1860 2291 3431 2363">
     <span class='ocr_line' id='line_1_51' title="bbox 1860 2291 3431 2363; baseline -0.001 -15"><span class='ocrx_word' id='word_1_351' title='bbox 1860 2292 2182 2363; x_wconf 87' lang='lat' dir='ltr'><strong>Imperator,</strong></span> <span class='ocrx_word' id='word_1_352' title='bbox 2215 2301 2276 2347; x_wconf 91' lang='lat' dir='ltr'><strong>ut</strong></span> <span class='ocrx_word' id='word_1_353' title='bbox 2302 2301 2423 2347; x_wconf 89' lang='lat' dir='ltr'><strong>erat</strong></span> <span class='ocrx_word' id='word_1_354' title='bbox 2453 2291 2723 2363; x_wconf 77' lang='lat' dir='ltr'><strong>regularis</strong></span> <span class='ocrx_word' id='word_1_355' title='bbox 2752 2292 3059 2363; x_wconf 72' lang='lat' dir='ltr'><strong>disciplinae</strong></span> <span class='ocrx_word' id='word_1_356' title='bbox 3099 2301 3265 2362; x_wconf 90' lang='lat' dir='ltr'><strong>atque</strong></span> <span class='ocrx_word' id='word_1_357' title='bbox 3301 2307 3431 2363; x_wconf 78' lang='lat' dir='ltr'><strong>apo-</strong></span> 
     </span>
    </p>
   </div>
   <div class='ocr_carea' id='block_1_52' title="bbox 1859 2382 3436 2455">
    <p class='ocr_par' dir='ltr' id='par_1_52' title="bbox 1859 2382 3436 2455">
     <span class='ocr_line' id='line_1_52' title="bbox 1859 2382 3436 2455; baseline -0.001 -16"><span class='ocrx_word' id='word_1_358' title='bbox 1859 2383 2175 2440; x_wconf 89' lang='lat' dir='ltr'><strong>stolicarum</strong></span> <span class='ocrx_word' id='word_1_359' title='bbox 2202 2382 2660 2439; x_wconf 87' lang='lat' dir='ltr'><strong>constitutionum</strong></span> <span class='ocrx_word' id='word_1_360' title='bbox 2690 2399 2884 2452; x_wconf 89' lang='lat' dir='ltr'><strong>parum</strong></span> <span class='ocrx_word' id='word_1_361' title='bbox 2916 2383 3221 2448; x_wconf 86' lang='lat' dir='ltr'><strong>studiosus,</strong></span> <span class='ocrx_word' id='word_1_362' title='bbox 3257 2383 3436 2455; x_wconf 88' lang='lat' dir='ltr'><strong>primo</strong></span> 
     </span>
    </p>
   </div>
   <div class='ocr_carea' id='block_1_53' title="bbox 1863 2474 3424 2546">
    <p class='ocr_par' dir='ltr' id='par_1_53' title="bbox 1863 2474 3424 2546">
     <span class='ocr_line' id='line_1_53' title="bbox 1863 2474 3424 2546; baseline 0 -16"><span class='ocrx_word' id='word_1_363' title='bbox 1863 2492 1987 2530; x_wconf 79' lang='lat' dir='ltr'><strong>mox</strong></span> <span class='ocrx_word' id='word_1_364' title='bbox 2011 2490 2305 2545; x_wconf 79' lang='lat' dir='ltr'><strong>congressu</strong></span> <span class='ocrx_word' id='word_1_365' title='bbox 2331 2476 2512 2530; x_wconf 89' lang='lat' dir='ltr'><strong>virum</strong></span> <span class='ocrx_word' id='word_1_366' title='bbox 2565 2474 2826 2545; x_wconf 78' lang='lat' dir='ltr'><strong>suffragio</strong></span> <span class='ocrx_word' id='word_1_367' title='bbox 2871 2490 2972 2530; x_wconf 87' lang='lat' dir='ltr'><strong>suo</strong></span> <span class='ocrx_word' id='word_1_368' title='bbox 3014 2476 3218 2546; x_wconf 77' lang='lat' dir='ltr'><strong>eligit:</strong></span> <span class='ocrx_word' id='word_1_369' title='bbox 3260 2476 3424 2540; x_wconf 86' lang='lat' dir='ltr'><strong>Ecce,</strong></span> 
     </span>
    </p>
   </div>
   <div class='ocr_carea' id='block_1_54' title="bbox 1862 2566 3439 2637">
    <p class='ocr_par' dir='ltr' id='par_1_54' title="bbox 1862 2566 3439 2637">
     <span class='ocr_line' id='line_1_54' title="bbox 1862 2566 3439 2637; baseline 0 -15"><span class='ocrx_word' id='word_1_370' title='bbox 1862 2568 2139 2637; x_wconf 90' lang='lat' dir='ltr'><strong>inquiens,</strong></span> <span class='ocrx_word' id='word_1_371' title='bbox 2176 2567 2266 2622; x_wconf 91' lang='lat' dir='ltr'><strong>hic</strong></span> <span class='ocrx_word' id='word_1_372' title='bbox 2308 2575 2395 2622; x_wconf 90' lang='lat' dir='ltr'><strong>est</strong></span> <span class='ocrx_word' id='word_1_373' title='bbox 2432 2566 2740 2621; x_wconf 62' lang='lat' dir='ltr'><strong>Antiochia:</strong></span> <span class='ocrx_word' id='word_1_374' title='bbox 2774 2568 3105 2637; x_wconf 88' lang='lat' dir='ltr'><strong>patriarcha.</strong></span> <span class='ocrx_word' id='word_1_375' title='bbox 3138 2568 3207 2622; x_wconf 89' lang='lat' dir='ltr'><strong>Et</strong></span> <span class='ocrx_word' id='word_1_376' title='bbox 3254 2567 3439 2623; x_wconf 85' lang='lat' dir='ltr'><strong>Domi-</strong></span> 
     </span>
    </p>
   </div>
   <div class='ocr_carea' id='block_1_55' title="bbox 1863 2658 3439 2715">
    <p class='ocr_par' dir='ltr' id='par_1_55' title="bbox 1863 2658 3439 2715">
     <span class='ocr_line' id='line_1_55' title="bbox 1863 2658 3439 2715; baseline -0.001 0"><span class='ocrx_word' id='word_1_377' title='bbox 1863 2675 1970 2715; x_wconf 89' lang='lat' dir='ltr'><strong>nus</strong></span> <span class='ocrx_word' id='word_1_378' title='bbox 2001 2660 2189 2715; x_wconf 89' lang='lat' dir='ltr'><strong>statim</strong></span> <span class='ocrx_word' id='word_1_379' title='bbox 2214 2658 2284 2713; x_wconf 89' lang='lat' dir='ltr'><strong>ad</strong></span> <span class='ocrx_word' id='word_1_380' title='bbox 2311 2658 2504 2715; x_wconf 87' lang='lat' dir='ltr'><strong>sedem</strong></span> <span class='ocrx_word' id='word_1_381' title='bbox 2539 2660 2690 2713; x_wconf 91' lang='lat' dir='ltr'><strong>illam</strong></span> <span class='ocrx_word' id='word_1_382' title='bbox 2739 2675 2797 2714; x_wconf 90' lang='lat' dir='ltr'><strong>se</strong></span> <span class='ocrx_word' id='word_1_383' title='bbox 2845 2660 3084 2714; x_wconf 84' lang='lat' dir='ltr'><strong>confert.</strong></span> <span class='ocrx_word' id='word_1_384' title='bbox 3139 2660 3439 2714; x_wconf 88' lang='lat' dir='ltr'><strong>Trausiens</strong></span> 
     </span>
    </p>
   </div>
   <div class='ocr_carea' id='block_1_56' title="bbox 1862 2752 3436 2825">
    <p class='ocr_par' dir='ltr' id='par_1_56' title="bbox 1862 2752 3436 2825">
     <span class='ocr_line' id='line_1_56' title="bbox 1862 2752 3436 2825; baseline 0.001 -19"><span class='ocrx_word' id='word_1_385' title='bbox 1862 2753 2047 2822; x_wconf 87' lang='lat' dir='ltr'><strong>itaque</strong></span> <span class='ocrx_word' id='word_1_386' title='bbox 2107 2769 2206 2823; x_wconf 91' lang='lat' dir='ltr'><strong>per</strong></span> <span class='ocrx_word' id='word_1_387' title='bbox 2250 2753 2517 2807; x_wconf 89' lang='lat' dir='ltr'><strong>suburbia</strong></span> <span class='ocrx_word' id='word_1_388' title='bbox 2570 2753 2960 2817; x_wconf 86' lang='lat' dir='ltr'><strong>Antiochena,</strong></span> <span class='ocrx_word' id='word_1_389' title='bbox 3020 2753 3323 2825; x_wconf 85' lang='lat' dir='ltr'><strong>vidensque</strong></span> <span class='ocrx_word' id='word_1_390' title='bbox 3381 2752 3436 2807; x_wconf 83' lang='lat' dir='ltr'><strong>in</strong></span> 
     </span>
    </p>
   </div>
   <div class='ocr_carea' id='block_1_57' title="bbox 1864 2844 3441 2923">
    <p class='ocr_par' dir='ltr' id='par_1_57' title="bbox 1864 2844 3441 2923">
     <span class='ocr_line' id='line_1_57' title="bbox 1864 2844 3441 2923; baseline 0.001 -25"><span class='ocrx_word' id='word_1_391' title='bbox 1864 2845 2072 2914; x_wconf 89' lang='lat' dir='ltr'><strong>templo</strong></span> <span class='ocrx_word' id='word_1_392' title='bbox 2100 2846 2235 2916; x_wconf 86' lang='lat' dir='ltr'><strong>justi</strong></span> <span class='ocrx_word' id='word_1_393' title='bbox 2267 2845 2391 2910; x_wconf 84' lang='lat' dir='ltr'><strong>Job,</strong></span> <span class='ocrx_word' id='word_1_394' title='bbox 2424 2844 2576 2923; x_wconf 75' lang='lat' dir='ltr'><strong>quod</strong></span> <span class='ocrx_word' id='word_1_395' title='bbox 2615 2845 2740 2898; x_wconf 89' lang='lat' dir='ltr'><strong>urbi</strong></span> <span class='ocrx_word' id='word_1_396' title='bbox 2773 2844 3016 2899; x_wconf 89' lang='lat' dir='ltr'><strong>vicinum</strong></span> <span class='ocrx_word' id='word_1_397' title='bbox 3062 2853 3169 2910; x_wconf 86' lang='lat' dir='ltr'><strong>est,</strong></span> <span class='ocrx_word' id='word_1_398' title='bbox 3218 2851 3441 2900; x_wconf 86' lang='lat' dir='ltr'><strong>sanctos</strong></span> 
     </span>
    </p>
   </div>
   <div class='ocr_carea' id='block_1_58' title="bbox 1866 2938 3437 3009">
    <p class='ocr_par' dir='ltr' id='par_1_58' title="bbox 1866 2938 3437 3009">
     <span class='ocr_line' id='line_1_58' title="bbox 1866 2938 3437 3009; baseline 0 -18"><span class='ocrx_word' id='word_1_399' title='bbox 1866 2938 2206 3009; x_wconf 91' lang='lat' dir='ltr'><strong>mutilosque</strong></span> <span class='ocrx_word' id='word_1_400' title='bbox 2238 2938 2495 2993; x_wconf 88' lang='lat' dir='ltr'><strong>homines</strong></span> <span class='ocrx_word' id='word_1_401' title='bbox 2520 2978 2536 3004; x_wconf 94' lang='lat'><strong>,</strong></span> <span class='ocrx_word' id='word_1_402' title='bbox 2580 2953 2723 3007; x_wconf 87' lang='lat' dir='ltr'><strong>quos</strong></span> <span class='ocrx_word' id='word_1_403' title='bbox 2754 2938 3116 2993; x_wconf 86' lang='lat' dir='ltr'><strong>vehementer</strong></span> <span class='ocrx_word' id='word_1_404' title='bbox 3177 2953 3437 2993; x_wconf 83' lang='lat' dir='ltr'><strong>exsecra-</strong></span> 
     </span>
    </p>
   </div>
   <div class='ocr_carea' id='block_1_59' title="bbox 1862 3029 3438 3099">
    <p class='ocr_par' dir='ltr' id='par_1_59' title="bbox 1862 3029 3438 3099">
     <span class='ocr_line' id='line_1_59' title="bbox 1862 3029 3438 3099; baseline -0.002 -13"><span class='ocrx_word' id='word_1_405' title='bbox 1862 3032 2051 3096; x_wconf 89' lang='lat' dir='ltr'><strong>batur,</strong></span> <span class='ocrx_word' id='word_1_406' title='bbox 2067 3031 2196 3086; x_wconf 90' lang='lat' dir='ltr'><strong>inde</strong></span> <span class='ocrx_word' id='word_1_407' title='bbox 2209 3030 2429 3086; x_wconf 87' lang='lat' dir='ltr'><strong>censuit</strong></span> <span class='ocrx_word' id='word_1_408' title='bbox 2449 3030 2558 3084; x_wconf 90' lang='lat' dir='ltr'><strong>alio</strong></span> <span class='ocrx_word' id='word_1_409' title='bbox 2580 3029 3021 3085; x_wconf 88' lang='lat' dir='ltr'><strong>transferendos:</strong></span> <span class='ocrx_word' id='word_1_410' title='bbox 3038 3029 3138 3094; x_wconf 84' lang='lat' dir='ltr'><strong>Ne,</strong></span> <span class='ocrx_word' id='word_1_411' title='bbox 3160 3029 3438 3099; x_wconf 88' lang='lat' dir='ltr'><strong>inquiens,</strong></span> 
     </span>
    </p>
   </div>
   <div class='ocr_carea' id='block_1_60' title="bbox 190 3119 1759 3215">
    <p class='ocr_par' dir='ltr' id='par_1_60' title="bbox 190 3129 1753 3208">
     <span class='ocr_line' id='line_1_60' title="bbox 190 3129 1753 3208; baseline 0.004 -25"><span class='ocrx_word' id='word_1_412' title='bbox 190 3131 285 3184; x_wconf 75' lang='grc' dir='ltr'>καὶ</span> <span class='ocrx_word' id='word_1_413' title='bbox 316 3129 452 3201; x_wconf 82' lang='grc' dir='ltr'>πρὸς</span> <span class='ocrx_word' id='word_1_414' title='bbox 534 3131 626 3185; x_wconf 84' lang='grc' dir='ltr'><strong>τὸν</strong></span> <span class='ocrx_word' id='word_1_415' title='bbox 653 3133 866 3201; x_wconf 79' lang='grc' dir='ltr'>Ἂγιον,</span> <span class='ocrx_word' id='word_1_416' title='bbox 896 3134 972 3197; x_wconf 84' lang='grc' dir='ltr'>ὡς</span> <span class='ocrx_word' id='word_1_417' title='bbox 1033 3134 1262 3199; x_wconf 71' lang='grc' dir='ltr'>ἕκαστος</span> <span class='ocrx_word' id='word_1_418' title='bbox 1307 3133 1418 3206; x_wconf 81' lang='grc' dir='ltr'>εἶχε</span> <span class='ocrx_word' id='word_1_419' title='bbox 1443 3137 1572 3190; x_wconf 87' lang='grc' dir='ltr'>δυνά</span> <span class='ocrx_word' id='word_1_420' title='bbox 1586 3155 1753 3208; x_wconf 84' lang='grc' dir='ltr'>μεως,</span> 
     </span>
    </p>
   </div>
   <div class='ocr_carea' id='block_1_61' title="bbox 1866 3119 3436 3215">
    <p class='ocr_par' dir='ltr' id='par_1_61' title="bbox 1866 3119 3436 3197">
     <span class='ocr_line' id='line_1_61' title="bbox 1866 3119 3436 3197; baseline -0.003 -15"><span class='ocrx_word' id='word_1_421' title='bbox 1866 3142 1968 3197; x_wconf 90' lang='lat' dir='ltr'><strong>pro</strong></span> <span class='ocrx_word' id='word_1_422' title='bbox 1997 3125 2153 3179; x_wconf 88' lang='lat' dir='ltr'><strong>urbis</strong></span> <span class='ocrx_word' id='word_1_423' title='bbox 2173 3125 2407 3194; x_wconf 84' lang='lat' dir='ltr'><strong>hujusce</strong></span> <span class='ocrx_word' id='word_1_424' title='bbox 2441 3134 2667 3188; x_wconf 89' lang='lat' dir='ltr'><strong>ornatu,</strong></span> <span class='ocrx_word' id='word_1_425' title='bbox 2689 3123 2931 3178; x_wconf 88' lang='lat' dir='ltr'><strong>dedecus</strong></span> <span class='ocrx_word' id='word_1_426' title='bbox 2968 3119 3048 3177; x_wconf 90' lang='lat' dir='ltr'><strong>illi</strong></span> <span class='ocrx_word' id='word_1_427' title='bbox 3103 3125 3235 3179; x_wconf 87' lang='lat' dir='ltr'><strong>sint.</strong></span> <span class='ocrx_word' id='word_1_428' title='bbox 3281 3122 3436 3190; x_wconf 85' lang='lat' dir='ltr'><strong>Quod</strong></span> 
     </span>
    </p>
   </div>
   <div class='ocr_carea' id='block_1_62' title="bbox 180 3222 1765 3299">
    <p class='ocr_par' dir='ltr' id='par_1_62' title="bbox 180 3222 1765 3299">
     <span class='ocr_line' id='line_1_62' title="bbox 180 3222 1765 3299; baseline 0.005 -25"><span class='ocrx_word' id='word_1_429' title='bbox 180 3222 523 3290; x_wconf 84' lang='grc' dir='ltr'>ἀνελθόντας,</span> <span class='ocrx_word' id='word_1_430' title='bbox 557 3227 684 3288; x_wconf 83' lang='grc' dir='ltr'>τοὺς</span> <span class='ocrx_word' id='word_1_431' title='bbox 734 3226 832 3296; x_wconf 85' lang='grc' dir='ltr'><strong>μὲν</strong></span> <span class='ocrx_word' id='word_1_432' title='bbox 884 3226 1013 3280; x_wconf 75' lang='grc' dir='ltr'>ποσὶ</span> <span class='ocrx_word' id='word_1_433' title='bbox 1066 3227 1160 3280; x_wconf 75' lang='grc' dir='ltr'>καὶ</span> <span class='ocrx_word' id='word_1_434' title='bbox 1202 3226 1508 3299; x_wconf 88' lang='grc' dir='ltr'>βακτηρίῳ,</span> <span class='ocrx_word' id='word_1_435' title='bbox 1553 3230 1681 3293; x_wconf 77' lang='grc' dir='ltr'>τοὺς</span> <span class='ocrx_word' id='word_1_436' title='bbox 1708 3230 1765 3283; x_wconf 83' lang='grc' dir='ltr'>δὲ</span> 
     </span>
    </p>
   </div>
   <div class='ocr_carea' id='block_1_63' title="bbox 187 3311 1766 3393">
    <p class='ocr_par' dir='ltr' id='par_1_63' title="bbox 187 3311 1766 3393">
     <span class='ocr_line' id='line_1_63' title="bbox 187 3311 1766 3393; baseline 0.006 -29"><span class='ocrx_word' id='word_1_437' title='bbox 187 3311 388 3383; x_wconf 73' lang='grc' dir='ltr'>φόρτον</span> <span class='ocrx_word' id='word_1_438' title='bbox 439 3314 558 3367; x_wconf 76' lang='grc' dir='ltr'>ἐκεῖ</span> <span class='ocrx_word' id='word_1_439' title='bbox 614 3315 1007 3393; x_wconf 79' lang='grc' dir='ltr'>κομισθέντας,</span> <span class='ocrx_word' id='word_1_440' title='bbox 1041 3317 1126 3370; x_wconf 73' lang='grc' dir='ltr'>τὶν</span> <span class='ocrx_word' id='word_1_441' title='bbox 1180 3317 1238 3370; x_wconf 82' lang='grc' dir='ltr'>δὲ</span> <span class='ocrx_word' id='word_1_442' title='bbox 1288 3318 1382 3371; x_wconf 86' lang='grc' dir='ltr'><strong>τοῦ</strong></span> <span class='ocrx_word' id='word_1_443' title='bbox 1444 3321 1502 3371; x_wconf 85' lang='grc' dir='ltr'>ὲν</span> <span class='ocrx_word' id='word_1_444' title='bbox 1561 3319 1766 3388; x_wconf 81' lang='grc' dir='ltr'>Ἀγίοις</span> 
     </span>
    </p>
   </div>
   <div class='ocr_carea' id='block_1_64' title="bbox 199 3404 1764 3481">
    <p class='ocr_par' dir='ltr' id='par_1_64' title="bbox 199 3404 1764 3481">
     <span class='ocr_line' id='line_1_64' title="bbox 199 3404 1764 3481; baseline 0.004 -24"><span class='ocrx_word' id='word_1_445' title='bbox 199 3404 523 3476; x_wconf 81' lang='grc' dir='ltr'>Ἑφραιμίου</span> <span class='ocrx_word' id='word_1_446' title='bbox 574 3407 937 3475; x_wconf 78' lang='grc' dir='ltr'>συμπάθειαν,</span> <span class='ocrx_word' id='word_1_447' title='bbox 978 3410 1073 3461; x_wconf 73' lang='grc' dir='ltr'><strong>καὶ</strong></span> <span class='ocrx_word' id='word_1_448' title='bbox 1096 3409 1198 3462; x_wconf 79' lang='grc' dir='ltr'><strong>ὅσα</strong></span> <span class='ocrx_word' id='word_1_449' title='bbox 1240 3410 1358 3479; x_wconf 89' lang='grc' dir='ltr'>μετ’</span> <span class='ocrx_word' id='word_1_450' title='bbox 1387 3411 1568 3463; x_wconf 88' lang='grc' dir='ltr'>αὐτῶν</span> <span class='ocrx_word' id='word_1_451' title='bbox 1613 3411 1764 3481; x_wconf 75' lang='grc' dir='ltr'>ἕδρα,</span> 
     </span>
    </p>
   </div>
   <div class='ocr_carea' id='block_1_65' title="bbox 188 3497 1765 3571">
    <p class='ocr_par' dir='ltr' id='par_1_65' title="bbox 188 3497 1765 3571">
     <span class='ocr_line' id='line_1_65' title="bbox 188 3497 1765 3571; baseline 0.005 -22"><span class='ocrx_word' id='word_1_452' title='bbox 188 3497 307 3561; x_wconf 79' lang='grc' dir='ltr'>οἵας</span> <span class='ocrx_word' id='word_1_453' title='bbox 358 3515 418 3550; x_wconf 90' lang='grc' dir='ltr'><strong>τε</strong></span> <span class='ocrx_word' id='word_1_454' title='bbox 470 3498 565 3552; x_wconf 85' lang='grc' dir='ltr'><strong>τοῦ</strong></span> <span class='ocrx_word' id='word_1_455' title='bbox 602 3498 698 3552; x_wconf 89' lang='grc' dir='ltr'><strong>νῦν</strong></span> <span class='ocrx_word' id='word_1_456' title='bbox 727 3501 1026 3571; x_wconf 76' lang='grc' dir='ltr'>ἀρχιερέως</span> <span class='ocrx_word' id='word_1_457' title='bbox 1075 3501 1176 3569; x_wconf 84' lang='grc' dir='ltr'><strong>τῆς</strong></span> <span class='ocrx_word' id='word_1_458' title='bbox 1223 3501 1600 3571; x_wconf 79' lang='grc' dir='ltr'>ἀσπλαγχνίας</span> <span class='ocrx_word' id='word_1_459' title='bbox 1664 3522 1765 3557; x_wconf 87' lang='grc' dir='ltr'>πε-</span> 
     </span>
    </p>
   </div>
   <div class='ocr_carea' id='block_1_66' title="bbox 186 3588 1765 3665">
    <p class='ocr_par' dir='ltr' id='par_1_66' title="bbox 186 3588 1765 3665">
     <span class='ocr_line' id='line_1_66' title="bbox 186 3588 1765 3665; baseline 0.005 -25"><span class='ocrx_word' id='word_1_460' title='bbox 186 3588 499 3658; x_wconf 82' lang='grc' dir='ltr'>πείρανται,</span> <span class='ocrx_word' id='word_1_461' title='bbox 527 3589 624 3643; x_wconf 71' lang='grc' dir='ltr'><strong>καὶ</strong></span> <span class='ocrx_word' id='word_1_462' title='bbox 678 3591 826 3654; x_wconf 81' lang='grc' dir='ltr'>ὅπως</span> <span class='ocrx_word' id='word_1_463' title='bbox 878 3591 1000 3645; x_wconf 84' lang='grc' dir='ltr'>οὐδὲ</span> <span class='ocrx_word' id='word_1_464' title='bbox 1043 3593 1151 3663; x_wconf 78' lang='grc' dir='ltr'><strong>πρὸ</strong></span> <span class='ocrx_word' id='word_1_465' title='bbox 1208 3592 1310 3662; x_wconf 80' lang='grc' dir='ltr'>τῆς</span> <span class='ocrx_word' id='word_1_466' title='bbox 1366 3592 1573 3658; x_wconf 87' lang='grc' dir='ltr'>πόλεως</span> <span class='ocrx_word' id='word_1_467' title='bbox 1615 3594 1765 3665; x_wconf 83' lang='grc' dir='ltr'>αύτῷ</span> 
     </span>
    </p>
   </div>
   <div class='ocr_carea' id='block_1_67' title="bbox 188 3681 1765 3758">
    <p class='ocr_par' dir='ltr' id='par_1_67' title="bbox 188 3681 1765 3758">
     <span class='ocr_line' id='line_1_67' title="bbox 188 3681 1765 3758; baseline 0.004 -25"><span class='ocrx_word' id='word_1_468' title='bbox 188 3681 411 3745; x_wconf 83' lang='grc' dir='ltr'>τούτους</span> <span class='ocrx_word' id='word_1_469' title='bbox 454 3684 585 3755; x_wconf 78' lang='grc' dir='ltr'>όρᾷν</span> <span class='ocrx_word' id='word_1_470' title='bbox 636 3682 885 3750; x_wconf 84' lang='grc' dir='ltr'>ἀνεκτὸν,</span> <span class='ocrx_word' id='word_1_471' title='bbox 938 3683 1159 3755; x_wconf 81' lang='grc' dir='ltr'>θρήνοις</span> <span class='ocrx_word' id='word_1_472' title='bbox 1207 3683 1326 3755; x_wconf 72' lang='grc' dir='ltr'><strong>ἅμα</strong></span> <span class='ocrx_word' id='word_1_473' title='bbox 1358 3686 1453 3739; x_wconf 78' lang='grc' dir='ltr'><strong>καὶ</strong></span> <span class='ocrx_word' id='word_1_474' title='bbox 1509 3686 1765 3758; x_wconf 84' lang='grc' dir='ltr'>ὀδυρμοῖς</span> 
     </span>
    </p>
   </div>
   <div class='ocr_carea' id='block_1_68' title="bbox 187 3774 1762 3843">
    <p class='ocr_par' dir='ltr' id='par_1_68' title="bbox 187 3774 1762 3843">
     <span class='ocr_line' id='line_1_68' title="bbox 187 3774 1762 3843; baseline 0.004 -18"><span class='ocrx_word' id='word_1_475' title='bbox 187 3774 541 3843; x_wconf 83' lang='grc' dir='ltr'>ἀπαγγεῖλαι.</span> <span class='ocrx_word' id='word_1_476' title='bbox 576 3775 679 3829; x_wconf 83' lang='grc' dir='ltr'><strong>Τὸν</strong></span> <span class='ocrx_word' id='word_1_477' title='bbox 716 3775 775 3829; x_wconf 82' lang='grc' dir='ltr'>δὲ</span> <span class='ocrx_word' id='word_1_478' title='bbox 834 3774 1002 3830; x_wconf 78' lang='grc' dir='ltr'>πολὺν</span> <span class='ocrx_word' id='word_1_479' title='bbox 1052 3775 1233 3830; x_wconf 85' lang='grc' dir='ltr'>αὐτῶν</span> <span class='ocrx_word' id='word_1_480' title='bbox 1284 3774 1463 3831; x_wconf 83' lang='grc' dir='ltr'>οἶκτον</span> <span class='ocrx_word' id='word_1_481' title='bbox 1509 3777 1762 3832; x_wconf 74' lang='grc' dir='ltr'>λαϐόντα·</span> 
     </span>
    </p>
   </div>
   <div class='ocr_carea' id='block_1_69' title="bbox 193 3866 1768 3943">
    <p class='ocr_par' dir='ltr' id='par_1_69' title="bbox 193 3866 1768 3943">
     <span class='ocr_line' id='line_1_69' title="bbox 193 3866 1768 3943; baseline 0.004 -24"><span class='ocrx_word' id='word_1_482' title='bbox 193 3866 502 3932; x_wconf 87' lang='grc' dir='ltr'>Παύσασθε,</span> <span class='ocrx_word' id='word_1_483' title='bbox 530 3868 772 3938; x_wconf 75' lang='grc' dir='ltr'>ἀδελφοὶ,</span> <span class='ocrx_word' id='word_1_484' title='bbox 790 3869 955 3938; x_wconf 84' lang='grc' dir='ltr'>φάναι</span> <span class='ocrx_word' id='word_1_485' title='bbox 977 3869 1182 3933; x_wconf 73' lang='grc' dir='ltr'>ὀὐδεὶς</span> <span class='ocrx_word' id='word_1_486' title='bbox 1201 3869 1346 3941; x_wconf 82' lang='grc' dir='ltr'>ὑμᾶς</span> <span class='ocrx_word' id='word_1_487' title='bbox 1368 3869 1577 3924; x_wconf 73' lang='grc' dir='ltr'>ἐκεῖθεν</span> <span class='ocrx_word' id='word_1_488' title='bbox 1599 3888 1768 3943; x_wconf 80' lang='grc' dir='ltr'>μετα-</span> 
     </span>
    </p>
   </div>
   <div class='ocr_carea' id='block_1_70' title="bbox 192 3962 1765 4036">
    <p class='ocr_par' dir='ltr' id='par_1_70' title="bbox 192 3962 1765 4036">
     <span class='ocr_line' id='line_1_70' title="bbox 192 3962 1765 4036; baseline 0.003 -22"><span class='ocrx_word' id='word_1_489' title='bbox 192 3962 747 4035; x_wconf 74' lang='grc' dir='ltr'>στῆσαιδυνήσεται.</span> <span class='ocrx_word' id='word_1_490' title='bbox 821 3963 968 4018; x_wconf 82' lang='grc' dir='ltr'>Ἀλλ’</span> <span class='ocrx_word' id='word_1_491' title='bbox 1003 3965 1038 4036; x_wconf 79' lang='grc' dir='ltr'>ἡ</span> <span class='ocrx_word' id='word_1_492' title='bbox 1076 3963 1297 4018; x_wconf 86' lang='grc' dir='ltr'>παιδεία</span> <span class='ocrx_word' id='word_1_493' title='bbox 1348 3964 1557 4035; x_wconf 81' lang='grc' dir='ltr'>Κυρίου</span> <span class='ocrx_word' id='word_1_494' title='bbox 1625 3965 1765 4036; x_wconf 83' lang='grc' dir='ltr'>αὐτὴ</span> 
     </span>
    </p>
   </div>
   <div class='ocr_carea' id='block_1_71' title="bbox 193 4054 1767 4130">
    <p class='ocr_par' dir='ltr' id='par_1_71' title="bbox 193 4054 1767 4130">
     <span class='ocr_line' id='line_1_71' title="bbox 193 4054 1767 4130; baseline 0.003 -24"><span class='ocrx_word' id='word_1_495' title='bbox 193 4054 482 4124; x_wconf 84' lang='grc' dir='ltr'>συναλγεῖν</span> <span class='ocrx_word' id='word_1_496' title='bbox 509 4055 673 4110; x_wconf 79' lang='grc' dir='ltr'>αὐτὸν</span> <span class='ocrx_word' id='word_1_497' title='bbox 700 4055 902 4122; x_wconf 79' lang='grc' dir='ltr'>διδάξει</span> <span class='ocrx_word' id='word_1_498' title='bbox 928 4058 1044 4121; x_wconf 86' lang='grc' dir='ltr'>τοῖς</span> <span class='ocrx_word' id='word_1_499' title='bbox 1087 4057 1409 4127; x_wconf 75' lang='grc' dir='ltr'>πάσχουσιν,</span> <span class='ocrx_word' id='word_1_500' title='bbox 1433 4056 1575 4111; x_wconf 80' lang='grc' dir='ltr'>ὥστε</span> <span class='ocrx_word' id='word_1_501' title='bbox 1598 4058 1767 4130; x_wconf 79' lang='grc' dir='ltr'>πείρᾳ.</span> 
     </span>
    </p>
   </div>
   <div class='ocr_carea' id='block_1_72' title="bbox 194 4148 1764 4222">
    <p class='ocr_par' dir='ltr' id='par_1_72' title="bbox 194 4148 1764 4222">
     <span class='ocr_line' id='line_1_72' title="bbox 194 4148 1764 4222; baseline -0.001 -18"><span class='ocrx_word' id='word_1_502' title='bbox 194 4149 408 4221; x_wconf 75' lang='grc' dir='ltr'>μαθεῖν,</span> <span class='ocrx_word' id='word_1_503' title='bbox 439 4148 470 4203; x_wconf 83' lang='grc' dir='ltr'><strong>ὃ</strong></span> <span class='ocrx_word' id='word_1_504' title='bbox 492 4148 846 4219; x_wconf 85' lang='grc' dir='ltr'>γεωργοῦσαν</span> <span class='ocrx_word' id='word_1_505' title='bbox 875 4149 976 4213; x_wconf 66' lang='grc' dir='ltr'><strong>οὐκ</strong></span> <span class='ocrx_word' id='word_1_506' title='bbox 998 4150 1156 4220; x_wconf 76' lang='grc' dir='ltr'>ἔσχεν</span> <span class='ocrx_word' id='word_1_507' title='bbox 1187 4149 1403 4204; x_wconf 81' lang='grc' dir='ltr'>οτκοθεν</span> <span class='ocrx_word' id='word_1_508' title='bbox 1438 4150 1539 4222; x_wconf 83' lang='grc' dir='ltr'><strong>τὴν</strong></span> <span class='ocrx_word' id='word_1_509' title='bbox 1569 4151 1764 4222; x_wconf 88' lang='grc' dir='ltr'>προαί-</span> 
     </span>
    </p>
   </div>
   <div class='ocr_carea' id='block_1_73' title="bbox 190 4239 1766 4315">
    <p class='ocr_par' dir='ltr' id='par_1_73' title="bbox 190 4239 1766 4315">
     <span class='ocr_line' id='line_1_73' title="bbox 190 4239 1766 4315; baseline 0 -18"><span class='ocrx_word' id='word_1_510' title='bbox 190 4261 364 4315; x_wconf 82' lang='grc' dir='ltr'>ρεσιν.</span> <span class='ocrx_word' id='word_1_511' title='bbox 385 4244 571 4297; x_wconf 85' lang='grc' dir='ltr'>Ταῦτα</span> <span class='ocrx_word' id='word_1_512' title='bbox 597 4239 737 4310; x_wconf 75' lang='grc' dir='ltr'>εἶτα,</span> <span class='ocrx_word' id='word_1_513' title='bbox 763 4243 860 4297; x_wconf 75' lang='grc' dir='ltr'><strong>καὶ</strong></span> <span class='ocrx_word' id='word_1_514' title='bbox 914 4243 1031 4313; x_wconf 89' lang='grc' dir='ltr'>μετ’</span> <span class='ocrx_word' id='word_1_515' title='bbox 1058 4242 1241 4312; x_wconf 84' lang='grc' dir='ltr'>ὀλίγον</span> <span class='ocrx_word' id='word_1_516' title='bbox 1270 4243 1412 4297; x_wconf 78' lang='grc' dir='ltr'>οὕτω</span> <span class='ocrx_word' id='word_1_517' title='bbox 1444 4245 1625 4315; x_wconf 83' lang='grc' dir='ltr'>χεῖρες</span> <span class='ocrx_word' id='word_1_518' title='bbox 1670 4243 1766 4297; x_wconf 70' lang='grc' dir='ltr'>καὶ</span> 
     </span>
    </p>
   </div>
   <div class='ocr_carea' id='block_1_74' title="bbox 190 4334 1765 4408">
    <p class='ocr_par' dir='ltr' id='par_1_74' title="bbox 190 4334 1765 4408">
     <span class='ocr_line' id='line_1_74' title="bbox 190 4334 1765 4408; baseline 0.001 -20"><span class='ocrx_word' id='word_1_519' title='bbox 190 4334 349 4398; x_wconf 86' lang='grc' dir='ltr'>πόδες</span> <span class='ocrx_word' id='word_1_520' title='bbox 394 4334 474 4404; x_wconf 85' lang='grc' dir='ltr'>τῷ</span> <span class='ocrx_word' id='word_1_521' title='bbox 498 4335 749 4407; x_wconf 79' lang='grc' dir='ltr'>ἀρχιερεῖ</span> <span class='ocrx_word' id='word_1_522' title='bbox 797 4336 1181 4406; x_wconf 86' lang='grc' dir='ltr'>κάμπτονται,</span> <span class='ocrx_word' id='word_1_523' title='bbox 1215 4336 1292 4401; x_wconf 86' lang='grc' dir='ltr'>ὡς</span> <span class='ocrx_word' id='word_1_524' title='bbox 1338 4336 1475 4408; x_wconf 79' lang='grc' dir='ltr'>μηδὲ</span> <span class='ocrx_word' id='word_1_525' title='bbox 1502 4335 1765 4391; x_wconf 90' lang='grc' dir='ltr'>δύνασθαί</span> 
     </span>
    </p>
   </div>
   <div class='ocr_carea' id='block_1_75' title="bbox 186 4426 1764 4499">
    <p class='ocr_par' dir='ltr' id='par_1_75' title="bbox 186 4426 1764 4499">
     <span class='ocr_line' id='line_1_75' title="bbox 186 4426 1764 4499; baseline 0.004 -21"><span class='ocrx_word' id='word_1_526' title='bbox 186 4442 242 4479; x_wconf 77' lang='grc' dir='ltr'><strong>τι</strong></span> <span class='ocrx_word' id='word_1_527' title='bbox 288 4427 488 4499; x_wconf 81' lang='grc' dir='ltr'>δρᾶσαι</span> <span class='ocrx_word' id='word_1_528' title='bbox 546 4426 613 4480; x_wconf 80' lang='grc' dir='ltr'>δι’</span> <span class='ocrx_word' id='word_1_529' title='bbox 643 4426 821 4482; x_wconf 79' lang='grc' dir='ltr'>αὐτῶν</span> <span class='ocrx_word' id='word_1_530' title='bbox 856 4427 918 4480; x_wconf 82' lang='grc' dir='ltr'><strong>τὸ</strong></span> <span class='ocrx_word' id='word_1_531' title='bbox 959 4428 1247 4499; x_wconf 85' lang='grc' dir='ltr'>παράπαν,</span> <span class='ocrx_word' id='word_1_532' title='bbox 1286 4428 1402 4483; x_wconf 88' lang='grc' dir='ltr'>ἀλλ’</span> <span class='ocrx_word' id='word_1_533' title='bbox 1427 4428 1516 4485; x_wconf 79' lang='grc' dir='ltr'>οἷά</span> <span class='ocrx_word' id='word_1_534' title='bbox 1532 4447 1655 4484; x_wconf 87' lang='grc' dir='ltr'>τινα</span> <span class='ocrx_word' id='word_1_535' title='bbox 1684 4448 1764 4484; x_wconf 89' lang='grc' dir='ltr'>νε-</span> 
     </span>
    </p>
   </div>
   <div class='ocr_carea' id='block_1_76' title="bbox 188 4517 1385 4593">
    <p class='ocr_par' dir='ltr' id='par_1_76' title="bbox 188 4517 1385 4593">
     <span class='ocr_line' id='line_1_76' title="bbox 188 4517 1385 4593; baseline 0.002 -21"><span class='ocrx_word' id='word_1_536' title='bbox 188 4517 322 4588; x_wconf 83' lang='grc' dir='ltr'>κρὸν</span> <span class='ocrx_word' id='word_1_537' title='bbox 350 4517 596 4592; x_wconf 80' lang='grc' dir='ltr'>ἔμψυχον</span> <span class='ocrx_word' id='word_1_538' title='bbox 630 4519 1070 4593; x_wconf 77' lang='grc' dir='ltr'>διαδαστάζομεν</span> <span class='ocrx_word' id='word_1_539' title='bbox 1099 4521 1385 4592; x_wconf 87' lang='grc' dir='ltr'>φέρεσθαι.</span> 
     </span>
    </p>
   </div>
   <div class='ocr_carea' id='block_1_77' title="bbox 258 4786 1764 4859">
    <p class='ocr_par' dir='ltr' id='par_1_77' title="bbox 258 4786 1764 4859">
     <span class='ocr_line' id='line_1_77' title="bbox 258 4786 1764 4859; baseline 0 -17"><span class='ocrx_word' id='word_1_540' title='bbox 258 4787 361 4854; x_wconf 76' lang='grc' dir='ltr'><strong>οζ’.</strong></span> <span class='ocrx_word' id='word_1_541' title='bbox 400 4786 581 4857; x_wconf 84' lang='grc' dir='ltr'>Ἀνδρί</span> <span class='ocrx_word' id='word_1_542' title='bbox 625 4803 734 4841; x_wconf 91' lang='grc' dir='ltr'>τινι</span> <span class='ocrx_word' id='word_1_543' title='bbox 779 4787 923 4841; x_wconf 88' lang='grc' dir='ltr'><strong>κατά</strong></span> <span class='ocrx_word' id='word_1_544' title='bbox 966 4786 1066 4859; x_wconf 83' lang='grc' dir='ltr'>τὴν</span> <span class='ocrx_word' id='word_1_545' title='bbox 1103 4786 1332 4856; x_wconf 87' lang='grc' dir='ltr'>Περσῶν</span> <span class='ocrx_word' id='word_1_546' title='bbox 1356 4786 1494 4858; x_wconf 79' lang='grc' dir='ltr'>πρὸς</span> <span class='ocrx_word' id='word_1_547' title='bbox 1526 4787 1764 4858; x_wconf 84' lang='grc' dir='ltr'>χαλεπὸν</span> 
     </span>
    </p>
   </div>
   <div class='ocr_carea' id='block_1_78' title="bbox 192 4873 1766 4948">
    <p class='ocr_par' dir='ltr' id='par_1_78' title="bbox 192 4873 1766 4948">
     <span class='ocr_line' id='line_1_78' title="bbox 192 4873 1766 4948; baseline -0.001 -17"><span class='ocrx_word' id='word_1_548' title='bbox 192 4876 477 4932; x_wconf 84' lang='grc' dir='ltr'>παλαίοντι</span> <span class='ocrx_word' id='word_1_549' title='bbox 524 4875 779 4948; x_wconf 89' lang='grc' dir='ltr'>δαίμονα,</span> <span class='ocrx_word' id='word_1_550' title='bbox 829 4875 1153 4945; x_wconf 87' lang='grc' dir='ltr'>ἀπαλλαγήν</span> <span class='ocrx_word' id='word_1_551' title='bbox 1182 4892 1240 4928; x_wconf 89' lang='grc' dir='ltr'><strong>τε</strong></span> <span class='ocrx_word' id='word_1_552' title='bbox 1271 4873 1461 4929; x_wconf 82' lang='grc' dir='ltr'>τούτου</span> <span class='ocrx_word' id='word_1_553' title='bbox 1490 4875 1766 4946; x_wconf 88' lang='grc' dir='ltr'>μηδεμίαν</span> 
     </span>
    </p>
   </div>
   <div class='ocr_carea' id='block_1_79' title="bbox 189 4968 1763 5041">
    <p class='ocr_par' dir='ltr' id='par_1_79' title="bbox 189 4968 1763 5041">
     <span class='ocr_line' id='line_1_79' title="bbox 189 4968 1763 5041; baseline 0 -17"><span class='ocrx_word' id='word_1_554' title='bbox 189 4970 526 5041; x_wconf 83' lang='grc' dir='ltr'>εὑρίσκοντι,</span> <span class='ocrx_word' id='word_1_555' title='bbox 562 4971 829 5039; x_wconf 75' lang='grc' dir='ltr'>Ἀγγελος</span> <span class='ocrx_word' id='word_1_556' title='bbox 853 4968 989 5023; x_wconf 85' lang='grc' dir='ltr'>Θεοῦ</span> <span class='ocrx_word' id='word_1_557' title='bbox 1018 4968 1326 5041; x_wconf 83' lang='grc' dir='ltr'>παραστὰς,</span> <span class='ocrx_word' id='word_1_558' title='bbox 1362 4968 1575 5036; x_wconf 84' lang='grc' dir='ltr'>Ἀπιθι,</span> <span class='ocrx_word' id='word_1_559' title='bbox 1606 4971 1763 5041; x_wconf 73' lang='grc' dir='ltr'>φησὶ,</span> 
     </span>
    </p>
   </div>
   <div class='ocr_carea' id='block_1_80' title="bbox 189 5060 1772 5133">
    <p class='ocr_par' dir='ltr' id='par_1_80' title="bbox 189 5060 1772 5133">
     <span class='ocr_line' id='line_1_80' title="bbox 189 5060 1772 5133; baseline 0.001 -17"><span class='ocrx_word' id='word_1_560' title='bbox 189 5062 343 5133; x_wconf 79' lang='grc' dir='ltr'>παρὰ</span> <span class='ocrx_word' id='word_1_561' title='bbox 381 5063 475 5116; x_wconf 82' lang='grc' dir='ltr'><strong>τὸν</strong></span> <span class='ocrx_word' id='word_1_562' title='bbox 516 5060 704 5117; x_wconf 88' lang='grc' dir='ltr'>δοῦλόν</span> <span class='ocrx_word' id='word_1_563' title='bbox 746 5060 841 5115; x_wconf 90' lang='grc' dir='ltr'><strong>τοῦ</strong></span> <span class='ocrx_word' id='word_1_564' title='bbox 870 5060 1007 5114; x_wconf 89' lang='grc' dir='ltr'>Θεοῦ</span> <span class='ocrx_word' id='word_1_565' title='bbox 1039 5060 1264 5132; x_wconf 84' lang='grc' dir='ltr'>Συμεών</span> <span class='ocrx_word' id='word_1_566' title='bbox 1289 5077 1303 5092; x_wconf 87' lang='grc'><strong>·</strong></span> <span class='ocrx_word' id='word_1_567' title='bbox 1338 5062 1480 5115; x_wconf 87' lang='grc' dir='ltr'>οίκεί</span> <span class='ocrx_word' id='word_1_568' title='bbox 1525 5062 1583 5114; x_wconf 87' lang='grc' dir='ltr'>δὲ</span> <span class='ocrx_word' id='word_1_569' title='bbox 1631 5063 1772 5132; x_wconf 80' lang='grc' dir='ltr'>μετὰ</span> 
     </span>
    </p>
   </div>
   <div class='ocr_carea' id='block_1_81' title="bbox 191 5150 1769 5226">
    <p class='ocr_par' dir='ltr' id='par_1_81' title="bbox 191 5150 1769 5226">
     <span class='ocr_line' id='line_1_81' title="bbox 191 5150 1769 5226; baseline -0.001 -18"><span class='ocrx_word' id='word_1_570' title='bbox 191 5154 469 5225; x_wconf 85' lang='grc' dir='ltr'>μετέωρον</span> <span class='ocrx_word' id='word_1_571' title='bbox 505 5154 631 5226; x_wconf 80' lang='grc' dir='ltr'>ὅρος</span> <span class='ocrx_word' id='word_1_572' title='bbox 664 5154 729 5207; x_wconf 89' lang='grc' dir='ltr'>ὲκ</span> <span class='ocrx_word' id='word_1_573' title='bbox 756 5152 984 5221; x_wconf 86' lang='grc' dir='ltr'>πλαγίου</span> <span class='ocrx_word' id='word_1_574' title='bbox 1019 5152 1117 5220; x_wconf 88' lang='grc' dir='ltr'>τῆς</span> <span class='ocrx_word' id='word_1_575' title='bbox 1163 5151 1462 5223; x_wconf 84' lang='grc' dir='ltr'>Ἀντιόχου,</span> <span class='ocrx_word' id='word_1_576' title='bbox 1492 5150 1769 5217; x_wconf 88' lang='grc' dir='ltr'>θαλάσσας</span> 
     </span>
    </p>
   </div>
   <div class='ocr_carea' id='block_1_82' title="bbox 188 5242 1763 5317">
    <p class='ocr_par' dir='ltr' id='par_1_82' title="bbox 188 5242 1763 5317">
     <span class='ocr_line' id='line_1_82' title="bbox 188 5242 1763 5317; baseline 0.001 -19"><span class='ocrx_word' id='word_1_577' title='bbox 188 5246 253 5299; x_wconf 83' lang='grc' dir='ltr'><strong>ού</strong></span> <span class='ocrx_word' id='word_1_578' title='bbox 287 5244 375 5299; x_wconf 84' lang='grc' dir='ltr'>διὰ</span> <span class='ocrx_word' id='word_1_579' title='bbox 411 5244 625 5317; x_wconf 86' lang='grc' dir='ltr'>μακροῦ</span> <span class='ocrx_word' id='word_1_580' title='bbox 658 5245 909 5314; x_wconf 86' lang='grc' dir='ltr'>κείμενον</span> <span class='ocrx_word' id='word_1_581' title='bbox 934 5258 948 5274; x_wconf 74' lang='grc'><strong><em>⁸</em></strong></span> <span class='ocrx_word' id='word_1_582' title='bbox 995 5242 1064 5296; x_wconf 79' lang='grc' dir='ltr'>δι’</span> <span class='ocrx_word' id='word_1_583' title='bbox 1097 5242 1263 5297; x_wconf 84' lang='grc' dir='ltr'>αὑτοῦ</span> <span class='ocrx_word' id='word_1_584' title='bbox 1290 5243 1581 5315; x_wconf 88' lang='grc' dir='ltr'>τοιγαροῦν</span> <span class='ocrx_word' id='word_1_585' title='bbox 1611 5245 1763 5316; x_wconf 83' lang='grc' dir='ltr'>παρὰ</span> 
     </span>
    </p>
   </div>
   <div class='ocr_carea' id='block_1_83' title="bbox 189 5334 1762 5408">
    <p class='ocr_par' dir='ltr' id='par_1_83' title="bbox 189 5334 1762 5408">
     <span class='ocr_line' id='line_1_83' title="bbox 189 5334 1762 5408; baseline -0.001 -15"><span class='ocrx_word' id='word_1_586' title='bbox 189 5342 335 5403; x_wconf 76' lang='grc' dir='ltr'>ἴασις</span> <span class='ocrx_word' id='word_1_587' title='bbox 385 5337 536 5392; x_wconf 76' lang='grc' dir='ltr'>ἔσται</span> <span class='ocrx_word' id='word_1_588' title='bbox 586 5355 689 5393; x_wconf 94' lang='grc' dir='ltr'>σοι.</span> <span class='ocrx_word' id='word_1_589' title='bbox 726 5336 833 5390; x_wconf 72' lang='grc' dir='ltr'>Καὶ</span> <span class='ocrx_word' id='word_1_590' title='bbox 860 5335 920 5399; x_wconf 84' lang='grc' dir='ltr'>ὃς</span> <span class='ocrx_word' id='word_1_591' title='bbox 948 5335 1046 5408; x_wconf 85' lang='grc' dir='ltr'><strong>τὴν</strong></span> <span class='ocrx_word' id='word_1_592' title='bbox 1074 5334 1277 5407; x_wconf 79' lang='grc' dir='ltr'>μεταξὺ</span> <span class='ocrx_word' id='word_1_593' title='bbox 1309 5337 1492 5391; x_wconf 83' lang='grc' dir='ltr'>πᾶσαν</span> <span class='ocrx_word' id='word_1_594' title='bbox 1535 5337 1762 5406; x_wconf 82' lang='grc' dir='ltr'>ἀνύσας,</span> 
     </span>
    </p>
   </div>
   <div class='ocr_carea' id='block_1_84' title="bbox 189 5430 1764 5502">
    <p class='ocr_par' dir='ltr' id='par_1_84' title="bbox 189 5430 1764 5502">
     <span class='ocr_line' id='line_1_84' title="bbox 189 5430 1764 5502; baseline -0.003 -14"><span class='ocrx_word' id='word_1_595' title='bbox 189 5432 289 5488; x_wconf 76' lang='grc' dir='ltr'>καὶ</span> <span class='ocrx_word' id='word_1_596' title='bbox 313 5433 389 5496; x_wconf 86' lang='grc' dir='ltr'><strong>ὡς</strong></span> <span class='ocrx_word' id='word_1_597' title='bbox 424 5432 515 5487; x_wconf 73' lang='grc' dir='ltr'><strong>τὸν</strong></span> <span class='ocrx_word' id='word_1_598' title='bbox 538 5432 729 5500; x_wconf 75' lang='grc' dir='ltr'>Ἀγιον</span> <span class='ocrx_word' id='word_1_599' title='bbox 759 5430 1110 5501; x_wconf 85' lang='grc' dir='ltr'>ἀφικόμενος,</span> <span class='ocrx_word' id='word_1_600' title='bbox 1129 5430 1336 5482; x_wconf 74' lang='grc' dir='ltr'>ἕκαστα</span> <span class='ocrx_word' id='word_1_601' title='bbox 1364 5430 1551 5499; x_wconf 86' lang='grc' dir='ltr'>σαφῶς</span> <span class='ocrx_word' id='word_1_602' title='bbox 1581 5433 1764 5502; x_wconf 85' lang='grc' dir='ltr'>ἀπαγ-</span> 
     </span>
    </p>
   </div>
   <div class='ocr_carea' id='block_1_85' title="bbox 187 5522 1767 5595">
    <p class='ocr_par' dir='ltr' id='par_1_85' title="bbox 187 5522 1767 5595">
     <span class='ocr_line' id='line_1_85' title="bbox 187 5522 1767 5595; baseline 0.001 -17"><span class='ocrx_word' id='word_1_603' title='bbox 187 5524 394 5593; x_wconf 46' lang='grc' dir='ltr'>γέλλει.</span> <span class='ocrx_word' id='word_1_604' title='bbox 433 5524 491 5578; x_wconf 86' lang='grc' dir='ltr'><strong>Ὀ</strong></span> <span class='ocrx_word' id='word_1_605' title='bbox 516 5525 572 5578; x_wconf 82' lang='grc' dir='ltr'>δὲ</span> <span class='ocrx_word' id='word_1_606' title='bbox 594 5524 688 5577; x_wconf 90' lang='grc' dir='ltr'><strong>τοῦ</strong></span> <span class='ocrx_word' id='word_1_607' title='bbox 728 5523 866 5577; x_wconf 86' lang='grc' dir='ltr'>Θεοῦ</span> <span class='ocrx_word' id='word_1_608' title='bbox 896 5523 1130 5594; x_wconf 78' lang='grc' dir='ltr'>δεηθεὶς,</span> <span class='ocrx_word' id='word_1_609' title='bbox 1155 5522 1393 5588; x_wconf 78' lang='grc' dir='ltr'>ἐξελθεῖν</span> <span class='ocrx_word' id='word_1_610' title='bbox 1440 5523 1518 5593; x_wconf 84' lang='grc' dir='ltr'><strong>τῷ</strong></span> <span class='ocrx_word' id='word_1_611' title='bbox 1552 5525 1767 5595; x_wconf 88' lang='grc' dir='ltr'>δαίμονι</span> 
     </span>
    </p>
   </div>
   <div class='ocr_carea' id='block_1_86' title="bbox 265 5659 1767 5783">
    <p class='ocr_par' dir='ltr' id='par_1_86' title="bbox 265 5659 1767 5783">
     <span class='ocr_line' id='line_1_86' title="bbox 265 5659 1767 5783; baseline 0.003 -71"><span class='ocrx_word' id='word_1_612' title='bbox 265 5659 383 5783; x_wconf 47' lang='grc' dir='ltr'><strong>(ἰῇ</strong></span> <span class='ocrx_word' id='word_1_613' title='bbox 407 5660 696 5729; x_wconf 79' lang='lat' dir='ltr'><strong>Nicephoro</strong></span> <span class='ocrx_word' id='word_1_614' title='bbox 729 5671 777 5715; x_wconf 85' lang='lat' dir='ltr'><strong>ct</strong></span> <span class='ocrx_word' id='word_1_615' title='bbox 804 5660 1103 5731; x_wconf 78' lang='lat' dir='ltr'><strong>Theophani</strong></span> <span class='ocrx_word' id='word_1_616' title='bbox 1154 5662 1399 5716; x_wconf 90' lang='lat' dir='ltr'><strong>Domnus</strong></span> <span class='ocrx_word' id='word_1_617' title='bbox 1430 5678 1443 5725; x_wconf 90' lang='lat'>;</span> <span class='ocrx_word' id='word_1_618' title='bbox 1480 5662 1615 5716; x_wconf 77' lang='lat' dir='ltr'><strong>sedit</strong></span> <span class='ocrx_word' id='word_1_619' title='bbox 1671 5680 1767 5716; x_wconf 86' lang='lat' dir='ltr'><strong>an-</strong></span> 
     </span>
     <span class='ocr_line' id='line_1_87' title="bbox 265 5745 402 5782; baseline 0 0"><span class='ocrx_word' id='word_1_620' title='bbox 265 5745 289 5782; x_wconf 82' lang='lat' dir='ltr'><strong>s</strong></span> <span class='ocrx_word' id='word_1_621' title='bbox 389 5770 402 5782; x_wconf 92' lang='lat'><strong>.</strong></span> 
     </span>
    </p>
   </div>
   <div class='ocr_carea' id='block_1_87' title="bbox 195 5745 402 5783">
    <p class='ocr_par' dir='ltr' id='par_1_87' title="bbox 195 5745 402 5783">
     <span class='ocr_line' id='line_1_88' title="bbox 195 5745 402 5783; baseline 0.005 -2"><span class='ocrx_word' id='word_1_622' title='bbox 195 5745 289 5783; x_wconf 76' lang='lat' dir='ltr'><strong>nos</strong></span> <span class='ocrx_word' id='word_1_623' title='bbox 317 5745 338 5781; x_wconf 84' lang='grc'>1</span> <span class='ocrx_word' id='word_1_624' title='bbox 351 5745 402 5783; x_wconf 65' lang='lat'><strong>4.</strong></span> 
     </span>
    </p>
   </div>
   <div class='ocr_carea' id='block_1_88' title="bbox 266 5798 1771 5873">
    <p class='ocr_par' dir='ltr' id='par_1_88' title="bbox 266 5798 1771 5873">
     <span class='ocr_line' id='line_1_89' title="bbox 266 5798 1771 5873; baseline 0.003 -19"><span class='ocrx_word' id='word_1_625' title='bbox 266 5798 376 5869; x_wconf 70' lang='lat'><strong>(20)</strong></span> <span class='ocrx_word' id='word_1_626' title='bbox 408 5799 579 5866; x_wconf 84' lang='lat' dir='ltr'><strong>Quam</strong></span> <span class='ocrx_word' id='word_1_627' title='bbox 601 5804 683 5855; x_wconf 80' lang='lat' dir='ltr'><strong>hic</strong></span> <span class='ocrx_word' id='word_1_628' title='bbox 705 5811 887 5855; x_wconf 77' lang='lat' dir='ltr'><strong>auctor</strong></span> <span class='ocrx_word' id='word_1_629' title='bbox 924 5802 1203 5869; x_wconf 74' lang='lat' dir='ltr'><strong>Lychnida</strong></span> <span class='ocrx_word' id='word_1_630' title='bbox 1241 5812 1403 5865; x_wconf 69' lang='lat' dir='ltr'><strong>vocat,</strong></span> <span class='ocrx_word' id='word_1_631' title='bbox 1445 5802 1563 5856; x_wconf 64' lang='lat' dir='ltr'><strong>aliis</strong></span> <span class='ocrx_word' id='word_1_632' title='bbox 1597 5802 1771 5873; x_wconf 78' lang='lat' dir='ltr'><strong>Lych-</strong></span> 
     </span>
    </p>
   </div>
   <div class='ocr_carea' id='block_1_89' title="bbox 1868 3214 3435 3280">
    <p class='ocr_par' dir='ltr' id='par_1_89' title="bbox 1868 3214 3435 3280">
     <span class='ocr_line' id='line_1_90' title="bbox 1868 3214 3435 3280; baseline -0.002 -8"><span class='ocrx_word' id='word_1_633' title='bbox 1868 3225 1981 3272; x_wconf 90' lang='lat' dir='ltr'><strong>uta</strong></span> <span class='ocrx_word' id='word_1_634' title='bbox 2014 3215 2235 3270; x_wconf 90' lang='lat' dir='ltr'><strong>miseris</strong></span> <span class='ocrx_word' id='word_1_635' title='bbox 2263 3214 2385 3270; x_wconf 89' lang='lat' dir='ltr'><strong>istis</strong></span> <span class='ocrx_word' id='word_1_636' title='bbox 2432 3214 2697 3270; x_wconf 89' lang='lat' dir='ltr'><strong>rescitum</strong></span> <span class='ocrx_word' id='word_1_637' title='bbox 2752 3222 2857 3279; x_wconf 91' lang='lat' dir='ltr'><strong>est,</strong></span> <span class='ocrx_word' id='word_1_638' title='bbox 2904 3214 2971 3268; x_wconf 91' lang='lat' dir='ltr'><strong>ad</strong></span> <span class='ocrx_word' id='word_1_639' title='bbox 3029 3220 3307 3280; x_wconf 89' lang='lat' dir='ltr'><strong>sanctum,</strong></span> <span class='ocrx_word' id='word_1_640' title='bbox 3356 3215 3435 3269; x_wconf 84' lang='lat' dir='ltr'><strong>uti</strong></span> 
     </span>
    </p>
   </div>
   <div class='ocr_carea' id='block_1_90' title="bbox 1866 3307 3439 3381">
    <p class='ocr_par' dir='ltr' id='par_1_90' title="bbox 1866 3307 3439 3381">
     <span class='ocr_line' id='line_1_91' title="bbox 1866 3307 3439 3381; baseline -0.001 -16"><span class='ocrx_word' id='word_1_641' title='bbox 1866 3311 2099 3381; x_wconf 90' lang='lat' dir='ltr'><strong>quisque</strong></span> <span class='ocrx_word' id='word_1_642' title='bbox 2121 3318 2395 3380; x_wconf 88' lang='lat' dir='ltr'><strong>poterant,</strong></span> <span class='ocrx_word' id='word_1_643' title='bbox 2429 3308 2537 3363; x_wconf 87' lang='lat' dir='ltr'><strong>iter</strong></span> <span class='ocrx_word' id='word_1_644' title='bbox 2558 3307 2941 3373; x_wconf 90' lang='lat' dir='ltr'><strong>instituerunt,</strong></span> <span class='ocrx_word' id='word_1_645' title='bbox 2976 3308 3069 3362; x_wconf 89' lang='lat' dir='ltr'><strong>alii</strong></span> <span class='ocrx_word' id='word_1_646' title='bbox 3105 3307 3344 3378; x_wconf 90' lang='lat' dir='ltr'><strong>pedibus</strong></span> <span class='ocrx_word' id='word_1_647' title='bbox 3374 3322 3439 3364; x_wconf 89' lang='lat' dir='ltr'><strong>ac</strong></span> 
     </span>
    </p>
   </div>
   <div class='ocr_carea' id='block_1_91' title="bbox 1866 3400 3436 3471">
    <p class='ocr_par' dir='ltr' id='par_1_91' title="bbox 1866 3400 3436 3471">
     <span class='ocr_line' id='line_1_92' title="bbox 1866 3400 3436 3471; baseline 0 -14"><span class='ocrx_word' id='word_1_648' title='bbox 1866 3402 2083 3467; x_wconf 90' lang='lat' dir='ltr'><strong>baculo,</strong></span> <span class='ocrx_word' id='word_1_649' title='bbox 2114 3402 2207 3456; x_wconf 91' lang='lat' dir='ltr'><strong>alii</strong></span> <span class='ocrx_word' id='word_1_650' title='bbox 2229 3400 2477 3456; x_wconf 90' lang='lat' dir='ltr'><strong>humeris</strong></span> <span class='ocrx_word' id='word_1_651' title='bbox 2498 3400 2703 3456; x_wconf 89' lang='lat' dir='ltr'><strong>delati:</strong></span> <span class='ocrx_word' id='word_1_652' title='bbox 2730 3407 2899 3470; x_wconf 89' lang='lat' dir='ltr'><strong>atque</strong></span> <span class='ocrx_word' id='word_1_653' title='bbox 2934 3416 3125 3455; x_wconf 90' lang='lat' dir='ltr'><strong>coram</strong></span> <span class='ocrx_word' id='word_1_654' title='bbox 3151 3400 3271 3471; x_wconf 88' lang='lat' dir='ltr'><strong>ipso</strong></span> <span class='ocrx_word' id='word_1_655' title='bbox 3309 3416 3436 3457; x_wconf 76' lang='lat' dir='ltr'><strong>eum</strong></span> 
     </span>
    </p>
   </div>
   <div class='ocr_carea' id='block_1_92' title="bbox 1866 3492 3438 3565">
    <p class='ocr_par' dir='ltr' id='par_1_92' title="bbox 1866 3492 3438 3565">
     <span class='ocr_line' id='line_1_93' title="bbox 1866 3492 3438 3565; baseline 0.001 -17"><span class='ocrx_word' id='word_1_656' title='bbox 1866 3495 2092 3565; x_wconf 89' lang='lat' dir='ltr'><strong>planetu</strong></span> <span class='ocrx_word' id='word_1_657' title='bbox 2113 3502 2171 3548; x_wconf 90' lang='lat' dir='ltr'><strong>et</strong></span> <span class='ocrx_word' id='word_1_658' title='bbox 2201 3493 2461 3548; x_wconf 87' lang='lat' dir='ltr'><strong>lamentis</strong></span> <span class='ocrx_word' id='word_1_659' title='bbox 2491 3492 3027 3558; x_wconf 89' lang='lat' dir='ltr'><strong>commemorabant,</strong></span> <span class='ocrx_word' id='word_1_660' title='bbox 3061 3501 3270 3562; x_wconf 89' lang='lat' dir='ltr'><strong>quanta</strong></span> <span class='ocrx_word' id='word_1_661' title='bbox 3327 3495 3438 3550; x_wconf 88' lang='lat' dir='ltr'><strong>sibi</strong></span> 
     </span>
    </p>
   </div>
   <div class='ocr_carea' id='block_1_93' title="bbox 1865 3581 3439 3652">
    <p class='ocr_par' dir='ltr' id='par_1_93' title="bbox 1865 3581 3439 3652">
     <span class='ocr_line' id='line_1_94' title="bbox 1865 3581 3439 3652; baseline 0 -11"><span class='ocrx_word' id='word_1_662' title='bbox 1865 3583 2111 3641; x_wconf 77' lang='lat' dir='ltr'><strong>exhibita</strong></span> <span class='ocrx_word' id='word_1_663' title='bbox 2145 3584 2344 3639; x_wconf 90' lang='lat' dir='ltr'><strong>fuisset</strong></span> <span class='ocrx_word' id='word_1_664' title='bbox 2372 3599 2404 3638; x_wconf 89' lang='lat' dir='ltr'><strong>a</strong></span> <span class='ocrx_word' id='word_1_665' title='bbox 2433 3591 2628 3638; x_wconf 86' lang='lat' dir='ltr'><strong>sancto</strong></span> <span class='ocrx_word' id='word_1_666' title='bbox 2663 3581 2974 3652; x_wconf 71' lang='lat' dir='ltr'><strong>Ephraemio</strong></span> <span class='ocrx_word' id='word_1_667' title='bbox 3027 3584 3439 3649; x_wconf 88' lang='lat' dir='ltr'><strong>misericordia,</strong></span> 
     </span>
    </p>
   </div>
   <div class='ocr_carea' id='block_1_94' title="bbox 1865 3674 3438 3747">
    <p class='ocr_par' dir='ltr' id='par_1_94' title="bbox 1865 3674 3438 3747">
     <span class='ocr_line' id='line_1_95' title="bbox 1865 3674 3438 3747; baseline -0.001 -15"><span class='ocrx_word' id='word_1_668' title='bbox 1865 3686 1923 3733; x_wconf 91' lang='lat' dir='ltr'><strong>et</strong></span> <span class='ocrx_word' id='word_1_669' title='bbox 1944 3691 2108 3747; x_wconf 88' lang='lat' dir='ltr'><strong>quam</strong></span> <span class='ocrx_word' id='word_1_670' title='bbox 2128 3684 2357 3747; x_wconf 89' lang='lat' dir='ltr'><strong>paterne</strong></span> <span class='ocrx_word' id='word_1_671' title='bbox 2387 3691 2575 3731; x_wconf 88' lang='lat' dir='ltr'><strong>secum</strong></span> <span class='ocrx_word' id='word_1_672' title='bbox 2595 3674 2830 3745; x_wconf 81' lang='lat' dir='ltr'><strong>egisset:</strong></span> <span class='ocrx_word' id='word_1_673' title='bbox 2856 3684 3047 3729; x_wconf 89' lang='lat' dir='ltr'><strong>contra</strong></span> <span class='ocrx_word' id='word_1_674' title='bbox 3092 3691 3249 3743; x_wconf 88' lang='lat' dir='ltr'><strong>vero,</strong></span> <span class='ocrx_word' id='word_1_675' title='bbox 3275 3692 3438 3747; x_wconf 92' lang='lat' dir='ltr'><strong>quam</strong></span> 
     </span>
    </p>
   </div>
   <div class='ocr_carea' id='block_1_95' title="bbox 1867 3767 3441 3840">
    <p class='ocr_par' dir='ltr' id='par_1_95' title="bbox 1867 3767 3441 3840">
     <span class='ocr_line' id='line_1_96' title="bbox 1867 3767 3441 3840; baseline 0 -16"><span class='ocrx_word' id='word_1_676' title='bbox 1867 3784 2018 3824; x_wconf 92' lang='lat' dir='ltr'><strong>nunc</strong></span> <span class='ocrx_word' id='word_1_677' title='bbox 2058 3768 2319 3827; x_wconf 84' lang='lat' dir='ltr'><strong>immitem</strong></span> <span class='ocrx_word' id='word_1_678' title='bbox 2404 3770 2796 3838; x_wconf 84' lang='lat' dir='ltr'><strong>experirentur</strong></span> <span class='ocrx_word' id='word_1_679' title='bbox 2819 3767 3159 3838; x_wconf 85' lang='lat' dir='ltr'><strong>episcopum,</strong></span> <span class='ocrx_word' id='word_1_680' title='bbox 3182 3769 3441 3840; x_wconf 87' lang='lat' dir='ltr'><strong>quodque</strong></span> 
     </span>
    </p>
   </div>
   <div class='ocr_carea' id='block_1_96' title="bbox 1867 3857 3439 3929">
    <p class='ocr_par' dir='ltr' id='par_1_96' title="bbox 1867 3857 3439 3929">
     <span class='ocr_line' id='line_1_97' title="bbox 1867 3857 3439 3929; baseline -0.001 -15"><span class='ocrx_word' id='word_1_681' title='bbox 1867 3874 1939 3914; x_wconf 92' lang='lat' dir='ltr'><strong>ne</strong></span> <span class='ocrx_word' id='word_1_682' title='bbox 1963 3857 2122 3914; x_wconf 88' lang='lat' dir='ltr'><strong>urbis</strong></span> <span class='ocrx_word' id='word_1_683' title='bbox 2142 3857 2367 3927; x_wconf 91' lang='lat' dir='ltr'><strong>quidem</strong></span> <span class='ocrx_word' id='word_1_684' title='bbox 2394 3865 2547 3913; x_wconf 82' lang='lat' dir='ltr'><strong>extra</strong></span> <span class='ocrx_word' id='word_1_685' title='bbox 2567 3865 2759 3929; x_wconf 88' lang='lat' dir='ltr'><strong>portas</strong></span> <span class='ocrx_word' id='word_1_686' title='bbox 2800 3857 2950 3927; x_wconf 89' lang='lat' dir='ltr'><strong>ipsos</strong></span> <span class='ocrx_word' id='word_1_687' title='bbox 2978 3857 3261 3913; x_wconf 89' lang='lat' dir='ltr'><strong>toleraret.</strong></span> <span class='ocrx_word' id='word_1_688' title='bbox 3302 3857 3439 3913; x_wconf 81' lang='lat' dir='ltr'><strong>San-</strong></span> 
     </span>
    </p>
   </div>
   <div class='ocr_carea' id='block_1_97' title="bbox 1866 3948 3433 4019">
    <p class='ocr_par' dir='ltr' id='par_1_97' title="bbox 1866 3948 3433 4019">
     <span class='ocr_line' id='line_1_98' title="bbox 1866 3948 3433 4019; baseline -0.002 -12"><span class='ocrx_word' id='word_1_689' title='bbox 1866 3958 1991 4007; x_wconf 92' lang='lat' dir='ltr'><strong>ctus</strong></span> <span class='ocrx_word' id='word_1_690' title='bbox 2036 3965 2173 4006; x_wconf 91' lang='lat' dir='ltr'><strong>vero</strong></span> <span class='ocrx_word' id='word_1_691' title='bbox 2232 3950 2469 4005; x_wconf 89' lang='lat' dir='ltr'><strong>multum</strong></span> <span class='ocrx_word' id='word_1_692' title='bbox 2520 3950 2645 4004; x_wconf 92' lang='lat' dir='ltr'><strong>illos</strong></span> <span class='ocrx_word' id='word_1_693' title='bbox 2702 3948 3000 4003; x_wconf 87' lang='lat' dir='ltr'><strong>miseratus</strong></span> <span class='ocrx_word' id='word_1_694' title='bbox 3036 3966 3050 4002; x_wconf 93' lang='lat'>:</span> <span class='ocrx_word' id='word_1_695' title='bbox 3086 3948 3433 4019; x_wconf 83' lang='lat' dir='ltr'><strong>Exspectate,</strong></span> 
     </span>
    </p>
   </div>
   <div class='ocr_carea' id='block_1_98' title="bbox 1870 4038 3437 4113">
    <p class='ocr_par' dir='ltr' id='par_1_98' title="bbox 1870 4038 3437 4113">
     <span class='ocr_line' id='line_1_99' title="bbox 1870 4038 3437 4113; baseline -0.003 -15"><span class='ocrx_word' id='word_1_696' title='bbox 1870 4042 2072 4113; x_wconf 88' lang='lat' dir='ltr'><strong>inquit,</strong></span> <span class='ocrx_word' id='word_1_697' title='bbox 2090 4041 2291 4097; x_wconf 85' lang='lat' dir='ltr'><strong>fratres</strong></span> <span class='ocrx_word' id='word_1_698' title='bbox 2319 4058 2332 4094; x_wconf 91' lang='lat'><strong>:</strong></span> <span class='ocrx_word' id='word_1_699' title='bbox 2367 4055 2533 4096; x_wconf 91' lang='lat' dir='ltr'><strong>nemo</strong></span> <span class='ocrx_word' id='word_1_700' title='bbox 2564 4055 2663 4095; x_wconf 91' lang='lat' dir='ltr'><strong>vos</strong></span> <span class='ocrx_word' id='word_1_701' title='bbox 2694 4040 2816 4094; x_wconf 90' lang='lat' dir='ltr'><strong>loco</strong></span> <span class='ocrx_word' id='word_1_702' title='bbox 2836 4038 2931 4094; x_wconf 92' lang='lat' dir='ltr'><strong>illo</strong></span> <span class='ocrx_word' id='word_1_703' title='bbox 2958 4039 3167 4110; x_wconf 88' lang='lat' dir='ltr'><strong>poterit</strong></span> <span class='ocrx_word' id='word_1_704' title='bbox 3195 4053 3437 4094; x_wconf 84' lang='lat' dir='ltr'><strong>movere.</strong></span> 
     </span>
    </p>
   </div>
   <div class='ocr_carea' id='block_1_99' title="bbox 1867 4130 3442 4206">
    <p class='ocr_par' dir='ltr' id='par_1_99' title="bbox 1867 4130 3442 4206">
     <span class='ocr_line' id='line_1_100' title="bbox 1867 4130 3442 4206; baseline -0.003 -15"><span class='ocrx_word' id='word_1_705' title='bbox 1867 4134 2169 4206; x_wconf 76' lang='lat' dir='ltr'><strong>Castigatio</strong></span> <span class='ocrx_word' id='word_1_706' title='bbox 2199 4132 2417 4189; x_wconf 89' lang='lat' dir='ltr'><strong>Domini</strong></span> <span class='ocrx_word' id='word_1_707' title='bbox 2437 4131 2663 4188; x_wconf 87' lang='lat' dir='ltr'><strong>docebit</strong></span> <span class='ocrx_word' id='word_1_708' title='bbox 2695 4131 2874 4201; x_wconf 88' lang='lat' dir='ltr'><strong>ipsum</strong></span> <span class='ocrx_word' id='word_1_709' title='bbox 2907 4130 3157 4186; x_wconf 84' lang='lat' dir='ltr'><strong>misereri</strong></span> <span class='ocrx_word' id='word_1_710' title='bbox 3210 4130 3442 4187; x_wconf 86' lang='lat' dir='ltr'><strong>aﬂlicto-</strong></span> 
     </span>
    </p>
   </div>
   <div class='ocr_carea' id='block_1_100' title="bbox 1871 4220 3441 4295">
    <p class='ocr_par' dir='ltr' id='par_1_100' title="bbox 1871 4220 3441 4295">
     <span class='ocr_line' id='line_1_101' title="bbox 1871 4220 3441 4295; baseline -0.004 -13"><span class='ocrx_word' id='word_1_711' title='bbox 1871 4243 2016 4294; x_wconf 91' lang='lat' dir='ltr'><strong>rum,</strong></span> <span class='ocrx_word' id='word_1_712' title='bbox 2044 4236 2108 4281; x_wconf 90' lang='lat' dir='ltr'><strong>ut</strong></span> <span class='ocrx_word' id='word_1_713' title='bbox 2134 4225 2310 4281; x_wconf 88' lang='lat' dir='ltr'><strong>discat</strong></span> <span class='ocrx_word' id='word_1_714' title='bbox 2334 4223 2696 4295; x_wconf 84' lang='lat' dir='ltr'><strong>experientia,</strong></span> <span class='ocrx_word' id='word_1_715' title='bbox 2730 4221 3081 4292; x_wconf 88' lang='lat' dir='ltr'><strong>propositum</strong></span> <span class='ocrx_word' id='word_1_716' title='bbox 3115 4236 3277 4277; x_wconf 91' lang='lat' dir='ltr'><strong>suum</strong></span> <span class='ocrx_word' id='word_1_717' title='bbox 3340 4220 3441 4276; x_wconf 85' lang='lat' dir='ltr'><strong>mi-</strong></span> 
     </span>
    </p>
   </div>
   <div class='ocr_carea' id='block_1_101' title="bbox 1868 4310 3440 4373">
    <p class='ocr_par' dir='ltr' id='par_1_101' title="bbox 1868 4310 3440 4373">
     <span class='ocr_line' id='line_1_102' title="bbox 1868 4310 3440 4373; baseline -0.004 -1"><span class='ocrx_word' id='word_1_718' title='bbox 1868 4318 2018 4373; x_wconf 91' lang='lat' dir='ltr'><strong>nime</strong></span> <span class='ocrx_word' id='word_1_719' title='bbox 2048 4315 2397 4373; x_wconf 91' lang='lat' dir='ltr'><strong>conducibile</strong></span> <span class='ocrx_word' id='word_1_720' title='bbox 2460 4314 2659 4370; x_wconf 85' lang='lat' dir='ltr'><strong>fuisse.</strong></span> <span class='ocrx_word' id='word_1_721' title='bbox 2684 4313 2819 4368; x_wconf 89' lang='lat' dir='ltr'><strong>Post</strong></span> <span class='ocrx_word' id='word_1_722' title='bbox 2870 4312 2988 4367; x_wconf 62' lang='lat' dir='ltr'><strong>haec</strong></span> <span class='ocrx_word' id='word_1_723' title='bbox 3018 4312 3244 4367; x_wconf 87' lang='lat' dir='ltr'><strong>oracula</strong></span> <span class='ocrx_word' id='word_1_724' title='bbox 3285 4310 3440 4367; x_wconf 74' lang='lat' dir='ltr'><strong>bretri</strong></span> 
     </span>
    </p>
   </div>
   <div class='ocr_carea' id='block_1_102' title="bbox 1868 4401 3442 4480">
    <p class='ocr_par' dir='ltr' id='par_1_102' title="bbox 1868 4401 3442 4480">
     <span class='ocr_line' id='line_1_103' title="bbox 1868 4401 3442 4480; baseline -0.004 -15"><span class='ocrx_word' id='word_1_725' title='bbox 1868 4412 2056 4480; x_wconf 90' lang='lat' dir='ltr'><strong>elapso</strong></span> <span class='ocrx_word' id='word_1_726' title='bbox 2083 4417 2355 4479; x_wconf 88' lang='lat' dir='ltr'><strong>tempore,</strong></span> <span class='ocrx_word' id='word_1_727' title='bbox 2393 4415 2503 4461; x_wconf 89' lang='lat' dir='ltr'><strong>tam</strong></span> <span class='ocrx_word' id='word_1_728' title='bbox 2536 4405 2650 4461; x_wconf 88' lang='lat' dir='ltr'><strong>acri</strong></span> <span class='ocrx_word' id='word_1_729' title='bbox 2678 4404 2871 4459; x_wconf 89' lang='lat' dir='ltr'><strong>dolore</strong></span> <span class='ocrx_word' id='word_1_730' title='bbox 2896 4401 3159 4458; x_wconf 88' lang='lat' dir='ltr'><strong>manibus</strong></span> <span class='ocrx_word' id='word_1_731' title='bbox 3183 4402 3442 4473; x_wconf 84' lang='lat' dir='ltr'><strong>pedibus-</strong></span> 
     </span>
    </p>
   </div>
   <div class='ocr_carea' id='block_1_103' title="bbox 1788 4490 3445 4571">
    <p class='ocr_par' dir='ltr' id='par_1_103' title="bbox 1788 4490 3445 4571">
     <span class='ocr_line' id='line_1_104' title="bbox 1788 4490 3445 4571; baseline -0.006 -14"><span class='ocrx_word' id='word_1_732' title='bbox 1788 4490 1843 4550; x_wconf 88' lang='lat' dir='ltr'><strong>D</strong></span> <span class='ocrx_word' id='word_1_733' title='bbox 1870 4516 1981 4571; x_wconf 90' lang='lat' dir='ltr'><strong>que</strong></span> <span class='ocrx_word' id='word_1_734' title='bbox 2003 4498 2241 4555; x_wconf 85' lang='lat' dir='ltr'><strong>cruciari</strong></span> <span class='ocrx_word' id='word_1_735' title='bbox 2290 4498 2585 4568; x_wconf 90' lang='lat' dir='ltr'><strong>episcopus</strong></span> <span class='ocrx_word' id='word_1_736' title='bbox 2631 4495 2798 4564; x_wconf 89' lang='lat' dir='ltr'><strong>coepit</strong></span> <span class='ocrx_word' id='word_1_737' title='bbox 2827 4534 2843 4560; x_wconf 94' lang='lat'><strong>,</strong></span> <span class='ocrx_word' id='word_1_738' title='bbox 2898 4502 2960 4548; x_wconf 91' lang='lat' dir='ltr'><strong>ut</strong></span> <span class='ocrx_word' id='word_1_739' title='bbox 2997 4493 3137 4549; x_wconf 88' lang='lat' dir='ltr'><strong>nihil</strong></span> <span class='ocrx_word' id='word_1_740' title='bbox 3170 4492 3445 4564; x_wconf 85' lang='lat' dir='ltr'><strong>quidquid</strong></span> 
     </span>
    </p>
   </div>
   <div class='ocr_carea' id='block_1_104' title="bbox 1875 4586 3451 4661">
    <p class='ocr_par' dir='ltr' id='par_1_104' title="bbox 1875 4586 3451 4661">
     <span class='ocr_line' id='line_1_105' title="bbox 1875 4586 3451 4661; baseline -0.004 -12"><span class='ocrx_word' id='word_1_741' title='bbox 1875 4595 1955 4650; x_wconf 90' lang='lat' dir='ltr'><strong>rei</strong></span> <span class='ocrx_word' id='word_1_742' title='bbox 1980 4600 2219 4649; x_wconf 90' lang='lat' dir='ltr'><strong>tractare</strong></span> <span class='ocrx_word' id='word_1_743' title='bbox 2249 4592 2362 4646; x_wconf 88' lang='lat' dir='ltr'><strong>illis</strong></span> <span class='ocrx_word' id='word_1_744' title='bbox 2404 4600 2613 4661; x_wconf 91' lang='lat' dir='ltr'><strong>posset,</strong></span> <span class='ocrx_word' id='word_1_745' title='bbox 2657 4599 2715 4644; x_wconf 90' lang='lat' dir='ltr'><strong>et</strong></span> <span class='ocrx_word' id='word_1_746' title='bbox 2758 4587 2901 4645; x_wconf 88' lang='lat' dir='ltr'><strong>sicut</strong></span> <span class='ocrx_word' id='word_1_747' title='bbox 2945 4602 3149 4657; x_wconf 83' lang='lat' dir='ltr'><strong>corpus</strong></span> <span class='ocrx_word' id='word_1_748' title='bbox 3197 4586 3451 4645; x_wconf 72' lang='lat' dir='ltr'><strong>exanime</strong></span> 
     </span>
    </p>
   </div>
   <div class='ocr_carea' id='block_1_105' title="bbox 1878 4683 2624 4745">
    <p class='ocr_par' dir='ltr' id='par_1_105' title="bbox 1878 4683 2624 4745">
     <span class='ocr_line' id='line_1_106' title="bbox 1878 4683 2624 4745; baseline -0.011 -1"><span class='ocrx_word' id='word_1_749' title='bbox 1878 4689 2010 4745; x_wconf 88' lang='lat' dir='ltr'><strong>ferri</strong></span> <span class='ocrx_word' id='word_1_750' title='bbox 2046 4701 2335 4743; x_wconf 89' lang='lat' dir='ltr'><strong>necessum</strong></span> <span class='ocrx_word' id='word_1_751' title='bbox 2369 4683 2624 4738; x_wconf 88' lang='lat' dir='ltr'><strong>haberet.</strong></span> 
     </span>
    </p>
   </div>
   <div class='ocr_carea' id='block_1_106' title="bbox 1945 4768 3455 4844">
    <p class='ocr_par' dir='ltr' id='par_1_106' title="bbox 1945 4768 3455 4844">
     <span class='ocr_line' id='line_1_107' title="bbox 1945 4768 3455 4844; baseline -0.01 -8"><span class='ocrx_word' id='word_1_752' title='bbox 1945 4782 2034 4836; x_wconf 82' lang='lat'><strong>77.</strong></span> <span class='ocrx_word' id='word_1_753' title='bbox 2064 4778 2286 4834; x_wconf 82' lang='lat' dir='ltr'><strong>Homini</strong></span> <span class='ocrx_word' id='word_1_754' title='bbox 2307 4776 2525 4832; x_wconf 91' lang='lat' dir='ltr'><strong>cuidam</strong></span> <span class='ocrx_word' id='word_1_755' title='bbox 2555 4775 2733 4830; x_wconf 69' lang='lat' dir='ltr'><strong>Persa:</strong></span> <span class='ocrx_word' id='word_1_756' title='bbox 2760 4771 2947 4844; x_wconf 76' lang='lat' dir='ltr'><strong>gravis</strong></span> <span class='ocrx_word' id='word_1_757' title='bbox 2983 4768 3283 4825; x_wconf 84' lang='lat' dir='ltr'><strong>admodum</strong></span> <span class='ocrx_word' id='word_1_758' title='bbox 3313 4782 3455 4823; x_wconf 74' lang='lat' dir='ltr'><strong>cum</strong></span> 
     </span>
    </p>
   </div>
   <div class='ocr_carea' id='block_1_107' title="bbox 1874 4859 3440 4938">
    <p class='ocr_par' dir='ltr' id='par_1_107' title="bbox 1874 4859 3440 4938">
     <span class='ocr_line' id='line_1_108' title="bbox 1874 4859 3440 4938; baseline -0.01 -9"><span class='ocrx_word' id='word_1_759' title='bbox 1874 4875 2122 4929; x_wconf 76' lang='lat' dir='ltr'><strong>daemone</strong></span> <span class='ocrx_word' id='word_1_760' title='bbox 2154 4872 2302 4926; x_wconf 88' lang='lat' dir='ltr'><strong>lucta</strong></span> <span class='ocrx_word' id='word_1_761' title='bbox 2330 4878 2468 4933; x_wconf 87' lang='lat' dir='ltr'><strong>erat,</strong></span> <span class='ocrx_word' id='word_1_762' title='bbox 2501 4882 2614 4938; x_wconf 89' lang='lat' dir='ltr'><strong>quo</strong></span> <span class='ocrx_word' id='word_1_763' title='bbox 2661 4881 2766 4921; x_wconf 87' lang='lat' dir='ltr'><strong>nec</strong></span> <span class='ocrx_word' id='word_1_764' title='bbox 2814 4863 3041 4920; x_wconf 87' lang='lat' dir='ltr'><strong>liberari</strong></span> <span class='ocrx_word' id='word_1_765' title='bbox 3107 4862 3219 4916; x_wconf 90' lang='lat' dir='ltr'><strong>ullo</strong></span> <span class='ocrx_word' id='word_1_766' title='bbox 3275 4859 3440 4915; x_wconf 92' lang='lat' dir='ltr'><strong>modo</strong></span> 
     </span>
    </p>
   </div>
   <div class='ocr_carea' id='block_1_108' title="bbox 1873 4950 3439 5036">
    <p class='ocr_par' dir='ltr' id='par_1_108' title="bbox 1873 4950 3439 5036">
     <span class='ocr_line' id='line_1_109' title="bbox 1873 4950 3439 5036; baseline -0.01 -16"><span class='ocrx_word' id='word_1_767' title='bbox 1873 4971 2110 5036; x_wconf 89' lang='lat' dir='ltr'><strong>poterat.</strong></span> <span class='ocrx_word' id='word_1_768' title='bbox 2153 4960 2345 5018; x_wconf 87' lang='lat' dir='ltr'><strong>Astitit</strong></span> <span class='ocrx_word' id='word_1_769' title='bbox 2388 4959 2521 5015; x_wconf 89' lang='lat' dir='ltr'><strong>huic</strong></span> <span class='ocrx_word' id='word_1_770' title='bbox 2572 4957 2822 5029; x_wconf 82' lang='lat' dir='ltr'><strong>angelus,</strong></span> <span class='ocrx_word' id='word_1_771' title='bbox 2857 4955 3107 5025; x_wconf 87' lang='lat' dir='ltr'><strong>dixitque</strong></span> <span class='ocrx_word' id='word_1_772' title='bbox 3158 4970 3171 5007; x_wconf 92' lang='lat'><strong>:</strong></span> <span class='ocrx_word' id='word_1_773' title='bbox 3218 4951 3321 5007; x_wconf 82' lang='lat' dir='ltr'><strong>Abi</strong></span> <span class='ocrx_word' id='word_1_774' title='bbox 3369 4950 3439 5006; x_wconf 87' lang='lat' dir='ltr'><strong>ad</strong></span> 
     </span>
    </p>
   </div>
   <div class='ocr_carea' id='block_1_109' title="bbox 1869 5042 3443 5125">
    <p class='ocr_par' dir='ltr' id='par_1_109' title="bbox 1869 5042 3443 5125">
     <span class='ocr_line' id='line_1_110' title="bbox 1869 5042 3443 5125; baseline -0.01 -12"><span class='ocrx_word' id='word_1_775' title='bbox 1869 5071 2089 5113; x_wconf 89' lang='lat' dir='ltr'><strong>servum</strong></span> <span class='ocrx_word' id='word_1_776' title='bbox 2116 5055 2215 5111; x_wconf 89' lang='lat' dir='ltr'><strong>Dei</strong></span> <span class='ocrx_word' id='word_1_777' title='bbox 2242 5052 2600 5125; x_wconf 87' lang='lat' dir='ltr'><strong>Symeonem,</strong></span> <span class='ocrx_word' id='word_1_778' title='bbox 2631 5056 3064 5106; x_wconf 87' lang='lat' dir='ltr'><strong>commorantem</strong></span> <span class='ocrx_word' id='word_1_779' title='bbox 3103 5045 3160 5100; x_wconf 87' lang='lat' dir='ltr'><strong>in</strong></span> <span class='ocrx_word' id='word_1_780' title='bbox 3214 5042 3443 5101; x_wconf 85' lang='lat' dir='ltr'><strong>sublimi</strong></span> 
     </span>
    </p>
   </div>
   <div class='ocr_carea' id='block_1_110' title="bbox 1870 5136 3447 5213">
    <p class='ocr_par' dir='ltr' id='par_1_110' title="bbox 1870 5136 3447 5213">
     <span class='ocr_line' id='line_1_111' title="bbox 1870 5136 3447 5213; baseline -0.01 -7"><span class='ocrx_word' id='word_1_781' title='bbox 1870 5159 2078 5213; x_wconf 90' lang='lat' dir='ltr'><strong>monte,</strong></span> <span class='ocrx_word' id='word_1_782' title='bbox 2103 5164 2172 5203; x_wconf 89' lang='lat' dir='ltr'><strong>ex</strong></span> <span class='ocrx_word' id='word_1_783' title='bbox 2195 5146 2434 5203; x_wconf 88' lang='lat' dir='ltr'><strong>adverso</strong></span> <span class='ocrx_word' id='word_1_784' title='bbox 2478 5142 2808 5205; x_wconf 63' lang='lat' dir='ltr'><strong>Antiochia},</strong></span> <span class='ocrx_word' id='word_1_785' title='bbox 2861 5155 2974 5194; x_wconf 90' lang='lat' dir='ltr'><strong>non</strong></span> <span class='ocrx_word' id='word_1_786' title='bbox 3027 5139 3103 5193; x_wconf 88' lang='lat' dir='ltr'><strong>ita</strong></span> <span class='ocrx_word' id='word_1_787' title='bbox 3166 5136 3364 5208; x_wconf 89' lang='lat' dir='ltr'><strong>procul</strong></span> <span class='ocrx_word' id='word_1_788' title='bbox 3415 5151 3447 5190; x_wconf 88' lang='lat' dir='ltr'><strong>a</strong></span> 
     </span>
    </p>
   </div>
   <div class='ocr_carea' id='block_1_111' title="bbox 1876 5227 3449 5297">
    <p class='ocr_par' dir='ltr' id='par_1_111' title="bbox 1876 5227 3449 5297">
     <span class='ocr_line' id='line_1_112' title="bbox 1876 5227 3449 5297; baseline -0.01 0"><span class='ocrx_word' id='word_1_789' title='bbox 1876 5243 2012 5297; x_wconf 88' lang='lat' dir='ltr'><strong>mari</strong></span> <span class='ocrx_word' id='word_1_790' title='bbox 2053 5241 2195 5295; x_wconf 89' lang='lat' dir='ltr'><strong>sito:</strong></span> <span class='ocrx_word' id='word_1_791' title='bbox 2224 5239 2319 5293; x_wconf 93' lang='lat' dir='ltr'><strong>illo</strong></span> <span class='ocrx_word' id='word_1_792' title='bbox 2342 5235 2725 5293; x_wconf 88' lang='lat' dir='ltr'><strong>intercedente</strong></span> <span class='ocrx_word' id='word_1_793' title='bbox 2750 5241 2901 5288; x_wconf 83' lang='lat' dir='ltr'><strong>certa</strong></span> <span class='ocrx_word' id='word_1_794' title='bbox 2934 5230 3033 5287; x_wconf 88' lang='lat' dir='ltr'><strong>tibi</strong></span> <span class='ocrx_word' id='word_1_795' title='bbox 3068 5238 3256 5286; x_wconf 87' lang='lat' dir='ltr'><strong>manet</strong></span> <span class='ocrx_word' id='word_1_796' title='bbox 3283 5244 3314 5283; x_wconf 91' lang='lat' dir='ltr'><strong>a</strong></span> <span class='ocrx_word' id='word_1_797' title='bbox 3335 5227 3449 5283; x_wconf 84' lang='lat' dir='ltr'><strong>Deo</strong></span> 
     </span>
    </p>
   </div>
   <div class='ocr_carea' id='block_1_112' title="bbox 1872 5320 3451 5394">
    <p class='ocr_par' dir='ltr' id='par_1_112' title="bbox 1872 5320 3451 5394">
     <span class='ocr_line' id='line_1_113' title="bbox 1872 5320 3451 5394; baseline -0.011 -3"><span class='ocrx_word' id='word_1_798' title='bbox 1872 5337 2045 5391; x_wconf 88' lang='lat' dir='ltr'><strong>salus.</strong></span> <span class='ocrx_word' id='word_1_799' title='bbox 2069 5334 2374 5389; x_wconf 84' lang='lat' dir='ltr'><strong>Exsecutus</strong></span> <span class='ocrx_word' id='word_1_800' title='bbox 2398 5329 2489 5383; x_wconf 93' lang='lat' dir='ltr'><strong>ille</strong></span> <span class='ocrx_word' id='word_1_801' title='bbox 2513 5327 2821 5391; x_wconf 89' lang='lat' dir='ltr'><strong>omniaest;</strong></span> <span class='ocrx_word' id='word_1_802' title='bbox 2847 5338 3085 5394; x_wconf 90' lang='lat' dir='ltr'><strong>cumque</strong></span> <span class='ocrx_word' id='word_1_803' title='bbox 3100 5320 3451 5393; x_wconf 89' lang='lat' dir='ltr'><strong>pervenisset</strong></span> 
     </span>
    </p>
   </div>
   <div class='ocr_carea' id='block_1_113' title="bbox 1874 5409 3444 5492">
    <p class='ocr_par' dir='ltr' id='par_1_113' title="bbox 1874 5409 3444 5492">
     <span class='ocr_line' id='line_1_114' title="bbox 1874 5409 3444 5492; baseline -0.013 -8"><span class='ocrx_word' id='word_1_804' title='bbox 1874 5428 1942 5484; x_wconf 89' lang='lat' dir='ltr'><strong>ad</strong></span> <span class='ocrx_word' id='word_1_805' title='bbox 1969 5430 2245 5489; x_wconf 89' lang='lat' dir='ltr'><strong>sanctum,</strong></span> <span class='ocrx_word' id='word_1_806' title='bbox 2276 5419 2491 5492; x_wconf 82' lang='lat' dir='ltr'><strong>singula</strong></span> <span class='ocrx_word' id='word_1_807' title='bbox 2522 5418 2703 5487; x_wconf 89' lang='lat' dir='ltr'><strong>palam</strong></span> <span class='ocrx_word' id='word_1_808' title='bbox 2727 5414 3009 5472; x_wconf 87' lang='lat' dir='ltr'><strong>enarravit</strong></span> <span class='ocrx_word' id='word_1_809' title='bbox 3034 5430 3047 5467; x_wconf 93' lang='lat'>:</span> <span class='ocrx_word' id='word_1_810' title='bbox 3083 5411 3180 5483; x_wconf 92' lang='lat' dir='ltr'><strong>qui</strong></span> <span class='ocrx_word' id='word_1_811' title='bbox 3207 5409 3329 5466; x_wconf 81' lang='lat' dir='ltr'><strong>fusa</strong></span> <span class='ocrx_word' id='word_1_812' title='bbox 3379 5410 3444 5464; x_wconf 91' lang='lat' dir='ltr'><strong>ad</strong></span> 
     </span>
    </p>
   </div>
   <div class='ocr_carea' id='block_1_114' title="bbox 1876 5500 3449 5588">
    <p class='ocr_par' dir='ltr' id='par_1_114' title="bbox 1876 5500 3449 5588">
     <span class='ocr_line' id='line_1_115' title="bbox 1876 5500 3449 5588; baseline -0.013 -12"><span class='ocrx_word' id='word_1_813' title='bbox 1876 5524 2050 5577; x_wconf 88' lang='lat' dir='ltr'><strong>Deum</strong></span> <span class='ocrx_word' id='word_1_814' title='bbox 2085 5532 2270 5588; x_wconf 88' lang='lat' dir='ltr'><strong>prece,</strong></span> <span class='ocrx_word' id='word_1_815' title='bbox 2307 5514 2458 5567; x_wconf 86' lang='lat' dir='ltr'><strong>exire</strong></span> <span class='ocrx_word' id='word_1_816' title='bbox 2488 5511 2791 5566; x_wconf 75' lang='lat' dir='ltr'><strong>daemonem</strong></span> <span class='ocrx_word' id='word_1_817' title='bbox 2843 5507 3037 5580; x_wconf 82' lang='lat' dir='ltr'><strong>jubet;</strong></span> <span class='ocrx_word' id='word_1_818' title='bbox 3069 5504 3230 5574; x_wconf 79' lang='lat' dir='ltr'><strong>cuius</strong></span> <span class='ocrx_word' id='word_1_819' title='bbox 3273 5500 3449 5558; x_wconf 63' lang='lat' dir='ltr'><strong>contir</strong></span> 
     </span>
    </p>
   </div>
   <div class='ocr_carea' id='block_1_115' title="bbox 1874 5642 3439 5725">
    <p class='ocr_par' dir='ltr' id='par_1_115' title="bbox 1874 5642 3439 5725">
     <span class='ocr_line' id='line_1_116' title="bbox 1874 5642 3439 5725; baseline -0.014 -11"><span class='ocrx_word' id='word_1_820' title='bbox 1874 5661 2039 5715; x_wconf 88' lang='lat' dir='ltr'><strong>nidus</strong></span> <span class='ocrx_word' id='word_1_821' title='bbox 2088 5666 2137 5710; x_wconf 88' lang='lat' dir='ltr'><strong>et</strong></span> <span class='ocrx_word' id='word_1_822' title='bbox 2185 5648 2546 5725; x_wconf 78' lang='lat' dir='ltr'><strong>Lychnidium</strong></span> <span class='ocrx_word' id='word_1_823' title='bbox 2595 5647 2896 5718; x_wconf 83' lang='lat' dir='ltr'><strong>appellatur</strong></span> <span class='ocrx_word' id='word_1_824' title='bbox 2935 5644 3054 5698; x_wconf 76' lang='lat' dir='ltr'><strong>urbs</strong></span> <span class='ocrx_word' id='word_1_825' title='bbox 3107 5642 3439 5717; x_wconf 59' lang='lat' dir='ltr'><strong>archiepiscov</strong></span> 
     </span>
    </p>
   </div>
   <div class='ocr_carea' id='block_1_116' title="bbox 1876 5725 2387 5799">
    <p class='ocr_par' dir='ltr' id='par_1_116' title="bbox 1876 5725 2387 5799">
     <span class='ocr_line' id='line_1_117' title="bbox 1876 5725 2387 5799; baseline -0.02 -14"><span class='ocrx_word' id='word_1_826' title='bbox 1876 5732 2011 5799; x_wconf 80' lang='lat' dir='ltr'><strong>palis</strong></span> <span class='ocrx_word' id='word_1_827' title='bbox 2049 5725 2387 5783; x_wconf 65' lang='lat' dir='ltr'><strong>Macedonia).</strong></span> 
     </span>
    </p>
   </div>
  </div>
