3988 6480
608 336 751 400 3059

1812 334 1876 395 S.
1917 332 2294 397 SYMEONIS
2327 332 2689 398 JUNIORIS

3683 332 3793 398 3060

610 460 720 502 nuo
747 442 1020 515 planctus,
1052 439 1429 508 tumultuatio,
1458 450 1625 513 atque
1674 444 1946 498 clamores
1994 443 2166 497 auditi

2297 443 2695 515 παραγγέλλει·
2729 442 2825 498 καλ
2862 444 3067 497 αὐτίκα.
3107 440 3379 511 κλαυθμοὶ
3429 436 3524 491 τοῦ
3565 439 3795 512 δαίμονος,

613 544 768 601 sunt,
798 542 993 605 utpote
1010 550 1122 590 non
1141 534 1369 589 ferentis
1387 534 1493 589 viri
1522 533 1693 589 sancti
1720 533 2179 605 increpationem,

612 628 1008 697 rlamantisque
1035 645 1049 681 :
1083 627 1311 682 Missum
1342 643 1429 681 me
1455 627 1569 692 fac;
1604 636 1660 681 et
1687 641 1856 681 exeo:
1889 627 2005 681 scio
2032 627 2180 680 enim

612 721 739 791 quis
776 720 874 785 sis,
906 729 964 774 et
992 730 1254 790 quantam
1308 720 1434 774 Filii
1492 720 1591 774 Dei
1636 720 1895 774 virtutem
1951 718 2181 774 habeas.

613 813 754 866 llum
787 810 904 866 haec
928 811 1087 875 liunt,
1125 811 1309 866 visum
1338 810 1565 865 obsesso
1586 819 1691 875 est,
1727 825 1987 865 coronam
2010 809 2181 879 capiti

617 901 907 973 Symeonis
936 900 1303 967 circumdari;
1332 903 1493 974 cuius
1514 911 1575 956 et
1594 900 1953 971 pulchritudo
1980 909 2036 955 et
2059 899 2180 954 auri

617 990 1020 1047 intermicantis
1067 992 1244 1057 nitor,
1293 1000 1351 1046 et
1403 1006 1746 1063 gemmarum
1807 991 2093 1062 splendor,
2125 1000 2184 1047 et

613 1082 800 1139 trucis
832 1082 1107 1152 impositae
1132 1082 1246 1147 luv,
1277 1082 1529 1152 lucisque
1550 1081 1730 1153 fulgor
1774 1096 1838 1136 ac
1895 1088 2179 1147 venustas,

613 1184 671 1231 et
729 1175 1291 1231 circumvolitantium
1347 1175 1671 1245 angelorum
1712 1174 2012 1239 cohortes,
2071 1181 2181 1227 tam

613 1266 835 1325 insolita
856 1272 1017 1323 erant
1035 1266 1243 1332 omnia,
1272 1275 1332 1320 ut
1354 1266 1582 1337 exsequi
1624 1265 1812 1320 verbis
1866 1281 2031 1320 nemo
2058 1280 2187 1335 pos-

613 1358 727 1417 siti:
785 1357 894 1413 illis
951 1367 1135 1413 autem
1192 1358 1345 1412 velut
1415 1357 1542 1429 igne
1612 1357 1875 1427 quodam,
1926 1356 2183 1426 pertinax

616 1449 831 1506 damon
850 1459 1079 1505 coactus
1092 1454 1176 1504 est
1188 1449 1481 1520 emigrare;
1505 1447 1970 1519 quemadmodum
1983 1446 2070 1501 dei
2080 1446 2187 1501 nde

613 1542 787 1599 miser
812 1542 946 1608 ille,
989 1542 1102 1615 jam
1152 1541 1258 1597 sibi
1306 1540 1578 1607 redditus,
1631 1541 1810 1612 palam
1845 1538 2184 1610 divulgabat,

612 1649 780 1691 sanus
806 1627 1034 1689 domum
1059 1648 1218 1689 suam
1247 1642 1534 1705 repetens,
1563 1642 1621 1689 et
1665 1647 1837 1703 opera
1865 1631 1967 1688 Dei
2011 1631 2189 1703 genti-

614 1725 725 1784 bus
747 1725 1110 1782 aumuntians.

683 1908 776 1965 78.
811 1907 1083 1965 Juvenem
1114 1906 1408 1978 quemdam
1452 1906 1732 1962 invaserat
1754 1905 1996 1972 damon,
2022 1919 2187 1977 quem

616 2010 730 2059 tam
746 2001 965 2058 miseris
986 2000 1275 2072 torquebat
1292 2000 1491 2068 modis,
1522 2007 1585 2056 ut
1606 2015 1723 2071 prae
1748 1998 1918 2055 nimia
1941 2000 2191 2069 corporis

612 2093 935 2151 extensione
962 2094 1108 2149 oculi
1139 2093 1368 2149 sedibus
1408 2093 1525 2149 suis
1561 2093 1811 2164 erupturi
1844 2094 2188 2149 viderentur.

613 2184 953 2241 Perielitanti
971 2184 1163 2256 igitur,
1180 2184 1398 2240 cunctis
1412 2184 1820 2251 deﬁcientibus,
1833 2185 2033 2241 adeste
2050 2185 2190 2240 cmlo

617 2279 868 2351 angelus,
898 2277 1095 2333 habitu
1125 2292 1190 2332 ae
1223 2277 1407 2348 specie
1449 2277 1664 2344 militis,
1707 2278 1862 2333 abire
1894 2277 2075 2348 ipsum
2132 2277 2190 2331 in

617 2380 863 2426 montem
893 2368 1201 2425 mirabilem
1233 2368 1304 2423 ad
1334 2376 1584 2424 sanetum
1617 2368 1943 2441 Symeonem
1964 2369 2189 2440 jubens.

615 2462 736 2531 Ipse
746 2461 919 2527 enim,
934 2461 1133 2532 inquit,
1153 2476 1185 2516 a
1199 2460 1589 2517 vexationibus
1605 2461 1872 2516 daemonis
1884 2469 1936 2516 te
1954 2461 2191 2517 liberum

616 2552 919 2624 prestabit.
947 2551 1141 2609 Statim
1174 2552 1342 2624 igitur
1365 2553 1567 2623 juvene
1596 2554 1702 2608 iter
1732 2552 1800 2608 ad
1834 2562 2085 2608 sanctum
2108 2554 2193 2609 in-

615 2658 824 2715 gresso,
852 2652 1154 2714 sanctoque
1196 2644 1681 2716 inexpugnabilem
1720 2643 1926 2701 Christi
1968 2662 2191 2703 crucem

618 2734 724 2805 ipsi
756 2734 1106 2805 imprimente
1128 2773 1147 2801 ,
1183 2734 1476 2791 videbatur
1512 2735 1619 2792 sibi
1644 2736 1859 2792 daemon
1886 2739 2059 2809 ignito
2086 2738 2193 2793 ful-

617 2826 764 2882 mine
828 2824 1147 2897 perstringi,
1183 2826 1498 2883 exclamans
1526 2847 1571 2903 ι.
1603 2827 1744 2895 Quid
1787 2830 1981 2895 hocce,
2033 2846 2192 2887 serve

617 2918 751 2973 Dei?
769 2918 901 2988 quid
929 2933 1015 2973 me
1040 2928 1148 2972 tam
1175 2919 1489 2975 immaniter
1524 2922 1778 2976 cremas?
1801 2938 2023 2993 nequeo
2042 2924 2190 2979 enim

619 3016 925 3072 terribilem
951 3016 1047 3070 Dei
1082 3030 1328 3081 manum,
1351 3031 1473 3086 quae
1500 3016 1556 3071 in
1577 3024 1631 3071 te
1652 3028 1757 3082 est,
1778 3019 2070 3074 sustinere.
2097 3020 2192 3074 llla

615 3114 724 3173 σκι,
746 3121 870 3177 qua:
890 3120 1008 3160 non
1030 3106 1207 3161 solum
1232 3121 1335 3161 nos
1363 3107 1527 3177 igneo
1549 3107 1835 3163 consuevit
1853 3107 2066 3179 ﬂagello
2094 3110 2195 3179 eji-
2220 3146 2262 3206 ϐ

617 3212 767 3261 cere,
795 3195 891 3252 sed
904 3202 962 3252 et
977 3195 1165 3266 populi
1190 3198 1613 3267 egritudinibus
1636 3197 1820 3253 omnis
1834 3200 2053 3270 generis
2075 3215 2193 3256 me-

617 3289 797 3344 delam
826 3288 1051 3344 aliene.
1089 3289 1285 3344 lsthazc
1320 3304 1554 3359 nequam
1585 3290 1817 3359 spiritus
1850 3306 1953 3360 per
1982 3291 2194 3346 obsessi

617 3381 858 3453 linguam
899 3381 1175 3446 elocutus,
1218 3382 1487 3437 continuo
1518 3381 1747 3437 abactas
1791 3391 1877 3437 est
1927 3399 1943 3434 :
1977 3382 2196 3453 juvenis

618 3489 754 3529 vero
782 3473 1071 3536 liberatus,
1098 3473 1278 3529 oculis
1314 3474 1432 3529 suis
1457 3474 1735 3544 angelum,
1772 3472 1957 3528 omnia
2004 3474 2199 3529 militis

618 3565 973 3631 referentem,
996 3574 1179 3621 astare
1212 3566 1471 3639 Symeoni
1501 3567 1811 3637 conspexit,
1845 3582 2082 3638 cumque
2129 3585 2197 3624 eo

619 3659 858 3729 colloqui
908 3659 1285 3727 familiariter,
1332 3660 1797 3730 quemadmodum
1838 3661 2041 3717 deinde
2092 3662 2199 3733 ipsi

618 3750 888 3806 narravit.
931 3751 1062 3807 Post
1100 3752 1219 3807 haec
1261 3760 1319 3808 et
1358 3769 1458 3823 pro
1492 3753 1872 3809 incolumitate
1898 3753 2058 3823 pedis
2110 3753 2197 3808 sui

620 3851 881 3914 precatus
906 3853 991 3899 est
1019 3844 1374 3911 adolescens;
1406 3855 1530 3901 erat
1567 3847 1772 3916 quippe
1824 3848 1871 3901 is
1902 3847 2197 3902 admodum

621 3935 864 4002 debilis,
914 3942 971 3991 et
1024 3936 1142 3991 fere
1193 3936 1263 3991 ad
1317 3937 1681 4008 gradiendum
1732 3938 1947 3993 inutilis
1993 3952 2009 3992 :
2063 3938 2198 4008 qui,

622 4026 880 4097 imposita
899 4042 931 4081 a
949 4026 1221 4099 Symeone
1244 4043 1408 4083 manu
1427 4029 1758 4094 medicante,
1780 4030 2029 4084 oratione
2057 4030 2201 4095 fusa,

623 4130 682 4177 et
712 4121 869 4192 signo
896 4121 1080 4177 crucis
1100 4121 1391 4192 impresso,
1422 4118 1713 4178 confestim
1747 4121 1959 4192 integer
1992 4132 2058 4176 ae
2106 4120 2201 4175 fir-

627 4226 751 4273 mus
780 4211 941 4269 alteri
968 4211 1285 4269 omnimodo
1320 4212 1520 4268 similis
1538 4211 1665 4268 fuit.

2283 537 2376 588 καὶ
2407 534 2625 605 θόρυϐοι
2655 536 2751 589 καὶ
2779 536 3017 603 κραυγαὶ
3072 534 3172 588 οὐκ
3202 533 3519 598 ὲνέγκοντας
3543 532 3634 601 τὴν
3661 536 3797 589 iml-

2285 646 2471 698 μησιν,
2507 629 2667 688 "Ave;
2721 646 2833 697 μοι,
2867 628 2959 680 καὶ
3003 626 3201 697 ἔξειμι,
3233 625 3487 692 λεγδντος
3513 641 3526 652 '
3570 620 3675 677 οἶδα
3716 628 3801 699 γὰρ

2288 718 2372 783 τίς
2425 736 2483 771 τε
2534 715 2605 780 si,
2639 718 2735 771 καὶ
2782 719 2903 787 ἣτις
2933 719 2971 788 ἡ
3015 720 3081 770 ὲν
3132 720 3220 770 col.
3258 716 3357 769 τοῦ
3404 715 3541 769 Υίοῦ
3591 718 3800 771 τοῦείεώ

2284 810 2554 879 ἐνέργεια.
2596 811 2685 863 Ἐν
2747 811 2858 880 ὅσῳ
2893 810 2953 863 δὲ
2994 809 3167 862 ταῦτα
3205 808 3528 879 ἐπράττετο,
3557 808 3714 863 ἐδόκει
3741 811 3800 882 τῷ

2286 901 2550 969 πάσχοντι
2583 899 2680 953 τὸν
2708 900 2974 968 στέφανον
3003 903 3031 953 δ
3055 898 3283 970 Συμεὼν
3306 903 3375 969 τῇ
3426 900 3633 970 κεφαλῇ
3680 920 3799 974 mp.

2287 992 2504 1046 κεῖσθαι
2528 1009 2544 1024 ·
2577 994 2641 1045 τὸ
2696 993 2755 1046 δὲ
2790 992 2887 1047 τοῦ
2947 993 3218 1061 στεφάνου
3268 992 3491 1055 κάλλος,
3530 993 3587 1044 αι
3642 993 3695 1047 δὲ
3735 996 3803 1051 τοῦ

2286 1084 2491 1155 χρυσοῦ
2532 1084 2887 1154 ὡραιότητες,
2918 1084 2977 1139 al.
3006 1083 3115 1137 τῶν
3145 1082 3317 1139 λίθων
3342 1083 3641 1150 αὸγαὶ,δδ⁶
3660 1087 3803 1158 tela)

2288 1175 2537 1245 στεφάνῳ
2566 1174 2818 1245 σταυρὸς.
2850 1174 2911 1227 τὸ
2941 1174 2998 1227 δὲ
3021 1172 3117 1227 τοῦ
3150 1172 3393 1244 σταυροῦ
3427 1174 3567 1242 φῶς,
3592 1175 3645 1228 αἱ
3668 1174 3803 1228 ἂπῦ

2286 1267 2467 1335 φωτὸς
2493 1265 2659 1320 πάλιν
2689 1265 2967 1337 ἀστραπαί
2999 1282 3062 1318 τε
3092 1266 3185 1319 καὶ
3217 1266 3469 1336 χάριτες,
3491 1265 3552 1319 τὸ
3579 1265 3631 1319 δι
3655 1269 3806 1322 κυκλό-

2287 1359 2380 1412 θεν
2438 1359 2537 1427 τῆς
2573 1358 2899 1427 Ἀγγελικῆς
2950 1359 3213 1427 στρατιᾶς
3271 1357 3507 1428 πλῆθος,
3531 1357 3742 1428 άρῤητόν
3770 1376 3809 1413 τι

2289 1453 2478 1522 χρῆμα
2505 1452 2599 1505 καὶ
2627 1451 2944 1522 ἀπόρρητον
2982 1446 3130 1521 ἦσαν
3150 1465 3168 1482 ο
3192 1450 3282 1520 ὑφ’
3310 1443 3394 1504 ὧν
3421 1453 3454 1503 ὁ
3482 1450 3697 1520 χαλεπὸς
3724 1452 3809 1506 διε.

2292 1560 2408 1615 μων
2438 1546 2649 1609 ἐκεῖνος
2668 1544 2743 1607 ὡς
2764 1543 2871 1597 ἀπὸ
2900 1542 3073 1615 πυρὸς
3098 1542 3415 1614 ἀπηλλάγη,
3438 1543 3514 1606 ὡς
3538 1544 3813 1612 puemitia

2291 1634 2479 1703 σαφῶς
2528 1633 2773 1705 ἐκνήψας
2818 1633 3001 1698 αὐτὸς,
3041 1634 3077 1688 ὁ
3127 1633 3223 1687 τοῦ
3271 1633 3484 1696 πάθους
3531 1633 3812 1703 ἀπαλλαγείς

2293 1727 2561 1796 ἐξηγεῖτο,
2596 1727 2757 1797 ὑγιὴς
2786 1728 2866 1789 είς
2897 1727 2997 1796 τὴν
3029 1726 3243 1780 οίκείαν
3276 1724 3643 1789 ὶπανιὼν,καὶ
3663 1727 3721 1780 τὰ
3741 1728 3812 1780 τοῦ

2218 1797 2261 1857 Β
2295 1820 2431 1873 Θεοῦ
2467 1819 2605 1889 ἔργα
2636 1820 2748 1882 τοῖς
2770 1817 2979 1871 ἔθνεσιν
3000 1818 3390 1886 ἀπαγγέλλων.

2360 1918 2461 1981 οη’.
2492 1910 2781 1980 Νεανίσκῳ
2806 1911 2913 1963 τινὶ
2938 1910 3151 1981 δαίμων
3188 1908 3559 1979 ἐπιπηδήσας,
3590 1908 3717 1962 οὕτω
3738 1925 3809 1962 κσ-

2290 2003 2401 2065 κῶς
2428 2002 2589 2054 αὑτὸν
2619 2000 2859 2065 διετίθει,
2901 2000 2977 2061 ὡς
3005 2002 3099 2052 καὶ
3138 2001 3266 2062 τοὺς
3296 1998 3610 2068 ὀφθαλμοὺς
3634 1998 3704 2069 τῷ
3725 2015 3811 2051 νεα·

2289 2096 2461 2166 νίσκῳ
2490 2097 2665 2148 δοκεῖν
2711 2093 2816 2146 ὑπὸ
2852 2093 2953 2163 τῆς
2997 2091 3201 2161 πολλῆς
3230 2090 3326 2145 τοῦ
3360 2090 3610 2161 σώματος
3650 2090 3811 2153 sicut;

2294 2186 2511 2257 μέλλειν
2535 2186 2639 2257 ἠδη
2666 2185 2778 2240 τῶν
2807 2185 3025 2238 οἰκείων
3045 2184 3340 2253 πυθμένων
3371 2181 3696 2250 ιξάλλεσθαι.
3723 2182 3811 2234 litv-

2289 2278 2566 2334 δυνεύοντι
2583 2278 2785 2343 τοίνυν,
2814 2278 2910 2332 καὶ
2938 2279 3050 2340 τοῖς
3078 2276 3225 2340 ὓλοις
3258 2275 3641 2346 ἀπορουμένῳ,
3661 2275 3812 2342 Ἀγγε-

2290 2374 2384 2437 λος
2414 2373 2620 2427 ἄνωθεν
2650 2370 2879 2433 ἐπιστὰς
2900 2371 2958 2422 ὲν
2979 2370 3109 2423 εἴδει
3128 2369 3223 2423 καὶ
3245 2368 3490 2439 σχήματι
3512 2367 3809 2437 στρατιώτου,

2290 2467 2586 2535 ἀφικέσθαι
2631 2465 2785 2535 παρὰ
2810 2462 2871 2517 τὸ
2900 2462 3215 2533 θαυμαστὸν
3240 2460 3366 2533 ὅρος
3396 2458 3584 2523 αὐτὸν,
3613 2459 3727 2528 πρὸς
3749 2457 3811 2509 τὸν

2292 2563 2433 2616 θεῖον
2449 2559 2679 2633 Συμεὼν
2699 2559 3057 2631 ὶπισκήπτειν
3070 2557 3243 2620 Αὐτὸς
3260 2556 3371 2627 γάρ
3395 2572 3480 2619 σε,
3498 2551 3644 2625 φησὶ,
3659 2552 3812 2623 τῆςτοῦ

2291 2654 2547 2725 δαίμονος
2594 2652 2862 2723 ὶπηρείας
2917 2649 3294 2721 ἐλευθερώσει.
3337 2649 3550 2701 Αὐτίκα
3593 2646 3708 2716 γοῦν
3744 2644 3811 2698 τα]

2292 2746 2578 2801 νεανίσκου
2607 2746 2685 2815 τῷ
2720 2744 2888 2815 ’Δγίῳ
2934 2743 3361 2815 παραϐαλόντος,
3402 2742 3612 2794 ἐκείνου
3657 2756 3709 2791 τι
3745 2740 3815 2808 τὴν

2292 2842 2507 2911 ἄμαχον
2547 2838 2695 2908 αὐτῷ
2741 2837 2836 2892 τοῦ
2886 2833 3125 2908 Χριστοῦ
3181 2835 3459 2905 σφραγῖδα
3500 2832 3813 2893 animum.

2293 2934 2471 2986 ἐδόκει
2499 2932 2588 2985 διὰ
2615 2932 2787 3001 πυρὸς
2815 2930 3101 3001 ἀστραπῆς
3130 2930 3161 2982 ὁ
3184 2927 3399 2997 δαίμων
3426 2926 3618 2979 ἑαυτὸν
3635 2925 3745 2994 ὁρᾷν
3758 2940 3815 2975 τι·

2297 3024 2679 3096 μωρούμενον·
2700 3023 2766 3076 Τί
2791 3021 2968 3085 τοῦτο,
2985 3020 3136 3074 δοῦλε
3155 3019 3253 3074 τοῦ
3270 3018 3410 3073 Θεοῦ
3438 3035 3454 3084 ς
3481 3018 3649 3087 λέγων
3664 3032 3676 3046 ’
3700 3015 3744 3068 τί
3768 3032 3814 3085 με

2293 3116 2482 3180 δεινῶς
2533 3115 2870 3186 πυρπολεῖς;
2918 3111 3040 3166 οὐδὲ
3072 3111 3189 3181 γάρ
3220 3112 3320 3180 τὴν
3368 3112 3435 3163 ὲν
3479 3110 3560 3162 σοὶ
3596 3107 3682 3161 τοῦ
3716 3104 3815 3159 Θεοῦ

2294 3212 2452 3281 χεῖρα
2490 3207 2725 3277 δύναμαι
2772 3207 2981 3273 στεγεῖν
3011 3203 3109 3273 τὴν
3149 3201 3410 3272 φοῦεράν,
3444 3201 3566 3271 ἥτις
3594 3199 3680 3267 vix
3708 3197 3814 3268 ἡμᾶς

2297 3302 2509 3372 πέφυκε
2561 3303 2721 3371 μόνον
2758 3298 2977 3369 μάστιξι
3025 3298 3280 3368 πυρίναις
3304 3294 3572 3354 ἐλαύνειν,
3608 3288 3724 3344 am
3747 3287 3815 3340 ml
3928 3287 3929 3335 ἓ

2296 3398 2487 3460 νόσους
2507 3395 2583 3465 τῷ
2605 3392 2722 3463 λαῷ
2746 3389 3091 3452 παντοδαπάς
3120 3384 3666 3459 θεραπεύεινεταῦτα
3683 3382 3730 3435 τὸ
3748 3397 3813 3433 1:9-
3928 3386 3929 3395 ‘

2297 3489 2463 3558 νηρδν
2519 3486 2697 3539 ἐκεῖνο
2740 3482 2960 3553 πνεῦμα
3015 3485 3082 3551 τῇ
3139 3478 3235 3532 τοῦ
3291 3478 3589 3546 πάσχοντος
3653 3471 3813 3541 γλώττῃ

2300 3579 2694 3649 φθεγξάμενον,
2746 3575 2908 3638 εὐθὺς
2961 3573 3271 3641 ἀπελήλατο
3292 3588 3309 3603 ο
3335 3566 3508 3641 οὗπερ
3538 3569 3567 3620 ὁ
3596 3564 3812 3621 νεανίσκος

2299 3673 2659 3740 ἀπαλλαγεὶς,
2698 3667 2964 3737 Ἀγγελον
3011 3668 3106 3719 ὐπ’
3134 3664 3449 3735 ὀφθαλμοὺς
3491 3661 3630 3731 ἑώρα
3661 3657 3725 3726 τῷ
3743 3655 3813 3707 Συ-

2305 3765 2452 3838 μεὼν
2499 3766 2555 3817 ὲν
2609 3761 2920 3834 ὁμοιώματι
2973 3757 3306 3830 στρατιώτου
3359 3745 3813 3838 «erismatorch

2302 3837 2461 3919 αὐτὸς
2498 3856 2726 3925 ’ὕστερον
2761 3854 3025 3924 ἐξηγεῖτο,
3058 3852 3151 3904 καὶ
3180 3848 3330 3918 αὐτῷ
3359 3847 3598 3917 γνησίως
3630 3837 3813 3907 διαλετὸ-

2306 3965 2485 4019 μενον.
2542 3946 2675 4001 Εἶτα
2735 3946 2830 3999 καὶ
2888 3945 3023 4014 περὶ
3068 3942 3163 3996 τοῦ
3213 3942 3371 4003 ποδὸς
3416 3940 3617 3992 ἑδεῐτοο
3654 3930 3715 4007 ἦν
3739 3933 3815 3999 γὰρ

2302 4040 2546 4102 ἀσθενῶς
2595 4038 2736 4109 ἔχων
2786 4036 2865 4107 τῷ
2891 4036 3197 4105 νεανίσκῳ·
3236 4030 3439 4103 μικροῦ
3489 4031 3545 4083 δὲ
3577 4028 3662 4083 καί
3693 4024 3814 4094 ἀχρή-

2306 4147 2446 4193 στως
2465 4130 2493 4181 ὁ
2514 4128 2650 4192 πούς
2674 4144 2689 4158 ·
2723 4128 2881 4197 χεῖρα
2908 4126 3091 4178 τοίνυν
3120 4122 3200 4193 τῷ
3227 4122 3348 4175 ποδὶ
3371 4120 3474 4174 τοῦ
3512 4115 3713 4186 Συμεὼν
3728 4115 3813 4165 ix:-

2304 4222 2487 4286 θέντος
2518 4222 2650 4293 εὐχῇ
2673 4219 3142 4292 θεραπευομένην,
3172 4216 3251 4287 τῷ
3271 4230 3333 4268 τε
3352 4213 3453 4267 τοῦ
3476 4208 3689 4282 σταυροῦ
3705 4206 3815 4273 τύπῳ

2304 4312 2825 4385 διασφραγίσαντος,
2854 4309 3025 4380 ὑγιῶς
3053 4309 3276 4373 αὐτίκα,
3312 4308 3405 4360 καὶ
3446 4306 3647 4377 θατέρῳ
3671 4301 3722 4355 τὸ
3740 4301 3816 4352 πᾶν

2307 4403 2452 4477 εῖχεν
2480 4404 2705 4474 ὁμοίως.

696 4487 785 4544 79.
818 4488 972 4548 Alter
997 4488 1259 4546 violentia
1280 4489 1549 4546 daemonis
1573 4490 1768 4546 faciem
1794 4490 2081 4547 distortum
2104 4491 2195 4546 ba-

2337 4498 2342 4502 ’
2377 4498 2473 4551 00'.
2509 4497 2739 4568 Ἕτερός
2768 4512 2873 4560 τις,
2905 4493 3123 4562 δαίμονι
3145 4492 3246 4563 τὴν
3285 4491 3408 4561 ὄψιν
3454 4490 3753 4561 διάστροφος,
3774 4480 3815 4534 τὺ

624 4584 811 4652 bebat,
844 4587 942 4643 sed
971 4587 1463 4643 invocavitnomen
1488 4586 1776 4660 Symeonis
1796 4601 1897 4657 pro
1919 4587 2199 4642 remedio:

625 4694 756 4736 ecce
788 4690 971 4734 autem
998 4679 1052 4733 in
1093 4679 1278 4735 medio
1324 4695 1450 4735 aere
1477 4680 1830 4749 conspicatus
1872 4680 2050 4750 ipsum
2095 4687 2201 4744 est,

623 4770 838 4840 virgam
864 4770 1077 4840 igneam
1107 4777 1410 4840 gerentem,
1442 4778 1499 4824 et
1527 4784 1652 4824 cum
1682 4770 1887 4840 impetu
1921 4770 1987 4824 ad
2019 4785 2078 4824 se
2104 4770 2203 4824 de-

626 4862 925 4917 labentem.
976 4862 1097 4917 Non
1148 4861 1275 4921 tulit
1329 4863 1581 4932 impurus
1629 4862 1861 4933 spiritus
1904 4862 2202 4916 adventum

627 4951 753 5014 viri,
787 4948 842 5005 in
891 4962 1107 5021 turpem
1154 4952 1333 5022 fugam
1372 4965 1672 5007 conversus
1705 4970 1719 5005 :
1755 4967 1990 5021 moxque
2024 4952 2207 5007 vultus

629 5042 833 5096 misero
869 5044 1181 5107 restitutus,
1212 5043 1476 5113 deinceps
1504 5058 1563 5099 se
1592 5044 1787 5098 habuit
1818 5054 1963 5099 recte
1992 5054 2047 5097 et
2071 5059 2205 5098 con-

628 5138 916 5193 venienter
942 5148 1173 5193 natum.
1212 5139 1446 5205 Quidam
1486 5139 1539 5193 in
1583 5140 1723 5209 pede
1755 5153 1973 5194 morsus
2004 5147 2123 5194 erat
2176 5152 2208 5193 a

630 5242 907 5299 serpente,
938 5233 1160 5303 jamque
1192 5246 1466 5286 venenum
1496 5232 1711 5286 vulneri
1745 5232 2204 5301 putrefactionem

631 5337 919 5393 gener-aus,
956 5338 1179 5379 manum
1220 5331 1509 5394 artemque
1554 5325 1894 5380 medicorum
1939 5339 2206 5394 superva-

631 5428 858 5470 caneam
884 5416 1168 5480 reddebat,
1187 5424 1242 5471 et
1261 5426 1584 5487 pnesentem
1606 5426 1837 5471 mortem
1861 5417 2205 5485 minabatur;

632 5523 863 5578 eamque
896 5509 1013 5579 ipse
1046 5525 1221 5579 aeger,
1262 5510 1426 5563 rebus
1452 5510 1710 5565 omnibus
1746 5510 2070 5579 desperatis,
2113 5527 2209 5565 ex-

636 5602 939 5671 spectabat.
966 5602 1188 5658 Interim
1212 5603 1501 5657 hortantur
1522 5603 1765 5673 quidam.
1791 5620 1941 5673 spem
1968 5620 2121 5658 suam
2154 5606 2208 5660 in

638 5704 826 5748 sancto
845 5705 905 5748 ut
934 5694 1184 5758 colloect,
1210 5705 1397 5764 utpote
1428 5695 1520 5764 qui
1547 5696 1695 5750 solus
1729 5696 1988 5765 ingruens
2011 5697 2205 5751 discri-

645 5798 770 5845 men.
791 5786 965 5861 possit
983 5800 1197 5840 arcere.
1218 5784 1465 5841 Credidit
1490 5786 1503 5839 i
1511 5802 1627 5856 pse,
1654 5786 2015 5859 invocatoquc
2036 5789 2207 5843 sancti

2306 4592 2399 4645 τοῦ
2426 4591 2573 4644 θείου
2600 4587 2827 4660 Συμεὼν
2854 4587 3025 4657 ὄνομα
3048 4587 3128 4649 είς
3156 4585 3299 4638 ῐασιν
3317 4584 3413 4638 τοῦ
3450 4583 3645 4645 πάθους
3668 4582 3815 4633 ἔπεια·

2307 4686 2471 4747 λε’ίτο,
2515 4682 2608 4736 καί
2641 4698 2775 4735 ποτε
2802 4679 2993 4734 τοῦτον
3040 4680 3097 4731 ὲν
3147 4678 3331 4749 αἰθέρι
3384 4678 3535 4747 μέσῳ
3565 4673 3730 4747 pasam
3755 4666 3813 4720 διὰ

2308 4776 2491 4847 χειρὸς
2523 4774 2712 4844 ἔχοντα
2743 4771 2978 4842 πυρίνην
3008 4771 3108 4842 ὁρᾷ
3128 4811 3142 4835 ,
3186 4770 3281 4823 καὶ
3328 4768 3571 4839 σφοδρῶς
3602 4765 3679 4819 ἐπ’
3700 4760 3813 4816 αὐτὸν

2309 4865 2631 4937 φερόμενον.
2670 4862 2779 4917 Τοῦ
2825 4863 2958 4931 γοῦν
2995 4860 3306 4933 ἀκαθάρτου
3341 4861 3641 4931 πνεύματος
3660 4852 3813 4909 ἐκείνου

2307 4960 2407 5027 τὴν
2454 4942 2781 5027 ἐφοδονόὐκ
2825 4954 3160 5023 ἐνεγκόντος,
3191 4952 3312 5007 ἀλλ’
3352 4953 3433 5015 είς
3468 4948 3637 5021 φυγὴν

2308 5050 2677 5120 τραπομένου,
2724 5046 2786 5099 τό
2831 5062 2891 5099 τε
2930 5046 3222 5116 πρόσωπον
3266 5044 3345 5115 τῷ
3381 5045 3633 5113 πάσχοντι
3668 5035 3815 5093 εὸθέως

2308 5140 2680 5209 ἀπεκατέστη,
2723 5139 2815 5193 καὶ
2844 5138 3018 5211 ὀρθῶς
3056 5137 3150 5191 τοῦ
3186 5136 3374 5191 λοιποῦ
3415 5136 3509 5190 καὶ
3546 5133 3670 5187 κατὰ
3700 5125 3817 5197 φὸσιν

2314 5233 2479 5305 εἶχεν.
2509 5236 2670 5303 Ὄφει
2692 5233 2914 5303 δέδηκτό
2946 5249 3031 5293 τις
3066 5230 3255 5302 ἰοϐόλῳ
3296 5231 3387 5282 τὸν
3422 5229 3572 5283 πόδα.
3597 5224 3679 5279 καὶ
3700 5217 3817 5287 σῆψτν

2310 5328 2339 5379 6
2368 5327 2442 5388 ἰὸς
2474 5327 2803 5395 ἐμποιήσας,
2835 5324 2895 5377 οὐ
2927 5327 3083 5394 χεῖρα
3127 5322 3287 5391 μόνον
3329 5321 3421 5375 καὶ
3449 5321 3633 5388 τέχνην
3670 5305 3818 5379 ίατρῶν

2310 5415 2676 5484 ἀπαγορεύειν
2728 5413 2923 5479 ἐποίει,
2975 5414 3092 5467 ἀλλ’
3122 5414 3221 5484 ήδη
3271 5414 3365 5465 καὶ
3402 5412 3620 5464 θάνατον
3657 5398 3820 5473 ἠπείλει

2314 5506 2457 5577 σαφῆ
2481 5524 2493 5537 ·
2523 5506 2659 5578 πρὸς
2692 5504 2751 5558 ὃν
2774 5506 2869 5558 καὶ
2904 5505 3062 5575 μόνον
3089 5505 3118 5557 ὁ
3151 5505 3394 5575 πάσχων,
3424 5503 3526 5554 τῶν
3552 5499 3705 5555 ἄλλων
3727 5494 3821 5547 ἁπο-

2312 5602 2473 5668 γνοὺς
2503 5601 2781 5663 ἁπάντων,
2816 5598 2982 5668 ἐώρα,
3030 5597 3404 5650 ’Υποτείνουσι
3436 5596 3489 5647 δέ
3517 5608 3646 5652 τινες
3668 5586 3744 5647 τὰς
3764 5583 3819 5641 είς

2314 5696 2403 5747 τὸν
2444 5696 2632 5760 Ἂγιον
2690 5692 2908 5754 ἐλπίδας
2957 5690 3126 5760 αὐτῷ,
3176 5690 3424 5759 καθάπερ
3466 5686 3658 5739 ἐκείνου
3697 5678 3821 5760 p.69?“

2315 5789 2504 5858 στῆναι
2536 5792 2670 5857 πρὸς
2700 5785 2843 5839 οὓτω
2880 5786 3115 5863 φανερὸν
3150 5783 3393 5838 κίνδυνεν
3435 5774 3725 5848 δυναμένου.
3763 5758 3819 5822 οἷς
