3988 6502
226 326 357 392 3061

1213 332 1383 392 VITA
1434 333 1482 391 Λ
1519 325 1960 393 NICEPHORO
1997 327 2489 394 CONSCRIPTA.

3341 332 3484 397 3062

226 442 316 495 atat
369 435 686 506 πιστεύσας,
732 436 825 492 καὶ
870 438 932 492 τὸ
968 438 1061 492 τοῦ
1108 440 1292 508 Ἀγίου
1328 441 1563 506 καλέσας
1609 440 1802 511 ὄνομα,

1920 438 2149 508 nomine,
2194 456 2258 497 ac
2297 440 2439 512 pede
2483 440 2639 498 humi
2670 441 2872 513 posito,
2902 440 3087 498 statim
3126 440 3484 501 conﬁrmatus

225 532 317 583 καὶ
368 529 464 599 τῆς
510 530 721 583 ἐκείνου
772 532 875 602 γῆς
941 530 1215 585 ἐπιϐαλὼν
1282 532 1358 603 τῷ
1410 534 1551 600 ποδὶ,
1600 533 1801 588 αὐτίκα

221 623 486 693 ἔρῥωστο.

291 722 365 769 π’.
402 715 585 782 ’Δξιον
634 716 690 770 δὲ
746 717 869 788 μηδ’
898 718 1075 772 ἐκεῖνο
1109 718 1475 789 παραλιπεῖν,
1532 720 1704 773 αἴτιον
1739 718 1801 771 ὃν

223 807 455 878 μάλιστα
502 808 594 862 τοῦ
635 808 861 864 τοιαῦτα
902 809 1359 881 θαυματουργεῖν.
1396 810 1673 882 Προσῆλθέ
1714 828 1799 874 τις

222 901 531 970 προσαιτῶν
558 901 637 973 τῷ
672 902 838 972 Ἀγίῳ
896 903 1019 959 Δίου
1084 904 1274 974 μηνὸς,
1329 905 1387 958 ὃν
1426 907 1460 976 ἡ
1507 907 1638 976 παρ’
1667 905 1800 981 ἡμῖν

218 989 433 1058 γλῶττα
447 989 787 1061 Νουέμϐριον
804 993 987 1046 καλεῖν
1008 988 1167 1048 οἶδεν.
1204 993 1262 1045 '0
1280 993 1337 1047 δέ
1358 1009 1371 1024 ⁸
1388 992 1671 1065 Πείσθητι,
1691 1011 1801 1064 φη-

220 1084 337 1146 σὶν,
365 1083 581 1153 ἀδελφέ,
616 1081 692 1149 ὡς
723 1084 878 1137 οὐδὲν
914 1084 1043 1140 ἄλλο
1070 1102 1161 1157 μοι
1201 1086 1509 1158 πρόσεστιν,
1534 1087 1617 1140 ὅτι
1647 1086 1720 1157 μὴ
1742 1086 1801 1140 τὸ

220 1175 457 1246 τρίχινον
492 1175 697 1246 ἔνδυμα
726 1176 885 1231 τοῦτο
904 1219 920 1243 ,
947 1178 1043 1231 καὶ
1069 1179 1367 1249 σύγγνωθι.
1399 1181 1574 1250 Ὅπερ
1604 1182 1652 1233 εί
1679 1178 1799 1249 βού-

218 1268 299 1319 λει
348 1266 554 1333 λαϐεῖν,
593 1268 702 1323 ἰδού
761 1287 844 1323 σοι
899 1272 993 1325 καὶ
1032 1271 1166 1325 αὐτὸ
1198 1272 1525 1344 ἀποδύομαι.
1569 1273 1677 1327 Τοῦ
1719 1273 1798 1337 δὲ,

217 1358 435 1416 δεῖσθαι
454 1360 548 1414 καὶ
572 1360 763 1415 τούτου
787 1361 876 1416 διὰ
905 1363 1005 1434 τὴν
1036 1363 1228 1417 πενίαν
1256 1364 1503 1428 εἰπόντος
1521 1381 1536 1397 ⁸
1568 1365 1802 1437 Εὑλόγη-

220 1468 305 1514 τος
351 1450 558 1522 Κύριος
597 1453 625 1505 ὁ
656 1452 812 1518 Θεὸς,
834 1452 939 1523 ἔφη
964 1470 979 1487 ·
1028 1455 1125 1511 καὶ
1159 1455 1571 1525 ἀποδυσάμενος
1614 1456 1799 1522 εὐθὺς,

217 1543 400 1608 Δέξαι,
431 1545 649 1614 ἀδελφὲ,
675 1546 847 1614 λέγει.
895 1547 1006 1601 Καὶ
1035 1548 1064 1601 ὁ
1097 1549 1196 1617 μὲν
1225 1547 1391 1620 ἀπῄει
1419 1548 1598 1603 λαϐών
1618 1566 1632 1581 ο
1673 1551 1701 1601 ὁ
1744 1550 1801 1603 δὲ

218 1634 426 1703 γυμνὸς
476 1636 859 1703 ἀπολέλειπτο,
904 1638 1014 1692 οὐδ’
1066 1638 1247 1693 ὁτιοῦν
1285 1640 1548 1711 κάλυμμα
1598 1642 1803 1712 σαρκὸς

218 1723 435 1792 ἐτερον,
463 1724 545 1776 ὅτι
605 1724 679 1797 μὴ
737 1726 897 1796 μόνον
944 1727 1039 1781 ἐπὶ
1092 1727 1185 1781 τοῦ
1225 1727 1454 1800 στήθους
1485 1727 1799 1783 κουκούλιον

220 1816 394 1886 βραχὺ
438 1793 822 1888 περικείμενος
843 1835 856 1850 ·
893 1819 988 1873 καὶ¹
1023 1821 1084 1874 οὐ
1117 1820 1290 1895 ταύτῃ
1311 1793 1484 1892 μόνον
1531 1839 1801 1894 παραχει-
1832 1793 1875 1849 Β

219 1907 423 1974 μάσας,
448 1908 584 1962 ἀλλά
605 1910 699 1965 καὶ
722 1911 802 1974 είς
819 1911 1002 1981 ὃγδοον
1024 1913 1151 1983 ἑξῆς
1172 1912 1611 1986 διακαρτερήσας
1637 1918 1799 1987 μῆνα.

219 1998 481 2067 Εὑγενίου
536 2000 593 2055 δὲ
642 2003 753 2056 τῶν
819 2003 1079 2076 μαθητῶν
1139 2004 1259 2067 ἐνὸς
1322 2006 1802 2077 παραϐιαζομένου

215 2089 411 2143 τοῦτον
448 2091 634 2146 λαϐεῖν
672 2110 725 2147 τι
762 2095 1110 2165 περιϐόλαιον
1140 2097 1339 2170 ἑαυτῷ,
1368 2099 1532 2170 ἡνίκα
1568 2100 1804 2171 μάλιστα

216 2182 490 2254 χειμῶνος
518 2185 822 2254 ἐνειστήκει
851 2188 912 2240 τὸ
941 2189 1311 2260 ἀκμαιότατον
1333 2208 1348 2223 ·
1396 2192 1453 2245 '0
1487 2191 1660 2262 ἰχθὺς,
1685 2191 1803 2246 ἔλε-

216 2291 332 2341 γεν,
364 2276 586 2330 ἐπειδὰν
645 2279 846 2349 μᾶλλον
909 2282 1180 2352 χειμῶνος
1212 2282 1445 2356 ριγώσῃ,
1470 2283 1804 2359 γλυκύτερος

220 2368 456 2435 γίνεται,
484 2370 577 2425 καὶ
621 2372 742 2426 οὐδὲ
773 2372 1011 2438 δυσῶδες
1041 2392 1094 2429 τι
1126 2376 1318 2431 τούτου
1348 2378 1542 2444 ἀπόζει
1567 2397 1583 2411 ο
1616 2381 1806 2454 ὥσπερ

218 2463 537 2518 τούναντίον
591 2465 703 2537 ὅσῳ
754 2466 943 2539 θέρους
982 2468 1357 2541 θερμαίνεται,
1404 2472 1658 2528 τοσοῦτον
1704 2474 1807 2530 οὐκ

219 2555 553 2626 ἀηδέστερος
593 2557 840 2626 γίνεσθαι
894 2560 1074 2631 μόνον,
1121 2561 1257 2615 ἀλλά
1304 2564 1399 2618 καὶ
1439 2563 1677 2636 σκώληξι
1710 2566 1808 2619 πέ-

220 2661 398 2710 φυκεν
448 2645 669 2719 βρύειν·
709 2649 759 2704 οἳ
801 2649 1069 2722 δήπουθεν
1116 2653 1482 2725 ἀναμένουσιν
1542 2659 1661 2712 ἐκεῖ
1713 2657 1809 2712 καλ⁸

222 2737 396 2803 ἡμᾶς.
443 2737 703 2810 ἐνδύμασι
744 2746 838 2797 καὶ
873 2744 1127 2817 βρώμασι
1170 2745 1264 2801 τοῦ
1298 2747 1412 2817 βίου
1449 2748 1811 2823 θερμαινομέ-

222 2845 367 2891 νους,
1538 2872 1539 2875 η

292 2920 414 2978 πα’.
456 2923 591 2996 Ὁρᾷ
633 2942 764 2979 ποτε
817 2926 1051 2999 θεωρίαν
1086 2932 1114 2984 ὀ
1146 2930 1372 3001 Συμεών
1399 2949 1414 2964 ·
1454 2936 1487 3005 ἡ
1525 2934 1583 2989 δὲ
1617 2929 1685 3009 ῆν
1712 2936 1809 3007 (ὡς

223 3013 393 3077 αὐτὸς
446 3015 750 3086 τηνικαῦτα
796 3018 897 3073 οὑκ
958 3021 1370 3096 ἀπεκρύψατο)
1428 3026 1655 3098 σεισμὸς
1715 3028 1811 3082 ἐπὶ

1903 528 2029 586 fuit.

1974 717 2062 772 80.
2110 717 2367 787 Iniquum
2419 725 2506 772 est
2538 727 2595 773 et
2642 717 2780 771 illud
2846 715 3296 787 praetermittere,
3335 716 3482 787 quod

1902 810 2177 881 praecipua
2199 825 2365 866 causa
2383 809 2490 866 fuit
2518 818 2629 864 tam
2648 810 2982 866 mirabilium
3016 826 3267 881 operum.
3297 809 3483 865 Mense

1904 902 2026 968 Dio,
2058 902 2154 973 qui
2198 911 2389 963 nostra
2426 903 2612 975 lingua
2664 892 2976 959 November
3015 902 3127 958 dici
3168 902 3479 967 consuevit,

1904 996 2136 1052 accessit
2177 996 2400 1067 quidam
2436 1004 2649 1061 sancto,
2682 994 2964 1066 quidpiam
3015 993 3175 1064 stipis
3215 994 3479 1065 rogitans.

1904 1090 2005 1146 Cui
2031 1092 2122 1146 ille
2149 1089 2383 1152 :Crede,
2407 1089 2608 1160 inquit,
2641 1087 2832 1152 frater,
2856 1087 2995 1143 nihil
3028 1086 3163 1141 mihi
3188 1094 3482 1157 suppetere

1902 1194 2104 1255 praeter
2134 1184 2278 1242 hanc
2312 1183 2586 1239 cilicinam
2614 1183 2890 1238 lacernam
2912 1222 2927 1246 ,
2955 1189 3012 1237 ct
3042 1180 3303 1251 ignosce:
3333 1179 3482 1250 quod

1902 1279 1950 1335 si
1984 1278 2129 1333 illam
2164 1277 2466 1343 desideres,
2497 1293 2566 1333 en
2602 1276 2699 1333 tibi
2725 1291 2889 1331 exuo.
2928 1274 3180 1345 Cumque
3207 1272 3299 1328 ille
3322 1286 3484 1342 repo-

1903 1380 2084 1437 neret,
2131 1370 2382 1440 indigere
2423 1385 2482 1425 se
2522 1374 2748 1439 propter
2803 1366 3046 1437 inopiam
3078 1380 3095 1420 :
3126 1362 3481 1429 Benedictus,

1903 1466 2002 1530 ait,
2037 1464 2304 1519 Dominus
2335 1463 2480 1519 Deus
2511 1479 2525 1516 :
2558 1471 2891 1531 exutamque
2940 1458 3126 1515 statim
3168 1456 3480 1529 porrigens,

1902 1555 2124 1625 Accipe,
2154 1553 2355 1623 inquit,
2383 1553 2552 1608 frater
2579 1569 2592 1607 :
2621 1560 2677 1607 et
2713 1551 2826 1616 ille,
2854 1560 3078 1619 accepta
3120 1557 3297 1614 veste,
3323 1545 3481 1604 abiit.

1904 1648 2139 1720 Symeon
2170 1662 2303 1703 vero
2335 1645 2518 1702 nudus
2546 1645 2795 1711 relictus,
2832 1643 2970 1700 nihil
3002 1657 3113 1714 quo
3148 1656 3370 1699 carnem
3404 1651 3485 1698 te—

1905 1749 2080 1813 geret,
2110 1739 2369 1805 habebat,
2393 1738 2500 1794 nisi
2522 1738 2745 1794 brevem
2776 1738 3053 1793 cucullam
3084 1736 3222 1810 (2i),
3247 1751 3357 1806 qua
3382 1749 3483 1806 pe-

1904 1842 2057 1889 ctore
2096 1842 2256 1889 tenus
2285 1838 2450 1903 caput
2475 1830 2838 1887 amiciebatur
2879 1847 2895 1885 :
2937 1830 3125 1900 sicque
3171 1843 3285 1884 non
3318 1826 3485 1882 modo

1904 1928 2144 1983 hiemem
2171 1926 2433 1992 traduxit,
2471 1925 2568 1980 sed
2598 1932 2725 1979 octo
2750 1923 2923 1979 etiam
2948 1921 3242 1978 continuos
3265 1934 3484 1974 menses

1904 2020 2242 2091 perduravit.
2295 2018 2547 2088 Cumque
2602 2016 3003 2086 discipulorum
3075 2028 3219 2068 unus
3303 2011 3484 2066 dictus

1904 2110 2219 2184 Eugenius,
2277 2110 2525 2181 adigeret
2583 2109 2806 2181 ipsum,
2861 2105 2966 2161 sibi
3019 2101 3366 2169 chlamydem
3422 2107 3484 2153 ut

1904 2203 2295 2268 circumdaret,
2329 2199 2632 2275 praesertim
2651 2200 2837 2255 hieme
2857 2195 3188 2270 rigidissima
3212 2194 3482 2247 instante:

1905 2296 2141 2365 Quanto,
2168 2296 2455 2366 inquiebat
2485 2293 2744 2366 Symeon,
2770 2289 2943 2361 magis
2970 2286 3139 2360 riguit
3171 2282 3339 2355 piscis
3365 2281 3485 2337 hie-

1906 2392 2035 2448 mali
2060 2401 2327 2461 tempore,
2352 2398 2505 2443 tanto
2527 2386 2814 2441 delicatior
2834 2388 2938 2448 est,
2962 2380 3256 2449 minusque
3292 2373 3486 2432 fetoris

1907 2498 2036 2557 inde
2063 2489 2315 2551 redolet:
2348 2488 2425 2544 uti
2458 2493 2650 2542 contra
2705 2491 2915 2555 quanto
2960 2479 3184 2537 calescit
3220 2476 3391 2546 magis
3427 2474 3481 2528 iu

1911 2595 2119 2652 aestate,
2155 2592 2308 2640 tanto
2343 2578 2634 2649 insipidior
2675 2591 2830 2641 esse,
2866 2572 3228 2644 pluribusque
3276 2576 3489 2624 scatere

1914 2674 2190 2731 vermibus
2220 2667 2523 2729 consuevit,
2558 2667 2648 2734 qui
2695 2665 2886 2733 utique
2914 2670 2968 2718 et
3001 2676 3101 2717 nos
3133 2668 3379 2720 manent,
3406 2658 3490 2710 iu-

1914 2764 2191 2825 dumentis
2224 2763 2469 2834 cibisque
2494 2759 2660 2831 hujus
2691 2760 2813 2814 vitae
2835 2757 3252 2813 incalescentcs.

1980 2914 2071 2971 81.
2107 2913 2312 2970 llabuit
2367 2909 2665 2983 aliQuando
2721 2916 2947 2964 sanctus
2983 2903 3253 2962 visionem
3303 2898 3487 2957 istius.

1911 3006 2086 3074 modi,
2115 3014 2179 3061 ut
2212 3005 2328 3075 ipse
2360 3001 2639 3058 narrando
2677 2997 2946 3055 revelavit
2989 3012 3009 3053 :
3054 2993 3338 3049 oriebatur
3377 2992 3492 3047 An-

221 3104 319 3175 τὴν
363 3082 633 3177 Ἀντιοχου
667 3111 868 3178 πᾶσαν,
904 3112 966 3167 οὐ
1004 3082 1123 3186 γῆν.
1145 3082 1326 3185 μύνον,
1352 3082 1494 3171 ἀλλὰ
1540 3082 1651 3172 καὶ⁷
1678 3136 1809 3191 καρ-

1920 3100 2134 3156 tiochia:
2160 3106 2346 3154 motus
2377 3094 2512 3166 t22),
2532 3111 2643 3149 non
2667 3093 2845 3149 solum
2869 3101 3096 3154 terram,
3119 3087 3213 3143 sed
3241 3094 3299 3142 ct
3326 3083 3495 3141 corda
3548 3082 3561 3086 ’

222 3197 343 3250 δίαν
378 3198 640 3265 σαλεύων,
667 3201 806 3273 ὅπερ
835 3205 1283 3278 ἀγανακτήσεως,
1316 3210 1469 3282 φησὶ,
1493 3209 1631 3263 Θεοῦ
1667 3210 1809 3281 σύμ-

226 3289 385 3342 ϐολον
419 3306 433 3321 ο
457 3286 572 3344 εἶτα
610 3291 707 3345 καὶ
736 3292 797 3347 τὸ
822 3294 922 3364 τῆς
966 3296 1197 3366 ἀπειλῆς
1248 3299 1541 3371 φάρμακον
1574 3300 1673 3373 τὴν
1714 3319 1811 3372 με-

221 3383 448 3436 τάνοιαν
478 3383 743 3448 ὑπετίθει,
777 3386 870 3439 καὶ
896 3387 994 3457 τὴν
1028 3387 1176 3441 θείαν
1220 3390 1466 3460 ἠγγυᾶτο
1507 3391 1812 3462 φιλανθρω-

224 3473 384 3529 πίαν.
418 3474 605 3529 Ταῦτα
631 3478 660 3528 ὁ
688 3477 790 3546 μὲν
824 3477 1019 3542 είπὼν,
1046 3479 1218 3534 ἐδεῖτο
1238 3480 1348 3534 τῶν
1378 3482 1682 3553 οἰκτιρμῶν
1713 3483 1811 3538 τοῦ

224 3566 391 3629 Θεοῦ,
419 3569 513 3624 καὶ
568 3569 702 3640 πρὸς
750 3569 899 3623 ἔλεον
933 3570 1023 3623 τὸν
1075 3569 1308 3642 θελητὴν
1349 3572 1442 3626 τοῦ
1475 3573 1660 3638 ἐλέους
1693 3575 1812 3639 ἐξε-

227 3659 471 3713 καλεῖτο.
504 3660 639 3715 Κατ’
674 3661 891 3734 ἐκείνην
920 3661 975 3714 δὲ
1004 3662 1103 3733 τὴν
1129 3663 1367 3734 ἡμέραν,
1389 3664 1512 3725 καθ’
1536 3667 1602 3737 ἣν
1629 3666 1816 3738 εἴρητο

226 3752 430 3815 ταῦτα.
472 3754 608 3807 σείει
640 3755 739 3827 μὲν
769 3757 797 3809 ὀ
822 3754 957 3820 Θεὸς
1004 3756 1149 3827 μέγα
1177 3757 1307 3827 περὶ
1359 3758 1584 3829 πρώτην
1622 3760 1814 3825 νύκτα,

228 3846 553 3919 ἀποστροφὴ
625 3846 682 3901 δὲ
746 3848 847 3919 τῆς
916 3848 1149 3917 ἀπειλῆς
1223 3849 1491 3921 οὐδεμία,
1554 3851 1678 3907 οὐδέ
1734 3870 1818 3917 τις

232 3936 428 3999 στάσις
450 3930 526 4009 ἦν
570 3937 670 4008 τῆς
704 3937 995 4011 κινήσεως,
1024 3936 1159 3991 ἀλλά
1192 3937 1416 4009 σεισμὸς
1448 3938 1542 3991 ἐπὶ
1576 3938 1815 4010 σεισμῷ.

234 4032 334 4085 καὶ
400 4028 631 4103 καρδίας
674 4029 856 4101 πάσης
922 4029 1225 4102 θραυσμὸς,
1259 4030 1294 4101 ἦ
1350 4047 1409 4084 τε
1457 4032 1530 4100 γῆ
1588 4030 1818 4103 φοϐερὸν

231 4121 537 4191 ὲμυσκᾶτο,
569 4121 669 4193 τὴν
723 4121 875 4177 θείαν
923 4120 1113 4193 ὥσπερ
1164 4122 1334 4194 ὀργὴν
1392 4123 1709 4194 μηνύουσα,
1743 4123 1820 4187 ὡς

232 4215 366 4278 τοὺς
404 4214 508 4270 ἀνὰ
558 4214 660 4286 τὴν
705 4213 862 4269 πόλιν
905 4216 1085 4269 πᾶσαν
1135 4216 1230 4269 καὶ
1254 4216 1462 4286 χώραν,
1493 4216 1592 4268 οὐκ
1618 4216 1820 4287 ἄνδρας

238 4305 437 4375 μόνον,
472 4305 610 4361 ἀλλά
650 4306 746 4361 καὶ
798 4309 1061 4376 γυναῖκας
1093 4307 1187 4361 καὶ
1229 4306 1447 4372 παῖδας,
1498 4307 1595 4361 καὶ
1640 4308 1822 4362 πᾶσαν

237 4396 427 4460 ἁπλῶς
459 4396 698 4469 ἡλικίαν,
725 4397 817 4451 τὸν
847 4397 1042 4451 ἑαυτὸν
1082 4399 1287 4465 κόσμον
1314 4396 1689 4468 ἀποθεμένους
1718 4438 1734 4463 ,
1764 4400 1824 4452 ὲν

1914 3193 2200 3248 hominum
2230 3190 2471 3262 graviter
2498 3187 2815 3243 succutiens
2852 3202 2865 3239 :
2912 3183 3205 3252 aiebatque
3241 3178 3495 3250 indigna-

1914 3286 2081 3343 tionis
2117 3283 2318 3339 divinae
2344 3279 2613 3337 indicium
2644 3278 2797 3332 illum
2839 3290 2983 3333 esse.
3037 3273 3178 3329 Tum
3222 3281 3281 3327 et
3321 3285 3493 3326 reme-

1915 3379 2068 3435 dium
2099 3373 2543 3433 minitationibus
2566 3370 2687 3427 istis
2708 3367 3091 3439 paenitentiam
3120 3365 3414 3437 suggessit,
3442 3374 3499 3419 et

1915 3471 2316 3543 benignitatem
2366 3467 2463 3524 Dei
2498 3465 2813 3523 adfuturam
2876 3458 3190 3533 spopondit.
3247 3457 3499 3526 Cumque

1917 3567 2035 3620 hazc
2068 3563 2317 3628 dixisset,
2369 3558 2706 3632 precabatur
2766 3550 3208 3611 misericordiam
3261 3548 3385 3614 Dei,
3441 3556 3499 3603 et

1915 3655 2191 3711 volentem
2221 3650 2476 3709 misereri
2509 3649 2576 3704 ad
2608 3644 2984 3707 miserendum
3006 3640 3306 3699 excitabat.
3338 3639 3494 3695 lllam

1917 3758 2104 3802 autem
2137 3745 2307 3811 diem,
2338 3758 2444 3813 qua
2465 3742 2583 3796 haec
2611 3739 2846 3804 dixerat,
2890 3734 3271 3805 subsequente
3315 3730 3499 3803 prima

1918 3850 2081 3896 nocte
2103 3837 2282 3893 valide
2312 3833 2596 3906 quassavit
2619 3833 2769 3890 Deus
2788 3838 2994 3888 terram
3021 3828 3141 3886 sine
3173 3827 3284 3884 ulla
3304 3825 3503 3882 remis-

1919 3937 2079 3993 sione
2122 3934 2418 3997 minarum,
2459 3931 2580 3988 sine
2628 3930 2741 3986 ulla
2781 3936 2966 3985 motus
2992 3924 3324 3983 cessatione.
3374 3920 3501 3979 Alia

1919 4047 1986 4087 ex
2043 4030 2151 4085 alia
2213 4026 2499 4099 quassatio
2563 4021 2956 4087 sentiebatur,
3020 4018 3275 4074 omnium
3330 4014 3503 4072 animi

1922 4123 2277 4186 deficiebant,
2304 4131 2452 4178 terra
2484 4116 2834 4174 horrendum
2864 4112 2922 4169 in
2948 4111 3173 4168 modum
3197 4109 3502 4181 mugiebat,

1920 4217 2075 4275 velut
2126 4215 2378 4273 indicans
2424 4210 2771 4266 iracundiam
2829 4206 3113 4271 divinam;
3162 4202 3303 4259 adeo
3355 4200 3505 4259 utin

1926 4310 2183 4369 universa
2210 4316 2266 4363 et
2290 4306 2427 4361 urbe
2448 4312 2505 4360 et
2536 4303 2781 4375 regione,
2802 4310 2914 4357 tam
2943 4298 3053 4354 viri
3070 4311 3238 4369 quam
3262 4294 3506 4357 femina),

1925 4402 2083 4475 pueri
2107 4409 2275 4469 atque
2337 4404 2470 4453 aetas
2528 4395 2810 4467 quaelibet,
2866 4392 3075 4463 rejecto
3128 4395 3329 4445 ornatu
3381 4400 3506 4450 suo,

238 4488 434 4561 σάκκῳ
490 4489 585 4543 καὶ
643 4489 908 4561 κλαυθμῷ
943 4491 1038 4543 καὶ
1073 4490 1300 4562 νηστείᾳ
1335 4490 1473 4561 πρὸς
1511 4489 1604 4544 τὸν
1632 4491 1814 4561 Ἅγιοι

1930 4493 2109 4550 induti
2143 4505 2354 4554 saccos,
2397 4487 2608 4559 perfusi
2635 4485 2918 4557 lacrymis,
2971 4481 3184 4555 jejunio
3211 4478 3381 4537 luridi
3439 4477 3509 4533 ad

237 4583 483 4649 ἀνιέναι,
509 4583 602 4637 τὸν
627 4584 828 4639 οἰκεῖον
844 4583 993 4655 αὐτῷ
1016 4586 1621 4658 προσανακλαιομένους
1656 4588 1825 4643 θάνα-

237 4689 355 4727 τον’
385 4674 675 4731 Ἐκάλεσε
691 4675 801 4748 γὰρ
829 4676 923 4729 ἐπ’
938 4675 1135 4746 αὐτὴν
1152 4678 1366 4747 Κύριος
1386 4680 1652 4746 Σαϐαὼθ,
1672 4680 1827 4752 ἐνεῇ

240 4765 435 4837 ἡμέρᾳ
460 4767 691 4840 ἐκείνῃ,
710 4768 1027 4839 κλαυθμὸν
1056 4769 1153 4831 καὶ
1185 4771 1462 4840 κοπετὸν,
1480 4773 1574 4831 καὶ
1603 4771 1828 4845 ξύρησιν

320 4906 385 4939 ⁸⁸⁸
414 4904 518 4961 lsa.
560 4921 694 4973 χχιι,
742 4905 828 4962 ιε.

322 5016 433 5095 (2i)
464 5019 561 5077 Gr.
593 5017 944 5095 Κρλκούλιον.
999 5018 1147 5095 _Nota
1185 5021 1343 5076 vestis
1393 5032 1499 5089 est,
1539 5040 1644 5095 qua
1674 5034 1831 5095 caput

247 5088 517 5158 operitur;
544 5088 917 5160 etghumilitas
964 5089 1321 5160 signiﬁcatur,
1381 5101 1515 5147 teste
1551 5088 1834 5148 'Dorot'heo

248 5166 394 5232 ςιοςι.
424 5158 813 5232 l.Accipimus
837 5158 1338 5232 etiam'cucullam,
1374 5180 1500 5232 qua:
1543 5174 1628 5218 est
1688 5179 1836 5232 sym—

250 5229 440 5302 bolum
463 5225 815 5302 humilitatis.
848 5230 1005 5286 Varia
1037 5232 1134 5301 fuit
1174 5225 1345 5302 forma
1394 5225 1491 5301 'pro
1525 5225 1839 5302 temporum

250 5315 319 5374 ac
348 5300 584 5374 instituti
608 5303 833 5366 ratione,
852 5305 930 5374 uti
959 5300 1120 5359 etiam
1153 5300 1292 5357 nunc
1310 5300 1407 5374 est.
1429 5303 1525 5357 Hic
1561 5300 1683 5358 talis
1708 5306 1843 5374 forte

252 5369 521 5443 intellecta
560 5371 750 5441 fuerit,
779 5373 989 5443 qualem
1021 5374 1261 5428 describit
1314 5372 1602 5430 Cassianus
1649 5369 1717 5428 de.
1750 5376 1845 5428 ha-

253 5440 365 5516 bitu
407 5440 647 5516 monachi
672 5443 767 5497 lib.
790 5440 800 5443 ⁷
823 5460 874 5509 1,
905 5459 1025 5514 cap.
1058 5446 1110 5498 lt.
1144 5444 1389 5500 Cucullis
1414 5446 1615 5516 parvis,
1662 5460 1838 5516 usque

257 5510 327 5563 ad
369 5514 602 5567 cervicis
636 5510 1101 5583 humerorumque
1127 5516 1364 5569 confinia
1398 5510 1670 5582 demissis,
1718 5510 1841 5571 (ἰή-

258 5580 366 5634 bus
397 5592 605 5637 tantum
638 5586 816 5643 capita
856 5594 1168 5643 conti-aaut.
1214 5585 1595 5641 indesinenter
1643 5534 1840 5643 melius

258 5580 366 5634 bus
397 5592 605 5637 tantum
638 5586 816 5656 capita
856 5580 1168 5656 contegunt,
1214 5585 1595 5641 indesinenter
1643 5580 1840 5644 diebus

262 5660 494 5705 utuntur
514 5668 577 5706 ac
623 5654 892 5709 noctibus.

335 5722 455 5800 (£22_
492 5722 702 5776 Videtur
716 5726 814 5800 _-_h_ig
835 5725 1128 5800 ille'motus
1158 5742 1287 5790 esse,
1313 5727 1383 5800 Ade
1413 5744 1517 5791 quo
1560 5729 1833 5800 ΤΙιεορΙια-

266 5807 353 5846 nes
387 5793 457 5846 (ιιι
490 5811 687 5847 (mnum
713 5794 817 5848 5l8
837 5797 911 5848 sic
934 5811 949 5845 :
986 5799 1097 5849 Hoc
1133 5814 1276 5851 anno
1306 5798 1623 5867 frequentes
1674 5793 1835 5855 terrai

1933 4592 2186 4641 sanctum
2212 4586 2579 4637 accurrerent
2600 4619 2615 4645 ,
2648 4578 2945 4633 instantem
2985 4574 3095 4629 sibi
3126 4583 3359 4629 mortem
3400 4585 3509 4625 una

1932 4697 2055 4738 cum
2084 4680 2204 4748 ipso
2237 4678 2624 4732 lamentantes.
2656 4671 2867 4727 Vocavit
2891 4670 3034 4725 enim
3048 4684 3213 4740 super
3239 4667 3507 4722 civitatem

1935 4774 2189 4832 Dominus
2220 4768 2452 4827 Sabaoth
2471 4769 2527 4821 in
2549 4767 2631 4821 die
2652 4763 2750 4819 illa
2770 4763 3039 4834 ploratum
3064 4770 3115 4817 et
3132 4760 3403 4831 planctum
3420 4755 3510 4819 η’,

1928 5035 2120 5081 ηιιιοιιιει
2151 5021 2460 5093 pluviaeque
2489 5020 2738 5090 ingentes
2765 5015 3102 5093 incubuere;
3142 5026 3513 5093 mensehvero

1933 5081 2240 5149 Februario
2275 5081 2438 5147 terrae
2486 5081 2668 5145 motus
2716 5086 2855 5142 adeo
2891 5085 3194 5141 vehemens
3266 5081 3391 5148 fuit,
3448 5094 3513 5139 ut

1938 5179 2134 5219 omnes
2185 5163 2253 5218 de
2305 5162 2484 5217 salute
2535 5160 2896 5228 desperantes
2928 5165 3189 5228 metuque
3228 5153 3513 5228 prostrati,

1939 5235 2182 5291 decretis
2206 5233 2554 5304 publicarum
2581 5223 2998 5305 processionum
3018 5223 3294 5305 precibus,
3336 5223 3508 5280 Deum

1943 5316 2006 5361 ut
2040 5306 2109 5359 ab
2142 5294 2463 5359 imminente
2495 5294 2742 5371 periculo
2770 5294 3035 5371 servaret,
3084 5294 3360 5371 supplices
3411 5309 3511 5351 ex-

1944 5384 2187 5432 orarent.
2255 5373 2322 5427 Et
2357 5363 2667 5440 Procopius
2698 5369 2760 5423 de
2804 5368 2939 5440 bello
2986 5363 3203 5440 Gothico
3236 5363 3371 5440 _lib_._
3430 5379 3513 5428 tu,

1940 5463 2063 5511 cap.
2088 5446 2178 5511 29,
2205 5448 2298 5498 hoc
2316 5444 2501 5497 modo:
2530 5433 3302 5511 'Annihuiushiemscrchris,
3335 5433 3515 5506 iisque

1941 5463 2001 5503 ρει
2050 5488 2063 5501 .
2089 5463 2178 5511 'ZU,
2205 5463 2298 5498 llOC
2316 5463 2501 5497 moao:
2531 5463 2675 5496 luuu
2693 5463 2853 5508 nutus
2867 5463 3046 5493 lucum
3070 5463 3302 5499 crcurta,
3335 5463 3515 5506 uan

1941 5463 2441 5574 vertemcntissimis
2466 5582 2480 5586 _
2513 5523 2569 5586 et
2636 5513 2871 5586 maxime
2919 5506 3284 5586 horribilihus
3311 5513 3516 5586 "terra:

1948 5588 2190 5645 motibus
2230 5585 2425 5640 infesta
2458 5582 2563 5638 fuit
2588 5598 2601 5636 :
2628 5581 2721 5650 qui
2747 5595 2938 5635 omnes
2997 5576 3243 5650 Byzantii
3276 5574 3513 5650 aliisque

1942 5662 1998 5716 in
2027 5659 2162 5714 locis
2187 5664 2354 5712 noctu
2386 5645 2754 5725 contigerunt,
2779 5659 2835 5705 et
2866 5645 3080 5727 incolis,
3131 5648 3393 5702 obrutum
3420 5645 3515 5727 .iri

1942 5748 2005 5782 se
2037 5728 2455 5793 arhitrantibus,
2492 5722 2712 5797 gravem
2745 5722 3054 5779 attulerunt
3103 5728 3333 5784 metum,
3390 5722 3521 5773 sint.

1946 5802 2052 5854 ulla
2080 5798 2343 5869 pernicie.
