  <div class='ocr_page' id='page_1' title='image "/cluster/home/n/w/nwhite01/storage/ocr_20150623/86:2/hvd.32044012719696/661.png"; bbox 0 0 3988 6494; ppageno 0'>
   <div class='ocr_carea' id='block_1_1' title="bbox 524 325 664 388">
    <p class='ocr_par' dir='ltr' id='par_1_1' title="bbox 524 325 664 388">
     <span class='ocr_line' id='line_1_1' title="bbox 524 325 664 388; baseline -0.014 0"><span class='ocrx_word' id='word_1_1' title='bbox 524 325 664 388; x_wconf 68' lang='grc' dir='ltr'>θοθι</span> 
     </span>
    </p>
   </div>
   <div class='ocr_carea' id='block_1_2' title="bbox 1689 327 2575 390">
    <p class='ocr_par' dir='ltr' id='par_1_2' title="bbox 1689 327 2575 390">
     <span class='ocr_line' id='line_1_2' title="bbox 1689 327 2575 390; baseline -0.001 -2"><span class='ocrx_word' id='word_1_2' title='bbox 1689 328 1751 389; x_wconf 88' lang='lat' dir='ltr'><strong>S.</strong></span> <span class='ocrx_word' id='word_1_3' title='bbox 1790 327 2178 390; x_wconf 72' lang='lat' dir='ltr'><strong>SYMEONIS</strong></span> <span class='ocrx_word' id='word_1_4' title='bbox 2214 327 2575 389; x_wconf 77' lang='lat' dir='ltr'><strong>JUNlORlS</strong></span> 
     </span>
    </p>
   </div>
   <div class='ocr_carea' id='block_1_3' title="bbox 3634 331 3757 394">
    <p class='ocr_par' dir='ltr' id='par_1_3' title="bbox 3634 331 3757 394">
     <span class='ocr_line' id='line_1_3' title="bbox 3634 331 3757 394; baseline 0 0"><span class='ocrx_word' id='word_1_5' title='bbox 3634 331 3757 394; x_wconf 62' lang='lat'><strong>3064</strong></span> 
     </span>
    </p>
   </div>
   <div class='ocr_carea' id='block_1_4' title="bbox 523 433 2096 510">
    <p class='ocr_par' dir='ltr' id='par_1_4' title="bbox 523 437 2096 510">
     <span class='ocr_line' id='line_1_4' title="bbox 523 437 2096 510; baseline 0.003 -19"><span class='ocrx_word' id='word_1_6' title='bbox 523 452 848 493; x_wconf 69' lang='lat' dir='ltr'><strong>rtrasuram</strong></span> <span class='ocrx_word' id='word_1_7' title='bbox 877 437 1097 510; x_wconf 75' lang='lat' dir='ltr'><strong>capitis,</strong></span> <span class='ocrx_word' id='word_1_8' title='bbox 1129 438 1434 494; x_wconf 86' lang='lat' dir='ltr'><strong>cineturam</strong></span> <span class='ocrx_word' id='word_1_9' title='bbox 1469 455 1776 506; x_wconf 87' lang='lat' dir='ltr'><strong>saccorum,</strong></span> <span class='ocrx_word' id='word_1_10' title='bbox 1836 451 1895 496; x_wconf 90' lang='lat' dir='ltr'><strong>ut</strong></span> <span class='ocrx_word' id='word_1_11' title='bbox 1965 440 2096 496; x_wconf 82' lang='lat' dir='ltr'><strong>dixit</strong></span> 
     </span>
    </p>
   </div>
   <div class='ocr_carea' id='block_1_5' title="bbox 2202 433 3759 510">
    <p class='ocr_par' dir='ltr' id='par_1_5' title="bbox 2206 433 3759 510">
     <span class='ocr_line' id='line_1_5' title="bbox 2206 433 3759 510; baseline 0.003 -18"><span class='ocrx_word' id='word_1_12' title='bbox 2206 441 2468 510; x_wconf 76' lang='grc' dir='ltr'><strong>κεφαλῆς,</strong></span> <span class='ocrx_word' id='word_1_13' title='bbox 2527 442 2623 494; x_wconf 68' lang='grc' dir='ltr'>καὶ</span> <span class='ocrx_word' id='word_1_14' title='bbox 2693 441 2857 505; x_wconf 78' lang='grc' dir='ltr'>ζῶσιν</span> <span class='ocrx_word' id='word_1_15' title='bbox 2915 440 3155 502; x_wconf 82' lang='grc' dir='ltr'>σάκκων,</span> <span class='ocrx_word' id='word_1_16' title='bbox 3200 441 3229 493; x_wconf 99' lang='lat'><strong>6</strong></span> <span class='ocrx_word' id='word_1_17' title='bbox 3292 439 3434 500; x_wconf 78' lang='grc' dir='ltr'>θεῖος</span> <span class='ocrx_word' id='word_1_18' title='bbox 3502 433 3651 493; x_wconf 80' lang='grc' dir='ltr'>εἶπεν</span> <span class='ocrx_word' id='word_1_19' title='bbox 3701 444 3759 497; x_wconf 70' lang='lat' dir='ltr'><strong>an</strong></span> 
     </span>
    </p>
   </div>
   <div class='ocr_carea' id='block_1_6' title="bbox 522 527 2096 600">
    <p class='ocr_par' dir='ltr' id='par_1_6' title="bbox 522 527 2096 600">
     <span class='ocr_line' id='line_1_6' title="bbox 522 527 2096 600; baseline 0.003 -18"><span class='ocrx_word' id='word_1_20' title='bbox 522 535 745 582; x_wconf 88' lang='lat' dir='ltr'><strong>sanctus</strong></span> <span class='ocrx_word' id='word_1_21' title='bbox 786 527 973 582; x_wconf 88' lang='lat' dir='ltr'><strong>lsaias.</strong></span> <span class='ocrx_word' id='word_1_22' title='bbox 1007 529 1319 594; x_wconf 76' lang='lat' dir='ltr'><strong>Quinetiam</strong></span> <span class='ocrx_word' id='word_1_23' title='bbox 1372 531 1780 600; x_wconf 66' lang='lat' dir='ltr'><strong>graecizantium</strong></span> <span class='ocrx_word' id='word_1_24' title='bbox 1815 533 2096 599; x_wconf 72' lang='lat' dir='ltr'><strong>nonnulli,</strong></span> 
     </span>
    </p>
   </div>
   <div class='ocr_carea' id='block_1_7' title="bbox 531 618 2099 690">
    <p class='ocr_par' dir='ltr' id='par_1_7' title="bbox 531 618 2099 690">
     <span class='ocr_line' id='line_1_7' title="bbox 531 618 2099 690; baseline 0.006 -21"><span class='ocrx_word' id='word_1_25' title='bbox 531 633 722 671; x_wconf 79' lang='lat' dir='ltr'><strong>vanam</strong></span> <span class='ocrx_word' id='word_1_26' title='bbox 775 618 1142 689; x_wconf 81' lang='lat' dir='ltr'><strong>fallacemque</strong></span> <span class='ocrx_word' id='word_1_27' title='bbox 1183 622 1532 690; x_wconf 77' lang='lat' dir='ltr'><strong>astrologiam</strong></span> <span class='ocrx_word' id='word_1_28' title='bbox 1597 623 2013 688; x_wconf 87' lang='lat' dir='ltr'><strong>blaterantium,</strong></span> <span class='ocrx_word' id='word_1_29' title='bbox 2043 633 2099 679; x_wconf 92' lang='lat' dir='ltr'><strong>et</strong></span> 
     </span>
    </p>
   </div>
   <div class='ocr_carea' id='block_1_8' title="bbox 523 713 2097 782">
    <p class='ocr_par' dir='ltr' id='par_1_8' title="bbox 523 713 2097 782">
     <span class='ocr_line' id='line_1_8' title="bbox 523 713 2097 782; baseline 0.002 -15"><span class='ocrx_word' id='word_1_30' title='bbox 523 722 796 767; x_wconf 84' lang='lat' dir='ltr'><strong>astrorum</strong></span> <span class='ocrx_word' id='word_1_31' title='bbox 830 722 986 782; x_wconf 88' lang='lat' dir='ltr'><strong>raptu</strong></span> <span class='ocrx_word' id='word_1_32' title='bbox 1023 714 1348 768; x_wconf 86' lang='lat' dir='ltr'><strong>sublunaria</strong></span> <span class='ocrx_word' id='word_1_33' title='bbox 1376 713 1492 768; x_wconf 70' lang='lat' dir='ltr'><strong>haec</strong></span> <span class='ocrx_word' id='word_1_34' title='bbox 1520 725 1707 768; x_wconf 87' lang='lat' dir='ltr'><strong>nostra</strong></span> <span class='ocrx_word' id='word_1_35' title='bbox 1762 715 1924 769; x_wconf 88' lang='lat' dir='ltr'><strong>simul</strong></span> <span class='ocrx_word' id='word_1_36' title='bbox 1977 732 2097 770; x_wconf 81' lang='lat' dir='ltr'><strong>mo-</strong></span> 
     </span>
    </p>
   </div>
   <div class='ocr_carea' id='block_1_9' title="bbox 523 802 2098 878">
    <p class='ocr_par' dir='ltr' id='par_1_9' title="bbox 523 802 2098 878">
     <span class='ocr_line' id='line_1_9' title="bbox 523 802 2098 878; baseline 0.008 -26"><span class='ocrx_word' id='word_1_37' title='bbox 523 802 641 857; x_wconf 85' lang='lat' dir='ltr'><strong>veri</strong></span> <span class='ocrx_word' id='word_1_38' title='bbox 670 803 1516 870; x_wconf 37' lang='lat' dir='ltr'><strong>arbitrantium,tinterdicebant</strong></span> <span class='ocrx_word' id='word_1_39' title='bbox 1536 807 1646 878; x_wconf 86' lang='lat' dir='ltr'><strong>jam</strong></span> <span class='ocrx_word' id='word_1_40' title='bbox 1674 817 1791 861; x_wconf 91' lang='lat' dir='ltr'><strong>tum</strong></span> <span class='ocrx_word' id='word_1_41' title='bbox 1820 808 1927 863; x_wconf 83' lang='lat' dir='ltr'><strong>sibi</strong></span> <span class='ocrx_word' id='word_1_42' title='bbox 1955 810 2098 865; x_wconf 88' lang='lat' dir='ltr'><strong>civi-</strong></span> 
     </span>
    </p>
   </div>
   <div class='ocr_carea' id='block_1_10' title="bbox 521 897 1824 969">
    <p class='ocr_par' dir='ltr' id='par_1_10' title="bbox 521 897 1824 969">
     <span class='ocr_line' id='line_1_10' title="bbox 521 897 1824 969; baseline 0.005 -21"><span class='ocrx_word' id='word_1_43' title='bbox 521 903 656 961; x_wconf 89' lang='lat' dir='ltr'><strong>tate,</strong></span> <span class='ocrx_word' id='word_1_44' title='bbox 687 903 740 949; x_wconf 90' lang='lat' dir='ltr'><strong>ta</strong></span> <span class='ocrx_word' id='word_1_45' title='bbox 753 911 955 965; x_wconf 87' lang='lat' dir='ltr'><strong>nquam</strong></span> <span class='ocrx_word' id='word_1_46' title='bbox 985 897 1210 966; x_wconf 89' lang='lat' dir='ltr'><strong>penitus</strong></span> <span class='ocrx_word' id='word_1_47' title='bbox 1234 898 1447 952; x_wconf 87' lang='lat' dir='ltr'><strong>ruitura</strong></span> <span class='ocrx_word' id='word_1_48' title='bbox 1479 898 1824 969; x_wconf 83' lang='lat' dir='ltr'><strong>propediem.</strong></span> 
     </span>
    </p>
   </div>
   <div class='ocr_carea' id='block_1_11' title="bbox 589 1074 2096 1150">
    <p class='ocr_par' dir='ltr' id='par_1_11' title="bbox 589 1074 2096 1150">
     <span class='ocr_line' id='line_1_11' title="bbox 589 1074 2096 1150; baseline 0.005 -21"><span class='ocrx_word' id='word_1_49' title='bbox 589 1074 678 1129; x_wconf 79' lang='grc'><strong>82.</strong></span> <span class='ocrx_word' id='word_1_50' title='bbox 715 1075 952 1147; x_wconf 82' lang='lat' dir='ltr'><strong>Symeon</strong></span> <span class='ocrx_word' id='word_1_51' title='bbox 1000 1077 1186 1148; x_wconf 79' lang='lat' dir='ltr'><strong>igitur,</strong></span> <span class='ocrx_word' id='word_1_52' title='bbox 1224 1079 1455 1134; x_wconf 81' lang='lat' dir='ltr'><strong>Sabbati</strong></span> <span class='ocrx_word' id='word_1_53' title='bbox 1485 1080 1722 1150; x_wconf 88' lang='lat' dir='ltr'><strong>quadam</strong></span> <span class='ocrx_word' id='word_1_54' title='bbox 1768 1080 1859 1135; x_wconf 91' lang='lat' dir='ltr'><strong>die</strong></span> <span class='ocrx_word' id='word_1_55' title='bbox 1905 1081 2096 1136; x_wconf 84' lang='lat' dir='ltr'><strong>illuce-</strong></span> 
     </span>
    </p>
   </div>
   <div class='ocr_carea' id='block_1_12' title="bbox 519 1168 2090 1242">
    <p class='ocr_par' dir='ltr' id='par_1_12' title="bbox 519 1168 2090 1242">
     <span class='ocr_line' id='line_1_12' title="bbox 519 1168 2090 1242; baseline 0.004 -23"><span class='ocrx_word' id='word_1_56' title='bbox 519 1178 728 1232; x_wconf 82' lang='lat' dir='ltr'><strong>scente,</strong></span> <span class='ocrx_word' id='word_1_57' title='bbox 763 1168 887 1222; x_wconf 66' lang='lat' dir='ltr'><strong>laeto</strong></span> <span class='ocrx_word' id='word_1_58' title='bbox 921 1178 1086 1239; x_wconf 82' lang='lat' dir='ltr'><strong>atque</strong></span> <span class='ocrx_word' id='word_1_59' title='bbox 1116 1180 1442 1240; x_wconf 83' lang='lat' dir='ltr'><strong>exporrecto</strong></span> <span class='ocrx_word' id='word_1_60' title='bbox 1472 1173 1625 1225; x_wconf 87' lang='lat' dir='ltr'><strong>vultu</strong></span> <span class='ocrx_word' id='word_1_61' title='bbox 1661 1172 1726 1226; x_wconf 92' lang='lat' dir='ltr'><strong>ad</strong></span> <span class='ocrx_word' id='word_1_62' title='bbox 1783 1173 2048 1242; x_wconf 91' lang='lat' dir='ltr'><strong>populum</strong></span> <span class='ocrx_word' id='word_1_63' title='bbox 2077 1191 2090 1226; x_wconf 88' lang='lat'><strong>:</strong></span> 
     </span>
    </p>
   </div>
   <div class='ocr_carea' id='block_1_13' title="bbox 517 1258 2094 1344">
    <p class='ocr_par' dir='ltr' id='par_1_13' title="bbox 517 1258 2094 1344">
     <span class='ocr_line' id='line_1_13' title="bbox 517 1258 2094 1344; baseline 0.004 -31"><span class='ocrx_word' id='word_1_64' title='bbox 517 1258 808 1326; x_wconf 66' lang='lat' dir='ltr'><strong>Conlidite,</strong></span> <span class='ocrx_word' id='word_1_65' title='bbox 839 1260 1036 1330; x_wconf 85' lang='lat' dir='ltr'><strong>inquit,</strong></span> <span class='ocrx_word' id='word_1_66' title='bbox 1070 1263 1241 1316; x_wconf 89' lang='lat' dir='ltr'><strong>nolite</strong></span> <span class='ocrx_word' id='word_1_67' title='bbox 1279 1263 1509 1317; x_wconf 84' lang='lat' dir='ltr'><strong>timere:</strong></span> <span class='ocrx_word' id='word_1_68' title='bbox 1547 1264 1838 1344; x_wconf 79' lang='lat' dir='ltr'><strong>redarguta</strong></span> <span class='ocrx_word' id='word_1_69' title='bbox 1888 1265 2094 1336; x_wconf 84' lang='lat' dir='ltr'><strong>quippe</strong></span> 
     </span>
    </p>
   </div>
   <div class='ocr_carea' id='block_1_14' title="bbox 518 1352 2094 1426">
    <p class='ocr_par' dir='ltr' id='par_1_14' title="bbox 518 1352 2094 1426">
     <span class='ocr_line' id='line_1_14' title="bbox 518 1352 2094 1426; baseline 0.004 -21"><span class='ocrx_word' id='word_1_70' title='bbox 518 1359 603 1406; x_wconf 87' lang='lat' dir='ltr'><strong>est</strong></span> <span class='ocrx_word' id='word_1_71' title='bbox 655 1352 818 1406; x_wconf 80' lang='lat' dir='ltr'><strong>fallax</strong></span> <span class='ocrx_word' id='word_1_72' title='bbox 866 1355 1364 1424; x_wconf 74' lang='lat' dir='ltr'><strong>meteorologorum</strong></span> <span class='ocrx_word' id='word_1_73' title='bbox 1421 1355 1674 1420; x_wconf 86' lang='lat' dir='ltr'><strong>scientia,</strong></span> <span class='ocrx_word' id='word_1_74' title='bbox 1751 1357 1932 1426; x_wconf 85' lang='lat' dir='ltr'><strong>quoad</strong></span> <span class='ocrx_word' id='word_1_75' title='bbox 2006 1373 2094 1412; x_wconf 90' lang='lat' dir='ltr'><strong>res</strong></span> 
     </span>
    </p>
   </div>
   <div class='ocr_carea' id='block_1_15' title="bbox 519 1443 2092 1518">
    <p class='ocr_par' dir='ltr' id='par_1_15' title="bbox 519 1443 2092 1518">
     <span class='ocr_line' id='line_1_15' title="bbox 519 1443 2092 1518; baseline 0.005 -22"><span class='ocrx_word' id='word_1_76' title='bbox 519 1443 732 1497; x_wconf 78' lang='lat' dir='ltr'><strong>futuras</strong></span> <span class='ocrx_word' id='word_1_77' title='bbox 763 1444 1056 1515; x_wconf 82' lang='lat' dir='ltr'><strong>caliginosa</strong></span> <span class='ocrx_word' id='word_1_78' title='bbox 1082 1455 1246 1515; x_wconf 86' lang='lat' dir='ltr'><strong>atque</strong></span> <span class='ocrx_word' id='word_1_79' title='bbox 1298 1461 1462 1509; x_wconf 85' lang='lat' dir='ltr'><strong>caeca,</strong></span> <span class='ocrx_word' id='word_1_80' title='bbox 1515 1459 1573 1503; x_wconf 84' lang='lat' dir='ltr'><strong>et</strong></span> <span class='ocrx_word' id='word_1_81' title='bbox 1633 1463 1757 1517; x_wconf 78' lang='lat' dir='ltr'><strong>qua:</strong></span> <span class='ocrx_word' id='word_1_82' title='bbox 1822 1448 1927 1502; x_wconf 85' lang='lat' dir='ltr'><strong>sibi</strong></span> <span class='ocrx_word' id='word_1_83' title='bbox 1976 1449 2092 1518; x_wconf 86' lang='lat' dir='ltr'><strong>ipsa</strong></span> 
     </span>
    </p>
   </div>
   <div class='ocr_carea' id='block_1_16' title="bbox 517 1533 2093 1604">
    <p class='ocr_par' dir='ltr' id='par_1_16' title="bbox 517 1533 2093 1604">
     <span class='ocr_line' id='line_1_16' title="bbox 517 1533 2093 1604; baseline 0.006 -19"><span class='ocrx_word' id='word_1_84' title='bbox 517 1533 814 1604; x_wconf 85' lang='lat' dir='ltr'><strong>perspicue</strong></span> <span class='ocrx_word' id='word_1_85' title='bbox 871 1535 1125 1603; x_wconf 84' lang='lat' dir='ltr'><strong>imponit.</strong></span> <span class='ocrx_word' id='word_1_86' title='bbox 1156 1537 1295 1591; x_wconf 87' lang='lat' dir='ltr'><strong>Ecce</strong></span> <span class='ocrx_word' id='word_1_87' title='bbox 1346 1537 1496 1592; x_wconf 89' lang='lat' dir='ltr'><strong>enim</strong></span> <span class='ocrx_word' id='word_1_88' title='bbox 1557 1540 1776 1594; x_wconf 86' lang='lat' dir='ltr'><strong>remisit</strong></span> <span class='ocrx_word' id='word_1_89' title='bbox 1823 1540 2093 1596; x_wconf 82' lang='lat' dir='ltr'><strong>Dominus</strong></span> 
     </span>
    </p>
   </div>
   <div class='ocr_carea' id='block_1_17' title="bbox 519 1621 2092 1695">
    <p class='ocr_par' dir='ltr' id='par_1_17' title="bbox 519 1621 2092 1695">
     <span class='ocr_line' id='line_1_17' title="bbox 519 1621 2092 1695; baseline 0.006 -19"><span class='ocrx_word' id='word_1_90' title='bbox 519 1626 759 1679; x_wconf 77' lang='lat' dir='ltr'><strong>furorem</strong></span> <span class='ocrx_word' id='word_1_91' title='bbox 801 1621 1008 1695; x_wconf 88' lang='lat' dir='ltr'><strong>populo</strong></span> <span class='ocrx_word' id='word_1_92' title='bbox 1069 1643 1192 1692; x_wconf 91' lang='lat' dir='ltr'><strong>suo,</strong></span> <span class='ocrx_word' id='word_1_93' title='bbox 1222 1637 1278 1683; x_wconf 90' lang='lat' dir='ltr'><strong>et</strong></span> <span class='ocrx_word' id='word_1_94' title='bbox 1331 1643 1522 1684; x_wconf 88' lang='lat' dir='ltr'><strong>servos</strong></span> <span class='ocrx_word' id='word_1_95' title='bbox 1576 1645 1708 1685; x_wconf 92' lang='lat' dir='ltr'><strong>suos</strong></span> <span class='ocrx_word' id='word_1_96' title='bbox 1775 1632 2092 1686; x_wconf 84' lang='lat' dir='ltr'><strong>consolatus</strong></span> 
     </span>
    </p>
   </div>
   <div class='ocr_carea' id='block_1_18' title="bbox 514 1718 2087 1793">
    <p class='ocr_par' dir='ltr' id='par_1_18' title="bbox 514 1718 2087 1793">
     <span class='ocr_line' id='line_1_18' title="bbox 514 1718 2087 1793; baseline 0.005 -23"><span class='ocrx_word' id='word_1_97' title='bbox 514 1727 620 1776; x_wconf 90' lang='lat' dir='ltr'><strong>est.</strong></span> <span class='ocrx_word' id='word_1_98' title='bbox 639 1718 760 1772; x_wconf 81' lang='lat' dir='ltr'><strong>Vidi</strong></span> <span class='ocrx_word' id='word_1_99' title='bbox 785 1719 1013 1784; x_wconf 88' lang='lat' dir='ltr'><strong>etenim,</strong></span> <span class='ocrx_word' id='word_1_100' title='bbox 1047 1730 1210 1790; x_wconf 90' lang='lat' dir='ltr'><strong>atque</strong></span> <span class='ocrx_word' id='word_1_101' title='bbox 1243 1736 1372 1776; x_wconf 89' lang='lat' dir='ltr'><strong>ecce</strong></span> <span class='ocrx_word' id='word_1_102' title='bbox 1394 1737 1589 1777; x_wconf 89' lang='lat' dir='ltr'><strong>versus</strong></span> <span class='ocrx_word' id='word_1_103' title='bbox 1609 1724 1879 1778; x_wconf 85' lang='lat' dir='ltr'><strong>orientem</strong></span> <span class='ocrx_word' id='word_1_104' title='bbox 1913 1725 2087 1793; x_wconf 86' lang='lat' dir='ltr'><strong>aperti</strong></span> 
     </span>
    </p>
   </div>
   <div class='ocr_carea' id='block_1_19' title="bbox 2217 531 3761 604">
    <p class='ocr_par' dir='ltr' id='par_1_19' title="bbox 2217 531 3761 604">
     <span class='ocr_line' id='line_1_19' title="bbox 2217 531 3761 604; baseline 0.002 -22"><span class='ocrx_word' id='word_1_105' title='bbox 2217 531 2445 596; x_wconf 77' lang='grc' dir='ltr'>Ἦσαϊας</span> <span class='ocrx_word' id='word_1_106' title='bbox 2479 533 2542 584; x_wconf 85' lang='grc' dir='ltr'><strong>ού</strong></span> <span class='ocrx_word' id='word_1_107' title='bbox 2576 532 2682 604; x_wconf 81' lang='grc' dir='ltr'>μὴν</span> <span class='ocrx_word' id='word_1_108' title='bbox 2733 531 2870 586; x_wconf 78' lang='grc' dir='ltr'>ἀλλὰ</span> <span class='ocrx_word' id='word_1_109' title='bbox 2910 533 3003 586; x_wconf 73' lang='grc' dir='ltr'>καὶ</span> <span class='ocrx_word' id='word_1_110' title='bbox 3032 532 3141 584; x_wconf 76' lang='grc' dir='ltr'><strong>τῶν</strong></span> <span class='ocrx_word' id='word_1_111' title='bbox 3187 531 3582 601; x_wconf 71' lang='grc' dir='ltr'>ἐλληνιξὸντιινν</span> <span class='ocrx_word' id='word_1_112' title='bbox 3605 533 3761 598; x_wconf 71' lang='grc' dir='ltr'>τινὰς,</span> 
     </span>
    </p>
   </div>
   <div class='ocr_carea' id='block_1_20' title="bbox 2203 621 3764 692">
    <p class='ocr_par' dir='ltr' id='par_1_20' title="bbox 2203 621 3764 692">
     <span class='ocr_line' id='line_1_20' title="bbox 2203 621 3764 692; baseline 0.004 -21"><span class='ocrx_word' id='word_1_113' title='bbox 2203 621 2340 689; x_wconf 72' lang='grc' dir='ltr'>πρὸς</span> <span class='ocrx_word' id='word_1_114' title='bbox 2390 639 2450 672; x_wconf 90' lang='grc' dir='ltr'><strong>τε</strong></span> <span class='ocrx_word' id='word_1_115' title='bbox 2508 623 2607 691; x_wconf 80' lang='grc' dir='ltr'><strong>τὴν</strong></span> <span class='ocrx_word' id='word_1_116' title='bbox 2642 623 2878 692; x_wconf 79' lang='grc' dir='ltr'>ματαίαν</span> <span class='ocrx_word' id='word_1_117' title='bbox 2926 621 3022 689; x_wconf 81' lang='grc' dir='ltr'>τῆς</span> <span class='ocrx_word' id='word_1_118' title='bbox 3064 621 3425 690; x_wconf 76' lang='grc' dir='ltr'><strong>ἀστρολογίας</strong></span> <span class='ocrx_word' id='word_1_119' title='bbox 3471 621 3764 692; x_wconf 83' lang='grc' dir='ltr'>κεχηνότων</span> 
     </span>
    </p>
   </div>
   <div class='ocr_carea' id='block_1_21' title="bbox 2202 713 3765 786">
    <p class='ocr_par' dir='ltr' id='par_1_21' title="bbox 2202 713 3765 786">
     <span class='ocr_line' id='line_1_21' title="bbox 2202 713 3765 786; baseline 0.003 -21"><span class='ocrx_word' id='word_1_120' title='bbox 2202 713 2442 781; x_wconf 81' lang='grc' dir='ltr'><strong>ἀπάτην,</strong></span> <span class='ocrx_word' id='word_1_121' title='bbox 2474 715 2569 769; x_wconf 82' lang='grc' dir='ltr'>καὶ</span> <span class='ocrx_word' id='word_1_122' title='bbox 2598 718 2663 786; x_wconf 81' lang='grc' dir='ltr'><strong>τῇ</strong></span> <span class='ocrx_word' id='word_1_123' title='bbox 2693 716 2799 768; x_wconf 84' lang='grc' dir='ltr'><strong>τῶν</strong></span> <span class='ocrx_word' id='word_1_124' title='bbox 2828 715 3074 784; x_wconf 81' lang='grc' dir='ltr'><strong>ἀστέρων</strong></span> <span class='ocrx_word' id='word_1_125' title='bbox 3111 716 3253 786; x_wconf 79' lang='grc' dir='ltr'>φορᾷ</span> <span class='ocrx_word' id='word_1_126' title='bbox 3303 714 3681 785; x_wconf 77' lang='grc' dir='ltr'><strong>συμφέρεσθαι</strong></span> <span class='ocrx_word' id='word_1_127' title='bbox 3707 720 3765 770; x_wconf 76' lang='grc' dir='ltr'>τὰ</span> 
     </span>
    </p>
   </div>
   <div class='ocr_carea' id='block_1_22' title="bbox 2201 803 3763 877">
    <p class='ocr_par' dir='ltr' id='par_1_22' title="bbox 2201 803 3763 877">
     <span class='ocr_line' id='line_1_22' title="bbox 2201 803 3763 877; baseline 0.003 -21"><span class='ocrx_word' id='word_1_128' title='bbox 2201 803 2325 856; x_wconf 87' lang='grc' dir='ltr'>καθ’</span> <span class='ocrx_word' id='word_1_129' title='bbox 2357 807 2506 875; x_wconf 67' lang='grc' dir='ltr'>ἡμᾶς</span> <span class='ocrx_word' id='word_1_130' title='bbox 2559 807 2842 877; x_wconf 78' lang='grc' dir='ltr'>οἰομένων,</span> <span class='ocrx_word' id='word_1_131' title='bbox 2871 806 3238 876; x_wconf 77' lang='grc' dir='ltr'>ἀπαγορεύειν</span> <span class='ocrx_word' id='word_1_132' title='bbox 3296 806 3395 876; x_wconf 78' lang='grc' dir='ltr'><strong>ήδη</strong></span> <span class='ocrx_word' id='word_1_133' title='bbox 3446 808 3552 875; x_wconf 79' lang='grc' dir='ltr'>τὴν</span> <span class='ocrx_word' id='word_1_134' title='bbox 3608 807 3763 871; x_wconf 76' lang='grc' dir='ltr'>πόλιν,</span> 
     </span>
    </p>
   </div>
   <div class='ocr_carea' id='block_1_23' title="bbox 2201 895 3767 971">
    <p class='ocr_par' dir='ltr' id='par_1_23' title="bbox 2201 895 3767 971">
     <span class='ocr_line' id='line_1_23' title="bbox 2201 895 3767 971; baseline 0.005 -24"><span class='ocrx_word' id='word_1_135' title='bbox 2201 895 2277 958; x_wconf 83' lang='grc' dir='ltr'>ὡς</span> <span class='ocrx_word' id='word_1_136' title='bbox 2306 900 2489 952; x_wconf 82' lang='grc' dir='ltr'>πᾶσαν</span> <span class='ocrx_word' id='word_1_137' title='bbox 2515 898 2676 952; x_wconf 79' lang='grc' dir='ltr'>αὐτὸν</span> <span class='ocrx_word' id='word_1_138' title='bbox 2704 900 2830 952; x_wconf 83' lang='grc' dir='ltr'>ὅσον</span> <span class='ocrx_word' id='word_1_139' title='bbox 2858 899 3071 952; x_wconf 81' lang='grc' dir='ltr'>οὐδέπω</span> <span class='ocrx_word' id='word_1_140' title='bbox 3093 899 3532 954; x_wconf 75' lang='grc' dir='ltr'><strong>καταπεσεῖσθαι</strong></span> <span class='ocrx_word' id='word_1_141' title='bbox 3562 900 3767 971; x_wconf 76' lang='grc' dir='ltr'>μέλλου-</span> 
     </span>
    </p>
   </div>
   <div class='ocr_carea' id='block_1_24' title="bbox 2199 1002 2320 1040">
    <p class='ocr_par' dir='ltr' id='par_1_24' title="bbox 2199 1002 2320 1040">
     <span class='ocr_line' id='line_1_24' title="bbox 2199 1002 2320 1040; baseline 0.025 -3"><span class='ocrx_word' id='word_1_142' title='bbox 2199 1002 2320 1040; x_wconf 85' lang='grc' dir='ltr'>σαν.</span> 
     </span>
    </p>
   </div>
   <div class='ocr_carea' id='block_1_25' title="bbox 2270 1073 3770 1154">
    <p class='ocr_par' dir='ltr' id='par_1_25' title="bbox 2270 1073 3770 1154">
     <span class='ocr_line' id='line_1_25' title="bbox 2270 1073 3770 1154; baseline 0.009 -29"><span class='ocrx_word' id='word_1_143' title='bbox 2270 1073 2378 1143; x_wconf 61' lang='grc' dir='ltr'><strong>φιβ’.</strong></span> <span class='ocrx_word' id='word_1_144' title='bbox 2403 1076 2548 1138; x_wconf 70' lang='lat' dir='ltr'><strong>Mra;</strong></span> <span class='ocrx_word' id='word_1_145' title='bbox 2609 1076 2742 1146; x_wconf 79' lang='grc' dir='ltr'>γοῦν</span> <span class='ocrx_word' id='word_1_146' title='bbox 2788 1079 2898 1133; x_wconf 86' lang='grc' dir='ltr'><strong>τῶν</strong></span> <span class='ocrx_word' id='word_1_147' title='bbox 2947 1079 3236 1133; x_wconf 77' lang='grc' dir='ltr'>σαϐϐάτων</span> <span class='ocrx_word' id='word_1_148' title='bbox 3283 1081 3508 1152; x_wconf 80' lang='grc' dir='ltr'>ἡμέρας</span> <span class='ocrx_word' id='word_1_149' title='bbox 3543 1081 3770 1154; x_wconf 74' lang='grc' dir='ltr'>ὑπολαμ-</span> 
     </span>
    </p>
   </div>
   <div class='ocr_carea' id='block_1_26' title="bbox 2201 1165 3772 1250">
    <p class='ocr_par' dir='ltr' id='par_1_26' title="bbox 2201 1165 3772 1250">
     <span class='ocr_line' id='line_1_26' title="bbox 2201 1165 3772 1250; baseline 0.006 -33"><span class='ocrx_word' id='word_1_150' title='bbox 2201 1165 2430 1235; x_wconf 88' lang='grc' dir='ltr'>πούσης,</span> <span class='ocrx_word' id='word_1_151' title='bbox 2466 1168 2626 1239; x_wconf 80' lang='grc' dir='ltr'>ίλαρᾷ</span> <span class='ocrx_word' id='word_1_152' title='bbox 2664 1169 2803 1241; x_wconf 74' lang='grc' dir='ltr'>πρὸς</span> <span class='ocrx_word' id='word_1_153' title='bbox 2827 1172 2921 1224; x_wconf 80' lang='grc' dir='ltr'>τὸν</span> <span class='ocrx_word' id='word_1_154' title='bbox 2958 1171 3087 1224; x_wconf 84' lang='grc' dir='ltr'>λαὸν</span> <span class='ocrx_word' id='word_1_155' title='bbox 3124 1174 3152 1225; x_wconf 92' lang='lat'><strong>6</strong></span> <span class='ocrx_word' id='word_1_156' title='bbox 3183 1171 3412 1241; x_wconf 85' lang='grc' dir='ltr'>Συμεὼν</span> <span class='ocrx_word' id='word_1_157' title='bbox 3439 1173 3541 1225; x_wconf 81' lang='grc' dir='ltr'><strong>καὶ</strong></span> <span class='ocrx_word' id='word_1_158' title='bbox 3564 1173 3772 1250; x_wconf 72' lang='grc' dir='ltr'>γλυκείᾳ</span> 
     </span>
    </p>
   </div>
   <div class='ocr_carea' id='block_1_27' title="bbox 2197 1258 3771 1336">
    <p class='ocr_par' dir='ltr' id='par_1_27' title="bbox 2197 1258 3771 1336">
     <span class='ocr_line' id='line_1_27' title="bbox 2197 1258 3771 1336; baseline 0.007 -27"><span class='ocrx_word' id='word_1_159' title='bbox 2197 1261 2262 1328; x_wconf 80' lang='grc' dir='ltr'>τῇ</span> <span class='ocrx_word' id='word_1_160' title='bbox 2322 1258 2464 1328; x_wconf 72' lang='grc' dir='ltr'>ὄψει’</span> <span class='ocrx_word' id='word_1_161' title='bbox 2495 1262 2755 1333; x_wconf 81' lang='grc' dir='ltr'>Θαρσεῖτε</span> <span class='ocrx_word' id='word_1_162' title='bbox 2783 1304 2798 1328; x_wconf 91' lang='grc'><strong>,</strong></span> <span class='ocrx_word' id='word_1_163' title='bbox 2829 1264 2903 1335; x_wconf 80' lang='grc' dir='ltr'>μὴ</span> <span class='ocrx_word' id='word_1_164' title='bbox 2949 1263 3225 1332; x_wconf 79' lang='grc' dir='ltr'>φοὸεῖσθε,</span> <span class='ocrx_word' id='word_1_165' title='bbox 3248 1260 3424 1330; x_wconf 82' lang='grc' dir='ltr'>εἶπεν,</span> <span class='ocrx_word' id='word_1_166' title='bbox 3464 1265 3771 1336; x_wconf 80' lang='grc' dir='ltr'>ὲλήλεγκται</span> 
     </span>
    </p>
   </div>
   <div class='ocr_carea' id='block_1_28' title="bbox 2195 1354 3775 1427">
    <p class='ocr_par' dir='ltr' id='par_1_28' title="bbox 2195 1354 3775 1427">
     <span class='ocr_line' id='line_1_28' title="bbox 2195 1354 3775 1427; baseline 0.003 -23"><span class='ocrx_word' id='word_1_167' title='bbox 2195 1354 2304 1424; x_wconf 82' lang='grc' dir='ltr'>γὰρ</span> <span class='ocrx_word' id='word_1_168' title='bbox 2335 1356 2368 1424; x_wconf 91' lang='grc' dir='ltr'><strong>ή</strong></span> <span class='ocrx_word' id='word_1_169' title='bbox 2400 1354 2598 1418; x_wconf 79' lang='grc' dir='ltr'>πλάνος</span> <span class='ocrx_word' id='word_1_170' title='bbox 2640 1355 2748 1408; x_wconf 82' lang='grc' dir='ltr'>τῶν</span> <span class='ocrx_word' id='word_1_171' title='bbox 2803 1355 3226 1426; x_wconf 85' lang='grc' dir='ltr'>μετεωρολόγων</span> <span class='ocrx_word' id='word_1_172' title='bbox 3283 1357 3453 1425; x_wconf 83' lang='grc' dir='ltr'>τέχνη</span> <span class='ocrx_word' id='word_1_173' title='bbox 3480 1399 3496 1421; x_wconf 92' lang='grc'><strong>,</strong></span> <span class='ocrx_word' id='word_1_174' title='bbox 3557 1357 3681 1427; x_wconf 80' lang='grc' dir='ltr'><strong>περί</strong></span> <span class='ocrx_word' id='word_1_175' title='bbox 3722 1358 3775 1410; x_wconf 73' lang='grc' dir='ltr'>τὸ</span> 
     </span>
    </p>
   </div>
   <div class='ocr_carea' id='block_1_29' title="bbox 2197 1446 3774 1521">
    <p class='ocr_par' dir='ltr' id='par_1_29' title="bbox 2197 1446 3774 1521">
     <span class='ocr_line' id='line_1_29' title="bbox 2197 1446 3774 1521; baseline 0.003 -23"><span class='ocrx_word' id='word_1_176' title='bbox 2197 1447 2390 1517; x_wconf 80' lang='grc' dir='ltr'>μέλλον</span> <span class='ocrx_word' id='word_1_177' title='bbox 2447 1446 2834 1516; x_wconf 81' lang='grc' dir='ltr'>τυφλώττουσα</span> <span class='ocrx_word' id='word_1_178' title='bbox 2881 1448 2975 1502; x_wconf 75' lang='grc' dir='ltr'>καὶ</span> <span class='ocrx_word' id='word_1_179' title='bbox 3023 1449 3160 1518; x_wconf 83' lang='grc' dir='ltr'>αὑτὴ</span> <span class='ocrx_word' id='word_1_180' title='bbox 3215 1449 3547 1521; x_wconf 83' lang='grc' dir='ltr'>περιφανῶς</span> <span class='ocrx_word' id='word_1_181' title='bbox 3593 1450 3774 1521; x_wconf 73' lang='grc' dir='ltr'>ἑαυτήν</span> 
     </span>
    </p>
   </div>
   <div class='ocr_carea' id='block_1_30' title="bbox 2199 1537 3775 1614">
    <p class='ocr_par' dir='ltr' id='par_1_30' title="bbox 2199 1537 3775 1614">
     <span class='ocr_line' id='line_1_30' title="bbox 2199 1537 3775 1614; baseline 0.002 -24"><span class='ocrx_word' id='word_1_182' title='bbox 2199 1537 2531 1610; x_wconf 77' lang='grc' dir='ltr'>ψευδομένη.</span> <span class='ocrx_word' id='word_1_183' title='bbox 2561 1540 2718 1599; x_wconf 80' lang='grc' dir='ltr'>,Ἰδοὺ</span> <span class='ocrx_word' id='word_1_184' title='bbox 2776 1541 2885 1609; x_wconf 78' lang='grc' dir='ltr'>γὰρ</span> <span class='ocrx_word' id='word_1_185' title='bbox 2938 1541 3110 1610; x_wconf 79' lang='grc' dir='ltr'>ἀνῆκε</span> <span class='ocrx_word' id='word_1_186' title='bbox 3142 1541 3348 1613; x_wconf 82' lang='grc' dir='ltr'>Κύριος</span> <span class='ocrx_word' id='word_1_187' title='bbox 3372 1543 3481 1613; x_wconf 81' lang='grc' dir='ltr'>τὴν</span> <span class='ocrx_word' id='word_1_188' title='bbox 3524 1541 3689 1614; x_wconf 80' lang='grc' dir='ltr'>ὀργήν</span> <span class='ocrx_word' id='word_1_189' title='bbox 3706 1544 3775 1613; x_wconf 81' lang='grc' dir='ltr'>τῷ</span> 
     </span>
    </p>
   </div>
   <div class='ocr_carea' id='block_1_31' title="bbox 2194 1629 3772 1706">
    <p class='ocr_par' dir='ltr' id='par_1_31' title="bbox 2194 1629 3772 1706">
     <span class='ocr_line' id='line_1_31' title="bbox 2194 1629 3772 1706; baseline 0.003 -24"><span class='ocrx_word' id='word_1_190' title='bbox 2194 1629 2310 1701; x_wconf 79' lang='grc' dir='ltr'>λαῷ</span> <span class='ocrx_word' id='word_1_191' title='bbox 2333 1631 2520 1694; x_wconf 82' lang='grc' dir='ltr'>αὐτοῦ,</span> <span class='ocrx_word' id='word_1_192' title='bbox 2556 1633 2652 1686; x_wconf 75' lang='grc' dir='ltr'>καὶ</span> <span class='ocrx_word' id='word_1_193' title='bbox 2681 1633 2772 1684; x_wconf 64' lang='grc' dir='ltr'><strong>ἐπὶ</strong></span> <span class='ocrx_word' id='word_1_194' title='bbox 2804 1635 2919 1695; x_wconf 83' lang='grc' dir='ltr'>τοῖς</span> <span class='ocrx_word' id='word_1_195' title='bbox 2945 1633 3152 1697; x_wconf 85' lang='grc' dir='ltr'>δούλοις</span> <span class='ocrx_word' id='word_1_196' title='bbox 3210 1633 3376 1687; x_wconf 84' lang='grc' dir='ltr'>αὐτοῦ</span> <span class='ocrx_word' id='word_1_197' title='bbox 3431 1635 3772 1706; x_wconf 78' lang='grc' dir='ltr'>παρακέκλη-</span> 
     </span>
    </p>
   </div>
   <div class='ocr_carea' id='block_1_32' title="bbox 2197 1720 3766 1798">
    <p class='ocr_par' dir='ltr' id='par_1_32' title="bbox 2197 1720 3766 1798">
     <span class='ocr_line' id='line_1_32' title="bbox 2197 1720 3766 1798; baseline 0.003 -23"><span class='ocrx_word' id='word_1_198' title='bbox 2197 1741 2311 1778; x_wconf 82' lang='grc' dir='ltr'>ται.</span> <span class='ocrx_word' id='word_1_199' title='bbox 2340 1720 2494 1776; x_wconf 85' lang='grc' dir='ltr'>Εἶδον</span> <span class='ocrx_word' id='word_1_200' title='bbox 2527 1725 2635 1794; x_wconf 82' lang='grc' dir='ltr'><strong>γὰρ</strong></span> <span class='ocrx_word' id='word_1_201' title='bbox 2663 1727 2756 1778; x_wconf 71' lang='grc' dir='ltr'>καὶ</span> <span class='ocrx_word' id='word_1_202' title='bbox 2788 1726 2898 1778; x_wconf 77' lang='grc' dir='ltr'>ἰδοὺ</span> <span class='ocrx_word' id='word_1_203' title='bbox 2933 1725 3275 1796; x_wconf 84' lang='grc' dir='ltr'>άνεῴγεισαν</span> <span class='ocrx_word' id='word_1_204' title='bbox 3304 1727 3403 1798; x_wconf 84' lang='grc' dir='ltr'>μὲν</span> <span class='ocrx_word' id='word_1_205' title='bbox 3440 1726 3583 1796; x_wconf 83' lang='grc' dir='ltr'>πρὸς</span> <span class='ocrx_word' id='word_1_206' title='bbox 3633 1730 3766 1780; x_wconf 80' lang='grc' dir='ltr'>Ἀνα-</span> 
     </span>
    </p>
   </div>
   <div class='ocr_carea' id='block_1_33' title="bbox 517 1784 2096 1887">
    <p class='ocr_par' dir='ltr' id='par_1_33' title="bbox 517 1784 2094 1882">
     <span class='ocr_line' id='line_1_33' title="bbox 517 1784 2094 1882; baseline 0.003 -19"><span class='ocrx_word' id='word_1_207' title='bbox 517 1817 647 1863; x_wconf 73' lang='lat' dir='ltr'><strong>sunt</strong></span> <span class='ocrx_word' id='word_1_208' title='bbox 685 1808 832 1872; x_wconf 78' lang='lat' dir='ltr'><strong>cmli,</strong></span> <span class='ocrx_word' id='word_1_209' title='bbox 869 1817 924 1862; x_wconf 85' lang='lat' dir='ltr'><strong>et</strong></span> <span class='ocrx_word' id='word_1_210' title='bbox 975 1784 1244 1864; x_wconf 79' lang='lat' dir='ltr'><strong>arcanum</strong></span> <span class='ocrx_word' id='word_1_211' title='bbox 1274 1811 1553 1880; x_wconf 87' lang='lat' dir='ltr'><strong>quoddam</strong></span> <span class='ocrx_word' id='word_1_212' title='bbox 1598 1824 1762 1882; x_wconf 88' lang='lat' dir='ltr'><strong>atque</strong></span> <span class='ocrx_word' id='word_1_213' title='bbox 1813 1813 2094 1868; x_wconf 71' lang='lat' dir='ltr'><strong>inell&#39;abile</strong></span> 
     </span>
    </p>
   </div>
   <div class='ocr_carea' id='block_1_34' title="bbox 2202 1784 3773 1887">
    <p class='ocr_par' dir='ltr' id='par_1_34' title="bbox 2202 1784 3773 1887">
     <span class='ocr_line' id='line_1_34' title="bbox 2202 1784 3773 1887; baseline 0.001 -19"><span class='ocrx_word' id='word_1_214' title='bbox 2202 1816 2364 1878; x_wconf 76' lang='grc' dir='ltr'>τολὰς</span> <span class='ocrx_word' id='word_1_215' title='bbox 2393 1817 2440 1868; x_wconf 84' lang='grc' dir='ltr'>οἱ</span> <span class='ocrx_word' id='word_1_216' title='bbox 2471 1784 2692 1885; x_wconf 64' lang='grc' dir='ltr'>οὐρανοί</span> <span class='ocrx_word' id='word_1_217' title='bbox 2711 1830 2726 1846; x_wconf 77' lang='grc' dir='ltr'><strong><em>ο</em></strong></span> <span class='ocrx_word' id='word_1_218' title='bbox 2757 1784 3072 1887; x_wconf 73' lang='grc' dir='ltr'>ἀπόρρητον</span> <span class='ocrx_word' id='word_1_219' title='bbox 3096 1784 3154 1868; x_wconf 77' lang='grc' dir='ltr'><strong>δέ</strong></span> <span class='ocrx_word' id='word_1_220' title='bbox 3183 1833 3238 1868; x_wconf 91' lang='grc' dir='ltr'><strong>τι</strong></span> <span class='ocrx_word' id='word_1_221' title='bbox 3281 1784 3380 1869; x_wconf 71' lang='grc' dir='ltr'><strong>καὶ</strong></span> <span class='ocrx_word' id='word_1_222' title='bbox 3402 1784 3653 1887; x_wconf 61' lang='grc' dir='ltr'>ἄρρητον</span> <span class='ocrx_word' id='word_1_223' title='bbox 3674 1817 3773 1869; x_wconf 86' lang='grc' dir='ltr'><strong>Μο-</strong></span> 
     </span>
    </p>
   </div>
   <div class='ocr_carea' id='block_1_35' title="bbox 517 1898 2096 1974">
    <p class='ocr_par' dir='ltr' id='par_1_35' title="bbox 517 1898 2096 1974">
     <span class='ocr_line' id='line_1_35' title="bbox 517 1898 2096 1974; baseline 0.006 -24"><span class='ocrx_word' id='word_1_224' title='bbox 517 1898 704 1953; x_wconf 82' lang='lat' dir='ltr'><strong>lumen</strong></span> <span class='ocrx_word' id='word_1_225' title='bbox 736 1898 1014 1969; x_wconf 83' lang='lat' dir='ltr'><strong>Unigeniti</strong></span> <span class='ocrx_word' id='word_1_226' title='bbox 1077 1901 1324 1966; x_wconf 82' lang='lat' dir='ltr'><strong>emicuit,</strong></span> <span class='ocrx_word' id='word_1_227' title='bbox 1366 1903 1720 1958; x_wconf 90' lang='lat' dir='ltr'><strong>dilectionem</strong></span> <span class='ocrx_word' id='word_1_228' title='bbox 1751 1906 1870 1974; x_wconf 87' lang='lat' dir='ltr'><strong>ejus</strong></span> <span class='ocrx_word' id='word_1_229' title='bbox 1913 1915 1969 1959; x_wconf 87' lang='lat' dir='ltr'><strong>et</strong></span> <span class='ocrx_word' id='word_1_230' title='bbox 2004 1907 2096 1960; x_wconf 90' lang='lat' dir='ltr'><strong>be-</strong></span> 
     </span>
    </p>
   </div>
   <div class='ocr_carea' id='block_1_36' title="bbox 515 1990 2096 2070">
    <p class='ocr_par' dir='ltr' id='par_1_36' title="bbox 515 1990 2096 2070">
     <span class='ocr_line' id='line_1_36' title="bbox 515 1990 2096 2070; baseline 0.005 -26"><span class='ocrx_word' id='word_1_231' title='bbox 515 1990 844 2060; x_wconf 70' lang='lat' dir='ltr'><strong>nignitatem</strong></span> <span class='ocrx_word' id='word_1_232' title='bbox 896 1992 1056 2046; x_wconf 84' lang='lat' dir='ltr'><strong>vobis</strong></span> <span class='ocrx_word' id='word_1_233' title='bbox 1105 1994 1176 2048; x_wconf 89' lang='lat' dir='ltr'><strong>ob</strong></span> <span class='ocrx_word' id='word_1_234' title='bbox 1213 1995 1601 2064; x_wconf 72' lang='lat' dir='ltr'><strong>pcenitentiam</strong></span> <span class='ocrx_word' id='word_1_235' title='bbox 1655 1998 1945 2053; x_wconf 81' lang='lat' dir='ltr'><strong>exhibens.</strong></span> <span class='ocrx_word' id='word_1_236' title='bbox 1979 2000 2096 2070; x_wconf 80' lang='lat' dir='ltr'><strong>Ego</strong></span> 
     </span>
    </p>
   </div>
   <div class='ocr_carea' id='block_1_37' title="bbox 515 2083 2098 2153">
    <p class='ocr_par' dir='ltr' id='par_1_37' title="bbox 515 2083 2098 2153">
     <span class='ocr_line' id='line_1_37' title="bbox 515 2083 2098 2153; baseline 0.006 -18"><span class='ocrx_word' id='word_1_237' title='bbox 515 2097 646 2137; x_wconf 87' lang='lat' dir='ltr'><strong>vero</strong></span> <span class='ocrx_word' id='word_1_238' title='bbox 698 2083 766 2137; x_wconf 91' lang='lat' dir='ltr'><strong>ad</strong></span> <span class='ocrx_word' id='word_1_239' title='bbox 821 2084 1088 2139; x_wconf 88' lang='lat' dir='ltr'><strong>visionem</strong></span> <span class='ocrx_word' id='word_1_240' title='bbox 1149 2086 1380 2141; x_wconf 81' lang='lat' dir='ltr'><strong>elevatis</strong></span> <span class='ocrx_word' id='word_1_241' title='bbox 1440 2088 1712 2153; x_wconf 74' lang='lat' dir='ltr'><strong>{manibus</strong></span> <span class='ocrx_word' id='word_1_242' title='bbox 1782 2089 2098 2145; x_wconf 78' lang='lat' dir='ltr'><strong>exclamans</strong></span> 
     </span>
    </p>
   </div>
   <div class='ocr_carea' id='block_1_38' title="bbox 513 2174 2094 2252">
    <p class='ocr_par' dir='ltr' id='par_1_38' title="bbox 513 2174 2094 2252">
     <span class='ocr_line' id='line_1_38' title="bbox 513 2174 2094 2252; baseline 0.004 -24"><span class='ocrx_word' id='word_1_243' title='bbox 513 2174 627 2229; x_wconf 81' lang='lat' dir='ltr'><strong>dixi</strong></span> <span class='ocrx_word' id='word_1_244' title='bbox 658 2175 806 2248; x_wconf 70' lang='lat'><strong>(23):</strong></span> <span class='ocrx_word' id='word_1_245' title='bbox 841 2177 1070 2232; x_wconf 89' lang='lat' dir='ltr'><strong>Domine</strong></span> <span class='ocrx_word' id='word_1_246' title='bbox 1101 2187 1316 2232; x_wconf 90' lang='lat' dir='ltr'><strong>amator</strong></span> <span class='ocrx_word' id='word_1_247' title='bbox 1336 2179 1660 2244; x_wconf 74' lang='lat' dir='ltr'><strong>hominum,‘</strong></span> <span class='ocrx_word' id='word_1_248' title='bbox 1676 2181 1767 2250; x_wconf 90' lang='lat' dir='ltr'><strong>qui</strong></span> <span class='ocrx_word' id='word_1_249' title='bbox 1789 2182 2094 2252; x_wconf 83' lang='lat' dir='ltr'><strong>etgladium</strong></span> 
     </span>
    </p>
   </div>
   <div class='ocr_carea' id='block_1_39' title="bbox 517 2269 2094 2346">
    <p class='ocr_par' dir='ltr' id='par_1_39' title="bbox 517 2269 2094 2346">
     <span class='ocr_line' id='line_1_39' title="bbox 517 2269 2094 2346; baseline 0.005 -23"><span class='ocrx_word' id='word_1_250' title='bbox 517 2284 659 2338; x_wconf 66' lang='lat' dir='ltr'><strong>saepe</strong></span> <span class='ocrx_word' id='word_1_251' title='bbox 690 2269 892 2335; x_wconf 88' lang='lat' dir='ltr'><strong>vibras,</strong></span> <span class='ocrx_word' id='word_1_252' title='bbox 913 2279 971 2325; x_wconf 89' lang='lat' dir='ltr'><strong>et</strong></span> <span class='ocrx_word' id='word_1_253' title='bbox 1001 2287 1188 2339; x_wconf 87' lang='lat' dir='ltr'><strong>arcum</strong></span> <span class='ocrx_word' id='word_1_254' title='bbox 1214 2273 1416 2336; x_wconf 89' lang='lat' dir='ltr'><strong>tendis,</strong></span> <span class='ocrx_word' id='word_1_255' title='bbox 1453 2283 1508 2328; x_wconf 85' lang='lat' dir='ltr'><strong>et</strong></span> <span class='ocrx_word' id='word_1_256' title='bbox 1567 2283 1865 2344; x_wconf 89' lang='lat' dir='ltr'><strong>utrmnque</strong></span> <span class='ocrx_word' id='word_1_257' title='bbox 1888 2276 2094 2346; x_wconf 89' lang='lat' dir='ltr'><strong>justam</strong></span> 
     </span>
    </p>
   </div>
   <div class='ocr_carea' id='block_1_40' title="bbox 513 2361 2095 2436">
    <p class='ocr_par' dir='ltr' id='par_1_40' title="bbox 513 2361 2095 2436">
     <span class='ocr_line' id='line_1_40' title="bbox 513 2361 2095 2436; baseline 0.006 -22"><span class='ocrx_word' id='word_1_258' title='bbox 513 2361 738 2431; x_wconf 84' lang='lat' dir='ltr'><strong>quidem</strong></span> <span class='ocrx_word' id='word_1_259' title='bbox 771 2363 842 2418; x_wconf 89' lang='lat' dir='ltr'><strong>ob</strong></span> <span class='ocrx_word' id='word_1_260' title='bbox 873 2365 1213 2418; x_wconf 87' lang='lat' dir='ltr'><strong>iracundiam</strong></span> <span class='ocrx_word' id='word_1_261' title='bbox 1253 2365 1424 2420; x_wconf 85' lang='lat' dir='ltr'><strong>facis:</strong></span> <span class='ocrx_word' id='word_1_262' title='bbox 1454 2366 1663 2436; x_wconf 87' lang='lat' dir='ltr'><strong>quique</strong></span> <span class='ocrx_word' id='word_1_263' title='bbox 1722 2367 1926 2422; x_wconf 87' lang='lat' dir='ltr'><strong>iterum</strong></span> <span class='ocrx_word' id='word_1_264' title='bbox 1961 2386 2095 2424; x_wconf 88' lang='lat' dir='ltr'><strong>con-</strong></span> 
     </span>
    </p>
   </div>
   <div class='ocr_carea' id='block_1_41' title="bbox 514 2455 2095 2528">
    <p class='ocr_par' dir='ltr' id='par_1_41' title="bbox 514 2455 2095 2528">
     <span class='ocr_line' id='line_1_41' title="bbox 514 2455 2095 2528; baseline 0.006 -20"><span class='ocrx_word' id='word_1_265' title='bbox 514 2463 672 2509; x_wconf 81' lang='lat' dir='ltr'><strong>sueta</strong></span> <span class='ocrx_word' id='word_1_266' title='bbox 710 2455 952 2511; x_wconf 85' lang='lat' dir='ltr'><strong>bonitate</strong></span> <span class='ocrx_word' id='word_1_267' title='bbox 1012 2466 1105 2513; x_wconf 87' lang='lat' dir='ltr'><strong>tua</strong></span> <span class='ocrx_word' id='word_1_268' title='bbox 1166 2468 1465 2528; x_wconf 90' lang='lat' dir='ltr'><strong>utrumque</strong></span> <span class='ocrx_word' id='word_1_269' title='bbox 1523 2459 1764 2526; x_wconf 88' lang='lat' dir='ltr'><strong>inhibes,</strong></span> <span class='ocrx_word' id='word_1_270' title='bbox 1817 2471 2095 2518; x_wconf 87' lang='lat' dir='ltr'><strong>nostram-</strong></span> 
     </span>
    </p>
   </div>
   <div class='ocr_carea' id='block_1_42' title="bbox 517 2549 2097 2627">
    <p class='ocr_par' dir='ltr' id='par_1_42' title="bbox 517 2549 2097 2627">
     <span class='ocr_line' id='line_1_42' title="bbox 517 2549 2097 2627; baseline 0.004 -23"><span class='ocrx_word' id='word_1_271' title='bbox 517 2563 625 2618; x_wconf 82' lang='lat' dir='ltr'><strong>que</strong></span> <span class='ocrx_word' id='word_1_272' title='bbox 677 2549 1014 2618; x_wconf 71' lang='lat' dir='ltr'><strong>prazstolaris</strong></span> <span class='ocrx_word' id='word_1_273' title='bbox 1069 2551 1532 2618; x_wconf 81' lang='lat' dir='ltr'><strong>conversionem;</strong></span> <span class='ocrx_word' id='word_1_274' title='bbox 1591 2554 1720 2609; x_wconf 90' lang='lat' dir='ltr'><strong>audi</strong></span> <span class='ocrx_word' id='word_1_275' title='bbox 1774 2571 1841 2610; x_wconf 81' lang='lat' dir='ltr'><strong>ex</strong></span> <span class='ocrx_word' id='word_1_276' title='bbox 1892 2557 2097 2627; x_wconf 87' lang='lat' dir='ltr'><strong>templo</strong></span> 
     </span>
    </p>
   </div>
   <div class='ocr_carea' id='block_1_43' title="bbox 515 2645 2094 2713">
    <p class='ocr_par' dir='ltr' id='par_1_43' title="bbox 515 2645 2094 2713">
     <span class='ocr_line' id='line_1_43' title="bbox 515 2645 2094 2713; baseline 0.006 -17"><span class='ocrx_word' id='word_1_277' title='bbox 515 2649 707 2696; x_wconf 86' lang='lat' dir='ltr'><strong>sancto</strong></span> <span class='ocrx_word' id='word_1_278' title='bbox 737 2657 925 2696; x_wconf 89' lang='lat' dir='ltr'><strong>vocem</strong></span> <span class='ocrx_word' id='word_1_279' title='bbox 953 2657 1153 2707; x_wconf 86' lang='lat' dir='ltr'><strong>meam,</strong></span> <span class='ocrx_word' id='word_1_280' title='bbox 1171 2645 1459 2713; x_wconf 84' lang='lat' dir='ltr'><strong>perveniat</strong></span> <span class='ocrx_word' id='word_1_281' title='bbox 1487 2647 1555 2701; x_wconf 90' lang='lat' dir='ltr'><strong>ad</strong></span> <span class='ocrx_word' id='word_1_282' title='bbox 1593 2657 1644 2702; x_wconf 90' lang='lat' dir='ltr'><strong>te</strong></span> <span class='ocrx_word' id='word_1_283' title='bbox 1684 2649 1893 2704; x_wconf 89' lang='lat' dir='ltr'><strong>clamor</strong></span> <span class='ocrx_word' id='word_1_284' title='bbox 1917 2666 2094 2705; x_wconf 90' lang='lat' dir='ltr'><strong>meus.</strong></span> 
     </span>
    </p>
   </div>
   <div class='ocr_carea' id='block_1_44' title="bbox 517 2733 2094 2798">
    <p class='ocr_par' dir='ltr' id='par_1_44' title="bbox 517 2733 2094 2798">
     <span class='ocr_line' id='line_1_44' title="bbox 517 2733 2094 2798; baseline 0.007 -10"><span class='ocrx_word' id='word_1_285' title='bbox 517 2734 658 2788; x_wconf 81' lang='lat' dir='ltr'><strong>Ecce</strong></span> <span class='ocrx_word' id='word_1_286' title='bbox 689 2733 839 2788; x_wconf 91' lang='lat' dir='ltr'><strong>enim</strong></span> <span class='ocrx_word' id='word_1_287' title='bbox 873 2746 1022 2790; x_wconf 89' lang='lat' dir='ltr'><strong>mota</strong></span> <span class='ocrx_word' id='word_1_288' title='bbox 1053 2744 1140 2791; x_wconf 88' lang='lat' dir='ltr'><strong>est</strong></span> <span class='ocrx_word' id='word_1_289' title='bbox 1166 2744 1314 2791; x_wconf 91' lang='lat' dir='ltr'><strong>terra</strong></span> <span class='ocrx_word' id='word_1_290' title='bbox 1355 2747 1412 2792; x_wconf 91' lang='lat' dir='ltr'><strong>et</strong></span> <span class='ocrx_word' id='word_1_291' title='bbox 1456 2754 1651 2795; x_wconf 89' lang='lat' dir='ltr'><strong>omnes</strong></span> <span class='ocrx_word' id='word_1_292' title='bbox 1690 2741 2010 2798; x_wconf 85' lang='lat' dir='ltr'><strong>habitantes</strong></span> <span class='ocrx_word' id='word_1_293' title='bbox 2037 2745 2094 2798; x_wconf 91' lang='lat' dir='ltr'><strong>in</strong></span> 
     </span>
    </p>
   </div>
   <div class='ocr_carea' id='block_1_45' title="bbox 516 2833 2097 2898">
    <p class='ocr_par' dir='ltr' id='par_1_45' title="bbox 516 2833 2097 2898">
     <span class='ocr_line' id='line_1_45' title="bbox 516 2833 2097 2898; baseline 0.006 -16"><span class='ocrx_word' id='word_1_294' title='bbox 516 2841 616 2893; x_wconf 87' lang='lat' dir='ltr'><strong>ea;</strong></span> <span class='ocrx_word' id='word_1_295' title='bbox 649 2836 927 2882; x_wconf 89' lang='lat' dir='ltr'><strong>commota</strong></span> <span class='ocrx_word' id='word_1_296' title='bbox 983 2837 1151 2885; x_wconf 86' lang='lat' dir='ltr'><strong>estet</strong></span> <span class='ocrx_word' id='word_1_297' title='bbox 1203 2833 1562 2898; x_wconf 88' lang='lat' dir='ltr'><strong>contremuit,</strong></span> <span class='ocrx_word' id='word_1_298' title='bbox 1622 2840 1679 2888; x_wconf 89' lang='lat' dir='ltr'><strong>et</strong></span> <span class='ocrx_word' id='word_1_299' title='bbox 1737 2834 2097 2892; x_wconf 85' lang='lat' dir='ltr'><strong>fundamenta</strong></span> 
     </span>
    </p>
   </div>
   <div class='ocr_carea' id='block_1_46' title="bbox 518 2915 2095 2992">
    <p class='ocr_par' dir='ltr' id='par_1_46' title="bbox 518 2915 2095 2992">
     <span class='ocr_line' id='line_1_46' title="bbox 518 2915 2095 2992; baseline 0.005 -23"><span class='ocrx_word' id='word_1_300' title='bbox 518 2915 788 2970; x_wconf 86' lang='lat' dir='ltr'><strong>ment-ium</strong></span> <span class='ocrx_word' id='word_1_301' title='bbox 812 2917 1142 2972; x_wconf 87' lang='lat' dir='ltr'><strong>conturbata</strong></span> <span class='ocrx_word' id='word_1_302' title='bbox 1174 2928 1306 2980; x_wconf 86' lang='lat' dir='ltr'><strong>sunt</strong></span> <span class='ocrx_word' id='word_1_303' title='bbox 1330 2927 1388 2973; x_wconf 89' lang='lat' dir='ltr'><strong>et</strong></span> <span class='ocrx_word' id='word_1_304' title='bbox 1419 2929 1693 2975; x_wconf 90' lang='lat' dir='ltr'><strong>commota</strong></span> <span class='ocrx_word' id='word_1_305' title='bbox 1731 2929 1899 2977; x_wconf 89' lang='lat' dir='ltr'><strong>sunt:</strong></span> <span class='ocrx_word' id='word_1_306' title='bbox 1957 2939 2095 2992; x_wconf 89' lang='lat' dir='ltr'><strong>quo-</strong></span> 
     </span>
    </p>
   </div>
   <div class='ocr_carea' id='block_1_47' title="bbox 516 3006 2096 3077">
    <p class='ocr_par' dir='ltr' id='par_1_47' title="bbox 516 3006 2096 3077">
     <span class='ocr_line' id='line_1_47' title="bbox 516 3006 2096 3077; baseline 0.006 -16"><span class='ocrx_word' id='word_1_307' title='bbox 516 3006 667 3061; x_wconf 86' lang='lat' dir='ltr'><strong>niam</strong></span> <span class='ocrx_word' id='word_1_308' title='bbox 691 3017 749 3062; x_wconf 92' lang='lat' dir='ltr'><strong>tu</strong></span> <span class='ocrx_word' id='word_1_309' title='bbox 782 3008 916 3077; x_wconf 90' lang='lat' dir='ltr'><strong>ipsis</strong></span> <span class='ocrx_word' id='word_1_310' title='bbox 948 3009 1142 3073; x_wconf 88' lang='lat' dir='ltr'><strong>iratus,</strong></span> <span class='ocrx_word' id='word_1_311' title='bbox 1167 3010 1420 3076; x_wconf 90' lang='lat' dir='ltr'><strong>Domine,</strong></span> <span class='ocrx_word' id='word_1_312' title='bbox 1445 3013 1781 3068; x_wconf 81' lang='lat' dir='ltr'><strong>concussisti</strong></span> <span class='ocrx_word' id='word_1_313' title='bbox 1806 3021 2013 3069; x_wconf 89' lang='lat' dir='ltr'><strong>terram</strong></span> <span class='ocrx_word' id='word_1_314' title='bbox 2040 3026 2096 3070; x_wconf 90' lang='lat' dir='ltr'><strong>et</strong></span> 
     </span>
    </p>
   </div>
   <div class='ocr_carea' id='block_1_48' title="bbox 2199 1907 3772 1981">
    <p class='ocr_par' dir='ltr' id='par_1_48' title="bbox 2199 1907 3772 1981">
     <span class='ocr_line' id='line_1_48' title="bbox 2199 1907 3772 1981; baseline 0.014 -23"><span class='ocrx_word' id='word_1_315' title='bbox 2199 1907 2452 1976; x_wconf 83' lang='grc' dir='ltr'>νογενοῦς</span> <span class='ocrx_word' id='word_1_316' title='bbox 2510 1907 2818 1977; x_wconf 77' lang='grc' dir='ltr'>ὲξήστραψε</span> <span class='ocrx_word' id='word_1_317' title='bbox 2865 1909 2999 1978; x_wconf 81' lang='grc' dir='ltr'>φῶς,</span> <span class='ocrx_word' id='word_1_318' title='bbox 3035 1907 3460 1979; x_wconf 66' lang='grc' dir='ltr'><strong>φιλανθρωπίαν</strong></span> <span class='ocrx_word' id='word_1_319' title='bbox 3509 1908 3772 1981; x_wconf 63' lang='grc' dir='ltr'><strong>ἡμέρᾳτῇ</strong></span> 
     </span>
    </p>
   </div>
   <div class='ocr_carea' id='block_1_49' title="bbox 2203 1994 3773 2070">
    <p class='ocr_par' dir='ltr' id='par_1_49' title="bbox 2203 1994 3773 2070">
     <span class='ocr_line' id='line_1_49' title="bbox 2203 1994 3773 2070; baseline 0.003 -24"><span class='ocrx_word' id='word_1_320' title='bbox 2203 1995 2460 2066; x_wconf 82' lang='grc' dir='ltr'>μετανοίᾳ</span> <span class='ocrx_word' id='word_1_321' title='bbox 2491 1994 2645 2065; x_wconf 83' lang='grc' dir='ltr'>ὑμῶν</span> <span class='ocrx_word' id='word_1_322' title='bbox 2675 1995 3012 2064; x_wconf 86' lang='grc' dir='ltr'>ὑποφαίνων.</span> <span class='ocrx_word' id='word_1_323' title='bbox 3049 1997 3211 2063; x_wconf 80' lang='grc' dir='ltr'>Μέγα</span> <span class='ocrx_word' id='word_1_324' title='bbox 3234 1997 3290 2050; x_wconf 81' lang='grc' dir='ltr'>δὲ</span> <span class='ocrx_word' id='word_1_325' title='bbox 3322 1999 3464 2067; x_wconf 71' lang='grc' dir='ltr'>πρὸς</span> <span class='ocrx_word' id='word_1_326' title='bbox 3514 1997 3618 2068; x_wconf 80' lang='grc' dir='ltr'>τὴν</span> <span class='ocrx_word' id='word_1_327' title='bbox 3666 1997 3773 2070; x_wconf 54' lang='lat' dir='ltr'><strong>Mm</strong></span> 
     </span>
    </p>
   </div>
   <div class='ocr_carea' id='block_1_50' title="bbox 2199 2084 3774 2158">
    <p class='ocr_par' dir='ltr' id='par_1_50' title="bbox 2199 2084 3774 2158">
     <span class='ocr_line' id='line_1_50' title="bbox 2199 2084 3774 2158; baseline 0.001 -22"><span class='ocrx_word' id='word_1_328' title='bbox 2199 2086 2257 2137; x_wconf 83' lang='grc' dir='ltr'>ὲν</span> <span class='ocrx_word' id='word_1_329' title='bbox 2284 2084 2515 2155; x_wconf 83' lang='grc' dir='ltr'>ὲπάρσει</span> <span class='ocrx_word' id='word_1_330' title='bbox 2549 2084 2750 2156; x_wconf 81' lang='grc' dir='ltr'>χειρῶν</span> <span class='ocrx_word' id='word_1_331' title='bbox 2783 2102 2885 2155; x_wconf 89' lang='grc' dir='ltr'><strong>μου</strong></span> <span class='ocrx_word' id='word_1_332' title='bbox 2920 2084 3145 2155; x_wconf 83' lang='grc' dir='ltr'><strong>βοήσας·</strong></span> <span class='ocrx_word' id='word_1_333' title='bbox 3195 2085 3447 2138; x_wconf 81' lang='grc' dir='ltr'>Δέσποτα</span> <span class='ocrx_word' id='word_1_334' title='bbox 3478 2084 3774 2158; x_wconf 78' lang='grc' dir='ltr'>φιλάνθρω-</span> 
     </span>
    </p>
   </div>
   <div class='ocr_carea' id='block_1_51' title="bbox 2199 2173 3771 2247">
    <p class='ocr_par' dir='ltr' id='par_1_51' title="bbox 2199 2173 3771 2247">
     <span class='ocr_line' id='line_1_51' title="bbox 2199 2173 3771 2247; baseline 0.002 -20"><span class='ocrx_word' id='word_1_335' title='bbox 2199 2192 2290 2240; x_wconf 85' lang='grc' dir='ltr'><strong>πε,</strong></span> <span class='ocrx_word' id='word_1_336' title='bbox 2328 2173 2477 2238; x_wconf 78' lang='grc' dir='ltr'>εἶπα,</span> <span class='ocrx_word' id='word_1_337' title='bbox 2510 2179 2538 2231; x_wconf 87' lang='lat'><strong>6</strong></span> <span class='ocrx_word' id='word_1_338' title='bbox 2571 2178 2666 2230; x_wconf 77' lang='grc' dir='ltr'>καὶ</span> <span class='ocrx_word' id='word_1_339' title='bbox 2724 2176 3003 2247; x_wconf 74' lang='grc' dir='ltr'>ῥομφαίαν</span> <span class='ocrx_word' id='word_1_340' title='bbox 3061 2177 3324 2240; x_wconf 78' lang='grc' dir='ltr'>πολλάκις</span> <span class='ocrx_word' id='word_1_341' title='bbox 3374 2176 3637 2241; x_wconf 77' lang='grc' dir='ltr'>στιλῧῶν,</span> <span class='ocrx_word' id='word_1_342' title='bbox 3695 2179 3771 2230; x_wconf 79' lang='grc' dir='ltr'><strong>καί</strong></span> 
     </span>
    </p>
   </div>
   <div class='ocr_carea' id='block_1_52' title="bbox 2197 2269 3768 2341">
    <p class='ocr_par' dir='ltr' id='par_1_52' title="bbox 2197 2269 3768 2341">
     <span class='ocr_line' id='line_1_52' title="bbox 2197 2269 3768 2341; baseline 0 -19"><span class='ocrx_word' id='word_1_343' title='bbox 2197 2269 2353 2333; x_wconf 84' lang='grc' dir='ltr'>τόξον</span> <span class='ocrx_word' id='word_1_344' title='bbox 2409 2270 2682 2333; x_wconf 81' lang='grc' dir='ltr'>ἐντείνων,</span> <span class='ocrx_word' id='word_1_345' title='bbox 2717 2270 2782 2322; x_wconf 82' lang='grc' dir='ltr'><strong>δι’</strong></span> <span class='ocrx_word' id='word_1_346' title='bbox 2809 2269 2978 2340; x_wconf 81' lang='grc' dir='ltr'>ὀργὴν</span> <span class='ocrx_word' id='word_1_347' title='bbox 3025 2269 3126 2339; x_wconf 80' lang='grc' dir='ltr'>μὲν</span> <span class='ocrx_word' id='word_1_348' title='bbox 3184 2270 3404 2322; x_wconf 87' lang='grc' dir='ltr'>δικαίαν</span> <span class='ocrx_word' id='word_1_349' title='bbox 3464 2270 3768 2341; x_wconf 79' lang='grc' dir='ltr'>ἀμφότερα,</span> 
     </span>
    </p>
   </div>
   <div class='ocr_carea' id='block_1_53' title="bbox 2200 2362 3770 2434">
    <p class='ocr_par' dir='ltr' id='par_1_53' title="bbox 2200 2362 3770 2434">
     <span class='ocr_line' id='line_1_53' title="bbox 2200 2362 3770 2434; baseline -0.001 -18"><span class='ocrx_word' id='word_1_350' title='bbox 2200 2364 2306 2416; x_wconf 77' lang='grc' dir='ltr'><strong>ὑπὸ</strong></span> <span class='ocrx_word' id='word_1_351' title='bbox 2359 2363 2413 2416; x_wconf 86' lang='grc' dir='ltr'>δὲ</span> <span class='ocrx_word' id='word_1_352' title='bbox 2472 2365 2571 2432; x_wconf 78' lang='grc' dir='ltr'>τῆς</span> <span class='ocrx_word' id='word_1_353' title='bbox 2629 2362 2892 2433; x_wconf 80' lang='grc' dir='ltr'>συνήθους</span> <span class='ocrx_word' id='word_1_354' title='bbox 2945 2363 3107 2418; x_wconf 82' lang='grc' dir='ltr'>πάλιν</span> <span class='ocrx_word' id='word_1_355' title='bbox 3153 2365 3365 2433; x_wconf 75' lang='grc' dir='ltr'>ἐπέχων</span> <span class='ocrx_word' id='word_1_356' title='bbox 3393 2365 3770 2434; x_wconf 79' lang='grc' dir='ltr'>χρηστότητος,</span> 
     </span>
    </p>
   </div>
   <div class='ocr_carea' id='block_1_54' title="bbox 2199 2457 3769 2527">
    <p class='ocr_par' dir='ltr' id='par_1_54' title="bbox 2199 2457 3769 2527">
     <span class='ocr_line' id='line_1_54' title="bbox 2199 2457 3769 2527; baseline -0.002 -17"><span class='ocrx_word' id='word_1_357' title='bbox 2199 2458 2296 2510; x_wconf 77' lang='grc' dir='ltr'><strong>καὶ</strong></span> <span class='ocrx_word' id='word_1_358' title='bbox 2333 2457 2430 2525; x_wconf 81' lang='grc' dir='ltr'>τὴν</span> <span class='ocrx_word' id='word_1_359' title='bbox 2459 2457 2736 2527; x_wconf 84' lang='grc' dir='ltr'>ἡμετέραν</span> <span class='ocrx_word' id='word_1_360' title='bbox 2768 2457 3108 2526; x_wconf 75' lang='grc' dir='ltr'>ἐπιστροφὴν</span> <span class='ocrx_word' id='word_1_361' title='bbox 3133 2457 3422 2526; x_wconf 85' lang='grc' dir='ltr'>ἀναμένων</span> <span class='ocrx_word' id='word_1_362' title='bbox 3453 2457 3688 2511; x_wconf 82' lang='grc' dir='ltr'>ἄκουσον</span> <span class='ocrx_word' id='word_1_363' title='bbox 3716 2457 3769 2508; x_wconf 72' lang='grc' dir='ltr'>ἐκ</span> 
     </span>
    </p>
   </div>
   <div class='ocr_carea' id='block_1_55' title="bbox 2199 2549 3771 2621">
    <p class='ocr_par' dir='ltr' id='par_1_55' title="bbox 2199 2549 3771 2621">
     <span class='ocr_line' id='line_1_55' title="bbox 2199 2549 3771 2621; baseline -0.001 -19"><span class='ocrx_word' id='word_1_364' title='bbox 2199 2549 2328 2602; x_wconf 79' lang='grc' dir='ltr'>ναοῦ</span> <span class='ocrx_word' id='word_1_365' title='bbox 2381 2550 2539 2619; x_wconf 86' lang='grc' dir='ltr'>ἁγίου</span> <span class='ocrx_word' id='word_1_366' title='bbox 2597 2553 2780 2621; x_wconf 84' lang='grc' dir='ltr'>φωνῆς</span> <span class='ocrx_word' id='word_1_367' title='bbox 2806 2567 2930 2621; x_wconf 85' lang='grc' dir='ltr'>μου,</span> <span class='ocrx_word' id='word_1_368' title='bbox 2968 2550 3260 2603; x_wconf 73' lang='grc' dir='ltr'>εἰσελθέτω</span> <span class='ocrx_word' id='word_1_369' title='bbox 3317 2551 3351 2621; x_wconf 83' lang='grc' dir='ltr'><strong>ἡ</strong></span> <span class='ocrx_word' id='word_1_370' title='bbox 3409 2550 3632 2621; x_wconf 80' lang='grc' dir='ltr'>κραυγή</span> <span class='ocrx_word' id='word_1_371' title='bbox 3686 2565 3771 2619; x_wconf 79' lang='grc' dir='ltr'><strong>μον</strong></span> 
     </span>
    </p>
   </div>
   <div class='ocr_carea' id='block_1_56' title="bbox 2200 2641 3770 2714">
    <p class='ocr_par' dir='ltr' id='par_1_56' title="bbox 2200 2641 3770 2714">
     <span class='ocr_line' id='line_1_56' title="bbox 2200 2641 3770 2714; baseline 0 -20"><span class='ocrx_word' id='word_1_372' title='bbox 2200 2642 2428 2696; x_wconf 74' lang='grc' dir='ltr'>ἐνώπιόν</span> <span class='ocrx_word' id='word_1_373' title='bbox 2469 2660 2585 2697; x_wconf 84' lang='grc' dir='ltr'>σου.</span> <span class='ocrx_word' id='word_1_374' title='bbox 2635 2643 2768 2696; x_wconf 78' lang='grc' dir='ltr'>Ἰδοὺ</span> <span class='ocrx_word' id='word_1_375' title='bbox 2801 2643 2910 2714; x_wconf 86' lang='grc' dir='ltr'>γὰρ</span> <span class='ocrx_word' id='word_1_376' title='bbox 2944 2644 3151 2712; x_wconf 80' lang='grc' dir='ltr'>ὲστάγη</span> <span class='ocrx_word' id='word_1_377' title='bbox 3192 2644 3225 2713; x_wconf 87' lang='grc' dir='ltr'><strong>ή</strong></span> <span class='ocrx_word' id='word_1_378' title='bbox 3253 2643 3346 2711; x_wconf 84' lang='grc' dir='ltr'>γῆ,</span> <span class='ocrx_word' id='word_1_379' title='bbox 3371 2643 3472 2696; x_wconf 70' lang='grc' dir='ltr'>καὶ</span> <span class='ocrx_word' id='word_1_380' title='bbox 3508 2643 3706 2704; x_wconf 79' lang='grc' dir='ltr'>πάντες</span> <span class='ocrx_word' id='word_1_381' title='bbox 3727 2641 3770 2694; x_wconf 80' lang='grc' dir='ltr'>οι</span> 
     </span>
    </p>
   </div>
   <div class='ocr_carea' id='block_1_57' title="bbox 2201 2735 3770 2807">
    <p class='ocr_par' dir='ltr' id='par_1_57' title="bbox 2201 2735 3770 2807">
     <span class='ocr_line' id='line_1_57' title="bbox 2201 2735 3770 2807; baseline -0.001 -19"><span class='ocrx_word' id='word_1_382' title='bbox 2201 2736 2580 2798; x_wconf 81' lang='grc' dir='ltr'>κατοικοῦντες</span> <span class='ocrx_word' id='word_1_383' title='bbox 2607 2738 2666 2788; x_wconf 86' lang='grc' dir='ltr'>ὲν</span> <span class='ocrx_word' id='word_1_384' title='bbox 2695 2735 2831 2807; x_wconf 85' lang='grc' dir='ltr'><strong>αὑτῇ</strong></span> <span class='ocrx_word' id='word_1_385' title='bbox 2863 2779 2876 2802; x_wconf 88' lang='grc'><strong>,</strong></span> <span class='ocrx_word' id='word_1_386' title='bbox 2911 2735 3180 2804; x_wconf 73' lang='grc' dir='ltr'>ἐσαλεύθη</span> <span class='ocrx_word' id='word_1_387' title='bbox 3228 2737 3323 2788; x_wconf 76' lang='grc' dir='ltr'>καὶ</span> <span class='ocrx_word' id='word_1_388' title='bbox 3363 2737 3632 2806; x_wconf 80' lang='grc' dir='ltr'>ἔντρομος</span> <span class='ocrx_word' id='word_1_389' title='bbox 3669 2735 3770 2802; x_wconf 67' lang='grc' dir='ltr'>ιτε-</span> 
     </span>
    </p>
   </div>
   <div class='ocr_carea' id='block_1_58' title="bbox 2200 2829 3770 2902">
    <p class='ocr_par' dir='ltr' id='par_1_58' title="bbox 2200 2829 3770 2902">
     <span class='ocr_line' id='line_1_58' title="bbox 2200 2829 3770 2902; baseline -0.001 -20"><span class='ocrx_word' id='word_1_390' title='bbox 2200 2830 2369 2900; x_wconf 84' lang='grc' dir='ltr'>νήθη,</span> <span class='ocrx_word' id='word_1_391' title='bbox 2397 2831 2493 2883; x_wconf 79' lang='grc' dir='ltr'>καὶ</span> <span class='ocrx_word' id='word_1_392' title='bbox 2521 2831 2589 2884; x_wconf 83' lang='grc' dir='ltr'><strong>τὰ</strong></span> <span class='ocrx_word' id='word_1_393' title='bbox 2644 2831 2870 2900; x_wconf 85' lang='grc' dir='ltr'>θεμέλια</span> <span class='ocrx_word' id='word_1_394' title='bbox 2915 2831 3024 2884; x_wconf 85' lang='grc' dir='ltr'>τῶν</span> <span class='ocrx_word' id='word_1_395' title='bbox 3065 2831 3239 2902; x_wconf 88' lang='grc' dir='ltr'>ὀρέων</span> <span class='ocrx_word' id='word_1_396' title='bbox 3267 2829 3652 2901; x_wconf 76' lang='grc' dir='ltr'>ἐταράχθησαν</span> <span class='ocrx_word' id='word_1_397' title='bbox 3692 2831 3770 2881; x_wconf 82' lang='grc' dir='ltr'><strong>καί</strong></span> 
     </span>
    </p>
   </div>
   <div class='ocr_carea' id='block_1_59' title="bbox 2200 2919 3770 2992">
    <p class='ocr_par' dir='ltr' id='par_1_59' title="bbox 2200 2919 3770 2992">
     <span class='ocr_line' id='line_1_59' title="bbox 2200 2919 3770 2992; baseline -0.003 -19"><span class='ocrx_word' id='word_1_398' title='bbox 2200 2921 2596 2990; x_wconf 82' lang='grc' dir='ltr'>ὲσαλεύθησαν.</span> <span class='ocrx_word' id='word_1_399' title='bbox 2630 2921 2753 2974; x_wconf 79' lang='grc' dir='ltr'>’Ὁτι</span> <span class='ocrx_word' id='word_1_400' title='bbox 2801 2921 3080 2992; x_wconf 81' lang='grc' dir='ltr'>ὡργίσθης</span> <span class='ocrx_word' id='word_1_401' title='bbox 3121 2923 3328 2984; x_wconf 75' lang='grc' dir='ltr'>αὐτοῖς,</span> <span class='ocrx_word' id='word_1_402' title='bbox 3363 2921 3523 2984; x_wconf 72' lang='grc' dir='ltr'>Θεὸς,</span> <span class='ocrx_word' id='word_1_403' title='bbox 3554 2919 3770 2972; x_wconf 70' lang='grc' dir='ltr'>συνέσεισ</span> 
     </span>
    </p>
   </div>
   <div class='ocr_carea' id='block_1_60' title="bbox 2202 3009 3771 3084">
    <p class='ocr_par' dir='ltr' id='par_1_60' title="bbox 2202 3009 3771 3084">
     <span class='ocr_line' id='line_1_60' title="bbox 2202 3009 3771 3084; baseline -0.003 -18"><span class='ocrx_word' id='word_1_404' title='bbox 2202 3031 2301 3078; x_wconf 90' lang='grc' dir='ltr'><strong>σας</strong></span> <span class='ocrx_word' id='word_1_405' title='bbox 2330 3012 2500 3083; x_wconf 80' lang='grc' dir='ltr'>αὐτὴν</span> <span class='ocrx_word' id='word_1_406' title='bbox 2545 3013 2642 3065; x_wconf 74' lang='grc' dir='ltr'>καὶ</span> <span class='ocrx_word' id='word_1_407' title='bbox 2691 3013 3060 3082; x_wconf 78' lang='grc' dir='ltr'>συνετάραξας</span> <span class='ocrx_word' id='word_1_408' title='bbox 3088 3012 3517 3084; x_wconf 79' lang='grc' dir='ltr'>αύτὴν,ἔδειξα.ς</span> <span class='ocrx_word' id='word_1_409' title='bbox 3561 3011 3637 3080; x_wconf 82' lang='grc' dir='ltr'>τῷ</span> <span class='ocrx_word' id='word_1_410' title='bbox 3673 3009 3771 3077; x_wconf 60' lang='lat' dir='ltr'><strong>lat}</strong></span> 
     </span>
    </p>
   </div>
   <div class='ocr_carea' id='block_1_61' title="bbox 515 3101 2096 3189">
    <p class='ocr_par' dir='ltr' id='par_1_61' title="bbox 515 3101 2093 3175">
     <span class='ocr_line' id='line_1_61' title="bbox 515 3101 2093 3175; baseline 0.005 -21"><span class='ocrx_word' id='word_1_411' title='bbox 515 3101 862 3156; x_wconf 89' lang='lat' dir='ltr'><strong>conturbasti</strong></span> <span class='ocrx_word' id='word_1_412' title='bbox 891 3117 1035 3169; x_wconf 88' lang='lat' dir='ltr'><strong>eam,</strong></span> <span class='ocrx_word' id='word_1_413' title='bbox 1067 3104 1358 3159; x_wconf 87' lang='lat' dir='ltr'><strong>ostendisti</strong></span> <span class='ocrx_word' id='word_1_414' title='bbox 1385 3107 1590 3175; x_wconf 89' lang='lat' dir='ltr'><strong>populo</strong></span> <span class='ocrx_word' id='word_1_415' title='bbox 1621 3115 1716 3161; x_wconf 94' lang='lat' dir='ltr'><strong>tuo</strong></span> <span class='ocrx_word' id='word_1_416' title='bbox 1771 3108 1932 3161; x_wconf 91' lang='lat' dir='ltr'><strong>dura.</strong></span> <span class='ocrx_word' id='word_1_417' title='bbox 1986 3109 2093 3162; x_wconf 83' lang='lat' dir='ltr'><strong>Ve-</strong></span> 
     </span>
    </p>
   </div>
   <div class='ocr_carea' id='block_1_62' title="bbox 2202 3101 3769 3189">
    <p class='ocr_par' dir='ltr' id='par_1_62' title="bbox 2203 3104 3769 3178">
     <span class='ocr_line' id='line_1_62' title="bbox 2203 3104 3769 3178; baseline -0.005 -18"><span class='ocrx_word' id='word_1_418' title='bbox 2203 3124 2300 3162; x_wconf 86' lang='grc' dir='ltr'><strong>σου</strong></span> <span class='ocrx_word' id='word_1_419' title='bbox 2336 3107 2571 3178; x_wconf 70' lang='grc' dir='ltr'>σκληρὲ,</span> <span class='ocrx_word' id='word_1_420' title='bbox 2594 3107 2709 3159; x_wconf 82' lang='grc' dir='ltr'>ἀλλ’</span> <span class='ocrx_word' id='word_1_421' title='bbox 2734 3107 2883 3160; x_wconf 78' lang='grc' dir='ltr'>ἴασαι</span> <span class='ocrx_word' id='word_1_422' title='bbox 2909 3107 2978 3159; x_wconf 82' lang='grc' dir='ltr'><strong>τὰ</strong></span> <span class='ocrx_word' id='word_1_423' title='bbox 3006 3106 3394 3176; x_wconf 82' lang='grc' dir='ltr'>συντρίμματα</span> <span class='ocrx_word' id='word_1_424' title='bbox 3415 3104 3769 3173; x_wconf 78' lang='grc' dir='ltr'>αύτῆς,κέρα-</span> 
     </span>
    </p>
   </div>
   <div class='ocr_carea' id='block_1_63' title="bbox 517 3193 2102 3271">
    <p class='ocr_par' dir='ltr' id='par_1_63' title="bbox 517 3193 2102 3271">
     <span class='ocr_line' id='line_1_63' title="bbox 517 3193 2102 3271; baseline 0.006 -23"><span class='ocrx_word' id='word_1_425' title='bbox 517 3202 827 3249; x_wconf 80' lang='lat' dir='ltr'><strong>rumtamen</strong></span> <span class='ocrx_word' id='word_1_426' title='bbox 849 3193 1014 3250; x_wconf 82' lang='lat' dir='ltr'><strong>ﬁnem</strong></span> <span class='ocrx_word' id='word_1_427' title='bbox 1041 3209 1185 3265; x_wconf 90' lang='lat' dir='ltr'><strong>pone</strong></span> <span class='ocrx_word' id='word_1_428' title='bbox 1217 3197 1468 3263; x_wconf 87' lang='lat' dir='ltr'><strong>tremori,</strong></span> <span class='ocrx_word' id='word_1_429' title='bbox 1499 3205 1745 3268; x_wconf 89' lang='lat' dir='ltr'><strong>tempera</strong></span> <span class='ocrx_word' id='word_1_430' title='bbox 1761 3199 2102 3271; x_wconf 80' lang='lat' dir='ltr'><strong>benignitate</strong></span> 
     </span>
    </p>
   </div>
   <div class='ocr_carea' id='block_1_64' title="bbox 519 3283 2101 3357">
    <p class='ocr_par' dir='ltr' id='par_1_64' title="bbox 519 3283 2101 3357">
     <span class='ocr_line' id='line_1_64' title="bbox 519 3283 2101 3357; baseline 0.004 -17"><span class='ocrx_word' id='word_1_431' title='bbox 519 3283 718 3351; x_wconf 88' lang='lat' dir='ltr'><strong>minas,</strong></span> <span class='ocrx_word' id='word_1_432' title='bbox 745 3284 967 3340; x_wconf 90' lang='lat' dir='ltr'><strong>contine</strong></span> <span class='ocrx_word' id='word_1_433' title='bbox 1025 3284 1344 3357; x_wconf 76' lang='lat' dir='ltr'><strong>ﬂagellum:</strong></span> <span class='ocrx_word' id='word_1_434' title='bbox 1396 3304 1508 3343; x_wconf 89' lang='lat' dir='ltr'><strong>non</strong></span> <span class='ocrx_word' id='word_1_435' title='bbox 1561 3290 1710 3345; x_wconf 85' lang='lat' dir='ltr'><strong>enim</strong></span> <span class='ocrx_word' id='word_1_436' title='bbox 1749 3291 1803 3345; x_wconf 91' lang='lat' dir='ltr'><strong>in</strong></span> <span class='ocrx_word' id='word_1_437' title='bbox 1833 3301 2101 3347; x_wconf 61' lang='lat' dir='ltr'><strong>aeternum</strong></span> 
     </span>
    </p>
   </div>
   <div class='ocr_carea' id='block_1_65' title="bbox 518 3376 2099 3463">
    <p class='ocr_par' dir='ltr' id='par_1_65' title="bbox 518 3376 2099 3463">
     <span class='ocr_line' id='line_1_65' title="bbox 518 3376 2099 3463; baseline 0.008 -32"><span class='ocrx_word' id='word_1_438' title='bbox 518 3376 782 3449; x_wconf 84' lang='lat' dir='ltr'><strong>projicies</strong></span> <span class='ocrx_word' id='word_1_439' title='bbox 809 3387 860 3434; x_wconf 87' lang='lat' dir='ltr'><strong>et</strong></span> <span class='ocrx_word' id='word_1_440' title='bbox 890 3395 1001 3433; x_wconf 89' lang='lat' dir='ltr'><strong>non</strong></span> <span class='ocrx_word' id='word_1_441' title='bbox 1024 3395 1273 3450; x_wconf 87' lang='lat' dir='ltr'><strong>appones</strong></span> <span class='ocrx_word' id='word_1_442' title='bbox 1307 3392 1367 3463; x_wconf 73' lang='lat' dir='ltr'><strong>ut</strong></span> <span class='ocrx_word' id='word_1_443' title='bbox 1389 3383 1756 3454; x_wconf 86' lang='lat' dir='ltr'><strong>beneplaceat</strong></span> <span class='ocrx_word' id='word_1_444' title='bbox 1779 3385 1878 3440; x_wconf 89' lang='lat' dir='ltr'><strong>tibi</strong></span> <span class='ocrx_word' id='word_1_445' title='bbox 1895 3387 2099 3454; x_wconf 87' lang='lat' dir='ltr'><strong>adhuc,</strong></span> 
     </span>
    </p>
   </div>
   <div class='ocr_carea' id='block_1_66' title="bbox 519 3469 2100 3534">
    <p class='ocr_par' dir='ltr' id='par_1_66' title="bbox 519 3469 2100 3534">
     <span class='ocr_line' id='line_1_66' title="bbox 519 3469 2100 3534; baseline 0.007 -11"><span class='ocrx_word' id='word_1_446' title='bbox 519 3477 618 3524; x_wconf 75' lang='lat' dir='ltr'><strong>aut.</strong></span> <span class='ocrx_word' id='word_1_447' title='bbox 647 3469 706 3523; x_wconf 89' lang='lat' dir='ltr'><strong>in</strong></span> <span class='ocrx_word' id='word_1_448' title='bbox 737 3469 901 3525; x_wconf 86' lang='lat' dir='ltr'><strong>ﬁnem</strong></span> <span class='ocrx_word' id='word_1_449' title='bbox 928 3472 1223 3528; x_wconf 91' lang='lat' dir='ltr'><strong>abscindes</strong></span> <span class='ocrx_word' id='word_1_450' title='bbox 1271 3474 1716 3531; x_wconf 88' lang='lat' dir='ltr'><strong>misericordiam</strong></span> <span class='ocrx_word' id='word_1_451' title='bbox 1751 3485 1932 3533; x_wconf 86' lang='lat' dir='ltr'><strong>tuam:</strong></span> <span class='ocrx_word' id='word_1_452' title='bbox 1987 3495 2100 3534; x_wconf 91' lang='lat' dir='ltr'><strong>non</strong></span> 
     </span>
    </p>
   </div>
   <div class='ocr_carea' id='block_1_67' title="bbox 519 3562 2100 3633">
    <p class='ocr_par' dir='ltr' id='par_1_67' title="bbox 519 3562 2100 3633">
     <span class='ocr_line' id='line_1_67' title="bbox 519 3562 2100 3633; baseline 0.008 -18"><span class='ocrx_word' id='word_1_453' title='bbox 519 3562 871 3619; x_wconf 85' lang='lat' dir='ltr'><strong>oblivisceris</strong></span> <span class='ocrx_word' id='word_1_454' title='bbox 919 3564 1206 3625; x_wconf 88' lang='lat' dir='ltr'><strong>misereri.</strong></span> <span class='ocrx_word' id='word_1_455' title='bbox 1241 3567 1408 3633; x_wconf 89' lang='lat' dir='ltr'><strong>Deus,</strong></span> <span class='ocrx_word' id='word_1_456' title='bbox 1441 3577 1539 3622; x_wconf 89' lang='lat' dir='ltr'><strong>aut</strong></span> <span class='ocrx_word' id='word_1_457' title='bbox 1563 3569 1880 3626; x_wconf 90' lang='lat' dir='ltr'><strong>continebis</strong></span> <span class='ocrx_word' id='word_1_458' title='bbox 1916 3571 1973 3627; x_wconf 90' lang='lat' dir='ltr'><strong>in</strong></span> <span class='ocrx_word' id='word_1_459' title='bbox 2019 3573 2100 3628; x_wconf 88' lang='lat' dir='ltr'><strong>ira</strong></span> 
     </span>
    </p>
   </div>
   <div class='ocr_carea' id='block_1_68' title="bbox 524 3656 2102 3732">
    <p class='ocr_par' dir='ltr' id='par_1_68' title="bbox 524 3656 2102 3732">
     <span class='ocr_line' id='line_1_68' title="bbox 524 3656 2102 3732; baseline 0.007 -21"><span class='ocrx_word' id='word_1_460' title='bbox 524 3656 910 3714; x_wconf 86' lang='lat' dir='ltr'><strong>miserationes</strong></span> <span class='ocrx_word' id='word_1_461' title='bbox 934 3667 1076 3714; x_wconf 90' lang='lat' dir='ltr'><strong>tuas.</strong></span> <span class='ocrx_word' id='word_1_462' title='bbox 1109 3659 1191 3715; x_wconf 87' lang='lat' dir='ltr'><strong>Tu</strong></span> <span class='ocrx_word' id='word_1_463' title='bbox 1221 3661 1370 3715; x_wconf 92' lang='lat' dir='ltr'><strong>enim</strong></span> <span class='ocrx_word' id='word_1_464' title='bbox 1402 3662 1557 3717; x_wconf 86' lang='lat' dir='ltr'><strong>solus</strong></span> <span class='ocrx_word' id='word_1_465' title='bbox 1580 3679 1641 3719; x_wconf 91' lang='lat' dir='ltr'><strong>es</strong></span> <span class='ocrx_word' id='word_1_466' title='bbox 1671 3665 2014 3732; x_wconf 89' lang='lat' dir='ltr'><strong>misericors,</strong></span> <span class='ocrx_word' id='word_1_467' title='bbox 2045 3679 2102 3722; x_wconf 89' lang='lat' dir='ltr'><strong>et</strong></span> 
     </span>
    </p>
   </div>
   <div class='ocr_carea' id='block_1_69' title="bbox 517 3748 2096 3828">
    <p class='ocr_par' dir='ltr' id='par_1_69' title="bbox 517 3748 2096 3828">
     <span class='ocr_line' id='line_1_69' title="bbox 517 3748 2096 3828; baseline 0.009 -27"><span class='ocrx_word' id='word_1_468' title='bbox 517 3748 790 3818; x_wconf 77' lang='lat' dir='ltr'><strong>propitius</strong></span> <span class='ocrx_word' id='word_1_469' title='bbox 821 3749 919 3806; x_wconf 83' lang='lat' dir='ltr'><strong>ﬁes</strong></span> <span class='ocrx_word' id='word_1_470' title='bbox 952 3752 1194 3821; x_wconf 86' lang='lat' dir='ltr'><strong>peccatis</strong></span> <span class='ocrx_word' id='word_1_471' title='bbox 1220 3754 1451 3821; x_wconf 90' lang='lat' dir='ltr'><strong>nostris,</strong></span> <span class='ocrx_word' id='word_1_472' title='bbox 1505 3764 1564 3810; x_wconf 89' lang='lat' dir='ltr'><strong>et</strong></span> <span class='ocrx_word' id='word_1_473' title='bbox 1611 3772 1724 3811; x_wconf 91' lang='lat' dir='ltr'><strong>non</strong></span> <span class='ocrx_word' id='word_1_474' title='bbox 1764 3757 2096 3828; x_wconf 90' lang='lat' dir='ltr'><strong>disperdes;</strong></span> 
     </span>
    </p>
   </div>
   <div class='ocr_carea' id='block_1_70' title="bbox 517 3841 2102 3918">
    <p class='ocr_par' dir='ltr' id='par_1_70' title="bbox 517 3841 2102 3918">
     <span class='ocr_line' id='line_1_70' title="bbox 517 3841 2102 3918; baseline 0.008 -22"><span class='ocrx_word' id='word_1_475' title='bbox 517 3841 614 3896; x_wconf 87' lang='lat' dir='ltr'><strong>sed</strong></span> <span class='ocrx_word' id='word_1_476' title='bbox 662 3841 1061 3912; x_wconf 89' lang='lat' dir='ltr'><strong>multiplicabis</strong></span> <span class='ocrx_word' id='word_1_477' title='bbox 1101 3844 1168 3899; x_wconf 90' lang='lat' dir='ltr'><strong>ad</strong></span> <span class='ocrx_word' id='word_1_478' title='bbox 1209 3847 1569 3903; x_wconf 83' lang='lat' dir='ltr'><strong>avertendam</strong></span> <span class='ocrx_word' id='word_1_479' title='bbox 1621 3849 1758 3904; x_wconf 87' lang='lat' dir='ltr'><strong>iram</strong></span> <span class='ocrx_word' id='word_1_480' title='bbox 1818 3860 1992 3918; x_wconf 90' lang='lat' dir='ltr'><strong>tuam,</strong></span> <span class='ocrx_word' id='word_1_481' title='bbox 2045 3861 2102 3908; x_wconf 92' lang='lat' dir='ltr'><strong>et</strong></span> 
     </span>
    </p>
   </div>
   <div class='ocr_carea' id='block_1_71' title="bbox 518 3931 2099 4004">
    <p class='ocr_par' dir='ltr' id='par_1_71' title="bbox 518 3931 2099 4004">
     <span class='ocr_line' id='line_1_71' title="bbox 518 3931 2099 4004; baseline 0.009 -20"><span class='ocrx_word' id='word_1_482' title='bbox 518 3944 632 3987; x_wconf 82' lang='lat' dir='ltr'><strong>non</strong></span> <span class='ocrx_word' id='word_1_483' title='bbox 677 3931 950 3987; x_wconf 80' lang='lat' dir='ltr'><strong>accendes</strong></span> <span class='ocrx_word' id='word_1_484' title='bbox 1009 3949 1179 4004; x_wconf 88' lang='lat' dir='ltr'><strong>super</strong></span> <span class='ocrx_word' id='word_1_485' title='bbox 1228 3952 1332 3992; x_wconf 92' lang='lat' dir='ltr'><strong>nos</strong></span> <span class='ocrx_word' id='word_1_486' title='bbox 1381 3953 1602 3995; x_wconf 90' lang='lat' dir='ltr'><strong>omnem</strong></span> <span class='ocrx_word' id='word_1_487' title='bbox 1636 3941 1774 3996; x_wconf 90' lang='lat' dir='ltr'><strong>iram</strong></span> <span class='ocrx_word' id='word_1_488' title='bbox 1804 3952 1976 3998; x_wconf 86' lang='lat' dir='ltr'><strong>tuam.</strong></span> <span class='ocrx_word' id='word_1_489' title='bbox 2017 3943 2099 3999; x_wconf 80' lang='lat' dir='ltr'><strong>ita</strong></span> 
     </span>
    </p>
   </div>
   <div class='ocr_carea' id='block_1_72' title="bbox 519 4024 2102 4103">
    <p class='ocr_par' dir='ltr' id='par_1_72' title="bbox 519 4024 2102 4103">
     <span class='ocr_line' id='line_1_72' title="bbox 519 4024 2102 4103; baseline 0.011 -27"><span class='ocrx_word' id='word_1_490' title='bbox 519 4032 785 4093; x_wconf 73' lang='lat' dir='ltr'><strong>precatus</strong></span> <span class='ocrx_word' id='word_1_491' title='bbox 809 4024 982 4080; x_wconf 89' lang='lat' dir='ltr'><strong>Deum</strong></span> <span class='ocrx_word' id='word_1_492' title='bbox 1036 4037 1286 4093; x_wconf 87' lang='lat' dir='ltr'><strong>sanctus,</strong></span> <span class='ocrx_word' id='word_1_493' title='bbox 1345 4031 1415 4085; x_wconf 83' lang='lat' dir='ltr'><strong>ad</strong></span> <span class='ocrx_word' id='word_1_494' title='bbox 1468 4033 1735 4103; x_wconf 89' lang='lat' dir='ltr'><strong>populum</strong></span> <span class='ocrx_word' id='word_1_495' title='bbox 1799 4037 2001 4091; x_wconf 82' lang='lat' dir='ltr'><strong>exivit:</strong></span> <span class='ocrx_word' id='word_1_496' title='bbox 2044 4046 2102 4093; x_wconf 89' lang='lat' dir='ltr'><strong>et</strong></span> 
     </span>
    </p>
   </div>
   <div class='ocr_carea' id='block_1_73' title="bbox 524 4116 2099 4195">
    <p class='ocr_par' dir='ltr' id='par_1_73' title="bbox 524 4116 2099 4195">
     <span class='ocr_line' id='line_1_73' title="bbox 524 4116 2099 4195; baseline 0.009 -25"><span class='ocrx_word' id='word_1_497' title='bbox 524 4123 671 4170; x_wconf 85' lang='lat' dir='ltr'><strong>terra</strong></span> <span class='ocrx_word' id='word_1_498' title='bbox 703 4116 892 4170; x_wconf 85' lang='lat' dir='ltr'><strong>statim</strong></span> <span class='ocrx_word' id='word_1_499' title='bbox 920 4118 1151 4186; x_wconf 84' lang='lat' dir='ltr'><strong>quievit,</strong></span> <span class='ocrx_word' id='word_1_500' title='bbox 1181 4119 1416 4190; x_wconf 81' lang='lat' dir='ltr'><strong>imperio</strong></span> <span class='ocrx_word' id='word_1_501' title='bbox 1454 4123 1606 4179; x_wconf 90' lang='lat' dir='ltr'><strong>illius</strong></span> <span class='ocrx_word' id='word_1_502' title='bbox 1627 4141 1657 4178; x_wconf 91' lang='lat' dir='ltr'><strong>a</strong></span> <span class='ocrx_word' id='word_1_503' title='bbox 1708 4142 1820 4195; x_wconf 88' lang='lat' dir='ltr'><strong>quo</strong></span> <span class='ocrx_word' id='word_1_504' title='bbox 1874 4126 2099 4184; x_wconf 79' lang='lat' dir='ltr'><strong>fundata</strong></span> 
     </span>
    </p>
   </div>
   <div class='ocr_carea' id='block_1_74' title="bbox 523 4208 2099 4282">
    <p class='ocr_par' dir='ltr' id='par_1_74' title="bbox 523 4208 2099 4282">
     <span class='ocr_line' id='line_1_74' title="bbox 523 4208 2099 4282; baseline 0.009 -22"><span class='ocrx_word' id='word_1_505' title='bbox 523 4213 644 4260; x_wconf 75' lang='lat' dir='ltr'><strong>est:</strong></span> <span class='ocrx_word' id='word_1_506' title='bbox 671 4214 728 4259; x_wconf 89' lang='lat' dir='ltr'><strong>et</strong></span> <span class='ocrx_word' id='word_1_507' title='bbox 755 4208 996 4276; x_wconf 84' lang='lat' dir='ltr'><strong>pepulus</strong></span> <span class='ocrx_word' id='word_1_508' title='bbox 1033 4209 1257 4265; x_wconf 89' lang='lat' dir='ltr'><strong>deterso</strong></span> <span class='ocrx_word' id='word_1_509' title='bbox 1281 4227 1495 4282; x_wconf 89' lang='lat' dir='ltr'><strong>nupero</strong></span> <span class='ocrx_word' id='word_1_510' title='bbox 1532 4214 1664 4270; x_wconf 82' lang='lat' dir='ltr'><strong>ﬂetu</strong></span> <span class='ocrx_word' id='word_1_511' title='bbox 1695 4217 1942 4272; x_wconf 81' lang='lat' dir='ltr'><strong>laetitiam</strong></span> <span class='ocrx_word' id='word_1_512' title='bbox 1978 4220 2099 4274; x_wconf 82' lang='lat' dir='ltr'><strong>ani-</strong></span> 
     </span>
    </p>
   </div>
   <div class='ocr_carea' id='block_1_75' title="bbox 522 4297 2092 4375">
    <p class='ocr_par' dir='ltr' id='par_1_75' title="bbox 522 4297 2092 4375">
     <span class='ocr_line' id='line_1_75' title="bbox 522 4297 2092 4375; baseline 0.01 -26"><span class='ocrx_word' id='word_1_513' title='bbox 522 4309 614 4356; x_wconf 80' lang='lat' dir='ltr'><strong>mo</strong></span> <span class='ocrx_word' id='word_1_514' title='bbox 647 4297 918 4366; x_wconf 80' lang='lat' dir='ltr'><strong>vultuque</strong></span> <span class='ocrx_word' id='word_1_515' title='bbox 956 4300 1138 4354; x_wconf 78' lang='lat' dir='ltr'><strong>testati</strong></span> <span class='ocrx_word' id='word_1_516' title='bbox 1186 4314 1572 4366; x_wconf 83' lang='lat' dir='ltr'><strong>recesserunt,</strong></span> <span class='ocrx_word' id='word_1_517' title='bbox 1633 4308 1938 4375; x_wconf 88' lang='lat' dir='ltr'><strong>potentiam</strong></span> <span class='ocrx_word' id='word_1_518' title='bbox 1996 4310 2092 4365; x_wconf 86' lang='lat' dir='ltr'><strong>Dei</strong></span> 
     </span>
    </p>
   </div>
   <div class='ocr_carea' id='block_1_76' title="bbox 520 4388 2098 4471">
    <p class='ocr_par' dir='ltr' id='par_1_76' title="bbox 520 4388 2098 4471">
     <span class='ocr_line' id='line_1_76' title="bbox 520 4388 2098 4471; baseline 0.012 -32"><span class='ocrx_word' id='word_1_519' title='bbox 520 4388 934 4448; x_wconf 82' lang='lat' dir='ltr'><strong>annuntiantes.</strong></span> <span class='ocrx_word' id='word_1_520' title='bbox 970 4389 1107 4456; x_wconf 83' lang='lat' dir='ltr'><strong>Quis</strong></span> <span class='ocrx_word' id='word_1_521' title='bbox 1143 4399 1327 4447; x_wconf 82' lang='lat' dir='ltr'><strong>autem</strong></span> <span class='ocrx_word' id='word_1_522' title='bbox 1355 4401 1466 4447; x_wconf 89' lang='lat' dir='ltr'><strong>tam</strong></span> <span class='ocrx_word' id='word_1_523' title='bbox 1518 4394 1762 4452; x_wconf 83' lang='lat' dir='ltr'><strong>disertus</strong></span> <span class='ocrx_word' id='word_1_524' title='bbox 1795 4399 2006 4471; x_wconf 77' lang='lat' dir='ltr'><strong>lingua,</strong></span> <span class='ocrx_word' id='word_1_525' title='bbox 2041 4412 2098 4458; x_wconf 92' lang='lat' dir='ltr'><strong>et</strong></span> 
     </span>
    </p>
   </div>
   <div class='ocr_carea' id='block_1_77' title="bbox 2211 3197 3765 3270">
    <p class='ocr_par' dir='ltr' id='par_1_77' title="bbox 2211 3197 3765 3270">
     <span class='ocr_line' id='line_1_77' title="bbox 2211 3197 3765 3270; baseline -0.005 -17"><span class='ocrx_word' id='word_1_526' title='bbox 2211 3218 2303 3254; x_wconf 89' lang='grc' dir='ltr'><strong>σον</strong></span> <span class='ocrx_word' id='word_1_527' title='bbox 2334 3199 2720 3270; x_wconf 78' lang='grc' dir='ltr'>φιλανθρωπίᾳ</span> <span class='ocrx_word' id='word_1_528' title='bbox 2741 3200 2842 3270; x_wconf 85' lang='grc' dir='ltr'>τὴν</span> <span class='ocrx_word' id='word_1_529' title='bbox 2867 3198 3122 3269; x_wconf 78' lang='grc' dir='ltr'>ἀπειλὴν.</span> <span class='ocrx_word' id='word_1_530' title='bbox 3155 3201 3352 3268; x_wconf 82' lang='grc' dir='ltr'>στῆσον</span> <span class='ocrx_word' id='word_1_531' title='bbox 3389 3197 3495 3266; x_wconf 77' lang='grc' dir='ltr'>τὴν</span> <span class='ocrx_word' id='word_1_532' title='bbox 3531 3197 3765 3266; x_wconf 71' lang='grc' dir='ltr'>μάστιγα·</span> 
     </span>
    </p>
   </div>
   <div class='ocr_carea' id='block_1_78' title="bbox 2209 3287 3768 3363">
    <p class='ocr_par' dir='ltr' id='par_1_78' title="bbox 2209 3287 3768 3363">
     <span class='ocr_line' id='line_1_78' title="bbox 2209 3287 3768 3363; baseline -0.003 -18"><span class='ocrx_word' id='word_1_533' title='bbox 2209 3292 2286 3363; x_wconf 83' lang='grc' dir='ltr'>μὴ</span> <span class='ocrx_word' id='word_1_534' title='bbox 2339 3292 2448 3362; x_wconf 81' lang='grc' dir='ltr'><strong>γὰρ</strong></span> <span class='ocrx_word' id='word_1_535' title='bbox 2497 3293 2575 3356; x_wconf 85' lang='grc' dir='ltr'><strong>εἰς</strong></span> <span class='ocrx_word' id='word_1_536' title='bbox 2603 3293 2728 3354; x_wconf 77' lang='grc' dir='ltr'>τοὺς</span> <span class='ocrx_word' id='word_1_537' title='bbox 2756 3291 2959 3354; x_wconf 80' lang='grc' dir='ltr'>αἰῶνας</span> <span class='ocrx_word' id='word_1_538' title='bbox 2987 3291 3185 3362; x_wconf 85' lang='grc' dir='ltr'>ἀπώσῃ</span> <span class='ocrx_word' id='word_1_539' title='bbox 3230 3290 3326 3342; x_wconf 75' lang='grc' dir='ltr'>καὶ</span> <span class='ocrx_word' id='word_1_540' title='bbox 3353 3289 3413 3341; x_wconf 78' lang='grc' dir='ltr'><strong>ού</strong></span> <span class='ocrx_word' id='word_1_541' title='bbox 3455 3287 3768 3359; x_wconf 71' lang='grc' dir='ltr'>προσθήσεις</span> 
     </span>
    </p>
   </div>
   <div class='ocr_carea' id='block_1_79' title="bbox 2149 3377 3754 3453">
    <p class='ocr_par' dir='ltr' id='par_1_79' title="bbox 2149 3377 3754 3453">
     <span class='ocr_line' id='line_1_79' title="bbox 2149 3377 3754 3453; baseline -0.005 -16"><span class='ocrx_word' id='word_1_542' title='bbox 2149 3384 2169 3400; x_wconf 84' lang='grc'><strong><em>⁸</em></strong></span> <span class='ocrx_word' id='word_1_543' title='bbox 2205 3382 2300 3437; x_wconf 82' lang='grc' dir='ltr'>τοῦ</span> <span class='ocrx_word' id='word_1_544' title='bbox 2339 3384 2634 3452; x_wconf 79' lang='grc' dir='ltr'>εὐδοκῆσαι</span> <span class='ocrx_word' id='word_1_545' title='bbox 2672 3382 2826 3453; x_wconf 80' lang='grc' dir='ltr'>ἔτι,ἢ</span> <span class='ocrx_word' id='word_1_546' title='bbox 2857 3383 2939 3446; x_wconf 87' lang='grc' dir='ltr'><strong>είς</strong></span> <span class='ocrx_word' id='word_1_547' title='bbox 2970 3383 3124 3446; x_wconf 86' lang='grc' dir='ltr'>τέλος</span> <span class='ocrx_word' id='word_1_548' title='bbox 3155 3382 3215 3434; x_wconf 76' lang='grc' dir='ltr'>τὸ</span> <span class='ocrx_word' id='word_1_549' title='bbox 3255 3379 3405 3445; x_wconf 70' lang='grc' dir='ltr'>ἔλεός</span> <span class='ocrx_word' id='word_1_550' title='bbox 3448 3397 3548 3433; x_wconf 86' lang='grc' dir='ltr'><strong>σου</strong></span> <span class='ocrx_word' id='word_1_551' title='bbox 3587 3377 3754 3432; x_wconf 68' lang='grc' dir='ltr'><strong>,ἰιτεωιίιΔ</strong></span> 
     </span>
    </p>
   </div>
   <div class='ocr_carea' id='block_1_80' title="bbox 2205 3471 3762 3548">
    <p class='ocr_par' dir='ltr' id='par_1_80' title="bbox 2205 3471 3762 3548">
     <span class='ocr_line' id='line_1_80' title="bbox 2205 3471 3762 3548; baseline -0.004 -18"><span class='ocrx_word' id='word_1_552' title='bbox 2205 3477 2351 3548; x_wconf 73' lang='grc' dir='ltr'>ψεις.</span> <span class='ocrx_word' id='word_1_553' title='bbox 2384 3476 2476 3547; x_wconf 85' lang='grc' dir='ltr'><strong>Μὴ</strong></span> <span class='ocrx_word' id='word_1_554' title='bbox 2533 3476 2769 3546; x_wconf 73' lang='grc' dir='ltr'>ἐπιλήσῃ</span> <span class='ocrx_word' id='word_1_555' title='bbox 2812 3473 2909 3529; x_wconf 81' lang='grc' dir='ltr'><strong>τοῦ</strong></span> <span class='ocrx_word' id='word_1_556' title='bbox 2960 3475 3308 3546; x_wconf 86' lang='grc' dir='ltr'>οἰκτειρῆσαι</span> <span class='ocrx_word' id='word_1_557' title='bbox 3331 3474 3361 3527; x_wconf 82' lang='grc' dir='ltr'><strong>ὁ</strong></span> <span class='ocrx_word' id='word_1_558' title='bbox 3411 3472 3574 3538; x_wconf 79' lang='grc' dir='ltr'>Θεὸς,</span> <span class='ocrx_word' id='word_1_559' title='bbox 3603 3471 3635 3540; x_wconf 75' lang='grc' dir='ltr'>ἢ</span> <span class='ocrx_word' id='word_1_560' title='bbox 3662 3487 3762 3522; x_wconf 85' lang='grc' dir='ltr'>σνν-</span> 
     </span>
    </p>
   </div>
   <div class='ocr_carea' id='block_1_81' title="bbox 2205 3560 3767 3641">
    <p class='ocr_par' dir='ltr' id='par_1_81' title="bbox 2205 3560 3767 3641">
     <span class='ocr_line' id='line_1_81' title="bbox 2205 3560 3767 3641; baseline -0.002 -19"><span class='ocrx_word' id='word_1_561' title='bbox 2205 3569 2349 3636; x_wconf 86' lang='grc' dir='ltr'>έξεις</span> <span class='ocrx_word' id='word_1_562' title='bbox 2382 3571 2440 3622; x_wconf 80' lang='grc' dir='ltr'>ὲν</span> <span class='ocrx_word' id='word_1_563' title='bbox 2471 3571 2538 3641; x_wconf 83' lang='grc' dir='ltr'><strong>τῇ</strong></span> <span class='ocrx_word' id='word_1_564' title='bbox 2590 3569 2731 3640; x_wconf 81' lang='grc' dir='ltr'>ὀργῇ</span> <span class='ocrx_word' id='word_1_565' title='bbox 2773 3585 2868 3624; x_wconf 89' lang='grc' dir='ltr'><strong>σου</strong></span> <span class='ocrx_word' id='word_1_566' title='bbox 2914 3567 3042 3631; x_wconf 78' lang='grc' dir='ltr'>τοὺς</span> <span class='ocrx_word' id='word_1_567' title='bbox 3071 3565 3394 3637; x_wconf 84' lang='grc' dir='ltr'>οἰκτιρμούς</span> <span class='ocrx_word' id='word_1_568' title='bbox 3421 3583 3524 3620; x_wconf 91' lang='grc' dir='ltr'><strong>σου</strong></span> <span class='ocrx_word' id='word_1_569' title='bbox 3546 3581 3562 3595; x_wconf 91' lang='grc'><strong>·</strong></span> <span class='ocrx_word' id='word_1_570' title='bbox 3592 3564 3653 3618; x_wconf 73' lang='grc' dir='ltr'>σὺ</span> <span class='ocrx_word' id='word_1_571' title='bbox 3674 3560 3767 3631; x_wconf 76' lang='grc' dir='ltr'><strong>γὰρ</strong></span> 
     </span>
    </p>
   </div>
   <div class='ocr_carea' id='block_1_82' title="bbox 2203 3655 3762 3731">
    <p class='ocr_par' dir='ltr' id='par_1_82' title="bbox 2203 3655 3762 3731">
     <span class='ocr_line' id='line_1_82' title="bbox 2203 3655 3762 3731; baseline -0.003 -19"><span class='ocrx_word' id='word_1_572' title='bbox 2203 3656 2255 3712; x_wconf 81' lang='grc' dir='ltr'><strong>εί</strong></span> <span class='ocrx_word' id='word_1_573' title='bbox 2281 3660 2439 3730; x_wconf 86' lang='grc' dir='ltr'>μόνος</span> <span class='ocrx_word' id='word_1_574' title='bbox 2461 3660 2782 3731; x_wconf 82' lang='grc' dir='ltr'>οἰκτίρμων,</span> <span class='ocrx_word' id='word_1_575' title='bbox 2810 3661 2905 3712; x_wconf 69' lang='grc' dir='ltr'>καὶ</span> <span class='ocrx_word' id='word_1_576' title='bbox 2934 3658 3092 3730; x_wconf 76' lang='grc' dir='ltr'>ίλάσῃ</span> <span class='ocrx_word' id='word_1_577' title='bbox 3119 3661 3242 3722; x_wconf 80' lang='grc' dir='ltr'>ταῖς</span> <span class='ocrx_word' id='word_1_578' title='bbox 3273 3659 3579 3730; x_wconf 80' lang='grc' dir='ltr'>ἁμαρτίαις</span> <span class='ocrx_word' id='word_1_579' title='bbox 3605 3655 3762 3727; x_wconf 79' lang='grc' dir='ltr'>ἡμῶν,</span> 
     </span>
    </p>
   </div>
   <div class='ocr_carea' id='block_1_83' title="bbox 2204 3747 3761 3822">
    <p class='ocr_par' dir='ltr' id='par_1_83' title="bbox 2204 3747 3761 3822">
     <span class='ocr_line' id='line_1_83' title="bbox 2204 3747 3761 3822; baseline -0.003 -18"><span class='ocrx_word' id='word_1_580' title='bbox 2204 3754 2297 3805; x_wconf 72' lang='grc' dir='ltr'>καὶ</span> <span class='ocrx_word' id='word_1_581' title='bbox 2333 3753 2392 3805; x_wconf 83' lang='grc' dir='ltr'><strong>ού</strong></span> <span class='ocrx_word' id='word_1_582' title='bbox 2419 3751 2753 3822; x_wconf 82' lang='grc' dir='ltr'>διαφθερεῖς,</span> <span class='ocrx_word' id='word_1_583' title='bbox 2785 3751 2921 3806; x_wconf 86' lang='grc' dir='ltr'><strong>ἀλλὰ</strong></span> <span class='ocrx_word' id='word_1_584' title='bbox 2971 3751 3264 3822; x_wconf 82' lang='grc' dir='ltr'>πληθυνεῖς</span> <span class='ocrx_word' id='word_1_585' title='bbox 3293 3749 3389 3804; x_wconf 82' lang='grc' dir='ltr'>τοῦ</span> <span class='ocrx_word' id='word_1_586' title='bbox 3440 3747 3761 3820; x_wconf 77' lang='grc' dir='ltr'>ἀποστρέψαι</span> 
     </span>
    </p>
   </div>
   <div class='ocr_carea' id='block_1_84' title="bbox 2201 3840 3760 3916">
    <p class='ocr_par' dir='ltr' id='par_1_84' title="bbox 2201 3840 3760 3916">
     <span class='ocr_line' id='line_1_84' title="bbox 2201 3840 3760 3916; baseline 0.002 -19"><span class='ocrx_word' id='word_1_587' title='bbox 2201 3845 2294 3898; x_wconf 80' lang='grc' dir='ltr'><strong>τὸν</strong></span> <span class='ocrx_word' id='word_1_588' title='bbox 2342 3844 2514 3915; x_wconf 85' lang='grc' dir='ltr'>θυμόν</span> <span class='ocrx_word' id='word_1_589' title='bbox 2568 3861 2685 3912; x_wconf 89' lang='grc' dir='ltr'>σου,</span> <span class='ocrx_word' id='word_1_590' title='bbox 2714 3845 2808 3898; x_wconf 72' lang='grc' dir='ltr'>καὶ</span> <span class='ocrx_word' id='word_1_591' title='bbox 2841 3845 2965 3916; x_wconf 58' lang='grc' dir='ltr'><strong>οὐχὶ⁸</strong></span> <span class='ocrx_word' id='word_1_592' title='bbox 2988 3844 3282 3907; x_wconf 77' lang='grc' dir='ltr'>ὲκκαύσεις</span> <span class='ocrx_word' id='word_1_593' title='bbox 3313 3844 3500 3896; x_wconf 81' lang='grc' dir='ltr'>πᾶσαν</span> <span class='ocrx_word' id='word_1_594' title='bbox 3527 3842 3612 3910; x_wconf 73' lang='grc' dir='ltr'><strong>ἐφ’</strong></span> <span class='ocrx_word' id='word_1_595' title='bbox 3635 3840 3760 3911; x_wconf 70' lang='grc' dir='ltr'>ἡμᾶς</span> 
     </span>
    </p>
   </div>
   <div class='ocr_carea' id='block_1_85' title="bbox 2202 3927 3762 4009">
    <p class='ocr_par' dir='ltr' id='par_1_85' title="bbox 2202 3927 3762 4009">
     <span class='ocr_line' id='line_1_85' title="bbox 2202 3927 3762 4009; baseline -0.004 -19"><span class='ocrx_word' id='word_1_596' title='bbox 2202 3939 2303 4008; x_wconf 78' lang='grc' dir='ltr'><strong>τὴν</strong></span> <span class='ocrx_word' id='word_1_597' title='bbox 2359 3939 2532 4009; x_wconf 82' lang='grc' dir='ltr'>ὀργήν</span> <span class='ocrx_word' id='word_1_598' title='bbox 2563 3955 2678 3991; x_wconf 90' lang='grc' dir='ltr'>σου.</span> <span class='ocrx_word' id='word_1_599' title='bbox 2709 3936 2900 3992; x_wconf 82' lang='grc' dir='ltr'>Ταῦτα</span> <span class='ocrx_word' id='word_1_600' title='bbox 2925 3940 2954 3991; x_wconf 87' lang='lat'><strong>6</strong></span> <span class='ocrx_word' id='word_1_601' title='bbox 2985 3937 3084 4008; x_wconf 81' lang='grc' dir='ltr'>μὲν</span> <span class='ocrx_word' id='word_1_602' title='bbox 3119 3935 3213 3990; x_wconf 81' lang='grc' dir='ltr'><strong>τοῦ</strong></span> <span class='ocrx_word' id='word_1_603' title='bbox 3241 3935 3380 3989; x_wconf 81' lang='grc' dir='ltr'>Θεοῦ</span> <span class='ocrx_word' id='word_1_604' title='bbox 3404 3935 3640 4007; x_wconf 79' lang='grc' dir='ltr'>δεηθεὶς.</span> <span class='ocrx_word' id='word_1_605' title='bbox 3663 3927 3762 3986; x_wconf 73' lang='grc' dir='ltr'>εἶτα</span> 
     </span>
    </p>
   </div>
   <div class='ocr_carea' id='block_1_86' title="bbox 2203 4025 3760 4103">
    <p class='ocr_par' dir='ltr' id='par_1_86' title="bbox 2203 4025 3760 4103">
     <span class='ocr_line' id='line_1_86' title="bbox 2203 4025 3760 4103; baseline -0.003 -20"><span class='ocrx_word' id='word_1_606' title='bbox 2203 4030 2296 4083; x_wconf 81' lang='grc' dir='ltr'>καὶ</span> <span class='ocrx_word' id='word_1_607' title='bbox 2325 4030 2463 4103; x_wconf 80' lang='grc' dir='ltr'>πρὸς</span> <span class='ocrx_word' id='word_1_608' title='bbox 2497 4031 2590 4085; x_wconf 86' lang='grc' dir='ltr'>τὸν</span> <span class='ocrx_word' id='word_1_609' title='bbox 2623 4029 2752 4083; x_wconf 84' lang='grc' dir='ltr'>λαὸν</span> <span class='ocrx_word' id='word_1_610' title='bbox 2785 4029 2987 4101; x_wconf 81' lang='grc' dir='ltr'>διεξῄει</span> <span class='ocrx_word' id='word_1_611' title='bbox 3019 4046 3035 4061; x_wconf 91' lang='grc'><strong>·</strong></span> <span class='ocrx_word' id='word_1_612' title='bbox 3101 4028 3453 4100; x_wconf 81' lang='grc' dir='ltr'>ἡσυχάζουσα</span> <span class='ocrx_word' id='word_1_613' title='bbox 3500 4028 3562 4081; x_wconf 77' lang='grc' dir='ltr'>δὲ</span> <span class='ocrx_word' id='word_1_614' title='bbox 3607 4025 3760 4094; x_wconf 80' lang='grc' dir='ltr'>διέμε-</span> 
     </span>
    </p>
   </div>
   <div class='ocr_carea' id='block_1_87' title="bbox 2201 4113 3759 4192">
    <p class='ocr_par' dir='ltr' id='par_1_87' title="bbox 2201 4113 3759 4192">
     <span class='ocr_line' id='line_1_87' title="bbox 2201 4113 3759 4192; baseline -0.004 -17"><span class='ocrx_word' id='word_1_615' title='bbox 2201 4139 2291 4176; x_wconf 86' lang='grc' dir='ltr'><strong>νεν</strong></span> <span class='ocrx_word' id='word_1_616' title='bbox 2321 4121 2528 4186; x_wconf 87' lang='grc' dir='ltr'>εὐθέως</span> <span class='ocrx_word' id='word_1_617' title='bbox 2565 4123 2599 4192; x_wconf 82' lang='grc' dir='ltr'><strong>ἡ</strong></span> <span class='ocrx_word' id='word_1_618' title='bbox 2626 4122 2699 4191; x_wconf 85' lang='grc' dir='ltr'>γῆ</span> <span class='ocrx_word' id='word_1_619' title='bbox 2722 4125 2788 4191; x_wconf 83' lang='grc' dir='ltr'><strong>τῇ</strong></span> <span class='ocrx_word' id='word_1_620' title='bbox 2819 4121 2912 4175; x_wconf 77' lang='grc' dir='ltr'><strong>τοῦ</strong></span> <span class='ocrx_word' id='word_1_621' title='bbox 2941 4119 3379 4192; x_wconf 84' lang='grc' dir='ltr'>θεμελιώσαντος</span> <span class='ocrx_word' id='word_1_622' title='bbox 3410 4119 3588 4190; x_wconf 79' lang='grc' dir='ltr'>αὐτὴν</span> <span class='ocrx_word' id='word_1_623' title='bbox 3607 4113 3759 4171; x_wconf 80' lang='grc' dir='ltr'>διατά-</span> 
     </span>
    </p>
   </div>
   <div class='ocr_carea' id='block_1_88' title="bbox 2203 4208 3758 4286">
    <p class='ocr_par' dir='ltr' id='par_1_88' title="bbox 2203 4208 3758 4286">
     <span class='ocr_line' id='line_1_88' title="bbox 2203 4208 3758 4286; baseline -0.008 -15"><span class='ocrx_word' id='word_1_624' title='bbox 2203 4215 2280 4281; x_wconf 81' lang='grc' dir='ltr'>ξει</span> <span class='ocrx_word' id='word_1_625' title='bbox 2308 4232 2324 4248; x_wconf 87' lang='grc'><strong>·</strong></span> <span class='ocrx_word' id='word_1_626' title='bbox 2357 4219 2455 4269; x_wconf 68' lang='grc' dir='ltr'><strong>καὶ</strong></span> <span class='ocrx_word' id='word_1_627' title='bbox 2488 4217 2644 4268; x_wconf 77' lang='grc' dir='ltr'><strong>αύτοί</strong></span> <span class='ocrx_word' id='word_1_628' title='bbox 2678 4216 2896 4286; x_wconf 82' lang='grc' dir='ltr'>φαιδροί</span> <span class='ocrx_word' id='word_1_629' title='bbox 2931 4215 3109 4285; x_wconf 81' lang='grc' dir='ltr'>ψυχάς</span> <span class='ocrx_word' id='word_1_630' title='bbox 3138 4233 3196 4267; x_wconf 89' lang='grc' dir='ltr'><strong>τε</strong></span> <span class='ocrx_word' id='word_1_631' title='bbox 3221 4215 3314 4268; x_wconf 75' lang='grc' dir='ltr'>καὶ</span> <span class='ocrx_word' id='word_1_632' title='bbox 3342 4213 3496 4282; x_wconf 74' lang='grc' dir='ltr'>ὄψεις</span> <span class='ocrx_word' id='word_1_633' title='bbox 3529 4211 3645 4266; x_wconf 84' lang='grc' dir='ltr'>ἀντί</span> <span class='ocrx_word' id='word_1_634' title='bbox 3667 4208 3758 4262; x_wconf 81' lang='grc' dir='ltr'>τῶν</span> 
     </span>
    </p>
   </div>
   <div class='ocr_carea' id='block_1_89' title="bbox 2201 4298 3759 4378">
    <p class='ocr_par' dir='ltr' id='par_1_89' title="bbox 2201 4298 3759 4378">
     <span class='ocr_line' id='line_1_89' title="bbox 2201 4298 3759 4378; baseline -0.01 -14"><span class='ocrx_word' id='word_1_635' title='bbox 2201 4307 2395 4378; x_wconf 79' lang='grc' dir='ltr'>πρώην</span> <span class='ocrx_word' id='word_1_636' title='bbox 2425 4307 2697 4371; x_wconf 82' lang='grc' dir='ltr'>πενθικῶς</span> <span class='ocrx_word' id='word_1_637' title='bbox 2730 4307 3060 4378; x_wconf 82' lang='grc' dir='ltr'>ἀνεχώρουν,</span> <span class='ocrx_word' id='word_1_638' title='bbox 3092 4303 3533 4374; x_wconf 82' lang='grc' dir='ltr'>ἀπαγγέλλοντες</span> <span class='ocrx_word' id='word_1_639' title='bbox 3564 4303 3655 4364; x_wconf 69' lang='grc' dir='ltr'>τὰς</span> <span class='ocrx_word' id='word_1_640' title='bbox 3681 4298 3759 4351; x_wconf 72' lang='grc' dir='ltr'>τοῦ</span> 
     </span>
    </p>
   </div>
   <div class='ocr_carea' id='block_1_90' title="bbox 2204 4391 3754 4468">
    <p class='ocr_par' dir='ltr' id='par_1_90' title="bbox 2204 4391 3754 4468">
     <span class='ocr_line' id='line_1_90' title="bbox 2204 4391 3754 4468; baseline 0.001 -19"><span class='ocrx_word' id='word_1_641' title='bbox 2204 4398 2340 4450; x_wconf 81' lang='grc' dir='ltr'>Θεοῦ</span> <span class='ocrx_word' id='word_1_642' title='bbox 2363 4397 2700 4461; x_wconf 86' lang='grc' dir='ltr'>δυναστείας.</span> <span class='ocrx_word' id='word_1_643' title='bbox 2735 4399 2816 4451; x_wconf 75' lang='grc' dir='ltr'><strong>Τὰ</strong></span> <span class='ocrx_word' id='word_1_644' title='bbox 2865 4401 2964 4468; x_wconf 85' lang='grc' dir='ltr'>μὲν</span> <span class='ocrx_word' id='word_1_645' title='bbox 3019 4399 3083 4468; x_wconf 77' lang='grc' dir='ltr'>δὴ</span> <span class='ocrx_word' id='word_1_646' title='bbox 3116 4398 3210 4450; x_wconf 80' lang='grc' dir='ltr'>τοῦ</span> <span class='ocrx_word' id='word_1_647' title='bbox 3243 4395 3469 4467; x_wconf 82' lang='grc' dir='ltr'>Συμεὼν</span> <span class='ocrx_word' id='word_1_648' title='bbox 3517 4395 3652 4463; x_wconf 81' lang='grc' dir='ltr'>ὑπὲρ</span> <span class='ocrx_word' id='word_1_649' title='bbox 3677 4391 3754 4460; x_wconf 78' lang='grc' dir='ltr'><strong>τῆς</strong></span> 
     </span>
    </p>
   </div>
   <div class='ocr_carea' id='block_1_91' title="bbox 521 4478 2096 4560">
    <p class='ocr_par' dir='ltr' id='par_1_91' title="bbox 521 4478 2096 4560">
     <span class='ocr_line' id='line_1_91' title="bbox 521 4478 2096 4560; baseline 0.01 -28"><span class='ocrx_word' id='word_1_650' title='bbox 521 4478 796 4538; x_wconf 76' lang='lat' dir='ltr'><strong>facundus</strong></span> <span class='ocrx_word' id='word_1_651' title='bbox 833 4495 1112 4547; x_wconf 87' lang='lat' dir='ltr'><strong>sermone,</strong></span> <span class='ocrx_word' id='word_1_652' title='bbox 1134 4492 1196 4538; x_wconf 90' lang='lat' dir='ltr'><strong>ut</strong></span> <span class='ocrx_word' id='word_1_653' title='bbox 1223 4483 1340 4539; x_wconf 65' lang='lat' dir='ltr'><strong>hate</strong></span> <span class='ocrx_word' id='word_1_654' title='bbox 1373 4485 1663 4557; x_wconf 86' lang='lat' dir='ltr'><strong>Symeonis</strong></span> <span class='ocrx_word' id='word_1_655' title='bbox 1716 4505 1817 4558; x_wconf 91' lang='lat' dir='ltr'><strong>pro</strong></span> <span class='ocrx_word' id='word_1_656' title='bbox 1870 4493 2096 4560; x_wconf 86' lang='lat' dir='ltr'><strong>publica</strong></span> 
     </span>
    </p>
   </div>
   <div class='ocr_carea' id='block_1_92' title="bbox 2202 4478 3756 4560">
    <p class='ocr_par' dir='ltr' id='par_1_92' title="bbox 2204 4481 3756 4560">
     <span class='ocr_line' id='line_1_92' title="bbox 2204 4481 3756 4560; baseline -0.005 -16"><span class='ocrx_word' id='word_1_657' title='bbox 2204 4489 2297 4544; x_wconf 80' lang='grc' dir='ltr'><strong>τοῦ</strong></span> <span class='ocrx_word' id='word_1_658' title='bbox 2362 4490 2561 4554; x_wconf 83' lang='grc' dir='ltr'>παντὸς</span> <span class='ocrx_word' id='word_1_659' title='bbox 2619 4491 2892 4560; x_wconf 83' lang='grc' dir='ltr'>σωτηρίας</span> <span class='ocrx_word' id='word_1_660' title='bbox 2944 4490 3191 4553; x_wconf 80' lang='grc' dir='ltr'>τοιαῦτα,</span> <span class='ocrx_word' id='word_1_661' title='bbox 3220 4489 3315 4542; x_wconf 81' lang='grc' dir='ltr'>καὶ</span> <span class='ocrx_word' id='word_1_662' title='bbox 3357 4487 3631 4556; x_wconf 80' lang='grc' dir='ltr'>τοσαύτην</span> <span class='ocrx_word' id='word_1_663' title='bbox 3676 4481 3756 4552; x_wconf 76' lang='grc' dir='ltr'>μὲν</span> 
     </span>
    </p>
   </div>
   <div class='ocr_carea' id='block_1_93' title="bbox 523 4570 2096 4648">
    <p class='ocr_par' dir='ltr' id='par_1_93' title="bbox 523 4570 2096 4648">
     <span class='ocr_line' id='line_1_93' title="bbox 523 4570 2096 4648; baseline 0.011 -24"><span class='ocrx_word' id='word_1_664' title='bbox 523 4570 700 4626; x_wconf 81' lang='lat' dir='ltr'><strong>salute</strong></span> <span class='ocrx_word' id='word_1_665' title='bbox 728 4581 902 4643; x_wconf 77' lang='lat' dir='ltr'><strong>gesta,</strong></span> <span class='ocrx_word' id='word_1_666' title='bbox 932 4582 1100 4644; x_wconf 88' lang='lat' dir='ltr'><strong>atque</strong></span> <span class='ocrx_word' id='word_1_667' title='bbox 1127 4575 1400 4632; x_wconf 69' lang='lat' dir='ltr'><strong>efﬁcacem</strong></span> <span class='ocrx_word' id='word_1_668' title='bbox 1428 4579 1572 4648; x_wconf 88' lang='lat' dir='ltr'><strong>apud</strong></span> <span class='ocrx_word' id='word_1_669' title='bbox 1604 4580 1777 4636; x_wconf 91' lang='lat' dir='ltr'><strong>Deum</strong></span> <span class='ocrx_word' id='word_1_670' title='bbox 1824 4583 2096 4640; x_wconf 87' lang='lat' dir='ltr'><strong>interces-</strong></span> 
     </span>
    </p>
   </div>
   <div class='ocr_carea' id='block_1_94' title="bbox 521 4662 2099 4742">
    <p class='ocr_par' dir='ltr' id='par_1_94' title="bbox 521 4662 2099 4742">
     <span class='ocr_line' id='line_1_94' title="bbox 521 4662 2099 4742; baseline 0.01 -26"><span class='ocrx_word' id='word_1_671' title='bbox 521 4662 759 4729; x_wconf 81' lang='lat' dir='ltr'><strong>sionem,</strong></span> <span class='ocrx_word' id='word_1_672' title='bbox 789 4667 1205 4737; x_wconf 89' lang='lat' dir='ltr'><strong>potentiamque</strong></span> <span class='ocrx_word' id='word_1_673' title='bbox 1227 4667 1556 4739; x_wconf 86' lang='lat' dir='ltr'><strong>impetrandi</strong></span> <span class='ocrx_word' id='word_1_674' title='bbox 1589 4673 1783 4742; x_wconf 89' lang='lat' dir='ltr'><strong>petita,</strong></span> <span class='ocrx_word' id='word_1_675' title='bbox 1832 4683 1946 4730; x_wconf 89' lang='lat' dir='ltr'><strong>tum</strong></span> <span class='ocrx_word' id='word_1_676' title='bbox 2008 4679 2099 4732; x_wconf 86' lang='lat' dir='ltr'><strong>illa</strong></span> 
     </span>
    </p>
   </div>
   <div class='ocr_carea' id='block_1_95' title="bbox 520 4759 2101 4840">
    <p class='ocr_par' dir='ltr' id='par_1_95' title="bbox 520 4759 2101 4840">
     <span class='ocr_line' id='line_1_95' title="bbox 520 4759 2101 4840; baseline 0.013 -33"><span class='ocrx_word' id='word_1_677' title='bbox 520 4770 742 4826; x_wconf 83' lang='lat' dir='ltr'><strong>quoque</strong></span> <span class='ocrx_word' id='word_1_678' title='bbox 799 4774 924 4829; x_wconf 66' lang='lat' dir='ltr'><strong>quae</strong></span> <span class='ocrx_word' id='word_1_679' title='bbox 967 4759 1224 4829; x_wconf 86' lang='lat' dir='ltr'><strong>privatim</strong></span> <span class='ocrx_word' id='word_1_680' title='bbox 1277 4762 1512 4835; x_wconf 77' lang='lat' dir='ltr'><strong>singulis</strong></span> <span class='ocrx_word' id='word_1_681' title='bbox 1563 4767 1868 4836; x_wconf 66' lang='lat' dir='ltr'><strong>praestitit,</strong></span> <span class='ocrx_word' id='word_1_682' title='bbox 1928 4772 2101 4840; x_wconf 80' lang='lat' dir='ltr'><strong>possit</strong></span> 
     </span>
    </p>
   </div>
   <div class='ocr_carea' id='block_1_96' title="bbox 520 4848 1114 4925">
    <p class='ocr_par' dir='ltr' id='par_1_96' title="bbox 520 4848 1114 4925">
     <span class='ocr_line' id='line_1_96' title="bbox 520 4848 1114 4925; baseline -0.003 -17"><span class='ocrx_word' id='word_1_683' title='bbox 520 4848 755 4908; x_wconf 83' lang='lat' dir='ltr'><strong>dicendo</strong></span> <span class='ocrx_word' id='word_1_684' title='bbox 784 4850 1114 4925; x_wconf 66' lang='lat' dir='ltr'><strong>adaequare?</strong></span> 
     </span>
    </p>
   </div>
   <div class='ocr_carea' id='block_1_97' title="bbox 2207 4575 3754 4655">
    <p class='ocr_par' dir='ltr' id='par_1_97' title="bbox 2207 4575 3754 4655">
     <span class='ocr_line' id='line_1_97' title="bbox 2207 4575 3754 4655; baseline -0.003 -18"><span class='ocrx_word' id='word_1_685' title='bbox 2207 4585 2532 4652; x_wconf 77' lang='grc' dir='ltr'>εἰσφέροντα</span> <span class='ocrx_word' id='word_1_686' title='bbox 2579 4584 2716 4655; x_wconf 81' lang='grc' dir='ltr'>πρὸς</span> <span class='ocrx_word' id='word_1_687' title='bbox 2769 4584 2901 4637; x_wconf 81' lang='grc' dir='ltr'>Θεὸν</span> <span class='ocrx_word' id='word_1_688' title='bbox 2951 4583 3286 4655; x_wconf 76' lang='grc' dir='ltr'>πρεσϐείαν,</span> <span class='ocrx_word' id='word_1_689' title='bbox 3344 4579 3673 4653; x_wconf 84' lang='grc' dir='ltr'>τηλικαύτης</span> <span class='ocrx_word' id='word_1_690' title='bbox 3709 4575 3754 4626; x_wconf 64' lang='grc' dir='ltr'>δὲ</span> 
     </span>
    </p>
   </div>
   <div class='ocr_carea' id='block_1_98' title="bbox 2205 4668 3754 4748">
    <p class='ocr_par' dir='ltr' id='par_1_98' title="bbox 2205 4668 3754 4748">
     <span class='ocr_line' id='line_1_98' title="bbox 2205 4668 3754 4748; baseline -0.006 -18"><span class='ocrx_word' id='word_1_691' title='bbox 2205 4677 2548 4747; x_wconf 85' lang='grc' dir='ltr'>τυγχάνοντα</span> <span class='ocrx_word' id='word_1_692' title='bbox 2625 4677 2757 4747; x_wconf 83' lang='grc' dir='ltr'>παρ’</span> <span class='ocrx_word' id='word_1_693' title='bbox 2830 4676 2979 4747; x_wconf 85' lang='grc' dir='ltr'>αὐτῷ</span> <span class='ocrx_word' id='word_1_694' title='bbox 3055 4677 3366 4748; x_wconf 68' lang='grc' dir='ltr'>παρρησίας</span> <span class='ocrx_word' id='word_1_695' title='bbox 3400 4691 3416 4704; x_wconf 75' lang='grc' dir='ltr'><strong>ο</strong></span> <span class='ocrx_word' id='word_1_696' title='bbox 3485 4675 3524 4728; x_wconf 76' lang='grc' dir='ltr'><strong>ἃ</strong></span> <span class='ocrx_word' id='word_1_697' title='bbox 3594 4671 3646 4724; x_wconf 80' lang='grc' dir='ltr'>δὲ</span> <span class='ocrx_word' id='word_1_698' title='bbox 3683 4668 3754 4719; x_wconf 63' lang='grc' dir='ltr'><strong>καῖ</strong></span> 
     </span>
    </p>
   </div>
   <div class='ocr_carea' id='block_1_99' title="bbox 2212 4759 3754 4840">
    <p class='ocr_par' dir='ltr' id='par_1_99' title="bbox 2212 4759 3754 4840">
     <span class='ocr_line' id='line_1_99' title="bbox 2212 4759 3754 4840; baseline -0.008 -17"><span class='ocrx_word' id='word_1_699' title='bbox 2212 4769 2318 4840; x_wconf 81' lang='grc' dir='ltr'>ἰδίᾳ</span> <span class='ocrx_word' id='word_1_700' title='bbox 2344 4769 2506 4822; x_wconf 81' lang='grc' dir='ltr'>πάλιν</span> <span class='ocrx_word' id='word_1_701' title='bbox 2537 4769 2754 4839; x_wconf 80' lang='grc' dir='ltr'>ἑκάστῳ</span> <span class='ocrx_word' id='word_1_702' title='bbox 2793 4770 2885 4822; x_wconf 70' lang='grc' dir='ltr'>καὶ</span> <span class='ocrx_word' id='word_1_703' title='bbox 2916 4768 3057 4822; x_wconf 73' lang='grc' dir='ltr'>κατὰ</span> <span class='ocrx_word' id='word_1_704' title='bbox 3089 4769 3252 4837; x_wconf 86' lang='grc' dir='ltr'>μέρος</span> <span class='ocrx_word' id='word_1_705' title='bbox 3283 4767 3461 4820; x_wconf 77' lang='grc' dir='ltr'>ἐποίει</span> <span class='ocrx_word' id='word_1_706' title='bbox 3485 4806 3500 4829; x_wconf 93' lang='grc'><strong>,</strong></span> <span class='ocrx_word' id='word_1_707' title='bbox 3536 4764 3617 4827; x_wconf 86' lang='grc' dir='ltr'><strong>τίς</strong></span> <span class='ocrx_word' id='word_1_708' title='bbox 3639 4759 3754 4813; x_wconf 76' lang='grc' dir='ltr'>οὕτω</span> 
     </span>
    </p>
   </div>
   <div class='ocr_carea' id='block_1_100' title="bbox 2211 4848 3734 4930">
    <p class='ocr_par' dir='ltr' id='par_1_100' title="bbox 2211 4848 3734 4930">
     <span class='ocr_line' id='line_1_100' title="bbox 2211 4848 3734 4930; baseline -0.005 -17"><span class='ocrx_word' id='word_1_709' title='bbox 2211 4861 2456 4929; x_wconf 84' lang='grc' dir='ltr'>γλῶτταν</span> <span class='ocrx_word' id='word_1_710' title='bbox 2483 4860 2648 4922; x_wconf 84' lang='grc' dir='ltr'>πολύς</span> <span class='ocrx_word' id='word_1_711' title='bbox 2677 4878 2735 4912; x_wconf 82' lang='grc' dir='ltr'><strong>τε</strong></span> <span class='ocrx_word' id='word_1_712' title='bbox 2763 4859 2879 4928; x_wconf 75' lang='grc' dir='ltr'>ἅμα</span> <span class='ocrx_word' id='word_1_713' title='bbox 2911 4862 3006 4912; x_wconf 75' lang='grc' dir='ltr'>καὶ</span> <span class='ocrx_word' id='word_1_714' title='bbox 3037 4857 3308 4930; x_wconf 69' lang='grc' dir='ltr'>περιττὸς,</span> <span class='ocrx_word' id='word_1_715' title='bbox 3347 4856 3489 4910; x_wconf 79' lang='grc' dir='ltr'>ὥστε</span> <span class='ocrx_word' id='word_1_716' title='bbox 3551 4854 3640 4910; x_wconf 77' lang='grc' dir='ltr'>καὶ</span> <span class='ocrx_word' id='word_1_717' title='bbox 3684 4848 3734 4899; x_wconf 78' lang='grc' dir='ltr'>λό</span> 
     </span>
    </p>
   </div>
   <div class='ocr_carea' id='block_1_101' title="bbox 2211 4951 3086 5021">
    <p class='ocr_par' dir='ltr' id='par_1_101' title="bbox 2211 4951 3086 5021">
     <span class='ocr_line' id='line_1_101' title="bbox 2211 4951 3086 5021; baseline -0.002 -15"><span class='ocrx_word' id='word_1_718' title='bbox 2211 4969 2307 5020; x_wconf 83' lang='grc' dir='ltr'><strong>γον</strong></span> <span class='ocrx_word' id='word_1_719' title='bbox 2338 4951 2596 5017; x_wconf 80' lang='grc' dir='ltr'>ἐξισῶσαι</span> <span class='ocrx_word' id='word_1_720' title='bbox 2625 4954 2735 5014; x_wconf 81' lang='grc' dir='ltr'>τοῖς</span> <span class='ocrx_word' id='word_1_721' title='bbox 2770 4951 3042 5021; x_wconf 72' lang='grc' dir='ltr'>θαύμασιν</span> <span class='ocrx_word' id='word_1_722' title='bbox 3067 4967 3086 5018; x_wconf 81' lang='lat'><strong>;</strong></span> 
     </span>
    </p>
   </div>
   <div class='ocr_carea' id='block_1_102' title="bbox 1970 5062 2331 5118">
    <p class='ocr_par' dir='ltr' id='par_1_102' title="bbox 1970 5062 2331 5118">
     <span class='ocr_line' id='line_1_102' title="bbox 1970 5062 2331 5118; baseline 0 -2"><span class='ocrx_word' id='word_1_723' title='bbox 1970 5062 2195 5117; x_wconf 84' lang='lat' dir='ltr'><strong>CAPUT</strong></span> <span class='ocrx_word' id='word_1_724' title='bbox 2240 5062 2331 5118; x_wconf 79' lang='lat' dir='ltr'><strong>XI.</strong></span> 
     </span>
    </p>
   </div>
   <div class='ocr_carea' id='block_1_103' title="bbox 951 5171 3358 5249">
    <p class='ocr_par' dir='ltr' id='par_1_103' title="bbox 951 5171 3358 5249">
     <span class='ocr_line' id='line_1_103' title="bbox 951 5171 3358 5249; baseline 0.001 -24"><span class='ocrx_word' id='word_1_725' title='bbox 951 5171 1123 5226; x_wconf 78' lang='lat' dir='ltr'><strong>Virtus</strong></span> <span class='ocrx_word' id='word_1_726' title='bbox 1151 5172 1422 5244; x_wconf 79' lang='lat' dir='ltr'><strong>Symeonis</strong></span> <span class='ocrx_word' id='word_1_727' title='bbox 1458 5175 1509 5227; x_wconf 82' lang='lat' dir='ltr'><strong>in</strong></span> <span class='ocrx_word' id='word_1_728' title='bbox 1541 5175 1680 5244; x_wconf 71' lang='lat' dir='ltr'><strong>feras</strong></span> <span class='ocrx_word' id='word_1_729' title='bbox 1722 5187 1772 5230; x_wconf 70' lang='lat' dir='ltr'><strong>et</strong></span> <span class='ocrx_word' id='word_1_730' title='bbox 1813 5177 2117 5242; x_wconf 79' lang='lat' dir='ltr'><strong>dwmones;</strong></span> <span class='ocrx_word' id='word_1_731' title='bbox 2153 5177 2412 5231; x_wconf 75' lang='lat' dir='ltr'><strong>auxilium</strong></span> <span class='ocrx_word' id='word_1_732' title='bbox 2449 5179 2801 5249; x_wconf 74' lang='lat' dir='ltr'><strong>prwcipimnti</strong></span> <span class='ocrx_word' id='word_1_733' title='bbox 2845 5187 2892 5231; x_wconf 83' lang='lat' dir='ltr'><strong>et</strong></span> <span class='ocrx_word' id='word_1_734' title='bbox 2932 5177 3136 5248; x_wconf 82' lang='lat' dir='ltr'><strong>lcproso</strong></span> <span class='ocrx_word' id='word_1_735' title='bbox 3169 5174 3358 5232; x_wconf 80' lang='lat' dir='ltr'><strong>latum.</strong></span> 
     </span>
    </p>
   </div>
   <div class='ocr_carea' id='block_1_104' title="bbox 599 5287 2098 5358">
    <p class='ocr_par' dir='ltr' id='par_1_104' title="bbox 599 5287 2098 5358">
     <span class='ocr_line' id='line_1_104' title="bbox 599 5287 2098 5358; baseline 0 -14"><span class='ocrx_word' id='word_1_736' title='bbox 599 5287 686 5344; x_wconf 77' lang='lat'><strong>85.</strong></span> <span class='ocrx_word' id='word_1_737' title='bbox 731 5288 857 5342; x_wconf 83' lang='lat' dir='ltr'><strong>Post</strong></span> <span class='ocrx_word' id='word_1_738' title='bbox 892 5287 1007 5343; x_wconf 66' lang='lat' dir='ltr'><strong>btec</strong></span> <span class='ocrx_word' id='word_1_739' title='bbox 1045 5287 1128 5342; x_wconf 86' lang='lat' dir='ltr'><strong>vir</strong></span> <span class='ocrx_word' id='word_1_740' title='bbox 1167 5288 1414 5358; x_wconf 86' lang='lat' dir='ltr'><strong>quidam,</strong></span> <span class='ocrx_word' id='word_1_741' title='bbox 1441 5290 1682 5346; x_wconf 79' lang='lat' dir='ltr'><strong>Joannes</strong></span> <span class='ocrx_word' id='word_1_742' title='bbox 1715 5290 1957 5356; x_wconf 89' lang='lat' dir='ltr'><strong>nomine,</strong></span> <span class='ocrx_word' id='word_1_743' title='bbox 1990 5305 2098 5344; x_wconf 87' lang='lat' dir='ltr'><strong>non</strong></span> 
     </span>
    </p>
   </div>
   <div class='ocr_carea' id='block_1_105' title="bbox 528 5381 2098 5453">
    <p class='ocr_par' dir='ltr' id='par_1_105' title="bbox 528 5381 2098 5453">
     <span class='ocr_line' id='line_1_105' title="bbox 528 5381 2098 5453; baseline -0.001 -16"><span class='ocrx_word' id='word_1_744' title='bbox 528 5382 712 5453; x_wconf 52' lang='lat' dir='ltr'><strong>procul</strong></span> <span class='ocrx_word' id='word_1_745' title='bbox 746 5397 775 5435; x_wconf 90' lang='lat' dir='ltr'><strong>a</strong></span> <span class='ocrx_word' id='word_1_746' title='bbox 814 5381 977 5435; x_wconf 90' lang='lat' dir='ltr'><strong>domo</strong></span> <span class='ocrx_word' id='word_1_747' title='bbox 1027 5398 1126 5436; x_wconf 85' lang='lat' dir='ltr'><strong>sua</strong></span> <span class='ocrx_word' id='word_1_748' title='bbox 1171 5381 1224 5435; x_wconf 91' lang='lat' dir='ltr'><strong>in</strong></span> <span class='ocrx_word' id='word_1_749' title='bbox 1270 5382 1412 5435; x_wconf 80' lang='lat' dir='ltr'><strong>feras</strong></span> <span class='ocrx_word' id='word_1_750' title='bbox 1459 5381 1728 5435; x_wconf 88' lang='lat' dir='ltr'><strong>inciderat</strong></span> <span class='ocrx_word' id='word_1_751' title='bbox 1766 5399 1780 5434; x_wconf 91' lang='lat'><strong>:</strong></span> <span class='ocrx_word' id='word_1_752' title='bbox 1817 5381 2098 5435; x_wconf 87' lang='lat' dir='ltr'><strong>irruebant</strong></span> 
     </span>
    </p>
   </div>
   <div class='ocr_carea' id='block_1_106' title="bbox 483 5468 2098 5538">
    <p class='ocr_par' dir='ltr' id='par_1_106' title="bbox 483 5468 2098 5538">
     <span class='ocr_line' id='line_1_106' title="bbox 483 5468 2098 5538; baseline 0 -14"><span class='ocrx_word' id='word_1_753' title='bbox 483 5495 487 5499; x_wconf 73' lang='lat'><strong>~</strong></span> <span class='ocrx_word' id='word_1_754' title='bbox 530 5471 635 5525; x_wconf 74' lang='lat' dir='ltr'><strong>illa:</strong></span> <span class='ocrx_word' id='word_1_755' title='bbox 681 5470 928 5524; x_wconf 74' lang='lat' dir='ltr'><strong>belluino</strong></span> <span class='ocrx_word' id='word_1_756' title='bbox 963 5486 1114 5523; x_wconf 88' lang='lat' dir='ltr'><strong>more</strong></span> <span class='ocrx_word' id='word_1_757' title='bbox 1149 5469 1430 5538; x_wconf 70' lang='lat' dir='ltr'><strong>sanguinis</strong></span> <span class='ocrx_word' id='word_1_758' title='bbox 1456 5468 1704 5525; x_wconf 88' lang='lat' dir='ltr'><strong>sitientes</strong></span> <span class='ocrx_word' id='word_1_759' title='bbox 1735 5485 1799 5523; x_wconf 88' lang='lat' dir='ltr'><strong>ac</strong></span> <span class='ocrx_word' id='word_1_760' title='bbox 1836 5470 2098 5524; x_wconf 90' lang='lat' dir='ltr'><strong>minitan-</strong></span> 
     </span>
    </p>
   </div>
   <div class='ocr_carea' id='block_1_107' title="bbox 529 5563 2100 5634">
    <p class='ocr_par' dir='ltr' id='par_1_107' title="bbox 529 5563 2100 5634">
     <span class='ocr_line' id='line_1_107' title="bbox 529 5563 2100 5634; baseline 0.001 -17"><span class='ocrx_word' id='word_1_761' title='bbox 529 5571 610 5622; x_wconf 84' lang='lat' dir='ltr'><strong>tes</strong></span> <span class='ocrx_word' id='word_1_762' title='bbox 655 5563 878 5618; x_wconf 84' lang='lat' dir='ltr'><strong>caedem.</strong></span> <span class='ocrx_word' id='word_1_763' title='bbox 918 5564 1017 5624; x_wconf 84' lang='lat' dir='ltr'><strong>Hic</strong></span> <span class='ocrx_word' id='word_1_764' title='bbox 1055 5580 1185 5619; x_wconf 88' lang='lat' dir='ltr'><strong>vero</strong></span> <span class='ocrx_word' id='word_1_765' title='bbox 1222 5563 1359 5618; x_wconf 87' lang='lat' dir='ltr'><strong>nihil</strong></span> <span class='ocrx_word' id='word_1_766' title='bbox 1398 5563 1465 5617; x_wconf 90' lang='lat' dir='ltr'><strong>ad</strong></span> <span class='ocrx_word' id='word_1_767' title='bbox 1517 5563 1900 5618; x_wconf 77' lang='lat' dir='ltr'><strong>defensionem</strong></span> <span class='ocrx_word' id='word_1_768' title='bbox 1929 5579 2100 5634; x_wconf 74' lang='lat' dir='ltr'><strong>penes</strong></span> 
     </span>
    </p>
   </div>
   <div class='ocr_carea' id='block_1_108' title="bbox 2280 5272 3755 5364">
    <p class='ocr_par' dir='ltr' id='par_1_108' title="bbox 2280 5272 3755 5364">
     <span class='ocr_line' id='line_1_108' title="bbox 2280 5272 3755 5364; baseline -0.003 -20"><span class='ocrx_word' id='word_1_769' title='bbox 2280 5290 2392 5359; x_wconf 86' lang='grc' dir='ltr'>πγ’.</span> <span class='ocrx_word' id='word_1_770' title='bbox 2437 5292 2599 5362; x_wconf 80' lang='grc' dir='ltr'>Ἀνὴρ</span> <span class='ocrx_word' id='word_1_771' title='bbox 2628 5293 2734 5364; x_wconf 83' lang='grc' dir='ltr'><strong>γάρ</strong></span> <span class='ocrx_word' id='word_1_772' title='bbox 2760 5309 2843 5355; x_wconf 90' lang='grc' dir='ltr'><strong>τις</strong></span> <span class='ocrx_word' id='word_1_773' title='bbox 2866 5289 3003 5361; x_wconf 83' lang='grc' dir='ltr'>μετὰ</span> <span class='ocrx_word' id='word_1_774' title='bbox 3029 5288 3201 5343; x_wconf 81' lang='grc' dir='ltr'>ταῦτα</span> <span class='ocrx_word' id='word_1_775' title='bbox 3227 5287 3397 5355; x_wconf 77' lang='grc' dir='ltr'>ὄνομα</span> <span class='ocrx_word' id='word_1_776' title='bbox 3432 5272 3755 5350; x_wconf 73' lang='grc' dir='ltr'>Ἰωάννηςνοῦ</span> 
     </span>
    </p>
   </div>
   <div class='ocr_carea' id='block_1_109' title="bbox 2208 5371 3750 5455">
    <p class='ocr_par' dir='ltr' id='par_1_109' title="bbox 2208 5371 3750 5455">
     <span class='ocr_line' id='line_1_109' title="bbox 2208 5371 3750 5455; baseline -0.005 -20"><span class='ocrx_word' id='word_1_777' title='bbox 2208 5383 2293 5435; x_wconf 71' lang='grc' dir='ltr'><strong>διὰ</strong></span> <span class='ocrx_word' id='word_1_778' title='bbox 2327 5383 2538 5454; x_wconf 82' lang='grc' dir='ltr'>μακροῦ</span> <span class='ocrx_word' id='word_1_779' title='bbox 2570 5385 2667 5455; x_wconf 82' lang='grc' dir='ltr'>τῆς</span> <span class='ocrx_word' id='word_1_780' title='bbox 2699 5384 2863 5436; x_wconf 81' lang='grc' dir='ltr'>αὑτοῦ</span> <span class='ocrx_word' id='word_1_781' title='bbox 2905 5383 3080 5445; x_wconf 81' lang='grc' dir='ltr'>οἰκίας</span> <span class='ocrx_word' id='word_1_782' title='bbox 3111 5381 3318 5452; x_wconf 84' lang='grc' dir='ltr'>θηρίοις</span> <span class='ocrx_word' id='word_1_783' title='bbox 3347 5371 3750 5448; x_wconf 78' lang='grc' dir='ltr'>περιπεπτὼκει.</span> 
     </span>
    </p>
   </div>
   <div class='ocr_carea' id='block_1_110' title="bbox 2209 5459 3752 5541">
    <p class='ocr_par' dir='ltr' id='par_1_110' title="bbox 2209 5459 3752 5541">
     <span class='ocr_line' id='line_1_110' title="bbox 2209 5459 3752 5541; baseline -0.007 -16"><span class='ocrx_word' id='word_1_784' title='bbox 2209 5465 2282 5526; x_wconf 83' lang='grc' dir='ltr'>ὧν</span> <span class='ocrx_word' id='word_1_785' title='bbox 2324 5473 2505 5541; x_wconf 74' lang='grc' dir='ltr'>φόνιόν</span> <span class='ocrx_word' id='word_1_786' title='bbox 2556 5492 2609 5526; x_wconf 88' lang='grc' dir='ltr'><strong>τι</strong></span> <span class='ocrx_word' id='word_1_787' title='bbox 2642 5477 2734 5526; x_wconf 75' lang='grc' dir='ltr'>καὶ</span> <span class='ocrx_word' id='word_1_788' title='bbox 2759 5473 2902 5527; x_wconf 77' lang='grc' dir='ltr'>τοῦτ’</span> <span class='ocrx_word' id='word_1_789' title='bbox 2929 5473 3060 5524; x_wconf 77' lang='grc' dir='ltr'>αὐτὸ</span> <span class='ocrx_word' id='word_1_790' title='bbox 3095 5470 3355 5540; x_wconf 77' lang='grc' dir='ltr'>θηριῶδες</span> <span class='ocrx_word' id='word_1_791' title='bbox 3389 5468 3476 5522; x_wconf 77' lang='grc' dir='ltr'><strong>ἐπ’</strong></span> <span class='ocrx_word' id='word_1_792' title='bbox 3507 5467 3657 5519; x_wconf 70' lang='grc' dir='ltr'>αὑτὸν</span> <span class='ocrx_word' id='word_1_793' title='bbox 3679 5459 3752 5529; x_wconf 80' lang='grc' dir='ltr'><strong>ὁρ·</strong></span> 
     </span>
    </p>
   </div>
   <div class='ocr_carea' id='block_1_111' title="bbox 2211 5549 3751 5638">
    <p class='ocr_par' dir='ltr' id='par_1_111' title="bbox 2211 5549 3751 5638">
     <span class='ocr_line' id='line_1_111' title="bbox 2211 5549 3751 5638; baseline -0.006 -20"><span class='ocrx_word' id='word_1_794' title='bbox 2211 5566 2522 5636; x_wconf 81' lang='grc' dir='ltr'>μησάντων,</span> <span class='ocrx_word' id='word_1_795' title='bbox 2559 5568 2660 5621; x_wconf 78' lang='grc' dir='ltr'>οὐκ</span> <span class='ocrx_word' id='word_1_796' title='bbox 2693 5567 2828 5638; x_wconf 78' lang='grc' dir='ltr'>ἔχων</span> <span class='ocrx_word' id='word_1_797' title='bbox 2858 5567 2939 5619; x_wconf 85' lang='grc' dir='ltr'>ὅτι</span> <span class='ocrx_word' id='word_1_798' title='bbox 2970 5565 3064 5619; x_wconf 85' lang='grc' dir='ltr'>καὶ</span> <span class='ocrx_word' id='word_1_799' title='bbox 3101 5565 3363 5635; x_wconf 79' lang='grc' dir='ltr'>χρήσεται</span> <span class='ocrx_word' id='word_1_800' title='bbox 3393 5561 3576 5614; x_wconf 74' lang='grc' dir='ltr'>λοιπὸν</span> <span class='ocrx_word' id='word_1_801' title='bbox 3607 5549 3751 5620; x_wconf 77' lang='grc' dir='ltr'>ἐαυτῷ</span> 
     </span>
    </p>
   </div>
   <div class='ocr_carea' id='block_1_112' title="bbox 602 5693 3750 5774">
    <p class='ocr_par' dir='ltr' id='par_1_112' title="bbox 602 5693 3750 5774">
     <span class='ocr_line' id='line_1_112' title="bbox 602 5693 3750 5774; baseline 0 -22"><span class='ocrx_word' id='word_1_802' title='bbox 602 5695 1036 5774; x_wconf 77' lang='lat' dir='ltr'><strong>Oratioilla</strong></span> <span class='ocrx_word' id='word_1_803' title='bbox 1079 5698 1350 5770; x_wconf 80' lang='lat' dir='ltr'><strong>Symeonis</strong></span> <span class='ocrx_word' id='word_1_804' title='bbox 1396 5707 1505 5755; x_wconf 74' lang='lat' dir='ltr'><strong>tota</strong></span> <span class='ocrx_word' id='word_1_805' title='bbox 1536 5699 1642 5769; x_wconf 74' lang='lat' dir='ltr'><strong>fere</strong></span> <span class='ocrx_word' id='word_1_806' title='bbox 1704 5717 1730 5753; x_wconf 80' lang='grc' dir='ltr'><strong>ε</strong></span> <span class='ocrx_word' id='word_1_807' title='bbox 1764 5699 1994 5755; x_wconf 73' lang='lat' dir='ltr'><strong>Psalmis</strong></span> <span class='ocrx_word' id='word_1_808' title='bbox 2037 5701 2333 5774; x_wconf 78' lang='lat' dir='ltr'><strong>desumpta,</strong></span> <span class='ocrx_word' id='word_1_809' title='bbox 2367 5722 2400 5757; x_wconf 82' lang='grc' dir='ltr'>(ι</span> <span class='ocrx_word' id='word_1_810' title='bbox 2469 5704 2611 5758; x_wconf 81' lang='lat' dir='ltr'><strong>nobis</strong></span> <span class='ocrx_word' id='word_1_811' title='bbox 2648 5719 2849 5774; x_wconf 79' lang='lat' dir='ltr'><strong>quoque</strong></span> <span class='ocrx_word' id='word_1_812' title='bbox 2893 5704 3054 5773; x_wconf 63' lang='lat' dir='ltr'><strong>juxta</strong></span> <span class='ocrx_word' id='word_1_813' title='bbox 3107 5701 3393 5755; x_wconf 80' lang='lat' dir='ltr'><strong>versionem</strong></span> <span class='ocrx_word' id='word_1_814' title='bbox 3451 5713 3552 5761; x_wconf 71' lang='lat' dir='ltr'><strong>ult</strong></span> <span class='ocrx_word' id='word_1_815' title='bbox 3595 5693 3750 5756; x_wconf 63' lang='lat' dir='ltr'><strong>Latias</strong></span> 
     </span>
    </p>
   </div>
   <div class='ocr_carea' id='block_1_113' title="bbox 531 5765 860 5829">
    <p class='ocr_par' dir='ltr' id='par_1_113' title="bbox 531 5765 860 5829">
     <span class='ocr_line' id='line_1_113' title="bbox 531 5765 860 5829; baseline 0.003 -10"><span class='ocrx_word' id='word_1_816' title='bbox 531 5765 734 5829; x_wconf 69' lang='lat' dir='ltr'><strong>uddu‘a</strong></span> <span class='ocrx_word' id='word_1_817' title='bbox 765 5778 860 5822; x_wconf 78' lang='lat' dir='ltr'><strong>est.</strong></span> 
     </span>
    </p>
   </div>
  </div>
