3988 6516
259 357 395 422 3055

1270 368 1440 428 VITA
1479 372 1526 431 A
1563 368 2004 432 NICEPIIORO
2042 370 2516 433 CONSCRIPTA-

3374 371 3518 438 3066

262 468 496 533 ’ἐξέλιπε
522 468 630 540 γάρ
661 471 695 541 ἦ
729 488 788 524 τε
816 473 1013 543 καρδία
1045 473 1123 543 τῷ
1146 476 1321 549 ἀνδρὶ,
1346 480 1437 532 καὶ
1466 482 1498 551 ή
1536 482 1695 553 σὰρξ)
1724 484 1831 535 ἁντ⁴

1941 498 2000 537 se
2030 483 2288 549 habebat,
2320 484 2705 552 cecideratque
2728 482 2839 554 jam
2865 491 2921 538 et
2950 483 3149 538 animis
3176 470 3232 539 ei
3262 498 3516 555 corpore.

258 559 416 612 ἄλλου
444 561 588 624 τινὸς
610 563 795 627 ὅπλου,
826 564 887 616 τὸ
915 565 1008 618 τοῦ
1045 566 1228 635 ’Λγίου
1258 571 1616 639 προϐάλλεται
1641 574 1833 643 ὄνομα,

257 651 352 702 καὶ
377 650 538 705 αὐτὸν
564 652 747 705 ἐκάλει
768 653 842 716 ὡς
869 653 1080 723 ἄμυναν
1101 672 1115 687 ⁸
1150 658 1242 710 καὶ
1267 660 1467 712 αὐτίκα
1490 664 1837 733 προσήλωντο

254 743 324 813 τῇ
374 744 444 813 γῇ
492 743 737 811 στόματά
772 761 831 796 τε
867 745 961 798 καὶ
990 747 1151 811 πόδες
1185 750 1369 813 αὐτοῖς
1403 752 1471 820 (ὢ
1498 753 1591 805 τοῦ
1623 753 1836 823 θαύμα-

254 834 413 903 tog!)
444 835 696 906 καθάπερ
733 837 876 889 τισὶν
908 838 1172 907 ἀφύκτοις
1208 841 1440 911 ἐχόμενα
1483 844 1690 910 πέδαις,
1729 849 1835 911 ἓως

253 925 473 997 ἀπαθὴς
504 927 693 981 κακῶν
730 929 1039 996 ἀπέσωστο,
1069 931 1559 1004 ἐξομολογούμενος
1598 936 1675 1006 τῷ
1719 939 1833 991 Κυ-

253 1017 360 1087 ρίῳ
400 1022 468 1073 τά
521 1021 643 1092 ὲλέη
700 1022 887 1087 αὑτοῦ,
939 1026 1032 1077 καὶ
1066 1026 1131 1079 τά
1164 1026 1443 1098 θαυμάσια
1498 1030 1672 1084 αὐτοῦ
1720 1034 1835 1097 τοῖς

250 1111 393 1175 υίοῖς
437 1113 547 1165 τῶν
597 1114 921 1184 ἀνθρώπων.
968 1117 1171 1189 Ἐτὲρῳ
1203 1120 1365 1173 πάλιν
1408 1125 1555 1191 τρεῖς
1580 1123 1835 1194 δαίμονες

249 1205 588 1269 ἐνοικοῦντες
632 1204 773 1278 ἦσαν
808 1210 969 1282 (ὅπερ
1016 1211 1231 1281 ἀπόχρη
1279 1214 1375 1266 καὶ
1425 1216 1586 1284 μόνον
1632 1218 1834 1281 ἱκανῶς

248 1299 625 1369 παραστῆσαι,
657 1295 745 1353 οἷα
768 1303 898 1370 παρ’
920 1302 1100 1355 αὐτῶν
1124 1304 1153 1354 ὁ
1174 1305 1405 1369 δείλαιος
1428 1307 1648 1376 πάσχοι,
1670 1309 1832 1362 ὁπότε

247 1390 345 1443 καὶ
393 1391 600 1446 τούτων
638 1394 755 1457 ἐνὸς
786 1395 845 1447 οὑ
886 1396 1096 1468 φορητὴ
1143 1398 1176 1468 ἡ
1208 1398 1484 1469 ὲπήρεια),
1516 1404 1743 1471 παρεῖτο
1775 1403 1832 1455 δὲ

249 1484 348 1534 καὶ
389 1484 491 1545 τὰς
523 1484 687 1553 ψύας,
720 1486 858 1539 ἀλλὰ
896 1489 988 1540 καὶ
1023 1487 1083 1541 τὸ
1121 1490 1229 1542 τῶν
1263 1491 1559 1561 ὀφθαλμῶν
1583 1494 1833 1565 ἀφῄρητο

246 1573 389 1639 φῶς.
426 1576 678 1644 Πρόσεισι
710 1577 789 1648 τῷ
829 1577 923 1631 τοῦ
952 1579 1087 1635 Θεοῦ
1126 1581 1299 1653 δούλῳ
1343 1583 1542 1649 τοίνυν,
1590 1586 1711 1649 ὅλος
1741 1587 1831 1638 πί-

247 1684 391 1732 στις,
423 1668 542 1732 ὅλος
568 1670 743 1733 ἐλπὶς,
784 1671 903 1735 ὅλος
925 1672 1129 1743 δέησις,
1161 1675 1292 1738 οἵοις
1338 1677 1612 1747 συνέχοιτο
1641 1684 1831 1745 κακοῖς

246 1759 503 1813 ἐλεεινῶν
527 1763 907 1831 ἀπαγγέλλων.
936 1765 1225 1836 Συμπαθὲς
1244 1769 1532 1839 τοιγαροῦν
1562 1771 1643 1843 είς
1669 1773 1831 1825 αὐτὸν

1939 574 2044 628 Pro
2078 573 2247 628 armis
2276 574 2444 642 igitur
2460 573 2582 627 aliis
2598 574 2769 628 sancti
2789 575 3010 629 nomine
3033 590 3091 629 se
3113 574 3312 639 munit,
3335 576 3515 644 ipsum

1937 665 1991 719 in
2025 665 2331 720 subsidium
2355 666 2606 729 advocat,
2641 666 2902 736 dictoque
2937 668 3103 722 citius
3137 668 3375 723 ferarum
3417 684 3516 723 ora

1936 765 2101 826 atque
2138 757 2365 826 vestigia
2403 756 2515 824 (res
2548 756 2681 809 mira
2712 755 2750 823 !)
2793 765 2953 812 terra:
2992 757 3290 820 colicerent,
3344 758 3514 812 veluti

1935 848 2264 917 quibusdam
2300 846 2744 902 inenodabilibus
2766 848 2976 917 pedicis
2995 849 3314 915 constricta;
3339 850 3519 904 donec

1936 940 2039 995 iste
2089 939 2363 995 indemnis
2392 940 2697 995 discrimini
2745 950 2974 1010 ereptus
3021 951 3188 1006 esset,
3245 942 3518 997 conﬁtens

1933 1032 2169 1085 Domino
2216 1029 2654 1086 misericordiam
2710 1046 2888 1095 suam,
2940 1040 2995 1086 et
3044 1031 3171 1086 ﬁliis
3225 1032 3515 1086 hominum

1934 1124 2205 1178 mirabilia
2246 1124 2384 1195 ejus.
2429 1124 2670 1177 Rursum
2708 1124 2849 1178 alius
2881 1140 2911 1179 a
2948 1124 3128 1179 tribus
3156 1124 3516 1180 obsidebatur

1934 1215 2298 1280 dzemonibus,
2326 1214 2473 1269 unde
2495 1214 2784 1285 perspicue
2809 1214 2973 1269 datur
3002 1214 3328 1285 intelligere,
3349 1230 3513 1284 quam

1933 1308 2133 1364 acerbe
2152 1307 2340 1362 infelix
2358 1307 2461 1362 iste
2482 1314 2859 1377 torqueretur,
2882 1306 3328 1375 quandoquidem
3351 1304 3517 1360 unius

1932 1402 2104 1456 etiam
2153 1401 2327 1455 solius
2355 1400 2577 1455 vexatio
2610 1399 2977 1453 intolerabilis
3010 1398 3103 1453 sit.
3150 1398 3353 1452 Laxata
3384 1397 3514 1452 huic

1933 1493 2465 1564 dependebatcutis,
2491 1494 2603 1547 imo
2638 1492 3001 1546 etoculorum
3040 1492 3221 1545 lumen
3252 1498 3371 1545 erat
3393 1505 3515 1545 erc-

1932 1592 2109 1652 ptum.
2141 1580 2402 1651 Confugit
2435 1582 2603 1652 igitur
2636 1580 2703 1634 ad
2730 1596 2951 1634 servum
2984 1580 3077 1634 Dei
3109 1620 3123 1644 ,
3169 1581 3358 1634 ﬁrmus
3382 1579 3512 1643 ﬁde,

1932 1688 2029 1742 spe
2057 1675 2271 1742 plenus,
2300 1673 2549 1727 oratione
2574 1672 2846 1735 fervidus,
2880 1672 3210 1741 quantisque
3235 1682 3517 1741 prematur

1933 1765 2096 1821 malis
2139 1766 2571 1821 lamentabiliter
2618 1766 2862 1835 exponit.
2909 1764 3304 1821 Commovetur
3350 1766 3515 1819 misc-

243 1852 457 1917 ἐκεῖνος
481 1852 625 1917 ίδὼν,
656 1849 775 1908 εἶτα
803 1857 893 1909 καὶ
921 1858 1001 1921 είς
1030 1858 1311 1929 σπλάγχνα
1338 1835 1539 1931 βλέψας
1568 1837 1661 1915 τοῦ
1693 1865 1831 1933 ἀγα-

1937 1855 2147 1910 ratione
2194 1856 2453 1927 Symeon,
2502 1855 2782 1909 hominem
2834 1854 3080 1925 respicit,
3119 1855 3247 1909 inde
3288 1855 3355 1908 ad
3411 1854 3516 1909 mi-

243 1945 369 2013 οοῦ,
400 1946 493 1999 καὶ
537 1947 644 1999 τῶν
679 1949 889 2002 ἐκείνου
944 1949 1157 2019 δεηθεὶς
1188 1953 1511 2023 οἰκτιρμῶνσ
1546 1957 1721 2025 χαμαί
1768 1974 1826 2010 τε

241 2036 482 2102 πτύσας,
512 2038 607 2089 καὶ
632 2037 727 2091 τοῦ
762 2038 1008 2091 ἐντεῦθεν
1040 2041 1212 2110 πηλοῦ
1251 2042 1376 2106 τοὺς
1408 2042 1720 2114 ὀφθαλμοὺς
1752 2047 1830 2118 τῷ

237 2128 433 2197 τυφλῷ
449 2129 751 2199 διαχρίσας*
782 2130 871 2184 Ἐν
902 2132 979 2201 τῷ
1006 2132 1253 2202 ὀνόματι,
1288 2136 1441 2205 φησὶ,
1473 2136 1566 2189 τοῦ
1601 2156 1828 2209 μονογε-

238 2221 371 2284 νοῦς
398 2222 527 2275 Υίοῦ
559 2223 652 2275 τοῦ
684 2223 819 2277 Θεοῦ
840 2264 856 2289 ,
888 2224 979 2278 τοῦ
1007 2226 1163 2297 πηλῷ
1193 2229 1287 2279 καὶ
1312 2231 1381 2299 γῇ
1418 2228 1509 2281 τὸν
1539 2232 1597 2282 ὲν
1638 2249 1830 2302 γεννη-

235 2315 359 2379 τοῖς
387 2316 589 2385 τυφλὸν
613 2315 807 2386 βλέψαι
843 2319 1197 2388 ποιήσαντος,
1234 2321 1556 2391 ἀνάϐλεψον.
1592 2326 1698 2377 Καὶ
1727 2344 1829 2381 πα-

238 2410 508 2478 ραχρῆμα
538 2409 733 2479 (πολλά
769 2412 1033 2481 ἐποίησας
1076 2412 1161 2476 σὺ,
1196 2413 1367 2484 Κύριε
1395 2417 1423 2468 ὁ
1454 2417 1585 2479 θεός
1611 2435 1732 2486 μου,
1760 2420 1829 2473 τὰ

235 2501 529 2570 θαυμάσιά
553 2502 671 2565 σου)
703 2502 824 2555 τότε
855 2504 971 2571 φῶς
1008 2505 1158 2575 αὐτῷ
1186 2506 1415 2577 ἔρρωτο,
1448 2512 1541 2562 καὶ
1583 2513 1749 2580 ὑγιῶς
1779 2514 1828 2566 οί

233 2589 512 2661 ὀφθαλμοὶ
535 2585 702 2661 εἶχον.
731 2592 964 2646 Ἔπειτα
997 2593 1179 2663 μέντοι
1211 2595 1421 2664 πλήξας
1450 2600 1515 2668 τῇ
1542 2598 1698 2669 βαῖνῃ
1732 2599 1829 2669 ῥά·-

232 2682 354 2753 6δῳ
385 2684 481 2747 τὰς
511 2683 674 2753 ψύας,
702 2686 1034 2756 ἐπιτιμήσας
1062 2686 1122 2739 δὲ
1146 2689 1239 2740 καὶ
1271 2691 1385 2751 τοῖς
1414 2690 1686 2760 δαίμοσιν,
1709 2692 1830 2745 ὅλον

232 2777 514 2831 δείκνυσιν
536 2777 700 2841 εὐθὺς
726 2778 875 2850 ὑγιῆ,
911 2781 1039 2850 μιᾶς
1060 2779 1221 2852 ἔργον
1242 2780 1407 2852 εὐχῆς
1432 2784 1618 2837 κακῶν
1644 2784 1829 2838 τοσού-

232 2886 351 2922 των
384 2869 831 2940 ἀπηλλαγμένον.

310 3046 423 3102 τπδ’.
465 3046 656 3111 ’Δλλος
680 3049 807 3111 τοὺς
839 3047 1007 3111 πόδας
1034 3048 1333 3120 ἑκατέρους
1368 3050 1579 3120 μακρὸν
1606 3051 1707 3121 ἢδη
1733 3068 1829 3103 πε-

1933 1947 2295 2002 sericordiam
2356 1964 2627 2018 suprema
2684 1947 2951 2001 bonitatis
3008 1946 3244 2002 reﬁectit
3299 1947 3513 2011 oculos,

1930 2041 2299 2110 precibusque
2321 2041 2569 2095 eamdem
2606 2040 2883 2110 implorat.
2910 2040 3050 2094 Tum
3090 2040 3244 2093 humi
3272 2039 3512 2110 exspuit,

1931 2145 2345 2206 temperatoque
2381 2136 2508 2189 inde
2542 2137 2658 2190 luto
2691 2135 2817 2189 caeci
2863 2136 3054 2190 oculos
3086 2135 3360 2205 inungens
3398 2153 3411 2189 :
3455 2136 3515 2190 ln

1931 2228 2177 2290 nomine,
2226 2224 2443 2297 inquit,
2482 2227 2751 2298 unigeniti
2797 2226 2921 2281 Filii
2966 2226 3086 2292 Dei,
3131 2227 3227 2297 qui
3263 2235 3427 2296 sputo
3458 2232 3516 2280 et

1932 2329 2082 2376 terra
2118 2322 2271 2375 illum
2291 2337 2321 2376 a
2342 2321 2632 2377 nativitate
2656 2337 2751 2375 sua
2776 2336 2980 2377 cazcum
2999 2320 3211 2375 lumine
3225 2320 3513 2375 oculorum

1932 2415 2255 2484 impertivit,
2309 2416 2559 2485 reSpice:
2594 2417 2890 2486 statimque
2927 2424 3115 2485 (quam
3168 2416 3340 2469 multa
3380 2413 3518 2470 facis

1932 2506 2230 2570 mirabilia,
2266 2506 2495 2560 Domine
2530 2508 2676 2561 Deus
2718 2508 2932 2567 meus!)
2960 2516 3017 2561 ct
3049 2506 3227 2561 oculis
3256 2505 3515 2560 corrobo-

1933 2596 2067 2650 ratis
2118 2596 2295 2649 lucem
2330 2596 2599 2665 percepit,
2632 2604 2689 2651 et
2728 2595 3033 2665 perfectum
3080 2596 3298 2650 illorum
3354 2608 3515 2649 usum

1931 2684 2193 2739 obtinuit.
2224 2685 2431 2740 Deinde
2464 2687 2678 2755 palmea
2716 2686 2865 2756 virga
2902 2686 3138 2740 laxatam
3170 2693 3352 2739 cutem
3387 2700 3514 2755 per-

1931 2778 2169 2843 cutiens,
2214 2778 2506 2847 increpitis
2540 2778 2904 2843 dwmonibus,
2931 2776 3221 2832 confestim
3253 2775 3401 2831 omni
3447 2790 3516 2830 ex

1931 2877 2087 2939 parte
2110 2885 2303 2925 sanum
2332 2870 2606 2935 exhibuit,
2634 2870 2799 2926 unius
2818 2870 3087 2926 orationis
3114 2885 3218 2941 ope
3248 2878 3328 2926 tot
3357 2868 3519 2925 malis

1934 2965 2254 3019 liberatum.

2004 3058 2091 3112 86.
2132 3058 2303 3113 Alteri
2329 3057 2400 3112 ob
2421 3058 2692 3112 diutinam
2726 3058 3015 3126 utriusque
3034 3055 3190 3126 pedis
3215 3056 3518 3109 inﬂamma-

233 3141 471 3210 πήρωτο
498 3139 712 3212 χρόνον,
741 3142 816 3203 ὠς
847 3140 983 3212 μηδὲ
1007 3140 1069 3193 τὸ
1095 3142 1359 3212 παράπαν
1382 3144 1565 3204 αὐτοῖς
1593 3143 1827 3212 χρῆσθαι

1937 3152 2139 3207 tionem
2179 3153 2366 3208 nullus
2408 3153 2635 3206 omnino
2673 3168 2867 3207 eorum
2911 3167 3043 3207 usus
3088 3161 3209 3205 erat
3241 3169 3254 3204 :
3282 3151 3520 3207 credidit

232 3231 526 3287 δύνασθαι.
562 3233 867 3297 Πιστεύσας
906 3229 999 3287 οὖν
1028 3233 1261 3303 δυνατὴν
1293 3230 1431 3286 εἶναι
1465 3234 1542 3306 τῷ
1570 3236 1709 3305 ἁγίῳ
1732 3235 1829 3305 τὴν

236 3324 577 3395 θεραπείαν,
611 3326 713 3396 ὁρᾷ
746 3324 936 3378 τοῦτον
983 3325 1115 3397 δναρ
1150 3327 1346 3389 αὐτοὺς
1385 3329 1450 3397 τῇ
1499 3327 1658 3399 βαῖνῃ
1696 3328 1831 3398 πλή-

238 3418 417 3482 ξαντα
447 3416 649 3487 ράδδῳ,
689 3417 785 3470 καὶ
808 3419 842 3487 ἡ
875 3418 1083 3488 πληγὴ,
1109 3418 1205 3471 τοῦ
1226 3436 1287 3471 τε
1317 3416 1486 3472 ὕπνου
1526 3420 1668 3473 κατὰ
1696 3421 1830 3473 ταὺ-

236 3510 338 3563 τδν
361 3508 649 3579 ἀπαλλαγὴ
672 3510 766 3562 καὶ
790 3508 886 3562 τοῦ
919 3509 1124 3574 πάθους
1153 3513 1348 3581 ὲκείνῳ
1376 3511 1605 3580 γίνεται,
1633 3511 1707 3576 ὼς
1738 3514 1833 3564 καὶ

241 3598 494 3670 μηνυτὴν
528 3600 692 3653 αὐτὸν
723 3599 790 3653 δι’
824 3599 1019 3652 ἑαυτοῦ
1046 3600 1303 3670 φοιτῆσαι
1332 3601 1409 3670 τῷ
1446 3602 1692 3671 Συμεὼν,
1731 3601 1831 3670 τῆς

237 3691 567 3763 εὐεργεσίας
597 3690 805 3746 καὶτοῦ
832 3691 1109 3761 θαύματος
1133 3692 1385 3761 ἄγγελον.
1413 3695 1552 3763 Γυνή
1583 3712 1668 3759 τις
1705 3696 1832 3749 Ἰου-

240 3785 407 3857 λιανὴ
438 3784 538 3857 τὴν
571 3784 767 3856 κλῆσιν
818 3784 878 3838 τὸ
921 3784 1081 3855 σῶμα
1140 3787 1481 3857 πεπονηκυῖαι
1509 3828 1525 3853 ,
1559 3788 1654 3841 καὶ
1702 3788 1828 3860 μηδ’

240 3879 429 3933 ὁτιοῦν
490 3879 668 3950 ἑαυτῷ
713 3877 1024 3949 χρήσασθαι
1080 3878 1380 3950 δυναμένη,
1443 3881 1696 3951 πρόσεισι
1754 3881 1832 3953 τῷ

257 3970 454 4041 Ἀγίῳ,
482 3970 735 4042 δακρύων
759 3969 1040 4042 ὠνουμένη
1070 3971 1169 4042 τὴν
1191 3972 1513 4041 θεραπείαν,
1544 3974 1716 4044 ὅσπερ
1735 3976 1833 4028 αύ-

241 4067 349 4137 τὴν
377 4065 503 4121 ίδὼν
524 4065 700 4119 πολλά
724 4065 978 4135 χέουσαν,
1009 4065 1106 4119 καὶ
1135 4066 1234 4136 τὴν
1254 4066 1433 4138 ψυχὴν
1458 4068 1545 4122 ἐπ’
1566 4070 1702 4139 αὐτῇ
1731 4086 1834 4122 πα-

245 4156 382 4221 θὼν,
430 4155 581 4217 παίει
623 4158 692 4227 τῇ
734 4155 893 4227 βαῖνῃ
935 4155 1151 4227 ῥάϐδῳ·
1190 4157 1287 4211 καὶ
1330 4159 1364 4229 ἡ
1413 4158 1513 4227 μὲν
1566 4157 1833 4229 ῥώννυται

245 4252 595 4323 παραχρῆμα
621 4290 636 4314 ,
687 4250 844 4303 νόσου
870 4248 932 4302 τὸ
966 4249 1153 4303 λοιπὸν
1187 4250 1317 4322 ἀχρι
1351 4252 1538 4323 γήρως
1580 4253 1833 4324 οὐδεμιᾶς

249 4344 599 4415 πειραθείσα.
638 4344 716 4414 Τῇ
740 4343 798 4396 δὲ
830 4338 898 4415 ἦν
948 4342 1150 4415 ἀδελφὴ
1180 4344 1421 4414 μασθοὺς
1456 4344 1575 4414 ἅμα
1614 4348 1708 4400 καὶ
1734 4348 1834 4401 πό-

245 4436 346 4501 δας
390 4435 642 4500 νοσοῦσα,
692 4437 786 4491 κοιλ¹
828 4435 950 4490 λίαν
996 4436 1199 4507 ἀμφοῖν
1244 4436 1556 4507 περιαλγῶς
1601 4439 1831 4509 ἐχουσασ

1932 3257 2104 3312 penes
2137 3252 2388 3298 sanctum
2418 3242 2762 3297 medicamen
2792 3242 2895 3297 sibi
2930 3256 3241 3312 superesse,
3271 3257 3434 3311 quem
3463 3249 3520 3296 et

1933 3333 2207 3402 conspicit
2236 3348 2334 3401 per
2366 3348 2622 3387 somnum
2656 3333 2807 3404 virga
2854 3332 3066 3402 palmea
3099 3347 3159 3386 se
3200 3331 3519 3400 percutien-

1933 3431 2043 3484 tem
2089 3423 2181 3477 tali
2210 3424 2388 3494 plaga,
2422 3439 2542 3492 qum
2570 3424 2736 3478 simul
2769 3432 2825 3479 ct
2857 3438 3051 3478 somno
3082 3433 3139 3477 et
3169 3421 3357 3477 dolore
3389 3436 3519 3476 eum

1933 3513 2213 3582 privavit:
2247 3514 2327 3568 uti
2365 3514 2484 3584 ipse
2521 3530 2619 3583 per
2652 3529 2711 3569 se
2758 3514 3085 3586 Symeonem
3124 3513 3338 3575 adiens,
3372 3512 3517 3566 idem

1934 3607 2189 3662 beneﬁcii
2220 3617 2276 3663 ct
2320 3610 2570 3664 miraculi
2612 3610 2863 3671 nuntius.
2901 3619 3136 3665 testatus
3178 3620 3282 3664 est.
3324 3608 3519 3664 Mulier

1933 3699 2182 3768 quaadam
2212 3699 2428 3753 Juliana
2469 3700 2762 3769 appellata,
2796 3700 2867 3754 ob
2890 3700 3061 3756 totius
3093 3699 3342 3770 corporis
3370 3698 3521 3753 inﬁr-

1934 3791 2183 3845 mitatem
2213 3791 2489 3861 impotens
2518 3807 2641 3861 qum
2673 3807 2731 3846 se
2759 3791 2923 3846 alicui
2960 3791 3039 3847 rei
3085 3792 3407 3862 applicaret,
3447 3790 3514 3844 ad

1933 3893 2186 3938 sanctum
2229 3882 2495 3952 confugit,
2531 3882 2790 3954 lacrymis
2826 3882 2930 3937 sibi
2974 3883 3266 3938 sanitatem
3290 3896 3517 3951 compa-

1935 3980 2145 4025 ratura.
2174 3969 2347 4037 Quam
2382 3971 2472 4025 ubi
2511 3971 2602 4026 ille
2634 3970 2795 4036 vidit,
2826 3970 3062 4026 ubertim
3095 3971 3315 4026 ﬂentem
3349 3969 3516 4023 mise-

1936 4072 2110 4129 ratus,
2159 4063 2313 4134 virga
2362 4063 2577 4133 palmea
2628 4064 2758 4119 ferit
2799 4080 2813 4117 :
2861 4072 2917 4119 et
2950 4064 3151 4119 mulier
3185 4060 3519 4117 convalescit

1934 4156 2108 4222 illico,
2140 4172 2245 4212 nec
2287 4156 2401 4211 ullo
2435 4157 2701 4227 deinceps
2748 4171 2925 4226 usque
2963 4154 3029 4208 ad
3070 4154 3284 4208 senium
3325 4151 3519 4206 morbo

1934 4254 2143 4309 tentala
2174 4246 2298 4301 fuit.
2325 4247 2459 4301 Erat
2484 4246 2617 4302 huic
2653 4261 2832 4307 soror,
2871 4258 2992 4313 qua:
3022 4252 3077 4296 et
3108 4242 3222 4311 ipsa
3254 4240 3521 4295 uberibus

1934 4337 2281 4409 pedibusque
2328 4338 2542 4393 affectis
2567 4336 2881 4393 vehementi
2914 4335 3267 4391 cruciabatur
3296 4334 3517 4389 dolore:

1936 4430 2165 4485 adducit
2193 4429 2363 4500 igitur
2394 4431 2535 4483 hanc
2568 4443 2790 4498 quoque
2822 4427 2889 4481 ad
2919 4428 3176 4483 eumdem
3206 4427 3519 4492 medicum;

250 4535 523 4601 προσάγει
543 4528 723 4581 τοίνυν
758 4528 838 4600 τῷ
867 4527 1038 4597 Ἀγίῳ
1063 4528 1159 4581 καὶ⁸
1179 4522 1405 4600 ταύτην,
1433 4532 1524 4583 καὶ
1551 4530 1609 4594 ὃς
1634 4531 1713 4602 τῷ
1735 4532 1830 4585 τοῦ

1937 4523 2031 4592 qui
2063 4522 2333 4590 impresso
2361 4520 2544 4575 crucis
2576 4520 2732 4589 signo
2760 4519 3031 4575 laboranti
3063 4518 3361 4584 succurrit,
3391 4533 3522 4575 cru-

248 4618 490 4691 σταυροῦ
516 4619 671 4691 τύπῳ
698 4619 1122 4689 διασφραγίσας,
1152 4618 1247 4672 τοῦ
1277 4618 1484 4683 πάθους
1508 4618 1711 4685 εὐθέως
1739 4623 1834 4676 καὶ

247 4714 422 4783 αὐτὴν
449 4714 801 4776 ἀπαλλάττει,
828 4712 927 4776 τὰς
956 4712 1150 4775 ὀδύνας
1178 4712 1399 4777 σὸέσας,
1425 4713 1520 4766 καὶ
1545 4712 1611 4778 ἃς
1637 4717 1833 4785 ἔχουσα

250 4808 402 4878 τύχοι
436 4806 652 4877 πληγὰς
687 4806 1000 4875 ἰασάμενος.
1226 4858 1233 4859 ,

322 4898 442 4963 πελ.
470 4900 548 4969 Τῇ
583 4898 641 4951 δὲ
701 4897 865 4950 πάλιν
922 4896 1215 4966 θυγάτριον
1243 4893 1311 4968 ἦν
1334 4937 1347 4961 ,
1382 4896 1682 4969 προσώπου
1732 4900 1830 4968 μὲν

249 4992 345 5044 καὶ
372 4990 519 5061 ὥρας
560 4990 683 5060 ἔχον
727 4990 828 5041 οὐκ
862 4987 1072 5057 ἀφυῶς,
1104 4988 1276 5060 κλόνῳ
1310 4990 1367 5043 δὲ
1402 4990 1655 5061 σώματος
1708 5008 1831 5044 τοσ·

247 5080 394 5151 ούτῳ
438 5080 534 5132 καὶ
583 5079 813 5149 παρέσει
860 5076 1115 5146 κάτογον,
1144 5080 1222 5143 ὡς
1256 5082 1351 5133 καὶ
1381 5081 1594 5151 φρενῶν
1626 5080 1833 5152 ἔρημον

247 5168 412 5236 εἶναι,
450 5173 695 5224 οἴκτιστα
743 5169 837 5221 καὶ
883 5168 1091 5222 τούτων
1146 5172 1458 5241 ὲξεστηκὸς.
1503 5172 1561 5225 '0
1610 5174 1708 5243 μὲν
1740 5172 1833 5227 οῦν

246 5266 348 5335 τῆς
380 5264 663 5335 παρέσεως
696 5265 790 5315 καὶ
816 5264 915 5332 τῆς
947 5264 1307 5335 ἀναισθησίας
1343 5267 1493 5319 αἰτία
1520 5267 1730 5338 δαίμων
1762 5263 1831 5339 ἦν

249 5358 507 5426 χαλεπὸς,
544 5356 889 5426 ἐπιπηδήσας
910 5355 988 5425 τῷ
1020 5357 1261 5426 κορασίῳ
1287 5373 1298 5387 ·
1337 5359 1433 5429 ἡδ’
1458 5360 1605 5411 αἰτία
1663 5360 1828 5413 πάλιν

246 5454 349 5523 τῆς
377 5454 441 5503 ἐκ
474 5451 567 5504 τοῦ
626 5452 879 5520 δαίμονος
931 5451 1215 5522 ἐπηρείας,
1244 5452 1549 5520 ἁμάρτημα
1596 5451 1692 5520 τῆς
1729 5468 1832 5521 μη-

246 5545 401 5613 τρδςν
431 5543 630 5607 κακίας
662 5544 949 5613 εἴσπραξιν
980 5545 1185 5597 ἐκεῖνον
1211 5542 1309 5612 τὴν
1336 5543 1433 5610 τῆς
1477 5542 1666 5606 παιδὸς
1726 5544 1831 5597 πά-

252 5653 420 5705 ρεσιν.
461 5637 758 5707 ’Λράμεναι
788 5637 967 5689 τοίνυν
1026 5634 1217 5705 αὐτὴν,
1249 5635 1283 5705 ἦ
1319 5651 1376 5686 τε
1422 5636 1616 5705 μήτηρ
1673 5636 1767 5688 καὶ
1797 5638 1830 5705 ή

250 5730 349 5794 τῆς
400 5730 603 5798 μητρδς
660 5729 881 5799 ἀδελφὴ,
938 5728 1134 5797 φόρτον
1211 5727 1483 5791 ελεεινὸν,
1516 5728 1711 5797 φόρτον
1754 5730 1830 5792 εἰς

252 5819 461 5892 δάκρυα
489 5820 581 5875 καὶ
609 5822 790 5894 ἄψυχα
826 5822 1029 5889 κινοῦν,
1066 5821 1315 5892 ῥίπτουσι
1352 5821 1456 5890 πρὸ
1486 5819 1578 5873 τοῦ
1621 5819 1822 5888 Ἁγίου·

1940 4613 2143 4668 ciatum
2173 4611 2333 4678 tollit,
2362 4610 2689 4665 vulneribus
2712 4611 2990 4666 medetur.

2010 4900 2098 4953 83.
2165 4898 2291 4955 Haec
2340 4915 2532 4954 rursus
2593 4899 2818 4954 ﬁliolam
2881 4900 3117 4955 habebat
3176 4900 3350 4954 forma
3408 4916 3519 4955 non

1940 4989 2252 5055 invenusta,
2295 5006 2459 5059 quam
2489 4998 2638 5044 tanta
2670 4991 3048 5045 membrorum
3076 4989 3423 5059 perturbatio
3454 5005 3520 5043 ac

1940 5080 2211 5152 paralysis
2243 5089 2649 5151 occupaverat,
2684 5091 2743 5135 ut
2775 5091 2831 5136 et
2866 5081 3172 5150 deliquium
3218 5081 3387 5136 animi
3420 5097 3518 5151 pa-

1940 5182 2152 5229 teretur
2180 5189 2345 5243 sarpe,
2402 5183 2459 5228 et
2520 5190 2550 5228 a
2597 5184 2744 5228 statu
2798 5174 2997 5228 mentis
3044 5174 3416 5229 miserandum
3461 5174 3517 5228 iu

1940 5264 2163 5319 modum
2204 5265 2556 5334 dejiceretur.
2588 5264 2762 5319 Causa
2816 5265 3127 5335 paralyticze
3185 5263 3521 5318 inﬁrmitatis

1940 5356 2178 5411 difﬁcilis
2204 5356 2416 5409 dzcmon
2439 5364 2577 5420 erat,
2601 5358 2694 5425 qui
2721 5358 2954 5425 puellam
2989 5356 3290 5410 incesserat
3316 5370 3328 5405 :
3356 5362 3522 5422 atque

1941 5450 2143 5503 iterum
2176 5448 2448 5503 daemonis
2482 5449 2758 5503 saevientis
2789 5463 2952 5502 causa
2987 5455 3272 5517 peccatum
3305 5445 3516 5509 matris,

1942 5542 1995 5596 in
2029 5542 2373 5610 punitionem
2410 5542 2670 5611 nequitiae
2719 5540 3015 5611 paralysim
3066 5538 3209 5608 proli
3253 5538 3512 5592 allerens.

1940 5614 2222 5689 Sublalam
2278 5636 2464 5704 itaque
2532 5634 2770 5704 puellam
2848 5640 3024 5686 mater
3080 5647 3145 5686 ac
3198 5639 3516 5691 matertera,

1940 5728 2212 5805 sarcinam
2246 5726 2635 5791 miserabilem,
2693 5725 2966 5780 sarcinam
3025 5725 3294 5793 laerymas
3344 5720 3510 5775 etiam

1941 5822 2258 5877 inanimatis
2290 5821 2626 5882 elieieutem,
2656 5817 2724 5875 ad
2764 5816 2939 5873 sancti
2967 5816 3137 5887 pedes
3155 5812 3453 5886 projiciuut
3489 5829 3503 5867 :
