3988 6472
500 320 639 382 3-367

1702 315 1761 375 S.
1805 315 2184 378 SYMEONIS
2220 315 2582 380 IUNIORIS

3623 316 3771 383 3388

500 430 649 501 quod
682 444 806 485 cum
842 428 939 484 ille
962 442 1074 484 non
1107 426 1411 499 ignoraret,
1437 427 1571 483 illud
1599 428 1910 499 prmsertim
1956 444 2084 499 ope-

2190 430 2326 502 ὃπερ
2353 431 2381 483 ὁ
2419 429 2512 483 τοῦ
2557 428 2693 484 Θεοῦ
2750 428 3008 501 Θεράπων
3038 431 3139 485 οὐκ
3174 432 3475 503 ἀγνοήσας,
3509 434 3691 498 ἄλλως
3712 454 3771 489 τε

505 539 619 578 ram
653 522 783 577 dare
811 537 1030 590 semper
1055 520 1279 587 solitus,
1314 530 1374 574 ut
1401 520 1470 575 ad
1500 536 1558 576 se
1594 520 1926 577 accedentes
1957 536 2083 575 eum

504 614 881 670 incolumitate
914 612 1188 683 corporis,
1212 613 1380 667 etiam
1412 612 1675 678 animam,
1708 612 1754 669 si
1807 629 1917 683 qua
1940 612 2083 668 forte

502 724 623 763 eam
660 708 814 762 labes
843 706 1117 771 inliceret,
1169 722 1270 776 per
1296 705 1705 761 confessionem
1750 704 2076 770 lustrarent,

501 809 783 869 «alaternus
815 809 930 855 tum
959 814 1197 869 corpore
1230 808 1348 854 tum
1377 799 1586 864 anima,
1611 798 1723 853 imo
1748 799 1850 855 hac
1892 798 2084 868 potius

501 908 667 962 quam
716 893 847 959 illo,
903 892 1077 947 curati
1134 901 1571 947 reverterentur.
1620 891 1757 945 Dum
1803 891 1970 962 igitur
2026 890 2081 946 in

502 994 652 1055 gesta
680 993 846 1054 atque
898 984 1135 1055 cogitata
1196 984 1417 1039 illarum
1459 983 1714 1053 inquirit,
1770 990 1831 1037 ut
1880 982 2082 1052 duplex

504 1078 856 1141 beneficium,
908 1078 1075 1135 sicuti
1128 1078 1393 1143 diximus,
1456 1079 1710 1148 corporis
1773 1094 1837 1134 ac
1884 1079 2083 1135 anima:

506 1171 707 1241 pariter
735 1179 1055 1226 curatorum
1092 1170 1498 1240 impertiretur,
1548 1170 1928 1240 peritissimus
1990 1172 2083 1229 ille

506 1279 616 1318 non
653 1262 833 1317 solum
880 1262 1254 1333 investigandi
1314 1262 1701 1332 spiritualium
1757 1264 2082 1320 morborum

504 1370 721 1421 causas,
757 1354 853 1409 sed
880 1354 1151 1409 medelam
1204 1370 1427 1425 quoque
1480 1355 1749 1411 afferendi
1802 1356 2085 1426 paratissi-

505 1461 667 1512 mus;
700 1445 879 1515 pudor
902 1455 1067 1515 atque
1094 1444 1259 1499 timor
1289 1445 1411 1501 illas
1433 1445 1681 1509 incessit,
1736 1454 2085 1517 precatazque

505 1546 673 1602 sunt,
704 1544 849 1591 terra
890 1536 996 1591 sibi
1027 1536 1181 1606 prius
1229 1535 1565 1603 debisceret,
1594 1552 1760 1607 quam
1813 1538 1943 1592 vita:
1973 1545 2083 1591 tam

394 1670 397 1671 ν
504 1628 767 1699 angelicae
806 1628 949 1693 viro,
986 1628 1041 1682 in
1095 1644 1262 1683 carne
1322 1628 1509 1683 carnis
1553 1628 1791 1699 experti,
1842 1643 1905 1683 ac
1944 1643 2084 1699 pene

505 1716 779 1787 spirituali
801 1717 984 1774 scelus
1013 1732 1177 1773 suum
1205 1717 1547 1772 revelarent.

576 1807 668 1862 86.
701 1809 839 1863 Dum
864 1810 938 1863 ita
968 1823 1156 1864 secum
1193 1808 1299 1863 illa:
1335 1810 1636 1871 luctantur,
1686 1817 1837 1865 metu
1885 1809 2081 1879 plenzc,

504 1900 708 1956 accidit
738 1908 972 1956 matrem
997 1900 1291 1972 Symeonis
1312 1901 1604 1967 Martham,
1634 1901 1926 1956 mulierem
1955 1917 2085 1957 vere

504 2001 773 2058 sanctam,
804 2008 958 2048 more
988 2008 1089 2048 suo
1118 1993 1253 2048 illuc
1272 1992 1537 2048 accedere
1573 2011 1587 2047 :
1615 1993 1873 2064 apparuit
1902 2003 2083 2049 autem

507 2086 597 2140 illa
617 2085 777 2141 anxie
795 2085 1162 2149 haerentibus,
1181 2084 1262 2140 uti
1294 2085 1479 2140 lumen
1505 2085 1561 2140 in
1576 2096 1737 2141 nocte
1762 2086 2082 2158 caliginosa,

505 2178 706 2234 mulier
731 2178 1079 2244 mulieribus,
1108 2193 1274 2233 sexus
1300 2177 1665 2233 similitudine
1695 2178 1802 2234 sibi
1848 2180 2089 2250 conjun-

503 2272 643 2338 etis;
671 2286 794 2342 quae
829 2272 897 2327 ad
930 2272 1098 2343 pedes
1132 2272 1283 2327 illius
1318 2287 1378 2326 se
1409 2288 1574 2341 quam
1626 2281 1885 2343 poterant
1931 2274 2085 2331 citis-

503 2362 640 2415 sime
653 2361 999 2432 abjicientes,
1013 2362 1350 2432 eosdemque
1368 2378 1492 2417 cum
1508 2363 1764 2435 laerymis
1778 2364 2087 2419 calentibus

503 2454 925 2525 amplectentes,
994 2455 1261 2512 miserum
1322 2455 1561 2511 infelicis
1627 2457 1825 2526 puella:
1880 2463 2084 2512 statum

503 2551 809 2611 exponunt,
831 2551 1120 2613 peccatum
1148 2559 1310 2597 suum
1343 2545 1661 2611 enuntiarit,
1711 2560 1935 2601 causam
1985 2560 2086 2600 cur

504 2642 695 2690 sancto
720 2635 858 2690 illud
892 2636 1174 2707 explicare
1204 2645 1485 2707 nequeant
1514 2647 1851 2707 proponunt.
1875 2638 2083 2694 Martha

505 2742 674 2797 porro
703 2743 816 2783 non
842 2729 1022 2783 solum
1041 2728 1396 2793 feminarum,
1429 2729 1526 2783 sed
1548 2738 1605 2784 et
1654 2738 1897 2785 matrum
1955 2746 2084 2787 san-

503 2819 786 2885 ctissima,
857 2820 1242 2877 inﬁrmitatem
1325 2822 1653 2877 muliebrem
1734 2839 2085 2893 nequaquam

387 2965 393 2971 _
504 2921 817 2982 aspernata,
841 2928 1023 2983 neque
1085 2929 1251 2968 sexus
1314 2916 1626 2969 communis
1682 2915 1896 2981 oblita;
1949 2915 2084 2985 quin

506 3004 692 3073 potius
718 3004 1036 3060 vehementi
1066 3005 1284 3060 illarum
1313 3006 1505 3062 dolore
1549 3022 1615 3061 ac
1663 3006 1880 3076 ploratu
1926 3022 2080 3064 com-

2186 523 2243 576 δὲ
2275 523 2497 575 κάκεῖνο
2535 522 2625 576 διὰ
2675 523 2883 587 παντὸς
2910 524 3073 593 ἔργον
3127 526 3520 595 πεποιημένος,
3553 527 3618 580 τὺ
3644 531 3774 591 τοὺς

2187 615 2335 685 αύτῷ
2366 617 2710 688 προσιόντας,
2740 618 2877 687 μετὰ
2931 619 3031 689 τῆς
3080 619 3225 673 κατά
3252 620 3412 690 σῶμα
3438 621 3773 689 θεραπείας,

2186 710 2290 763 εἴτι
2315 712 2409 763 καὶ
2434 709 2615 780 ψυχῆς
2646 706 2855 781 αἶσχος,
2895 713 2991 765 καὶ
3025 712 3183 765 τοῦτο
3214 712 3287 765 δι’
3318 697 3781 783 ὲξομολογήσεωέ

2185 802 2563 868 ἀποτίθεσθαι,
2585 800 2660 864 ὡς
2695 802 2983 873 ἀμφότερα
3018 803 3177 873 σῶμά
3203 820 3261 855 τε
3295 805 3391 857 καὶ
3437 804 3623 874 ψυχὴν
3667 805 3774 873 προ

2183 892 2277 945 τοῦ
2314 891 2563 963 σώματος
2591 892 2809 962 μᾶλλον,
2842 891 3017 956 οὕτως
3043 892 3345 946 ἐπανιέναι.
3379 892 3468 956 Ὠς
3498 888 3595 947 οὖν
3628 893 3773 960 πρά-

2184 983 2294 1049 ξεις
2357 983 2507 1055 αὐτῷ
2550 985 2645 1038 καὶ
2682 984 2976 1054 λογισμοὺς
3022 982 3317 1054 ἀνηρεύνα,
3357 983 3443 1037 ἵνα
3482 982 3579 1036 καὶ
3603 982 3774 1051 διπλῆ

2185 1076 2461 1147 (καθάπερ
2484 1076 2743 1146 ἔφημεν),
2768 1076 2829 1129 ού
2855 1076 3070 1146 σώματι
3110 1077 3293 1147 μόνον,
3323 1075 3457 1130 ἀλλά
3485 1078 3580 1130 καὶ
3603 1073 3776 1128 πνεύ-

2186 1186 2339 1240 ματι,
2361 1168 2574 1239 μεταδῷ
2604 1170 2705 1237 τῆς
2732 1168 2942 1236 ὑγείας,
2965 1162 3081 1231 οἷος
3116 1169 3347 1231 ἐκεῖνος,
3376 1167 3479 1221 οὐκ
3517 1164 3777 1237 dare?»

2186 1278 2276 1315 σαι
2308 1261 2467 1331 μόνον
2507 1260 2687 1314 αἰτίαν
2713 1259 2950 1331 ψυχικοῦ
3006 1259 3216 1323 πάθους
3266 1259 3475 1323 παντὸς
3500 1258 3775 1329 ἐμπειρό-

2184 1369 2366 1417 τατος,
2396 1350 2533 1406 ἀλλά
2567 1351 2663 1405 καὶ
2691 1351 2990 1420 θεραπείαν
3019 1350 3185 1413 εὐθὺς
3226 1351 3531 1419 ἐπαγαγεῖν
3555 1348 3778 1420 ἑτοιμό-

2184 1461 2366 1507 τατος,
2396 1443 2558 1507 αἰδὼς
2609 1442 2829 1507 ὲκείνας
2864 1440 2979 1512 εἶχε
3038 1444 3133 1497 καὶ
3176 1443 3320 1510 δέος,
3343 1442 3441 1497 καὶ
3480 1441 3778 1509 διαστῆναι

2188 1534 2454 1607 πρότερον
2483 1535 2676 1598 αὐταῖς
2698 1533 2799 1606 τὴν
2825 1534 2928 1604 γῆν
2958 1532 3212 1605 ηὔχοντο,
3246 1535 3280 1605 ἢ
3306 1533 3385 1607 τῷ
3405 1532 3578 1596 οὕτως
3598 1534 3780 1602 ἀγγε-

2187 1626 2329 1697 λικῷη
2355 1625 2447 1681 τὸν
2495 1625 2631 1696 βίον,
2659 1626 2755 1681 καὶ
2816 1624 3051 1698 ἀσάρκῳ
3102 1624 3302 1697 μικροῦ
3353 1626 3450 1678 καὶ
3510 1624 3670 1695 acup
3718 1624 3781 1677 τὸ

2193 1719 2362 1785 μῦσος
2395 1717 2768 1786 ἀνακαλύψαι.

2260 1820 2382 1877 πς¹.
2422 1812 2510 1876 Ὠς
2532 1809 2626 1865 οὖν
2652 1811 2897 1880 ἀγωνίας
2915 1805 3057 1881 ἦσαν
3081 1808 3227 1864 οὕτω
3249 1808 3344 1863 καὶ
3359 1809 3512 1872 δέους
3536 1808 3769 1877 μεσταὶ,

2187 1905 2388 1975 συνέϐη
2449 1904 2541 1958 τὸν
2593 1904 2803 1957 οἰκείαν
2857 1903 3007 1973 αὐτῷ
3070 1902 3311 1974 μητέρα,
3354 1902 3458 1973 τὴν
3502 1902 3661 1957 θείαν
3700 1901 3781 1963 ὡς

2185 1994 2401 2065 ἀληθῶς
2438 1994 2692 2065 Μάρθαν,
2718 1992 2795 2056 ὡς
2821 1992 2970 2057 ἔθος,
3008 1994 3350 2063 παραϐαλεῖν
3381 2009 3396 2025 '
3424 1994 3462 2064 ἥ
3517 2010 3602 2058 τις
3652 1992 3780 2062 φῶς

2185 2086 2373 2157 ὥσπερ
2404 2087 2592 2150 αὐταῖς
2621 2086 2791 2141 νύκτα
2823 2086 3026 2156 πολλὴν
3062 2084 3242 2157 ὤφθη,
3279 2085 3418 2157 γυνὴ
3442 2084 3696 2154 γυναιῇ,
3720 2084 3782 2135 τὸ

2190 2178 2457 2248 συγγενὲς
2518 2180 2775 2249 ἐχούσαις
2830 2178 2940 2233 ἀπὸ
2969 2178 3069 2248 τῆς
3118 2178 3359 2247 φύσεως,
3390 2177 3488 2232 καὶ
3520 2175 3781 2249 motae?”

2185 2271 2400 2341 ἐκείνης
2427 2269 2607 2323 ποδῶν
2633 2269 2833 2332 ἑαυτάς
2880 2269 2957 2333 ὡς
3007 2267 3150 2339 εἶχον
3188 2267 3471 2340 βαλοῦσαι,
3501 2268 3595 2321 καὶ
3624 2265 3781 2335 μετὰ

2185 2361 2405 2435 θερμῶν
2453 2361 2643 2416 αὐτῶν
2666 2360 2918 2432 δακρύων
2948 2361 3225 2430 λαϐόμενα
3254 2378 3271 2393 ο
3300 2360 3372 2415 τά
3416 2378 3480 2415 τε
3514 2360 3640 2429 περὶ
3672 2360 3779 2429 τῆς

2187 2455 2377 2518 παιδὸς
2400 2454 2653 2520 διεξίασι,
2678 2454 2775 2508 καὶ
2800 2454 2861 2506 τὸ
2884 2454 3192 2523 ἁμάρτημα
3214 2453 3379 2516 εὐθὺς
3406 2452 3777 2520 ἐξαγγέλλου-

2189 2564 2295 2613 σιν,
2327 2546 2408 2600 ετι
2456 2547 2551 2600 καὶ
2590 2546 2682 2599 τὸν
2720 2546 2902 2601 αίτίοιν
2936 2546 3278 2616 προσθεῖσαι,
3308 2546 3379 2598 δι’
3412 2544 3487 2615 ἢν
3506 2544 3600 2597 καὶ
3627 2544 3778 2614 πρὸς

2186 2639 2277 2694 τὸν
2303 2641 2494 2709 Ἀγιον
2526 2639 2951 2710 ἀνεξαγόρευται
2984 2638 3232 2703 ταύταις.
3272 2637 3334 2693 'H
3382 2640 3569 2709 μέντοι
3602 2640 3775 2691 ὁσιω-

2186 2734 2327 2801 τάτη
2420 2733 2696 2801 γυναικῶν
2728 2772 2743 2797 ,
2831 2731 2969 2787 ἀλλά
3054 2732 3153 2788 καὶ
3234 2731 3489 2803 μητέρων
3548 2730 3773 2800 ἐκείνη,

2186 2824 2507 2893 γυναικείας
2556 2825 2810 2895 οὐδαμῶς
2892 2824 3177 2887 ἀσθενείας
3239 2823 3616 2893 ὑπεριδοῦσι,
3670 2823 3773 2876 οὐ·

2186 2917 2244 2971 δὲ
2308 2917 2369 2970 τὸ
2434 2917 2693 2985 συγγενὲς
2780 2917 3097 2984 ἀγνοήσασα
3150 2932 3166 2948 ο
3281 2916 3591 2968 τούναντίον
3666 2914 3773 2983 μὲν

2188 3004 2283 3064 οὖν
2347 3008 2442 3063 καὶ
2503 3008 2710 3077 σφόδρα
2761 3010 2875 3070 τοῖς
2931 3007 3117 3059 αὐτῶν
3167 3006 3366 3060 πάθεσι
3412 3008 3508 3060 καὶ
3548 3005 3771 3078 θρήνοις

506 3106 681 3163 mota,
708 3107 765 3153 et
795 3114 855 3155 se
883 3096 1054 3170 ipsam
1084 3115 1305 3170 quoque
1320 3108 1551 3156 matrem
1574 3117 1721 3167 esse,
1744 3110 2080 3172 uterumque

2192 3100 2602 3163 ἐπικλασθεῖσα,
2629 3099 2690 3151 τό
2742 3116 2803 3151 τε
2832 3101 2929 3152 καὶ
2969 3098 3111 3169 αὐτὴ
3138 3099 3322 3169 μήτ-ηρ
3370 3094 3511 3152 εἶναι
3578 3115 3774 3169 μητρι-

507 3200 751 3260 gestasse
777 3206 846 3245 ex
910 3191 1389 3248 commiseratione
1422 3208 1553 3265 erga
1588 3193 1708 3248 illas
1760 3193 2082 3260 ostendens,

504 3283 747 3337 clevatas
774 3297 805 3338 e
830 3290 976 3338 terra
1000 3298 1127 3338 cum
1166 3284 1389 3340 sarcina
1449 3285 1764 3356 paralyticaa
1794 3285 1987 3355 pnella:
2016 3286 2083 3340 ad

508 3377 682 3431 tilium
713 3393 873 3431 suum
896 3376 1133 3433 adduxit
1159 3395 1193 3432 :-
1217 3379 1444 3443 Praesta,
1475 3380 1755 3449 inquiens,
1813 3380 1909 3444 flii,
1945 3380 2086 3435 hanc

507 3488 617 3527 non
666 3488 889 3543 parvam
917 3474 1074 3527 matri
1108 3474 1364 3544 gratiam,
1424 3484 1481 3531 et
1531 3476 1575 3529 si
1607 3476 1739 3545 quid
1796 3485 2083 3546 peccatum

506 3566 599 3629 sit,
628 3566 970 3631 condonans,
1001 3566 1228 3623 invoces
1245 3568 1537 3623 Dominum
1561 3570 1751 3625 Jesum
1777 3569 2083 3633 Christum,

505 3666 735 3712 extensa
764 3672 917 3711 more
939 3667 1207 3716 consueto
1256 3660 1484 3716 dextera
1541 3661 1727 3731 signes
1773 3663 1828 3716 in
1878 3662 2085 3718 virtute

506 3751 720 3806 Domini
756 3752 1017 3821 puellam.
1056 3753 1224 3809 Vides
1243 3768 1409 3823 quam
1442 3754 1642 3809 misere
1680 3764 1845 3824 atque
1886 3755 2085 3810 acerbe

509 3853 867 3913 torqueatur;
903 3844 1056 3915 signa
1076 3845 1226 3900 illam
1245 3860 1433 3908 cruce,
1464 3854 1518 3899 et
1544 3846 1748 3900 sanitas
1769 3847 2084 3901 omnimoda

506 3948 917 4009 consequetur;
952 3940 1095 4005 sine,
1134 3940 1278 3995 hanc
1294 3941 1526 4011 gratiam
1557 3956 1659 4009 ego
1710 3941 1914 3995 mulier
1960 3957 2082 3995 mu-

507 4029 738 4087 lieribus
767 4030 941 4094 hisce,
984 4039 1041 4086 et
1101 4040 1279 4085 mater
1321 4031 1453 4085 huic
1509 4031 1698 4096 matri,
1756 4030 2085 4101 gravissimo

507 4120 701 4175 dolore
743 4120 928 4176 cordis
978 4122 1287 4191 (quantum
1353 4121 1489 4176 mihi
1559 4121 1823 4191 colligere
1882 4120 2085 4186 datur)

505 4212 783 4274 :estuanti,
820 4228 849 4266 a
887 4220 939 4267 te
969 4228 1220 4268 exorem.
1243 4213 1326 4267 Ad
1358 4214 1494 4267 istas
1514 4214 1711 4268 matris
1735 4212 1832 4267 lilii
1853 4215 2087 4270 amantis

508 4318 702 4371 preces
732 4303 878 4357 ﬁlius
916 4304 1108 4359 matris
1131 4318 1346 4369 amans,
1378 4304 1519 4358 nihil
1545 4320 1807 4371 renuens,
1857 4305 2088 4376 adjutri-

508 4406 627 4446 cem
651 4392 943 4447 confestim
984 4407 1205 4446 manum
1263 4393 1664 4457 accommodat,
1708 4393 2085 4465 signatamque

2189 3194 2301 3247 κῶν
2328 3210 2387 3245 τε
2419 3192 2745 3263 πειραθῆναι
2773 3191 3116 3261 σπλάγχνων,
3159 3190 3267 3242 ἀπὸ
3293 3190 3395 3259 τῆς
3421 3190 3768 3259 συμπαθείας

2187 3286 2287 3354 τῆς
2320 3286 2449 3356 περὶ
2483 3285 2655 3347 αὑτὰς
2705 3284 2951 3348 δείξασα,
2983 3282 3076 3336 τοῦ
3136 3282 3365 3351 ἐδάφους
3418 3284 3587 3347 αὐτας
3644 3285 3771 3337 ἁνα-

2191 3378 2460 3446 στήσασα,
2494 3376 2589 3428 καὶ
2622 3378 2775 3445 παρά
2804 3375 2898 3428 τὸν
2937 3376 3055 3427 υἱὸν
3096 3375 3195 3429 σὺν
3223 3374 3302 3443 τῷ
3332 3375 3521 3446 φόρτῳ
3553 3374 3649 3429 τοῦ
3674 3393 3769 3428 πα-

2192 3468 2446 3539 ρειμένου
2477 3469 2774 3540 θυγατρίου
2810 3468 3185 3537 εἰσαγαγοῦσα
3215 3483 3232 3499 ο
3261 3469 3359 3531 Δὸς
3382 3468 3610 3537 ταύτην,
3639 3468 3765 3538 ἔφη,

2192 3562 2359 3632 μητρὶ
2388 3603 2403 3627 ,
2432 3562 2708 3627 τέκνον,ού
2753 3562 2954 3632 μικρὰν
2983 3562 3165 3633 χάριν,
3190 3563 3283 3615 καὶ
3314 3563 3425 3616 πᾶν
3449 3563 3504 3614 εἴ
3542 3579 3593 3615 τι
3614 3562 3768 3630 τυχὸν

2188 3652 2496 3722 ἁμάρτημα
2546 3653 2932 3724 συγχωρήσας,
2966 3652 3058 3707 τὸν
3087 3654 3288 3707 οἰκεῖον
3339 3654 3612 3723 δεσπότην
3639 3655 3765 3722 X9:-

2191 3743 2315 3796 στὸν
2373 3743 2721 3809 ὲπικάλεσαι,
2761 3744 2855 3797 καὶ
2882 3743 2959 3807 ὡς
3009 3744 3249 3815 συνήθης
3279 3744 3535 3808 ἐκτείνας
3563 3744 3667 3815 τὴν
3689 3743 3767 3796 δε-

2190 3834 2332 3899 ξιὰν.
2368 3833 2671 3904 σφράγισον
2728 3833 2824 3886 ἐπὶ
2847 3834 2915 3903 τῇ
2967 3833 3153 3889 αὑτοῦ·
3175 3833 3401 3904 δυνάμει
3430 3833 3530 3904 τὴν
3560 3833 3723 3886 παῖδα
3749 3848 3762 3864 ’

2187 3927 2322 3996 ὁρᾷς
2344 3926 2491 3986 ὅπως
2521 3924 2721 3988 ἀθλίως
2760 3925 2855 3978 καὶ
2886 3924 3136 3994 χαλεπῶς
3167 3926 3508 3995 πάσχουσαν.
3529 3928 3595 3995 τῇ
3626 3926 3766 3995 παρά

2191 4018 2286 4070 σοῦ
2319 4018 2376 4070 δὲ
2425 4017 2685 4088 σφραγῖδι
2735 4017 2926 4086 ἕψεται
2959 4017 3178 4081 πάντως
3228 4019 3325 4072 καὶ
3353 4018 3659 4089 θεραπεία,
3688 4019 3765 4071 ἵνα

2191 4109 2333 4177 γυνὴ
2382 4108 2649 4176 γυναιξὶν,
2676 4107 2815 4163 ἀλλὰ
2866 4108 2962 4161 καὶ
3004 4109 3189 4179 μήτηρ
3220 4110 3391 4181 μητρὶ
3435 4110 3762 4181 χαρίσωμαι,

2186 4200 2372 4265 δεινῶς
2391 4202 2511 4271 (ὅσα
2542 4202 2641 4273 ἐμὲ
2675 4200 2898 4270 εἰδέναι)
2937 4200 3037 4271 τὴν
3068 4202 3298 4272 καρδίαν
3330 4202 3761 4274 πυρπολουιένη.

2193 4296 2341 4365 Πρὸς
2370 4295 2629 4367 τοιαύτης
2678 4295 2861 4349 τοίνυν
2898 4294 3216 4364 φιλόπαιδος
3266 4295 3475 4366 μητρὸς
3523 4293 3764 4359 ἀξιώσεις

2194 4388 2315 4451 υίὸς
2347 4387 2668 4458 φιλομήτωρ
2698 4388 2804 4441 οὐκ
2830 4386 3154 4451 ἀνανεύσας,
3192 4387 3325 4441 ἀλλά
3350 4387 3475 4450 δοὺς
3498 4385 3763 4458 ὑπουργὸν

511 4483 764 4537 invocato
806 4483 1015 4539 Christi
1072 4485 1297 4539 nomine
1350 4485 1610 4554 puellam,
1647 4486 1853 4540 salvam
1920 4494 2084 4556 atque

2193 4479 2382 4539 αὑταῖς
2439 4476 2643 4541 εὐθέως
2698 4475 2801 4549 τὴν
2853 4476 3056 4543 δεξιὰν,
3090 4478 3189 4531 καὶ
3219 4482 3317 4548 τὴν
3368 4478 3535 4534 παῖδα
3567 4480 3633 4549 τῇ
3678 4475 3761 4531 τοῦ

510 4576 779 4630 valentem
806 4591 915 4629 non
941 4575 1125 4633 minus
1165 4587 1349 4631 mente
1393 4592 1558 4645 quam
1589 4592 1825 4647 corpore
1867 4576 2090 4632 feminis

509 4666 721 4732 reddit;
755 4675 1103 4737 matremque
1134 4684 1244 4722 non
1302 4668 1480 4723 solum
1536 4667 1667 4723 fecit
1715 4684 1883 4739 super
1931 4670 2088 4739 prole

508 4754 805 4820 laatantem,
836 4754 930 4809 sed
962 4771 1117 4813 suam
1150 4772 1371 4826 quoque
1402 4758 1630 4812 multam
1665 4774 1732 4815 ex
1785 4774 1854 4815 eo
1910 4759 2089 4814 hono-

510 4855 705 4912 ratam,
750 4847 898 4918 quod
954 4848 1071 4919 ipsa
1120 4848 1246 4903 ideo
1276 4850 1424 4919 quod
1484 4860 1664 4907 mater
1693 4860 1863 4920 esset,
1928 4854 2088 4909 matri

512 4936 843 4993 incolumem
879 4939 1045 4994 filiam
1066 4940 1421 4996 obtinuisset.

582 5109 669 5164 87.
693 5110 860 5181 Virgo
893 5111 1141 5180 quaedam
1174 5124 1384 5179 tenera,
1435 5114 1649 5185 duplici
1675 5116 1875 5173 affecta
1919 5119 2086 5185 malo,

511 5203 714 5263 acerbo
730 5202 1002 5261 daemone.
1032 5215 1087 5259 et
1108 5207 1265 5274 pedis
1288 5206 1510 5273 dolore,
1539 5208 1689 5263 videt
1721 5225 1819 5279 per
1844 5210 2087 5281 quietem

511 5306 785 5358 sanctum,
820 5304 1031 5350 vestem
1063 5298 1299 5351 lucidam
1335 5308 1428 5353 aut
1476 5300 1657 5354 lucem
1678 5301 1861 5371 potius
1916 5302 2088 5372 ipsam

516 5387 1125 5458 indutum,gladiolum
1179 5406 1345 5444 manu
1388 5391 1795 5461 praeferentem,
1848 5408 2089 5464 eumque

424 5474 427 5477 “
512 5480 663 5535 velut
696 5479 821 5550 pedi
846 5481 968 5551 eius
996 5480 1220 5551 inﬁgere
1244 5492 1557 5537 conantem.
1587 5484 1713 5539 Adit
1747 5500 1877 5555 ergo
1918 5484 2086 5549 hunc,

517 5572 569 5624 in
600 5572 833 5626 somniis
853 5572 1002 5635 nixa,
1028 5576 1340 5643 conlisaquc
1367 5574 1512 5643 quod
1535 5576 1603 5629 ab
1638 5576 1732 5630 illo
1749 5575 1963 5631 sanitas-
1981 5576 2086 5631 sibi

513 5671 660 5718 esset
675 5662 1029 5717 conferenda.
1050 5663 1299 5733 Cumque
1320 5664 1627 5720 invocasset
1648 5666 2085 5722 sanctusChristi

516 5770 739 5817 nomen,
804 5755 1188 5824 virgincmquc
1255 5756 1435 5811 crucis
1500 5758 1779 5827 signaculo
1829 5761 2085 5814 “tertium

2191 4567 2429 4638 Χριστοῦ
2497 4567 2783 4638 ἐπικλήσει
2828 4568 3158 4641 σφραγίσας,
3222 4571 3353 4637 ὑγιᾶ
3407 4570 3657 4639 ταύτην,
3708 4569 3759 4622 οὐ

2197 4660 2358 4730 σῶμα
2388 4658 2567 4729 μόνοι,
2595 4657 2732 4711 ἀλλὰ
2765 4662 2858 4711 καὶ
2914 4658 3143 4728 φρένας,
3181 4660 3375 4723 αὐταῖς
3428 4658 3759 4721 ἀποδίδωσιν,

2190 4751 2252 4803 ού
2311 4750 2527 4821 μητέρα
2581 4749 2742 4820 μόνον
2776 4749 2870 4803 ἐπὶ
2905 4749 3082 4820 τέκνῳ
3110 4750 3291 4816 δείξας
3315 4748 3757 4821 εὐφραινομένην,

2190 4842 2329 4897 ἀλλά
2363 4840 2541 4913 πολλῷ
2592 4839 2688 4893 καὶ¹
2734 4838 2832 4911 τήν
2886 4838 3083 4893 ἑαυτοῦ
3161 4839 3378 4911 μητέρα
3441 4839 3648 4909 μᾶλλον
3684 4838 3760 4890 ἐπὶ

2189 4931 2365 5003 τούτῳ
2416 4930 2847 5002 σεμνυνομένην,
2880 4930 2962 4984 ὅτι
2997 4929 3075 5001 τῷ
3102 4931 3287 5000 μήτηρ
3321 4929 3460 5001 αὐτῇ
3490 4930 3764 4999 γενέσθαι.

2197 5026 2367 5098 μητρὶ
2398 5025 2676 5097 σωτηρίαν
2708 5026 2902 5089 παιδὸς
2927 5025 3242 5097 χαρίζεται.

2262 5117 2369 5183 πῖ.
2420 5117 2571 5188 Κόρη
2608 5134 2695 5181 τις
2740 5117 3015 5189 παρθένος
3063 5118 3182 5187 διχῇ
3223 5114 3530 5183 πέπληκτο,
3565 5112 3769 5185 χαλεπῷ

2191 5210 2406 5281 δαίμονι
2460 5210 2555 5263 καὶ
2600 5209 2764 5263 πάθει
2792 5210 2983 5273 ποδός·
3025 5210 3129 5281 ὁρᾷ
3156 5207 3447 5279 τοιγαροῦν
3477 5209 3572 5261 τὸν
3593 5208 3769 5274 ’Ᾱγιον

2190 5301 2343 5372 ὄναρ,
2368 5299 2569 5371 ἔνδυμα
2602 5299 2718 5369 φῶς
2742 5299 3070 5370 αὐτόχρημα
3106 5298 3519 5368 περικείμενον,
3557 5295 3769 5366 ξιφίδιόν

2189 5411 2249 5447 τε
2283 5393 2372 5447 διὰ
2406 5392 2589 5463 χειρὸς
2636 5392 2851 5461 ἔχοντα,
2880 5394 2972 5444 καὶ
3016 5392 3077 5444 τὸ
3108 5392 3203 5460 μὲν
3230 5390 3308 5458 τῷ
3355 5389 3484 5443 ποδὶ
3528 5389 3770 5457 καθάπερ

2190 5487 2420 5551 ἐπάγειν
2479 5485 2761 5555 μέλλοντα.
2818 5484 3075 5554 Πρόσεισι
3123 5482 3322 5544 τοίνυν,
3351 5475 3431 5543 οἷς
3466 5480 3613 5533 κατὰ
3654 5479 3771 5541 τοὺς

2191 5576 2392 5637 ὕπνους
2425 5576 2523 5629 ἴδοι
2555 5575 2906 5640 πιστεύουσα,
2932 5577 3012 5629 ὅτι
3037 5576 3167 5646 παρ’
3185 5574 3352 5628 αὑτοῦ
3383 5574 3477 5627 καὶ
3507 5575 3609 5644 τήν
3639 5573 3770 5625 ίασιν

2190 5672 2481 5739 κομιεῖται.
2529 5668 2585 5721 Ὁ
2628 5669 2683 5722 δὲ
2718 5669 2777 5721 τὸ
2808 5669 2900 5722 τοῦ
2938 5668 3175 5739 Χριστοῦ
3218 5668 3457 5731 καλέσας
3480 5668 3673 5737 ὄνομα,
3699 5662 3769 5731 τῷ

2192 5776 2246 5812 τε
2282 5759 2374 5811 τοῦ
2420 5758 2651 5829 σταυροῦ
2683 5759 2837 5829 τύπῳ
2862 5759 3044 5828 τρίτον
3072 5759 3239 5827 αὐτὴν
3266 5757 3685 5829 διασφραγίσας,
3710 5754 3765 5811 οὐ
