3988 6510
325 357 467 421 3069

1321 349 1492 410 VITA
1541 353 1584 414 Δ
1626 355 2062 418 NICEI’HORO
2099 358 2586 427 CONSCRIPTA.

3433 369 3576 434 8070

323 475 419 526 τδν
443 470 672 540 δαίμονα
699 469 858 538 μόνον
879 466 1130 522 έκδάλλει
1157 465 1346 528 δεινῶς
1368 466 1748 540 ἐλαυνόμενον,
1773 471 1911 526 ἀλλὰ

2014 475 2369 542 munivisset,
2422 494 2530 532 non
2563 479 2741 533 solum
2778 478 3082 535 dremonem
3112 480 3352 551 graviter
3388 481 3576 552 exagi-

327 564 424 616 xal.
452 563 514 636 τὸ
542 562 712 625 πάθος
764 562 900 630 αὐτῇ
945 559 1039 612 τοῦ
1073 560 1232 622 ποδὸς
1275 559 1594 624 θεραπεύει.
1640 565 1778 634 Γυνή
1822 583 1905 628 τις

327 654 474 708 οὕτω
510 653 760 724 χαλεπῶς
793 653 1077 724 ὲμεμῄνει,
1119 653 1194 717 ὡς
1227 654 1320 706 καὶ
1365 657 1492 709 ⁴καθ’
1523 656 1712 720 ὓδατος
1740 657 1906 726 αὐτὴν

327 746 435 800 ὑπὸ
455 745 550 798 τοῦ
569 745 820 815 δαίμονος
843 745 1098 805 πολλάκις
1121 747 1540 814 κατενεγθεῖσαν
1566 747 1714 807 παρὰ
1733 747 1906 818 βραχὺ

329 837 579 890 κινδύνου
611 837 902 904 γενέσθαιο
942 836 1082 906 αῦτη
1139 839 1382 908 συνεχῶς
1423 841 1555 911 ὁρᾷν
1599 839 1776 892 ἐδόκει
1817 840 1908 893 τὸν

330 929 578 998 Συμεὼν,
634 929 758 997 ὄψιν
825 928 1034 981 ἐκείνου
1094 928 1187 982 καὶ
1247 931 1436 984 στάσιν
1491 929 1904 1001 φανταζομένη·

331 1021 512 1074 καίτοι
551 1021 819 1092 μηδέποτε
848 1020 925 1090 τῷ
959 1020 1126 1091 Ἀγίῳ
1144 1023 1560 1092 παραϐαλοῦσα.
1590 1025 1770 1092 Ἔγνω
1801 1041 1909 1075 τοι·

329 1113 544 1183 γαροῦν
561 1115 653 1169 καὶ
677 1114 974 1184 ὀφθαλμοῖς
1005 1114 1160 1179 [δεῖν.
1187 1109 1249 1170 οῦ
1281 1117 1378 1180 τὰς
1411 1117 1523 1170 τῶν
1545 1119 1909 1187 χαρακτήρων

333 1208 434 1260 καὶ
485 1206 580 1259 τοῦ
627 1205 787 1276 ἡθους
823 1206 1006 1273 αὐγὰς
1045 1208 1074 1259 ὁ
1115 1208 1240 1270 νοῦς
1293 1206 1622 1274 ὲφαντάζετο
1646 1224 1659 1238 ο
1691 1210 1809 1260 ἐπεὶ
1851 1208 1907 1261 δὲ

330 1297 468 1370 παρ’
494 1298 658 1352 αὐτὸν
690 1297 833 1350 ἔλθοι
861 1301 954 1351 καὶ
991 1298 1141 1369 αὐτῷ
1168 1300 1424 1363 ἁτενίσοι,
1467 1300 1566 1352 οὐκ
1598 1299 1820 1367 ὲνεγκὸν
1850 1301 1909 1352 τὸ

331 1391 612 1460 δαιμόνιον
652 1390 748 1460 τὴν
789 1390 882 1442 τοῦ
928 1390 1120 1460 ἀνδρὸς
1157 1391 1478 1463 παρουσίαν.
1511 1391 1676 1457 ἔξεισι
1720 1390 1909 1454 δεινῶς

332 1484 624 1548 ἀλαλάζον,
655 1485 932 1552 νήφουσαν
959 1483 1127 1553 αὐτὴν
1155 1483 1532 1547 ἀπολελοιπός.
1574 1480 1704 1538 Εἶτα
1741 1484 1910 1554 πρὸσο

333 1573 444 1627 εισί
467 1591 552 1637 τις
585 1574 734 1643 αύτῷ
763 1574 854 1626 καὶ
883 1573 1018 1643 ἄλλη
1049 1573 1314 1644 δαιμονίῳ
1341 1575 1614 1643 πνεύματι
1657 1574 1910 1644 κάτοχος,

334 1666 433 1720 καὶ
461 1665 524 1719 τὸ
554 1665 654 1737 μὲν
678 1665 840 1729 εὐθὺς
867 1666 1190 1736 ὲπιτιμηθὲν
1221 1664 1605 1721 ἀπελαύνεται.

2010 576 2179 620 tatmn
2237 571 2650 645 exterminavit,
2706 572 2800 625 sed
2836 572 2992 641 pects
3045 588 3263 643 quoque
3331 571 3574 626 dolorem

2007 659 2242 715 curavit.
2269 661 2463 716 Mulier
2492 664 2740 732 qmedam
2759 675 2866 717 tam
2893 664 3446 735 gravitcrl‘urebat,ut
3466 679 3574 717 non

2009 767 2134 805 raro
2162 751 2216 805 in
2250 769 2418 822 aquas
2447 754 2834 809 deturbaretur
2864 773 2892 810 a
2913 757 3158 810 thcmoue
3191 757 3456 810 satiscum
3478 773 3576 826 pe-

2010 844 2186 896 riculo
2207 861 2224 909 ;
2248 845 2536 899 videbatur
2556 846 2672 901 hac
2698 847 2802 900 sibi
2831 863 3109 917 nunquam
3163 863 3274 902 non
3326 859 3574 916 spectare

2009 935 2358 1005 Symeonem,
2420 938 2541 1008 ejus
2583 939 2794 992 vultum
2845 955 2910 992 ac
2959 939 3247 993 stationem
3278 939 3574 994 identidem

2009 1026 2112 1080 sibi
2144 1026 2470 1096 imaginans,
2513 1029 2727 1082 tametsi
2777 1044 3055 1098 nunquam
3097 1029 3247 1084 illum
3294 1029 3574 1084 adivisset.

2007 1117 2237 1172 (leuauit
2285 1116 2455 1186 igitur
2487 1119 2662 1174 oculis
2702 1119 2806 1174 sibi
2856 1119 3178 1174 intuendum
3222 1135 3366 1185 esse,
3419 1120 3578 1189 cujus

2009 1207 2339 1263 lineamenta
2363 1217 2532 1279 atque
2550 1226 2731 1265 mores
2753 1221 2860 1266 tam
2884 1211 3029 1266 clare
3049 1211 3443 1281 splendideque
3469 1209 3576 1266 sibi

2010 1313 2167 1354 mens
2193 1308 2617 1368 repraesentaret
2646 1319 2660 1354 :
2689 1310 3045 1371 posteaquam
3071 1317 3208 1356 vero
3238 1300 3578 1372 pervenisset

2008 1389 2078 1443 ad
2107 1397 2380 1453 sanctum,
2421 1389 2721 1460 fuissetque
2752 1391 2984 1454 intuita:
3024 1391 3256 1456 daemon,
3293 1390 3398 1444 viri
3439 1406 3578 1460 pra:-

2009 1481 2242 1536 sentiam
2289 1496 2399 1537 non
2450 1481 2654 1545 ferens,
2701 1483 2837 1537 exiit
2873 1498 2997 1538 cum
3049 1483 3284 1538 horrido
3335 1483 3578 1554 ejulatu,

2009 1571 2239 1625 muliere
2287 1572 2497 1639 integra
2541 1573 2749 1627 relicta.
2805 1572 3010 1629 Deinde
3049 1582 3106 1629 et
3167 1573 3276 1628 alia
3327 1571 3579 1643 quaedam

2009 1659 2280 1715 daamonio
2309 1661 2552 1732 subjecta
2586 1661 2651 1715 ad
2686 1673 2934 1718 sanctum
2954 1663 3127 1729 venit,
3158 1671 3214 1718 et
3244 1663 3424 1733 ipsum
3445 1675 3579 1718 con-

2013 1751 2168 1805 tinuo
2193 1751 2522 1822 increpitum
2559 1753 2814 1808 excessit.

403 1843 519 1916 πη’.
565 1843 725 1913 Ἑξῆς
777 1843 837 1896 δὲ
881 1841 1215 1912 προσάγεταί
1257 1859 1342 1906 τις
1385 1841 1489 1894 ὑπὸ
1528 1839 1624 1894 τοῦ
1656 1839 1904 1904 τεκόντος

2079 1841 2170 1896 88.
2199 1843 2328 1898 Post
2348 1813 2470 1898 luce
2495 1843 2788 1898 adducitur
2825 1859 2856 1898 a
2888 1853 3044 1915 patre
3084 1844 3304 1916 juvenis
3328 1843 3578 1915 quaedam

332 1935 644 2005 δαιμονῶσα
676 1936 877 1999 νεᾶνις,
914 1935 1012 1989 καὶ
1047 1936 1146 2005 τὴν
1198 1933 1448 2002 γλῶσσαν
1492 1932 1738 1986 οἴκτιστα
1790 1933 1909 1986 δια-

339 2029 698 2098 μασσωμένη,
739 2029 838 2096 οὐχ
876 2022 1038 2098 ἦττον
1065 2028 1180 2089 τοῖς
1215 2027 1429 2089 ἑαυτοῖς
1457 2026 1765 2098 πάθεσιν,ἢ
1797 2028 1910 2089 τοῖς

336 2119 434 2174 τοῦ
476 2121 687 2193 Πατρὸς
745 2120 1023 2192 ἄνθραξιν,
1072 2114 1154 2183 οἷς
1199 2120 1287 2173 ἐπ’
1331 2120 1466 2191 αὐτῇ
1509 2105 1580 2172 τά
1627 2119 1909 2189 σπλάγχνα

337 2215 675 2286 ἐπίμπρατο,
721 2215 871 2268 ἔλεον
897 2214 1068 2284 αὐτῆς
1112 2213 1190 2283 τῷ
1219 2212 1442 2283 Συμεὼν
1489 2212 1812 2282 ἐμποιοῦσα,
1847 2205 1909 2267 οὗ

339 2307 438 2360 καλ⁸
477 2307 554 2374 τῷ
604 2305 819 2374 δαίμονι
861 2305 1072 2374 ταύτης
1133 2304 1364 2368 ἐξελθεῖν
1416 2304 1906 2375 παραγγείλαντος,

269 2422 283 2432 ο
341 2399 658 2466 ὑγιαίνουσα
683 2401 867 2470 φωνὴν
896 2401 1013 2469 ἅμα
1047 2400 1138 2451 καὶ
1171 2398 1416 2466 γλῶτταν
1450 2398 1612 2458 εὐθὺς
1657 2399 1691 2468 ἡ
1729 2397 1910 2460 νεᾶνις

337 2485 431 2556 ἢν,
460 2489 542 2558 τῷ
567 2507 625 2542 τε
659 2491 828 2560 πατρὶ
873 2489 1126 2558 δακρύων
1172 2489 1366 2557 ἡδονῆς
1412 2487 1610 2558 μᾶλλον
1651 2489 1771 2542 ἀντὶ
1809 2489 1910 2556 τῆς

340 2583 533 2651 πρώην
555 2581 764 2648 ὀδύνης,
800 2583 894 2634 καὶ
922 2582 1184 2648 μεγίστης
1214 2581 1292 2642 είς
1315 2580 1448 2631 Θεὸν
1471 2579 1908 2648 ἂξομολογήσεως

338 2674 586 2742 ἀφορμή.
621 2672 834 2741 Ὥσπερ
877 2670 933 2723 δὲ
961 2670 1151 2722 πολλαὶ
1178 2669 1448 2737 γυναικῶν
1483 2669 1666 2737 εὐχαῖς
1698 2668 1908 2722 ἐκείνου

339 2762 670 2828 πνευμάτων
691 2778 760 2812 πο
773 2761 940 2829 ,ηριῖλν
966 2759 1383 2828 ἀπηλλάγησαν,
1408 2756 1551 2810 οὕτω
1583 2756 1774 2811 πολλαὶ
1809 2758 1912 2811 πά-

339 2856 427 2909 λιν
482 2855 690 2909 ἐκείνου
745 2854 1119 2915 διδασκαλίαις
1165 2851 1380 2921 πνεῦμα
1430 2851 1574 2904 θεῖον
1631 2850 1906 2912 ὠδίνασαι,

339 2947 434 3001 καὶ
484 2949 788 3016 μνηστῆρσι
828 2946 969 2999 κατὰ
1013 2943 1223 2997 Θέκλαν
1250 2943 1350 3014 τὴν
1379 2942 1683 3013 μαρτυρίου
1724 2943 1912 3013 τρίϐον

337 3039 556 3108 γυναιξὶ
596 3036 866 3108 τιμοῦσαν
899 3036 1332 3106 ἁποταξάμεναι,
1389 3035 1484 3087 καὶ
1519 3033 1715 3104 γάμων
1741 3035 1912 3104 ὑπερ-

2010 1932 2366 1999 dzemoniaca,
2389 1950 2510 2004 qua:
2532 1935 2772 2006 linguam
2797 1935 2902 1990 sibi
2930 1935 3239 1991 miserrime
3267 1932 3578 1990 mandendo

2010 2031 2412 2094 comminuens,
2447 2045 2560 2085 non
2586 2030 2770 2086 minus
2797 2024 2898 2086 suo
2925 2031 3100 2101 ipsius
3130 2032 3376 2086 cruciatu
3411 2047 3576 2102 quam

2011 2122 2185 2192 patris
2210 2123 2366 2194 cujus
2393 2139 2465 2187 ex
2510 2125 2894 2194 compassione
2925 2124 3138 2178 viscera
3182 2123 3577 2189 adurebantur,

2010 2214 2078 2268 ad
2127 2213 2498 2270 miserendnm
2531 2214 2616 2269 sui
2662 2213 2986 2285 Symeonem
3022 2213 3437 2268 commovebat:
3467 2228 3580 2283 quo

2011 2305 2246 2360 cla-moui
2294 2321 2572 2377 egressum
2622 2306 2944 2376 imperante,
2996 2314 3180 2361 sanata
3216 2307 3393 2376 puclla
3431 2305 3582 2361 vocis

2013 2399 2319 2468 linguarque
2353 2413 2512 2452 usum
2536 2413 2660 2452 mox
2687 2397 3003 2467 expeditum
3031 2398 3254 2463 habuit;
3277 2409 3432 2467 pater
3450 2410 3582 2451 vero

2013 2489 2299 2558 lacrymas,
2331 2503 2441 2541 non
2466 2489 2578 2557 jam
2611 2488 2836 2550 doloris,
2877 2497 2937 2542 ut
2980 2497 3126 2547 ante,
3159 2487 3252 2542 sed
3286 2474 3583 2557 voluptatis

2015 2577 2245 2641 indices,
2275 2577 2538 2633 fundendi
2572 2588 2629 2632 et
2657 2579 2926 2648 magnalia
2959 2579 3053 2633 Dei
3091 2577 3385 2632 confitendi
3420 2592 3582 2631 occa-

2012 2669 2242 2723 sionem.
2289 2668 2757 2735 Quemadmodum
2814 2679 2998 2724 autem
3069 2669 3386 2737 frequentes
3437 2667 3601 2722 illius

2012 2761 2272 2831 precibus
2293 2761 2629 2829 nequissimo
2649 2762 2844 2832 spiritu
2871 2762 3118 2817 liberata:
3135 2770 3265 2816 sunt
3284 2761 3572 2816 mulieres:

2014 2852 2088 2906 ita
2119 2852 2358 2906 vicissim
2415 2851 2661 2921 ejusdem
2717 2852 2967 2908 doctrina
3016 2862 3180 2922 atque
3229 2852 3577 2907 institutione

2013 2945 2348 3014 frequentes,
2375 2947 2646 2999 sanctiore
2672 2945 2869 3014 spiritu
2903 2956 3189 3016 conceptu,
3223 2945 3440 3016 sponsis
3468 2946 3597 3002 suis-

2013 3035 2268 3103 exemplo
2317 3035 2556 3096 Theche,
2603 3034 2824 3089 feminis
2873 3035 3136 3089 imitanda
3190 3035 3441 3106 martyrii
3494 3034 3582 3090 via

341 3135 570 3197 ιδοῦσαι,
599 3135 904 3204 παρθένους
952 3133 1120 3200 ἁγνάς
1153 3149 1236 3184 σοι
1276 3133 1643 3200 τετηρήκασιν
1689 3129 1906 3192 ἑαυτάς,

2018 3139 2350 3192 praagressae,
2369 3125 2622 3176 nuntium
2635 3125 2985 3188 remiserunt,
3008 3125 3226 3194 nuptias
3237 3134 3584 3194 spreverunt,

337 3226 572 3279 ἀθάνατα
613 3225 814 3295 νυμφίε
853 3225 894 3276 Χ
903 3224 1074 3293 ριστὲ,
1101 3223 1181 3292 σῷ
1205 3241 1267 3275 τε
1297 3224 1674 3290 νυμφωθεῖσαι
1700 3221 1907 3286 κάλλει,

338 3319 432 3370 καὶ
451 3316 552 3386 σὴν
571 3318 931 3386 ἀγαπήσασαι
947 3314 1282 3385 ὡραιότητα.
1323 3311 1463 3365 Ἀλλ’
1487 3314 1624 3382 ἡμῖν
1641 3312 1730 3364 καὶ
1755 3307 1910 3375 αὖθις

335 3408 546 3479 ἑχὲσθω
572 3407 674 3478 τῆς
694 3406 1016 3468 ἀκολουθίας
1039 3407 1067 3459 6
1086 3405 1265 3472 λόγος.

410 3581 526 3636 πθ’.
556 3579 839 3651 Προσῆλθέ
871 3597 954 3642 τις
986 3577 1063 3649 τῷ
1093 3577 1224 3647 θείῳ
1255 3577 1500 3646 Συμεὼν,
1533 3574 1680 3628 οὕτω
1725 3573 1911 3638 κακῶς

337 3675 448 3729 ὑπὸ
501 3673 752 3742 δαίμονος
786 3671 1033 3739 πάσχων,
1079 3668 1154 3731 ὼς
1205 3669 1280 3738 μὴ
1319 3667 1556 3736 πλευρὰς
1597 3665 1913 3734 ἀμφοτέρας

339 3767 521 3836 μόνον,
555 3764 693 3817 ἀλλὰ
721 3765 816 3816 καὶ
848 3763 1008 3832 σῶμα
1033 3761 1152 3814 ὅλον
1181 3761 1270 3812 ὑπ’
1298 3757 1463 3812 αὑτοῦ
1504 3756 1909 3826 συντετρίφθαι.

339 3850 446 3911 Οἷα
480 3853 609 3924 γοῦν
633 3855 702 3908 τὰ
729 3854 828 3924 τῆς
851 3852 1166 3923 ἀπορρήτου
1198 3851 1334 3904 Θεοῦ
1366 3851 1574 3919 σοφίας,
1607 3849 1682 3902 ὅτ’
1712 3849 1777 3904 ἄν
1807 3866 1914 3903 τινι

342 3947 659 4020 παραδόξως
690 3943 950 4015 ἐπινεύσῃ
979 3944 1078 4014 τὴν
1115 3942 1428 4014 σωτηρίανί
1469 3942 1674 3996 Ἐδόκει
1706 3941 1786 4012 τῷ
1808 3941 1914 3994 πά-

341 4056 525 4112 σχοντι
557 4040 650 4093 τὸν
677 4040 866 4107 ’Ἃγιον
893 4038 996 4092 ὅσα
1022 4038 1116 4092 καὶ
1150 4036 1334 4106 ίατρδν
1362 4037 1514 4106 ὁρᾷν,
1543 4035 1630 4103 ἐφ’
1651 4033 1915 4105 ἑκατέρας

338 4132 507 4188 αὐτοῦ
539 4130 781 4201 πλευράς
812 4145 871 4183 τε
903 4130 999 4183 καὶ
1032 4130 1218 4198 χεῖρας
1251 4127 1412 4180 οἱονεί
1443 4142 1552 4180 τινι
1597 4124 1915 4196 φλεϐοτόμῳ

339 4229 624 4297 χρώμενον
643 4238 659 4254 ⁸
693 4223 786 4277 καί
815 4238 961 4286 τινος
991 4221 1124 4291 ὕλης
1153 4221 1362 4275 ἐκεῖθεν
1405 4219 1684 4292 μοχθηρᾶς
1722 4235 1915 4272 κενου-

341 4319 536 4389 μένης,
560 4315 958 4370 συνεκεκένωτο
1005 4315 1104 4368 καὶ
1147 4315 1177 4367 ὁ
1210 4314 1422 4384 δαίμων
1464 4314 1789 4383 ὶπιτιμήσει
1821 4310 1913 4366 τοῦ

340 4409 590 4482 Συμεών.
623 4407 867 4479 Ἀπαθής
894 4423 956 4460 τε
984 4405 1172 4460 κακῶν
1196 4406 1226 4458 ὁ
1255 4406 1480 4476 πάσχων
1501 4405 1768 4477 εἱστήκει,
1799 4403 1915 4476 χεί-

2013 3215 2254 3283 virgines
2274 3231 2394 3270 sese
2419 3226 2594 3269 castas
2629 3217 2745 3278 tibi,
2771 3215 2986 3270 Christe
3017 3216 3344 3270 immortalis
3363 3231 3586 3286 sponse,

2012 3316 2496 3370 conservaverunt;
2523 3317 2627 3362 tuae
2640 3307 3038 3376 pulchritudini
3059 3308 3583 3374 desponsatazJuam

2013 3393 2333 3464 dignitatem
2363 3396 2646 3450 amoribus
2681 3404 3001 3464 prosecutae.
3041 3396 3146 3450 Sed
3179 3413 3246 3451 co
3281 3405 3589 3452 revertatur

2011 3489 2209 3549 oratio,
2239 3488 2382 3541 unde
2409 3489 2655 3559 digressa
2683 3499 2784 3544 est.

2084 3602 2172 3656 89.
2208 3603 2372 3657 Venit
2429 3603 2648 3672 quidam
2700 3603 2766 3656 ad
2805 3612 3057 3658 sanctum
3115 3603 3438 3675 Symeonem
3476 3613 3586 3658 tam

2013 3697 2214 3750 misere
2247 3714 2276 3751 a
2300 3696 2571 3751 daemonio
2602 3695 2846 3761 habitus,
2881 3707 2940 3751 ut
2989 3708 3222 3766 utroque
3264 3711 3372 3750 non
3423 3695 3588 3750 modo

2013 3785 2207 3848 latere,
2247 3785 2344 3839 sed
2403 3795 2518 3842 toto
2570 3794 2839 3856 quantum
2892 3798 2974 3841 est
3037 3801 3270 3856 corpore
3324 3795 3591 3842 contusus

2015 3875 2401 3944 contritusque
2451 3882 2620 3930 esset.
2685 3875 2811 3941 Sed,
2873 3892 2906 3932 0
2975 3891 3138 3945 quam
3202 3874 3591 3930 inenarrabilis

2015 3966 2108 4020 Dei
2159 3967 2449 4036 sapientia,
2509 3968 2729 4022 cuidam
2806 3983 2907 4022 nec
2993 3967 3239 4036 opinanti
3302 3967 3594 4022 restituere

2014 4058 2244 4112 salutem
2285 4058 2521 4113 volentis
2563 4059 2576 4112 ι
2608 4058 2795 4112 videre
2825 4058 2928 4112 sibi
2960 4058 3127 4112 miser
3155 4059 3307 4113 visus
3353 4067 3438 4113 est
3464 4073 3594 4114 sana

2015 4157 2164 4205 ctum
2213 4165 2312 4221 per
2355 4149 2538 4205 omnia
2585 4148 2796 4203 medico
2850 4148 3122 4213 similem,
3178 4149 3396 4219 utrique
3429 4149 3589 4206 lateri

2017 4244 2312 4315 manuique
2388 4243 2538 4299 velut
2592 4243 2891 4313 scapcllum
2943 4242 3191 4300 secanda:
3259 4258 3410 4296 vena:
3465 4257 3592 4314 gra-

2017 4335 2092 4390 tia
2141 4335 2566 4402 adtnoventem;
2623 4351 2861 4406 cumque
2918 4333 3233 4388 extraheret
3296 4331 3591 4401 quamdam

2018 4428 2145 4482 inde
2176 4427 2420 4482 vitiatam
2453 4427 2758 4488 materiam,
2785 4426 2995 4496 expulit
3028 4424 3188 4484 simul
3208 4434 3263 4478 et
3289 4424 3590 4478 daemonem

339 4506 493 4560 λεσιν
522 4502 893 4572 ἀγαλλιάσεως
919 4501 1063 4574 ᾄδων
1097 4499 1198 4571 τὴν
1219 4502 1415 4555 ἑαυτοῦ
1443 4501 1737 4572 σωτηρίαν.
1781 4497 1911 4554 Εῐτα

2019 4515 2392 4584 increpatione
2448 4529 2581 4579 sua;
2634 4513 2898 4582 stetitque
2957 4512 3328 4567 daamoniacus
3383 4508 3592 4566 doloris

339 4595 677 4669 προσάγεται
697 4613 781 4660 τις
811 4593 960 4666 αὐτῷ
989 4593 1317 4665 παράλυτος,
1349 4594 1470 4657 ὅλος
1497 4592 1775 4665 διῳδηκὼς
1795 4595 1914 4664 τρί-

338 4706 433 4742 τον
459 4688 562 4759 ήδη
583 4687 796 4758 χρόνον,
830 4686 965 4758 μηδὲ
983 4687 1081 4756 τῆς
1101 4684 1287 4754 κλίνης
1314 4685 1625 4749 διαναστὰς,
1655 4683 1793 4739 ἀλλὰ
1823 4684 1916 4738 καὶ

339 4781 547 4848 ταύτης
593 4777 976 4850 ἁκινητότερος
1011 4777 1209 4848 μένων,
1254 4777 1348 4831 καὶ
1400 4773 1799 4846 παραπλησίως
1838 4773 1916 4844 τῷ

341 4873 596 4943 προτέρῳ
643 4874 737 4925 καὶ
779 4865 932 4935 οὗτος
973 4869 1236 4924 ἀπολαύει
1261 4869 1362 4940 τῆς
1396 4867 1712 4939 θεραπείας.
1759 4866 1918 4938 Ἑξῆς

339 4966 397 5018 δὲ
419 4962 731 5036 προσελθὼν
759 4963 910 5036 αὐτῷ
932 4963 1034 5036 τὴν
1051 4966 1210 5035 χεῖρα
1235 4962 1429 5034 πηρδς,
1453 4962 1483 5016 ὁ
1503 4961 1602 5032 μὲν
1623 4960 1916 5033 θεραπείας

338 5059 544 5113 αὐτίκα
587 5058 686 5112 καὶ
728 5052 884 5122 οὗτος
911 5059 1188 5129 τυγχάνει.
1224 5059 1346 5110 Τῶν
1389 5057 1447 5111 δὲ
1486 5055 1792 5126 παρόντων,
1827 5049 1916 5108 οἷα

339 5150 512 5215 εἰκὸς,
549 5151 688 5222 πρὸς
718 5150 788 5204 τά
817 5150 1099 5221 παράδοξα
1127 5151 1285 5204 ταύτὶ
1327 5146 1834 5220 παραπληγμένων,
1865 5146 1914 5198 oi

343 5243 446 5312 μὲν
483 5242 634 5297 θείαν
665 5243 724 5296 ὲν
753 5241 900 5312 αύτῷ
929 5242 1161 5311 δύναμιν
1191 5240 1394 5295 ἄνωθεν
1429 5241 1586 5311 (ὅπερ
1613 5235 1702 5310 ἦν)
1733 5237 1918 5305 ἔλεγον

342 5331 506 5399 εῖναι,
544 5336 658 5396 τοῖς
704 5333 760 5386 δὲ
811 5333 906 5385 καὶ
944 5333 1389 5396 σκανδαλίζεσθαι
1423 5333 1517 5385 καὶ
1543 5333 1647 5399 τῆς
1683 5331 1742 5383 ἐν
1768 5328 1917 5398 αὐτῷ

342 5427 565 5497 χάριτος
602 5425 802 5496 μᾶλλον
845 5424 1168 5477 καταλαλεῖν
1207 5424 1384 5494 ἐπῄει.
1420 5424 1598 5493 Ὅπερ
1645 5421 1736 5474 τὸν
1775 5419 1918 5472 θεῖον

341 5517 568 5590 Συμεὼν
606 5517 914 5587 ἐπιγνόντα·
947 5515 1089 5584 Ἐγὼ
1129 5517 1225 5586 μὲν
1258 5515 1541 5578 ἄνθρωπός
1570 5513 1706 5584 είμι,
1728 5516 1913 5584 φάναι,

342 5611 689 5683 ἁμαρτωλὸς,
719 5609 901 5674 δοῦλος
925 5608 1019 5663 τοῦ
1047 5608 1180 5662 Υίοῦ
1207 5607 1298 5662 τοῦ
1321 5607 1487 5672 Θεοῦ,
1505 5605 1598 5658 τοῦ
1632 5607 1725 5659 καὶ
1752 5623 1916 5659 σταυ-

345 5706 424 5777 ρῷ
455 5703 522 5758 δι’
549 5706 695 5775 ἡμᾶς
721 5703 980 5774 ὁμιλῆσαι
1011 5700 1405 5773 φιλανθρώπως
1435 5697 1826 5770 ἀνασχομένου,
1854 5691 1915 5751 οῦ

343 5796 422 5878 τῷ
446 5815 504 5860 τε
530 5796 755 5870 ὀνόματι
781 5796 878 5853 καὶ
905 5798 969 5867 τῇ
999 5797 1223 5866 δυνάμει
1247 5793 1418 5848 ταῦτα
1449 5791 1613 5845 ποιῶ·
1640 5786 1915 5867 ἀλλ’κπερ

2016 4620 2231 4675 expers,
2262 4613 2639 4673 recuperatam
2667 4604 2955 4656 sanitatem
2983 4617 3107 4655 cum
3133 4600 3497 4656 exsultatione
3526 4613 3592 4654 ac

2016 4704 2178 4750 cantu
2229 4695 2538 4749 celebrans.
2601 4693 2842 4748 Rursum
2892 4691 3185 4746 adducitur
3235 4688 3588 4760 paralyticus,

2016 4786 2110 4856 qui
2139 4795 2285 4840 totus
2305 4785 2665 4846 intumuerat,
2687 4793 2743 4838 et
2770 4792 2879 4837 tres
2893 4783 3004 4854 jam
3026 4796 3199 4837 annos
3215 4781 3356 4835 lecto
3377 4779 3590 4846 aﬂlxus,

2016 4879 2148 4934 inde
2180 4893 2289 4934 non
2322 4885 2674 4932 surrexerat:
2707 4885 3152 4944 consecutusque
3183 4873 3469 4929 sanitatem
3506 4881 3594 4930 est

2017 4969 2206 5036 simili,
2229 4985 2292 5024 ac
2312 4968 2463 5039 prior
2486 4967 2669 5021 modo.
2701 4965 2910 5022 Deinde
2938 4974 2992 5020 et
3015 4965 3154 5019 alius
3172 4979 3336 5017 manu
3362 4962 3593 5018 mutilus

2016 5061 2285 5117 accedens
2331 5061 2586 5116 similiter
2631 5067 2854 5115 sanatus
2902 5067 3006 5113 est.
3061 5055 3597 5126 ()bstupcsccntibus.

2016 5165 2222 5220 autem,
2253 5163 2312 5209 ut
2342 5169 2575 5225 pronum
2601 5162 2684 5208 est
2714 5150 2855 5216 fieri,
2886 5159 3156 5222 quotquot
3188 5149 3414 5204 aderant
3442 5154 3592 5202 tanta

2017 5247 2279 5300 miracula
2304 5253 2613 5316 spectantes
2633 5262 2645 5298 :
2666 5245 2759 5299 alii
2791 5243 3068 5303 dicebant,
3100 5254 3392 5309 supernam
3423 5237 3476 5290 in
3498 5235 3592 5290 illo

2017 5340 2276 5396 virtutem
2316 5341 2398 5407 (ut
2441 5338 2581 5407 erat)
2626 5339 2898 5393 residere;
2935 5334 3028 5388 alii
3081 5334 3209 5386 hinc
3253 5328 3592 5385 scandaliza-

2017 5428 2241 5491 bantur,
2277 5435 2334 5482 et
2362 5427 2560 5481 divinae
2593 5440 2713 5494 quae
2748 5424 2849 5493 ipsi
2886 5423 3178 5478 assistebat
3201 5419 3389 5487 gratia":
3415 5417 3589 5474 male-

2015 5517 2149 5571 bant
2191 5516 2503 5571 detrahere.
2539 5513 2760 5569 Diversa
2805 5520 2986 5566 autem
3023 5519 3382 5578 utrorumque
3425 5522 3587 5562 sensa

2017 5623 2352 5678 cognoscens
2395 5607 2661 5679 Symeon,
2697 5604 2830 5673 Ego,
2878 5601 3074 5670 inquit,
3122 5601 3285 5654 homo
3330 5607 3588 5669 peccator

2016 5715 2158 5761 sum,
2181 5715 2373 5754 servus
2395 5701 2514 5754 Filii
2542 5696 2659 5760 Dei,
2685 5693 3040 5764 ignominiam
3069 5707 3131 5745 ac
3152 5697 3384 5745 mortem
3406 5689 3587 5747 crucis

2017 5799 2243 5860 propter
2293 5807 2394 5846 nos
2450 5787 2682 5857 benigne
2712 5781 2878 5852 passi.
2923 5781 3075 5848 Illius
3105 5794 3204 5852 ego
3247 5777 3470 5834 nomine
3519 5793 3581 5836 ac
