3988 6488
468 343 604 410 3071
1686 335 1748 394 S.
1786 331 1926 393 SYM
1938 330 2077 391 EON

2200 329 2561 392 IUVIORIS
3579 325 3698 388 3072

479 458 681 513 virtute
709 454 824 509 haec
854 458 1035 523 patro.
1056 449 1164 506 Sed
1187 463 1311 520 quae
1333 461 1434 503 vos
1461 446 1520 502 in
1536 443 1703 501 corde
1722 445 1788 499 de
1816 460 1901 498 me
1924 459 2052 513 per-

2179 444 2287 511 ιμῖν
2350 443 2429 502 εἰς
2480 437 2707 510 καρδίαν
2738 436 2866 508 περὶ
2900 435 3057 508 ἐμοῦ,
3091 437 3247 500 ἵλεως
3293 436 3425 505 ύμῖν
3450 435 3530 505 εἴη
3553 434 3697 499 Θεὸς·

477 565 663 620 peram
707 543 1011 617 cogitastis,
1055 542 1331 613 propitius
1375 536 1534 593 vobis
1578 535 1823 606 ignoscat
1874 534 2049 597 Deus;

2188 532 2232 594 ἰς
2281 532 2487 583 ἐκεῖνον
2540 529 2650 597 γὰρ
2704 527 2890 580 ἔθεσθε
2951 528 3013 579 τὸ
3072 527 3247 595 στόμα
3296 525 3450 595 ὑμῶν
3490 525 3578 577 καὶ
3620 526 3705 578 οὐκ

477 643 745 697 adversus
793 638 974 707 ipsum
1010 635 1157 691 enim
1189 631 1483 703 aperuistis
1531 644 1593 683 os
1627 636 1891 688 vestrum,
1943 640 2053 676 non

2179 622 2237 683 ηἰς
2290 621 2410 689 ἐμὲ,
2457 620 2672 673 ἀδικίαν
2737 621 2816 682 εἰς
2862 620 2923 671 τδ
2969 617 3106 687 ὕψος
3145 620 3203 669 ὲν
3236 617 3473 687 πονηρίᾳ
3514 616 3703 687 διανοη-

477 734 765 787 adversum
802 746 923 795 me;
964 728 1248 782 Altissimo
1278 723 1537 794 injuriam
1578 718 1833 789 irrogatis
1862 717 1915 770 in
1952 716 2057 769 ini-

2179 713 2342 776 θέντες
2380 729 2440 765 τε
2486 714 2581 764 καὶ
2622 711 2976 779 λαλήσαντες.
3021 709 3208 763 Ταῦτα
3249 710 3398 777 παρὰ
3438 708 3531 761 τοῦ
3571 711 3708 777 ἁγίου

478 826 688 894 ιᾳιὶίιιιο
735 833 915 877 vestra
965 817 1391 889 cogitationibus
1440 821 1497 869 et
1525 812 1731 867 verbis.
1779 809 1859 863 Ex
1905 807 2057 861 hisce

2179 805 2448 875 λεγόμενα,
2477 803 2748 872 τοσαύτης
2776 803 2873 861 τὰς
2898 801 3008 855 τῶν
3034 802 3243 855 πιστῶν
3269 802 3451 870 ψυχὰς
3473 801 3710 869 ὠφελείας

480 931 610 971 vero
634 913 809 969 sancti
832 912 995 966 dictis
1020 917 1234 964 tantum
1256 902 1613 962 emolumenti
1639 906 1905 970 ceperunt
1927 897 2059 981 lide-

2179 896 2423 967 ιπλήρου,
2453 897 2554 966 ὅση
2582 896 2680 961 τὰς
2703 897 2809 951 τῶν
2849 897 3095 950 ἀπίστων
3131 895 3282 966 ὄψεις
3313 896 3610 948 ἐκάλυπτεν
3642 897 3712 949 ὲν-

481 1009 581 1071 les,
610 1014 817 1075 quanto
866 1001 1117 1056 inﬁdeles
1162 999 1373 1070 pudore
1398 995 1593 1050 suﬂ'usi
1626 1000 1775 1048 sunt.
2160 988 2363 1059 τροπή.

549 1074 643 1151 90.
674 1096 850 1164 Pagus
883 1100 1023 1153 erat,
1071 1089 1276 1145 Severa
1322 1088 1525 1150 dictus,
1557 1084 1649 1138 ubi
1686 1083 1742 1137 in
1793 1078 2058 1151 prmcipiti

2234 1078 2505 1149 ιι’.Κώμη
2558 1096 2643 1142 τις
2692 1074 2761 1149 ἦν
2811 1078 3122 1149 καλουμένη
3178 1079 3419 1146 Σευήρα,
3452 1077 3707 1148 πρόόιλος

484 1196 870 1257 ργεετιιριοίιυο
900 1182 1054 1251 juxta
1077 1181 1222 1234 viam
1254 1179 1373 1231 loco
1398 1176 1563 1246 pinus
1585 1177 1902 1227 cxcreverat
1931 1184 2060 1223 :ac-

2179 1170 2219 1223 se
2250 1170 2371 1225 κατ’
2398 1171 2561 1224 αὐτὸν
2592 1171 2683 1224 ὲπί
2716 1188 2861 1233 τινος
2882 1170 3132 1241 κρημνοῦ
3171 1171 3416 1240 μεγάλου
3444 1170 3537 1221 καὶ
3564 1171 3715 1242 ἀπορο

485 1276 627 1331 cidvit
657 1271 957 1343 aliquando
980 1280 1041 1323 ut
1062 1269 1183 1339 pagi
1217 1266 1408 1320 incola:
1434 1261 1681 1317 nonnulli
1718 1260 1820 1314 sub
1846 1257 2062 1312 arboris

2179 1261 2343 1330 όῶγος
2380 1263 2445 1332 τῇ
2475 1261 2578 1332 ὁδῷ
2607 1262 3008 1333 παρεπεφύκει.
3044 1263 3244 1331 Ἔτυχε
3302 1261 3403 1330 μὲν
3433 1260 3527 1313 οὖν
3555 1262 3719 1326 καθῆ-

489 1366 681 1420 umbra
714 1362 1086 1424 considerent,
1126 1366 1288 1426 atque
1326 1369 1470 1408 unus
1496 1370 1527 1407 e
1557 1365 1810 1412 numero,
1839 1348 2061 1402 nomine

2179 1353 2292 1405 ςθαί
2316 1370 2447 1406 ποτε
2479 1353 2588 1405 τῶν
2614 1355 2677 1405 ὲκ
2705 1353 2804 1422 τῆς
2832 1351 3028 1423 κώμης
3053 1351 3209 1413 τινάς
3260 1352 3365 1404 ὑπὸ
3400 1354 3466 1421 τῇ
3499 1351 3587 1403 τοῦ
3617 1351 3716 1403 δένο

485 1457 741 1519 Jacobus,
764 1455 909 1508 illam
932 1450 1191 1521 cupidine
1213 1448 1491 1502 fructuum
1510 1442 1911 1513 carpendorum
1935 1454 2066 1495 con-

2179 1444 2292 1513 Βρου
2327 1446 2454 1514 σκιᾷ
2481 1461 2494 1475 ο
2535 1444 2631 1527 ἒκςα
2662 1444 2717 1496 δὲ
2744 1443 2948 1497 τούτων
2993 1444 3269 1506 Ἰάκωϐον,
3335 1444 3528 1511 δνομα,
3554 1442 3717 1494 ἐπιθυ-

488 1547 797 1601 scenderet.
830 1541 987 1608 Quod
1014 1541 1143 1594 dum
1171 1539 1303 1608 agit,
1328 1536 1599 1605 conspicit
1625 1534 1764 1587 duos
1788 1532 2066 1586 daemones

2179 1535 2268 1608 μία
2300 1536 2407 1590 τῶν
2444 1538 2507 1590 ὲκ
2536 1536 2630 1590 τοῦ
2661 1536 2876 1605 δένδρου
2911 1534 3160 1605 καρπῶν,
3182 1536 3269 1587 ἐπ’
3294 1534 3429 1587 αὐτὸ
3458 1533 3717 1603 ἀναϐῆναι.

488 1637 556 1691 ad
591 1652 648 1690 se
685 1641 1061 1704 properantes,
1091 1638 1482 1698 arreptumque
1528 1624 1763 1695 pedibus
1802 1622 1857 1677 in
1878 1621 2065 1690 subje-

2179 1628 2311 1699 Ὁρᾷ
2340 1629 2519 1682 τοίνυν
2546 1629 2641 1681 δύο
2660 1628 2920 1697 δαίμονας
2948 1626 3035 1679 ἐπ’
3070 1627 3232 1680 αὑτὸν
3274 1627 3532 1689 ἐλθόντας
3555 1628 3583 1679 ό
3624 1627 3718 1679 Ἰά-

488 1738 637 1782 ctum
671 1724 1031 1796 prmcipitium
1054 1723 1345 1793 jactantes,
1378 1719 1535 1789 cujus
1561 1716 1803 1771 simulet
1850 1712 2065 1766 arboris

2179 1720 2344 1783 κωῦος
2373 1714 2547 1783 οὗτος,
2582 1720 2689 1772 τῶν
2718 1737 2775 1773 τε
2805 1718 2983 1773 ποδῶν
3010 1720 3349 1789 λαϐομένους
3380 1758 3397 1780 ,
3428 1718 3523 1771 καὶ
3559 1716 3722 1770 τοῦτον

488 1784 721 1871 altitudo
742 1784 1089 1883 septuaginta
1111 1810 1222 1864 fere
1253 1784 1459 1878 pedum
1479 1813 1621 1861 erat.
1644 1805 1781 1859 Dum
1810 1802 1976 1872 igitur
2004 1800 2060 1853 in

2179 1812 2310 1865 κατὰ
2337 1811 2429 1865 τοῦ
2463 1811 2710 1882 κρημνοῦ
2744 1811 3026 1881 ῥίψαντας.
3060 1812 3133 1864 Τὸ
3152 1784 3265 1879 ’μὲν
3290 1807 3496 1863 οὖντοῦ
3523 1809 3719 1880 δένδρου

488 1916 793 1960 extremum
813 1902 1009 1971 capitis
1029 1900 1326 1955 discrimen
1348 1913 1405 1951 sc
1424 1896 1553 1950 ferri
1575 1895 1765 1957 sentit,
1782 1906 1885 1946 nec
1899 1889 2063 1944 saluti

2179 1906 2259 1958 ιαὶ
2296 1904 2387 1958 τοῦ
2420 1903 2665 1976 κρημνοῦ
2697 1902 2830 1972 ὕψος
2883 1902 3011 1974 περὶ
3046 1905 3173 1966 τοὺς
3219 1902 3594 1971 ἐϐδομήκοντα
3644 1902 3725 1953 πό·

491 1998 791 2067 dcsperatrc
808 1996 967 2048 aliter
985 1991 1235 2046 succurri
1262 1997 1467 2058 posset,
1486 2002 1649 2058 quam
1673 1993 1852 2055 potest
1876 1983 2067 2038 claris-

489 2091 771 2145 simavoce
788 2094 1093 2157 promptam
1116 2098 1338 2152 semper
1367 2096 1549 2151 Opem,
1584 2076 2065 2149 inexpugnabilem

489 2184 747 2237 virtutem
770 2222 785 2246 ,
817 2196 927 2233 non
962 2177 1315 2233 imminutam
1344 2174 1575 2246 gratiam
1599 2212 1613 2236 ,
1656 2170 1925 2225 famulum
1967 2166 2065 2222 Dei

491 2277 814 2346 Symconem
847 2272 1122 2325 inclamat.
1178 2268 1318 2323 Ecce
1353 2274 1539 2321 autem
1588 2264 1918 2317 inclamatus
1974 2259 2066 2313 ille

491 2367 750 2438 supponit
772 2364 987 2419 labenti
1008 2379 1227 2426 manus,
1267 2362 1446 2430 iisque
1474 2358 1690 2428 supinis
1718 2358 1873 2411 illum
1917 2354 2066 2409 exci-

493 2457 592 2528 pit,
620 2466 675 2512 et
698 2466 944 2511 erectum
970 2453 1123 2507 humi
1155 2452 1403 2522 deponit.
1432 2451 1640 2506 Deinde
1676 2464 1895 2503 rursum
1917 2446 2067 2501 videt

495 2558 695 2602 terram
740 2546 816 2601 ita
866 2546 1053 2599 diduci
1087 2554 1150 2599 ut
1180 2545 1297 2614 ipsa
1329 2545 1721 2614 detegerentur
1736 2541 2066 2595 fundamen-

496 2648 580 2707 ta;
612 2638 763 2692 videt
789 2646 846 2692 et
868 2645 1119 2692 sanctum
1143 2637 1321 2706 cippis
1362 2636 1642 2691 daemones
1692 2633 2065 2689 includentem

493 2737 551 2784 et
579 2729 636 2783 in
661 2729 918 2800 abyssum
943 2728 1329 2797 ablegantem;
1386 2743 1451 2782 ac
1508 2728 1696 2782 denuo
1753 2738 1979 2789 terram,
2009 2735 2071 2781 ut

497 2819 655 2874 initio
676 2820 877 2885 fuerat,
919 2828 1229 2874 coeunlem.
1257 2820 1378 2886 Quo
1410 2829 1679 2888 tempore,
1708 2819 1875 2872 tantis
1905 2819 2069 2872 mira-

497 2913 638 2967 culis
660 2922 824 2982 atque
855 2913 1090 2967 ostentis
1118 2922 1433 2982 praeventus
1456 2912 1560 2966 fuit
1580 2912 1855 2974 Iacobus,
1873 2912 2069 2967 eodem

499 3004 752 3075 Symeon,
785 3020 907 3073 qua:
949 3003 1094 3058 circa
1133 3004 1309 3073 ipsum
1342 3003 1528 3057 divina
1571 3005 1776 3059 virtute
1814 3004 2070 3073 contige-

500 3104 642 3159 rant,
677 3093 943 3148 fratribus
975 3095 1090 3149 suis
1155 3096 1366 3149 retulit.
1409 3094 1664 3148 Nondum
1716 3104 1900 3149 autem
1947 3110 2068 3150 scr-

502 3185 647 3238 moni
684 3187 846 3239 linem
879 3186 1236 3255 imposuerat,
1260 3202 1385 3241 cum
1416 3187 1582 3241 vicini
1610 3186 1834 3256 quidam
1857 3186 2070 3250 Jacobi,

498 3279 700 3346 gaudio
722 3288 892 3348 atque
919 3279 1286 3335 admiratione
1311 3281 1460 3349 pleni
1500 3289 1823 3345 accurrunt,
1862 3280 2074 3347 accepti

503 3370 752 3424 beneﬁcii
781 3370 1013 3440 gratiam
1052 3372 1405 3437 conﬁtentes,
1464 3380 1522 3427 et
1558 3388 1680 3442 quae
1734 3372 1878 3428 facta
1917 3381 2077 3427 erant

502 3460 678 3531 palam
708 3461 1123 3516 annuntiantes.

572 3729 661 3785 9t.
693 3729 971 3799 Leprosus
992 3727 1216 3800 quidam
1256 3728 1494 3783 accessit
1521 3736 1733 3792 sancto,
1763 3738 1841 3794 et,
1861 3743 1932 3784 ne
1954 3728 2082 3799 quis

504 3821 757 3877 amentia)
789 3836 891 3876 nos
918 3828 1132 3891 arguat,
1157 3818 1376 3885 iisdem,
1424 3820 1628 3889 quibus
1658 3820 1789 3875 olim
1827 3821 2084 3890 leprosus

507 3916 597 3970 ille
626 3914 695 3969 ad
718 3911 1024 3976 Christum,
1053 3911 1122 3966 ad
1146 3911 1296 3967 hunc
1333 3910 1520 3965 verbis
1547 3927 1679 3967 usus
1704 3921 1789 3967 est
1846 3912 2078 3967 dicens:

506 4006 565 4062 Si
596 4004 700 4073 vis,
732 4013 889 4075 potes
911 4018 998 4059 me
1022 4002 1291 4058 mundare
1328 4003 1390 4057 ¹⁸.
1426 4002 1497 4057 Et
1537 4013 1765 4059 sanctus
1803 4004 1922 4075 pari
1954 4019 2080 4059 cum

507 4099 725 4155 fervore
750 4112 815 4151 ac
836 4095 967 4161 ﬁde,
988 4108 1156 4165 quam
1194 4093 1252 4148 in
1283 4092 1378 4147 illo
1403 4093 1681 4163 praecipue
1736 4104 2078 4164 respexerat,

506 4192 681 4246 fretus
700 4189 954 4253 Domino,
981 4186 1077 4257 qui
1110 4185 1295 4241 omnia
1324 4185 1574 4241 credenti
1606 4185 1895 4255 possibilia
1952 4202 2079 4242 esse

508 4281 860 4338 enuntiavit:
902 4279 1061 4345 Volo,
1090 4278 1292 4347 inquit,
1326 4285 1380 4331 te
1420 4276 1676 4332 mundari
1706 4296 1721 4333 :
1766 4294 1961 4333 verum
1996 4278 2083 4335 fac

509 4374 731 4430 domum
756 4371 944 4435 abeas,
978 4378 1035 4425 et
1063 4368 1336 4439 benignus
1363 4366 1529 4432 Deus,
1557 4368 1652 4437 qui
1688 4378 1879 4423 nostra
1915 4386 2081 4427 causa

2163 1996 2259 2060 δας
2286 1992 2373 2067 ἦν·
2404 1997 2432 2048 ό
2470 1996 2523 2048 δὲ
2562 1996 2643 2059 εἰς
2673 1994 2899 2065 ἔσχατον
2954 1994 3201 2047 κινδύνου
3244 1995 3547 2065 φερόμενον
3601 1994 3724 2061 ὁρῶν

2164 2090 2379 2152 ἑαυτὸν,
2421 2088 2518 2141 καὶ
2585 2087 2708 2158 μηδ’
2740 2086 2917 2141 ὁτιοῦν
2966 2088 3025 2139 ὲν
3064 2086 3238 2149 οὕτως
3270 2085 3543 2155 ἀμηχάνῳ
3589 2084 3727 2152 κακῷ

2165 2182 2360 2252 δρᾶσαι
2390 2179 2709 2250 δυνάμενος,
2739 2180 2893 2248 φωνῇ
2926 2178 3000 2241 ὡς
3048 2173 3166 2248 εἶχε
3202 2177 3443 2247 μεγάλῃ,
3470 2177 3568 2247 τὴν
3602 2176 3725 2229 ἑτοί-

2170 2291 2276 2345 μην
2334 2272 2604 2342 βοήθειαν,
2640 2271 2741 2340 τὴν
2794 2270 3008 2340 ἄμαχον
3049 2269 3302 2340 δύναμιν,
3340 2270 3442 2338 τὴν
3468 2268 3529 2321 ού
3554 2268 3728 2339 βραδύ-

2168 2385 2364 2422 νουσαν
2387 2367 2569 2438 χάριν,
2602 2365 2693 2419 τὸν
2718 2365 2813 2419 τοῦ
2838 2364 2974 2417 Θεοῦ
3018 2364 3327 2434 θεράποντα
3355 2361 3583 2432 Συμεὼν
3615 2364 3728 2415 ὲπε-

2170 2462 2404 2513 καλεῖτο.
2440 2458 2547 2512 Καὶ
2575 2458 2705 2522 ἰδοῦ,
2734 2459 2922 2528 χεῖρας
2949 2455 3173 2527 ὑπέχων
3201 2458 3431 2521 ἐκεῖνος,
3472 2456 3565 2507 καὶ
3616 2454 3726 2507 uti-

2170 2570 2290 2617 ταις
2336 2551 2497 2605 αὑτὸν
2541 2551 2761 2613 ὑπτίαις
2815 2550 3130 2619 δεξάμενος,
3155 2550 3251 2602 καὶ
3290 2548 3475 2619 ὄρθιον
3524 2547 3727 2617 στήσας.

2172 2641 2305 2696 Εἶτα
2327 2640 2486 2693 πάλιν
2515 2642 2579 2712 ὁρ
2607 2640 2743 2712 ᾷτὴν
2762 2640 2867 2709 γῆν
2894 2638 3035 2691 οὕτω
3068 2638 3421 2707 διασχοῦσαν,
3448 2637 3525 2700 ὼς
3551 2640 3729 2691 ἀνακα·

2171 2732 2508 2803 ταλυφθῆναι
2559 2731 2653 2783 καί⁵
2702 2729 2769 2783 τὰ
2823 2728 3051 2799 θεμέλια
3103 2728 3330 2799 ταύτης,
3367 2728 3530 2780 κλοιά
3574 2726 3731 2779 τετδν

2175 2826 2366 2893 Ἀγιον
2392 2826 2502 2887 τοῖς
2526 2823 2745 2894 δαίμοσι
2778 2822 3092 2890 περιθέντα,
3121 2822 3265 2875 κατὰ
3291 2822 3394 2891 τῆς
3429 2820 3657 2875 ἀϐύσσου
3678 2837 3728 2872 τε

2174 2919 2375 2980 αὐτοὺς
2417 2917 2634 2982 ἀνέντα,
2667 2916 2762 2970 καὶ
2810 2914 2907 2986 τὴν
2957 2917 3061 2986 γῆν
3108 2915 3267 2977 αὖθις
3297 2914 3378 2976 ὡς
3402 2915 3467 2967 τὸ
3501 2911 3728 2983 ἁπαρχῆς

2176 3008 2555 3064 συνελθοῦσαν.
2602 3008 2659 3061 '0
2692 3008 2791 3079 μὲν
2830 3007 2926 3062 οῦν
2967 3006 3223 3069 Ἰἁκωὸος
3263 3005 3525 3058 τοιούτων
3559 3003 3732 3073 ἠξίωτο

2100 3126 2143 3185 C
2178 3102 2469 3171 θαυμάτων
2504 3101 2620 3170 ἅμα
2664 3102 2759 3153 καὶ
2784 3098 3071 3170 θεαμάτων
3093 3114 3108 3129 ⁶
3144 3101 3203 3153 ὲν
3233 3097 3483 3165 τοσούτῳ
3506 3096 3563 3149 δὲ
3602 3096 3684 3148 καὶ
3709 3096 3734 3145 ὁ

2181 3194 2403 3264 Συμεὼν
2434 3192 2502 3245 τὰ
2550 3192 2629 3254 εἰς
2666 3192 2872 3244 ἐκεῖνον
2901 3190 3022 3261 θείᾳ
3063 3190 3289 3260 δυνάμει
3324 3191 3596 3259 γενόμενα
3618 3186 3730 3257 πρὸς

2176 3284 2276 3355 τὴν
2309 3283 2645 3353 ἀδελφότητα
2698 3279 2918 3351 διεξῄει.
2965 3280 3133 3334 Οὔπω
3185 3280 3339 3342 τέλος
3378 3278 3531 3349 αύτῷ
3557 3273 3733 3347 εἰχενό

2178 3380 2355 3447 λόγος,
2390 3377 2484 3432 καὶ
2514 3374 2859 3446 άρικνοῦνταί
2883 3390 3027 3437 τινες
3055 3372 3164 3427 τῶν
3188 3370 3585 3442 πλησιοχώρων
3604 3368 3733 3439 αὺτῷ

2192 3470 2453 3540 Ἰακώϐῳ,
2479 3469 2758 3539 θαύματος
2805 3467 2994 3537 μεστοί⁸
3036 3468 3139 3531 τὰς
3183 3467 3386 3537 ψυχὰς,
3415 3468 3637 3539 χάριτάς
3682 3479 3731 3513 τε

2180 3561 2445 3632 τοσαύτης
2470 3561 2789 3630 εὐεργεσίας
2818 3558 3233 3631 ὁμολογοῦντες,
3276 3561 3371 3613 καὶ
3432 3561 3617 3628 σαφεῖς
3643 3555 3733 3609 τῶν

2178 3652 2565 3724 γεγενημένων
2591 3652 2837 3721 ἄγγελοι.

2254 3750 2361 3812 ιιαο.
2394 3744 2674 3815 ηροσῆλοέ
2703 3762 2790 3808 τις
2840 3742 2917 3815 τῷ
2956 3744 3125 3813 Ἀγίιρ
3170 3742 3394 3809 λεπρδςο
3432 3742 3637 3811 “VP”
3666 3757 3732 3802 τίς

2183 3840 2331 3907 ἡμᾶς
2359 3836 2665 3905 ὲπιτιμάτω
2697 3836 2795 3906 τῆς
2822 3835 3105 3905 ἀπονοίας)
3133 3835 3210 3899 ῶς
3235 3852 3369 3888 ποτε
3401 3836 3500 3888 καὶ
3539 3833 3611 3903 τῷ
3644 3834 3729 3900 Ἰη-

2185 3926 2280 3979 σοῦ
2333 3924 2404 3979 τὰ
2451 3926 2593 3979 αὐτά
2643 3941 2704 3977 τε
2758 3924 3129 3994 φθεγγόμενος
3166 3924 3385 3994 ἐκείνῳ,
3425 3923 3551 3976 Ἐὰν
3576 3921 3727 3992 θέλῃς.

2182 4015 2406 4070 δύνασαί
2459 4032 2527 4084 με
2576 4014 2896 4085 καθαρίσαι,
2928 4014 3025 4067 καὶ
3077 4012 3214 4084 μετὰ
3245 4013 3346 4082 τῆς
3403 4015 3530 4084 ῖσης
3553 4012 3732 4081 θέρμης

2183 4109 2277 4163 καὶ
2309 4108 2563 4171 πίστεως.
2601 4107 2744 4177 Πρὸς
2772 4106 2840 4178 ῆν
2870 4108 2897 4160 ό
2933 4105 3024 4158 τοῦ
3074 4104 3209 4158 Θεοῦ
3262 4105 3452 4168 δοῦλος
3509 4102 3645 4164 ἰδὼν.
3671 4100 3733 4170 τῷ

2182 4216 2241 4252 τε
2302 4198 2488 4269 οἰκείῳ
2540 4196 2806 4269 Δεσπότῃ,
2839 4194 3042 4248 δυνατὰ
3086 4194 3166 4263 τῷ
3230 4193 3544 4248 πιστεύοντι
3584 4192 3735 4246 πάντα

2182 4287 2913 4360 εἰπόντι,θαρρήσας,Θέλω,
2942 4288 3099 4359 φησὶ,
3130 4285 3531 4357 ωθαρισθῆναί
3548 4302 3622 4348 σε,
3642 4282 3736 4337 ἀλλ’

2183 4379 2302 4453 ὥρα
2324 4397 2405 4433 σοι
2435 4378 2619 4433 λοιπὸν
2644 4378 2831 4431 οἴκαδε
2864 4378 3151 4441 ἀπελθεῖν,
3194 4376 3296 4430 καὶ
3321 4378 3353 4430 ό
3398 4376 3597 4445 ἀγαθὸς
3628 4372 3734 4435 Θεός

508 4482 540 4522 e
562 4478 729 4520 cruce
756 4460 1019 4532 suspendi
1051 4459 1308 4531 dignatus
1332 4467 1438 4526 est,
1468 4457 1585 4527 ipse
1609 4473 1708 4528 per
1754 4458 2077 4515 immensam

2193 4490 2314 4543 μου,
2340 4474 2368 4526 ό
2396 4473 2491 4525 καὶ
2520 4468 2741 4540 σταυρῷ
2770 4468 3156 4540 κρεμασθῆναι
3188 4467 3254 4521 δι’
3288 4468 3439 4537 ἡμᾶς
3494 4466 3590 4520 οὐκ
3619 4466 3736 4519 άπα-

510 4558 813 4614 bonitatem
839 4564 987 4610 tuam
1028 4561 1082 4609 te
1116 4552 1340 4607 inviset.
1376 4552 1548 4611 Dictis
1598 4550 1761 4607 ﬁdem
1812 4551 2084 4609 adhibens

507 4654 783 4728 lgprosus,
808 4648 1034 4705 domum
1065 4647 1232 4714 redit,
1255 4656 1419 4717 atque
1444 4646 1534 4701 illa
1562 4658 1726 4702 nocte
1776 4647 1919 4716 (quae
1981 4647 2087 4701 lin-

507 4761 612 4819 gua
636 4737 1074 4800 misericordiam
1107 4746 1260 4793 tuam
1292 4736 1606 4802 annuntiet,
1638 4737 1869 4793 Domine
1917 4737 2084 4803 Deus,

510 4854 606 4893 rex
642 4834 894 4904 noster?)
940 4829 1216 4902 conspicit
1249 4829 1507 4900 juvenem
1560 4828 1857 4898 quemdam
1901 4828 2087 4899 specie

509 4927 760 4998 fulgenti,
796 4923 1109 4979 dicentem:
1151 4920 1223 4977 Ut
1263 4919 1573 4985 credidisti,
1622 4920 1717 4975 ﬁat
1771 4918 1896 4975 tibi.
1950 4920 2083 4986 Qua:

511 5020 679 5077 verba
709 5032 961 5074 somnum
980 5022 1345 5071 excusserunt
1375 5012 1609 5081 homini,
1632 5021 1689 5068 et
1739 5028 1865 5068 cum
1891 5028 2087 5069 somno

511 5112 757 5181 lepram;
798 5118 858 5165 et
890 5118 1038 5165 totus
1093 5108 1393 5163 mundatus
1432 5106 1560 5173 fuit,
1604 5122 1784 5176 przeco
1827 5106 2088 5177 potentiae

511 5199 711 5254 divinae
755 5214 815 5253 re
856 5199 1043 5269 potius
1120 5214 1285 5269 quam
1348 5197 1535 5253 verbis
1586 5197 1783 5253 factus.
1834 5196 2087 5268 Cumque

514 5290 663 5360 quod
696 5290 1032 5345 rctribueret
1062 5306 1171 5345 non
1196 5290 1448 5355 haberet,
1500 5287 1899 5359 gratitudinem
1920 5288 2090 5343 animi

512 5380 797 5447 exhibuit;
845 5389 1184 5451 acceptoque
1227 5394 1454 5434 nummo
1492 5394 1685 5442 aureo,
1734 5377 1973 5433 recurrit
2022 5378 2090 5431 ad

485 5483 797 5540 sanctum;
825 5490 957 5540 non,
993 5481 1055 5527 ut
1092 5474 1268 5544 prius,
1328 5471 1480 5526 sanie
1527 5470 1785 5525 dilllucns
1827 5486 1891 5525 ac
1940 5470 2092 5540 lepra

520 5564 957 5631 contabesccns,
1026 5564 1122 5619 sed
1172 5562 1555 5620 reviviscenti‘
1608 5561 2094 5638 relloresccntiquc

588 5745 630 5775 ”
675 5744 860 5799 Matth.
899 5762 1011 5808 vui,
1059 5746 1109 5798 ‘2.

2186 4563 2410 4631 ξιώσας,
2443 4564 2605 4626 αὑτός
2661 4580 2721 4616 σε
2774 4564 2842 4633 τῇ
2894 4560 3103 4633 μεγάλῃ
3131 4561 3415 4631 ἐπισκοπῇ
3438 4559 3541 4629 τῆς
3559 4554 3735 4616 οἰκείας

2184 4656 2553 4727 χρηστότητος
2584 4653 2963 4722 ἐπισκέψεται.
2996 4652 3218 4714 Τούτοις
3239 4654 3268 4704 ὁ
3296 4651 3501 4721 λεπρδς
3541 4644 3734 4702 πιστεύ·

2190 4763 2307 4808 σας,
2338 4744 2643 4809 ἐπάνεισιν,
2680 4744 2772 4796 τὸν
2820 4739 2969 4796 οἷκον
3000 4760 3014 4774 ⁸
3043 4742 3139 4796 καὶ
3178 4743 3277 4811 τῆς
3311 4741 3511 4805 νυκτὸς
3554 4738 3735 4802 ἐκείνης

2187 4837 2340 4908 (ποία
2390 4836 2630 4905 γλῶσσα,
2681 4837 2883 4906 Χριστὲ
2924 4834 3169 4905 βασιλεῦ,
3198 4832 3484 4901 ἐξαγγελεῖ
3520 4833 3584 4886 τὰ
3632 4829 3735 4897 ὲλέη

2196 4944 2289 4981 σου
2307 4927 2345 4994 ο)
2399 4928 2502 4997 όρᾷ
2534 4926 2788 4997 λαμπρόν
2834 4942 2958 4979 τινα
3011 4924 3230 4978 νεανίαν
3261 4925 3322 4977 τὸ
3356 4920 3519 4989 εἶδος,
3548 4921 3734 4975 εἰπόντα

2194 5018 2363 5090 αὐτῷ,
2396 5019 2485 5083 Ὦς
2516 5018 2867 5084 ἐπίστευσας,
2903 5016 3186 5087 γενηθήτω
3221 5033 3324 5071 σοι.
3352 5017 3465 5069 Καὶ
3504 5016 3561 5067 τὸ
3608 5012 3737 5083 ῥῆμα

2193 5112 2284 5164 τὸν
2315 5111 2515 5182 λεπρὸν
2547 5108 2834 5174 διῦπνίζει,
2874 5110 2970 5160 καὶ
3020 5108 3098 5179 τῷ
3149 5107 3304 5179 ὕπνῳ
3359 5101 3732 5175 συναπῆλθενή

2196 5203 2371 5273 λέπρα
2396 5219 2411 5235 ·
2437 5203 2533 5255 καὶ
2560 5201 2799 5273 καθαρὸς
2811 5202 2929 5263 ὅλος
2953 5196 3041 5270 ἦν,
3068 5201 3357 5269 πράγμασι
3378 5195 3627 5268 μᾶλλονῆ
3657 5192 3734 5263 ρήο

2201 5308 2334 5361 μασι
2386 5291 2671 5362 κηρύττων
2701 5290 2801 5353 τὰς
2829 5290 2925 5343 τοῦ
2962 5290 3096 5343 Θεοῦ
3154 5291 3491 5353 δυναστείας.
3532 5283 3732 5340 Ἀντίδο-

2201 5398 2285 5433 σιν
2308 5381 2486 5434 τοίνυν
2526 5380 2732 5448 ἀγαθοῦ
2758 5381 2981 5434 τοσοῦδε
3018 5381 3092 5451 μὴ
3115 5380 3275 5450 ἔχων,
3300 5380 3452 5450 ὅμως
3475 5379 3569 5449 τῆς
3588 5370 3736 5445 ψυχῆς

2197 5474 2411 5537 δεικνὺς
2466 5474 2557 5526 τὶν
2596 5474 3039 5543 εὐγνωμοσύνην,
3092 5474 3316 5544 χρυσίον
3357 5471 3554 5535 λαϐὼν,
3604 5462 3735 5535 φατᾷ

2202 5568 2349 5640 παρὰ
2406 5566 2494 5620 τὸν
2551 5566 2745 5634 ’Ἃγιον
2802 5561 3002 5630 αὖθις,
3058 5566 3154 5636 οὐχ
3208 5564 3282 5626 ὡς
3338 5562 3526 5635 πρώην
3576 5558 3735 5630 ἰχῶρες
