3944 6538
272 431 447 497 3073

1306 439 1484 500 VITA
1523 443 1566 499 A
1612 440 2044 500 NICEI’HORO
2082 441 2563 508 CONSCRIPTA.

3404 440 3544 505 3074

271 551 443 613 ζέων
472 550 567 604 καὶ
604 551 785 624 λέπρᾳ
823 550 1213 620 κατεσκληκὼς
1241 594 1255 617 ,
1287 554 1402 606 ἀλλ’
1427 549 1538 606 οἷον
1576 556 1877 607 ἀναϐεϐιω-

1984 556 2180 611 similis
2205 596 2221 618 ,
2261 557 2539 627 quomodo
2574 572 2674 612 nee
2723 566 2995 628 speratam
3038 556 3260 629 quidem
3312 557 3545 627 adeptus

272 643 417 707 κὼς
443 645 569 716 ἄρτι
594 647 690 699 καὶ
719 645 1013 715 ἀναθήλας,
1042 648 1189 707 ὅπως
1221 648 1318 716 τῆς
1344 648 1647 717 παραδόξου
1674 648 1878 717 ταύτης

282 735 505 797 ἰάσεως
554 735 742 806 τύχοι,
776 737 960 803 σαφῶς
1013 736 1400 806 ἐξηγούμενος.
1468 738 1526 791 Ὀ
1574 740 1631 792 δὲ.
1677 740 1737 792 τὸ
1785 741 1882 808 μὲν

276 827 529 898 χρυσίον
567 828 708 881 κατὰ
754 828 817 880 τδ
850 828 1078 896 σύνηθες
1100 830 1161 881 οὐ
1206 831 1555 899 προσήκατο’,
1585 830 1700 883 ἀλλ’
1736 834 1883 884 ἀντι-

286 918 528 985 μισθίαν
566 919 758 990 ἱκανὴν
802 918 951 989 αὐτῷ
990 920 1125 989 πρὸς
1155 921 1287 972 Θεὸν
1329 921 1542 989 διενεκῆ
1576 922 1884 991 παραγγέλ-

276 1006 387 1061 λει
416 1008 613 1078 μᾶλλον
676 1010 1046 1079 εὐχαριστίαν.
1088 1010 1375 1073 Ἰουλιανὸς
1424 1010 1481 1063 δὲ
1533 1010 1642 1064 τῶν
1697 1011 1873 1082 μαθη-

275 1102 411 1153 τῶν
448 1097 553 1164 εἷς,
577 1098 702 1154 νοῦν
759 1101 914 1171 ἐσχεν
944 1101 1051 1154 ἀπὸ
1098 1101 1191 1154 τοῦ
1219 1102 1444 1171 χρυσίου
1467 1101 1651 1155 λαϐεῖν
1693 1119 1708 1133 ⁸
1737 1104 1876 1173 ὅπερ

280 1194 395 1247 τὸν
422 1193 562 1246 θεῖον
594 1192 818 1263 Συμεὼν
857 1194 970 1256 τοῖς
993 1192 1146 1247 ἐνδου
1178 1194 1478 1264 ὀφθαλμοῖς
1504 1196 1565 1247 οὐ
1604 1193 1875 1251 διαλαθόνο

282 1286 368 1338 Ei
401 1285 602 1355 βούλει,
622 1286 757 1355 πρὸς
789 1287 881 1339 τὸν
910 1287 1160 1359 μαθητὴν
1183 1289 1308 1355 ἔφη,
1342 1286 1480 1355 μετὰ
1510 1286 1604 1340 τοῦ
1653 1288 1878 1357 χρυσίου

284 1376 400 1429 καὶ
450 1375 549 1446 τὴν
584 1376 792 1447 λέπραν
844 1376 1154 1441 ἀναλαϐεῖν,
1184 1378 1258 1440 ὡς
1290 1376 1450 1447 ιἰεζὴ
1495 1375 1592 1431 τοῦ
1623 1376 1876 1445 Ναιεμὰν

285 1468 506 1530 ἐκεῖνος
532 1484 547 1530 ;
582 1468 676 1520 καὶ
723 1468 923 1537 τρόπον
947 1468 1132 1538 ἕτερον
1157 1468 1319 1521 αὑτὸν
1346 1467 1741 1538 ἐξωνήσασθαι,
1776 1467 1873 1520 λα-

290 1558 415 1612 ϐὼν
468 1558 670 1627 μᾶλλον
721 1558 753 1628 ἢ
809 1559 1097 1623 δεδωκώς;
1159 1558 1378 1611 Τούτων
1415 1558 1727 1612 ἀκούσαντα
1783 1558 1874 1611 τὸν

1983 647 2325 702 sanationem
2358 660 2505 703 esset
2569 647 2855 703 manifeste
2894 664 2960 704 ac
3004 650 3181 719 palam
3234 649 3539 719 divulgans.

1983 735 2220 792 Sanctus
2256 754 2389 793 vero
2424 754 2618 792 aurum
2657 755 2810 794 more
2836 755 2937 794 suo
2992 756 3105 794 non
3154 740 3396 805 admisit,
3447 741 3542 795 sed

1980 845 2081 899 pro
2120 832 2562 883 remuneratione
2607 830 2770 901 digna
2833 842 3128 901 perpetuas
3174 832 3287 886 Deo
3340 833 3545 902 gratias

1979 919 2297 987 persolvere
2321 918 2577 988 iniunxit.
2607 919 2859 973 Julianus
2891 936 3057 988 porro
3118 937 3260 976 unus
3306 921 3546 991 discipu-

1978 1009 2180 1074 lorum,
2211 1009 2427 1063 induxit
2464 1010 2519 1063 in
2544 1010 2787 1063 animum
2814 1011 3063 1081 accipere
3107 1027 3301 1065 aurum
3342 1030 3358 1066 :
3397 1014 3543 1081 quod

1991 1109 2047 1152 ut
2080 1099 2330 1152 internos
2363 1098 2649 1169 Symeonis
2666 1100 2855 1154 oculos
2884 1115 2997 1154 non
3025 1101 3207 1166 latuit,
3252 1101 3330 1155 ait
3380 1102 3545 1158 disci-

1980 1190 2140 1259 pulo:
2173 1190 2340 1245 Visne
2371 1206 2498 1246 cum
2541 1205 2679 1245 auro
2717 1190 2881 1245 simul
2913 1200 2970 1246 et
3029 1191 3237 1261 lepram
3271 1194 3541 1263 accipere,

1981 1280 2209 1337 utGiezi
2235 1281 2325 1335 ille
2354 1279 2795 1350 lcpramNaami,
2826 1287 2884 1334 et
2904 1280 3012 1334 alio
3031 1280 3192 1334 modo
3223 1280 3371 1335 illam
3399 1281 3545 1335 redi-

1980 1387 2161 1437 mere,
2187 1372 2325 1426 dans
2352 1371 2538 1441 potius
2551 1386 2714 1439 quam
2749 1370 3063 1439 accipiens?
3092 1371 3189 1425 liis
3208 1370 3413 1425 auditis
3434 1386 3543 1425 non

1984 1464 2149 1517 modo
2192 1462 2457 1518 abstinuit
2493 1460 2795 1530 discipulus
2842 1460 2934 1515 ille
2962 1500 2977 1525 ,
3014 1460 3112 1516 sed
3160 1462 3376 1517 veniam
3406 1476 3547 1531 quo-

1981 1571 2090 1625 que
2118 1554 2578 1625 concupiscentia:
2610 1568 2724 1608 sua:
2747 1551 2894 1606 illico
2923 1553 3102 1622 petiit,
3133 1564 3189 1610 et
3216 1553 3449 1625 accepit.

293 1656 554 1731 μαθητήν
583 1655 683 1709 οὐκ
702 1654 1030 1726 ἀποσχίσθαι
1054 1655 1234 1727 μόνον,
1260 1655 1397 1709 ἀλλὰ
1426 1655 1514 1709 καὶ
1545 1652 1875 1725 συγγνώμην
1905 1650 2065 1713 εὐθὺς
2086 1652 2307 1721 αἰτῆσαι
2329 1650 2424 1705 τοῦ
2457 1650 2842 1721 ἐνθυμήματος
2872 1652 2969 1707 καὶ
3006 1651 3213 1706 λαϐεῖν.

1741 1768 1966 1827 CAPUT
1992 1767 2113 1824 XII.

712 1894 1097 1950 Monasterium
1152 1896 1381 1950 monitus
1426 1912 1459 1948 a
1510 1893 1620 1949 Deo
1657 1890 2120 1957 exstruitmquam
2144 1886 2382 1958 impetrat
2432 1903 2495 1943 ac
2538 1887 2826 1942 diutissime
2871 1896 3162 1942 conservat.

374 2016 482 2087 ιιβ’·
521 2014 596 2069 Τδ
631 2013 813 2085 μέντοι
840 2014 985 2085 ὅρος,
1017 2015 1075 2067 ἐν
1114 2007 1159 2081 ᾧ
1193 2012 1293 2085 τὴν
1329 2011 1552 2084 ἀγωγὴν
1587 2014 1617 2066 6
1645 2009 1871 2081 Συμεὼν

2047 2008 2137 2063 92.
2199 2006 2475 2063 Caeterum
2531 2022 2693 2063 mons
2747 2006 2801 2062 in
2833 2022 2943 2077 quo
3003 2008 3240 2079 Symeon
3292 2008 3546 2082 degebat,

298 2109 560 2173 ἐποιεῖτο,
585 2108 790 2179 ἔρημος
816 2103 883 2179 ἦν
908 2108 1169 2176 ἀτεχνῶς,
1200 2107 1297 2177 οὐχ
1328 2104 1549 2169 ὕδατος,
1590 2105 1690 2157 οὐκ
1717 2102 1876 2159 ἄλλον

295 2203 443 2275 πρὸς
472 2202 542 2255 τὰ
572 2201 843 2270 ἀναγκαῖά
886 2217 1029 2264 τινος
1060 2200 1348 2271 εὐποροῦν,
1377 2200 1458 2253 ὅτι
1490 2199 1567 2269 μὴ
1610 2197 1875 2268 καλύϐης,

297 2297 399 2347 καὶ
446 2293 649 2364 ταύτης
692 2292 841 2363 μιᾶς,
881 2293 949 2362 ἢν
1000 2293 1051 2345 οἱ
1097 2291 1340 2363 μαθηταὶ
1390 2290 1616 2362 μετρίαν
1664 2291 1877 2352 ἑαυτοῖς

297 2385 574 2455 ἐπήξαντο
633 2383 879 2455 σκέπην·
930 2382 1091 2447 αὐτὸς
1131 2383 1240 2454 γὰρ
1280 2384 1374 2435 ἐπὶ
1406 2382 1505 2453 τῆς
1544 2382 1771 2453 πέτρας,
1802 2382 1877 2445 ὡς

298 2478 572 2546 ἐμνημεν,
606 2477 663 2530 ἐν
691 2475 941 2545 ὑπαίθρῳ
969 2475 1231 2544 εἱστήκει,
1263 2472 1592 2545 δερματίνην
1623 2473 1876 2544 μηλωτὴν

298 2572 710 2640 ⁸ζτερικιείμενος.
755 2570 905 2621 Ἐπεὶ
949 2569 1005 2621 δὲ
1031 2567 1203 2620 πολλὰ
1249 2566 1583 2636 πανταχόθεν
1626 2566 1876 2635 συνέρρει

296 2663 443 2732 πρὸς
491 2661 653 2714 αὑτὸν
698 2659 955 2713 ἑκάστοτε
991 2660 1192 2729 πλήθη,
1226 2659 1288 2712 οὐ
1324 2658 1593 2728 πνεύμασι
1623 2661 1878 2728 πονηροῖς

306 2756 491 2823 μόνον,
544 2751 680 2804 ἀλλὰ
725 2751 820 2804 καὶ
855 2749 1219 2814 παντοδαποῖς
1258 2747 1507 2817 σώματος
1556 2748 1753 2801 πάθεσι
1783 2746 1878 2799 καὶ

301 2844 480 2907 νόσοις
506 2843 955 2913 κατειλημμένων
989 2841 1193 2912 (ἐπίεζε
1222 2841 1278 2894 δὲ
1310 2842 1506 2905 αὐτοὺς
1537 2842 1572 2912 ἦ
1598 2858 1658 2894 τε
1687 2840 1877 2908 ἄφιλος

302 2932 531 3003 ἐρημία,
565 2936 660 2986 καὶ
681 2935 714 3003 ή
749 2932 855 2985 τῶν
872 2932 1179 3001 ἀναγκαίων
1200 2934 1395 2999 ἔνδεια,
1427 2934 1522 2986 καὶ
1550 2934 1610 2986 τὸ
1636 2934 1878 3003 ἐσχάτως

303 3026 535 3096 ἄνυδρόν
577 3043 639 3078 τε
681 3026 776 3079 καὶ⁵
795 3026 1069 3095 ἄστεγον),
1101 3029 1129 3079 ὁ
1159 3028 1334 3090 κοινὸς
1374 3027 1467 3079 καὶ
1498 3026 1878 3097 φιλάνθρωπος

302 3121 561 3175 ἁπάντων
613 3118 849 3192 Ποιητής
900 3122 994 3174 καὶ
1050 3121 1239 3192 Πατὴρ
1281 3124 1378 3175 καὶ
1418 3122 1715 3191 Δεσπότης,
1751 3121 1780 3173 6
1809 3122 1874 3190 τῇ

304 3209 454 3280 ίσχύῖ
487 3209 650 3262 αὐτοῦ
691 3212 761 3281 τῇ
808 3209 1038 3282 μεγάλῃ,
1072 3211 1163 3263 καὶ
1195 3209 1274 3280 τῷ
1307 3210 1562 3281 βραχίονι
1608 3210 1771 3263 αὑτοῦ
1800 3211 1878 3280 τῷ

300 3301 497 3372 ὑψηλῷ
534 3302 714 3356 πάντα
741 3301 934 3366 ποιῶν,
958 3304 986 3356 ὁ
1022 3303 1193 3373 μέγας
1220 3305 1285 3373 τῇ
1321 3302 1482 3374 βουλῇ
1528 3303 1621 3356 καὶ
1651 3303 1877 3366 δυνατὸς

298 3396 419 3456 τοῖς
464 3392 667 3463 ἔργοις,
696 3394 726 3447 6
762 3393 918 3457 είδὼς
961 3388 1036 3447 ὧν
1078 3393 1269 3465 χρείαν
1297 3393 1514 3465 ἔχομεν,
1560 3394 1657 3448 καὶ
1693 3395 1785 3463 ἀφ’
1819 3388 1880 3447 οῦ

302 3484 752 3556 ἀποκρυϐήσεται
800 3484 973 3548 οὐδὲν,
1021 3477 1173 3547 οὗτος
1234 3486 1329 3537 καὶ
1377 3483 1472 3537 νῦν
1529 3483 1607 3554 τῷ
1660 3483 1883 3554 Συμεὼν

304 3574 630 3645 παραδόξως
656 3574 865 3644 ὀφθείς⁶
901 3575 1013 3645 Οὐχ
1049 3576 1181 3647 ὁρᾷς
1208 3575 1305 3646 τὴν
1335 3575 1657 3645 όλιγόψυχον
1681 3574 1884 3646 ταύτην

306 3667 520 3736 γενεὰν,
547 3667 675 3740 ἔφη,
703 3669 850 3732 ὅπως
873 3667 1129 3731 ἀδύνατος
1153 3670 1335 3732 αὐτοῖς
1362 3670 1394 3736 ἡ
1426 3667 1659 3722 ἐνταῦθα
1684 3668 1884 3738 διατρι-

301 3759 401 3830 ϐὴ,
424 3763 499 3831 μὴ
514 3761 826 3834 προσόντων
852 3761 961 3816 τῶν
990 3762 1130 3816 κατὰ
1156 3763 1345 3834 χρείαν
1368 3781 1380 3829 ;
1418 3762 1576 3817 Ἀλλὰ
1598 3763 1729 3834 παρ’
1747 3763 1881 3833 ἐμοῦ

303 3852 481 3907 ταῦτα
511 3855 608 3907 καὶ
646 3854 800 3908 αὐτοὶ
822 3854 1283 3925 κομιοῦνται,,καὶ
1312 3856 1375 3909 σὺ
1400 3855 1740 3926 πραγμάτων
1767 3856 1883 3910 δια-

306 3944 491 4013 μενεῖν
516 3942 813 4014 ἐλεύθερος.

379 4209 486 4274 Lf.
527 4207 742 4259 Τούτων
781 4207 1022 4269 ἀκούσας
1068 4209 1342 4279 μακαρίας
1387 4209 1559 4279 ἀκοῆς
1596 4210 1811 4282 ἐκείνης
1854 4214 1882 4265 6

304 4295 553 4366 Συμεὼν,
582 4298 683 4368 ὁρᾷ
705 4298 867 4350 οἱονεί
897 4315 949 4351 τι
985 4298 1181 4369 μέτρον
1208 4301 1504 4372 κατέχοντα
1536 4303 1716 4371 χερσὶν
1748 4303 1881 4371 Ἅγ-

302 4387 485 4455 γελον,
518 4388 609 4441 καὶ
642 4387 709 4440 τὰ
744 4387 838 4439 τοῦ
868 4390 1229 4458 μοναστηρίου
1263 4391 1356 4442 καὶ
1389 4390 1495 4443 τῶν
1524 4393 1581 4444 ἐν
1614 4392 1763 4461 αύτῷ
1791 4410 1884 4445 σε-

302 4478 557 4547 ϐασμίων
579 4479 720 4531 ναῶν
748 4478 1170 4550 διαχαράττοντα
1198 4479 1338 4551 ἴχνη,
1367 4482 1595 4552 νεφέλην
1620 4500 1678 4537 τε
1706 4484 1879 4551 φωτὸς

301 4568 427 4621 ὅλον
461 4568 521 4621 τὸ
554 4568 865 4639 θαυμαστὸν
892 4568 1214 4638 καλύψασαν
1240 4571 1384 4637 ὅρος,
1418 4572 1510 4625 καὶ
1539 4573 1599 4625 τὸ
1624 4573 1716 4626 τοῦ
1742 4574 1876 4627 Θεοῦ

304 4660 532 4731 Πνεῦμα
554 4663 610 4714 ἐν
640 4661 945 4733 ὁμοιώματι
984 4663 1163 4733 χειρὸς
1186 4663 1253 4716 τὰ
1298 4664 1400 4717 ὑπὸ
1436 4668 1501 4736 τῇ
1536 4666 1734 4738 νεφέλῃ
1764 4666 1874 4718 δει-
1908 4643 1954 4701 ί)

301 4752 469 4807 κνύον
488 4769 502 4783 ο
530 4754 624 4807 καὶ
649 4754 731 4807 ὅτι
757 4755 941 4807 Ταῦτα
968 4756 1120 4806 ἔσται
1156 4771 1238 4807 σοι
1272 4756 1468 4819 πάντα,
1500 4757 1653 4826 λέγον
1685 4758 1834 4829 αὐτῷ
1860 4801 1873 4823 ,

303 4847 386 4909 είς
426 4846 726 4917 ὑπουργίαν
754 4847 860 4900 τῶν
890 4846 1015 4918 τῇδε
1045 4849 1215 4900 οἰκεῖν
1258 4866 1316 4900 τε
1361 4850 1458 4903 καὶ
1496 4851 1875 4915 ἐπιξενοῦσθαί

306 4937 629 5008 μελλόντων.
657 4937 959 5006 Μεγαλύνω
984 4938 1093 5010 γὰρ
1119 4940 1211 4992 ἐπὶ
1236 4939 1361 5010 ἔθνη
1397 4942 1489 4993 καὶ
1522 4941 1760 5010 βασιλεῖς
1782 4944 1877 4997 καὶ¹

306 5030 642 5101 μεγιστᾶνας
696 5031 758 5084 τὸ
806 5031 978 5101 ὄνομα
1031 5049 1148 5096 σου,
1192 5033 1283 5086 καί
1311 5051 1403 5086 σου
1450 5035 1655 5088 τούτων
1692 5035 1877 5089 πολλοὶ

300 5122 658 5192 δεηθήσονται
683 5138 697 5153 ο
728 5118 849 5177 εἶτα
876 5124 971 5177 καὶ
1002 5123 1169 5177 πολλὰ
1204 5124 1379 5195 πλήθη
1407 5125 1677 5196 διαφόρων
1707 5127 1875 5181 ἐθνῶν

302 5214 457 5285 αὐτῷ
520 5215 828 5280 ὑπεδείκνυ,
869 5215 1205 5285 πανταχόθεν
1251 5218 1331 5279 είς
1392 5219 1552 5271 αὑτὸν
1606 5221 1871 5272 συνιόντα.

304 5308 527 5370 Τούτοις
554 5307 989 5379 πληροφορηθεὶς
1020 5308 1117 5378 τὴν
1147 5309 1374 5380 καρδίαν
1397 5312 1424 5363 6
1458 5312 1700 5380 Συμεὼν,
1728 5312 1874 5365 εύδο-

306 5401 430 5454 κίαν
474 5395 609 5453 εἶναι
661 5400 797 5452 Θεοῦ
829 5400 1090 5468 συστῆναι
1132 5403 1260 5473 περὶ
1295 5403 1457 5457 αὐτὸν
1495 5406 1871 5475 μοναστήριον,

308 5492 401 5545 καὶ
437 5491 633 5553 ἱκανῶς
687 5491 780 5543 ἐπὶ
812 5492 978 5543 πᾶσιν
1018 5492 1437 5561 εὐχαριστήσας,
1470 5494 1734 5565 ἐπέτρεψε
1769 5498 1877 5559 τοῖς

309 5584 575 5652 μαθηταῖς
605 5585 764 5637 πάλιν
803 5578 957 5646 οὗτος
989 5584 1129 5637 κατὰ
1167 5589 1258 5638 τὸν
1305 5586 1687 5659 ύποδειχθέντα
1723 5592 1884 5643 τόπον

305 5674 467 5727 τοῦτο
498 5674 840 5746 διαχαράξαι.

379 5849 480 5914 ιιδο.
515 5851 624 5904 Καὶ
655 5850 715 5904 τὸ
754 5851 853 5922 μὲν
898 5852 1038 5906 κατὰ
1073 5854 1170 5923 τὴν
1213 5855 1406 5926 ἐκείνῳ
1452 5859 1712 5925 φανεῖσαν
1758 5858 1879 5927 ὄψιν

1980 2101 2136 2157 locus
2187 2110 2308 2155 erat
2361 2100 2615 2155 desertus
2682 2099 3053 2170 incultusque,
3118 2117 3230 2156 non
3264 2102 3334 2158 ab
3380 2119 3544 2173 aqua,

1980 2202 2149 2258 tecto,
2183 2193 2441 2247 aliavere
2489 2192 2559 2247 ad
2608 2190 2776 2247 vitam
2827 2192 3143 2247 necessaria
3200 2194 3543 2262 instructus;

1978 2284 2334 2353 tuguriolum,
2361 2282 2523 2352 idque
2549 2282 2798 2347 unicum,
2827 2282 3084 2348 habebat,
3110 2283 3255 2352 quod
3286 2284 3543 2355 discipuli

1978 2374 2084 2429 sibi
2143 2372 2413 2443 refugium
2486 2388 2599 2427 non
2668 2374 2910 2441 amplum
2969 2384 3543 2444 eoagmentaverant:

1978 2464 2215 2536 Symeon
2248 2464 2473 2534 quippe,
2492 2472 2554 2517 ut
2582 2477 2747 2533 supra
2774 2463 3150 2530 meminimus,
3180 2464 3234 2519 in
3266 2475 3425 2535 petra
3447 2482 3545 2521 sua

1982 2558 2085 2613 sub
2117 2558 2211 2612 dio
2242 2566 2394 2611 stans
2431 2555 2790 2626 perennabat,
2845 2556 3089 2625 pellicea:
3134 2557 3350 2611 melota:
3392 2557 3550 2613 invo-

1978 2650 2145 2705 lutus.
2175 2650 2370 2703 Postea
2404 2661 2538 2701 vero
2588 2662 2715 2701 cum
2770 2646 2920 2701 omni
2970 2662 3037 2701 ex
3084 2657 3240 2716 parte
3286 2648 3547 2717 frequens

1980 2741 2139 2795 turba
2168 2739 2413 2809 quotidie
2444 2738 2513 2793 ad
2552 2738 2733 2809 ipsum
2763 2738 3069 2795 conﬂueret
3092 2741 3402 2806 hominum,
3430 2752 3544 2796 tum

1979 2830 2235 2901 malignis
2266 2830 2573 2900 spiritibus,
2604 2836 2719 2883 tum
2742 2829 2811 2884 ab
2839 2830 3019 2884 omnis
3063 2832 3283 2900 generis
3334 2833 3545 2887 morbis

1979 2940 2044 2978 ac
2066 2923 2373 2983 doloribus,
2397 2933 2802 2993 correptorum,
2828 2925 3167 2992 miserosque
3186 2925 3305 2979 illos
3327 2925 3548 2994 excipe—

1982 3022 2066 3066 ret
2097 3024 2205 3067 tam
2292 3012 2605 3069 inamabilis
2628 3029 2868 3076 eremus,
2898 3030 3082 3066 rerqu
3120 3016 3549 3069 necessariarum

1981 3106 2235 3176 penuria,
2268 3105 2517 3159 deiectus
2541 3120 2695 3174 aquae
2729 3120 2793 3158 ac
2824 3104 3091 3157 domicilii
3119 3123 3132 3165 ;
3159 3106 3468 3158 communis
3488 3121 3551 3159 ac

1981 3198 2283 3254 benevolus
2307 3198 2553 3251 omnium
2588 3195 2839 3260 Creator,
2864 3198 3023 3249 Pater
3070 3204 3235 3265 atque
3264 3182 3551 3261 Dominus,

1983 3290 2078 3359 qui
2108 3288 2354 3359 potentia
2386 3304 2483 3341 sua
2514 3287 2782 3341 immensa
2804 3295 2858 3339 et
2888 3286 3117 3341 brachio
3162 3287 3383 3342 sublimi
3437 3302 3554 3342 mo-

1987 3381 2212 3435 deratur
2237 3378 2515 3441 universa,
2559 3393 2789 3447 magnus
2853 3377 2944 3432 ille
2988 3378 3223 3432 consilio
3266 3387 3322 3432 et
3354 3388 3554 3447 potens

1986 3487 2176 3542 opere,
2200 3470 2292 3539 qui
2324 3486 2434 3523 non
2469 3469 2704 3538 ignorat,
2742 3469 2945 3538 quibus
2964 3485 3066 3524 nos
3115 3470 3434 3525 homunculi
3467 3469 3554 3524 in-

1974 3562 2291 3632 digeamus,
2323 3560 2527 3629 quique
2554 3558 2693 3613 nihil
2728 3559 2980 3629 ignorare
3016 3570 3236 3629 potest;
3295 3561 3391 3615 ille
3438 3560 3555 3632 ipse

1984 3653 2077 3706 hic
2115 3666 2336 3721 quoque
2374 3649 2629 3721 Symeoni
2660 3666 2972 3719 apparens:
3008 3652 3202 3706 Nonne
3245 3651 3421 3718 vides,
3468 3652 3555 3706 in-

1984 3744 2125 3813 quit,
2160 3760 2324 3812 quam
2352 3742 2593 3812 pendeat
2626 3743 2827 3797 animis
2864 3742 2979 3797 haec
3003 3744 3161 3797 turba
3183 3744 3384 3814 ?quam
3414 3760 3556 3815 κει-θ

1983 3838 2075 3892 hic
2103 3837 2303 3890 morari
2329 3836 2572 3906 possint,
2600 3836 2986 3890 deficientibus
3012 3838 3289 3904 omnibus,
3323 3854 3445 3908 qua:
3480 3841 3548 3895 ad

1984 3928 2109 3983 vitae
2133 3943 2289 3981 usum
2324 3926 2567 3981 faciunt?
2599 3927 2798 3982 Verum
2850 3927 3039 3982 isthmc
3073 3928 3183 3998 jam
3222 3944 3252 3982 a
3294 3945 3382 3984 me
3422 3929 3557 4001 ipsis

1984 4019 2516 4090 suppeditabuntur;
2550 4027 2607 4072 et
2648 4030 2706 4074 tu
2756 4019 2917 4075 deses
2959 4036 3290 4091 permanens
3331 4040 3554 4082 manum

1984 4114 2136 4183 operi
2164 4128 2273 4165 non
2311 4110 2653 4166 admovebis.

2053 4208 2141 4261 93.
2179 4207 2345 4260 Beata
2374 4204 2463 4257 illa
2486 4218 2620 4257 voce
2643 4202 2898 4272 dignatus
2919 4202 3175 4275 Symeon,
3206 4206 3557 4277 conspicatur

1984 4298 2139 4369 quasi
2170 4297 2423 4368 angelum
2456 4310 2729 4349 mensurae
2758 4294 3017 4363 quiddam
3064 4298 3319 4353 manibus
3347 4308 3555 4368 tenere,

1984 4400 2040 4444 et
2099 4387 2418 4442 monasterii
2468 4394 2940 4456 augustorumque
2995 4388 3320 4458 templorum
3385 4390 3439 4445 in
3488 4407 3556 4447 eo

1984 4482 2376 4539 strnendorum
2410 4481 2689 4535 delineare
2724 4480 2986 4550 vestigia;
3034 4482 3385 4551 conspicatur
3424 4499 3559 4554 quo-

1983 4592 2090 4647 que
2136 4576 2339 4629 nubem
2368 4573 2631 4638 lucidam,
2668 4589 2789 4641 quae
2838 4582 3079 4627 montem
3115 4583 3286 4628 totum
3330 4576 3557 4632 mirabi-

1983 4668 2090 4722 lem
2116 4667 2352 4736 tegebat,
2382 4680 2596 4719 necnon
2624 4664 2889 4733 Spiritum
2914 4664 3009 4717 Dei
3056 4665 3109 4718 in
3142 4664 3311 4719 forma
3342 4683 3554 4731 manus,

1983 4775 2048 4813 ea
2078 4774 2201 4828 quae
2227 4756 2330 4811 sub
2354 4755 2500 4809 nube
2522 4764 2683 4808 erant
2710 4755 3112 4819 ostendentem,
3143 4756 3553 4826 dicentemque:

1985 4851 2111 4904 Haec
2139 4849 2321 4902 omnia
2366 4847 2465 4900 tibi
2511 4855 2676 4899 erunt
2710 4846 2765 4899 in
2819 4846 3129 4900 subsidium
3168 4847 3409 4912 illorum,
3461 4850 3554 4919 qui

1985 4940 2379 4997 commoraturi
2405 4940 2496 4993 hic
2531 4949 2625 4992 aut
2658 4938 2932 5007 liospitatu
2944 4939 2986 4991 ri
3008 4947 3136 4992 sunt
3161 4957 3175 5003 ;
3201 4940 3556 5009 magniﬁcabo

1982 5035 2186 5105 quippe
2218 5049 2419 5087 nomen
2450 5040 2602 5086 tuum
2634 5031 2777 5100 apud
2807 5040 2998 5099 gentes
3020 5040 3076 5085 et
3123 5048 3279 5101 reges
3314 5046 3371 5087 et
3411 5040 3556 5101 opt-7-

1985 5134 2192 5191 mates;
2221 5133 2276 5178 ct
2303 5124 2455 5177 inulti
2492 5124 2688 5177 borum
2718 5121 3103 5191 supplicabunt
3135 5122 3254 5177 tibi.
3287 5123 3415 5179 Post
3441 5126 3556 5182 hac

1982 5217 2328 5271 diversorum
2399 5216 2725 5284 populorum
2805 5215 3211 5270 multitudinem
3278 5217 3552 5288 ingentem

1984 5309 2345 5373 monstrabat,
2370 5307 2614 5376 undique
2650 5306 2716 5360 ad
2746 5307 2923 5375 ipsum
2957 5316 3363 5375 pr0perantem.
3391 5307 3553 5364 Hisce

1983 5402 2211 5456 omnino
2258 5416 2558 5469 persuasus
2617 5398 2874 5469 Symcon,
2932 5399 3189 5466 placitum
3246 5399 3358 5452 Deo
3409 5416 3550 5461 esse,

1983 5500 2044 5545 ut
2073 5491 2468 5543 monasterium
2505 5490 2649 5543 circa
2680 5489 2856 5557 ipsum
2893 5496 3343 5543 construeretur:
3378 5492 3553 5544 maxi-

1982 5587 2086 5641 mis
2117 5588 2193 5640 illi
2234 5589 2425 5657 gratiis
2470 5588 2785 5657 persolutis,
2820 5586 3096 5641 commisit
3141 5585 3428 5655 discipulis
3460 5602 3557 5643 cu-

1982 5693 2094 5731 ram
2122 5678 2436 5749 illiusjuxla
2466 5689 2741 5733 ostensam
2768 5679 2993 5730 formam
3016 5677 3342 5747 designandi
3366 5696 3378 5742 ;
3402 5679 3553 5749 juxta

1978 5785 2138 5838 quam
2169 5780 2224 5826 et
2259 5770 2494 5839 positum
2526 5778 2628 5823 est.

2050 5863 2138 5916 94.
2191 5864 2335 5918 Deus
2396 5862 2642 5927 interea,
2694 5862 2787 5932 qui
2848 5878 2906 5917 se
2958 5853 3565 5934 Symeonil'cvelavemt
