  <div class='ocr_page' id='page_1' title='image "/cluster/home/n/w/nwhite01/storage/ocr_20150623/86:2/hvd.32044012719696/668.png"; bbox 0 0 3988 6490; ppageno 0'>
   <div class='ocr_carea' id='block_1_1' title="bbox 232 411 400 478">
    <p class='ocr_par' dir='ltr' id='par_1_1' title="bbox 232 411 400 478">
     <span class='ocr_line' id='line_1_1' title="bbox 232 411 400 478; baseline 0.012 -2"><span class='ocrx_word' id='word_1_1' title='bbox 232 411 400 478; x_wconf 78' lang='lat'><strong>3077</strong></span> 
     </span>
    </p>
   </div>
   <div class='ocr_carea' id='block_1_2' title="bbox 1271 389 2531 462">
    <p class='ocr_par' dir='ltr' id='par_1_2' title="bbox 1271 389 2531 462">
     <span class='ocr_line' id='line_1_2' title="bbox 1271 389 2531 462; baseline -0.008 0"><span class='ocrx_word' id='word_1_2' title='bbox 1271 400 1446 462; x_wconf 80' lang='lat' dir='ltr'><strong>VITA</strong></span> <span class='ocrx_word' id='word_1_3' title='bbox 1488 399 1529 456; x_wconf 89' lang='lat' dir='ltr'><strong>A</strong></span> <span class='ocrx_word' id='word_1_4' title='bbox 1569 389 2010 457; x_wconf 80' lang='lat' dir='ltr'><strong>NICEPIIORO</strong></span> <span class='ocrx_word' id='word_1_5' title='bbox 2043 390 2531 454; x_wconf 77' lang='lat' dir='ltr'><strong>CONSCRIPTA.</strong></span> 
     </span>
    </p>
   </div>
   <div class='ocr_carea' id='block_1_3' title="bbox 3385 383 3543 447">
    <p class='ocr_par' dir='ltr' id='par_1_3' title="bbox 3385 383 3543 447">
     <span class='ocr_line' id='line_1_3' title="bbox 3385 383 3543 447; baseline -0.006 0"><span class='ocrx_word' id='word_1_6' title='bbox 3385 383 3543 447; x_wconf 63' lang='lat'><strong>3078‘</strong></span> 
     </span>
    </p>
   </div>
   <div class='ocr_carea' id='block_1_4' title="bbox 232 501 1852 595">
    <p class='ocr_par' dir='ltr' id='par_1_4' title="bbox 232 506 1849 595">
     <span class='ocr_line' id='line_1_4' title="bbox 232 506 1849 595; baseline -0.015 -12"><span class='ocrx_word' id='word_1_7' title='bbox 232 529 434 582; x_wconf 83' lang='grc' dir='ltr'>δεῖται</span> <span class='ocrx_word' id='word_1_8' title='bbox 475 525 573 595; x_wconf 78' lang='grc' dir='ltr'>μὲν</span> <span class='ocrx_word' id='word_1_9' title='bbox 614 521 706 574; x_wconf 80' lang='grc' dir='ltr'>καὶ</span> <span class='ocrx_word' id='word_1_10' title='bbox 738 518 900 574; x_wconf 83' lang='grc' dir='ltr'>πάλιν</span> <span class='ocrx_word' id='word_1_11' title='bbox 929 515 1096 580; x_wconf 74' lang='grc' dir='ltr'>αὐτὸς</span> <span class='ocrx_word' id='word_1_12' title='bbox 1123 512 1218 567; x_wconf 87' lang='grc' dir='ltr'><strong>τοῦ</strong></span> <span class='ocrx_word' id='word_1_13' title='bbox 1245 512 1303 565; x_wconf 78' lang='grc' dir='ltr'>ἐν</span> <span class='ocrx_word' id='word_1_14' title='bbox 1332 511 1485 566; x_wconf 75' lang='grc' dir='ltr'>ὕδασι</span> <span class='ocrx_word' id='word_1_15' title='bbox 1517 513 1588 563; x_wconf 67' lang='grc' dir='ltr'><strong>τὰ</strong></span> <span class='ocrx_word' id='word_1_16' title='bbox 1625 506 1849 578; x_wconf 81' lang='grc' dir='ltr'><strong>ὑπερῷα</strong></span> 
     </span>
    </p>
   </div>
   <div class='ocr_carea' id='block_1_5' title="bbox 1958 501 3532 595">
    <p class='ocr_par' dir='ltr' id='par_1_5' title="bbox 1958 501 3532 575">
     <span class='ocr_line' id='line_1_5' title="bbox 1958 501 3532 575; baseline -0.003 -15"><span class='ocrx_word' id='word_1_17' title='bbox 1958 506 2188 570; x_wconf 79' lang='lat' dir='ltr'><strong>stabilit,</strong></span> <span class='ocrx_word' id='word_1_18' title='bbox 2224 505 2583 575; x_wconf 90' lang='lat' dir='ltr'><strong>deprecatur:</strong></span> <span class='ocrx_word' id='word_1_19' title='bbox 2619 513 2682 559; x_wconf 86' lang='lat' dir='ltr'><strong>et</strong></span> <span class='ocrx_word' id='word_1_20' title='bbox 2709 510 3000 558; x_wconf 66' lang='lat' dir='ltr'><strong>cataractre</strong></span> <span class='ocrx_word' id='word_1_21' title='bbox 3051 501 3272 555; x_wconf 82' lang='lat' dir='ltr'><strong>illorum</strong></span> <span class='ocrx_word' id='word_1_22' title='bbox 3327 509 3532 568; x_wconf 72' lang='lat' dir='ltr'><strong>aperta:</strong></span> 
     </span>
    </p>
   </div>
   <div class='ocr_carea' id='block_1_6' title="bbox 239 598 1845 688">
    <p class='ocr_par' dir='ltr' id='par_1_6' title="bbox 239 598 1845 688">
     <span class='ocr_line' id='line_1_6' title="bbox 239 598 1845 688; baseline -0.014 -14"><span class='ocrx_word' id='word_1_23' title='bbox 239 618 638 688; x_wconf 70' lang='grc' dir='ltr'><strong>στεγάζοντος,</strong></span> <span class='ocrx_word' id='word_1_24' title='bbox 663 612 832 682; x_wconf 83' lang='grc' dir='ltr'>θύρας</span> <span class='ocrx_word' id='word_1_25' title='bbox 855 609 911 662; x_wconf 84' lang='grc' dir='ltr'>δὲ</span> <span class='ocrx_word' id='word_1_26' title='bbox 933 607 1162 680; x_wconf 84' lang='grc' dir='ltr'>ούρανοῦ</span> <span class='ocrx_word' id='word_1_27' title='bbox 1185 604 1547 676; x_wconf 79' lang='grc' dir='ltr'>ἀνεῴγνυντο,</span> <span class='ocrx_word' id='word_1_28' title='bbox 1575 598 1667 656; x_wconf 78' lang='grc' dir='ltr'>καὶ</span> <span class='ocrx_word' id='word_1_29' title='bbox 1691 599 1845 662; x_wconf 78' lang='grc' dir='ltr'>ὑετὸς</span> 
     </span>
    </p>
   </div>
   <div class='ocr_carea' id='block_1_7' title="bbox 235 700 1310 778">
    <p class='ocr_par' dir='ltr' id='par_1_7' title="bbox 235 700 1310 778">
     <span class='ocr_line' id='line_1_7' title="bbox 235 700 1310 778; baseline -0.009 -16"><span class='ocrx_word' id='word_1_30' title='bbox 235 711 561 778; x_wconf 77' lang='grc' dir='ltr'><strong>ἑκατέρους</strong></span> <span class='ocrx_word' id='word_1_31' title='bbox 588 705 788 762; x_wconf 84' lang='grc' dir='ltr'>αὐτοὺς</span> <span class='ocrx_word' id='word_1_32' title='bbox 817 702 1018 764; x_wconf 80' lang='grc' dir='ltr'>εὐθέως</span> <span class='ocrx_word' id='word_1_33' title='bbox 1045 700 1310 769; x_wconf 74' lang='grc' dir='ltr'>ἐπλήρου.</span> 
     </span>
    </p>
   </div>
   <div class='ocr_carea' id='block_1_8' title="bbox 332 785 1848 870">
    <p class='ocr_par' dir='ltr' id='par_1_8' title="bbox 332 785 1848 870">
     <span class='ocr_line' id='line_1_8' title="bbox 332 785 1848 870; baseline -0.013 -13"><span class='ocrx_word' id='word_1_34' title='bbox 332 803 436 870; x_wconf 54' lang='grc' dir='ltr'>ιιςν.</span> <span class='ocrx_word' id='word_1_35' title='bbox 471 802 534 854; x_wconf 83' lang='lat' dir='ltr'><strong>0i</strong></span> <span class='ocrx_word' id='word_1_36' title='bbox 583 800 765 870; x_wconf 88' lang='grc' dir='ltr'>μέντοι</span> <span class='ocrx_word' id='word_1_37' title='bbox 804 795 1042 867; x_wconf 70' lang='grc' dir='ltr'><strong>μαθηταὶ⁴</strong></span> <span class='ocrx_word' id='word_1_38' title='bbox 1089 791 1218 845; x_wconf 80' lang='grc' dir='ltr'>’καθ’</span> <span class='ocrx_word' id='word_1_39' title='bbox 1279 789 1526 852; x_wconf 74' lang='grc' dir='ltr'>ἑαυτοὺς,</span> <span class='ocrx_word' id='word_1_40' title='bbox 1554 787 1692 841; x_wconf 84' lang='grc' dir='ltr'>ἀλλά</span> <span class='ocrx_word' id='word_1_41' title='bbox 1751 785 1848 840; x_wconf 71' lang='grc' dir='ltr'>καὶ</span> 
     </span>
    </p>
   </div>
   <div class='ocr_carea' id='block_1_9' title="bbox 241 880 1849 966">
    <p class='ocr_par' dir='ltr' id='par_1_9' title="bbox 241 880 1849 966">
     <span class='ocr_line' id='line_1_9' title="bbox 241 880 1849 966; baseline -0.011 -18"><span class='ocrx_word' id='word_1_42' title='bbox 241 895 404 966; x_wconf 83' lang='grc' dir='ltr'>πρὸς</span> <span class='ocrx_word' id='word_1_43' title='bbox 429 893 693 965; x_wconf 75' lang='grc' dir='ltr'><strong>ἀλλήλους</strong></span> <span class='ocrx_word' id='word_1_44' title='bbox 716 889 1084 952; x_wconf 77' lang='grc' dir='ltr'>ὲνδοιάζοντες</span> <span class='ocrx_word' id='word_1_45' title='bbox 1105 881 1270 955; x_wconf 82' lang='grc' dir='ltr'>ἦσαν,</span> <span class='ocrx_word' id='word_1_46' title='bbox 1293 885 1342 937; x_wconf 82' lang='grc' dir='ltr'><strong>εί</strong></span> <span class='ocrx_word' id='word_1_47' title='bbox 1365 881 1512 947; x_wconf 68' lang='grc' dir='ltr'>ἅπαξ</span> <span class='ocrx_word' id='word_1_48' title='bbox 1543 880 1690 934; x_wconf 79' lang='grc' dir='ltr'>οὕτω</span> <span class='ocrx_word' id='word_1_49' title='bbox 1709 880 1849 948; x_wconf 81' lang='grc' dir='ltr'>πλη-</span> 
     </span>
    </p>
   </div>
   <div class='ocr_carea' id='block_1_10' title="bbox 247 966 1845 1058">
    <p class='ocr_par' dir='ltr' id='par_1_10' title="bbox 247 966 1845 1058">
     <span class='ocr_line' id='line_1_10' title="bbox 247 966 1845 1058; baseline -0.011 -17"><span class='ocrx_word' id='word_1_50' title='bbox 247 986 537 1058; x_wconf 84' lang='grc' dir='ltr'>ρωθέντες</span> <span class='ocrx_word' id='word_1_51' title='bbox 578 984 628 1037; x_wconf 81' lang='grc' dir='ltr'>οἱ</span> <span class='ocrx_word' id='word_1_52' title='bbox 679 982 872 1036; x_wconf 88' lang='grc' dir='ltr'>λάκκοι</span> <span class='ocrx_word' id='word_1_53' title='bbox 897 1019 912 1044; x_wconf 96' lang='grc'><strong>,</strong></span> <span class='ocrx_word' id='word_1_54' title='bbox 948 978 1181 1048; x_wconf 80' lang='grc' dir='ltr'>πλήθεσι</span> <span class='ocrx_word' id='word_1_55' title='bbox 1212 975 1494 1037; x_wconf 74' lang='grc' dir='ltr'><strong>τοσούτοις</strong></span> <span class='ocrx_word' id='word_1_56' title='bbox 1529 973 1626 1026; x_wconf 81' lang='grc' dir='ltr'>καὶ</span> <span class='ocrx_word' id='word_1_57' title='bbox 1671 966 1845 1034; x_wconf 76' lang='grc' dir='ltr'>οὕτως</span> 
     </span>
    </p>
   </div>
   <div class='ocr_carea' id='block_1_11' title="bbox 236 1065 1844 1151">
    <p class='ocr_par' dir='ltr' id='par_1_11' title="bbox 236 1065 1844 1151">
     <span class='ocr_line' id='line_1_11' title="bbox 236 1065 1844 1151; baseline -0.011 -19"><span class='ocrx_word' id='word_1_58' title='bbox 236 1076 501 1151; x_wconf 84' lang='grc' dir='ltr'>ἀριθμοῦ</span> <span class='ocrx_word' id='word_1_59' title='bbox 533 1074 842 1148; x_wconf 77' lang='grc' dir='ltr'><strong>κρείττοσιν</strong></span> <span class='ocrx_word' id='word_1_60' title='bbox 876 1072 963 1141; x_wconf 72' lang='grc' dir='ltr'><strong>ἐφ’</strong></span> <span class='ocrx_word' id='word_1_61' title='bbox 997 1070 1183 1125; x_wconf 69' lang='grc' dir='ltr'>ἱκανὸν</span> <span class='ocrx_word' id='word_1_62' title='bbox 1222 1067 1453 1140; x_wconf 79' lang='grc' dir='ltr'>ἀρκέσαι</span> <span class='ocrx_word' id='word_1_63' title='bbox 1501 1065 1844 1134; x_wconf 70' lang='grc' dir='ltr'><strong>δυνήσονται.</strong></span> 
     </span>
    </p>
   </div>
   <div class='ocr_carea' id='block_1_12' title="bbox 237 1155 1850 1237">
    <p class='ocr_par' dir='ltr' id='par_1_12' title="bbox 237 1155 1850 1237">
     <span class='ocr_line' id='line_1_12' title="bbox 237 1155 1850 1237; baseline -0.009 -14"><span class='ocrx_word' id='word_1_64' title='bbox 237 1168 437 1224; x_wconf 89' lang='grc' dir='ltr'>Τοῦτο</span> <span class='ocrx_word' id='word_1_65' title='bbox 487 1169 545 1223; x_wconf 87' lang='grc' dir='ltr'>δὲ</span> <span class='ocrx_word' id='word_1_66' title='bbox 591 1166 789 1237; x_wconf 83' lang='grc' dir='ltr'>γνόντα</span> <span class='ocrx_word' id='word_1_67' title='bbox 827 1165 920 1218; x_wconf 86' lang='grc' dir='ltr'><strong>τδν</strong></span> <span class='ocrx_word' id='word_1_68' title='bbox 951 1163 1142 1232; x_wconf 79' lang='grc' dir='ltr'>Ἀγιον</span> <span class='ocrx_word' id='word_1_69' title='bbox 1169 1161 1266 1215; x_wconf 69' lang='grc' dir='ltr'>ἕνα</span> <span class='ocrx_word' id='word_1_70' title='bbox 1293 1159 1529 1214; x_wconf 87' lang='grc' dir='ltr'>καλέσαι</span> <span class='ocrx_word' id='word_1_71' title='bbox 1565 1155 1674 1211; x_wconf 85' lang='grc' dir='ltr'><strong>τῶν</strong></span> <span class='ocrx_word' id='word_1_72' title='bbox 1694 1155 1850 1210; x_wconf 80' lang='grc' dir='ltr'>ἀδελ-</span> 
     </span>
    </p>
   </div>
   <div class='ocr_carea' id='block_1_13' title="bbox 239 1247 1848 1332">
    <p class='ocr_par' dir='ltr' id='par_1_13' title="bbox 239 1247 1848 1332">
     <span class='ocr_line' id='line_1_13' title="bbox 239 1247 1848 1332; baseline -0.011 -16"><span class='ocrx_word' id='word_1_73' title='bbox 239 1262 384 1332; x_wconf 74' lang='grc' dir='ltr'><strong>φῶν</strong></span> <span class='ocrx_word' id='word_1_74' title='bbox 412 1263 470 1315; x_wconf 79' lang='grc' dir='ltr'>ὲν</span> <span class='ocrx_word' id='word_1_75' title='bbox 501 1260 719 1332; x_wconf 82' lang='grc' dir='ltr'>έπηλόῳ</span> <span class='ocrx_word' id='word_1_76' title='bbox 747 1261 988 1324; x_wconf 86' lang='grc' dir='ltr'>πάντων,</span> <span class='ocrx_word' id='word_1_77' title='bbox 1028 1254 1315 1311; x_wconf 79' lang='grc' dir='ltr'>’Λντώνιον</span> <span class='ocrx_word' id='word_1_78' title='bbox 1343 1253 1536 1322; x_wconf 73' lang='grc' dir='ltr'>ὄνομα,</span> <span class='ocrx_word' id='word_1_79' title='bbox 1570 1251 1668 1304; x_wconf 75' lang='grc' dir='ltr'>καὶ</span> <span class='ocrx_word' id='word_1_80' title='bbox 1707 1247 1848 1319; x_wconf 73' lang='grc' dir='ltr'>πρὸς</span> 
     </span>
    </p>
   </div>
   <div class='ocr_carea' id='block_1_14' title="bbox 237 1342 1851 1423">
    <p class='ocr_par' dir='ltr' id='par_1_14' title="bbox 237 1342 1851 1423">
     <span class='ocr_line' id='line_1_14' title="bbox 237 1342 1851 1423; baseline -0.007 -17"><span class='ocrx_word' id='word_1_81' title='bbox 237 1354 448 1417; x_wconf 82' lang='grc' dir='ltr'>αὐτὸν,</span> <span class='ocrx_word' id='word_1_82' title='bbox 482 1351 700 1415; x_wconf 78' lang='grc' dir='ltr'>Λαὸὼν,</span> <span class='ocrx_word' id='word_1_83' title='bbox 737 1352 894 1423; x_wconf 67' lang='grc' dir='ltr'>φησὶ,</span> <span class='ocrx_word' id='word_1_84' title='bbox 934 1350 1144 1420; x_wconf 85' lang='grc' dir='ltr'>σχοῖνον</span> <span class='ocrx_word' id='word_1_85' title='bbox 1197 1346 1354 1403; x_wconf 86' lang='grc' dir='ltr'>ἀπιθι</span> <span class='ocrx_word' id='word_1_86' title='bbox 1405 1345 1704 1417; x_wconf 89' lang='grc' dir='ltr'>δρομαίως,</span> <span class='ocrx_word' id='word_1_87' title='bbox 1753 1342 1851 1396; x_wconf 72' lang='grc' dir='ltr'>καὶ</span> 
     </span>
    </p>
   </div>
   <div class='ocr_carea' id='block_1_15' title="bbox 239 1435 1848 1516">
    <p class='ocr_par' dir='ltr' id='par_1_15' title="bbox 239 1435 1848 1516">
     <span class='ocr_line' id='line_1_15' title="bbox 239 1435 1848 1516; baseline -0.006 -18"><span class='ocrx_word' id='word_1_88' title='bbox 239 1446 508 1516; x_wconf 78' lang='grc' dir='ltr'><strong>χαλάσας</strong></span> <span class='ocrx_word' id='word_1_89' title='bbox 544 1446 818 1516; x_wconf 84' lang='grc' dir='ltr'><strong>μέτρησον</strong></span> <span class='ocrx_word' id='word_1_90' title='bbox 849 1444 909 1496; x_wconf 76' lang='grc' dir='ltr'>τὸ</span> <span class='ocrx_word' id='word_1_91' title='bbox 943 1444 999 1495; x_wconf 84' lang='grc' dir='ltr'>ὲν</span> <span class='ocrx_word' id='word_1_92' title='bbox 1037 1441 1152 1503; x_wconf 82' lang='grc' dir='ltr'>τοῖς</span> <span class='ocrx_word' id='word_1_93' title='bbox 1201 1439 1432 1504; x_wconf 78' lang='grc' dir='ltr'><strong>λάκκοις</strong></span> <span class='ocrx_word' id='word_1_94' title='bbox 1483 1437 1650 1508; x_wconf 77' lang='grc' dir='ltr'>ὕδωρ.</span> <span class='ocrx_word' id='word_1_95' title='bbox 1686 1436 1747 1490; x_wconf 87' lang='grc' dir='ltr'><strong>Ὀ</strong></span> <span class='ocrx_word' id='word_1_96' title='bbox 1791 1435 1848 1488; x_wconf 87' lang='grc' dir='ltr'>δὲ</span> 
     </span>
    </p>
   </div>
   <div class='ocr_carea' id='block_1_16' title="bbox 239 1531 1848 1608">
    <p class='ocr_par' dir='ltr' id='par_1_16' title="bbox 239 1531 1848 1608">
     <span class='ocr_line' id='line_1_16' title="bbox 239 1531 1848 1608; baseline -0.007 -17"><span class='ocrx_word' id='word_1_97' title='bbox 239 1537 356 1591; x_wconf 80' lang='grc' dir='ltr'>τὸν</span> <span class='ocrx_word' id='word_1_98' title='bbox 377 1537 585 1608; x_wconf 77' lang='grc' dir='ltr'>σχοῖνον</span> <span class='ocrx_word' id='word_1_99' title='bbox 615 1536 688 1600; x_wconf 82' lang='grc' dir='ltr'>ὡς</span> <span class='ocrx_word' id='word_1_100' title='bbox 712 1535 996 1590; x_wconf 75' lang='grc' dir='ltr'>ἐντέταλτο</span> <span class='ocrx_word' id='word_1_101' title='bbox 1029 1533 1220 1596; x_wconf 70' lang='grc' dir='ltr'>καθεὶς</span> <span class='ocrx_word' id='word_1_102' title='bbox 1238 1535 1330 1585; x_wconf 78' lang='grc' dir='ltr'>καὶ</span> <span class='ocrx_word' id='word_1_103' title='bbox 1368 1532 1648 1603; x_wconf 85' lang='grc' dir='ltr'>μετρήσας</span> <span class='ocrx_word' id='word_1_104' title='bbox 1678 1531 1848 1581; x_wconf 74' lang='grc' dir='ltr'>ἐπαν-</span> 
     </span>
    </p>
   </div>
   <div class='ocr_carea' id='block_1_17' title="bbox 245 1616 1850 1698">
    <p class='ocr_par' dir='ltr' id='par_1_17' title="bbox 245 1616 1850 1698">
     <span class='ocr_line' id='line_1_17' title="bbox 245 1616 1850 1698; baseline -0.009 -17"><span class='ocrx_word' id='word_1_105' title='bbox 245 1627 386 1698; x_wconf 80' lang='grc' dir='ltr'>ἧκε,</span> <span class='ocrx_word' id='word_1_106' title='bbox 404 1626 484 1698; x_wconf 86' lang='grc' dir='ltr'><strong>τῷ</strong></span> <span class='ocrx_word' id='word_1_107' title='bbox 518 1642 578 1679; x_wconf 87' lang='grc' dir='ltr'><strong>τε</strong></span> <span class='ocrx_word' id='word_1_108' title='bbox 620 1623 786 1696; x_wconf 83' lang='grc' dir='ltr'>Ἀγίῳ</span> <span class='ocrx_word' id='word_1_109' title='bbox 811 1625 907 1678; x_wconf 67' lang='grc' dir='ltr'>καὶ</span> <span class='ocrx_word' id='word_1_110' title='bbox 954 1625 1066 1686; x_wconf 81' lang='grc' dir='ltr'>τοῖς</span> <span class='ocrx_word' id='word_1_111' title='bbox 1100 1620 1334 1692; x_wconf 84' lang='grc' dir='ltr'>παροῦσι</span> <span class='ocrx_word' id='word_1_112' title='bbox 1402 1618 1462 1672; x_wconf 82' lang='grc' dir='ltr'>τὸ</span> <span class='ocrx_word' id='word_1_113' title='bbox 1515 1616 1612 1670; x_wconf 86' lang='grc' dir='ltr'><strong>τοῦ</strong></span> <span class='ocrx_word' id='word_1_114' title='bbox 1656 1616 1850 1676; x_wconf 81' lang='grc' dir='ltr'>ὓδατος</span> 
     </span>
    </p>
   </div>
   <div class='ocr_carea' id='block_1_18' title="bbox 250 1707 1849 1787">
    <p class='ocr_par' dir='ltr' id='par_1_18' title="bbox 250 1707 1849 1787">
     <span class='ocr_line' id='line_1_18' title="bbox 250 1707 1849 1787; baseline -0.009 -15"><span class='ocrx_word' id='word_1_115' title='bbox 250 1718 469 1787; x_wconf 80' lang='grc' dir='ltr'>μέτρον</span> <span class='ocrx_word' id='word_1_116' title='bbox 525 1715 850 1779; x_wconf 77' lang='grc' dir='ltr'><strong>ὑποδεικνὺς</strong></span> <span class='ocrx_word' id='word_1_117' title='bbox 902 1715 966 1768; x_wconf 79' lang='grc' dir='ltr'>ὲκ</span> <span class='ocrx_word' id='word_1_118' title='bbox 1013 1712 1107 1766; x_wconf 91' lang='grc' dir='ltr'><strong>τοῦ</strong></span> <span class='ocrx_word' id='word_1_119' title='bbox 1151 1711 1385 1782; x_wconf 76' lang='grc' dir='ltr'>σχοίνου.</span> <span class='ocrx_word' id='word_1_120' title='bbox 1454 1709 1698 1778; x_wconf 79' lang='grc' dir='ltr'>Ἐαριναὶ</span> <span class='ocrx_word' id='word_1_121' title='bbox 1749 1707 1849 1775; x_wconf 82' lang='grc' dir='ltr'>μὲν</span> 
     </span>
    </p>
   </div>
   <div class='ocr_carea' id='block_1_19' title="bbox 248 1795 1848 1877">
    <p class='ocr_par' dir='ltr' id='par_1_19' title="bbox 248 1795 1848 1877">
     <span class='ocr_line' id='line_1_19' title="bbox 248 1795 1848 1877; baseline -0.01 -15"><span class='ocrx_word' id='word_1_122' title='bbox 248 1807 360 1862; x_wconf 79' lang='grc' dir='ltr'>οὖν</span> <span class='ocrx_word' id='word_1_123' title='bbox 400 1805 705 1877; x_wconf 85' lang='grc' dir='ltr'>τηνικαῦτα</span> <span class='ocrx_word' id='word_1_124' title='bbox 746 1806 939 1875; x_wconf 76' lang='grc' dir='ltr'>ἔληγον</span> <span class='ocrx_word' id='word_1_125' title='bbox 967 1797 1131 1876; x_wconf 78' lang='grc' dir='ltr'>ὧραι,</span> <span class='ocrx_word' id='word_1_126' title='bbox 1161 1801 1512 1871; x_wconf 83' lang='grc' dir='ltr'>παυσαμένου</span> <span class='ocrx_word' id='word_1_127' title='bbox 1538 1798 1594 1852; x_wconf 84' lang='grc' dir='ltr'>δὲ</span> <span class='ocrx_word' id='word_1_128' title='bbox 1623 1797 1722 1869; x_wconf 73' lang='grc' dir='ltr'>ήδη</span> <span class='ocrx_word' id='word_1_129' title='bbox 1753 1795 1848 1848; x_wconf 78' lang='grc' dir='ltr'>καὶ</span> 
     </span>
    </p>
   </div>
   <div class='ocr_carea' id='block_1_20' title="bbox 251 1863 1925 1970">
    <p class='ocr_par' dir='ltr' id='par_1_20' title="bbox 251 1863 1925 1970">
     <span class='ocr_line' id='line_1_20' title="bbox 251 1863 1925 1970; baseline -0.008 -19"><span class='ocrx_word' id='word_1_130' title='bbox 251 1863 484 1970; x_wconf 53' lang='grc' dir='ltr'>θέρους..</span> <span class='ocrx_word' id='word_1_131' title='bbox 511 1898 635 1968; x_wconf 87' lang='grc' dir='ltr'>ἀρτι</span> <span class='ocrx_word' id='word_1_132' title='bbox 693 1914 753 1949; x_wconf 90' lang='grc' dir='ltr'><strong>τε</strong></span> <span class='ocrx_word' id='word_1_133' title='bbox 796 1863 1127 1967; x_wconf 32' lang='grc' dir='ltr'>μετοπώρου.</span> <span class='ocrx_word' id='word_1_134' title='bbox 1169 1863 1556 1953; x_wconf 70' lang='grc' dir='ltr'>ύπολαδόντος,</span> <span class='ocrx_word' id='word_1_135' title='bbox 1581 1890 1610 1942; x_wconf 87' lang='grc' dir='ltr'>ὁ</span> <span class='ocrx_word' id='word_1_136' title='bbox 1645 1863 1846 1940; x_wconf 49' lang='lat' dir='ltr'><strong>meo-</strong></span> <span class='ocrx_word' id='word_1_137' title='bbox 1877 1863 1925 1928; x_wconf 74' lang='grc' dir='ltr'><strong>Β</strong></span> 
     </span>
    </p>
   </div>
   <div class='ocr_carea' id='block_1_21' title="bbox 251 1981 1850 2058">
    <p class='ocr_par' dir='ltr' id='par_1_21' title="bbox 251 1981 1850 2058">
     <span class='ocr_line' id='line_1_21' title="bbox 251 1981 1850 2058; baseline -0.009 -15"><span class='ocrx_word' id='word_1_138' title='bbox 251 2007 382 2053; x_wconf 83' lang='grc' dir='ltr'>νιος</span> <span class='ocrx_word' id='word_1_139' title='bbox 413 1989 571 2054; x_wconf 72' lang='grc' dir='ltr'>αὖθις</span> <span class='ocrx_word' id='word_1_140' title='bbox 613 1981 772 2049; x_wconf 73' lang='grc' dir='ltr'>οὗτος</span> <span class='ocrx_word' id='word_1_141' title='bbox 802 1989 882 2050; x_wconf 88' lang='grc' dir='ltr'><strong>εἰς</strong></span> <span class='ocrx_word' id='word_1_142' title='bbox 934 1987 1196 2058; x_wconf 81' lang='grc' dir='ltr'>ἑκάτερον</span> <span class='ocrx_word' id='word_1_143' title='bbox 1248 1983 1454 2037; x_wconf 81' lang='grc' dir='ltr'>λάκκον</span> <span class='ocrx_word' id='word_1_144' title='bbox 1497 1981 1592 2034; x_wconf 80' lang='grc' dir='ltr'>τὸν</span> <span class='ocrx_word' id='word_1_145' title='bbox 1642 1981 1850 2049; x_wconf 81' lang='grc' dir='ltr'>σχοῖνον</span> 
     </span>
    </p>
   </div>
   <div class='ocr_carea' id='block_1_22' title="bbox 254 2071 1849 2153">
    <p class='ocr_par' dir='ltr' id='par_1_22' title="bbox 254 2071 1849 2153">
     <span class='ocr_line' id='line_1_22' title="bbox 254 2071 1849 2153; baseline -0.007 -18"><span class='ocrx_word' id='word_1_146' title='bbox 254 2083 478 2146; x_wconf 69' lang='grc' dir='ltr'>καθεὶς,</span> <span class='ocrx_word' id='word_1_147' title='bbox 512 2081 652 2153; x_wconf 84' lang='grc' dir='ltr'><strong>μετά</strong></span> <span class='ocrx_word' id='word_1_148' title='bbox 701 2081 802 2134; x_wconf 74' lang='grc' dir='ltr'>τὸν</span> <span class='ocrx_word' id='word_1_149' title='bbox 853 2079 1110 2134; x_wconf 88' lang='grc' dir='ltr'>τοσοῦτον</span> <span class='ocrx_word' id='word_1_150' title='bbox 1161 2077 1354 2150; x_wconf 89' lang='grc' dir='ltr'>χρόνον</span> <span class='ocrx_word' id='word_1_151' title='bbox 1387 2076 1482 2130; x_wconf 71' lang='grc' dir='ltr'>καὶ</span> <span class='ocrx_word' id='word_1_152' title='bbox 1536 2073 1682 2128; x_wconf 75' lang='grc' dir='ltr'>οὕτω</span> <span class='ocrx_word' id='word_1_153' title='bbox 1707 2071 1849 2142; x_wconf 82' lang='grc' dir='ltr'>σαφῆ</span> 
     </span>
    </p>
   </div>
   <div class='ocr_carea' id='block_1_23' title="bbox 256 2163 1850 2243">
    <p class='ocr_par' dir='ltr' id='par_1_23' title="bbox 256 2163 1850 2243">
     <span class='ocr_line' id='line_1_23' title="bbox 256 2163 1850 2243; baseline -0.007 -17"><span class='ocrx_word' id='word_1_154' title='bbox 256 2172 528 2243; x_wconf 77' lang='grc' dir='ltr'>πολέμιον</span> <span class='ocrx_word' id='word_1_155' title='bbox 554 2169 731 2234; x_wconf 79' lang='grc' dir='ltr'>ὕδασι,</span> <span class='ocrx_word' id='word_1_156' title='bbox 768 2171 906 2238; x_wconf 69' lang='grc' dir='ltr'>μετὰ</span> <span class='ocrx_word' id='word_1_157' title='bbox 956 2169 1056 2239; x_wconf 83' lang='grc' dir='ltr'>τὴν</span> <span class='ocrx_word' id='word_1_158' title='bbox 1103 2167 1369 2236; x_wconf 80' lang='grc' dir='ltr'>τοσαύτην</span> <span class='ocrx_word' id='word_1_159' title='bbox 1415 2165 1510 2219; x_wconf 82' lang='grc' dir='ltr'><strong>τοῦ</strong></span> <span class='ocrx_word' id='word_1_160' title='bbox 1567 2163 1850 2234; x_wconf 77' lang='grc' dir='ltr'>ἀμυθήτου</span> 
     </span>
    </p>
   </div>
   <div class='ocr_carea' id='block_1_24' title="bbox 257 2253 1852 2335">
    <p class='ocr_par' dir='ltr' id='par_1_24' title="bbox 257 2253 1852 2335">
     <span class='ocr_line' id='line_1_24' title="bbox 257 2253 1852 2335; baseline -0.008 -17"><span class='ocrx_word' id='word_1_161' title='bbox 257 2264 510 2335; x_wconf 79' lang='grc' dir='ltr'>πλήθους</span> <span class='ocrx_word' id='word_1_162' title='bbox 543 2261 753 2316; x_wconf 76' lang='grc' dir='ltr'>ἐκεῖθεν</span> <span class='ocrx_word' id='word_1_163' title='bbox 783 2261 1028 2332; x_wconf 73' lang='grc' dir='ltr'>ὑδρείαν,</span> <span class='ocrx_word' id='word_1_164' title='bbox 1067 2256 1192 2331; x_wconf 79' lang='grc' dir='ltr'>εὗρε</span> <span class='ocrx_word' id='word_1_165' title='bbox 1218 2260 1279 2312; x_wconf 78' lang='grc' dir='ltr'><strong>τὺ</strong></span> <span class='ocrx_word' id='word_1_166' title='bbox 1305 2258 1450 2328; x_wconf 72' lang='grc' dir='ltr'>ὕδωρ</span> <span class='ocrx_word' id='word_1_167' title='bbox 1475 2256 1544 2327; x_wconf 83' lang='grc' dir='ltr'><strong>(ὣ</strong></span> <span class='ocrx_word' id='word_1_168' title='bbox 1574 2253 1668 2309; x_wconf 82' lang='grc' dir='ltr'><strong>τοῦ</strong></span> <span class='ocrx_word' id='word_1_169' title='bbox 1717 2254 1852 2307; x_wconf 82' lang='grc' dir='ltr'>θαύ-</span> 
     </span>
    </p>
   </div>
   <div class='ocr_carea' id='block_1_25' title="bbox 262 2345 1852 2426">
    <p class='ocr_par' dir='ltr' id='par_1_25' title="bbox 262 2345 1852 2426">
     <span class='ocr_line' id='line_1_25' title="bbox 262 2345 1852 2426; baseline -0.006 -19"><span class='ocrx_word' id='word_1_170' title='bbox 262 2371 442 2426; x_wconf 85' lang='grc' dir='ltr'>ματος</span> <span class='ocrx_word' id='word_1_171' title='bbox 465 2355 504 2424; x_wconf 76' lang='grc' dir='ltr'><strong>ί)</strong></span> <span class='ocrx_word' id='word_1_172' title='bbox 561 2354 686 2408; x_wconf 79' lang='grc' dir='ltr'>οὐδὲ</span> <span class='ocrx_word' id='word_1_173' title='bbox 744 2354 806 2407; x_wconf 78' lang='grc' dir='ltr'>τὸ</span> <span class='ocrx_word' id='word_1_174' title='bbox 863 2355 1130 2420; x_wconf 67' lang='grc' dir='ltr'>παράπαν</span> <span class='ocrx_word' id='word_1_175' title='bbox 1197 2351 1579 2420; x_wconf 79' lang='grc' dir='ltr'>ὲλαττονῆσαν,</span> <span class='ocrx_word' id='word_1_176' title='bbox 1639 2345 1852 2407; x_wconf 86' lang='grc' dir='ltr'>ἀλλ’ὡς</span> 
     </span>
    </p>
   </div>
   <div class='ocr_carea' id='block_1_26' title="bbox 262 2439 1853 2518">
    <p class='ocr_par' dir='ltr' id='par_1_26' title="bbox 262 2439 1853 2518">
     <span class='ocr_line' id='line_1_26' title="bbox 262 2439 1853 2518; baseline -0.007 -17"><span class='ocrx_word' id='word_1_177' title='bbox 262 2444 368 2501; x_wconf 67' lang='grc' dir='ltr'>καὶ</span> <span class='ocrx_word' id='word_1_178' title='bbox 396 2448 673 2518; x_wconf 76' lang='grc' dir='ltr'>πρότερον</span> <span class='ocrx_word' id='word_1_179' title='bbox 704 2445 847 2516; x_wconf 77' lang='grc' dir='ltr'>ἔχον,</span> <span class='ocrx_word' id='word_1_180' title='bbox 876 2445 1014 2515; x_wconf 81' lang='grc' dir='ltr'>ὅπερ</span> <span class='ocrx_word' id='word_1_181' title='bbox 1061 2445 1122 2498; x_wconf 81' lang='grc' dir='ltr'>οὐ</span> <span class='ocrx_word' id='word_1_182' title='bbox 1163 2446 1277 2506; x_wconf 85' lang='grc' dir='ltr'>τοίς</span> <span class='ocrx_word' id='word_1_183' title='bbox 1316 2443 1440 2495; x_wconf 87' lang='grc' dir='ltr'>τότε</span> <span class='ocrx_word' id='word_1_184' title='bbox 1480 2439 1715 2511; x_wconf 82' lang='grc' dir='ltr'>παροῦσι</span> <span class='ocrx_word' id='word_1_185' title='bbox 1753 2439 1853 2508; x_wconf 56' lang='grc' dir='ltr'>μό-</span> 
     </span>
    </p>
   </div>
   <div class='ocr_carea' id='block_1_27' title="bbox 265 2531 1850 2607">
    <p class='ocr_par' dir='ltr' id='par_1_27' title="bbox 265 2531 1850 2607">
     <span class='ocr_line' id='line_1_27' title="bbox 265 2531 1850 2607; baseline -0.008 -13"><span class='ocrx_word' id='word_1_186' title='bbox 265 2557 386 2605; x_wconf 85' lang='grc' dir='ltr'>νον,</span> <span class='ocrx_word' id='word_1_187' title='bbox 427 2539 564 2594; x_wconf 82' lang='grc' dir='ltr'>ἀλλὰ</span> <span class='ocrx_word' id='word_1_188' title='bbox 590 2540 686 2592; x_wconf 78' lang='grc' dir='ltr'>καὶ</span> <span class='ocrx_word' id='word_1_189' title='bbox 724 2541 838 2601; x_wconf 78' lang='grc' dir='ltr'>τοῖς</span> <span class='ocrx_word' id='word_1_190' title='bbox 880 2537 1106 2607; x_wconf 64' lang='grc' dir='ltr'>ὔστερον</span> <span class='ocrx_word' id='word_1_191' title='bbox 1131 2537 1268 2606; x_wconf 84' lang='grc' dir='ltr'><strong>ἀκοῇ</strong></span> <span class='ocrx_word' id='word_1_192' title='bbox 1312 2532 1731 2603; x_wconf 74' lang='grc' dir='ltr'><strong>παρειληφόσιν,</strong></span> <span class='ocrx_word' id='word_1_193' title='bbox 1759 2531 1850 2584; x_wconf 84' lang='grc' dir='ltr'>εύ-</span> 
     </span>
    </p>
   </div>
   <div class='ocr_carea' id='block_1_28' title="bbox 261 2627 1463 2703">
    <p class='ocr_par' dir='ltr' id='par_1_28' title="bbox 261 2627 1463 2703">
     <span class='ocr_line' id='line_1_28' title="bbox 261 2627 1463 2703; baseline -0.004 -18"><span class='ocrx_word' id='word_1_194' title='bbox 261 2631 564 2703; x_wconf 84' lang='grc' dir='ltr'>χα-ριστίας</span> <span class='ocrx_word' id='word_1_195' title='bbox 603 2633 837 2700; x_wconf 78' lang='grc' dir='ltr'>μεγίστη</span> <span class='ocrx_word' id='word_1_196' title='bbox 877 2630 1015 2702; x_wconf 85' lang='grc' dir='ltr'>πρὸς</span> <span class='ocrx_word' id='word_1_197' title='bbox 1051 2629 1185 2682; x_wconf 87' lang='grc' dir='ltr'>Θεὸν</span> <span class='ocrx_word' id='word_1_198' title='bbox 1217 2627 1463 2698; x_wconf 76' lang='grc' dir='ltr'>ἀφορμή.</span> 
     </span>
    </p>
   </div>
   <div class='ocr_carea' id='block_1_29' title="bbox 330 2712 1854 2794">
    <p class='ocr_par' dir='ltr' id='par_1_29' title="bbox 330 2712 1854 2794">
     <span class='ocr_line' id='line_1_29' title="bbox 330 2712 1854 2794; baseline -0.006 -17"><span class='ocrx_word' id='word_1_199' title='bbox 330 2725 453 2794; x_wconf 69' lang='grc' dir='ltr'>ιιηι.</span> <span class='ocrx_word' id='word_1_200' title='bbox 490 2722 570 2776; x_wconf 71' lang='lat' dir='ltr'><strong>Td</strong></span> <span class='ocrx_word' id='word_1_201' title='bbox 595 2738 659 2790; x_wconf 84' lang='grc' dir='ltr'><strong>γε</strong></span> <span class='ocrx_word' id='word_1_202' title='bbox 702 2722 810 2792; x_wconf 82' lang='grc' dir='ltr'>μὴν</span> <span class='ocrx_word' id='word_1_203' title='bbox 831 2723 930 2792; x_wconf 81' lang='grc' dir='ltr'>τῆς</span> <span class='ocrx_word' id='word_1_204' title='bbox 959 2721 1128 2792; x_wconf 78' lang='grc' dir='ltr'>μονῆς</span> <span class='ocrx_word' id='word_1_205' title='bbox 1160 2721 1300 2790; x_wconf 76' lang='grc' dir='ltr'>ἔργα</span> <span class='ocrx_word' id='word_1_206' title='bbox 1323 2720 1534 2790; x_wconf 80' lang='grc' dir='ltr'>(ἐκεῖσε</span> <span class='ocrx_word' id='word_1_207' title='bbox 1557 2717 1666 2788; x_wconf 75' lang='grc' dir='ltr'><strong>γὰρ</strong></span> <span class='ocrx_word' id='word_1_208' title='bbox 1698 2712 1854 2777; x_wconf 85' lang='grc' dir='ltr'>αὖθις</span> 
     </span>
    </p>
   </div>
   <div class='ocr_carea' id='block_1_30' title="bbox 263 2809 1856 2884">
    <p class='ocr_par' dir='ltr' id='par_1_30' title="bbox 263 2809 1856 2884">
     <span class='ocr_line' id='line_1_30' title="bbox 263 2809 1856 2884; baseline -0.003 -17"><span class='ocrx_word' id='word_1_209' title='bbox 263 2813 578 2884; x_wconf 70' lang='grc' dir='ltr'>ἐπανιτέον)</span> <span class='ocrx_word' id='word_1_210' title='bbox 613 2813 990 2884; x_wconf 67' lang='grc' dir='ltr'>προκόπτοντα</span> <span class='ocrx_word' id='word_1_211' title='bbox 1031 2812 1247 2882; x_wconf 83' lang='grc' dir='ltr'>βλέπειν</span> <span class='ocrx_word' id='word_1_212' title='bbox 1273 2812 1300 2864; x_wconf 85' lang='grc' dir='ltr'>ὁ</span> <span class='ocrx_word' id='word_1_213' title='bbox 1333 2812 1606 2881; x_wconf 81' lang='grc' dir='ltr'>βάσκανος</span> <span class='ocrx_word' id='word_1_214' title='bbox 1638 2809 1697 2862; x_wconf 88' lang='grc' dir='ltr'><strong>ού</strong></span> <span class='ocrx_word' id='word_1_215' title='bbox 1736 2815 1856 2863; x_wconf 63' lang='grc' dir='ltr'>στέι</span> 
     </span>
    </p>
   </div>
   <div class='ocr_carea' id='block_1_31' title="bbox 262 2903 1855 2978">
    <p class='ocr_par' dir='ltr' id='par_1_31' title="bbox 262 2903 1855 2978">
     <span class='ocr_line' id='line_1_31' title="bbox 262 2903 1855 2978; baseline -0.004 -18"><span class='ocrx_word' id='word_1_216' title='bbox 262 2921 386 2976; x_wconf 83' lang='grc' dir='ltr'>γων</span> <span class='ocrx_word' id='word_1_217' title='bbox 425 2905 674 2978; x_wconf 80' lang='grc' dir='ltr'>Ἐχθρὸς,</span> <span class='ocrx_word' id='word_1_218' title='bbox 693 2905 778 2960; x_wconf 82' lang='grc' dir='ltr'>οἷα</span> <span class='ocrx_word' id='word_1_219' title='bbox 808 2906 901 2960; x_wconf 70' lang='grc' dir='ltr'>καὶ</span> <span class='ocrx_word' id='word_1_220' title='bbox 934 2905 1138 2975; x_wconf 79' lang='grc' dir='ltr'>πολλῆς</span> <span class='ocrx_word' id='word_1_221' title='bbox 1178 2905 1423 2976; x_wconf 84' lang='grc' dir='ltr'>μεγάλης</span> <span class='ocrx_word' id='word_1_222' title='bbox 1453 2905 1532 2968; x_wconf 80' lang='grc' dir='ltr'><strong>είς</strong></span> <span class='ocrx_word' id='word_1_223' title='bbox 1553 2903 1684 2956; x_wconf 84' lang='grc' dir='ltr'>Θεὸν</span> <span class='ocrx_word' id='word_1_224' title='bbox 1718 2919 1855 2974; x_wconf 88' lang='grc' dir='ltr'>προ-</span> 
     </span>
    </p>
   </div>
   <div class='ocr_carea' id='block_1_32' title="bbox 264 2994 1856 3068">
    <p class='ocr_par' dir='ltr' id='par_1_32' title="bbox 264 2994 1856 3068">
     <span class='ocr_line' id='line_1_32' title="bbox 264 2994 1856 3068; baseline -0.004 -17"><span class='ocrx_word' id='word_1_225' title='bbox 264 2996 470 3068; x_wconf 84' lang='grc' dir='ltr'>κοπῆς,</span> <span class='ocrx_word' id='word_1_226' title='bbox 505 2996 742 3067; x_wconf 79' lang='grc' dir='ltr'>κάκείνῳ</span> <span class='ocrx_word' id='word_1_227' title='bbox 776 2996 1020 3067; x_wconf 82' lang='grc' dir='ltr'>μεγάλης</span> <span class='ocrx_word' id='word_1_228' title='bbox 1070 2995 1310 3065; x_wconf 78' lang='grc' dir='ltr'>ἐσόμεθα</span> <span class='ocrx_word' id='word_1_229' title='bbox 1363 2994 1527 3047; x_wconf 87' lang='grc' dir='ltr'>πάλιν</span> <span class='ocrx_word' id='word_1_230' title='bbox 1569 2995 1718 3048; x_wconf 74' lang='grc' dir='ltr'>αἰτία</span> <span class='ocrx_word' id='word_1_231' title='bbox 1755 2995 1856 3066; x_wconf 82' lang='grc' dir='ltr'><strong>ζη-</strong></span> 
     </span>
    </p>
   </div>
   <div class='ocr_carea' id='block_1_33' title="bbox 269 3085 1855 3160">
    <p class='ocr_par' dir='ltr' id='par_1_33' title="bbox 269 3085 1855 3160">
     <span class='ocr_line' id='line_1_33' title="bbox 269 3085 1855 3160; baseline -0.003 -18"><span class='ocrx_word' id='word_1_232' title='bbox 269 3089 428 3160; x_wconf 85' lang='grc' dir='ltr'>μίας,</span> <span class='ocrx_word' id='word_1_233' title='bbox 463 3088 750 3158; x_wconf 81' lang='grc' dir='ltr'>θεμελίους</span> <span class='ocrx_word' id='word_1_234' title='bbox 813 3087 926 3140; x_wconf 84' lang='grc' dir='ltr'><strong>τῶν</strong></span> <span class='ocrx_word' id='word_1_235' title='bbox 979 3087 1451 3158; x_wconf 74' lang='grc' dir='ltr'>οἰκοδομουμένων</span> <span class='ocrx_word' id='word_1_236' title='bbox 1512 3085 1855 3156; x_wconf 83' lang='grc' dir='ltr'>ξενοδοχείων</span> 
     </span>
    </p>
   </div>
   <div class='ocr_carea' id='block_1_34' title="bbox 266 3177 1854 3248">
    <p class='ocr_par' dir='ltr' id='par_1_34' title="bbox 266 3177 1854 3248">
     <span class='ocr_line' id='line_1_34' title="bbox 266 3177 1854 3248; baseline -0.004 -13"><span class='ocrx_word' id='word_1_237' title='bbox 266 3180 393 3244; x_wconf 79' lang='grc' dir='ltr'>ἑνὸς</span> <span class='ocrx_word' id='word_1_238' title='bbox 427 3180 650 3244; x_wconf 75' lang='grc' dir='ltr'>ὑποδὺς,</span> <span class='ocrx_word' id='word_1_239' title='bbox 683 3179 820 3231; x_wconf 82' lang='grc' dir='ltr'>ὅπου</span> <span class='ocrx_word' id='word_1_240' title='bbox 873 3180 967 3231; x_wconf 73' lang='grc' dir='ltr'>καὶ</span> <span class='ocrx_word' id='word_1_241' title='bbox 1024 3179 1226 3243; x_wconf 76' lang='grc' dir='ltr'>μείζων</span> <span class='ocrx_word' id='word_1_242' title='bbox 1255 3177 1406 3247; x_wconf 83' lang='grc' dir='ltr'>αὐτῷ</span> <span class='ocrx_word' id='word_1_243' title='bbox 1457 3178 1490 3247; x_wconf 86' lang='grc' dir='ltr'>ή</span> <span class='ocrx_word' id='word_1_244' title='bbox 1524 3177 1707 3248; x_wconf 80' lang='grc' dir='ltr'>πληγὴ</span> <span class='ocrx_word' id='word_1_245' title='bbox 1737 3177 1854 3246; x_wconf 84' lang='grc' dir='ltr'>(ἆτε</span> 
     </span>
    </p>
   </div>
   <div class='ocr_carea' id='block_1_35' title="bbox 263 3269 1854 3341">
    <p class='ocr_par' dir='ltr' id='par_1_35' title="bbox 263 3269 1854 3341">
     <span class='ocr_line' id='line_1_35' title="bbox 263 3269 1854 3341; baseline -0.003 -15"><span class='ocrx_word' id='word_1_246' title='bbox 263 3272 370 3327; x_wconf 75' lang='grc' dir='ltr'><strong>καὶ</strong></span> <span class='ocrx_word' id='word_1_247' title='bbox 395 3270 624 3334; x_wconf 87' lang='grc' dir='ltr'>πολλοὺς</span> <span class='ocrx_word' id='word_1_248' title='bbox 673 3270 962 3341; x_wconf 88' lang='grc' dir='ltr'>μέλλοντος</span> <span class='ocrx_word' id='word_1_249' title='bbox 1005 3269 1091 3322; x_wconf 87' lang='grc' dir='ltr'>διὰ</span> <span class='ocrx_word' id='word_1_250' title='bbox 1117 3269 1352 3340; x_wconf 82' lang='grc' dir='ltr'>Χριστὸν</span> <span class='ocrx_word' id='word_1_251' title='bbox 1379 3271 1644 3338; x_wconf 82' lang='grc' dir='ltr'>ξεναγείν,</span> <span class='ocrx_word' id='word_1_252' title='bbox 1675 3269 1854 3338; x_wconf 83' lang='grc' dir='ltr'>ψυχάς</span> 
     </span>
    </p>
   </div>
   <div class='ocr_carea' id='block_1_36' title="bbox 262 3359 1858 3436">
    <p class='ocr_par' dir='ltr' id='par_1_36' title="bbox 262 3359 1858 3436">
     <span class='ocr_line' id='line_1_36' title="bbox 262 3359 1858 3436; baseline -0.001 -17"><span class='ocrx_word' id='word_1_253' title='bbox 262 3381 334 3419; x_wconf 77' lang='grc' dir='ltr'><strong>τε</strong></span> <span class='ocrx_word' id='word_1_254' title='bbox 366 3365 739 3436; x_wconf 81' lang='grc' dir='ltr'>πεπονηκυίας</span> <span class='ocrx_word' id='word_1_255' title='bbox 759 3361 1157 3434; x_wconf 82' lang='grc' dir='ltr'>διαναπαύειν),</span> <span class='ocrx_word' id='word_1_256' title='bbox 1175 3362 1320 3417; x_wconf 78' lang='grc' dir='ltr'>οὕτω</span> <span class='ocrx_word' id='word_1_257' title='bbox 1349 3365 1593 3435; x_wconf 70' lang='grc' dir='ltr'>σφοδρῶς</span> <span class='ocrx_word' id='word_1_258' title='bbox 1621 3359 1692 3436; x_wconf 80' lang='grc' dir='ltr'>ἦν</span> <span class='ocrx_word' id='word_1_259' title='bbox 1717 3366 1858 3418; x_wconf 82' lang='grc' dir='ltr'><strong>αύτά</strong></span> 
     </span>
    </p>
   </div>
   <div class='ocr_carea' id='block_1_37' title="bbox 271 3455 1855 3529">
    <p class='ocr_par' dir='ltr' id='par_1_37' title="bbox 271 3455 1855 3529">
     <span class='ocr_line' id='line_1_37' title="bbox 271 3455 1855 3529; baseline -0.004 -16"><span class='ocrx_word' id='word_1_260' title='bbox 271 3457 671 3529; x_wconf 85' lang='grc' dir='ltr'>συνταράσσων</span> <span class='ocrx_word' id='word_1_261' title='bbox 705 3458 800 3510; x_wconf 77' lang='grc' dir='ltr'>καὶ</span> <span class='ocrx_word' id='word_1_262' title='bbox 832 3457 1090 3510; x_wconf 88' lang='grc' dir='ltr'>διασείων</span> <span class='ocrx_word' id='word_1_263' title='bbox 1117 3456 1192 3519; x_wconf 83' lang='grc' dir='ltr'>ὡς</span> <span class='ocrx_word' id='word_1_264' title='bbox 1219 3458 1582 3526; x_wconf 77' lang='grc' dir='ltr'>ἀπειρηκέναι</span> <span class='ocrx_word' id='word_1_265' title='bbox 1611 3455 1688 3526; x_wconf 83' lang='grc' dir='ltr'>τῷ</span> <span class='ocrx_word' id='word_1_266' title='bbox 1717 3456 1855 3508; x_wconf 87' lang='grc' dir='ltr'>πολ-</span> 
     </span>
    </p>
   </div>
   <div class='ocr_carea' id='block_1_38' title="bbox 276 3547 1858 3621">
    <p class='ocr_par' dir='ltr' id='par_1_38' title="bbox 276 3547 1858 3621">
     <span class='ocr_line' id='line_1_38' title="bbox 276 3547 1858 3621; baseline -0.003 -18"><span class='ocrx_word' id='word_1_267' title='bbox 276 3550 359 3621; x_wconf 83' lang='grc' dir='ltr'>λῷ</span> <span class='ocrx_word' id='word_1_268' title='bbox 405 3551 585 3619; x_wconf 83' lang='grc' dir='ltr'>-κλόνῳ</span> <span class='ocrx_word' id='word_1_269' title='bbox 632 3548 729 3602; x_wconf 74' lang='grc' dir='ltr'><strong>καὶ</strong></span> <span class='ocrx_word' id='word_1_270' title='bbox 782 3552 972 3618; x_wconf 84' lang='grc' dir='ltr'>χεῖρας</span> <span class='ocrx_word' id='word_1_271' title='bbox 1007 3564 1022 3580; x_wconf 76' lang='grc' dir='ltr'><strong>ο</strong></span> <span class='ocrx_word' id='word_1_272' title='bbox 1063 3552 1174 3609; x_wconf 78' lang='grc' dir='ltr'>τοῖς</span> <span class='ocrx_word' id='word_1_273' title='bbox 1226 3551 1356 3619; x_wconf 76' lang='grc' dir='ltr'><strong>περῖ⁹</strong></span> <span class='ocrx_word' id='word_1_274' title='bbox 1415 3548 1515 3619; x_wconf 86' lang='grc' dir='ltr'>τὴν</span> <span class='ocrx_word' id='word_1_275' title='bbox 1568 3547 1858 3616; x_wconf 72' lang='grc' dir='ltr'>οἰκοδομὴν</span> 
     </span>
    </p>
   </div>
   <div class='ocr_carea' id='block_1_39' title="bbox 272 3639 1856 3713">
    <p class='ocr_par' dir='ltr' id='par_1_39' title="bbox 272 3639 1856 3713">
     <span class='ocr_line' id='line_1_39' title="bbox 272 3639 1856 3713; baseline -0.003 -18"><span class='ocrx_word' id='word_1_276' title='bbox 272 3643 647 3713; x_wconf 81' lang='grc' dir='ltr'>πονουμένοις.</span> <span class='ocrx_word' id='word_1_277' title='bbox 681 3641 939 3710; x_wconf 85' lang='grc' dir='ltr'>Δεηθέντι</span> <span class='ocrx_word' id='word_1_278' title='bbox 993 3639 1288 3712; x_wconf 83' lang='grc' dir='ltr'>τοιγαροῦν</span> <span class='ocrx_word' id='word_1_279' title='bbox 1346 3640 1476 3712; x_wconf 79' lang='grc' dir='ltr'>περὶ</span> <span class='ocrx_word' id='word_1_280' title='bbox 1529 3641 1728 3694; x_wconf 80' lang='grc' dir='ltr'>τούτου</span> <span class='ocrx_word' id='word_1_281' title='bbox 1778 3657 1856 3707; x_wconf 83' lang='grc' dir='ltr'>τῳ</span> 
     </span>
    </p>
   </div>
   <div class='ocr_carea' id='block_1_40' title="bbox 272 3732 1857 3806">
    <p class='ocr_par' dir='ltr' id='par_1_40' title="bbox 272 3732 1857 3806">
     <span class='ocr_line' id='line_1_40' title="bbox 272 3732 1857 3806; baseline -0.001 -20"><span class='ocrx_word' id='word_1_282' title='bbox 272 3732 479 3806; x_wconf 72' lang='grc' dir='ltr'>ἐρρέθη</span> <span class='ocrx_word' id='word_1_283' title='bbox 513 3734 665 3803; x_wconf 86' lang='grc' dir='ltr'><strong>παρά</strong></span> <span class='ocrx_word' id='word_1_284' title='bbox 693 3733 792 3803; x_wconf 81' lang='grc' dir='ltr'>τῆς</span> <span class='ocrx_word' id='word_1_285' title='bbox 824 3734 1069 3805; x_wconf 87' lang='grc' dir='ltr'>χάριτος,</span> <span class='ocrx_word' id='word_1_286' title='bbox 1100 3733 1316 3803; x_wconf 75' lang='grc' dir='ltr'>πέμψαι</span> <span class='ocrx_word' id='word_1_287' title='bbox 1357 3732 1450 3784; x_wconf 75' lang='grc' dir='ltr'>τὸν</span> <span class='ocrx_word' id='word_1_288' title='bbox 1476 3733 1684 3786; x_wconf 80' lang='grc' dir='ltr'>οἰκείαν</span> <span class='ocrx_word' id='word_1_289' title='bbox 1719 3732 1857 3804; x_wconf 77' lang='grc' dir='ltr'><strong>ῥάϐ-</strong></span> 
     </span>
    </p>
   </div>
   <div class='ocr_carea' id='block_1_41' title="bbox 270 3819 1854 3899">
    <p class='ocr_par' dir='ltr' id='par_1_41' title="bbox 270 3819 1854 3899">
     <span class='ocr_line' id='line_1_41' title="bbox 270 3819 1854 3899; baseline -0.001 -19"><span class='ocrx_word' id='word_1_290' title='bbox 270 3828 364 3880; x_wconf 85' lang='grc' dir='ltr'>δον</span> <span class='ocrx_word' id='word_1_291' title='bbox 394 3827 555 3899; x_wconf 79' lang='grc' dir='ltr'>ῑπαρᾶ</span> <span class='ocrx_word' id='word_1_292' title='bbox 603 3826 695 3880; x_wconf 81' lang='grc' dir='ltr'>τὸν</span> <span class='ocrx_word' id='word_1_293' title='bbox 749 3819 934 3891; x_wconf 61' lang='grc' dir='ltr'>τόπον,</span> <span class='ocrx_word' id='word_1_294' title='bbox 963 3828 999 3899; x_wconf 73' lang='grc' dir='ltr'>ἦ</span> <span class='ocrx_word' id='word_1_295' title='bbox 1024 3845 1108 3890; x_wconf 88' lang='grc' dir='ltr'><strong>τις</strong></span> <span class='ocrx_word' id='word_1_296' title='bbox 1149 3827 1274 3880; x_wconf 62' lang='grc' dir='ltr'>Ἐκεῖ</span> <span class='ocrx_word' id='word_1_297' title='bbox 1336 3827 1642 3896; x_wconf 84' lang='grc' dir='ltr'>κρούσασα,</span> <span class='ocrx_word' id='word_1_298' title='bbox 1673 3825 1764 3880; x_wconf 76' lang='grc' dir='ltr'><strong>τὸν</strong></span> <span class='ocrx_word' id='word_1_299' title='bbox 1794 3828 1854 3880; x_wconf 82' lang='grc' dir='ltr'>ὲν</span> 
     </span>
    </p>
   </div>
   <div class='ocr_carea' id='block_1_42' title="bbox 271 3915 1855 3989">
    <p class='ocr_par' dir='ltr' id='par_1_42' title="bbox 271 3915 1855 3989">
     <span class='ocr_line' id='line_1_42' title="bbox 271 3915 1855 3989; baseline -0.002 -17"><span class='ocrx_word' id='word_1_300' title='bbox 271 3918 580 3988; x_wconf 77' lang='grc' dir='ltr'>ἀποκρύφῳ</span> <span class='ocrx_word' id='word_1_301' title='bbox 626 3917 1046 3971; x_wconf 71' lang='grc' dir='ltr'>ἐπιϐουλεύοντα</span> <span class='ocrx_word' id='word_1_302' title='bbox 1101 3918 1347 3989; x_wconf 85' lang='grc' dir='ltr'>εὑρήσει.</span> <span class='ocrx_word' id='word_1_303' title='bbox 1421 3915 1855 3988; x_wconf 84' lang='grc' dir='ltr'>Ἕγχειρίσαντος</span> 
     </span>
    </p>
   </div>
   <div class='ocr_carea' id='block_1_43' title="bbox 272 4008 1856 4079">
    <p class='ocr_par' dir='ltr' id='par_1_43' title="bbox 272 4008 1856 4079">
     <span class='ocr_line' id='line_1_43' title="bbox 272 4008 1856 4079; baseline 0 -17"><span class='ocrx_word' id='word_1_304' title='bbox 272 4009 456 4063; x_wconf 81' lang='grc' dir='ltr'>τοίνυν</span> <span class='ocrx_word' id='word_1_305' title='bbox 499 4008 581 4062; x_wconf 74' lang='grc' dir='ltr'><strong>ἐνὶ</strong></span> <span class='ocrx_word' id='word_1_306' title='bbox 631 4008 742 4063; x_wconf 82' lang='grc' dir='ltr'>τῶν</span> <span class='ocrx_word' id='word_1_307' title='bbox 774 4009 1032 4079; x_wconf 85' lang='grc' dir='ltr'>μαθητῶν</span> <span class='ocrx_word' id='word_1_308' title='bbox 1079 4010 1174 4063; x_wconf 90' lang='grc' dir='ltr'><strong>τοῦ</strong></span> <span class='ocrx_word' id='word_1_309' title='bbox 1222 4009 1427 4079; x_wconf 82' lang='grc' dir='ltr'>Ἀγίου,</span> <span class='ocrx_word' id='word_1_310' title='bbox 1463 4009 1712 4064; x_wconf 84' lang='grc' dir='ltr'>ἀπελθὼν</span> <span class='ocrx_word' id='word_1_311' title='bbox 1732 4011 1856 4063; x_wconf 77' lang='grc' dir='ltr'>’ἐκεῖ</span> 
     </span>
    </p>
   </div>
   <div class='ocr_carea' id='block_1_44' title="bbox 273 4099 1854 4173">
    <p class='ocr_par' dir='ltr' id='par_1_44' title="bbox 273 4099 1854 4173">
     <span class='ocr_line' id='line_1_44' title="bbox 273 4099 1854 4173; baseline 0 -19"><span class='ocrx_word' id='word_1_312' title='bbox 273 4101 372 4154; x_wconf 69' lang='grc' dir='ltr'>καὶ</span> <span class='ocrx_word' id='word_1_313' title='bbox 399 4100 636 4172; x_wconf 86' lang='grc' dir='ltr'>κρούσας</span> <span class='ocrx_word' id='word_1_314' title='bbox 658 4102 886 4163; x_wconf 72' lang='grc' dir='ltr'>ἐκεῖνος,</span> <span class='ocrx_word' id='word_1_315' title='bbox 907 4099 998 4155; x_wconf 83' lang='grc' dir='ltr'>Ἐν</span> <span class='ocrx_word' id='word_1_316' title='bbox 1013 4101 1089 4172; x_wconf 83' lang='grc' dir='ltr'>τῷ</span> <span class='ocrx_word' id='word_1_317' title='bbox 1105 4102 1351 4172; x_wconf 84' lang='grc' dir='ltr'>ὀνόματι,</span> <span class='ocrx_word' id='word_1_318' title='bbox 1370 4101 1634 4173; x_wconf 61' lang='grc' dir='ltr'>φησί).πώ</span> <span class='ocrx_word' id='word_1_319' title='bbox 1650 4101 1854 4172; x_wconf 81' lang='grc' dir='ltr'>Κυρίου</span> 
     </span>
    </p>
   </div>
   <div class='ocr_carea' id='block_1_45' title="bbox 271 4193 1852 4268">
    <p class='ocr_par' dir='ltr' id='par_1_45' title="bbox 271 4193 1852 4268">
     <span class='ocr_line' id='line_1_45' title="bbox 271 4193 1852 4268; baseline -0.003 -18"><span class='ocrx_word' id='word_1_320' title='bbox 271 4193 437 4268; x_wconf 74' lang='grc' dir='ltr'>ήμῶν</span> <span class='ocrx_word' id='word_1_321' title='bbox 467 4193 653 4266; x_wconf 81' lang='grc' dir='ltr'>’Ἰησοῦ</span> <span class='ocrx_word' id='word_1_322' title='bbox 685 4194 924 4265; x_wconf 78' lang='grc' dir='ltr'>Χριστοῦ</span> <span class='ocrx_word' id='word_1_323' title='bbox 949 4235 965 4259; x_wconf 96' lang='grc'><strong>,</strong></span> <span class='ocrx_word' id='word_1_324' title='bbox 996 4196 1284 4265; x_wconf 81' lang='grc' dir='ltr'>ἐπιτρέπει</span> <span class='ocrx_word' id='word_1_325' title='bbox 1320 4205 1402 4247; x_wconf 74' lang='grc' dir='ltr'><strong>σοι</strong></span> <span class='ocrx_word' id='word_1_326' title='bbox 1434 4194 1650 4265; x_wconf 86' lang='grc' dir='ltr'>πνεῦμα</span> <span class='ocrx_word' id='word_1_327' title='bbox 1684 4212 1852 4263; x_wconf 77' lang='grc' dir='ltr'>πονη-</span> 
     </span>
    </p>
   </div>
   <div class='ocr_carea' id='block_1_46' title="bbox 276 4285 1853 4362">
    <p class='ocr_par' dir='ltr' id='par_1_46' title="bbox 276 4285 1853 4362">
     <span class='ocr_line' id='line_1_46' title="bbox 276 4285 1853 4362; baseline -0.002 -19"><span class='ocrx_word' id='word_1_328' title='bbox 276 4289 432 4362; x_wconf 84' lang='grc' dir='ltr'>ρδνὸ</span> <span class='ocrx_word' id='word_1_329' title='bbox 475 4287 577 4342; x_wconf 81' lang='grc' dir='ltr'>’τοῦ</span> <span class='ocrx_word' id='word_1_330' title='bbox 628 4287 765 4342; x_wconf 84' lang='grc' dir='ltr'>Θεοῦ</span> <span class='ocrx_word' id='word_1_331' title='bbox 817 4287 1074 4359; x_wconf 83' lang='grc' dir='ltr'>θεράπων</span> <span class='ocrx_word' id='word_1_332' title='bbox 1121 4286 1369 4359; x_wconf 86' lang='grc' dir='ltr'>Συμεὼν,</span> <span class='ocrx_word' id='word_1_333' title='bbox 1426 4285 1718 4359; x_wconf 82' lang='grc' dir='ltr'>ἀπόστηθι,</span> <span class='ocrx_word' id='word_1_334' title='bbox 1758 4286 1853 4341; x_wconf 88' lang='grc' dir='ltr'><strong>τοῦ</strong></span> 
     </span>
    </p>
   </div>
   <div class='ocr_carea' id='block_1_47' title="bbox 272 4377 1851 4453">
    <p class='ocr_par' dir='ltr' id='par_1_47' title="bbox 272 4377 1851 4453">
     <span class='ocr_line' id='line_1_47' title="bbox 272 4377 1851 4453; baseline -0.004 -16"><span class='ocrx_word' id='word_1_335' title='bbox 272 4383 446 4437; x_wconf 87' lang='grc' dir='ltr'>τόπου</span> <span class='ocrx_word' id='word_1_336' title='bbox 473 4381 685 4445; x_wconf 89' lang='grc' dir='ltr'>τούτου,</span> <span class='ocrx_word' id='word_1_337' title='bbox 715 4381 812 4436; x_wconf 75' lang='grc' dir='ltr'>καὶ</span> <span class='ocrx_word' id='word_1_338' title='bbox 839 4383 1180 4453; x_wconf 76' lang='grc' dir='ltr'>παραχρῆμα</span> <span class='ocrx_word' id='word_1_339' title='bbox 1212 4380 1277 4449; x_wconf 87' lang='grc' dir='ltr'><strong>(ὣ</strong></span> <span class='ocrx_word' id='word_1_340' title='bbox 1306 4379 1648 4444; x_wconf 85' lang='grc' dir='ltr'>δυναστείας,</span> <span class='ocrx_word' id='word_1_341' title='bbox 1669 4377 1714 4432; x_wconf 86' lang='grc' dir='ltr'><strong>ὣ</strong></span> <span class='ocrx_word' id='word_1_342' title='bbox 1751 4379 1851 4449; x_wconf 81' lang='grc' dir='ltr'>χά·</span> 
     </span>
    </p>
   </div>
   <div class='ocr_carea' id='block_1_48' title="bbox 275 4470 1853 4548">
    <p class='ocr_par' dir='ltr' id='par_1_48' title="bbox 275 4470 1853 4548">
     <span class='ocr_line' id='line_1_48' title="bbox 275 4470 1853 4548; baseline -0.006 -18"><span class='ocrx_word' id='word_1_343' title='bbox 275 4491 428 4548; x_wconf 84' lang='grc' dir='ltr'>ριτος</span> <span class='ocrx_word' id='word_1_344' title='bbox 473 4473 684 4528; x_wconf 64' lang='grc' dir='ltr'>ἐκεῖθεν</span> <span class='ocrx_word' id='word_1_345' title='bbox 731 4472 995 4536; x_wconf 80' lang='grc' dir='ltr'>πλουσίας</span> <span class='ocrx_word' id='word_1_346' title='bbox 1044 4472 1139 4525; x_wconf 86' lang='grc' dir='ltr'><strong>τοῦ</strong></span> <span class='ocrx_word' id='word_1_347' title='bbox 1177 4470 1423 4540; x_wconf 85' lang='grc' dir='ltr'>Συμεὼν)</span> <span class='ocrx_word' id='word_1_348' title='bbox 1453 4473 1482 4524; x_wconf 85' lang='grc' dir='ltr'><strong>ό</strong></span> <span class='ocrx_word' id='word_1_349' title='bbox 1517 4470 1618 4540; x_wconf 77' lang='grc' dir='ltr'>μὲν</span> <span class='ocrx_word' id='word_1_350' title='bbox 1638 4470 1853 4539; x_wconf 70' lang='grc' dir='ltr'>ἠχήσας</span> 
     </span>
    </p>
   </div>
   <div class='ocr_carea' id='block_1_49' title="bbox 1947 593 3314 669">
    <p class='ocr_par' dir='ltr' id='par_1_49' title="bbox 1947 593 3314 669">
     <span class='ocr_line' id='line_1_49' title="bbox 1947 593 3314 669; baseline -0.007 -14"><span class='ocrx_word' id='word_1_351' title='bbox 1947 609 2097 665; x_wconf 86' lang='lat' dir='ltr'><strong>sunt,</strong></span> <span class='ocrx_word' id='word_1_352' title='bbox 2125 609 2182 654; x_wconf 87' lang='lat' dir='ltr'><strong>et</strong></span> <span class='ocrx_word' id='word_1_353' title='bbox 2209 599 2392 669; x_wconf 80' lang='lat' dir='ltr'><strong>pluvia</strong></span> <span class='ocrx_word' id='word_1_354' title='bbox 2424 609 2724 668; x_wconf 84' lang='lat' dir='ltr'><strong>utrumque</strong></span> <span class='ocrx_word' id='word_1_355' title='bbox 2741 598 2926 651; x_wconf 83' lang='lat' dir='ltr'><strong>lacum</strong></span> <span class='ocrx_word' id='word_1_356' title='bbox 2969 593 3314 663; x_wconf 82' lang='lat' dir='ltr'><strong>adimplevit.</strong></span> 
     </span>
    </p>
   </div>
   <div class='ocr_carea' id='block_1_50' title="bbox 2021 765 3529 843">
    <p class='ocr_par' dir='ltr' id='par_1_50' title="bbox 2021 765 3529 843">
     <span class='ocr_line' id='line_1_50' title="bbox 2021 765 3529 843; baseline -0.006 -13"><span class='ocrx_word' id='word_1_357' title='bbox 2021 776 2112 831; x_wconf 86' lang='lat'><strong>97.</strong></span> <span class='ocrx_word' id='word_1_358' title='bbox 2145 774 2468 830; x_wconf 88' lang='lat' dir='ltr'><strong>Pendebant</strong></span> <span class='ocrx_word' id='word_1_359' title='bbox 2493 789 2660 843; x_wconf 86' lang='lat' dir='ltr'><strong>porro</strong></span> <span class='ocrx_word' id='word_1_360' title='bbox 2689 773 2891 827; x_wconf 87' lang='lat' dir='ltr'><strong>animis</strong></span> <span class='ocrx_word' id='word_1_361' title='bbox 2917 771 3202 842; x_wconf 85' lang='lat' dir='ltr'><strong>discipuli,</strong></span> <span class='ocrx_word' id='word_1_362' title='bbox 3246 786 3347 824; x_wconf 83' lang='lat' dir='ltr'><strong>nec</strong></span> <span class='ocrx_word' id='word_1_363' title='bbox 3379 765 3529 823; x_wconf 20' lang='lat' dir='ltr'><strong>solli.-</strong></span> 
     </span>
    </p>
   </div>
   <div class='ocr_carea' id='block_1_51' title="bbox 1949 861 3528 925">
    <p class='ocr_par' dir='ltr' id='par_1_51' title="bbox 1949 861 3528 925">
     <span class='ocr_line' id='line_1_51' title="bbox 1949 861 3528 925; baseline -0.008 0"><span class='ocrx_word' id='word_1_364' title='bbox 1949 868 2253 925; x_wconf 80' lang='lat' dir='ltr'><strong>citudinem</strong></span> <span class='ocrx_word' id='word_1_365' title='bbox 2278 867 2442 922; x_wconf 81' lang='lat' dir='ltr'><strong>suam</strong></span> <span class='ocrx_word' id='word_1_366' title='bbox 2465 867 2560 920; x_wconf 82' lang='lat' dir='ltr'><strong>alii</strong></span> <span class='ocrx_word' id='word_1_367' title='bbox 2604 865 2730 920; x_wconf 88' lang='lat' dir='ltr'><strong>aliis</strong></span> <span class='ocrx_word' id='word_1_368' title='bbox 2754 865 3038 923; x_wconf 87' lang='lat' dir='ltr'><strong>celabant:</strong></span> <span class='ocrx_word' id='word_1_369' title='bbox 3087 879 3218 918; x_wconf 88' lang='lat' dir='ltr'><strong>num</strong></span> <span class='ocrx_word' id='word_1_370' title='bbox 3255 863 3326 916; x_wconf 85' lang='lat' dir='ltr'><strong>ita</strong></span> <span class='ocrx_word' id='word_1_371' title='bbox 3361 861 3528 916; x_wconf 77' lang='lat' dir='ltr'><strong>semel</strong></span> 
     </span>
    </p>
   </div>
   <div class='ocr_carea' id='block_1_52' title="bbox 1949 957 3534 1031">
    <p class='ocr_par' dir='ltr' id='par_1_52' title="bbox 1949 957 3534 1031">
     <span class='ocr_line' id='line_1_52' title="bbox 1949 957 3534 1031; baseline -0.004 -15"><span class='ocrx_word' id='word_1_372' title='bbox 1949 960 2147 1031; x_wconf 78' lang='lat' dir='ltr'><strong>repleti</strong></span> <span class='ocrx_word' id='word_1_373' title='bbox 2180 961 2337 1016; x_wconf 89' lang='lat' dir='ltr'><strong>lacus</strong></span> <span class='ocrx_word' id='word_1_374' title='bbox 2391 969 2502 1015; x_wconf 88' lang='lat' dir='ltr'><strong>tam</strong></span> <span class='ocrx_word' id='word_1_375' title='bbox 2529 959 2807 1029; x_wconf 73' lang='lat' dir='ltr'><strong>frequenti</strong></span> <span class='ocrx_word' id='word_1_376' title='bbox 2832 966 3000 1028; x_wconf 85' lang='lat' dir='ltr'><strong>atque</strong></span> <span class='ocrx_word' id='word_1_377' title='bbox 3028 973 3338 1013; x_wconf 79' lang='lat' dir='ltr'><strong>numerosae</strong></span> <span class='ocrx_word' id='word_1_378' title='bbox 3391 957 3534 1010; x_wconf 76' lang='lat' dir='ltr'><strong>mul-</strong></span> 
     </span>
    </p>
   </div>
   <div class='ocr_carea' id='block_1_53' title="bbox 1949 1048 3534 1114">
    <p class='ocr_par' dir='ltr' id='par_1_53' title="bbox 1949 1048 3534 1114">
     <span class='ocr_line' id='line_1_53' title="bbox 1949 1048 3534 1114; baseline -0.006 -4"><span class='ocrx_word' id='word_1_379' title='bbox 1949 1052 2177 1110; x_wconf 83' lang='lat' dir='ltr'><strong>titudiui</strong></span> <span class='ocrx_word' id='word_1_380' title='bbox 2231 1053 2520 1110; x_wconf 74' lang='lat' dir='ltr'><strong>suffecturi</strong></span> <span class='ocrx_word' id='word_1_381' title='bbox 2564 1061 2768 1108; x_wconf 85' lang='lat' dir='ltr'><strong>essent.</strong></span> <span class='ocrx_word' id='word_1_382' title='bbox 2803 1052 2882 1106; x_wconf 77' lang='lat' dir='ltr'><strong>Re</strong></span> <span class='ocrx_word' id='word_1_383' title='bbox 2935 1050 3247 1114; x_wconf 82' lang='lat' dir='ltr'><strong>intellecta,</strong></span> <span class='ocrx_word' id='word_1_384' title='bbox 3293 1048 3534 1104; x_wconf 80' lang='lat' dir='ltr'><strong>accersit</strong></span> 
     </span>
    </p>
   </div>
   <div class='ocr_carea' id='block_1_54' title="bbox 1947 1140 3533 1208">
    <p class='ocr_par' dir='ltr' id='par_1_54' title="bbox 1947 1140 3533 1208">
     <span class='ocr_line' id='line_1_54' title="bbox 1947 1140 3533 1208; baseline -0.005 -6"><span class='ocrx_word' id='word_1_385' title='bbox 1947 1155 2175 1208; x_wconf 82' lang='lat' dir='ltr'><strong>sanctus</strong></span> <span class='ocrx_word' id='word_1_386' title='bbox 2229 1162 2400 1202; x_wconf 90' lang='lat' dir='ltr'><strong>unum</strong></span> <span class='ocrx_word' id='word_1_387' title='bbox 2433 1163 2465 1202; x_wconf 90' lang='lat' dir='ltr'><strong>e</strong></span> <span class='ocrx_word' id='word_1_388' title='bbox 2495 1145 2760 1200; x_wconf 80' lang='lat' dir='ltr'><strong>fratribus</strong></span> <span class='ocrx_word' id='word_1_389' title='bbox 2807 1144 2863 1199; x_wconf 91' lang='lat' dir='ltr'><strong>in</strong></span> <span class='ocrx_word' id='word_1_390' title='bbox 2889 1160 3095 1200; x_wconf 88' lang='lat' dir='ltr'><strong>corona</strong></span> <span class='ocrx_word' id='word_1_391' title='bbox 3147 1141 3418 1205; x_wconf 87' lang='lat' dir='ltr'><strong>omnium,</strong></span> <span class='ocrx_word' id='word_1_392' title='bbox 3441 1140 3533 1194; x_wconf 86' lang='lat' dir='ltr'><strong>cui</strong></span> 
     </span>
    </p>
   </div>
   <div class='ocr_carea' id='block_1_55' title="bbox 1949 1233 3534 1308">
    <p class='ocr_par' dir='ltr' id='par_1_55' title="bbox 1949 1233 3534 1308">
     <span class='ocr_line' id='line_1_55' title="bbox 1949 1233 3534 1308; baseline -0.006 -15"><span class='ocrx_word' id='word_1_393' title='bbox 1949 1253 2152 1294; x_wconf 87' lang='lat' dir='ltr'><strong>nomen</strong></span> <span class='ocrx_word' id='word_1_394' title='bbox 2203 1239 2483 1303; x_wconf 82' lang='lat' dir='ltr'><strong>Antonio,</strong></span> <span class='ocrx_word' id='word_1_395' title='bbox 2534 1238 2826 1308; x_wconf 76' lang='lat' dir='ltr'><strong>dicitque:</strong></span> <span class='ocrx_word' id='word_1_396' title='bbox 2874 1237 3172 1306; x_wconf 87' lang='lat' dir='ltr'><strong>Assumpto</strong></span> <span class='ocrx_word' id='word_1_397' title='bbox 3217 1233 3378 1297; x_wconf 81' lang='lat' dir='ltr'><strong>fune,</strong></span> <span class='ocrx_word' id='word_1_398' title='bbox 3421 1233 3534 1288; x_wconf 81' lang='lat' dir='ltr'><strong>cito</strong></span> 
     </span>
    </p>
   </div>
   <div class='ocr_carea' id='block_1_56' title="bbox 1949 1325 3530 1398">
    <p class='ocr_par' dir='ltr' id='par_1_56' title="bbox 1949 1325 3530 1398">
     <span class='ocr_line' id='line_1_56' title="bbox 1949 1325 3530 1398; baseline -0.006 -14"><span class='ocrx_word' id='word_1_399' title='bbox 1949 1330 2063 1394; x_wconf 91' lang='lat' dir='ltr'><strong>abi,</strong></span> <span class='ocrx_word' id='word_1_400' title='bbox 2095 1331 2450 1398; x_wconf 86' lang='lat' dir='ltr'><strong>demisseque</strong></span> <span class='ocrx_word' id='word_1_401' title='bbox 2475 1329 2536 1383; x_wconf 77' lang='lat' dir='ltr'><strong>in</strong></span> <span class='ocrx_word' id='word_1_402' title='bbox 2563 1329 2737 1393; x_wconf 86' lang='lat' dir='ltr'><strong>lacus,</strong></span> <span class='ocrx_word' id='word_1_403' title='bbox 2757 1328 2956 1383; x_wconf 89' lang='lat' dir='ltr'><strong>metire</strong></span> <span class='ocrx_word' id='word_1_404' title='bbox 2980 1325 3331 1381; x_wconf 81' lang='lat' dir='ltr'><strong>alti-tudinem</strong></span> <span class='ocrx_word' id='word_1_405' title='bbox 3355 1338 3530 1392; x_wconf 63' lang='lat' dir='ltr'><strong>aqua.</strong></span> 
     </span>
    </p>
   </div>
   <div class='ocr_carea' id='block_1_57' title="bbox 1949 1415 3535 1488">
    <p class='ocr_par' dir='ltr' id='par_1_57' title="bbox 1949 1415 3535 1488">
     <span class='ocr_line' id='line_1_57' title="bbox 1949 1415 3535 1488; baseline -0.008 -9"><span class='ocrx_word' id='word_1_406' title='bbox 1949 1423 2171 1480; x_wconf 73' lang='lat' dir='ltr'><strong>Iussum</strong></span> <span class='ocrx_word' id='word_1_407' title='bbox 2199 1423 2290 1478; x_wconf 91' lang='lat' dir='ltr'><strong>ille</strong></span> <span class='ocrx_word' id='word_1_408' title='bbox 2317 1421 2510 1476; x_wconf 77' lang='lat' dir='ltr'><strong>funem</strong></span> <span class='ocrx_word' id='word_1_409' title='bbox 2540 1420 2792 1486; x_wconf 90' lang='lat' dir='ltr'><strong>immisit,</strong></span> <span class='ocrx_word' id='word_1_410' title='bbox 2825 1432 3164 1488; x_wconf 80' lang='lat' dir='ltr'><strong>mensusque</strong></span> <span class='ocrx_word' id='word_1_411' title='bbox 3219 1415 3408 1480; x_wconf 86' lang='lat' dir='ltr'><strong>rediit,</strong></span> <span class='ocrx_word' id='word_1_412' title='bbox 3475 1424 3535 1468; x_wconf 81' lang='lat' dir='ltr'><strong>et</strong></span> 
     </span>
    </p>
   </div>
   <div class='ocr_carea' id='block_1_58' title="bbox 1951 1505 3533 1581">
    <p class='ocr_par' dir='ltr' id='par_1_58' title="bbox 1951 1505 3533 1581">
     <span class='ocr_line' id='line_1_58' title="bbox 1951 1505 3533 1581; baseline -0.006 -13"><span class='ocrx_word' id='word_1_413' title='bbox 1951 1523 2146 1568; x_wconf 90' lang='lat' dir='ltr'><strong>sancto</strong></span> <span class='ocrx_word' id='word_1_414' title='bbox 2170 1511 2674 1581; x_wconf 67' lang='lat' dir='ltr'><strong>.praesentibusque,</strong></span> <span class='ocrx_word' id='word_1_415' title='bbox 2701 1518 2906 1579; x_wconf 87' lang='lat' dir='ltr'><strong>quanta</strong></span> <span class='ocrx_word' id='word_1_416' title='bbox 2929 1518 3076 1564; x_wconf 81' lang='lat' dir='ltr'><strong>esset</strong></span> <span class='ocrx_word' id='word_1_417' title='bbox 3095 1523 3252 1576; x_wconf 71' lang='lat' dir='ltr'><strong>aqua:</strong></span> <span class='ocrx_word' id='word_1_418' title='bbox 3296 1505 3533 1561; x_wconf 76' lang='lat' dir='ltr'><strong>altitudo</strong></span> 
     </span>
    </p>
   </div>
   <div class='ocr_carea' id='block_1_59' title="bbox 1952 1601 3533 1671">
    <p class='ocr_par' dir='ltr' id='par_1_59' title="bbox 1952 1601 3533 1671">
     <span class='ocr_line' id='line_1_59' title="bbox 1952 1601 3533 1671; baseline -0.004 -11"><span class='ocrx_word' id='word_1_419' title='bbox 1952 1606 2012 1661; x_wconf 89' lang='lat' dir='ltr'><strong>in</strong></span> <span class='ocrx_word' id='word_1_420' title='bbox 2047 1607 2181 1662; x_wconf 90' lang='lat' dir='ltr'><strong>fune</strong></span> <span class='ocrx_word' id='word_1_421' title='bbox 2209 1605 2561 1660; x_wconf 84' lang='lat' dir='ltr'><strong>monstravit.</strong></span> <span class='ocrx_word' id='word_1_422' title='bbox 2594 1605 2726 1658; x_wconf 86' lang='lat' dir='ltr'><strong>Erat</strong></span> <span class='ocrx_word' id='word_1_423' title='bbox 2751 1612 2869 1658; x_wconf 87' lang='lat' dir='ltr'><strong>tum</strong></span> <span class='ocrx_word' id='word_1_424' title='bbox 2917 1603 2971 1657; x_wconf 83' lang='lat' dir='ltr'><strong>in</strong></span> <span class='ocrx_word' id='word_1_425' title='bbox 2994 1602 3144 1657; x_wconf 63' lang='lat' dir='ltr'><strong>exitu</strong></span> <span class='ocrx_word' id='word_1_426' title='bbox 3189 1616 3320 1667; x_wconf 87' lang='lat' dir='ltr'><strong>ver;</strong></span> <span class='ocrx_word' id='word_1_427' title='bbox 3349 1601 3533 1671; x_wconf 86' lang='lat' dir='ltr'><strong>elapsa</strong></span> 
     </span>
    </p>
   </div>
   <div class='ocr_carea' id='block_1_60' title="bbox 1951 1694 3533 1771">
    <p class='ocr_par' dir='ltr' id='par_1_60' title="bbox 1951 1694 3533 1771">
     <span class='ocr_line' id='line_1_60' title="bbox 1951 1694 3533 1771; baseline -0.006 -15"><span class='ocrx_word' id='word_1_428' title='bbox 1951 1701 2153 1757; x_wconf 84' lang='lat' dir='ltr'><strong>deinde</strong></span> <span class='ocrx_word' id='word_1_429' title='bbox 2176 1709 2390 1765; x_wconf 67' lang='lat' dir='ltr'><strong>testate,</strong></span> <span class='ocrx_word' id='word_1_430' title='bbox 2414 1701 2640 1771; x_wconf 85' lang='lat' dir='ltr'><strong>jamque</strong></span> <span class='ocrx_word' id='word_1_431' title='bbox 2668 1699 3002 1754; x_wconf 83' lang='lat' dir='ltr'><strong>succedente</strong></span> <span class='ocrx_word' id='word_1_432' title='bbox 3033 1706 3323 1758; x_wconf 77' lang='lat' dir='ltr'><strong>autumno,</strong></span> <span class='ocrx_word' id='word_1_433' title='bbox 3358 1694 3533 1750; x_wconf 82' lang='lat' dir='ltr'><strong>Anto-</strong></span> 
     </span>
    </p>
   </div>
   <div class='ocr_carea' id='block_1_61' title="bbox 1950 1786 3532 1863">
    <p class='ocr_par' dir='ltr' id='par_1_61' title="bbox 1950 1786 3532 1863">
     <span class='ocr_line' id='line_1_61' title="bbox 1950 1786 3532 1863; baseline -0.007 -14"><span class='ocrx_word' id='word_1_434' title='bbox 1950 1795 2082 1849; x_wconf 83' lang='lat' dir='ltr'><strong>nius</strong></span> <span class='ocrx_word' id='word_1_435' title='bbox 2109 1804 2410 1863; x_wconf 83' lang='lat' dir='ltr'><strong>utrumque</strong></span> <span class='ocrx_word' id='word_1_436' title='bbox 2445 1793 2622 1848; x_wconf 88' lang='lat' dir='ltr'><strong>lacum</strong></span> <span class='ocrx_word' id='word_1_437' title='bbox 2649 1791 2894 1846; x_wconf 89' lang='lat' dir='ltr'><strong>immisso</strong></span> <span class='ocrx_word' id='word_1_438' title='bbox 2920 1790 3048 1844; x_wconf 88' lang='lat' dir='ltr'><strong>fune</strong></span> <span class='ocrx_word' id='word_1_439' title='bbox 3073 1788 3258 1844; x_wconf 87' lang='lat' dir='ltr'><strong>denuo</strong></span> <span class='ocrx_word' id='word_1_440' title='bbox 3277 1786 3532 1849; x_wconf 85' lang='lat' dir='ltr'><strong>tentavit,</strong></span> 
     </span>
    </p>
   </div>
   <div class='ocr_carea' id='block_1_62' title="bbox 1956 1876 3535 1958">
    <p class='ocr_par' dir='ltr' id='par_1_62' title="bbox 1956 1876 3535 1958">
     <span class='ocr_line' id='line_1_62' title="bbox 1956 1876 3535 1958; baseline -0.006 -16"><span class='ocrx_word' id='word_1_441' title='bbox 1956 1887 2340 1958; x_wconf 87' lang='lat' dir='ltr'><strong>comperitque</strong></span> <span class='ocrx_word' id='word_1_442' title='bbox 2359 1892 2414 1955; x_wconf 74' lang='grc' dir='ltr'><strong>(ο</strong></span> <span class='ocrx_word' id='word_1_443' title='bbox 2437 1884 2749 1957; x_wconf 81' lang='lat' dir='ltr'><strong>prodigium</strong></span> <span class='ocrx_word' id='word_1_444' title='bbox 2771 1882 2812 1954; x_wconf 82' lang='grc' dir='ltr'><strong>ι)</strong></span> <span class='ocrx_word' id='word_1_445' title='bbox 2847 1893 2970 1952; x_wconf 88' lang='lat' dir='ltr'><strong>post</strong></span> <span class='ocrx_word' id='word_1_446' title='bbox 3001 1890 3222 1938; x_wconf 85' lang='lat' dir='ltr'><strong>tantum</strong></span> <span class='ocrx_word' id='word_1_447' title='bbox 3269 1876 3535 1948; x_wconf 83' lang='lat' dir='ltr'><strong>temporis</strong></span> 
     </span>
    </p>
   </div>
   <div class='ocr_carea' id='block_1_63' title="bbox 1955 1967 3530 2042">
    <p class='ocr_par' dir='ltr' id='par_1_63' title="bbox 1955 1967 3530 2042">
     <span class='ocr_line' id='line_1_63' title="bbox 1955 1967 3530 2042; baseline -0.009 -10"><span class='ocrx_word' id='word_1_448' title='bbox 1955 1977 2327 2040; x_wconf 80' lang='lat' dir='ltr'><strong>intervallum,</strong></span> <span class='ocrx_word' id='word_1_449' title='bbox 2365 1984 2472 2030; x_wconf 90' lang='lat' dir='ltr'><strong>tam</strong></span> <span class='ocrx_word' id='word_1_450' title='bbox 2505 1973 2708 2030; x_wconf 83' lang='lat' dir='ltr'><strong>inimici</strong></span> <span class='ocrx_word' id='word_1_451' title='bbox 2733 1973 2890 2042; x_wconf 86' lang='lat' dir='ltr'><strong>aqu-is</strong></span> <span class='ocrx_word' id='word_1_452' title='bbox 2933 1981 3060 2041; x_wconf 84' lang='lat' dir='ltr'><strong>post</strong></span> <span class='ocrx_word' id='word_1_453' title='bbox 3119 1977 3232 2023; x_wconf 82' lang='lat' dir='ltr'><strong>tam</strong></span> <span class='ocrx_word' id='word_1_454' title='bbox 3269 1967 3530 2036; x_wconf 81' lang='lat' dir='ltr'><strong>frequen-</strong></span> 
     </span>
    </p>
   </div>
   <div class='ocr_carea' id='block_1_64' title="bbox 1955 2058 3535 2139">
    <p class='ocr_par' dir='ltr' id='par_1_64' title="bbox 1955 2058 3535 2139">
     <span class='ocr_line' id='line_1_64' title="bbox 1955 2058 3535 2139; baseline -0.008 -15"><span class='ocrx_word' id='word_1_455' title='bbox 1955 2079 2064 2124; x_wconf 89' lang='lat' dir='ltr'><strong>tem</strong></span> <span class='ocrx_word' id='word_1_456' title='bbox 2095 2069 2444 2139; x_wconf 79' lang='lat' dir='ltr'><strong>inexplebilis</strong></span> <span class='ocrx_word' id='word_1_457' title='bbox 2475 2067 2648 2122; x_wconf 74' lang='lat' dir='ltr'><strong>turba:</strong></span> <span class='ocrx_word' id='word_1_458' title='bbox 2694 2065 3069 2134; x_wconf 82' lang='lat' dir='ltr'><strong>aquationem,</strong></span> <span class='ocrx_word' id='word_1_459' title='bbox 3105 2061 3243 2116; x_wconf 90' lang='lat' dir='ltr'><strong>nihil</strong></span> <span class='ocrx_word' id='word_1_460' title='bbox 3306 2058 3535 2114; x_wconf 90' lang='lat' dir='ltr'><strong>omnino</strong></span> 
     </span>
    </p>
   </div>
   <div class='ocr_carea' id='block_1_65' title="bbox 1955 2153 3532 2226">
    <p class='ocr_par' dir='ltr' id='par_1_65' title="bbox 1955 2153 3532 2226">
     <span class='ocr_line' id='line_1_65' title="bbox 1955 2153 3532 2226; baseline -0.008 -8"><span class='ocrx_word' id='word_1_461' title='bbox 1955 2163 2300 2219; x_wconf 81' lang='lat' dir='ltr'><strong>imminutam</strong></span> <span class='ocrx_word' id='word_1_462' title='bbox 2335 2163 2482 2215; x_wconf 89' lang='lat' dir='ltr'><strong>illam</strong></span> <span class='ocrx_word' id='word_1_463' title='bbox 2509 2175 2654 2224; x_wconf 86' lang='lat' dir='ltr'><strong>esse,</strong></span> <span class='ocrx_word' id='word_1_464' title='bbox 2715 2158 2811 2212; x_wconf 88' lang='lat' dir='ltr'><strong>sed</strong></span> <span class='ocrx_word' id='word_1_465' title='bbox 2841 2158 2920 2212; x_wconf 90' lang='lat' dir='ltr'><strong>uti</strong></span> <span class='ocrx_word' id='word_1_466' title='bbox 2976 2156 3134 2226; x_wconf 90' lang='lat' dir='ltr'><strong>prius</strong></span> <span class='ocrx_word' id='word_1_467' title='bbox 3177 2169 3237 2209; x_wconf 87' lang='lat' dir='ltr'><strong>se</strong></span> <span class='ocrx_word' id='word_1_468' title='bbox 3303 2153 3532 2208; x_wconf 84' lang='lat' dir='ltr'><strong>habere.</strong></span> 
     </span>
    </p>
   </div>
   <div class='ocr_carea' id='block_1_66' title="bbox 1957 2247 3534 2324">
    <p class='ocr_par' dir='ltr' id='par_1_66' title="bbox 1957 2247 3534 2324">
     <span class='ocr_line' id='line_1_66' title="bbox 1957 2247 3534 2324; baseline -0.006 -15"><span class='ocrx_word' id='word_1_469' title='bbox 1957 2256 2090 2324; x_wconf 60' lang='lat' dir='ltr'><strong>Quae</strong></span> <span class='ocrx_word' id='word_1_470' title='bbox 2111 2271 2198 2310; x_wconf 90' lang='lat' dir='ltr'><strong>res</strong></span> <span class='ocrx_word' id='word_1_471' title='bbox 2226 2265 2357 2310; x_wconf 89' lang='lat' dir='ltr'><strong>tunc</strong></span> <span class='ocrx_word' id='word_1_472' title='bbox 2387 2269 2574 2308; x_wconf 76' lang='lat' dir='ltr'><strong>coram</strong></span> <span class='ocrx_word' id='word_1_473' title='bbox 2606 2250 2989 2322; x_wconf 81' lang='lat' dir='ltr'><strong>Spectantibus</strong></span> <span class='ocrx_word' id='word_1_474' title='bbox 3023 2265 3132 2303; x_wconf 91' lang='lat' dir='ltr'><strong>non</strong></span> <span class='ocrx_word' id='word_1_475' title='bbox 3182 2247 3382 2312; x_wconf 89' lang='lat' dir='ltr'><strong>solum,</strong></span> <span class='ocrx_word' id='word_1_476' title='bbox 3438 2247 3534 2300; x_wconf 85' lang='lat' dir='ltr'><strong>sed</strong></span> 
     </span>
    </p>
   </div>
   <div class='ocr_carea' id='block_1_67' title="bbox 1953 2341 3539 2419">
    <p class='ocr_par' dir='ltr' id='par_1_67' title="bbox 1953 2341 3539 2419">
     <span class='ocr_line' id='line_1_67' title="bbox 1953 2341 3539 2419; baseline -0.006 -16"><span class='ocrx_word' id='word_1_477' title='bbox 1953 2358 2010 2404; x_wconf 88' lang='lat' dir='ltr'><strong>et</strong></span> <span class='ocrx_word' id='word_1_478' title='bbox 2041 2348 2300 2419; x_wconf 84' lang='lat' dir='ltr'><strong>posteris,</strong></span> <span class='ocrx_word' id='word_1_479' title='bbox 2350 2346 2419 2400; x_wconf 88' lang='lat' dir='ltr'><strong>ad</strong></span> <span class='ocrx_word' id='word_1_480' title='bbox 2464 2361 2697 2414; x_wconf 87' lang='lat' dir='ltr'><strong>quorum</strong></span> <span class='ocrx_word' id='word_1_481' title='bbox 2758 2359 2926 2397; x_wconf 87' lang='lat' dir='ltr'><strong>aures</strong></span> <span class='ocrx_word' id='word_1_482' title='bbox 2980 2357 3042 2396; x_wconf 89' lang='lat' dir='ltr'><strong>ea</strong></span> <span class='ocrx_word' id='word_1_483' title='bbox 3083 2341 3229 2395; x_wconf 88' lang='lat' dir='ltr'><strong>fama</strong></span> <span class='ocrx_word' id='word_1_484' title='bbox 3280 2341 3539 2410; x_wconf 83' lang='lat' dir='ltr'><strong>pervenit</strong></span> 
     </span>
    </p>
   </div>
   <div class='ocr_carea' id='block_1_68' title="bbox 1955 2436 3285 2514">
    <p class='ocr_par' dir='ltr' id='par_1_68' title="bbox 1955 2436 3285 2514">
     <span class='ocr_line' id='line_1_68' title="bbox 1955 2436 3285 2514; baseline -0.004 -18"><span class='ocrx_word' id='word_1_485' title='bbox 1955 2443 2158 2514; x_wconf 77' lang='lat' dir='ltr'><strong>gratias</strong></span> <span class='ocrx_word' id='word_1_486' title='bbox 2189 2440 2538 2512; x_wconf 87' lang='lat' dir='ltr'><strong>persolvendi</strong></span> <span class='ocrx_word' id='word_1_487' title='bbox 2562 2441 2674 2494; x_wconf 86' lang='lat' dir='ltr'><strong>Deo</strong></span> <span class='ocrx_word' id='word_1_488' title='bbox 2695 2439 3049 2493; x_wconf 89' lang='lat' dir='ltr'><strong>occasionem</strong></span> <span class='ocrx_word' id='word_1_489' title='bbox 3105 2436 3285 2492; x_wconf 86' lang='lat' dir='ltr'><strong>dedit.</strong></span> 
     </span>
    </p>
   </div>
   <div class='ocr_carea' id='block_1_69' title="bbox 2024 2719 3537 2793">
    <p class='ocr_par' dir='ltr' id='par_1_69' title="bbox 2024 2719 3537 2793">
     <span class='ocr_line' id='line_1_69' title="bbox 2024 2719 3537 2793; baseline -0.006 -13"><span class='ocrx_word' id='word_1_490' title='bbox 2024 2725 2113 2780; x_wconf 85' lang='lat'><strong>98.</strong></span> <span class='ocrx_word' id='word_1_491' title='bbox 2168 2724 2400 2779; x_wconf 70' lang='lat' dir='ltr'><strong>&quot;Interim</strong></span> <span class='ocrx_word' id='word_1_492' title='bbox 2452 2721 2764 2793; x_wconf 86' lang='lat' dir='ltr'><strong>promoveri</strong></span> <span class='ocrx_word' id='word_1_493' title='bbox 2809 2719 3103 2776; x_wconf 65' lang='lat' dir='ltr'><strong>mdiﬁcium</strong></span> <span class='ocrx_word' id='word_1_494' title='bbox 3157 2722 3247 2790; x_wconf 90' lang='lat' dir='ltr'><strong>(eo</strong></span> <span class='ocrx_word' id='word_1_495' title='bbox 3301 2731 3537 2788; x_wconf 78' lang='lat' dir='ltr'><strong>namque</strong></span> 
     </span>
    </p>
   </div>
   <div class='ocr_carea' id='block_1_70' title="bbox 1953 2811 3534 2884">
    <p class='ocr_par' dir='ltr' id='par_1_70' title="bbox 1953 2811 3534 2884">
     <span class='ocr_line' id='line_1_70' title="bbox 1953 2811 3534 2884; baseline -0.006 -12"><span class='ocrx_word' id='word_1_496' title='bbox 1953 2817 2301 2873; x_wconf 87' lang='lat' dir='ltr'><strong>redeundum</strong></span> <span class='ocrx_word' id='word_1_497' title='bbox 2351 2815 2511 2870; x_wconf 88' lang='lat' dir='ltr'><strong>nobis</strong></span> <span class='ocrx_word' id='word_1_498' title='bbox 2563 2815 2672 2884; x_wconf 88' lang='lat' dir='ltr'><strong>est)</strong></span> <span class='ocrx_word' id='word_1_499' title='bbox 2729 2813 2913 2868; x_wconf 87' lang='lat' dir='ltr'><strong>lividis</strong></span> <span class='ocrx_word' id='word_1_500' title='bbox 2956 2813 3132 2868; x_wconf 88' lang='lat' dir='ltr'><strong>oculis</strong></span> <span class='ocrx_word' id='word_1_501' title='bbox 3171 2811 3378 2866; x_wconf 85' lang='lat' dir='ltr'><strong>intueri</strong></span> <span class='ocrx_word' id='word_1_502' title='bbox 3426 2826 3534 2865; x_wconf 85' lang='lat' dir='ltr'><strong>non</strong></span> 
     </span>
    </p>
   </div>
   <div class='ocr_carea' id='block_1_71' title="bbox 1955 2902 3533 2978">
    <p class='ocr_par' dir='ltr' id='par_1_71' title="bbox 1955 2902 3533 2978">
     <span class='ocr_line' id='line_1_71' title="bbox 1955 2902 3533 2978; baseline -0.006 -13"><span class='ocrx_word' id='word_1_503' title='bbox 1955 2911 2236 2967; x_wconf 77' lang='lat' dir='ltr'><strong>sustinens</strong></span> <span class='ocrx_word' id='word_1_504' title='bbox 2275 2908 2552 2972; x_wconf 80' lang='lat' dir='ltr'><strong>inimicus,</strong></span> <span class='ocrx_word' id='word_1_505' title='bbox 2587 2907 2734 2978; x_wconf 91' lang='lat' dir='ltr'><strong>quod</strong></span> <span class='ocrx_word' id='word_1_506' title='bbox 2769 2907 2896 2960; x_wconf 90' lang='lat' dir='ltr'><strong>inde</strong></span> <span class='ocrx_word' id='word_1_507' title='bbox 2928 2907 3270 2960; x_wconf 81' lang='lat' dir='ltr'><strong>incremento</strong></span> <span class='ocrx_word' id='word_1_508' title='bbox 3327 2902 3533 2975; x_wconf 53' lang='lat' dir='ltr'><strong>ingenti</strong></span> 
     </span>
    </p>
   </div>
   <div class='ocr_carea' id='block_1_72' title="bbox 1956 2997 3533 3077">
    <p class='ocr_par' dir='ltr' id='par_1_72' title="bbox 1956 2997 3533 3077">
     <span class='ocr_line' id='line_1_72' title="bbox 1956 2997 3533 3077; baseline -0.006 -19"><span class='ocrx_word' id='word_1_509' title='bbox 1956 3004 2186 3077; x_wconf 77' lang='lat' dir='ltr'><strong>gloriam</strong></span> <span class='ocrx_word' id='word_1_510' title='bbox 2209 3002 2307 3056; x_wconf 86' lang='lat' dir='ltr'><strong>Dei</strong></span> <span class='ocrx_word' id='word_1_511' title='bbox 2332 3000 2662 3072; x_wconf 86' lang='lat' dir='ltr'><strong>augendam,</strong></span> <span class='ocrx_word' id='word_1_512' title='bbox 2709 3000 2812 3053; x_wconf 84' lang='lat' dir='ltr'><strong>sibi</strong></span> <span class='ocrx_word' id='word_1_513' title='bbox 2871 3014 3002 3052; x_wconf 88' lang='lat' dir='ltr'><strong>vero</strong></span> <span class='ocrx_word' id='word_1_514' title='bbox 3057 3013 3224 3068; x_wconf 82' lang='lat' dir='ltr'><strong>grave</strong></span> <span class='ocrx_word' id='word_1_515' title='bbox 3272 2997 3533 3051; x_wconf 86' lang='lat' dir='ltr'><strong>damnum</strong></span> 
     </span>
    </p>
   </div>
   <div class='ocr_carea' id='block_1_73' title="bbox 1951 3087 3537 3164">
    <p class='ocr_par' dir='ltr' id='par_1_73' title="bbox 1951 3087 3537 3164">
     <span class='ocr_line' id='line_1_73' title="bbox 1951 3087 3537 3164; baseline -0.007 -12"><span class='ocrx_word' id='word_1_516' title='bbox 1951 3097 2250 3152; x_wconf 85' lang='lat' dir='ltr'><strong>imminere</strong></span> <span class='ocrx_word' id='word_1_517' title='bbox 2283 3093 2671 3164; x_wconf 84' lang='lat' dir='ltr'><strong>prospiceret;</strong></span> <span class='ocrx_word' id='word_1_518' title='bbox 2729 3091 2903 3145; x_wconf 84' lang='lat' dir='ltr'><strong>subiit</strong></span> <span class='ocrx_word' id='word_1_519' title='bbox 2967 3089 3320 3144; x_wconf 88' lang='lat' dir='ltr'><strong>fundamenta</strong></span> <span class='ocrx_word' id='word_1_520' title='bbox 3369 3087 3537 3142; x_wconf 82' lang='lat' dir='ltr'><strong>unius</strong></span> 
     </span>
    </p>
   </div>
   <div class='ocr_carea' id='block_1_74' title="bbox 1961 3180 3537 3254">
    <p class='ocr_par' dir='ltr' id='par_1_74' title="bbox 1961 3180 3537 3254">
     <span class='ocr_line' id='line_1_74' title="bbox 1961 3180 3537 3254; baseline -0.007 -11"><span class='ocrx_word' id='word_1_521' title='bbox 1961 3186 2430 3243; x_wconf 81' lang='lat' dir='ltr'><strong>xenodochiorum</strong></span> <span class='ocrx_word' id='word_1_522' title='bbox 2477 3185 2588 3254; x_wconf 87' lang='lat' dir='ltr'><strong>jam</strong></span> <span class='ocrx_word' id='word_1_523' title='bbox 2649 3181 3156 3242; x_wconf 81' lang='lat' dir='ltr'><strong>cxaedificatorum.</strong></span> <span class='ocrx_word' id='word_1_524' title='bbox 3199 3180 3294 3235; x_wconf 88' lang='lat' dir='ltr'><strong>ubi</strong></span> <span class='ocrx_word' id='word_1_525' title='bbox 3336 3180 3537 3251; x_wconf 75' lang='lat' dir='ltr'><strong>:egrius</strong></span> 
     </span>
    </p>
   </div>
   <div class='ocr_carea' id='block_1_75' title="bbox 1959 3270 3536 3344">
    <p class='ocr_par' dir='ltr' id='par_1_75' title="bbox 1959 3270 3536 3344">
     <span class='ocr_line' id='line_1_75' title="bbox 1959 3270 3536 3344; baseline -0.006 -10"><span class='ocrx_word' id='word_1_526' title='bbox 1959 3279 2063 3334; x_wconf 91' lang='lat' dir='ltr'><strong>sibi</strong></span> <span class='ocrx_word' id='word_1_527' title='bbox 2092 3278 2340 3332; x_wconf 85' lang='lat' dir='ltr'><strong>futurum</strong></span> <span class='ocrx_word' id='word_1_528' title='bbox 2372 3283 2513 3338; x_wconf 84' lang='lat' dir='ltr'><strong>erat,</strong></span> <span class='ocrx_word' id='word_1_529' title='bbox 2546 3273 2617 3329; x_wconf 91' lang='lat' dir='ltr'><strong>ob</strong></span> <span class='ocrx_word' id='word_1_530' title='bbox 2645 3274 2914 3344; x_wconf 88' lang='lat' dir='ltr'><strong>plurimos</strong></span> <span class='ocrx_word' id='word_1_531' title='bbox 2940 3272 3149 3328; x_wconf 79' lang='lat' dir='ltr'><strong>Christi</strong></span> <span class='ocrx_word' id='word_1_532' title='bbox 3183 3286 3351 3327; x_wconf 79' lang='lat' dir='ltr'><strong>causa</strong></span> <span class='ocrx_word' id='word_1_533' title='bbox 3409 3270 3536 3326; x_wconf 91' lang='lat' dir='ltr'><strong>istic</strong></span> 
     </span>
    </p>
   </div>
   <div class='ocr_carea' id='block_1_76' title="bbox 1951 3363 3533 3440">
    <p class='ocr_par' dir='ltr' id='par_1_76' title="bbox 1951 3363 3533 3440">
     <span class='ocr_line' id='line_1_76' title="bbox 1951 3363 3533 3440; baseline -0.006 -14"><span class='ocrx_word' id='word_1_534' title='bbox 1951 3367 2609 3440; x_wconf 61' lang='lat' dir='ltr'><strong>hospitioexcipiendos,</strong></span> <span class='ocrx_word' id='word_1_535' title='bbox 2643 3375 2700 3421; x_wconf 91' lang='lat' dir='ltr'><strong>et</strong></span> <span class='ocrx_word' id='word_1_536' title='bbox 2750 3367 2999 3436; x_wconf 88' lang='lat' dir='ltr'><strong>requiem</strong></span> <span class='ocrx_word' id='word_1_537' title='bbox 3044 3363 3360 3435; x_wconf 81' lang='lat' dir='ltr'><strong>defatigatis</strong></span> <span class='ocrx_word' id='word_1_538' title='bbox 3411 3364 3533 3417; x_wconf 89' lang='lat' dir='ltr'><strong>aui-</strong></span> 
     </span>
    </p>
   </div>
   <div class='ocr_carea' id='block_1_77' title="bbox 1956 3457 3534 3529">
    <p class='ocr_par' dir='ltr' id='par_1_77' title="bbox 1956 3457 3534 3529">
     <span class='ocr_line' id='line_1_77' title="bbox 1956 3457 3534 3529; baseline -0.004 -12"><span class='ocrx_word' id='word_1_539' title='bbox 1956 3463 2153 3517; x_wconf 87' lang='lat' dir='ltr'><strong>mabus</strong></span> <span class='ocrx_word' id='word_1_540' title='bbox 2196 3461 2562 3524; x_wconf 89' lang='lat' dir='ltr'><strong>inventuros;</strong></span> <span class='ocrx_word' id='word_1_541' title='bbox 2624 3465 2680 3513; x_wconf 89' lang='lat' dir='ltr'><strong>et</strong></span> <span class='ocrx_word' id='word_1_542' title='bbox 2724 3465 2948 3529; x_wconf 83' lang='lat' dir='ltr'><strong>quassat</strong></span> <span class='ocrx_word' id='word_1_543' title='bbox 3008 3457 3368 3527; x_wconf 86' lang='lat' dir='ltr'><strong>concutitquc</strong></span> <span class='ocrx_word' id='word_1_544' title='bbox 3425 3465 3534 3511; x_wconf 86' lang='lat' dir='ltr'><strong>tam</strong></span> 
     </span>
    </p>
   </div>
   <div class='ocr_carea' id='block_1_78' title="bbox 1949 3549 3536 3611">
    <p class='ocr_par' dir='ltr' id='par_1_78' title="bbox 1949 3549 3536 3611">
     <span class='ocr_line' id='line_1_78' title="bbox 1949 3549 3536 3611; baseline -0.004 -2"><span class='ocrx_word' id='word_1_545' title='bbox 1949 3551 2708 3611; x_wconf 68' lang='lat' dir='ltr'><strong>vehementer&#39;aadificium,</strong></span> <span class='ocrx_word' id='word_1_546' title='bbox 2787 3558 2849 3604; x_wconf 88' lang='lat' dir='ltr'><strong>nl</strong></span> <span class='ocrx_word' id='word_1_547' title='bbox 2911 3549 3108 3605; x_wconf 86' lang='lat' dir='ltr'><strong>crebra</strong></span> <span class='ocrx_word' id='word_1_548' title='bbox 3177 3549 3536 3605; x_wconf 83' lang='lat' dir='ltr'><strong>succussione</strong></span> 
     </span>
    </p>
   </div>
   <div class='ocr_carea' id='block_1_79' title="bbox 1949 3643 3536 3718">
    <p class='ocr_par' dir='ltr' id='par_1_79' title="bbox 1949 3643 3536 3718">
     <span class='ocr_line' id='line_1_79' title="bbox 1949 3643 3536 3718; baseline -0.004 -16"><span class='ocrx_word' id='word_1_549' title='bbox 1949 3647 2197 3718; x_wconf 69' lang='lat' dir='ltr'><strong>fatigatae</strong></span> <span class='ocrx_word' id='word_1_550' title='bbox 2243 3645 2896 3714; x_wconf 57' lang='lat' dir='ltr'><strong>exanimataque-operte</strong></span> <span class='ocrx_word' id='word_1_551' title='bbox 2924 3659 3121 3698; x_wconf 85' lang='lat' dir='ltr'><strong>manus</strong></span> <span class='ocrx_word' id='word_1_552' title='bbox 3179 3643 3308 3698; x_wconf 89' lang='lat' dir='ltr'><strong>inde</strong></span> <span class='ocrx_word' id='word_1_553' title='bbox 3350 3657 3536 3697; x_wconf 87' lang='lat' dir='ltr'><strong>remo-</strong></span> 
     </span>
    </p>
   </div>
   <div class='ocr_carea' id='block_1_80' title="bbox 1947 3733 3533 3806">
    <p class='ocr_par' dir='ltr' id='par_1_80' title="bbox 1947 3733 3533 3806">
     <span class='ocr_line' id='line_1_80' title="bbox 1947 3733 3533 3806; baseline -0.004 -12"><span class='ocrx_word' id='word_1_554' title='bbox 1947 3749 2171 3794; x_wconf 67' lang='lat' dir='ltr'><strong>verent.</strong></span> <span class='ocrx_word' id='word_1_555' title='bbox 2203 3738 2341 3792; x_wconf 89' lang='lat' dir='ltr'><strong>Dum</strong></span> <span class='ocrx_word' id='word_1_556' title='bbox 2377 3737 2559 3806; x_wconf 82' lang='lat' dir='ltr'><strong>itaque</strong></span> <span class='ocrx_word' id='word_1_557' title='bbox 2583 3751 2683 3805; x_wconf 82' lang='lat' dir='ltr'><strong>pro</strong></span> <span class='ocrx_word' id='word_1_558' title='bbox 2707 3735 2952 3790; x_wconf 88' lang='lat' dir='ltr'><strong>remedio</strong></span> <span class='ocrx_word' id='word_1_559' title='bbox 2978 3744 3242 3805; x_wconf 85' lang='lat' dir='ltr'><strong>precatur</strong></span> <span class='ocrx_word' id='word_1_560' title='bbox 3265 3733 3533 3806; x_wconf 82' lang='lat' dir='ltr'><strong>Symeon.</strong></span> 
     </span>
    </p>
   </div>
   <div class='ocr_carea' id='block_1_81' title="bbox 1957 3827 3535 3902">
    <p class='ocr_par' dir='ltr' id='par_1_81' title="bbox 1957 3827 3535 3902">
     <span class='ocr_line' id='line_1_81' title="bbox 1957 3827 3535 3902; baseline -0.004 -16"><span class='ocrx_word' id='word_1_561' title='bbox 1957 3831 2100 3886; x_wconf 90' lang='lat' dir='ltr'><strong>hanc</strong></span> <span class='ocrx_word' id='word_1_562' title='bbox 2126 3848 2156 3886; x_wconf 91' lang='lat' dir='ltr'><strong>a</strong></span> <span class='ocrx_word' id='word_1_563' title='bbox 2171 3829 2346 3902; x_wconf 82' lang='lat' dir='ltr'><strong>gratia</strong></span> <span class='ocrx_word' id='word_1_564' title='bbox 2371 3828 2791 3902; x_wconf 76' lang='lat' dir='ltr'><strong>inspirationem</strong></span> <span class='ocrx_word' id='word_1_565' title='bbox 2809 3827 3041 3897; x_wconf 88' lang='lat' dir='ltr'><strong>accepit,</strong></span> <span class='ocrx_word' id='word_1_566' title='bbox 3060 3835 3124 3881; x_wconf 90' lang='lat' dir='ltr'><strong>ut</strong></span> <span class='ocrx_word' id='word_1_567' title='bbox 3144 3827 3348 3897; x_wconf 86' lang='lat' dir='ltr'><strong>virgam</strong></span> <span class='ocrx_word' id='word_1_568' title='bbox 3379 3841 3535 3881; x_wconf 86' lang='lat' dir='ltr'><strong>suam</strong></span> 
     </span>
    </p>
   </div>
   <div class='ocr_carea' id='block_1_82' title="bbox 1957 3917 3538 3989">
    <p class='ocr_par' dir='ltr' id='par_1_82' title="bbox 1957 3917 3538 3989">
     <span class='ocr_line' id='line_1_82' title="bbox 1957 3917 3538 3989; baseline -0.004 -10"><span class='ocrx_word' id='word_1_569' title='bbox 1957 3923 2025 3979; x_wconf 90' lang='lat' dir='ltr'><strong>ad</strong></span> <span class='ocrx_word' id='word_1_570' title='bbox 2057 3924 2241 3978; x_wconf 90' lang='lat' dir='ltr'><strong>locum</strong></span> <span class='ocrx_word' id='word_1_571' title='bbox 2275 3921 2598 3975; x_wconf 84' lang='lat' dir='ltr'><strong>infestatum</strong></span> <span class='ocrx_word' id='word_1_572' title='bbox 2631 3920 2902 3983; x_wconf 89' lang='lat' dir='ltr'><strong>mitteret,</strong></span> <span class='ocrx_word' id='word_1_573' title='bbox 2937 3919 3101 3989; x_wconf 91' lang='lat' dir='ltr'><strong>pulsu</strong></span> <span class='ocrx_word' id='word_1_574' title='bbox 3129 3933 3233 3973; x_wconf 88' lang='lat' dir='ltr'><strong>suo</strong></span> <span class='ocrx_word' id='word_1_575' title='bbox 3265 3917 3538 3972; x_wconf 85' lang='lat' dir='ltr'><strong>insidian-</strong></span> 
     </span>
    </p>
   </div>
   <div class='ocr_carea' id='block_1_83' title="bbox 1957 4009 3541 4084">
    <p class='ocr_par' dir='ltr' id='par_1_83' title="bbox 1957 4009 3541 4084">
     <span class='ocr_line' id='line_1_83' title="bbox 1957 4009 3541 4084; baseline -0.007 -12"><span class='ocrx_word' id='word_1_576' title='bbox 1957 4026 2068 4072; x_wconf 88' lang='lat' dir='ltr'><strong>tem</strong></span> <span class='ocrx_word' id='word_1_577' title='bbox 2105 4014 2159 4069; x_wconf 91' lang='lat' dir='ltr'><strong>in</strong></span> <span class='ocrx_word' id='word_1_578' title='bbox 2192 4013 2412 4068; x_wconf 84' lang='lat' dir='ltr'><strong>occulto</strong></span> <span class='ocrx_word' id='word_1_579' title='bbox 2447 4011 2664 4068; x_wconf 76' lang='lat' dir='ltr'><strong>hostem</strong></span> <span class='ocrx_word' id='word_1_580' title='bbox 2703 4011 3069 4066; x_wconf 90' lang='lat' dir='ltr'><strong>detecturam.</strong></span> <span class='ocrx_word' id='word_1_581' title='bbox 3133 4009 3363 4084; x_wconf 72' lang='lat' dir='ltr'><strong>Tradita</strong></span> <span class='ocrx_word' id='word_1_582' title='bbox 3407 4025 3541 4080; x_wconf 79' lang='lat' dir='ltr'><strong>ergo</strong></span> 
     </span>
    </p>
   </div>
   <div class='ocr_carea' id='block_1_84' title="bbox 1945 4102 3544 4178">
    <p class='ocr_par' dir='ltr' id='par_1_84' title="bbox 1945 4102 3544 4178">
     <span class='ocr_line' id='line_1_84' title="bbox 1945 4102 3544 4178; baseline -0.003 -17"><span class='ocrx_word' id='word_1_583' title='bbox 1945 4108 2111 4178; x_wconf 86' lang='lat' dir='ltr'><strong>&#39;virga</strong></span> <span class='ocrx_word' id='word_1_584' title='bbox 2140 4105 2540 4177; x_wconf 89' lang='lat' dir='ltr'><strong>discipulorum</strong></span> <span class='ocrx_word' id='word_1_585' title='bbox 2575 4105 2795 4161; x_wconf 86' lang='lat' dir='ltr'><strong>cuidam</strong></span> <span class='ocrx_word' id='word_1_586' title='bbox 2817 4104 2873 4159; x_wconf 91' lang='lat' dir='ltr'><strong>in</strong></span> <span class='ocrx_word' id='word_1_587' title='bbox 2903 4119 3120 4168; x_wconf 87' lang='lat' dir='ltr'><strong>manus,</strong></span> <span class='ocrx_word' id='word_1_588' title='bbox 3142 4104 3366 4159; x_wconf 89' lang='lat' dir='ltr'><strong>abeunti</strong></span> <span class='ocrx_word' id='word_1_589' title='bbox 3409 4102 3544 4158; x_wconf 85' lang='lat' dir='ltr'><strong>illuc</strong></span> 
     </span>
    </p>
   </div>
   <div class='ocr_carea' id='block_1_85' title="bbox 1955 4193 3542 4269">
    <p class='ocr_par' dir='ltr' id='par_1_85' title="bbox 1955 4193 3542 4269">
     <span class='ocr_line' id='line_1_85' title="bbox 1955 4193 3542 4269; baseline -0.004 -16"><span class='ocrx_word' id='word_1_590' title='bbox 1955 4200 2311 4269; x_wconf 88' lang='lat' dir='ltr'><strong>pulsantique</strong></span> <span class='ocrx_word' id='word_1_591' title='bbox 2347 4206 2404 4253; x_wconf 90' lang='lat' dir='ltr'><strong>et</strong></span> <span class='ocrx_word' id='word_1_592' title='bbox 2433 4197 2685 4252; x_wconf 87' lang='lat' dir='ltr'><strong>dicenti:</strong></span> <span class='ocrx_word' id='word_1_593' title='bbox 2717 4197 2776 4251; x_wconf 86' lang='lat' dir='ltr'><strong>In</strong></span> <span class='ocrx_word' id='word_1_594' title='bbox 2821 4195 3046 4250; x_wconf 90' lang='lat' dir='ltr'><strong>nomine</strong></span> <span class='ocrx_word' id='word_1_595' title='bbox 3093 4193 3308 4248; x_wconf 87' lang='lat' dir='ltr'><strong>Domini</strong></span> <span class='ocrx_word' id='word_1_596' title='bbox 3363 4195 3542 4250; x_wconf 78' lang='lat' dir='ltr'><strong>nostri.</strong></span> 
     </span>
    </p>
   </div>
   <div class='ocr_carea' id='block_1_86' title="bbox 1955 4285 3544 4362">
    <p class='ocr_par' dir='ltr' id='par_1_86' title="bbox 1955 4285 3544 4362">
     <span class='ocr_line' id='line_1_86' title="bbox 1955 4285 3544 4362; baseline -0.004 -13"><span class='ocrx_word' id='word_1_597' title='bbox 1955 4293 2082 4349; x_wconf 81' lang='lat' dir='ltr'><strong>Jesu</strong></span> <span class='ocrx_word' id='word_1_598' title='bbox 2108 4291 2314 4349; x_wconf 85' lang='lat' dir='ltr'><strong>Christi</strong></span> <span class='ocrx_word' id='word_1_599' title='bbox 2341 4289 2592 4362; x_wconf 68' lang='lat' dir='ltr'><strong>prmcipit</strong></span> <span class='ocrx_word' id='word_1_600' title='bbox 2621 4289 2742 4354; x_wconf 91' lang='lat' dir='ltr'><strong>tibi,</strong></span> <span class='ocrx_word' id='word_1_601' title='bbox 2761 4288 3000 4359; x_wconf 86' lang='lat' dir='ltr'><strong>pessime</strong></span> <span class='ocrx_word' id='word_1_602' title='bbox 3022 4287 3272 4357; x_wconf 87' lang='lat' dir='ltr'><strong>spiritus,</strong></span> <span class='ocrx_word' id='word_1_603' title='bbox 3299 4285 3544 4344; x_wconf 80' lang='lat' dir='ltr'><strong>famulus</strong></span> 
     </span>
    </p>
   </div>
   <div class='ocr_carea' id='block_1_87' title="bbox 1943 4380 3542 4457">
    <p class='ocr_par' dir='ltr' id='par_1_87' title="bbox 1943 4380 3542 4457">
     <span class='ocr_line' id='line_1_87' title="bbox 1943 4380 3542 4457; baseline -0.004 -16"><span class='ocrx_word' id='word_1_604' title='bbox 1943 4383 2055 4441; x_wconf 55' lang='lat' dir='ltr'><strong>&#39;Dei</strong></span> <span class='ocrx_word' id='word_1_605' title='bbox 2083 4385 2351 4457; x_wconf 84' lang='lat' dir='ltr'><strong>Symcon,</strong></span> <span class='ocrx_word' id='word_1_606' title='bbox 2396 4394 2456 4438; x_wconf 86' lang='lat' dir='ltr'><strong>ut</strong></span> <span class='ocrx_word' id='word_1_607' title='bbox 2483 4398 2647 4438; x_wconf 80' lang='lat' dir='ltr'><strong>exeas</strong></span> <span class='ocrx_word' id='word_1_608' title='bbox 2669 4384 2790 4438; x_wconf 91' lang='lat' dir='ltr'><strong>loco</strong></span> <span class='ocrx_word' id='word_1_609' title='bbox 2812 4382 2952 4448; x_wconf 92' lang='lat' dir='ltr'><strong>hoc;</strong></span> <span class='ocrx_word' id='word_1_610' title='bbox 2983 4391 3039 4436; x_wconf 83' lang='lat' dir='ltr'><strong>et</strong></span> <span class='ocrx_word' id='word_1_611' title='bbox 3069 4381 3336 4435; x_wconf 89' lang='lat' dir='ltr'><strong>continuo</strong></span> <span class='ocrx_word' id='word_1_612' title='bbox 3368 4380 3422 4451; x_wconf 89' lang='grc' dir='ltr'>(ο</span> <span class='ocrx_word' id='word_1_613' title='bbox 3446 4397 3542 4450; x_wconf 84' lang='lat' dir='ltr'><strong>po-</strong></span> 
     </span>
    </p>
   </div>
   <div class='ocr_carea' id='block_1_88' title="bbox 1958 4473 3546 4547">
    <p class='ocr_par' dir='ltr' id='par_1_88' title="bbox 1958 4473 3546 4547">
     <span class='ocr_line' id='line_1_88' title="bbox 1958 4473 3546 4547; baseline -0.004 -13"><span class='ocrx_word' id='word_1_614' title='bbox 1958 4479 2223 4534; x_wconf 81' lang='lat' dir='ltr'><strong>tentiam!</strong></span> <span class='ocrx_word' id='word_1_615' title='bbox 2277 4492 2312 4532; x_wconf 87' lang='grc' dir='ltr'><strong>ο</strong></span> <span class='ocrx_word' id='word_1_616' title='bbox 2352 4475 2582 4531; x_wconf 87' lang='lat' dir='ltr'><strong>divitem</strong></span> <span class='ocrx_word' id='word_1_617' title='bbox 2638 4475 2930 4547; x_wconf 75' lang='lat' dir='ltr'><strong>Symeonis</strong></span> <span class='ocrx_word' id='word_1_618' title='bbox 2972 4474 3200 4545; x_wconf 85' lang='lat' dir='ltr'><strong>gratiam</strong></span> <span class='ocrx_word' id='word_1_619' title='bbox 3228 4473 3268 4546; x_wconf 81' lang='grc' dir='ltr'><strong>ι)</strong></span> <span class='ocrx_word' id='word_1_620' title='bbox 3307 4474 3546 4544; x_wconf 85' lang='lat' dir='ltr'><strong>spiritus</strong></span> 
     </span>
    </p>
   </div>
   <div class='ocr_carea' id='block_1_89' title="bbox 278 4560 1852 4640">
    <p class='ocr_par' dir='ltr' id='par_1_89' title="bbox 278 4560 1851 4639">
     <span class='ocr_line' id='line_1_89' title="bbox 278 4560 1851 4639; baseline -0.004 -19"><span class='ocrx_word' id='word_1_621' title='bbox 278 4565 591 4639; x_wconf 85' lang='grc' dir='ltr'>μέγα,λίαν</span> <span class='ocrx_word' id='word_1_622' title='bbox 637 4564 879 4635; x_wconf 79' lang='grc' dir='ltr'>αἰσχρῶς</span> <span class='ocrx_word' id='word_1_623' title='bbox 916 4562 1284 4617; x_wconf 88' lang='grc' dir='ltr'>ἀπελαύνεται</span> <span class='ocrx_word' id='word_1_624' title='bbox 1309 4579 1324 4594; x_wconf 74' lang='grc' dir='ltr'><strong>ο</strong></span> <span class='ocrx_word' id='word_1_625' title='bbox 1353 4561 1594 4632; x_wconf 79' lang='grc' dir='ltr'>ἡσύχαζε</span> <span class='ocrx_word' id='word_1_626' title='bbox 1642 4560 1700 4615; x_wconf 80' lang='grc' dir='ltr'>δὲ</span> <span class='ocrx_word' id='word_1_627' title='bbox 1756 4560 1851 4614; x_wconf 90' lang='grc' dir='ltr'><strong>τοῦ</strong></span> 
     </span>
    </p>
   </div>
   <div class='ocr_carea' id='block_1_90' title="bbox 1958 4560 3543 4640">
    <p class='ocr_par' dir='ltr' id='par_1_90' title="bbox 1958 4565 3543 4640">
     <span class='ocr_line' id='line_1_90' title="bbox 1958 4565 3543 4640; baseline -0.005 -15"><span class='ocrx_word' id='word_1_628' title='bbox 1958 4585 2155 4640; x_wconf 90' lang='lat' dir='ltr'><strong>magno</strong></span> <span class='ocrx_word' id='word_1_629' title='bbox 2175 4569 2326 4624; x_wconf 87' lang='lat' dir='ltr'><strong>edito</strong></span> <span class='ocrx_word' id='word_1_630' title='bbox 2351 4583 2488 4623; x_wconf 90' lang='lat' dir='ltr'><strong>sono</strong></span> <span class='ocrx_word' id='word_1_631' title='bbox 2528 4566 2829 4623; x_wconf 76' lang='lat' dir='ltr'><strong>ftedissime</strong></span> <span class='ocrx_word' id='word_1_632' title='bbox 2886 4565 3164 4635; x_wconf 78' lang='lat' dir='ltr'><strong>pellitur:</strong></span> <span class='ocrx_word' id='word_1_633' title='bbox 3219 4565 3287 4620; x_wconf 89' lang='lat' dir='ltr'><strong>de</strong></span> <span class='ocrx_word' id='word_1_634' title='bbox 3339 4574 3543 4620; x_wconf 64' lang='lat' dir='ltr'><strong>caetero</strong></span> 
     </span>
    </p>
   </div>
   <div class='ocr_carea' id='block_1_91' title="bbox 274 4654 1498 4729">
    <p class='ocr_par' dir='ltr' id='par_1_91' title="bbox 274 4654 1498 4729">
     <span class='ocr_line' id='line_1_91' title="bbox 274 4654 1498 4729; baseline -0.004 -16"><span class='ocrx_word' id='word_1_635' title='bbox 274 4660 465 4714; x_wconf 83' lang='grc' dir='ltr'>λοιποῦ</span> <span class='ocrx_word' id='word_1_636' title='bbox 495 4659 554 4712; x_wconf 81' lang='grc' dir='ltr'>τὸ</span> <span class='ocrx_word' id='word_1_637' title='bbox 584 4657 766 4729; x_wconf 73' lang='grc' dir='ltr'>ἔργον,</span> <span class='ocrx_word' id='word_1_638' title='bbox 798 4657 1058 4712; x_wconf 78' lang='grc' dir='ltr'>καὶκατὰ</span> <span class='ocrx_word' id='word_1_639' title='bbox 1090 4655 1250 4724; x_wconf 87' lang='grc' dir='ltr'>λόγον</span> <span class='ocrx_word' id='word_1_640' title='bbox 1279 4654 1498 4725; x_wconf 75' lang='grc' dir='ltr'>ἐχώρει.</span> 
     </span>
    </p>
   </div>
   <div class='ocr_carea' id='block_1_92' title="bbox 347 4832 1859 4908">
    <p class='ocr_par' dir='ltr' id='par_1_92' title="bbox 347 4832 1859 4908">
     <span class='ocr_line' id='line_1_92' title="bbox 347 4832 1859 4908; baseline -0.006 -14"><span class='ocrx_word' id='word_1_641' title='bbox 347 4839 454 4908; x_wconf 43' lang='grc' dir='ltr'>ἥθ’.</span> <span class='ocrx_word' id='word_1_642' title='bbox 495 4838 652 4892; x_wconf 72' lang='grc' dir='ltr'>Ἐπεὶ</span> <span class='ocrx_word' id='word_1_643' title='bbox 682 4837 737 4890; x_wconf 79' lang='grc' dir='ltr'>δὲ</span> <span class='ocrx_word' id='word_1_644' title='bbox 764 4836 1078 4908; x_wconf 83' lang='grc' dir='ltr'>ᾠκοδόμητο</span> <span class='ocrx_word' id='word_1_645' title='bbox 1107 4835 1204 4907; x_wconf 84' lang='grc' dir='ltr'>μὲν</span> <span class='ocrx_word' id='word_1_646' title='bbox 1228 4836 1261 4906; x_wconf 86' lang='grc' dir='ltr'><strong>ή</strong></span> <span class='ocrx_word' id='word_1_647' title='bbox 1292 4833 1522 4906; x_wconf 82' lang='grc' dir='ltr'>μάνδρα,</span> <span class='ocrx_word' id='word_1_648' title='bbox 1559 4832 1859 4903; x_wconf 86' lang='grc' dir='ltr'>λελατόμη-</span> 
     </span>
    </p>
   </div>
   <div class='ocr_carea' id='block_1_93' title="bbox 274 4925 1856 4999">
    <p class='ocr_par' dir='ltr' id='par_1_93' title="bbox 274 4925 1856 4999">
     <span class='ocr_line' id='line_1_93' title="bbox 274 4925 1856 4999; baseline -0.005 -12"><span class='ocrx_word' id='word_1_649' title='bbox 274 4952 336 4988; x_wconf 88' lang='grc' dir='ltr'><strong>το</strong></span> <span class='ocrx_word' id='word_1_650' title='bbox 363 4932 422 4986; x_wconf 78' lang='grc' dir='ltr'>δὲ</span> <span class='ocrx_word' id='word_1_651' title='bbox 449 4935 478 4986; x_wconf 86' lang='grc' dir='ltr'>ὀ</span> <span class='ocrx_word' id='word_1_652' title='bbox 501 4932 707 4996; x_wconf 86' lang='grc' dir='ltr'>στόλος,</span> <span class='ocrx_word' id='word_1_653' title='bbox 740 4929 1055 4999; x_wconf 87' lang='grc' dir='ltr'>λατομεῖταί</span> <span class='ocrx_word' id='word_1_654' title='bbox 1085 4947 1170 4993; x_wconf 89' lang='grc' dir='ltr'><strong>τις</strong></span> <span class='ocrx_word' id='word_1_655' title='bbox 1194 4929 1292 4982; x_wconf 74' lang='grc' dir='ltr'>καὶ</span> <span class='ocrx_word' id='word_1_656' title='bbox 1320 4928 1520 4989; x_wconf 87' lang='grc' dir='ltr'>λάκκος</span> <span class='ocrx_word' id='word_1_657' title='bbox 1565 4927 1714 4994; x_wconf 82' lang='grc' dir='ltr'>δεξιά</span> <span class='ocrx_word' id='word_1_658' title='bbox 1761 4925 1856 4979; x_wconf 88' lang='grc' dir='ltr'><strong>τοῦ</strong></span> 
     </span>
    </p>
   </div>
   <div class='ocr_carea' id='block_1_94' title="bbox 277 5019 1856 5094">
    <p class='ocr_par' dir='ltr' id='par_1_94' title="bbox 277 5019 1856 5094">
     <span class='ocr_line' id='line_1_94' title="bbox 277 5019 1856 5094; baseline -0.004 -14"><span class='ocrx_word' id='word_1_659' title='bbox 277 5025 455 5089; x_wconf 86' lang='grc' dir='ltr'>κίονος</span> <span class='ocrx_word' id='word_1_660' title='bbox 513 5023 649 5092; x_wconf 75' lang='grc' dir='ltr'>πρὸς</span> <span class='ocrx_word' id='word_1_661' title='bbox 680 5022 970 5085; x_wconf 83' lang='grc' dir='ltr'>Ἀνατολάς</span> <span class='ocrx_word' id='word_1_662' title='bbox 1033 5021 1328 5094; x_wconf 75' lang='grc' dir='ltr'>(ἐπιτροπὴ</span> <span class='ocrx_word' id='word_1_663' title='bbox 1395 5020 1454 5073; x_wconf 79' lang='grc' dir='ltr'>δὲ</span> <span class='ocrx_word' id='word_1_664' title='bbox 1501 5020 1595 5073; x_wconf 88' lang='grc' dir='ltr'><strong>τοῦ</strong></span> <span class='ocrx_word' id='word_1_665' title='bbox 1675 5019 1856 5088; x_wconf 81' lang='grc' dir='ltr'>Ἀγίου</span> 
     </span>
    </p>
   </div>
   <div class='ocr_carea' id='block_1_95' title="bbox 275 5114 1854 5188">
    <p class='ocr_par' dir='ltr' id='par_1_95' title="bbox 275 5114 1854 5188">
     <span class='ocr_line' id='line_1_95' title="bbox 275 5114 1854 5188; baseline -0.003 -17"><span class='ocrx_word' id='word_1_666' title='bbox 275 5116 436 5171; x_wconf 89' lang='grc' dir='ltr'>τοῦτο</span> <span class='ocrx_word' id='word_1_667' title='bbox 459 5117 547 5171; x_wconf 82' lang='grc' dir='ltr'>διὰ</span> <span class='ocrx_word' id='word_1_668' title='bbox 566 5117 666 5188; x_wconf 78' lang='grc' dir='ltr'>τὴν</span> <span class='ocrx_word' id='word_1_669' title='bbox 700 5115 792 5170; x_wconf 89' lang='grc' dir='ltr'><strong>τοῦ</strong></span> <span class='ocrx_word' id='word_1_670' title='bbox 821 5115 1014 5180; x_wconf 80' lang='grc' dir='ltr'>ὕδατος</span> <span class='ocrx_word' id='word_1_671' title='bbox 1045 5117 1294 5184; x_wconf 85' lang='grc' dir='ltr'>σπάσιν),</span> <span class='ocrx_word' id='word_1_672' title='bbox 1325 5115 1385 5178; x_wconf 83' lang='grc' dir='ltr'>ὃς</span> <span class='ocrx_word' id='word_1_673' title='bbox 1417 5114 1608 5178; x_wconf 80' lang='grc' dir='ltr'>ὓδατος</span> <span class='ocrx_word' id='word_1_674' title='bbox 1633 5114 1854 5186; x_wconf 87' lang='grc' dir='ltr'>πληρω-</span> 
     </span>
    </p>
   </div>
   <div class='ocr_carea' id='block_1_96' title="bbox 265 5208 1858 5280">
    <p class='ocr_par' dir='ltr' id='par_1_96' title="bbox 265 5208 1858 5280">
     <span class='ocr_line' id='line_1_96' title="bbox 265 5208 1858 5280; baseline -0.003 -16"><span class='ocrx_word' id='word_1_675' title='bbox 265 5211 416 5275; x_wconf 71' lang='grc' dir='ltr'>θεὶς,</span> <span class='ocrx_word' id='word_1_676' title='bbox 456 5212 570 5275; x_wconf 85' lang='grc' dir='ltr'>τοῖς</span> <span class='ocrx_word' id='word_1_677' title='bbox 603 5227 664 5263; x_wconf 87' lang='grc' dir='ltr'><strong>τε</strong></span> <span class='ocrx_word' id='word_1_678' title='bbox 697 5211 946 5278; x_wconf 74' lang='grc' dir='ltr'>ἀδελφοῖς</span> <span class='ocrx_word' id='word_1_679' title='bbox 977 5211 1072 5264; x_wconf 73' lang='grc' dir='ltr'>καὶ</span> <span class='ocrx_word' id='word_1_680' title='bbox 1100 5211 1212 5270; x_wconf 84' lang='grc' dir='ltr'>τοῖς</span> <span class='ocrx_word' id='word_1_681' title='bbox 1261 5208 1362 5262; x_wconf 82' lang='grc' dir='ltr'><strong>ἀνά</strong></span> <span class='ocrx_word' id='word_1_682' title='bbox 1391 5209 1490 5280; x_wconf 84' lang='grc' dir='ltr'>τὴν</span> <span class='ocrx_word' id='word_1_683' title='bbox 1522 5209 1690 5279; x_wconf 87' lang='grc' dir='ltr'>μόνην</span> <span class='ocrx_word' id='word_1_684' title='bbox 1744 5225 1858 5277; x_wconf 87' lang='grc' dir='ltr'>χει-</span> 
     </span>
    </p>
   </div>
   <div class='ocr_carea' id='block_1_97' title="bbox 280 5297 1855 5372">
    <p class='ocr_par' dir='ltr' id='par_1_97' title="bbox 280 5297 1855 5372">
     <span class='ocr_line' id='line_1_97' title="bbox 280 5297 1855 5372; baseline -0.002 -19"><span class='ocrx_word' id='word_1_685' title='bbox 280 5299 625 5372; x_wconf 87' lang='grc' dir='ltr'>ροτεχνοῦσ.ν</span> <span class='ocrx_word' id='word_1_686' title='bbox 657 5301 758 5354; x_wconf 81' lang='grc' dir='ltr'>ὅσα</span> <span class='ocrx_word' id='word_1_687' title='bbox 781 5317 846 5367; x_wconf 87' lang='grc' dir='ltr'><strong>γε</strong></span> <span class='ocrx_word' id='word_1_688' title='bbox 881 5299 1018 5370; x_wconf 80' lang='grc' dir='ltr'>πρὸς</span> <span class='ocrx_word' id='word_1_689' title='bbox 1049 5299 1354 5368; x_wconf 82' lang='grc' dir='ltr'>ἀναγκαίαν</span> <span class='ocrx_word' id='word_1_690' title='bbox 1385 5301 1617 5368; x_wconf 82' lang='grc' dir='ltr'>ἐπήρκει</span> <span class='ocrx_word' id='word_1_691' title='bbox 1647 5297 1855 5368; x_wconf 83' lang='grc' dir='ltr'>χρείαν.</span> 
     </span>
    </p>
   </div>
   <div class='ocr_carea' id='block_1_98' title="bbox 291 5387 1853 5461">
    <p class='ocr_par' dir='ltr' id='par_1_98' title="bbox 291 5387 1853 5461">
     <span class='ocr_line' id='line_1_98' title="bbox 291 5387 1853 5461; baseline -0.003 -19"><span class='ocrx_word' id='word_1_692' title='bbox 291 5390 602 5460; x_wconf 82' lang='grc' dir='ltr'>Ἑνεστήκει</span> <span class='ocrx_word' id='word_1_693' title='bbox 631 5390 728 5460; x_wconf 77' lang='grc' dir='ltr'>μὲν</span> <span class='ocrx_word' id='word_1_694' title='bbox 755 5389 848 5444; x_wconf 77' lang='grc' dir='ltr'>οὖν</span> <span class='ocrx_word' id='word_1_695' title='bbox 877 5389 1002 5460; x_wconf 79' lang='grc' dir='ltr'>ἄρτι</span> <span class='ocrx_word' id='word_1_696' title='bbox 1029 5389 1122 5442; x_wconf 86' lang='grc' dir='ltr'><strong>τοῦ</strong></span> <span class='ocrx_word' id='word_1_697' title='bbox 1151 5389 1344 5461; x_wconf 82' lang='grc' dir='ltr'>χρόνου</span> <span class='ocrx_word' id='word_1_698' title='bbox 1368 5388 1428 5441; x_wconf 82' lang='grc' dir='ltr'>τὸ</span> <span class='ocrx_word' id='word_1_699' title='bbox 1455 5387 1853 5458; x_wconf 72' lang='grc' dir='ltr'>ἀνθηρότατον,</span> 
     </span>
    </p>
   </div>
   <div class='ocr_carea' id='block_1_99' title="bbox 279 5477 1858 5552">
    <p class='ocr_par' dir='ltr' id='par_1_99' title="bbox 279 5477 1858 5552">
     <span class='ocr_line' id='line_1_99' title="bbox 279 5477 1858 5552; baseline -0.003 -18"><span class='ocrx_word' id='word_1_700' title='bbox 279 5481 315 5552; x_wconf 86' lang='grc' dir='ltr'><strong>ή</strong></span> <span class='ocrx_word' id='word_1_701' title='bbox 346 5480 439 5534; x_wconf 88' lang='grc' dir='ltr'><strong>τοῦ</strong></span> <span class='ocrx_word' id='word_1_702' title='bbox 479 5480 624 5534; x_wconf 90' lang='grc' dir='ltr'>θείου</span> <span class='ocrx_word' id='word_1_703' title='bbox 655 5481 850 5551; x_wconf 85' lang='grc' dir='ltr'>Πάσχα</span> <span class='ocrx_word' id='word_1_704' title='bbox 890 5481 1180 5551; x_wconf 81' lang='grc' dir='ltr'>λάμπουσα</span> <span class='ocrx_word' id='word_1_705' title='bbox 1209 5481 1429 5551; x_wconf 75' lang='grc' dir='ltr'>φαιδρὸν</span> <span class='ocrx_word' id='word_1_706' title='bbox 1459 5479 1690 5548; x_wconf 80' lang='grc' dir='ltr'>ὲὸδομάς</span> <span class='ocrx_word' id='word_1_707' title='bbox 1716 5518 1730 5542; x_wconf 93' lang='grc'><strong>,</strong></span> <span class='ocrx_word' id='word_1_708' title='bbox 1761 5477 1858 5549; x_wconf 83' lang='grc' dir='ltr'><strong>τὴν</strong></span> 
     </span>
    </p>
   </div>
   <div class='ocr_carea' id='block_1_100' title="bbox 281 5570 1854 5643">
    <p class='ocr_par' dir='ltr' id='par_1_100' title="bbox 281 5570 1854 5643">
     <span class='ocr_line' id='line_1_100' title="bbox 281 5570 1854 5643; baseline -0.003 -19"><span class='ocrx_word' id='word_1_709' title='bbox 281 5570 556 5642; x_wconf 78' lang='grc' dir='ltr'>ἡμετέραν</span> <span class='ocrx_word' id='word_1_710' title='bbox 609 5572 884 5642; x_wconf 84' lang='grc' dir='ltr'>σωτηρίαν</span> <span class='ocrx_word' id='word_1_711' title='bbox 915 5571 1359 5643; x_wconf 75' lang='grc' dir='ltr'>πανηγυρίζουσα</span> <span class='ocrx_word' id='word_1_712' title='bbox 1389 5589 1403 5604; x_wconf 76' lang='grc'><strong><em>⁸</em></strong></span> <span class='ocrx_word' id='word_1_713' title='bbox 1427 5570 1536 5623; x_wconf 81' lang='grc' dir='ltr'><strong>τῶν</strong></span> <span class='ocrx_word' id='word_1_714' title='bbox 1567 5571 1624 5623; x_wconf 82' lang='grc' dir='ltr'>δὲ</span> <span class='ocrx_word' id='word_1_715' title='bbox 1676 5571 1854 5639; x_wconf 55' lang='lat' dir='ltr'><strong>paen-</strong></span> 
     </span>
    </p>
   </div>
   <div class='ocr_carea' id='block_1_101' title="bbox 279 5660 1854 5739">
    <p class='ocr_par' dir='ltr' id='par_1_101' title="bbox 279 5660 1854 5739">
     <span class='ocr_line' id='line_1_101' title="bbox 279 5660 1854 5739; baseline 0 -22"><span class='ocrx_word' id='word_1_716' title='bbox 279 5665 409 5728; x_wconf 86' lang='grc' dir='ltr'>τῶν,</span> <span class='ocrx_word' id='word_1_717' title='bbox 440 5667 502 5718; x_wconf 77' lang='grc' dir='ltr'>τὸ</span> <span class='ocrx_word' id='word_1_718' title='bbox 533 5665 633 5734; x_wconf 78' lang='grc' dir='ltr'>μὲν</span> <span class='ocrx_word' id='word_1_719' title='bbox 662 5665 900 5739; x_wconf 75' lang='grc' dir='ltr'>ἠρεμίαν</span> <span class='ocrx_word' id='word_1_720' title='bbox 928 5667 1008 5737; x_wconf 80' lang='grc' dir='ltr'><strong>τῷ</strong></span> <span class='ocrx_word' id='word_1_721' title='bbox 1049 5666 1354 5738; x_wconf 79' lang='grc' dir='ltr'>διδασκάλῳ</span> <span class='ocrx_word' id='word_1_722' title='bbox 1401 5660 1854 5736; x_wconf 76' lang='grc' dir='ltr'>περιποιούντών,</span> 
     </span>
    </p>
   </div>
   <div class='ocr_carea' id='block_1_102' title="bbox 280 5753 1858 5831">
    <p class='ocr_par' dir='ltr' id='par_1_102' title="bbox 280 5753 1858 5831">
     <span class='ocr_line' id='line_1_102' title="bbox 280 5753 1858 5831; baseline -0.001 -20"><span class='ocrx_word' id='word_1_723' title='bbox 280 5753 316 5831; x_wconf 79' lang='grc' dir='ltr'><strong>ᾗ</strong></span> <span class='ocrx_word' id='word_1_724' title='bbox 347 5757 444 5811; x_wconf 69' lang='grc' dir='ltr'><strong>καὶ</strong></span> <span class='ocrx_word' id='word_1_725' title='bbox 480 5758 684 5826; x_wconf 82' lang='grc' dir='ltr'>μᾶλλον</span> <span class='ocrx_word' id='word_1_726' title='bbox 711 5759 874 5813; x_wconf 83' lang='grc' dir='ltr'>αὐτὸν</span> <span class='ocrx_word' id='word_1_727' title='bbox 903 5759 1102 5830; x_wconf 68' lang='grc' dir='ltr'>ᾔδεσαν</span> <span class='ocrx_word' id='word_1_728' title='bbox 1134 5760 1415 5830; x_wconf 84' lang='grc' dir='ltr'>χαίροντα,</span> <span class='ocrx_word' id='word_1_729' title='bbox 1453 5760 1513 5812; x_wconf 85' lang='grc' dir='ltr'><strong>τὺ</strong></span> <span class='ocrx_word' id='word_1_730' title='bbox 1540 5759 1596 5812; x_wconf 79' lang='grc' dir='ltr'>δὲ</span> <span class='ocrx_word' id='word_1_731' title='bbox 1625 5759 1684 5812; x_wconf 82' lang='grc' dir='ltr'>τὸ</span> <span class='ocrx_word' id='word_1_732' title='bbox 1714 5757 1858 5829; x_wconf 74' lang='grc' dir='ltr'>ὕδωρ</span> 
     </span>
    </p>
   </div>
   <div class='ocr_carea' id='block_1_103' title="bbox 281 5849 1857 5921">
    <p class='ocr_par' dir='ltr' id='par_1_103' title="bbox 281 5849 1857 5921">
     <span class='ocr_line' id='line_1_103' title="bbox 281 5849 1857 5921; baseline 0.002 -20"><span class='ocrx_word' id='word_1_733' title='bbox 281 5851 492 5910; x_wconf 76' lang='grc' dir='ltr'>ἑαυτοῖς</span> <span class='ocrx_word' id='word_1_734' title='bbox 521 5849 992 5921; x_wconf 86' lang='grc' dir='ltr'>ἀποταμιούντων,</span> <span class='ocrx_word' id='word_1_735' title='bbox 1029 5851 1115 5903; x_wconf 90' lang='grc' dir='ltr'><strong>διά</strong></span> <span class='ocrx_word' id='word_1_736' title='bbox 1137 5867 1195 5903; x_wconf 80' lang='grc' dir='ltr'><strong>τε</strong></span> <span class='ocrx_word' id='word_1_737' title='bbox 1220 5851 1318 5919; x_wconf 76' lang='grc' dir='ltr'>τὴν</span> <span class='ocrx_word' id='word_1_738' title='bbox 1345 5849 1511 5903; x_wconf 82' lang='grc' dir='ltr'>αὑτοῦ</span> <span class='ocrx_word' id='word_1_739' title='bbox 1546 5851 1857 5920; x_wconf 83' lang='grc' dir='ltr'>βραχύτητα</span> 
     </span>
    </p>
   </div>
   <div class='ocr_carea' id='block_1_104' title="bbox 1961 4657 3539 4730">
    <p class='ocr_par' dir='ltr' id='par_1_104' title="bbox 1961 4657 3539 4730">
     <span class='ocr_line' id='line_1_104' title="bbox 1961 4657 3539 4730; baseline -0.003 -14"><span class='ocrx_word' id='word_1_740' title='bbox 1961 4669 2146 4717; x_wconf 88' lang='lat' dir='ltr'><strong>autem</strong></span> <span class='ocrx_word' id='word_1_741' title='bbox 2199 4660 2387 4730; x_wconf 89' lang='lat' dir='ltr'><strong>quiete</strong></span> <span class='ocrx_word' id='word_1_742' title='bbox 2441 4659 2772 4714; x_wconf 56' lang='lat' dir='ltr'><strong>aediﬁcatum</strong></span> <span class='ocrx_word' id='word_1_743' title='bbox 2827 4666 2933 4723; x_wconf 90' lang='lat' dir='ltr'><strong>est,</strong></span> <span class='ocrx_word' id='word_1_744' title='bbox 2965 4665 3022 4713; x_wconf 85' lang='lat' dir='ltr'><strong>et</strong></span> <span class='ocrx_word' id='word_1_745' title='bbox 3063 4657 3271 4712; x_wconf 90' lang='lat' dir='ltr'><strong>fabrica</strong></span> <span class='ocrx_word' id='word_1_746' title='bbox 3327 4657 3412 4730; x_wconf 92' lang='lat' dir='ltr'><strong>(ut</strong></span> <span class='ocrx_word' id='word_1_747' title='bbox 3453 4657 3539 4712; x_wconf 89' lang='lat' dir='ltr'><strong>di-</strong></span> 
     </span>
    </p>
   </div>
   <div class='ocr_carea' id='block_1_105' title="bbox 1961 4750 3183 4822">
    <p class='ocr_par' dir='ltr' id='par_1_105' title="bbox 1961 4750 3183 4822">
     <span class='ocr_line' id='line_1_105' title="bbox 1961 4750 3183 4822; baseline -0.004 -13"><span class='ocrx_word' id='word_1_748' title='bbox 1961 4764 2113 4809; x_wconf 87' lang='lat' dir='ltr'><strong>ctum</strong></span> <span class='ocrx_word' id='word_1_749' title='bbox 2168 4753 2273 4821; x_wconf 82' lang='lat' dir='ltr'><strong>est)</strong></span> <span class='ocrx_word' id='word_1_750' title='bbox 2333 4750 2724 4822; x_wconf 84' lang='lat' dir='ltr'><strong>perficiebatur</strong></span> <span class='ocrx_word' id='word_1_751' title='bbox 2768 4765 2835 4804; x_wconf 84' lang='lat' dir='ltr'><strong>ex</strong></span> <span class='ocrx_word' id='word_1_752' title='bbox 2886 4751 3183 4805; x_wconf 87' lang='lat' dir='ltr'><strong>sententia.</strong></span> 
     </span>
    </p>
   </div>
   <div class='ocr_carea' id='block_1_106' title="bbox 2031 4840 3536 4912">
    <p class='ocr_par' dir='ltr' id='par_1_106' title="bbox 2031 4840 3536 4912">
     <span class='ocr_line' id='line_1_106' title="bbox 2031 4840 3536 4912; baseline -0.002 -13"><span class='ocrx_word' id='word_1_753' title='bbox 2031 4840 2120 4899; x_wconf 86' lang='lat'><strong>99.</strong></span> <span class='ocrx_word' id='word_1_754' title='bbox 2152 4843 2282 4899; x_wconf 90' lang='lat' dir='ltr'><strong>Post</strong></span> <span class='ocrx_word' id='word_1_755' title='bbox 2311 4848 2656 4897; x_wconf 75' lang='lat' dir='ltr'><strong>exstructum</strong></span> <span class='ocrx_word' id='word_1_756' title='bbox 2673 4842 2778 4912; x_wconf 79' lang='lat' dir='ltr'><strong>iam</strong></span> <span class='ocrx_word' id='word_1_757' title='bbox 2804 4842 3223 4908; x_wconf 88' lang='lat' dir='ltr'><strong>monasterium,</strong></span> <span class='ocrx_word' id='word_1_758' title='bbox 3259 4842 3536 4897; x_wconf 74' lang='lat' dir='ltr'><strong>etcolum~</strong></span> 
     </span>
    </p>
   </div>
   <div class='ocr_carea' id='block_1_107' title="bbox 1963 4933 3543 5001">
    <p class='ocr_par' dir='ltr' id='par_1_107' title="bbox 1963 4933 3543 5001">
     <span class='ocr_line' id='line_1_107' title="bbox 1963 4933 3543 5001; baseline 0 -10"><span class='ocrx_word' id='word_1_759' title='bbox 1963 4951 2090 4991; x_wconf 87' lang='lat' dir='ltr'><strong>nam</strong></span> <span class='ocrx_word' id='word_1_760' title='bbox 2117 4951 2310 4992; x_wconf 54' lang='lat' dir='ltr'><strong>casam</strong></span> <span class='ocrx_word' id='word_1_761' title='bbox 2334 4977 2348 5001; x_wconf 87' lang='lat'><strong>,</strong></span> <span class='ocrx_word' id='word_1_762' title='bbox 2382 4941 2689 4989; x_wconf 75' lang='lat' dir='ltr'><strong>cavatur-et</strong></span> <span class='ocrx_word' id='word_1_763' title='bbox 2707 4933 2966 4998; x_wconf 89' lang='lat' dir='ltr'><strong>cisterna,</strong></span> <span class='ocrx_word' id='word_1_764' title='bbox 2983 4949 3014 4988; x_wconf 89' lang='lat' dir='ltr'><strong>a</strong></span> <span class='ocrx_word' id='word_1_765' title='bbox 3031 4933 3256 4990; x_wconf 83' lang='lat' dir='ltr'><strong>dextera</strong></span> <span class='ocrx_word' id='word_1_766' title='bbox 3270 4936 3543 4991; x_wconf 79' lang='lat' dir='ltr'><strong>columnae</strong></span> 
     </span>
    </p>
   </div>
   <div class='ocr_carea' id='block_1_108' title="bbox 1964 5024 3540 5100">
    <p class='ocr_par' dir='ltr' id='par_1_108' title="bbox 1964 5024 3540 5100">
     <span class='ocr_line' id='line_1_108' title="bbox 1964 5024 3540 5100; baseline -0.003 -15"><span class='ocrx_word' id='word_1_767' title='bbox 1964 5040 2122 5100; x_wconf 88' lang='lat' dir='ltr'><strong>parte</strong></span> <span class='ocrx_word' id='word_1_768' title='bbox 2158 5043 2353 5083; x_wconf 88' lang='lat' dir='ltr'><strong>versus</strong></span> <span class='ocrx_word' id='word_1_769' title='bbox 2400 5027 2692 5091; x_wconf 89' lang='lat' dir='ltr'><strong>orientem,</strong></span> <span class='ocrx_word' id='word_1_770' title='bbox 2747 5027 2976 5098; x_wconf 88' lang='lat' dir='ltr'><strong>jubente</strong></span> <span class='ocrx_word' id='word_1_771' title='bbox 3031 5025 3105 5080; x_wconf 91' lang='lat' dir='ltr'><strong>ita</strong></span> <span class='ocrx_word' id='word_1_772' title='bbox 3153 5024 3424 5097; x_wconf 82' lang='lat' dir='ltr'><strong>Symeonc</strong></span> <span class='ocrx_word' id='word_1_773' title='bbox 3469 5027 3540 5082; x_wconf 84' lang='lat' dir='ltr'><strong>ob</strong></span> 
     </span>
    </p>
   </div>
   <div class='ocr_carea' id='block_1_109' title="bbox 1962 5117 3538 5192">
    <p class='ocr_par' dir='ltr' id='par_1_109' title="bbox 1962 5117 3538 5192">
     <span class='ocr_line' id='line_1_109' title="bbox 1962 5117 3538 5192; baseline -0.002 -17"><span class='ocrx_word' id='word_1_774' title='bbox 1962 5134 2231 5192; x_wconf 87' lang='lat' dir='ltr'><strong>aquarum</strong></span> <span class='ocrx_word' id='word_1_775' title='bbox 2264 5117 2592 5189; x_wconf 88' lang='lat' dir='ltr'><strong>penuriam;</strong></span> <span class='ocrx_word' id='word_1_776' title='bbox 2627 5126 2687 5171; x_wconf 87' lang='lat' dir='ltr'><strong>ut</strong></span> <span class='ocrx_word' id='word_1_777' title='bbox 2712 5117 2840 5173; x_wconf 88' lang='lat' dir='ltr'><strong>inde</strong></span> <span class='ocrx_word' id='word_1_778' title='bbox 2867 5117 3132 5173; x_wconf 86' lang='lat' dir='ltr'><strong>fratribus</strong></span> <span class='ocrx_word' id='word_1_779' title='bbox 3151 5125 3206 5173; x_wconf 86' lang='lat' dir='ltr'><strong>et</strong></span> <span class='ocrx_word' id='word_1_780' title='bbox 3238 5119 3290 5172; x_wconf 91' lang='lat' dir='ltr'><strong>in</strong></span> <span class='ocrx_word' id='word_1_781' title='bbox 3344 5133 3538 5172; x_wconf 89' lang='lat' dir='ltr'><strong>mona-</strong></span> 
     </span>
    </p>
   </div>
   <div class='ocr_carea' id='block_1_110' title="bbox 1961 5211 3541 5284">
    <p class='ocr_par' dir='ltr' id='par_1_110' title="bbox 1961 5211 3541 5284">
     <span class='ocr_line' id='line_1_110' title="bbox 1961 5211 3541 5284; baseline -0.003 -15"><span class='ocrx_word' id='word_1_782' title='bbox 1961 5214 2132 5270; x_wconf 89' lang='lat' dir='ltr'><strong>sterio</strong></span> <span class='ocrx_word' id='word_1_783' title='bbox 2162 5212 2524 5284; x_wconf 88' lang='lat' dir='ltr'><strong>operantibus</strong></span> <span class='ocrx_word' id='word_1_784' title='bbox 2557 5211 2625 5266; x_wconf 89' lang='lat' dir='ltr'><strong>ad</strong></span> <span class='ocrx_word' id='word_1_785' title='bbox 2659 5226 2794 5266; x_wconf 91' lang='lat' dir='ltr'><strong>usus</strong></span> <span class='ocrx_word' id='word_1_786' title='bbox 2837 5211 3179 5265; x_wconf 89' lang='lat' dir='ltr'><strong>necessarios</strong></span> <span class='ocrx_word' id='word_1_787' title='bbox 3220 5225 3360 5280; x_wconf 90' lang='lat' dir='ltr'><strong>aqua</strong></span> <span class='ocrx_word' id='word_1_788' title='bbox 3412 5224 3541 5280; x_wconf 88' lang='lat' dir='ltr'><strong>sup-</strong></span> 
     </span>
    </p>
   </div>
   <div class='ocr_carea' id='block_1_111' title="bbox 1961 5302 3538 5378">
    <p class='ocr_par' dir='ltr' id='par_1_111' title="bbox 1961 5302 3538 5378">
     <span class='ocr_line' id='line_1_111' title="bbox 1961 5302 3538 5378; baseline -0.004 -17"><span class='ocrx_word' id='word_1_789' title='bbox 1961 5307 2328 5378; x_wconf 89' lang='lat' dir='ltr'><strong>peditaretur.</strong></span> <span class='ocrx_word' id='word_1_790' title='bbox 2350 5305 2406 5360; x_wconf 92' lang='lat' dir='ltr'><strong>In</strong></span> <span class='ocrx_word' id='word_1_791' title='bbox 2439 5304 2658 5360; x_wconf 86' lang='lat' dir='ltr'><strong>foribus</strong></span> <span class='ocrx_word' id='word_1_792' title='bbox 2677 5305 2789 5375; x_wconf 88' lang='lat' dir='ltr'><strong>jam</strong></span> <span class='ocrx_word' id='word_1_793' title='bbox 2815 5309 2940 5358; x_wconf 87' lang='lat' dir='ltr'><strong>erat</strong></span> <span class='ocrx_word' id='word_1_794' title='bbox 2960 5302 3374 5357; x_wconf 83' lang='lat' dir='ltr'><strong>lloridissimum</strong></span> <span class='ocrx_word' id='word_1_795' title='bbox 3399 5308 3538 5355; x_wconf 89' lang='lat' dir='ltr'><strong>tem-</strong></span> 
     </span>
    </p>
   </div>
   <div class='ocr_carea' id='block_1_112' title="bbox 1959 5391 3540 5468">
    <p class='ocr_par' dir='ltr' id='par_1_112' title="bbox 1959 5391 3540 5468">
     <span class='ocr_line' id='line_1_112' title="bbox 1959 5391 3540 5468; baseline -0.005 -16"><span class='ocrx_word' id='word_1_796' title='bbox 1959 5410 2085 5468; x_wconf 86' lang='lat' dir='ltr'><strong>pus,</strong></span> <span class='ocrx_word' id='word_1_797' title='bbox 2105 5397 2408 5453; x_wconf 86' lang='lat' dir='ltr'><strong>clarissima</strong></span> <span class='ocrx_word' id='word_1_798' title='bbox 2426 5397 2816 5466; x_wconf 77' lang='lat' dir='ltr'><strong>lzetissimaque</strong></span> <span class='ocrx_word' id='word_1_799' title='bbox 2834 5395 3008 5450; x_wconf 87' lang='lat' dir='ltr'><strong>sancti</strong></span> <span class='ocrx_word' id='word_1_800' title='bbox 3027 5393 3312 5449; x_wconf 86' lang='lat' dir='ltr'><strong>Paschatis</strong></span> <span class='ocrx_word' id='word_1_801' title='bbox 3332 5391 3540 5446; x_wconf 86' lang='lat' dir='ltr'><strong>hebdo-</strong></span> 
     </span>
    </p>
   </div>
   <div class='ocr_carea' id='block_1_113' title="bbox 1960 5484 3538 5558">
    <p class='ocr_par' dir='ltr' id='par_1_113' title="bbox 1960 5484 3538 5558">
     <span class='ocr_line' id='line_1_113' title="bbox 1960 5484 3538 5558; baseline -0.005 -14"><span class='ocrx_word' id='word_1_802' title='bbox 1960 5489 2145 5554; x_wconf 87' lang='lat' dir='ltr'><strong>mada,</strong></span> <span class='ocrx_word' id='word_1_803' title='bbox 2171 5499 2452 5544; x_wconf 87' lang='lat' dir='ltr'><strong>auctorem</strong></span> <span class='ocrx_word' id='word_1_804' title='bbox 2485 5497 2651 5558; x_wconf 88' lang='lat' dir='ltr'><strong>atque</strong></span> <span class='ocrx_word' id='word_1_805' title='bbox 2684 5487 3064 5557; x_wconf 88' lang='lat' dir='ltr'><strong>operationem</strong></span> <span class='ocrx_word' id='word_1_806' title='bbox 3097 5484 3289 5539; x_wconf 87' lang='lat' dir='ltr'><strong>salutis</strong></span> <span class='ocrx_word' id='word_1_807' title='bbox 3333 5491 3538 5537; x_wconf 73' lang='lat' dir='ltr'><strong>nostra:</strong></span> 
     </span>
    </p>
   </div>
   <div class='ocr_carea' id='block_1_114' title="bbox 1959 5575 3540 5648">
    <p class='ocr_par' dir='ltr' id='par_1_114' title="bbox 1959 5575 3540 5648">
     <span class='ocr_line' id='line_1_114' title="bbox 1959 5575 3540 5648; baseline -0.007 -12"><span class='ocrx_word' id='word_1_808' title='bbox 1959 5582 2288 5645; x_wconf 86' lang='lat' dir='ltr'><strong>celebrans;</strong></span> <span class='ocrx_word' id='word_1_809' title='bbox 2338 5596 2464 5634; x_wconf 92' lang='lat' dir='ltr'><strong>cum</strong></span> <span class='ocrx_word' id='word_1_810' title='bbox 2512 5579 2821 5648; x_wconf 86' lang='lat' dir='ltr'><strong>discipulis,</strong></span> <span class='ocrx_word' id='word_1_811' title='bbox 2878 5577 3078 5648; x_wconf 87' lang='lat' dir='ltr'><strong>partim</strong></span> <span class='ocrx_word' id='word_1_812' title='bbox 3123 5575 3384 5645; x_wconf 83' lang='lat' dir='ltr'><strong>magistro</strong></span> <span class='ocrx_word' id='word_1_813' title='bbox 3439 5589 3540 5626; x_wconf 89' lang='lat' dir='ltr'><strong>suo</strong></span> 
     </span>
    </p>
   </div>
   <div class='ocr_carea' id='block_1_115' title="bbox 1960 5665 3541 5740">
    <p class='ocr_par' dir='ltr' id='par_1_115' title="bbox 1960 5665 3541 5740">
     <span class='ocr_line' id='line_1_115' title="bbox 1960 5665 3541 5740; baseline -0.009 -14"><span class='ocrx_word' id='word_1_814' title='bbox 1960 5671 2340 5734; x_wconf 90' lang='lat' dir='ltr'><strong>solitudinem,</strong></span> <span class='ocrx_word' id='word_1_815' title='bbox 2367 5685 2475 5740; x_wconf 92' lang='lat' dir='ltr'><strong>qua</strong></span> <span class='ocrx_word' id='word_1_816' title='bbox 2500 5671 2776 5740; x_wconf 78' lang='lat' dir='ltr'><strong>praecipue</strong></span> <span class='ocrx_word' id='word_1_817' title='bbox 2804 5667 2956 5722; x_wconf 81' lang='lat' dir='ltr'><strong>Illum</strong></span> <span class='ocrx_word' id='word_1_818' title='bbox 2981 5665 3242 5720; x_wconf 87' lang='lat' dir='ltr'><strong>delectari</strong></span> <span class='ocrx_word' id='word_1_819' title='bbox 3263 5676 3541 5726; x_wconf 74' lang='lat' dir='ltr'><strong>,noverant</strong></span> 
     </span>
    </p>
   </div>
   <div class='ocr_carea' id='block_1_116' title="bbox 1962 5757 3541 5833">
    <p class='ocr_par' dir='ltr' id='par_1_116' title="bbox 1962 5757 3541 5833">
     <span class='ocr_line' id='line_1_116' title="bbox 1962 5757 3541 5833; baseline -0.006 -16"><span class='ocrx_word' id='word_1_820' title='bbox 1962 5760 2376 5833; x_wconf 38' lang='lat' dir='ltr'><strong>instruentibus.</strong></span> <span class='ocrx_word' id='word_1_821' title='bbox 2419 5761 2618 5831; x_wconf 88' lang='lat' dir='ltr'><strong>partim</strong></span> <span class='ocrx_word' id='word_1_822' title='bbox 2662 5773 2886 5830; x_wconf 88' lang='lat' dir='ltr'><strong>aquam,</strong></span> <span class='ocrx_word' id='word_1_823' title='bbox 2948 5758 3020 5812; x_wconf 90' lang='lat' dir='ltr'><strong>ob</strong></span> <span class='ocrx_word' id='word_1_824' title='bbox 3070 5757 3424 5827; x_wconf 80' lang='lat' dir='ltr'><strong>exiguitatem</strong></span> <span class='ocrx_word' id='word_1_825' title='bbox 3484 5761 3541 5809; x_wconf 80' lang='lat' dir='ltr'><strong>et</strong></span> 
     </span>
    </p>
   </div>
   <div class='ocr_carea' id='block_1_117' title="bbox 1961 5845 3539 5912">
    <p class='ocr_par' dir='ltr' id='par_1_117' title="bbox 1961 5845 3539 5912">
     <span class='ocr_line' id='line_1_117' title="bbox 1961 5845 3539 5912; baseline -0.005 -8"><span class='ocrx_word' id='word_1_826' title='bbox 1961 5849 2334 5905; x_wconf 88' lang='lat' dir='ltr'><strong>auferentium</strong></span> <span class='ocrx_word' id='word_1_827' title='bbox 2363 5849 2505 5906; x_wconf 80' lang='lat' dir='ltr'><strong>&#39;indc</strong></span> <span class='ocrx_word' id='word_1_828' title='bbox 2546 5848 2987 5912; x_wconf 87' lang='lat' dir='ltr'><strong>multitudinem,</strong></span> <span class='ocrx_word' id='word_1_829' title='bbox 3031 5845 3232 5902; x_wconf 87' lang='lat' dir='ltr'><strong>additis</strong></span> <span class='ocrx_word' id='word_1_830' title='bbox 3288 5845 3539 5901; x_wconf 75' lang='lat' dir='ltr'><strong>cisternae</strong></span> 
     </span>
    </p>
   </div>
  </div>
