3988 6480
473 388 614 452 3079

1677 382 1741 443 S.
1773 377 2154 441 SYMEONIS
2188 374 2552 437 JUNIORIS

3599 362 3746 427 3080

480 502 740 575 operculo
768 509 827 557 et
852 515 978 557 sera
1005 498 1112 555 sibi
1136 498 1600 565 recondentibus;
1631 513 1780 561 cum,
1811 498 2058 565 inquam,

2184 491 2257 545 ιαὶ
2311 490 2375 545 τὸ
2428 490 2539 543 τῶν
2593 483 3010 557 ἀφικνουμένων
3063 480 3291 552 πλῆθος,
3320 477 3494 549 θύραν
3548 493 3614 530 τε
3670 477 3751 545 τῷ

476 599 719 671 Symeon
748 612 808 652 se
836 596 891 651 in
927 595 1129 666 spiritu
1166 592 1338 647 veluti
1369 592 1436 646 ad
1472 592 1774 645 cisternam
1819 589 2061 643 delatum

479 692 651 755 videt,
682 704 882 759 aquam
914 696 1149 756 utraque
1183 700 1346 738 manu
1379 685 1720 749 turbantem,
1746 697 1979 751 eamque
2006 683 2063 737 in

477 789 649 843 altum
682 786 801 841 tolli
844 794 902 839 et
934 784 1081 839 inter
1110 781 1520 837 multitudinem
1565 780 1827 834 distribui
1865 779 2067 849 juben-

482 890 616 936 tem.
641 876 968 933 Convocatis
1004 876 1188 945 itaque
1222 874 1489 928 fratribus
1512 874 1771 941 imperat,
1801 886 1978 925 seram
2007 877 2069 924 ut

479 970 756 1030 auferant,
790 984 899 1038 quo
931 966 1206 1021 universis
1229 980 1435 1034 aquare
1466 964 1782 1018 volentibus
1810 962 1878 1016 ad
1908 977 2069 1030 aper-

484 1073 595 1117 tam
634 1062 929 1117 cisternam
969 1074 1227 1114 accessus
1254 1067 1441 1128 pateat
1472 1074 1486 1111 :
1522 1057 1640 1111 lam
1665 1056 1837 1118 enim,
1866 1053 2066 1123 inquit,

482 1168 727 1223 superna
760 1151 1075 1206 visitatione
1104 1150 1239 1203 mihi
1278 1149 1542 1211 innotuit,
1576 1162 1771 1215 aquam
1818 1154 1933 1199 toto
1962 1145 2069 1199 hoc

482 1266 629 1304 anno
660 1264 771 1301 non
804 1247 1169 1302 defecturam.
1201 1246 1268 1300 Et
1292 1244 1425 1298 fides
1446 1243 1615 1297 dictis
1638 1242 1796 1297 stetit
1827 1259 1841 1294 :
1880 1256 1949 1295 ex
1974 1240 2069 1294 illo

486 1352 723 1406 namque
754 1345 1000 1404 tempore
1028 1351 1221 1389 omnes
1256 1333 1577 1387 monasterii
1626 1331 1821 1385 incola:
1850 1328 1917 1383 ad
1943 1329 2069 1398 pin-

489 1432 723 1487 sendum
744 1445 966 1499 panem,
986 1427 1055 1481 ad
1075 1427 1391 1496 coquendos
1410 1425 1659 1488 cibos,ad
1676 1424 1919 1492 reliquos
1937 1436 2072 1477 usus

484 1538 686 1593 aquam
742 1522 870 1576 inde
920 1520 1276 1581 hauriebam,
1311 1520 1422 1573 imo
1450 1527 1508 1572 et
1553 1516 1775 1571 fabricae
1826 1515 2070 1570 indidem

489 1616 952 1686 suppeditabatur
987 1631 1003 1666 ι
1036 1613 1176 1667 adde
1226 1612 1373 1681 quod
1426 1610 1753 1665 accedentes
1785 1608 1953 1662 etiam
2002 1605 2070 1660 ad

489 1710 820 1780 Symeonem
870 1708 1047 1761 turba:
1074 1723 1185 1760 non
1216 1706 1393 1759 solum
1428 1705 1555 1759 inde
1591 1704 1867 1765 biberent,
1896 1700 1990 1755 sed
2016 1708 2073 1755 et

490 1815 620 1853 vasa
648 1799 869 1853 diversa
894 1807 951 1853 et
992 1807 1138 1852 tutos
1184 1806 1337 1851 utres
1372 1796 1684 1866 implerent,
1714 1807 1911 1862 aquam
1968 1805 2070 1861 pro

2164 584 2354 655 λάκκῳ
2377 583 2696 645 ἐπιθέντων,
2735 579 2828 633 καὶ
2857 578 3041 631 κλεῖδα
3066 580 3132 647 τῇ
3160 575 3303 645 θύρᾳ
3325 572 3703 627 ἐπιϐαλόντων
3734 589 3748 601 ’

2164 678 2268 749 όρᾷ
2295 676 2372 747 τῷ
2400 675 2674 745 πνεύματι
2700 675 2727 725 ὁ
2758 672 2983 741 Συμεὼν
3011 668 3207 722 ἐαυτὸν
3237 666 3379 720 κατὰ
3414 665 3509 717 τὸν
3542 663 3751 717 λάκκον

2165 770 2330 823 οίονεῖ
2364 768 2655 837 γεγονότα,
2682 766 2743 817 τό
2772 780 2830 816 τε
2869 762 3011 832 ὕδωρ
3036 759 3373 829 ἀμφοτέραις
3401 758 3595 827 χερσὶν
3620 756 3752 807 ἁνα-

2165 863 2534 933 ταράσσονται,
2573 859 2667 912 καὶ
2694 857 2885 927 ὥσπερ
2924 855 3039 908 ἄνω
3065 852 3329 923 φέρεσθαι
3357 851 3451 904 καὶ
3502 851 3586 912 είς
3616 846 3751 915 πλῆ»

2168 954 2261 1017 θος
2314 952 2609 1006 ἐπιδιδόναι
2665 948 2951 1001 ποιοῦντα.
2985 944 3337 1013 Συγκαλέσας
3392 943 3575 995 τοίνυν
3627 941 3755 1001 τοὺς

2168 1047 2453 1116 ἀδελφοὺς,
2482 1040 2613 1116 ἆραι
2666 1040 2879 1096 κελεύει
2927 1040 3027 1111 τὴν
3081 1037 3300 1101 κλεῖδα,
3347 1036 3426 1099 ὡς
3475 1032 3758 1102 ἀνεῶχθαι

2168 1140 2333 1194 παντὶ
2364 1138 2455 1192 τὸν
2479 1137 2682 1192 λάκκον
2710 1133 3034 1208 ὑδρεύεσθαι
3060 1130 3391 1201 βουλομένῳ.
3443 1125 3760 1193 Ἐπισκοπὴ

2169 1232 2301 1301 γὰρ,
2330 1231 2516 1301 φησὶν,
2550 1228 2755 1284 ἄνωθεν
2809 1228 2897 1279 ἐπ’
2961 1224 3109 1293 αὐτῷ
3161 1224 3396 1291 γεγόνει,
3427 1222 3525 1273 καὶ
3563 1220 3757 1271 οὐκέτι

2170 1323 2419 1376 ἐνιαυτὸν
2473 1320 2662 1374 τοῦτον
2696 1316 2950 1386 οὐδαμῶς
3001 1312 3243 1383 ἐκλείψει
3277 1330 3291 1343 ’
3329 1312 3473 1365 κατὰ
3497 1310 3675 1370 πόδας
3703 1308 3758 1360 δὲ

2100 1424 2107 1433 ‘
2170 1416 2265 1471 καὶ
2292 1414 2355 1467 τὸ
2382 1414 2542 1484 ἔργον
2573 1409 2932 1482 ἐπηκολούθει
2954 1422 2969 1437 ⁸
3015 1408 3078 1461 οὐ
3110 1409 3219 1476 γὰρ
3244 1406 3406 1473 μόνον
3442 1402 3505 1466 ἐξ
3538 1401 3761 1454 ἐκείνου

2170 1508 2372 1569 πάντες
2400 1505 2609 1559 ἐκεῖθεν
2640 1504 2690 1555 οἱ
2720 1503 2818 1572 τῆς
2851 1501 3017 1571 μονῆς
3068 1497 3205 1568 πρός
3230 1515 3289 1550 τε
3323 1497 3425 1567 τὴν
3462 1492 3559 1546 τοῦ
3593 1494 3765 1561 ἀρτο-

2170 1597 2398 1659 ποιείου,
2426 1592 2627 1648 καὶτοῦ
2650 1593 2990 1663 μαγειρείου,
3011 1589 3224 1652 καὶτὰς
3244 1588 3438 1650 λοιπὰς
3470 1582 3766 1654 ὑδρεύοντο

2170 1689 2381 1759 χρείας,
2418 1687 2553 1741 ἀλλὰ
2586 1686 2682 1739 καὶ
2720 1688 2841 1749 ταῖς
2870 1684 3184 1753 οἰκοδομαῖς
3235 1683 3440 1741 ἐκεῖνος
3478 1680 3509 1730 ό
3550 1678 3763 1737 λάκκος

2174 1782 2426 1851 ἐχορήγει
2453 1781 2517 1833 τὸ
2547 1779 2725 1851 ὕδωρο
2762 1778 2832 1830 τά
2862 1794 2921 1830 τε
2954 1775 3105 1847 παρὰ
3130 1775 3226 1827 τὸν
3259 1774 3448 1840 Ἀγιον
3480 1770 3767 1839 ἐρχόμενα

501 1841 620 1853 .......
650 1841 869 1853 “nam.
896 1841 951 1853 ν.
1188 1841 1336 1851 ...ην
1373 1841 1684 1866 ....,ν.ν.ν---,
1715 1841 1911 1862 ηπ--
1968 1841 2062 1861 Γ-

490 1908 719 1947 munere
753 1893 975 1945 domum
1016 1891 1402 1954 conferentes;
1445 1903 1548 1942 nec
1601 1895 1785 1941 tamen
1830 1898 2069 1954 unquam

2184 1841 2363 1943 πέλῆθῆ
2400 1873 2499 1943 οὐχ
2544 1841 2693 1932 ὅπως
2733 1871 2792 1938 ἐξ
2827 1866 2992 1923 αὐτοῦ
3031 1841 3233 1930 πάντες
3268 1866 3470 1928 επινον,
3496 1861 3645 1917 ἀλλά
3675 1860 3770 1912 και

493 1985 590 2040 illo
619 1999 768 2038 anno
805 1983 1048 2039 cisterna
1094 1981 1199 2035 fuit
1243 1980 1528 2035 exhausta.

567 2238 687 2293 100.
722 2237 957 2307 Vigilius
989 2236 1235 2307 quidam.
1266 2235 1505 2291 famulus
1557 2236 1897 2293 domesticus
1941 2238 2073 2293 olim

494 2330 823 2400 patriarcha:
854 2330 1111 2399 Epliraim
1145 2330 1321 2383 felicis
1350 2329 1649 2393 memoria,
1695 2338 1810 2383 toto
1843 2346 2075 2400 corpore

496 2423 847 2493 paralyticus,
901 2424 1127 2475 tertium
1166 2422 1274 2491 jam
1324 2438 1529 2474 annum
1580 2422 1646 2474 ad
1694 2437 1876 2476 sacras
1932 2422 2077 2477 aedes

488 2514 761 2583 iacuerat,
804 2512 1147 2581 medicisque
1208 2527 1268 2565 se
1318 2512 1620 2566 curandum
1676 2514 2075 2567 commiserat:

496 2621 734 2674 quorum
764 2614 882 2658 arte
907 2604 1044 2657 nihil
1074 2613 1407 2658 consecutus
1434 2604 1536 2657 nisi
1564 2604 1709 2672 quod
1735 2604 2079 2659 manifestius

492 2697 605 2769 jam
626 2698 1025 2751 conclamatum
1049 2706 1194 2751 esset
1223 2696 1291 2749 de
1322 2697 1468 2761 vita;
1497 2706 1705 2750 tantum
1745 2698 1822 2751 uti
1852 2706 2080 2751 truncus

495 2790 791 2853 exanimis,
838 2798 932 2842 aut
961 2790 1147 2857 potius
1196 2789 1411 2858 spirans
1438 2790 1691 2852 cadaver,
1721 2789 1785 2841 ad
1828 2798 2078 2843 sanctum

500 2881 815 2935 advehitur.
861 2881 1072 2935 Jacitur
1119 2880 1489 2935 miserandum
1535 2882 1909 2950 spectaculum
1954 2889 2080 2935 ante

500 2972 696 3028 faciem
741 2973 845 3026 viri
895 2973 1141 3043 benigni,
1186 2974 1417 3027 multum
1450 2974 1673 3027 trahens
1704 2988 1891 3027 secum
1922 2973 2084 3025 mise—

502 3064 750 3129 rationis;
788 3081 951 3133 quam
985 3075 1041 3119 et
1068 3066 1335 3134 impertiri
1359 3068 1600 3135 paratior
1630 3066 1722 3120 hic
1741 3075 1884 3128 erat,
1917 3082 2081 3133 quam

502 3155 594 3209 ille
643 3156 739 3224 qui
779 3157 997 3225 petebat
1042 3158 1311 3227 accipere.
1369 3159 1459 3213 Ait
1510 3158 1680 3226 igitur
1722 3159 1825 3213 :Si
1876 3160 2080 3222 credis,

504 3249 669 3303 tidem
700 3258 872 3313 tuam,
909 3266 1077 3318 quam
1125 3251 1193 3305 de
1240 3252 1378 3305 Filio
1423 3252 1517 3305 Dei
1548 3252 1739 3317 babes,
1777 3269 1937 3322 posse
1984 3252 2083 3307 tibi

506 3340 791 3395 mediante
817 3357 903 3396 me
935 3343 1228 3397 restituere
1256 3344 1518 3407 salutem;
1552 3360 1711 3416 surge
1742 3354 1801 3398 ut
1830 3355 2007 3415 potes,
2030 3355 2088 3400 et

501 3428 751 3484 ambula.
806 3430 903 3484 Ille
955 3447 1079 3484 mox
1124 3447 1288 3501 quam
1335 3442 1551 3502 poterat
1601 3435 1906 3489 clarissima
1953 3451 2087 3490 voce

505 3522 823 3577 exclamans
862 3540 875 3576 :
907 3523 1108 3588 Credo,
1136 3525 1386 3589 Domine,
1418 3541 1575 3595 posse
1611 3536 1661 3581 te
1676 3542 1794 3595 ‘per
1822 3526 2086 3581 famulum

508 3624 667 3687 tuum
692 3614 897 3668 omnia.
930 3613 974 3668 0
998 3616 1369 3671 visitationem
1396 3617 1673 3672 divinam!
1704 3634 1737 3671 o
1769 3618 1933 3672 breve
1962 3635 2087 3673 ver-

510 3706 643 3760 bum
699 3723 908 3779 magnze
937 3708 1082 3778 apud
1132 3710 1301 3765 Deum
1346 3711 1643 3779 potentiae!
1679 3712 2087 3775 Exsiliitillico,

510 3800 836 3870 redditaque
901 3802 1088 3857 debita
1134 3813 1323 3857 sancto
1372 3805 1758 3868 veneratione,
1822 3820 1853 3858 e
1905 3814 2089 3859 monte

507 3892 877 3956 descendens,
915 3895 980 3948 ad
1020 3896 1279 3949 balneum
1330 3896 1477 3964 quod
1511 3897 1832 3951 Tiberinum
1860 3896 2088 3961 dicitur,

508 3996 677 4037 cursu
707 3984 1024 4048 contendit;
1065 3993 1176 4038 tum
1220 3986 1366 4054 quod
1402 3986 1661 4055 gaudium
1690 4001 1851 4040 suum
1893 4002 2090 4055 capere

508 4075 697 4129 animo
721 4091 829 4130 non
855 4086 1057 4145 posset,
1090 4093 1192 4131 nec
1219 4093 1277 4131 se
1309 4094 1418 4147 pra:
1441 4078 1736 4147 voluptatis
1756 4078 2089 4132 abundantia

510 4166 818 4231 continere,
862 4177 975 4221 tum
1019 4168 1165 4237 quod
1197 4169 1481 4223 festinaret
1520 4170 1721 4238 prioris
1758 4170 2092 4225 infirmitatis

513 4258 777 4328 reliquias
828 4259 1073 4313 abluere.
1127 4261 1192 4315 Et
1261 4261 1562 4314 descensus
1612 4262 1701 4315 ille
1752 4263 1974 4330 quidem
2023 4263 2092 4318 de

514 4362 699 4406 monte
754 4351 1059 4405 stadiorum
1108 4351 1331 4405 circiter
1382 4352 1568 4421 viginti
1640 4354 1875 4407 duorum
1937 4363 2091 4421 erat;

510 4459 676 4513 quem
724 4443 972 4499 decurrit
1019 4444 1262 4497 extensis
1310 4443 1379 4497 ad
1430 4445 1599 4497 Deum
1648 4446 1943 4511 manibus;
1996 4462 2092 4501 ore

2172 1965 2372 2032 ἀγγεῖα
2402 1962 2624 2017 ποικίλα
2650 1962 2745 2015 καὶ
2773 1960 2976 2024 ἀσκοὺς
2996 1959 3148 2021 ὅλους
3181 1956 3474 2026 ἐπλήρουν,
3504 1952 3769 2020 εὐλογίαν

2173 2057 2356 2109 οἴκαδε
2400 2054 2777 2124 κομιζόμενοι,
2826 2052 2921 2107 καὶ
2962 2051 3024 2105 τὸ
3067 2049 3212 2120 ὕδωρ
3243 2046 3452 2102 ἐκείνου
3479 2046 3574 2099 τοῦ
3598 2044 3770 2106 (tuo;

2174 2149 2428 2219 οὐδαμῶς
2458 2147 2732 2201 ὐπεδίδου.

2246 2246 2313 2309 ρ’.
2349 2237 2619 2306 Βιγίλλιός
2638 2254 2722 2300 τις
2751 2234 2943 2319 ὄνομα,
2979 2234 3197 2303 οἰκέτης
3232 2231 3291 2285 δὲ
3319 2223 3473 2293 οὗτος
3511 2227 3772 2298 Ἐφραῖμ

2173 2332 2268 2385 τού
2318 2331 2624 2401 μακαρίτου
2674 2328 3046 2399 Πατριάρχου,
3077 2325 3337 2397 παρεθεὶς
3368 2325 3474 2394 ὅλῳ
3512 2322 3768 2393 σώματι.

2176 2426 2270 2477 καὶ⁸
2303 2424 2486 2495 τρίτον
2519 2422 2647 2492 ἐξῆς
2692 2422 2812 2483 ἔτος
2859 2421 3027 2491 ἱεροῖς
3073 2416 3641 2489 προσανακλινόμενος
3694 2414 3769 2466 οίο

2177 2533 2316 2581 κοις,
2350 2515 2549 2585 ἰατρῶν
2571 2532 2630 2567 τε
2658 2514 2847 2584 χερσὶν
2872 2512 3064 2566 ἐαυτὸν
3091 2511 3354 2575 ἐκδιδοὺς,
3383 2509 3458 2571 ὡς
3479 2508 3631 2561 οὐδὲν
3662 2506 3767 2573 τῆς

2177 2608 2372 2679 τέχνης
2401 2608 2574 2660 ὤνατο
2606 2607 2790 2670 πλέον,
2820 2607 2902 2661 ὃτι
2954 2605 3029 2675 μὴ
3070 2604 3217 2673 σαφῆ
3242 2603 3344 2673 τῆς
3373 2602 3515 2671 ζωῆς
3543 2600 3770 2667 ἀπαγό-

2182 2718 2384 2767 ρευσιν,
2416 2695 2505 2754 οἷά
2528 2718 2579 2753 τι
2610 2700 2717 2753 τῶν
2742 2699 2966 2769 ἀψύχων
2992 2699 3025 2768 ἢ
3058 2698 3250 2767 νεκρὸς
3284 2696 3481 2767 μᾶλλον
3513 2694 3769 2764 ἔμψυχος

2179 2791 2240 2843 τὸ
2275 2792 2614 2854 καινότατον,
2649 2791 2935 2857 κομίζεται
2981 2790 3061 2860 τῷ
3099 2791 3283 2858 Ἀγίῳ.
3331 2789 3609 2842 Ῥίπτεται
3644 2804 3769 2841 τοι·

2180 2883 2384 2953 γαροῦν
2406 2866 2569 2937 ἀθλία
2605 2883 2711 2953 πρὸ
2740 2883 2848 2936 τῶν
2883 2883 3097 2936 ἐκείνου
3131 2881 3527 2952 φιλανθρώπων
3553 2880 3767 2949 ὀφθαλο

2186 2976 2302 3045 μῶν
2322 2975 2466 3045 ὄψις,
2500 2975 2667 3027 πολὺν
2693 2975 2869 3028 ἕλκων
2897 2975 2988 3028 τὸν
3018 2974 3188 3037 ἔλεον,
3214 2974 3274 3027 ὃν
3296 2976 3323 3027 ὁ
3344 2972 3435 3025 τοῦ
3461 2971 3770 3041 λαμϐάνειν

2183 3068 2460 3131 αἰτοῦντος
2484 3068 2680 3120 διδόναι
2721 3067 2920 3135 μᾶλλον
2951 3070 3160 3129 ἐκεῖνος
3192 3065 3269 3118 ὢν
3304 3065 3670 3135 ἑτοιμότερος.
3704 3063 3769 3115 Εἰ

2111 3188 2154 3247 C
2191 3157 2483 3221 πιστεύεις,
2525 3157 2651 3227 ἔφη,
2694 3157 2955 3210 δύνασθαι
3000 3158 3098 3227 τὴν
3129 3157 3186 3210 ἐν
3226 3173 3308 3209 σοι
3337 3156 3519 3209 πίστιν
3550 3156 3632 3217 είς
3670 3154 3769 3207 τὸν

2190 3250 2316 3303 Υίὸν
2342 3248 2434 3302 τοῦ
2462 3249 2595 3301 Θεοῦ
2629 3249 2696 3301 δι’
2727 3247 2864 3319 ἐμοῦ
2901 3250 3125 3319 μεσίτου
3163 3247 3415 3301 ἰάσασθαί
3444 3263 3525 3319 σε,
3550 3246 3766 3315 ἐγειραι

2187 3344 2261 3405 ὡς
2287 3342 2431 3411 ἔχεις
2466 3342 2560 3394 καὶ
2587 3315 2914 3412 περιπατειί
2944 3341 3000 3394 ’0
3028 3342 3108 3405 δὲ,
3143 3340 3412 3404 Πιστεύω,
3444 3315 3644 3407 Κύριε,
3674 3338 3767 3392 δύο

2187 3430 2380 3484 νασθαί
2415 3448 2473 3483 σε
2504 3431 2592 3483 διὰ
2612 3430 2706 3483 τοῦ
2731 3428 2824 3483 σοῦ
2851 3429 3181 3500 θεράποντος
3216 3432 3415 3495 πάντα,
3439 3432 3668 3500 λαμπρᾷ
3690 3429 3765 3494 ὡς

2188 3518 2331 3591 εἶχεν
2365 3522 2525 3585 εὐθὺς
2560 3525 2628 3593 τῇ
2660 3525 2812 3592 φωνῇ
2843 3522 3069 3591 βοήσας,
3090 3521 3156 3589 (ὣ
3180 3521 3331 3584 θείας
3352 3521 3688 3591 ἐπισκοπῆςί
3717 3520 3761 3573 ὣ

2190 3616 2431 3685 ῥήματος
2456 3598 2638 3684 ρλίγου
2668 3615 2879 3685 μεγάλα
2905 3615 3056 3685 παρὰ
3077 3615 3194 3683 Θεῷ
3212 3614 3509 3683 δυναμένου
3533 3616 3578 3685 l)
3602 3614 3764 3683 ἧλατό

2189 3728 2248 3763 τε
2276 3709 2492 3773 αὐτίκα,
2538 3711 2633 3762 καὶ
2669 3709 2768 3780 τὴν
2798 3712 3186 3780 προσήκουσαν
3220 3708 3295 3778 τῷ
3338 3709 3505 3778 Ἀγίῳ
3533 3708 3763 3780 προσκύο

2190 3820 2344 3873 νησιν
2378 3801 2758 3867 ἀποδεδωκὼς,
2793 3802 2984 3872 κατῄει
3013 3802 3199 3872 δρόμῳ
3229 3801 3321 3854 τοῦ
3350 3802 3510 3871 ὅρους
3546 3803 3697 3871 παρά
3714 3818 3762 3854 τι

2193 3894 2494 3964 βαλανεῖον,
2522 3893 2800 3961 Τιϐερῖνον
2830 3892 3186 3963 καλούμενον,
3226 3893 3290 3945 τὸ
3324 3894 3422 3963 μὲν
3452 3895 3649 3962 χωρεῖν
3675 3893 3764 3961 οὐχ

2190 3980 2302 4047 οἷός
2330 4003 2399 4037 τε
2449 3986 2525 4037 ὣν
2563 3986 2623 4037 ἐν
2666 3984 2844 4053 ἐαυτῷ
2881 3985 2983 4055 τὴν
3027 3985 3199 4055 χαρὰν
3231 3986 3323 4037 καὶ
3356 3984 3475 4037 οὐδὲ
3505 3984 3761 4046 καθεκτὸς

2192 4076 2389 4130 ἐαυτοῦ
2420 4076 2506 4130 διὰ
2533 4075 2692 4130 τοῦτο
2714 4078 2996 4146 γινόμενος
3022 4093 3034 4106 ο
3062 4077 3123 4129 τὸ
3146 4077 3201 4128 δὲ
3229 4078 3323 4129 καὶ
3352 4078 3492 4129 αὐτὰ
3524 4077 3623 4147 τῆς
3647 4094 3764 4147 προ-

2192 4170 2356 4239 τέρας
2388 4168 2760 4231 κακοπαθείας
2790 4168 3205 4223 ἀποπλύνασθαι
3246 4172 3312 4222 τὰ
3341 4170 3575 4238 λείψανα
3603 4170 3761 4223 σπεύ-

2192 4262 2316 4314 δων.
2362 4261 2426 4313 Ἣ
2464 4261 2646 4332 μέντοι
2678 4260 2900 4323 κάθοδος
2926 4262 3109 4331 ἐκείνη
3135 4263 3283 4315 πᾶσα
3311 4262 3402 4316 τοῦ
3436 4263 3597 4331 ὄρους
3646 4264 3763 4332 περὶ

2196 4371 2296 4406 που
2325 4354 2416 4406 δύο
2445 4355 2537 4406 καὶ
2567 4354 2770 4407 εἴκοσιν
2817 4355 2952 4408 οὐσα
2984 4355 3250 4417 σταδίους.
3281 4359 3471 4425 χεῖρας
3500 4355 3646 4425 εἶχεν
3672 4358 3762 4408 αύ-

2196 4447 2287 4499 τὸν
2318 4444 2747 4515 ἁνατεταλμένον
2780 4446 2919 4516 Θεῷ,
2959 4447 3019 4499 τὸ
3051 4447 3226 4515 στόμα
3258 4465 3316 4500 τε
3352 4450 3531 4517 χαρᾶς
3572 4449 3763 4500 ὑποπεο

514 4535 724 4597 laetitia,
757 4544 812 4590 et
849 4535 1009 4589 labiis
1039 4536 1405 4591 exsultatione
1434 4537 1675 4605 repletis.
1709 4536 1881 4591 Lotus
1905 4545 2080 4590 autem

2197 4540 2527 4609 πλησμένον,
2568 4541 2664 4593 καὶ
2698 4541 2766 4593 τὰ
2795 4540 2947 4609 χείλη
3005 4540 3400 4607 ἀγαλλιάσεως.
3450 4542 3761 4609 Λυσὰμενος

512 4628 719 4683 cursim
740 4628 931 4683 eadem
966 4629 1032 4683 ad
1065 4636 1315 4682 sanctum
1349 4637 1625 4699 preperat,
1650 4629 1961 4698 smpiusque
1986 4629 2089 4684 ite-

516 4730 636 4775 rato
677 4721 945 4776 descensu
997 4732 1161 4791 atque
1192 4736 1423 4776 ascensu
1473 4721 1618 4776 idem
1663 4721 1895 4785 faetitat,
1925 4721 2091 4791 idque

517 4813 711 4869 eadem
737 4813 858 4878 die;
886 4823 946 4869 ut
972 4813 1129 4869 factis
1162 4813 1315 4883 ipsis,
1346 4814 1722 4869 confirmatam
1753 4814 1855 4869 sibi
1878 4814 2092 4868 valetu-

514 4906 701 4961 dinem
750 4922 902 4970 csse,
950 4908 1111 4963 fidem
1159 4907 1410 4962 faceret:
1456 4908 1675 4962 tandem
1708 4907 2090 4962 benedictione

514 5008 740 5066 accepta
792 5013 823 5050 a
852 5008 1064 5066 sancto,
1113 4998 1347 5053 tetendit
1396 4998 1450 5051 in
1502 4998 1720 5062 urbem,
1764 5005 2089 5052 cunctorum

516 5089 694 5143 oculis
736 5089 1062 5145 admirabile
1095 5089 1471 5160 spectaculum
1504 5088 1576 5143 ob
1606 5090 1949 5145 sanationem
1980 5104 2090 5142 non

518 5182 821 5252 opinatam.

2201 4633 2407 4702 μέντοι,
2458 4633 2552 4685 καὶ
2595 4633 2780 4704 δρόμῳ
2832 4633 2995 4685 πάλιν
3042 4632 3242 4701 ὁμοίως
3276 4634 3426 4702 παρὰ
3458 4634 3550 4684 τὸν
3587 4635 3761 4699 Ἀγιον

2197 4724 2791 4791 ἀνελθὼν,·πολλάκις
2850 4744 2909 4777 τε
2959 4726 3118 4778 τοῦτο
3174 4726 3401 4795 δράσας,
3443 4726 3657 4795 καθόδῳ
3710 4742 3760 4777 τε

2199 4818 2595 4889 παραπλησίως
2642 4819 2736 4871 καὶ
2780 4819 2953 4889 ἀνόδῳ
2999 4820 3365 4888 χρησάμενος,
3403 4819 3495 4870 καὶ
3537 4820 3634 4885 τῆς
3672 4818 3760 4869 αὐο

2197 4910 2297 4978 τῆς
2347 4909 2560 4979 ἡμέρας
2613 4908 2922 4978 ἀμφοτέρα,
2974 4908 3061 4959 ἵνα
3111 4908 3205 4959 καὶ
3250 4907 3345 4972 τὴν
3384 4906 3578 4972 ὑγείαν
3614 4904 3761 4961 αὐτὸς

2199 5001 2377 5065 ἐαυτῷ
2412 5000 2753 5071 πιστώσηται
2784 5001 2982 5071 μᾶλλον
3022 5002 3128 5053 ἀπὸ
3168 5000 3258 5052 τοῦ
3294 5000 3625 5068 πράγματος
3646 5017 3658 5027 ·
3687 5001 3762 5050 τέ-

2198 5091 2289 5155 λος
2334 5093 2647 5163 εὐλογηθεὶς
2693 5094 2787 5146 ὐπ’
2832 5094 3019 5160 αὐτοῦ,
3066 5094 3308 5146 κάτεισιν
3356 5095 3433 5156 εἰς
3474 5094 3577 5162 τὴν
3625 5095 3763 5145 πόλιν

2199 5183 2499 5253 ὀφθαλμοῖς
2563 5185 2697 5237 πᾶσι
2753 5185 2941 5255 θαῦμα
2999 5185 3075 5255 τῷ
3134 5182 3422 5255 παραδόξῳ
3464 5185 3562 5254 τῆς
3613 5184 3764 5254 θερα-

2201 5273 2382 5338 πείας.

1958 5401 2186 5459 CAPUT
2230 5404 2369 5461 Xlll.

1090 5518 1257 5573 Variw
1300 5525 1520 5572 ecstascs
1553 5526 1601 5571 ct
1648 5519 1918 5584 vaticinia,
1975 5536 2251 5590 precesque
2293 5538 2387 5591 pro
2429 5524 2724 5577 avertendis
2772 5524 3185 5581 calamitatibus.

597 5628 718 5683 l0l.
772 5629 829 5683 ln
884 5631 1079 5685 ecstasi
1140 5632 1435 5700 aliquando
1493 5632 1726 5702 Symeon
1783 5633 1919 5687 vidit
1972 5634 2093 5688 inﬁ-

524 5719 692 5773 nitam
741 5722 1007 5788 virorum,
1056 5724 1371 5789 mulierum,
1416 5740 1475 5779 ac
1512 5740 1811 5797 puerorum
1858 5727 2093 5791 turbam,

522 5825 591 5865 es
617 5810 837 5868 Oriente
871 5814 939 5868 ad
968 5832 1025 5871 se
1061 5816 1421 5884 venientium,
1454 5832 1689 5887 quorum
1722 5833 1915 5873 manus
1955 5835 2096 5888 pne-

2279 5642 2379 5706 pa’.
2426 5636 2691 5708 Ἐωράκει
2724 5642 2853 5694 ποτε
2878 5643 2905 5692 ό
2932 5643 3155 5713 Συμεὼν
3185 5643 3242 5696 ἐν
3268 5643 3545 5705 ἐκστάσει,
3572 5640 3769 5711 ἀνδρῶν

2206 5729 2298 5780 καὶ
2328 5730 2621 5796 γυναικῶν,
2640 5731 2734 5784 καὶ
2767 5734 2970 5787 παίδων
3007 5735 3229 5805 πλῆθος,
3264 5735 3513 5805 μυρίους,
3550 5736 3772 5805 ἥκοντας

2205 5821 2281 5884 εἰς
2310 5820 2471 5875 αὐτὸν
2496 5822 2559 5876 ἐκ
2596 5824 2693 5893 τῆς
2726 5823 2861 5899 Ἕω,
2885 5826 2978 5879 καὶ
2999 5829 3221 5899 σταυροὶ
3246 5828 3343 5900 μὲν
3367 5828 3552 5893 αὐτοῖς
3581 5829 3639 5882 ἐν
3663 5843 3767 5897 χει-
