3988 6518
174 422 304 491 3081

1152 424 1326 485 VITA
1368 415 1415 482 Λ
1449 421 1883 483 NICEPIIORO
1921 421 2403 485 CONSCRIPTA.

3272 416 3413 480 3083

178 538 307 608 ροῖν,
343 532 503 603 ὕμνοι
536 533 591 586 δὲ
619 533 753 586 θεῖοι
783 530 871 585 διὰ
894 530 1161 601 στόματος
1190 528 1349 603 ἦσαν,
1381 532 1443 585 τό
1478 549 1539 587 τε
1587 533 1743 601 ἅγιον

1857 532 2099 587 lerebant
2125 547 2338 598 cruces,
2364 546 2461 586 ora
2496 544 2680 585 sacros
2711 529 2943 601 hymnos
2983 526 3327 599 promebam,
3356 533 3415 584 et

177 626 398 695 Πνεῦμα
429 624 748 688 ὲπισκιάζον
788 621 994 677 ἄνωθεν
1033 624 1119 675 ἐπ’
1150 624 1368 685 αὐτοὺς,
1400 621 1497 677 καὶ
1518 622 1744 685 τούτοις

174 714 260 783 οἶα
316 716 829 789 συμπορευόμενον’
883 715 958 777 ὡς
1003 714 1060 768 δὲ
1098 714 1199 784 ήδη
1236 712 1604 783 προσάγοντες
1650 714 1744 767 τοῦ

178 809 490 881 θαυμαστοῦ
518 809 678 879 ὄρους
703 808 1003 862 ὲπιῦαίνειν
1028 806 1267 868 ἐδόκουν,
1297 801 1488 871 Οἶσθα,
1520 808 1654 876 φησὶ
1685 807 1747 858 τὸ

177 902 398 972 Πνεῦμα
425 900 503 972 τῷ
534 899 776 970 Συμεὼν,
802 900 946 965 τίνες
987 892 1154 965 οῦτοι,
1202 900 1295 952 καὶ
1327 898 1449 952 ὅθεν
1494 898 1643 969 παρὰ
1686 896 1747 951 σὲ

176 991 497 1061 ἀφιγμένοι;
539 988 646 1043 Τοῦ
684 989 763 1052 δὲ,
790 991 1004 1059 ἀγνοεῖν
1032 990 1300 1052 είπόντος,
1328 989 1397 1043 τὰ
1434 988 1658 1058 Ἰϐήρων
1686 987 1747 1054 ἐξ

190 1081 489 1136 Ἀνατολῶν
520 1080 672 1150 ἔθνη,
704 1080 827 1151 ἔφη,
869 1081 918 1134 οἱ
956 1083 1231 1152 ἀγαπητοί
1271 1099 1331 1136 σε
1362 1082 1451 1135 διὰ
1477 1079 1539 1133 τὸ
1574 1079 1747 1149 ὄνομά

183 1192 307 1243 μου,
330 1176 425 1229 καὶ
457 1176 597 1229 κατὰ
630 1176 818 1245 καιρὸν
846 1173 1130 1245 ἀφίξονται
1158 1174 1308 1245 παρὰ
1335 1175 1419 1238 σὲ,
1447 1175 1548 1244 τῆς
1575 1192 1634 1228 τε
1663 1176 1746 1229 δε·-

178 1268 410 1339 δομένης
435 1284 519 1320 σοι
541 1268 761 1339 χάριτος
788 1266 897 1319 τῶν
926 1268 1171 1336 ἰαμάτων
1200 1268 1347 1338 ἔργῳ
1372 1267 1743 1337 πειράσονται,

179 1362 273 1414 καὶ
303 1359 423 1414 καθ’
444 1360 575 1430 ὅλης
625 1360 756 1431 περ)⁸
786 1358 881 1412 σοῦ
920 1361 1018 1430 τῆς
1041 1360 1251 1413 ἑαυτῶν
1289 1358 1585 1431 κηρύξουσι
1624 1359 1746 1429 γῆς.

181 1451 419 1515 πιστοὺς
435 1453 493 1505 ὲν
517 1450 655 1523 αὑτῇ
686 1450 893 1515 πάντας
920 1451 1325 1522 οἰκοδομοῦντες
1347 1466 1362 1482 ο
1384 1451 1667 1519 οἰκήσουσι
1693 1450 1751 1503 δέ

179 1560 327 1606 τινες
355 1544 535 1597 αὐτῶν
560 1546 663 1598 κάν
693 1542 865 1615 ταύτῃ
894 1560 987 1597 σου
1010 1545 1076 1613 τῇ
1108 1544 1426 1614 καταγωγῇ,
1460 1540 1752 1613 εῦχρηστοί

179 1648 238 1687 τε
269 1633 367 1686 καὶ
395 1632 559 1700 δεξιοὶ
600 1634 943 1703 γενήσονται.
990 1632 1071 1686 Τὰ
1106 1633 1204 1702 μὲν
1226 1628 1320 1687 οὖν
1349 1633 1451 1702 τῆς
1493 1628 1627 1685 τότε
1648 1649 1751 1700 φα-

180 1726 367 1797 νείσης
398 1726 476 1797 τῷ
506 1725 727 1797 Συμεὼν
751 1725 928 1795 θψεως
955 1724 1150 1789 ταῦτα,
1181 1724 1325 1795 ἆπερ
1356 1724 1565 1789 ὀλίγαις
1592 1723 1751 1776 ὕστε-

181 1833 276 1888 ρον
333 1817 587 1887 ἡμέραις,
633 1816 728 1870 καὶ
765 1816 995 1870 ἐπὶτῶν
1028 1815 1209 1887 ἔργων
1238 1815 1512 1870 τεθέαται.
1548 1810 1754 1870 Ἦλθον

1847 627 2024 695 capita
2047 640 2283 695 superne
2303 631 2524 679 sanctus
2556 622 2799 693 Spiritus
2818 621 3157 677 obumbrans
3185 635 3414 690 progre-

1847 721 2062 775 dientes
2077 718 2469 774 comitabatur:
2489 731 2723 787 cumque
2744 715 2971 786 propius
2994 714 3119 769 facti
3144 728 3416 769 conscen3

1848 815 1980 870 dere
2029 812 2334 868 mirabilem
2398 820 2637 866 montem
2728 810 3049 865 viderentur
3093 827 3108 863 :
3148 807 3414 870 Nostine;

1849 906 2035 976 inquit
2064 894 2321 976 Symeoni
2355 902 2614 974 Spiritus,
2645 902 2871 971 quinam
2926 902 2983 954 ni
3029 900 3141 955 sint
3167 908 3224 955 et
3266 900 3414 955 unde

1850 998 1918 1054 ad
1940 999 2031 1053 te?
2058 998 2154 1052 Illo
2178 1004 2448 1066 negante:
2478 995 2792 1057 Iberorum,
2820 993 2898 1048 ait
2926 992 3064 1064 (24),
3096 994 3153 1047 ἱη
3192 991 3416 1047 Oriente

1853 1100 1986 1162 gens
2004 1098 2089 1146 est
2116 1096 2365 1144 amatura
2388 1096 2441 1143 te
2464 1096 2690 1157 prOpter
2712 1096 2915 1141 nomen
2941 1098 3148 1151 meum,
3187 1090 3419 1139 ventura

1853 1182 2147 1251 aliquando
2171 1179 2237 1235 ad
2281 1188 2353 1243 te,
2381 1188 2673 1249 eXpertura
2724 1193 2782 1233 re
2839 1177 2956 1248 ipsa
3000 1174 3233 1247 gratiam
3257 1188 3419 1229 sanas

1854 1273 2065 1327 tionum
2095 1270 2195 1326 tibi
2226 1271 2428 1332 datam,
2461 1277 2518 1324 et
2556 1268 2917 1339 praedicatum
2940 1280 3040 1336 per
3094 1263 3414 1317 universam

1853 1365 2132 1435 regionem
2161 1377 2315 1419 suam
2345 1369 2499 1431 gesta
2526 1368 2641 1420 tua,
2687 1369 2917 1415 cunctos
2972 1346 3181 1410 ibidem
3232 1352 3424 1408 ﬁdeles

1853 1459 1997 1514 belle
2028 1456 2340 1513 aadilicans:
2367 1454 2620 1511 nonnulli
2647 1462 2867 1523 quoque
2884 1450 2972 1505 his
3004 1448 3143 1519 ipsis
3194 1445 3425 1503 sedibus

1854 1550 2189 1615 habitantes,
2223 1550 2392 1604 rebus
2413 1548 2523 1603 tuis
2550 1545 2820 1616 perutiles
2835 1552 3000 1614 atque
3025 1541 3210 1597 idonei
3234 1545 3421 1594 erunt.

1856 1642 2008 1697 Talia
2067 1651 2182 1697 tum
2206 1640 2509 1695 'in-ecstasi
2569 1640 2829 1709 Symeon,
2887 1650 3009 1706 quae
3061 1632 3255 1703 paucis
3298 1630 3425 1700 post

1856 1733 2054 1789 diebus
2073 1735 2129 1788 in
2150 1732 2352 1789 elfectu
2369 1730 2679 1801 conspexit.
2693 1730 2976 1785 Venerunt
3008 1725 3211 1795 quippe
3235 1722 3424 1778 Ibero-

1860 1840 1979 1880 rum
1998 1824 2246 1896 plurimi,
2273 1823 2417 1878 fama
2447 1820 2840 1876 miraculorum
2871 1818 2993 1888 ejus
3013 1815 3199 1877 exciti,
3228 1825 3426 1867 cruces

178 1910 292 1979 γὰρ
324 1909 549 1980 Ἰϐήρων
581 1909 764 1981 πλήθη
803 1911 943 1964 κατὰ
972 1911 1159 1980 φήμην
1199 1909 1308 1962 τῶν
1345 1909 1509 1963 αὐτοῦ
1540 1909 1751 1979 θαυμα-

1858 1918 2118 1972 manibus
2147 1924 2447 1988 gestantes,
2478 1926 2781 1984 precesque
2802 1910 2880 1965 illi
2901 1923 3048 1969 suas,
3068 1906 3178 1960 imo
3200 1912 3252 1959 el
3278 1917 3425 1957 mor-

181 2001 337 2065 σίων,
362 1999 627 2071 σταυρούς
650 2018 712 2053 τε
730 1999 816 2053 διὰ
833 2002 1012 2071 χειρὸς
1039 2000 1270 2070 ἔχοντες,
1293 2003 1386 2054 καὶ
1402 2000 1550 2068 λιτὰς
1577 2003 1767 2074 dum};

177 2093 240 2145 οὐ
279 2091 409 2163 μὴν,
436 2092 573 2146 ἀλλὰ
601 2091 696 2145 καὶ
718 2092 898 2164 πλήθη
931 2091 1230 2145 νοσούντων
1259 2092 1353 2145 καὶ
1372 2093 1751 2163 δαιμονῶντων

181 2184 552 2255 προσάγοντες
574 2200 589 2215 ⁸
616 2182 664 2237 οἳ
687 2184 942 2252 τοιαύτης
972 2182 1161 2254 ἔτυχον
1191 2185 1322 2254 παρ’
1354 2183 1520 2238 αὐτοῦ
1544 2185 1640 2239 καὶ
1658 2186 1750 2239 οῦν

176 2288 255 2324 τω
280 2270 583 2341 παραδόξου
619 2271 717 2339 τῆς
745 2271 1063 2342 θεραπείας,
1096 2271 1172 2335 ὡς
1200 2273 1297 2326 καὶ
1322 2273 1552 2339 πολλοὺς
1572 2275 1752 2329 αὐτῶν

176 2361 406 2425 ἁλόντας
444 2365 555 2425 τοῖς
604 2362 812 2417 ἐκείνου
854 2362 1095 2433 θαύμασι
1135 2364 1232 2427 τὰς
1282 2366 1480 2435 ψυχὰς,
1531 2370 1751 2439 αἰτῆσαι

176 2456 277 2525 τὴν
341 2453 470 2525 παρ’
514 2452 664 2526 αύτῷ
718 2454 1056 2527 κατοίκησιν,
1120 2456 1215 2509 καὶ
1266 2456 1528 2522 λαϐόντας
1572 2465 1753 2530 μεῖναι

179 2548 337 2620 παρὰ
394 2550 460 2617 τῇ
514 2550 645 2619 μονῇ
687 2548 781 2601 τοῦ
822 2549 1009 2601 λοιποῦ
1050 2549 1321 2621 μοναδικῷ
1354 2551 1752 2621 διαπρέποντας

178 2639 307 2711 βίῳ.

250 2732 364 2802 ρβ’.
406 2729 665 2786 Ἐνταῦθα
709 2731 805 2786 τοῦ
868 2732 1024 2802 λόγου
1082 2736 1392 2805 γενόμενος,
1423 2738 1553 2809 ποίᾳ
1610 2736 1750 2809 πρὸς

176 2822 274 2876 τοῦ
315 2823 440 2894 ἑξῆς
476 2823 767 2895 χρήσομαι
797 2822 1051 2896 γλώττῃ;
1089 2826 1209 2878 τίνα
1246 2826 1302 2879 δὲ
1334 2827 1429 2879 καὶ
1483 2826 1642 2895 λόγον
1674 2829 1754 2890 εἰς

177 2912 443 2985 ἐξήγησιν
491 2914 635 2986 εῦρω
668 2932 683 2982 ;
721 2915 933 2986 φρίττει
965 2916 1074 2986 γὰρ
1103 2918 1206 2987 ἥδη
1241 2936 1332 2988 μοι
1362 2919 1456 2972 καὶ
1485 2921 1622 2990 πρὸς
1649 2919 1748 2990 τὴν

180 3008 408 3076 μνήμην
433 3007 462 3059 ό
497 3007 642 3071 νοῦς,
675 3009 823 3079 καὶή
856 3008 978 3078 χεὶρ
1033 3008 1139 3061 ὑπὸ
1174 3010 1328 3073 δέους
1382 3011 1751 3074 συστέλλεται,

176 3097 447 3161 τοιούτοις
471 3099 761 3166 ὑπηρετεῖν
790 3100 851 3152 οὑ
878 3100 1137 3172 τολμῶσα
1184 3101 1436 3172 φοϐεροῖς
1480 3102 1754 3173 διηγήμα-

183 3185 447 3243 arm-E165
476 3189 584 3256 γὸρ
616 3192 733 3243 κατ’
762 3193 971 3245 ἐκεῖνον
1012 3192 1101 3246 τὸν
1152 3193 1344 3261 καιρὸν
1377 3195 1405 3246 ό
1443 3193 1667 3263 Συμεὼν
1697 3196 1754 3247 ὲν

182 3282 379 3335 ἑαυτὸν
402 3285 469 3354 τῇ
500 3282 722 3354 δυναμει
749 3287 844 3339 τοῦ
880 3285 1215 3356 Πνεύματος,
1242 3286 1303 3339 τό
1327 3304 1384 3340 τε
1414 3287 1554 3341 θεῖον
1579 3288 1758 3355 Εὐαγ-

183 3371 371 3441 γὲλιον
400 3373 491 3427 ἐπὶ
521 3374 615 3425 τοῦ
651 3373 881 3444 στήθους
917 3376 1152 3447 φέροντα
1175 3415 1191 3441 ,
1239 3375 1301 3429 ἔκ
1331 3393 1389 3429 τε
1416 3375 1593 3447 Τύρου
1624 3379 1758 3447 πρὸς

193 3462 551 3534 Ἱεροσόλυμα
612 3466 710 3516 καὶ
770 3466 868 3534 τὴν
935 3465 1141 3536 ἔρημον
1190 3466 1424 3537 ἐκείνην,
1458 3470 1527 3521 τά
1552 3485 1611 3520 τε
1639 3469 1758 3521 κατ’

179 3552 350 3606 αὐτὸν
377 3554 712 3624 ἁσκητήρια,
741 3556 832 3607 καὶ
856 3557 977 3609 ὅσον
1010 3555 1105 3609 τοῦ
1142 3557 1517 3629 μεσημϐρινοῦ
1555 3559 1754 3628 κλίμα-

179 3644 274 3707 τός
327 3646 464 3708 ἐστι,
512 3645 763 3715 καθάπερ
811 3648 903 3700 ἐπὶ
932 3648 1143 3721 φυλακῇ
1174 3649 1477 3714 σπουδαίως
1518 3651 1761 3721 περιιόν-

181 3668 273 3707 ws
327 3668 464 3708 εστι,
512 3668 763 3715 καυαπερ
811 3668 903 3700 επι
932 3668 1143 3721 φυλακῃ
1174 3668 1477 3714 σπουοαιως
1568 3668 1757 3720 εριιον-

181 3751 273 3802 τα,
303 3735 513 3790 ἐκεῖθέν
552 3754 611 3789 τε
644 3738 787 3790 κατά
838 3739 1160 3793 Λαοδίκειαν
1212 3743 1307 3795 καὶ
1347 3742 1448 3812 τὴν
1485 3668 1757 3812 ’ἐξηύχου

180 3828 499 3898 γενόμενον,
533 3829 620 3901 ἴση
653 3847 712 3883 τε
745 3831 986 3900 καὶπερὶ
1040 3834 1179 3887 αὐτὰ
1214 3834 1430 3906 φυλακῇ
1482 3835 1759 3905 κεχρημέ-

183 3938 298 3976 νον’
319 3920 437 3976 εἶτα
452 3922 546 3977 καὶ
562 3923 746 3993 στίφος
762 3925 1006 3991 ἀγγέλων
1022 3926 1171 3998 αύτῷ
1189 3928 1625 3998 ὑπαντήσαντας,
1640 3931 1753 3992 καὶ,

181 4011 249 4066 Τί
277 4013 361 4067 ὅτι
391 4028 474 4067 σοι
495 4011 729 4067 τοσαῦτα
758 4014 942 4084 μέλλει
970 4017 1099 4087 περὶ
1131 4017 1633 4085 αὐτῶν;είπόντας.
1663 4018 1757 4082 Τίς

193 4102 560 4175 Ἀντιοχεῦσιν
580 4106 693 4177 ὲρεῖ
711 4106 903 4172 ταῦτα,
921 4101 995 4163 ὧν
1020 4109 1209 4183 ἐνίοιςι
1220 4111 1259 4181 f.
1274 4109 1466 4183 ἁνίοις]
1486 4111 1606 4165 οὐδὲ
1623 4129 1757 4182 χρη-

181 4196 289 4250 στὰ
306 4197 637 4269 ὑπείληπται
668 4201 796 4270 περὶ
814 4203 938 4267 σοῦ;
968 4200 1141 4274 Ὅπερ
1166 4204 1264 4273 οὐχ
1287 4204 1360 4267 ὼς
1376 4206 1615 4268 ἐκείνους
1643 4205 1758 4258 δια-

178 4289 473 4354 ϐάλλοντες
502 4285 656 4344 εἶπον
685 4293 985 4364 (ἀλλότριον
1018 4295 1127 4366 γὰρ
1157 4298 1334 4366 πάντη
1367 4296 1583 4365 φύσεως
1605 4296 1756 4360 θείας

176 4380 425 4452 διαϐολὴ)
455 4381 569 4434 ἀλλ’
597 4381 737 4436 ὥστε
788 4384 923 4455 μηδὲ
979 4387 1152 4440 ταῦτα
1205 4388 1356 4458 παρὰ
1393 4389 1489 4460 τῆς
1536 4388 1756 4459 χάριτος

177 4473 259 4541 τῷ
276 4471 501 4542 Συμεὼν
513 4473 827 4545 ἠγνοῆσθαι.
848 4477 1035 4531 Ταῦτα
1060 4479 1151 4531 τὸν
1174 4479 1273 4547 μὲν
1306 4478 1501 4545 ἰδόντα,
1527 4480 1754 4550 Μεγάλη

1860 2010 2019 2065 bidos
2044 2017 2208 2079 atque
2232 2007 2595 2063 daemoniacos
2615 2018 2809 2075 magno
2829 2015 3060 2056 numero
3088 1996 3386 2053 offerentes
3412 2010 3426 2046 :

1859 2112 1916 2158 et
1944 2103 2002 2157 hi
2038 2102 2260 2172 quidem
2296 2108 2497 2172 praeter
2517 2113 2669 2169 spem
2692 2110 2911 2152 omnem
2951 2102 3060 2148 tam
3098 2088 3428 2157 mirabiliter

1862 2195 2039 2249 curati
2070 2201 2221 2259 sunl,
2245 2202 2305 2249 ut
2336 2192 2492 2248 multi
2530 2191 2609 2246 rei
2648 2186 2922 2244 miraculo
2957 2183 3126 2255 capti,
3174 2178 3428 2237 habitare

1860 2288 2007 2359 apud
2023 2297 2271 2344 sanctum
2293 2285 2556 2358 petierint
2578 2301 2594 2351 ;
2617 2280 2996 2351 exauditique,
3010 2277 3069 2331 in
3090 2270 3428 2330 monasterio

1862 2380 1955 2436 illo
1981 2382 2256 2452 reliquum
2289 2379 2412 2434 vitm
2471 2375 2774 2447 exegerint,
2812 2370 3117 2428 monastico
3173 2364 3429 2423 instituto

1862 2475 2160 2543 plurimum
2197 2470 2475 2527 delectati.

1936 2733 2056 2789 102.
2089 2731 2205 2786 lluc
2235 2742 2408 2799 usque
2429 2714 2696 2797 perducta
2751 2722 3023 2785 oratione,
3089 2733 3199 2788 quo
3231 2714 3431 2771 deinde

1863 2838 2115 2879 sermone
2138 2836 2261 2892 qua:
2286 2826 2493 2875 restant
2516 2815 2859 2888 prosequar?
2886 2829 3007 2884 quae
3059 2811 3228 2867 verba
3263 2808 3429 2863 rebus

1862 2915 2113 2971 dicendis
2142 2913 2290 2984 paria
2322 2909 2635 2967 inveniam?
2658 2910 2766 2981 jam
2796 2922 2943 2962 nunc
2980 2904 3131 2960 enim
3158 2903 3225 2957 ad
3254 2903 3427 2959 solam

1863 3008 2197 3064 mentionem
2227 3004 2359 3059 mihi
2411 3001 2651 3073 trepidat
2709 2999 2947 3063 animus,
2973 3005 3028 3052 et
3067 3005 3261 3051 manus
3314 3000 3429 3064 pra!

1865 3102 2060 3155 timore
2078 3097 2449 3161 contrahitur,
2478 3109 2586 3149 non
2618 3094 2829 3149 audens
2857 3087 3159 3145 narrationi
3198 3087 3428 3142 horrore

1863 3191 2197 3267 plenissimae
2229 3205 2385 3244 suam
2421 3202 2639 3258 operam
2664 3186 2867 3240 locare.
2887 3181 3035 3238 Vidit
3065 3182 3301 3252 Symeon
3328 3188 3428 3249 per

1866 3282 2002 3336 illud
2060 3289 2278 3350 tempus
2331 3279 2386 3333 in
2436 3278 2634 3349 spiritu
2693 3276 2956 3345 scipsum,
3014 3280 3428 3327 sacrosanctum

1864 3372 2227 3444 Evangelium
2258 3386 2424 3441 super
2456 3377 2648 3439 pectus
2664 3374 2968 3430 tenentem,
2984 3364 3130 3435 Tyro
3145 3376 3428 3433 egressum

1864 3462 2327 3534 Hierosolymam,
2365 3459 2547 3515 vicina
2575 3459 2816 3521 deserta,
2848 3455 2903 3509 in
2938 3455 3114 3525 iisque
3139 3453 3425 3516 asceteria,

1860 3566 1915 3610 et
1944 3553 2213 3625 quidquid
2250 3568 2445 3607 versus
2463 3550 2752 3605 meridiem
2783 3548 3067 3619 regionum
3098 3554 3204 3610 est,
3234 3560 3429 3615 specu-

1860 3647 2027 3702 lando
2053 3644 2506 3716 inspiciendoque
2541 3642 2835 3712 diligenter
2855 3640 3007 3694 velut
3026 3638 3091 3693 ad
3121 3634 3426 3691 custodiam

1861 3739 2105 3804 obiisse;
2144 3738 2270 3793 inde
2299 3730 2626 3791 Laodiceam
2666 3742 2828 3803 atque
2857 3729 3206 3786 Antiochiam
3264 3726 3430 3781 dela—

1861 3838 1978 3886 tum
2065 3829 2229 3885 simili
2283 3828 2446 3884 modo
2506 3834 2705 3883 cuncta
2776 3822 3109 3894 inspexisse;
3189 3819 3428 3889 denique

1862 3923 2170 3979 occurrisse
2202 3923 2522 3992 angelorum
2556 3935 2772 3990 agmen,
2798 3926 2855 3971 et
2879 3913 3035 3985 quasi
3073 3912 3206 3984 quid
3238 3912 3429 3967 isthaec

1859 4018 2259 4090 portenderent
2294 4015 2437 4070 inter
2471 4030 2529 4069 se
2557 4010 2879 4067 dicentium.
2908 4007 3045 4076 Quis
3065 4004 3430 4061 Antiochenis

1860 4111 2008 4166 (licet
2040 4113 2178 4175 haec,
2229 4107 2326 4179 qui
2368 4103 2534 4162 veluti
2585 4101 2920 4159 incurabiles
2974 4098 3111 4153 nihil
3168 4093 3427 4151 utilitatis

1859 4218 1927 4257 ex
1986 4211 2038 4257 te
2097 4199 2413 4270 recipiunt?
2471 4196 2529 4251 ld
2570 4203 2754 4249 autem
2805 4206 2915 4246 non
2976 4198 3235 4258 tanquam
3281 4184 3430 4254 ipsos

1859 4295 2260 4349 calumniantes
2292 4290 2575 4353 dicebant,
2610 4286 2757 4357 quod
2787 4296 3011 4354 prorsus
3063 4281 3303 4335 alienum
3351 4276 3421 4332 ab

1858 4386 2105 4455 angelica
2136 4392 2332 4438 natura
2358 4392 2476 4448 est;
2510 4378 2605 4434 sed
2631 4386 2691 4432 ut
2721 4391 2792 4431 ne
2817 4373 2952 4430 illud
2986 4374 3129 4427 clam
3156 4371 3430 4442 Symeone

1859 4480 2087 4533 haberet
2102 4477 2294 4546 gratia.
2312 4472 2442 4530 Post
2456 4475 2598 4528 hanc
2608 4470 2898 4535 visionem,
2927 4467 3151 4530 Graves,
3167 4464 3347 4534 inquit
3362 4464 3431 4518 ad

176 4564 260 4634 τῷ
317 4563 529 4634 κόσμῳ,
558 4566 723 4634 φάναι
758 4568 893 4638 πρὸς
935 4571 1060 4631 τοὺς
1120 4570 1412 4640 παρόντας,
1446 4570 1750 4642 ἐπήρτηται

1862 4566 2308 4628 circumstantes,
2342 4562 2667 4633 impendent
2691 4560 2898 4614 mundo
2945 4556 3426 4612 comminationes.

175 4654 405 4725 ἀπειλή.
438 4657 572 4711 Οὐαὶ
599 4659 611 4711 l
640 4657 762 4712 οὐαὶ
793 4660 805 4711 l
849 4660 907 4711 at
951 4659 1260 4730 ὲκδικήσεις
1317 4660 1474 4731 ήμῶν
1527 4662 1751 4731 ἥκασιν,

174 4744 318 4799 ἀλλὰ
355 4745 743 4815 προσεύχεσθε,
771 4748 1007 4816 ἀδελφοί.

253 4844 359 4907 ργ’.
396 4839 470 4891 Τὸ
501 4841 599 4909 μὲν
627 4837 718 4894 οὖν
754 4841 905 4911 ῥῆμα
936 4841 1099 4911 φόϐον
1122 4843 1182 4896 οὐ
1220 4841 1442 4914 μέτριον
1483 4844 1752 4898 ἐνέσεισεν

176 4931 361 4983 αὐτῶν
385 4933 504 4995 ταῖς
526 4931 727 5002 ψυχαῖς
754 4949 770 4963 ⁸
803 4933 1031 4986 ἀκοῦσαι
1058 4935 1115 4987 δέ
1137 4951 1191 4987 τι
1218 4935 1313 4988 καὶ⁹
1342 4934 1506 4988 πλέον
1554 4936 1614 5002 ἐξ
1654 4936 1751 4992 αὐ-

172 5020 276 5074 τοῦ
330 5021 690 5092 γλιχομένων,
723 5024 964 5094 ἐπισχὼν
1007 5028 1213 5089 ἐκεῖνος
1262 5027 1390 5097 ἄχρι
1416 5026 1613 5081 πολλοῦ
1652 5028 1750 5091 τὰς

178 5112 282 5181 μὲν
313 5111 468 5180 ὄψεις
516 5112 620 5166 ὑπὸ
648 5113 747 5184 τῆς
775 5114 925 5177 θείας
958 5116 1237 5184 ἠλλοιοῦτο
1267 5118 1517 5187 χάριτος,
1552 5118 1749 5180 αὐτοὺς

178 5203 240 5255 δὲ
294 5201 534 5270 ἀγωνίας
588 5205 624 5273 ή
681 5205 808 5274 σιγὴ
858 5210 951 5259 καὶ
1007 5207 1162 5269 δέους
1215 5208 1474 5277 ἐπλήρου.
1515 5210 1749 5263 Ἔπειτα

253 5359 366 5443 (2:4)
400 5360 551 5443 Recte
601 5361 748 5443 addit
788 5363 1144 5443 distinctionis
1185 5369 1363 5438 gratia
1405 5368 1461 5423 in
1493 5368 1746 5443 Oriente.

173 5431 373 5505 Iberia»:
406 5432 561 5505 enirn,
624 5440 752 5485 teste
782 5431 1067 5505 Stephano,
1106 5431 1228 5493 duae
1265 5456 1277 5490 :
1311 5454 1417 5493 una
1442 5441 1509 5494 ad
1543 5442 1752 5495 colum-

174 5518 279 5555 nas
304 5503 718 5564 llerculeas,....
754 5503 925 5559 altera
949 5508 1015 5560 ad
1052 5507 1265 5563 Persas.
1291 5510 1392 5563 Sed
1424 5514 1613 5565 rectius
1644 5516 1752 5565 hwc

173 5591 219 5626 τι
258 5572 543 5651 Ιξςοιοιιιανο
581 5582 631 5626 et
657 5572 1238 5651 Strabonccoljocalur
1255 5583 1417 5651 juxta
1456 5581 1752 5637 Cale/iidem

170 5652 224 5693 et
252 5642 538 5724 Albania":
571 5658 589 5698 :
615 5644 767 5724 cujus
793 5646 981 5724 incola:
1007 5642 1293 5718 Georgiaiii
1322 5651 1474 5722 vulgo
1506 5670 1642 5705 nunc
1664 5654 1747 5705 di-

170 5722 385 5794 cuntur.
410 5710 911 5794 $it‘amhreg'ionisuct
946 5710 1250 5794 geriteiitfsic
1282 5710 1523 5774 describit
1550 5721 1748 5775 Proco-

169 5784 292 5850 pius
323 5783 546 5857 de_bello
567 5782 776 5857 Persiro
809 5785 904 5857 lib.
932 5782 968 5849 ι’,
1002 5803 1122 5857 cap.
1159 5790 1248 5842 12:
1280 5792 1490 5845 Iberum
1526 5793 1753 5846 Asiano-

172 5867 297 5906 rum
315 5852 474 5907 sedcs
494 5862 678 5923 portas
698 5854 925 5924 Caspias
946 5852 1269 5930 contingunt
1291 5879 1320 5915 a
1352 5864 1748 5933 septentrione,

501 5946 770 6005 ΡΑτιωι.
818 5948 932 6006 Gn.
988 5952 1331 6011 LXXXVI.

1863 4658 1955 4713 Vae
1984 4657 2094 4712 vae!
2128 4655 2355 4710 ultionis
2402 4663 2648 4723 tempora
2703 4658 3006 4707 venerunt:
3051 4646 3148 4704 sed
3185 4645 3423 4704 orationi

1863 4763 1962 4804 vos
1987 4749 2135 4811 date,
2165 4747 2383 4801 fratres.

1930 4839 2064 4897 105.
2112 4839 2232 4894 Νοιι
2295 4837 2628 4892 mediocrem
2709 4834 2897 4889 iSlllCCC
2956 4832 3101 4887 dieta
3166 4829 3421 4885 timorem

1862 4932 2175 5004 injecerunt
2228 4928 2572 4984 audientium
2623 4927 2861 4981 animis:
2918 4925 3026 4981 illis
3074 4938 3208 4980 vero
3265 4925 3424 4996 plura

1858 5026 2027 5079 etiam
2056 5038 2123 5078 ex
2190 5022 2286 5077 illo
2339 5020 2556 5075 discere
2614 5018 2987 5091 cupientibus,
3035 5018 3151 5089 ipse
3203 5018 3428 5089 quidem

1861 5115 2097 5187 longiori
2117 5123 2363 5185 tempore
2381 5112 2781 5174 conticescens.
2804 5122 2996 5182 agente
3016 5111 3201 5166 divina
3228 5112 3425 5182 gratia;

1862 5220 1974 5264 toto
2001 5207 2395 5263 immutabatur
2417 5206 2571 5261 vultu
2594 5222 2610 5274 ;
2636 5204 2898 5260 fratribus
2920 5214 3103 5261 autem
3119 5204 3425 5277 graviorem

1852 5371 2072 5426 sinistra
2096 5368 2343 5424 Lazicam
2369 5368 2437 5423 ab
2463 5380 2685 5432 occasu,
2712 5368 2933 5425 dextera
2956 5369 3023 5423 ab
3048 5376 3170 5423 ortu
3198 5368 3429 5438 populus

1853 5442 1947 5511 qui
2000 5441 2182 5496 Persis
2215 5448 2431 5511 parent.
2464 5439 2763 5511 Christiani
2816 5450 2963 5501 sunt,
3018 5439 3167 5492 inter
3212 5453 3426 5511 omnes,

1853 5509 1992 5581 quos
2025 5527 2092 5565 co
2122 5509 2344 5565 nomine
2375 5509 2586 5565 censeri
2634 5511 2861 5571 scimus,
2908 5524 3203 5581 sacrarum
3240 5510 3427 5581 legum

1854 5579 1917 5637 ac
1947 5582 2399 5637 caeremoniarum
2431 5581 2787 5643 tenacissimi,
2819 5579 3072 5649 quamvis
3095 5580 3207 5649 regi
3239 5580 3430 5635 Persaz

1858 5669 1977 5706 rum
2000 5655 2110 5723 jam
2144 5652 2486 5723 temporibus
2509 5651 2750 5723 antiquis
2792 5649 2999 5723 subditi
3039 5649 3265 5723 fuerint,
3293 5660 3425 5713 οισι,

1854 5720 2076 5791 quorum
2098 5724 2258 5776 etiam
2283 5722 2349 5775 1‘2
2399 5721 2586 5775 swculo
2622 5722 2674 5773 in
2697 5720 2988 5791 Palwsliua
3020 5721 3294 5773 exstabant
3313 5736 3425 5774 mos

1858 5790 2090 5845 uaslcria
2130 5808 2277 5861 wque
2310 5809 2370 5844 ac
2408 5793 2707 5846 (-‘rwcorum
2746 5800 2795 5844 et
2835 5790 3116 5861 Syrorum,
3169 5800 3223 5844 ut
3254 5792 3426 5844 videre

1860 5871 1932 5917 est
1961 5865 2015 5916 in
2049 5862 2333 5917 [litterario
2377 5861 2577 5915 Phorm;
