3988 6538
544 413 683 477 3083

1748 416 1807 477 S.
1849 415 2226 478 SYMEONIS
2260 414 2621 480 JUNIORIS

3644 424 3752 489 3086

553 527 763 577 metum
798 532 1102 588 curamque
1128 518 1352 574 silentio
1401 534 1501 576 suo
1571 522 1897 594 ingerebat:
1940 526 2121 582 deindt

2248 528 2433 597 μέντοι
2458 526 2711 597 καθάπερ
2742 527 3031 581 ἀναλαϐὼν
3060 527 3275 593 ἑαυτὸν,
3305 529 3528 599 κατηφεῖ
3557 531 3659 586 λίαν
3679 540 3752 591 καὶ

545 615 699 669 velut
725 613 793 669 ad
827 613 1069 684 seipsum
1095 612 1290 678 redux,
1311 614 1528 686 dejecto
1552 616 1809 685 tristique
1833 618 2131 675 admodum

546 705 701 759 vultu
724 713 890 775 atque
920 704 1135 770 habitu,
1164 704 1363 759 iterum
1389 720 1404 760 :
1439 705 1709 761 intentius
1729 715 1908 773 orate,
1932 709 2131 780 inquit,

547 798 770 862 fratres,
808 812 880 853 ne
930 797 1384 854 intentationem
1431 796 1771 853 incidamus:
1820 800 1931 854 nisi
1980 802 2132 856 enim

546 888 693 943 Deus
728 885 1006 957 propitius
1053 886 1218 942 nobis
1285 886 1537 943 redditus
1589 886 1781 954 fuerit,
1834 897 1890 943 ct
1957 888 2127 945 latam

548 990 740 1036 contra
767 979 1091 1050 iniquitates
1116 989 1339 1035 nostras
1366 979 1699 1035 sententiam
1726 982 2130 1051 retractaverit,

547 1072 701 1127 orbis
720 1080 991 1127 terrarum
1018 1070 1378 1126 subvertetur
1396 1071 1792 1142 pr0pemodum
1814 1074 2129 1130 universus.

548 1162 674 1219 Vidi
697 1178 961 1233 namque,
985 1163 1083 1229 ait,
1118 1171 1177 1218 et
1230 1163 1393 1218 video
1446 1163 1707 1219 refertam
1771 1165 1975 1221 virtute
2032 1166 2131 1221 Dei

547 1271 769 1312 omnem
806 1272 919 1312 non
943 1256 1109 1311 modo
1126 1264 1352 1320 terram,
1384 1256 1480 1312 sed
1516 1266 1572 1312 et
1603 1272 1822 1313 aeream
1871 1268 1929 1314 et
1956 1258 2129 1314 aethe-

546 1363 698 1403 ream
732 1347 990 1417 regiones
1012 1345 1207 1401 cadem
1230 1346 1462 1416 plenas;
1493 1347 1574 1402 sic
1600 1357 1662 1403 ut
1693 1349 1882 1405 nullus
1902 1349 2131 1405 omnino

550 1439 766 1509 uspiam
798 1439 955 1494 locus
982 1437 1051 1492 ab
1086 1437 1358 1508 ejusmodi
1388 1440 1624 1494 terribili
1655 1440 1863 1496 virtute
1920 1456 2131 1497 vacuus

548 1530 653 1583 sit:
682 1543 805 1598 quae
836 1536 894 1582 et
921 1527 1076 1582 brevi
1120 1538 1365 1598 tempore
1419 1530 1691 1601 quidquid
1747 1541 1997 1588 creatum
2045 1541 2132 1587 est

516 1619 769 1689 evertit,
807 1619 989 1675 donec
1015 1635 1100 1674 me
1133 1619 1275 1675 visio
1333 1622 1421 1675 illa
1487 1622 1764 1689 destituit,
1824 1634 1934 1680 tam
1984 1624 2127 1679 tristi

510 1696 515 1724 ³
545 1713 861 1783 spectaculo
901 1712 1187 1767 immorari
1221 1712 1432 1769 diutius
1459 1730 1570 1770 non
1598 1718 1988 1773 sustinentem.

522 1805 539 1884 ,ἶ
617 1827 738 1883 104.
777 1826 913 1883 Cum
940 1828 1058 1883 haec
1084 1828 1331 1893 dixisset,
1398 1845 1617 1884 rursum
1666 1831 1870 1901 spiritu
1898 1842 2118 1903 agente,

2237 615 2356 685 ὄψει
2386 618 2480 672 καὶ
2510 618 2775 688 σχήματι,
2800 618 3180 687 Προσεύξασθέ
3234 619 3330 672 καὶ
3365 620 3518 673 πάλιν
3544 622 3751 693 ἐκτενῶς,

2239 708 2325 762 ἴνα
2350 709 2426 779 μὴ
2450 710 2861 779 πειρηθῶμεν,
2904 710 3145 779 ἀδελφοὶ,
3171 710 3299 780 ἔφη.
3325 712 3387 765 El
3415 712 3486 781 μὴ
3508 713 3602 783 γὰρ
3632 716 3775 789 nam;

2236 801 2447 869 γένοιτο
2477 801 2546 855 τὰ
2575 802 2709 869 πρὸς
2735 804 2883 874 ἡμᾶς
2904 804 2933 857 δ
2956 802 3111 871 Θεὸς,
3140 804 3237 857 καὶ
3261 804 3531 872 μετανοῶν
3561 806 3643 859 ἐπὶ
3664 802 3767 874 uti"

2234 892 2535 964 ἡμετέραις
2560 894 2806 961 κακίαις,
2841 895 2873 965 ἠ
2904 894 3055 947 πᾶσα
3105 893 3290 964 σχεδὸν
3318 894 3599 966 οἰκουμένη
3624 913 3755 951 κατα-

2235 986 2633 1058 στραφήσεται.
2654 982 2810 1040 Εἶδον
2833 986 2967 1057 γὰρ,
3002 986 3156 1056 φησι,
3188 985 3283 1039 καὶ
3328 985 3435 1039 ίδου
3481 985 3757 1057 πεπλήρωτο

2233 1080 2333 1150 τῆς
2352 1078 2636 1151 δυνάμεως
2676 1077 2773 1132 τοῦ
2807 1079 2943 1133 Θεοῦ
2975 1082 3127 1134 πᾶσα
3158 1080 3219 1132 οὐ
3251 1078 3325 1148 γῆ
3350 1078 3527 1148 μόνον,
3548 1080 3667 1133 ἀλλὰ
3687 1084 3758 1135 καὶ

2235 1173 2344 1244 ἀὴρ
2371 1172 2675 1235 αὐτὸς,καὶ
2726 1172 2795 1224 τά
2845 1170 2987 1241 ὑπὲρ
3036 1171 3164 1238 γῆν,
3191 1168 3266 1233 ὡς
3304 1170 3505 1239 μηδένα
3552 1169 3758 1240 μηδαμοῦ

2231 1266 2399 1319 τόπον
2449 1266 2608 1319 κενὸν
2671 1266 2809 1329 ὅλως
2848 1264 2950 1335 τῆς
3004 1266 3244 1335 φοϐερᾶς
3288 1263 3560 1333 δυνάμεως
3591 1263 3760 1335 ἐκείνης

2233 1355 2707 1427 ἀπολελεῖφθαι,ἥ
2740 1355 2835 1408 καὶ
2868 1356 3045 1409 πᾶσαν
3076 1353 3275 1425 μικροῦ
3305 1352 3624 1424 συνέστρεφε
3662 1353 3755 1406 κτί-

2234 1467 2321 1502 σιν
2374 1449 2479 1512 ἐως
2530 1449 2712 1520 διέστη
2767 1448 2836 1501 τὰ
2878 1449 2978 1519 τῆς
3011 1448 3188 1518 ὄψεως
3234 1447 3329 1501 ἀπ’
3365 1446 3520 1517 ἐμοῦ,
3549 1446 3761 1512 τοιούτοις

2233 1542 2417 1596 οὐκέτι
2452 1542 2719 1611 θεάμασιν
2750 1540 3109 1610 ἐνδιατρίϐειν
3140 1539 3557 1609 ὑπενεγκόντες.

2306 1806 2402 1876 ρδ’.
2441 1805 2626 1858 Ταῦτα
2680 1808 2708 1859 ὁ
2758 1806 2857 1875 μὲν
2886 1804 3079 1869 εἰπὼν,
3109 1804 3202 1857 τοῦ
3231 1804 3290 1856 ἐν
3331 1803 3479 1875 αὐτῷ
3502 1802 3767 1875 Πνεύματις

621 1877 738 1883 -ν--
785 1877 913 1883 ν--η
941 1877 1056 1883 ηπ-
1088 1877 1331 1893 ----‹ηντ
1399 1877 1617 1884 -ν---η-
1666 1877 1870 1901 υι---ηυ-
1898 1877 2118 1903 νου-ην,

544 1920 789 1976 sanctior
810 1919 890 1975 illi
913 1920 1053 1975 visio
1072 1920 1284 1991 objecta
1304 1929 1411 1986 est,
1435 1930 1598 1991 atque
1632 1932 1754 1978 erat
1776 1924 2091 1995 hujusmodi
2116 1943 2121 1978 ε

2236 1896 2393 1959 αὖθις
2429 1897 2522 1950 καὶ
2549 1896 2782 1969 θεωρίας
2808 1897 3018 1967 γίνεται
3044 1897 3349 1967 θειοτέρας·
3380 1899 3413 1968 ἡ
3444 1897 3499 1950 δὲ
3520 1893 3601 1967 ἦν,
3634 1900 3766 1950 ἀνεω-

543 2013 736 2083 Aperti
761 2013 992 2068 luerunt
1023 2012 1171 2076 cmli,
1208 2013 1410 2082 quibus
1456 2012 1787 2072 imminebat
1834 2032 1931 2072 aer
1967 2024 2132 2071 tanta:

543 2104 806 2175 puritatis
836 2114 1001 2175 atque
1042 2105 1479 2176 pulchritudinis
1510 2117 1569 2162 ut
1591 2108 1930 2180 nihilsupra,
1954 2109 2131 2164 idem-

542 2214 651 2268 que
681 2197 873 2253 videre
904 2197 1072 2252 simul
1097 2206 1153 2251 et
1176 2197 1360 2268 eloqui
1393 2198 1480 2253 vir
1505 2210 1730 2255 sanctus
1758 2217 1867 2256 non
1891 2209 2127 2272 poterat.

543 2290 799 2346 Virtutes
825 2288 1095 2345 cmlorum
1145 2288 1356 2344 ibidem
1410 2289 1610 2347 ordine
1660 2292 1977 2348 constitutae
2022 2292 2128 2347 du—

542 2386 746 2455 plicem
765 2383 1083 2440 formabant
1108 2383 1463 2455 phalangem,
1496 2385 1622 2441 aliis
1649 2386 1785 2439 alias
1836 2386 2129 2457 sequenti-

543 2479 671 2544 bus,
705 2484 763 2533 et
790 2476 1051 2533 omnibus
1079 2476 1452 2531 communiter
1484 2476 1894 2533 inclinantibus
1925 2476 2126 2549 capita:

544 2584 712 2640 supra
739 2568 840 2624 has
868 2567 1103 2622 thronus
1130 2566 1185 2621 in
1220 2566 1405 2623 medio
1428 2583 1557 2624 aere
1589 2570 1827 2625 terrilice
1857 2570 2124 2637 elevatus,

544 2663 700 2717 nulla
756 2676 816 2715 re
869 2660 1034 2715 nixus
1087 2669 1185 2715 aut
1246 2660 1553 2728 stabilitus,
1622 2662 1744 2733 ipso
1798 2677 1926 2718 aere
1976 2662 2129 2718 velut

544 2755 600 2810 in
651 2767 945 2808 ascensum
1007 2760 1216 2823 aptato.
1295 2753 1538 2808 Sedebat
1584 2752 1641 2808 in
1704 2754 1801 2810 illo
1862 2756 2131 2811 Dominus

544 2854 754 2908 noster,
782 2852 838 2899 et
866 2842 1022 2899 furor
1061 2844 1181 2915 ejus
1219 2842 1608 2900 ell'undebatur
1646 2861 1813 2917 super
1872 2863 2009 2904 nos:
2042 2848 2127 2903 fa-

542 2938 730 2992 mulus
762 2946 949 2992 autem
1001 2937 1121 3008 ejus
1151 2936 1393 3008 Symeon
1449 2938 1632 2994 stabat
1682 2955 1872 2995 coram
1922 2941 2126 2996 throno

544 3028 949 3086 inaccessibilis
970 3028 1157 3099 gloriae
1190 3030 1358 3096 illius,
1395 3037 1452 3085 et
1476 3040 1741 3087 consueta
1768 3032 1923 3088 vocis
1956 3033 2128 3089 liber-

470 3168 471 3171 η
544 3130 657 3177 tate
690 3138 789 3191 pro
817 3120 978 3175 nobis
1019 3120 1399 3191 interpellans,
1442 3125 1823 3180 reconciliavit
1869 3126 2031 3183 nobis
2063 3142 2127 3183 ac

540 3211 844 3283 prepitium
900 3212 1142 3267 reddidit
1194 3213 1407 3268 Numen
1471 3214 1717 3271 divinum
1768 3218 1848 3273 ira
1897 3228 2079 3275 amota
2113 3239 2124 3274 :
2157 3226 2199 3282 C

541 3305 706 3374 idque
758 3304 1001 3360 innotuit
1059 3306 1423 3373 praesentibus
1471 3324 1690 3380 quoque
1751 3325 1819 3365 ex
1874 3311 2122 3369 claritate

540 3407 730 3460 vultus
764 3404 1073 3477 Symeonis,
1122 3405 1191 3461 ad
1234 3406 1466 3461 formam
1500 3405 1765 3461 laetiorem
1812 3405 2016 3461 sensim
2063 3420 2121 3462 se

540 3496 894 3552 reducentis:
926 3505 1156 3553 eatenus
1183 3498 1334 3554 enim
1370 3508 1555 3553 mutus
1600 3498 1799 3562 fuerat,
1836 3513 1899 3554 ac
1923 3496 1968 3553 si
1999 3512 2122 3553 om-

542 3604 670 3644 nem
696 3603 920 3643 sensum
956 3589 1313 3659 perdidisset,
1358 3599 1509 3645 totus
1534 3588 1798 3645 inell‘abili
1823 3588 2121 3645 illivisioni

539 3675 805 3732 intentus.
858 3677 1028 3733 Paulo
1082 3686 1207 3749 post
1253 3679 1357 3734 sibi
1415 3678 1686 3746 redditus,
1734 3679 2058 3735 exclamavit
2105 3698 2119 3735 :

541 3768 764 3823 Psallite
797 3769 911 3823 Deo
938 3779 1156 3837 nostro,
1196 3770 1419 3836 fratres,
1456 3772 1673 3842 psallite
1699 3786 1713 3825 :
1741 3772 1958 3842 psallite
1985 3772 2121 3844 Regi

540 3867 762 3927 nostro,
807 3859 1025 3930 psallite
1058 3860 1099 3892 "
1137 3878 1152 3916 :
1199 3863 1459 3932 quoniam
1504 3862 1784 3918 emicuita
1816 3861 1955 3918 facie
2002 3864 2123 3936 ejus

541 3955 958 4021 misericordia,
1005 3956 1274 4011 Dominus
1320 3956 1519 4011 zelavit
1570 3968 1769 4011 terram
1824 3972 2011 4020 suam,
2067 3967 2123 4011 et

539 4048 784 4119 pepercit
823 4049 1026 4119 populo
1051 4064 1152 4105 suo
1180 4050 1234 4104 in
1264 4049 1543 4113 omnibus,
1573 4065 1709 4120 quas
1731 4050 1998 4106 hactenus
2022 4050 2120 4105 be-

540 4141 739 4197 neﬁcio
766 4141 953 4213 gratiae
977 4140 1092 4196 vidi
1125 4149 1182 4195 ct
1203 4140 1348 4196 obivi
1385 4141 1551 4197 urbes
1583 4150 1747 4210 atque
1777 4140 2046 4211 regiones.

613 4401 731 4456 105.
774 4401 1101 4456 Narratione
1150 4400 1240 4455 illa
1289 4399 1563 4465 absoluta,
1610 4400 1680 4455 ad
1730 4400 1877 4455 aliud
1936 4401 2122 4457 denuo

538 4493 914 4565 spectaculum
986 4491 1259 4563 abripitur
1313 4492 1516 4547 mentis
1574 4493 1770 4548 oculis.
1821 4493 2121 4549 Videbatur

2236 1987 2395 2054 γότες
2433 1988 2535 2057 μὲν
2580 1990 2631 2042 οἱ
2677 1990 2919 2061 οὐρανοὶ,
2953 1991 3210 2061 ὑπεράνω
3244 1990 3301 2043 δὲ
3349 1991 3554 2042 τούτων
3578 1988 3672 2059 ἀὴρ
3694 1989 3766 2060 τὴν

2234 2081 2586 2153 καθαρότητα
2617 2082 2713 2136 καλ.
2734 2083 2795 2135 τὸ
2828 2082 3024 2146 κάλλος
3056 2082 3157 2136 οὐκ
3189 2083 3327 2153 ἔχων
3356 2081 3467 2135 τίνι
3493 2080 3765 2151 ὁμοιωθείη,

2232 2173 2370 2228 ἀλλὰ
2398 2174 2596 2229 ταυτὸν
2624 2175 2753 2230 ίδείν
2773 2192 2833 2229 τε
2873 2176 2990 2245 ἀμα
3020 2175 3114 2227 καὶ
3137 2176 3311 2227 εἰπεῖν
3337 2175 3632 2244 ἀμήχανος.
3656 2172 3766 2224 Δίτε

2231 2264 2493 2337 δυνάμεις
2541 2266 2652 2320 τῶν
2707 2266 2955 2337 οὐρανῶν
3004 2268 3063 2321 ἐν
3112 2265 3264 2337 αὐτῷ
3289 2264 3542 2336 καθάπερ
3565 2264 3618 2319 ἐν
3641 2263 3767 2334 διπλῇ

2234 2358 2479 2429 φάλαγγι
2512 2360 2816 2429 ταγμάτων
2840 2362 3265 2432 παρεστηκυῖαι,
3303 2358 3501 2429 ἅτερος
3558 2357 3768 2427 ἐχόμενος

2233 2448 2489 2521 θατέρου,
2517 2450 2613 2503 καὶ
2639 2452 2792 2521 κοινῇ
2814 2450 3016 2507 πάντες
3037 2450 3139 2512 τὰς
3163 2447 3407 2516 κεφαλὰς
3426 2446 3767 2507 ἐπικλίνοντες·

2233 2543 2591 2609 ὑπεράνωθεν
2618 2543 2674 2596 δὲ
2705 2542 2886 2595 αὐτῶν
2916 2541 3105 2611 θρόνος
3139 2542 3197 2593 ἐν
3232 2540 3356 2611 ἀέρι
3390 2540 3541 2610 μέσῳ
3566 2538 3768 2609 φοϐερῶς

2232 2637 2616 2708 ἐπαιρόμενος,
2639 2637 2740 2689 οὐκ
2768 2635 2860 2687 ἐπί
2895 2652 3037 2698 τινος
3064 2632 3367 2705 βεϐηκὼςῆ
3403 2631 3768 2703 στηριζόμενος,

2232 2730 2348 2784 ἀλλ’
2374 2730 2537 2783 αὐτὸν
2559 2729 2811 2795 καθάπερ
2845 2727 3101 2781 ἐπίϐασιν
3131 2726 3222 2778 τὸν
3252 2726 3392 2795 ἀέρα
3423 2722 3767 2793 πεποιημένος

2229 2823 2257 2877 ὃ
2288 2840 2346 2876 τε
2373 2823 2579 2893 Κύριος
2616 2820 2791 2892 ήμῶν
2823 2820 2916 2873 καὶ
2947 2819 3078 2882 Θεὸς
3129 2817 3218 2871 ἐπ’
3273 2817 3443 2870 αὑτοῦ
3471 2814 3767 2885 καθήμενος,

2231 2916 2328 2969 καὶ
2364 2914 2579 2979 στάζων
2608 2915 2694 2982 ἐφ’
2729 2916 2879 2985 ἡμᾶς
2913 2915 2940 2966 ὁ
2964 2911 3137 2982 θυμὸς
3190 2909 3358 2964 αὐτοῦ
3387 2926 3403 2941 ⁸
3438 2908 3595 2971 αὑτός
3617 2924 3669 2959 τε
3704 2901 3769 2958 οὗ·

2228 3027 2319 3073 τος
2350 3011 2378 3063 ό
2428 3008 2523 3062 τοῦ
2553 3008 2688 3062 Θεοῦ
2722 3009 2979 3079 θεράπων
3021 3005 3129 3075 πρὸ
3161 3005 3259 3074 τῆς
3295 3003 3599 3074 ἀπροσίτου
3640 2999 3766 3068 δόξης

2228 3099 2448 3170 ἐκείνης
2487 3099 2689 3170 νεερῶς
2722 3095 2990 3169 ἑστηκὼς,
3028 3094 3124 3150 καὶ
3158 3097 3227 3166 τῇ
3278 3094 3505 3166 συνήθει
3534 3092 3769 3163 παῤῥησίᾳ

2235 3193 2331 3246 καὶ
2364 3191 2461 3247 νῦν
2515 3192 2658 3263 ὑπὲρ
2713 3193 2870 3263 ἡμῶν
2923 3190 3242 3263 χρώμενος,
3275 3190 3371 3243 καὶ
3433 3187 3768 3243 καταλλάττων

2233 3286 2365 3356 ἡμῖν
2394 3284 2456 3339 τὸ
2481 3284 2634 3338 Θεῖον
2658 3286 2753 3339 καὶ
2791 3284 3124 3355 ίλεούμενος,
3178 3284 3273 3337 καὶ
3325 3281 3429 3353 τὴν
3460 3281 3621 3352 ὀργὴν
3662 3280 3767 3332 ἀπο-

2233 3378 2505 3451 στρέφων,
2530 3381 2672 3450 ὅπερ
2728 3378 2983 3450 ἐδηλοῦτο
3045 3378 3145 3448 μὲν
3194 3377 3441 3439 καὶτοῖς
3483 3373 3764 3445 παροῦσιτῇ

2229 3473 2327 3545 τῆς
2355 3472 2531 3542 ὅψεως
2563 3472 2856 3543 ἐπιφανείᾳ
2883 3470 2976 3524 τοῦ
3011 3469 3258 3541 Συμεὼν,
3294 3469 3437 3541 πρὸς
3481 3468 3540 3522 τὸ
3589 3465 3765 3535 φαιδρό·

2228 3581 2388 3635 τερον
2412 3565 2598 3635 ἡρέμα
2625 3562 3071 3635 μεταϐαλλούσης
3088 3577 3102 3591 °
3126 3561 3288 3623 αὐτὸς
3311 3561 3426 3633 γὰρ
3445 3561 3577 3623 τέως
3599 3559 3767 3628 ἄφωνος

2229 3651 2319 3728 ἦν,
2349 3649 2437 3712 οἷα
2461 3657 2592 3745 ςηδ’
2622 3658 2680 3710 ἐν
2702 3655 2880 3726 ἐαυτῷ
2926 3654 3024 3722 ὢν,
3074 3654 3189 3709 ἀλλ’
3227 3654 3350 3719 ὅλος
3409 3655 3513 3723 τῆς
3542 3652 3766 3721 ἀνεκςρὰο

2232 3762 2359 3800 στου
2385 3747 2512 3812 θέας
2564 3749 2781 3817 ἐκείνης
2825 3747 3216 3818 γεγενημένος,
3264 3746 3442 3818 ὀλίγῳ
3482 3746 3538 3800 δὲ
3583 3745 3766 3814 ὕστερον

2227 3839 2309 3903 είς
2333 3839 2522 3893 ἑαυτὸν
2564 3844 2658 3893 καὶ
2700 3834 2856 3904 οὗτος
2905 3838 3219 3894 ἐπανελθών
3243 3855 3257 3867 ·
3290 3839 3519 3893 Ψάλατε
3561 3837 3632 3907 τῷ
3675 3834 3765 3903 Θεῷ

2230 3932 2409 4002 ἡμῶν,
2463 3931 2703 4001 ἀδελφοὶ,
2755 3931 2883 4003 ἔφη,
2938 3931 3186 4002 φύλαττε*
3216 3931 3432 4003 ψάλατε
3476 3930 3552 4001 τῷ
3600 3926 3766 4000 βασιλεῖ

2229 4024 2408 4095 ἡμῶν,
2459 4024 2668 4093 ψάλατε
2699 4041 2714 4056 ·
2745 4023 2908 4078 ἔπεσε
2954 4026 3065 4095 γὰρ
3089 4024 3240 4089 ἔλεος
3275 4023 3440 4095 ἡμῶν
3470 4025 3585 4077 κατ’
3608 4020 3767 4091 ὀφθαλ-

2233 4116 2367 4186 μοὺς
2390 4116 2582 4183 αὐτοῦ,
2606 4116 2700 4169 καὶ
2743 4116 2985 4188 ἐζήλωσε
3014 4116 3218 4189 Κύριος
3248 4117 3348 4188 τὴν
3370 4117 3480 4187 γῆν
3504 4113 3674 4178 αὑτοῦ,
3694 4111 3765 4165 καὶ

2228 4211 2484 4279 ἐφε⁷σατο
2512 4211 2605 4263 τοῦ
2631 4210 2759 4263 λαοῦ
2788 4210 2955 4263 αὑτοῦ
2986 4213 3118 4274 ὅσας
3178 4211 3318 4277 τέως
3354 4212 3473 4280 ἐγὼ
3498 4210 3665 4271 πόλεις
3695 4206 3766 4258 καὶ

2228 4300 2410 4371 χώρας
2442 4304 2507 4372 τῇ
2534 4302 2759 4372 δυνάμει
2787 4303 2886 4373 τῆς
2911 4303 3132 4373 χάριτος
3166 4296 3285 4354 οἶδα
3315 4300 3633 4373 περιελθὼν.

2300 4400 2394 4462 pa’.
2434 4393 2620 4447 Ταῦτα
2651 4395 2784 4466 πρὸς
2817 4396 2944 4457 τοὺς
2981 4396 3255 4465 παρόντας
3286 4394 3593 4459 διεξελθὼν,
3627 4388 3766 4461 ἁρπά-

2228 4484 2379 4548 ζεται
2433 4483 2596 4537 πόλιν
2643 4485 2748 4538 ὑπὸ
2803 4485 3039 4557 θεωρίας
3094 4487 3289 4557 ἐτέρας
3334 4487 3467 4549 τοὺς
3504 4485 3599 4555 τῆς
3625 4481 3764 4551 ψυχῆς

536 4584 665 4651 sibi,
698 4585 751 4638 in
789 4584 986 4639 vicinis
1014 4583 1278 4640 Seleucia:
1318 4583 1598 4638 littoribus
1620 4583 1811 4650 stanti,
1839 4584 2118 4655 navigium

2229 4574 2540 4644 ὀφθαλμούς
2561 4590 2574 4604 °
2612 4576 2757 4629 καὶὸ
2794 4576 2894 4645 μὲν
2926 4576 3064 4646 πρὸς
3096 4576 3290 4639 ἀκταῖς
3312 4576 3540 4629 ἑστάναι
3570 4574 3675 4634 ταῖς
3690 4568 3765 4636 τῆς

536 4690 702 4745 supra
734 4689 883 4728 mare
908 4674 963 4728 in
994 4690 1122 4730 aere
1148 4674 1355 4740 videre,
1391 4676 1516 4730 istic
1540 4689 1651 4730 non
1682 4692 1841 4732 secus
1868 4693 2027 4748 quam
2061 4678 2117 4732 in

536 4774 677 4831 aqua
707 4759 1002 4815 ﬂuctuans.
1024 4762 1294 4818 Destinati
1316 4763 1383 4817 ad
1405 4763 1511 4821 hoc
1539 4765 1738 4837 angeli,
1764 4782 1874 4822 non
1903 4767 2117 4822 medio-

537 4870 687 4910 crem
712 4857 1077 4923 iracundiam,
1131 4857 1378 4914 furorem
1401 4869 1568 4931 atque
1601 4859 2111 4917 excandescentiam

533 4946 914 5018 pratferentes,
951 4949 1006 5004 in
1037 4949 1132 5005 illo
1161 4950 1415 5020 stabant,
1449 4952 1698 5007 divinum
1730 4951 1886 5022 quasi
1915 4959 2113 5005 nutum

535 5036 935 5106 pmstolantes.
969 5039 1110 5095 Tum
1146 5042 1402 5098 celeriter
1429 5043 1661 5114 spiritus
1688 5042 1974 5105 devolans,
2004 5049 2115 5096 ter-

534 5144 666 5183 num
698 5145 865 5185 manu
895 5130 1109 5202 signum
1142 5133 1253 5189 illis
1278 5134 1476 5203 dabat;
1502 5136 1811 5204 acerbeque
1832 5134 1969 5189 ﬂens
1999 5140 2114 5203 (pu-

537 5220 1124 5286 tasses,misericordia
1154 5233 1362 5279 motum
1383 5226 1525 5295 esse)
1554 5243 1567 5278 :
1591 5224 1772 5291 Caede,
1803 5224 2109 5294 inquiebat,

534 5312 703 5376 cmde,
732 5326 833 5367 nec
887 5314 981 5368 ulli
1044 5330 1229 5386 parce.
1289 5316 1409 5384 Quo
1440 5317 1652 5382 audito,
1713 5318 1789 5372 illi
1821 5326 1931 5372 tam
1979 5317 2110 5371 hor-

534 5402 769 5458 rendum
808 5413 973 5476 atque
1006 5407 1302 5464 immanem
1328 5408 1625 5465 ediderunt
1659 5424 1878 5474 sonum,
1920 5418 1981 5463 ut
2028 5411 2114 5463 vel

535 5496 652 5563 ipsa
687 5495 919 5567 abyssus
966 5508 1193 5569 repente
1225 5500 1544 5568 perturbata
1590 5499 1776 5555 fuerit.
1804 5502 1932 5556 Post
1978 5502 2113 5566 haec,

532 5586 627 5655 qui
690 5586 743 5640 in
803 5603 930 5643 aerc
980 5601 1368 5661 apparuerant,
1428 5592 1637 5663 impetu
1684 5608 1878 5648 versus
1934 5592 2117 5647 littora

534 5678 806 5746 ruebant;
856 5680 1003 5736 unde
1051 5698 1178 5737 mox
1224 5685 1477 5753 urbibus,
1518 5686 1692 5758 pagis,
1726 5686 2092 5759 domibusque

606 5857 649 5891 *ν
703 5858 845 5913 Psal.
881 5874 1025 5922 XLVI,
1059 5860 1112 5912 7.

2226 4668 2549 4733 Σελευκείας
2596 4670 2790 4735 ἐδόκει,
2826 4671 3008 4723 πλοῖόν
3056 4688 3118 4723 τε
3172 4669 3315 4725 κατὰ
3352 4671 3444 4723 τὸν
3483 4669 3616 4738 ἀέρα
3655 4664 3761 4730 ὑπὲρ

2225 4760 2495 4832 θαλάττης
2516 4763 2670 4833 ὀρᾷν,
2701 4763 2800 4815 ὅσα
2831 4764 2925 4815 καὶ
2951 4762 3102 4815 ὕδατι
3135 4762 3215 4833 τῷ
3244 4763 3366 4833 ἀέρι
3401 4760 3638 4822 σαλεῦον,
3658 4759 3759 4810 ἀτο-

2225 4852 2421 4922 στολήν
2447 4869 2507 4905 τε
2536 4854 2782 4923 ἀγγέλων
2802 4853 2976 4925 θυμοῦ
3005 4855 3099 4907 καὶ
3123 4852 3307 4925 ὀργῆς
3328 4857 3426 4907 καὶ
3450 4844 3758 4924 παροξυσμοῦ

2227 4944 2467 5014 μεγάλου
2495 4946 2788 5013 ἐφεστάναι
2820 4946 2897 5016 τῷ
2931 4946 3119 5016 πλοίῳ,
3148 4947 3247 5016 τὴν
3280 4946 3488 5001 ἀνωθεν
3513 4946 3659 4998 οἱονεὶ
3689 4944 3755 5012 ῥο-

2223 5036 2331 5107 πὴν
2365 5037 2755 5109 ἀναμένοντας,
2803 5039 3019 5110 πνεῦμά
3061 5056 3121 5092 τε
3156 5038 3352 5110 ἀθρόον
3398 5034 3755 5093 ἐπικαταττὰν,

2222 5128 2342 5197 τρὶς
2363 5127 2545 5190 αὐτοῖς
2565 5132 2885 5181 κατασεῖσαι
2906 5130 3003 5192 τὰς
3030 5132 3236 5200 χεῖρας,
3267 5129 3501 5183 κλαῦσαί
3520 5145 3574 5184 τε
3600 5123 3757 5196 πικρὸν

2219 5214 2332 5273 οἷον
2362 5220 2456 5274 καὶ
2492 5222 2800 5293 συμπαθὲς,
2831 5224 2945 5287 καὶ,
2978 5223 3184 5289 Κόπτε,
3209 5223 3346 5295 πρὸς
3375 5224 3570 5285 αὐτοὺς
3602 5222 3755 5274 εἰπεῖν.

2220 5314 2409 5380 κόπτε,
2443 5313 2539 5367 καὶ
2592 5314 2667 5385 μὴ
2725 5315 2932 5382 φείδου.
2982 5316 3119 5378 Τοὺς
3159 5315 3215 5368 δὲ
3260 5313 3404 5369 οὕτω
3449 5333 3500 5368 τι
3532 5314 3663 5385 μέγα
3691 5308 3761 5363 καὶ

2217 5404 2390 5474 βίαιον
2413 5405 2611 5458 αὐτίκα
2640 5406 2864 5475 ὴχῆσαι,
2892 5407 2968 5467 ὡς
2999 5405 3193 5476 ἀθρόον
3220 5406 3555 5479 ταραχθῆναι
3582 5403 3667 5456 καὶ
3688 5399 3761 5459 τὰς

2215 5496 2508 5560 ἀϐύσσους.
2548 5498 2657 5549 Καὶ
2698 5500 2747 5550 οἱ
2801 5498 2900 5565 μὲν
2941 5500 3177 5570 ἐναέριοι
3222 5502 3341 5561 ταῖς
3386 5498 3560 5567 ὴῖόσιν
3607 5490 3762 5561 ὠρμή·

2219 5606 2401 5654 σαντο,
2444 5588 2628 5654 πόλεις
2672 5589 2729 5643 δέ
2775 5593 3117 5663 παραχρῆμα
3166 5591 3261 5644 καὶ
3305 5593 3497 5661 κώμας
3540 5589 3628 5640 καὶ
3668 5600 3763 5636 συν-

2216 5681 2393 5744 οικίας
2427 5676 2574 5753 εἶχεν
2602 5683 2636 5753 ἡ
2678 5682 2775 5753 γῆ,
2813 5685 3013 5756 πτῶμα
3045 5683 3280 5754 χαλεπὸν
3310 5676 3761 5752 κατενηνεγμένας.
