3988 6514
76 452 216 517 3085

1069 450 1244 513 VITA
1284 453 1331 510 Α
1371 448 1809 512 NICEPHORU
1844 446 2308 509 CONSCRIPTA

3192 453 3333 520 3086

85 568 384 639 Γενόμενος
409 566 589 621 τοίνυν
613 567 643 620 ὁ
666 566 761 621 τοῦ
794 565 929 620 Θεοῦ
954 566 1138 631 δοῦλος
1170 568 1227 622 ὲν
1249 567 1449 637 ἐαυτῷ,
1479 569 1655 637 Προσ-

1763 580 1902 634 quas
1936 571 2083 620 terra
2114 564 2204 619 illa
2237 562 2499 626 habebat,
2535 564 2693 620 ruina
2721 566 2978 623 manebat
3000 565 3333 626 miseranda.

72 658 331 723 εὔξασθαι
367 659 462 711 καὶ
492 656 657 712 πάλιν
692 656 945 720 ἐκτενῶς,
977 652 1152 722 εἶπεν,
1176 656 1419 726 ἀδελφοὶ,
1440 658 1545 727 χρή
1564 674 1577 689 ⁸
1604 657 1655 711 εἰ

72 752 179 821 γὰρ
227 752 323 803 καὶ
360 752 459 819 τὴν
496 749 682 820 χώραν
718 748 923 819 ταύτην
959 749 1145 819 ἀπαθῆ
1181 749 1364 803 κακῶν
1392 749 1654 818 διαφυλα-

72 836 267 905 χθῆναι
299 837 542 907 προέφην
570 837 720 904 ὑμῖν,
744 838 819 900 ὡς
845 836 910 890 ἐκ
929 837 1028 907 τῆς
1051 837 1201 901 θείας
1227 838 1441 909 ἔχωμεν
1472 839 1652 892 θανεῖν

73 927 487 999 φιλανθρωπίας
509 946 522 958 ·
555 928 691 983 ἀλλὰ
717 929 927 1000 μεγάλη
972 929 1123 999 παρὰ
1152 931 1355 1001 Κυρίου
1386 931 1523 1003 ὀργὴ
1558 932 1654 984 θυ-

74 1019 173 1090 μοῦ
217 1020 388 1073 αὑτοῦ
440 1022 497 1073 ἐν
547 1021 682 1092 πυρὶ
725 1021 888 1091 ζήλου
936 1021 1103 1074 αὑτοῦ
1152 1021 1231 1092 τῷ
1267 1023 1457 1094 κόσμῳ
1495 1023 1656 1077 ὲκκέ-

70 1130 293 1178 καυται,
340 1112 422 1165 διδ
471 1113 566 1166 καὶ
614 1113 860 1185 μεγάλης
899 1113 1027 1184 ὑμῖν
1065 1113 1147 1167 δεῖ
1177 1114 1312 1185 πρὸς
1352 1115 1513 1168 αὐτὸν
1555 1116 1654 1181 τῆς

70 1202 434 1273 ἐπιστροφῆς,
492 1202 630 1257 ἀλλὰ
681 1203 775 1257 καὶ
826 1203 925 1275 τῆς
981 1204 1123 1275 ὑπὲρ
1172 1204 1265 1258 τοῦ
1315 1204 1519 1269 παντὸς
1560 1205 1653 1259 εὖ·

69 1308 193 1361 κης.

135 1473 258 1545 ρς⁹.
297 1475 509 1539 Πάντας
553 1476 844 1547 τοιγαροῦν
877 1474 1259 1547 συναθροίσας,
1292 1478 1409 1531 ὅσοι
1444 1494 1502 1531 τε
1543 1479 1652 1532 τῶν

62 1566 239 1621 αὐτοῦ
266 1566 521 1637 μαθητῶν
545 1562 707 1637 ἦσαν,
728 1568 822 1619 καὶ
846 1568 960 1620 ὅσοι
990 1567 1322 1639 πολλαχόθεν
1352 1568 1653 1639 τηνικαῦτα

62 1659 484 1729 παραϐαλόντες
526 1661 841 1731 ἐτύγχανον,
889 1661 1256 1733 παραγγέλλει
1309 1666 1462 1733 κοινῇ
1517 1663 1652 1715 πᾶσι

60 1750 221 1815 λιτὰς
248 1754 379 1823 παρ’
401 1753 528 1816 ὅλας
554 1753 769 1826 ἡμέρας
796 1753 1061 1825 ἐξήκοντα
1084 1753 1383 1825 προσάγειν
1403 1754 1545 1827 Θεῷ,
1572 1754 1651 1807 ἔτι

62 1848 157 1896 καὶ
212 1845 341 1906 τοὺς
375 1844 466 1897 ἐπὶ
498 1848 617 1909 ταῖς
656 1847 832 1910 λιταῖς
867 1844 1071 1916 ὕμνους
1102 1845 1263 1910 αὐτὸς
1305 1845 1402 1900 καὶ
1436 1846 1652 1910 συνθεὶς

61 1935 154 1988 καὶ
208 1935 449 2000 διδάξας,
480 1937 625 2001 οἴους
652 1931 766 1991 ὦτα
802 1938 937 1991 Θεοῦ
970 1937 1108 2008 πρὸς
1137 1937 1360 1999 ἑαυτοὺς
1400 1937 1653 2007 ἐπιπρέο
1684 1926 1728 1981 Β

62 2046 213 2095 σειν.
250 2028 564 2082 Ἐτελοῦντο
587 2030 691 2100 μὲν
722 2026 817 2083 οὖν
849 2031 905 2084 αί
938 2030 1106 2096 λιταὶ,
1136 2032 1250 2094 τοῖς
1280 2031 1344 2083 ὲκ
1370 2031 1471 2101 τῆς
1502 2031 1654 2103 ἱερᾶς

64 2121 291 2189 ἐκείνης
327 2120 571 2190 γλώττης
606 2123 771 2193 ἱεροῖς
808 2122 1251 2195 κατεπᾳδόμεναι
1278 2121 1468 2194 ὕμνοις
1493 2138 1509 2153 ο
1543 2125 1655 2185 τοῖς

60 2213 115 2266 δὲ
142 2213 335 2283 ὄχλοις
362 2213 468 2267 ἀνὰ
491 2214 588 2287 τὴν
624 2214 807 2288 χώραν
829 2217 1061 2270 δεδιέναι
1092 2234 1150 2270 τε
1189 2216 1325 2287 πρὸς
1363 2215 1535 2280 αὐτὰς
1560 2214 1655 2269 καὶ⁸

62 2303 299 2373 τρέμειν
353 2302 534 2374 ἐπῄει,
597 2304 833 2374 χρηστὸν
880 2305 945 2357 ὲκ
999 2303 1093 2357 τοῦ
1151 2304 1437 2375 μέλλοντος
1499 2305 1653 2358 οὐδὲν

62 2393 415 2463 προσδοκῶσι
435 2410 449 2425 '
476 2394 571 2459 καὶ
595 2395 777 2465 μέντοι
810 2395 905 2448 καὶ
940 2396 1037 2466 τὴν
1056 2395 1233 2465 ψυχὴν
1256 2397 1353 2468 τῆς
1376 2395 1471 2449 τοῦ
1506 2397 1653 2450 ὁσίου

61 2487 283 2557 μητρὸς
320 2486 643 2541 κατέσεισαν
672 2482 852 2551 αὗται,
890 2488 983 2542 καὶ
1019 2489 1331 2559 σεὸασμίως
1372 2490 1473 2545 ὅσα
1513 2490 1655 2544 κατᾶ

60 2577 292 2647 πνεῦμα
338 2579 529 2649 πατρὶ,
564 2578 763 2648 μᾶλλον
800 2578 879 2651 τῷ
913 2580 1013 2650 υἱῷ
1045 2581 1443 2652 προσελθοῦσα,
1481 2581 1650 2654 πολλή

57 2686 140 2732 τις
182 2664 259 2749 ἦν
288 2670 453 2723 αὐτοῦ
488 2672 716 2742 δεομένη
755 2672 1125 2744 γνωρισθῆναι
1154 2673 1255 2744 τὴν
1285 2675 1463 2729 αἰτίαν
1491 2675 1651 2746 αὐτῇ,

54 2756 125 2811 δι’
148 2760 231 2830 ἢν
257 2760 451 2831 ἐκείνῳ
484 2762 619 2831 πρὸς
646 2762 778 2815 Θεὸν
808 2764 862 2816 αἱ
893 2762 1000 2817 τῶν
1026 2764 1244 2817 οἰκείων
1273 2764 1532 2836 μαθητῶν
1563 2766 1655 2819 καὶ

54 2848 152 2903 τοῦ
196 2850 441 2921 πλήθους
484 2852 649 2907 λιταί.
692 2853 753 2908 Ὀ
801 2853 857 2907 δὲ
916 2854 1189 2925 μητρικας
1234 2855 1336 2908 οὐκ
1383 2856 1657 2927 ἀτιμάσας

55 2942 309 3010 δεήσεις,
339 2941 481 3011 ἅπερ
511 2942 615 2995 ὑπὸ
646 2942 744 3012 τῆς
770 2943 991 3014 χάριτος
1023 2942 1272 3017 μεμύητο
1293 2944 1653 3012 ἑκκαλύπτει,

55 3034 297 3099 Μέλλει,
362 3027 407 3087 ὧ
458 3036 655 3107 μῆτερ,
699 3034 890 3103 εἰπὼν,
932 3039 1131 3103 σεῖσαι,
1166 3036 1297 3108 φεῦί
1351 3038 1447 3108 τὴν
1491 3039 1595 3110 γῆν
1629 3041 1658 3093 ὁ

57 3126 228 3189 Θεὸς,
262 3127 341 3190 ὼς
364 3128 425 3180 οὐ
461 3127 681 3180 πώποτε
714 3129 1001 3200 πρότερον,
1032 3130 1114 3183 ὃτι
1140 3131 1215 3200 μὴ
1248 3129 1410 3200 μόνον
1436 3130 1531 3184 ἐπὶ
1560 3130 1656 3184 τοῦ

56 3215 406 3269 Δεσποτικοῦ
436 3217 531 3269 καὶ
562 3217 829 3289 σωτηρίου
863 3220 1089 3285 πάθους,
1135 3220 1202 3273 δι’
1227 3216 1289 3274 οὗ
1318 3220 1504 3274 παθὼν
1546 3220 1657 3291 ἐγὼ

59 3314 154 3363 καὶ
192 3309 432 3364 θανάτου
456 3312 550 3364 καὶ
570 3314 884 3384 τυραννίδος
908 3314 1153 3385 χαλεπῆς
1180 3315 1547 3387 ἀπολέλυμαι·
1580 3316 1658 3389 τῷ

58 3404 287 3475 σεισμῷ
322 3404 376 3457 δὲ
410 3408 503 3459 καὶ
526 3406 909 3477 συμπτώματα
941 3407 1154 3477 ἕψεται,
1189 3409 1415 3479 καρδίας
1444 3410 1655 3480 ἀνθρω-

60 3501 235 3569 πίνης
267 3499 471 3571 δηλαδὴ
503 3502 848 3573 θραύσματα.
878 3498 971 3567 Οἷς
1004 3503 1097 3556 ἐπὶ
1124 3503 1327 3574 μᾶλλον
1351 3504 1532 3574 ἐκείνη
1563 3505 1655 3559 τὸν

57 3590 236 3658 ίέόὸον
280 3591 587 3663 αῦξήσασα,
635 3594 776 3647 αἰτεῖ
808 3594 916 3647 τῶν
955 3595 1239 3665 ἁχράντων
1277 3594 1371 3648 τοῦ
1416 3596 1656 3666 Χριστοῦ

60 3683 395 3753 μυστηρίων
430 3685 616 3755 χερσὶν
667 3684 877 3739 ἐκείνου
921 3689 1042 3749 ταῖς
1083 3687 1259 3751 ὁσίαις
1305 3686 1654 3771 μεταλαβεῖν,

53 3774 316 3842 ἀσφαλὲς
353 3776 738 3847 φυλακτήριον.

1682 3266 1729 3325 C

1761 655 1898 712 Cum
1928 671 1996 711 ex
2025 655 2128 712 hac
2159 656 2360 712 mentis
2398 656 2731 712 alienatione
2758 657 2827 712 ad
2858 675 2915 713 sc
2954 659 3049 714 Dei
3089 660 3332 718 famulus

1763 750 2017 805 rediisset
2049 768 2062 804 :
2093 751 2194 805 Par
2213 759 2317 814 est,
2347 750 2547 819 inquit,
2586 750 2804 816 fratres,
2835 751 3037 806 iterum
3070 752 3341 810 intentius

1762 854 1922 895 orare
1975 857 1988 894 :
2036 840 2167 896 licet
2214 841 2360 896 enim
2404 841 2682 911 regionem
2734 841 2877 898 hanc
2926 842 3195 900 malorum
3240 860 3339 900 ex-

1762 949 1971 1011 pertem
2025 953 2341 993 mansuram
2391 936 2617 1007 prtedixi
2664 937 2841 1013 vobis,
2898 953 3071 1008 usque
3103 938 3232 993 dum
3272 955 3342 996 ex

1762 1030 1949 1085 divina
1993 1028 2329 1099 benignitate
2376 1043 2524 1082 mors
2574 1028 2708 1081 mibi
2771 1028 3063 1095 obveniat,
3100 1038 3339 1086 attamen

1763 1136 1957 1193 magna
2005 1120 2086 1175 ira
2138 1118 2377 1183 Domini,
2427 1118 2507 1172 ira
2559 1118 2764 1173 furoris
2804 1118 2952 1174 illius
2980 1119 3039 1173 in
3069 1119 3190 1189 igne
3235 1121 3341 1176 zeli

1761 1213 1849 1267 sui
1896 1211 2164 1266 mundum
2199 1210 2559 1265 inﬂammavit
2604 1228 2617 1263 :
2661 1219 2951 1281 propterea
3002 1219 3058 1265 et
3090 1210 3341 1265 converti

1762 1318 1864 1374 nos
1894 1302 1960 1356 ad
1991 1302 2144 1356 illum
2169 1316 2237 1356 ex
2266 1308 2379 1355 tota
2406 1309 2616 1364 mente,
2640 1309 2695 1355 et
2718 1315 2819 1371 pro
2844 1301 3103 1355 omnibus
3126 1300 3342 1371 precari

1760 1399 1999 1461 oportet.

1833 1481 1955 1537 106.
1986 1480 2209 1537 Coactis
2238 1480 2407 1551 igitur
2439 1478 2493 1534 in
2544 1495 2737 1543 unum,
2778 1489 3049 1552 quotquot
3097 1480 3341 1552 discipu-

1761 1572 1966 1637 lorum,
2021 1581 2294 1643 quotquot
2330 1581 2386 1626 ct
2434 1571 2770 1626 advenarum
2814 1573 2939 1628 istic
2990 1572 3095 1628 loci
3150 1588 3342 1628 versa~

1760 1665 1984 1729 bantur,
2027 1664 2287 1719 omnibus
2333 1664 2699 1719 communiter
2756 1662 2953 1717 indicit
3006 1678 3198 1732 preces
3244 1680 3343 1734 per

1760 1755 1881 1811 dies
1908 1757 2186 1826 sexaginta
2212 1756 2322 1809 Deo
2353 1753 2766 1825 persolvendas.
2806 1753 3011 1807 Praeter
3032 1753 3130 1807 has
3156 1762 3343 1807 autem

1759 1848 2072 1912 orationes,
2108 1846 2343 1918 hymnos
2380 1859 2597 1915 quoque
2643 1843 2980 1914 praescripsit
3022 1853 3078 1899 et
3120 1845 3340 1907 docuit,

1755 1938 1960 2009 quibus
2009 1952 2173 1992 aures
2217 1936 2435 1992 Domini
2477 1933 2720 1990 delinitaa
2747 1935 2966 1989 miseris
3010 1936 3344 1991 inclinaren-

1758 2041 1865 2086 tur.
1902 2029 2232 2085 Funduntur
2261 2043 2394 2099 ergo
2422 2028 2639 2083 indictae
2666 2042 2893 2097 preces;
2923 2042 3077 2082 sacra
3109 2028 3337 2100 Symeo-

1756 2124 1843 2179 nis
1869 2123 2056 2195 lingua
2095 2139 2283 2179 sacros
2318 2122 2688 2178 intercinente
2742 2120 2992 2191 hymnos,
3053 2122 3341 2190 potentius

1755 2211 1930 2267 Deum
1969 2221 2276 2268 moventes.
2308 2210 2379 2266 At
2428 2211 2694 2282 populum
2748 2212 3002 2282 regiones
3033 2211 3152 2267 illas
3190 2212 3344 2267 inco-

1757 2304 1962 2360 lentem
2013 2304 2177 2359 timor
2223 2304 2352 2360 inde
2389 2312 2554 2374 atque
2592 2314 2798 2358 tremor
2833 2304 3213 2359 vehementior
3254 2304 3342 2358 ix-

1757 2398 1948 2462 cessit,
1983 2397 2122 2454 nihil
2167 2397 2433 2468 deinceps
2456 2396 2585 2451 boni
2620 2406 3070 2466 exspectantem;
3123 2396 3233 2451 imo
3286 2406 3345 2453 ct

1757 2498 1989 2545 matrem
2018 2490 2306 2563 Symconis
2339 2488 2543 2544 eaedem
2575 2490 2923 2558 precationes
2942 2488 3186 2558 graviter
3209 2504 3338 2559 per-

1757 2581 2070 2637 turbarunt.
2109 2582 2235 2636 l‘laec
2258 2582 2444 2650 itaque
2474 2578 2865 2634 venerabunda
2896 2578 3119 2634 velutin
3144 2578 3342 2650 spiritu

1756 2673 1826 2729 ad
1860 2681 2096 2744 patrem,
2146 2681 2242 2728 aut
2276 2672 2464 2742 potius
2490 2668 2562 2727 ad
2588 2670 2783 2737 ﬁlium,
2826 2670 2941 2725 adit
3002 2670 3193 2725 multis
3238 2669 3343 2725 ob-

1759 2781 2003 2831 secrans,
2047 2777 2109 2821 ut
2137 2781 2357 2820 causam
2392 2764 2498 2821 sibi
2533 2764 2778 2835 aperiret
2818 2778 2989 2833 quare
3013 2778 3207 2833 preces
3237 2762 3344 2817 illa:

1760 2861 2028 2916 fratribus
2060 2874 2125 2914 ac
2173 2858 2351 2912 turbis
2408 2857 2668 2928 injunctze
2720 2862 2931 2911 essent.
2978 2855 3097 2910 Non
3138 2854 3345 2925 sprevit

1758 2963 1984 3023 rogatus
2043 2952 2135 3007 ille
2190 2958 2469 3005 maternas
2525 2965 2755 3019 preces;
2805 2958 2863 3005 et
2907 2964 3032 3019 qua:
3077 2947 3345 3003 divinitus

1756 3046 1988 3101 edoctus
2019 3044 2223 3107 fuerat,
2256 3051 2455 3097 cuncta
2481 3042 2833 3097 manifestat:
2865 3040 3344 3111 Conquassaturus

1759 3144 1864 3200 est,
1913 3134 2113 3203 inquit,
2150 3147 2183 3186 ο
2216 3141 2412 3194 mater,
2444 3130 2591 3187 Deus
2636 3142 2837 3186 terram
2885 3132 3127 3202 gravius,
3178 3147 3347 3201 quam

1763 3242 2003 3296 unquam
2039 3224 2309 3289 antehac;
2344 3223 2439 3277 illo
2487 3232 2698 3278 tantum
2764 3236 2915 3279 metu
2942 3234 3193 3294 excepto,
3247 3224 3344 3295 qui

1763 3319 1963 3376 accidit
1994 3319 2050 3373 in
2080 3317 2298 3373 Domini
2327 3332 2391 3372 ac
2419 3315 2719 3371 Salvatoris
2742 3314 2921 3370 nostri
2944 3315 3223 3385 passione,
3247 3332 3346 3387 per

1763 3427 1928 3483 quam
1980 3410 2233 3466 inﬁrmus
2273 3424 2376 3480 ego
2412 3416 2469 3462 et
2505 3417 2684 3463 morte
2720 3417 2777 3463 et
2822 3408 3023 3464 acerba
3051 3408 3347 3480 tyrannide

1761 3502 2032 3557 liberatus
2064 3516 2187 3556 sum
2219 3519 2233 3554 :
2264 3510 2473 3554 motum
2514 3508 2698 3553 autem
2744 3498 2895 3555 varia
2936 3510 3347 3571 consequentur

1759 3602 2148 3666 symptomata,
2201 3593 2275 3647 ita
2327 3598 2387 3647 ut
2433 3592 2687 3647 homines
2726 3592 2991 3648 cordibus
3032 3593 3346 3663 animisque

1759 3686 2028 3743 defecturi
2061 3686 2192 3740 sint.
2232 3685 2393 3740 Hisce
2424 3684 2662 3739 maximo
2689 3684 2887 3740 timore
2918 3694 3078 3739 aucta
3116 3685 3347 3756 Symeo-

1761 3780 1849 3835 nis
1894 3788 2091 3843 mater,
2147 3777 2476 3832 intemerata
2509 3776 2714 3832 Cltristi
2758 3777 3019 3850 mysteria
3064 3794 3095 3832 e
3141 3778 3348 3841 sanctis

52 3867 217 3921 illius
265 3866 379 3937 (9.5)
438 3869 690 3926 manibus
754 3870 1006 3941 accipere
1066 3871 1247 3940 petiit,
1288 3878 1477 3941 utpote
1543 3871 1913 3928 certissimum
1958 3870 2485 3940 securissimumque
2525 3870 2790 3926 adversus
2838 3871 3150 3940 ingruentia
3203 3875 3347 3931 maia

46 3958 409 4031 pnnsidium.

126 4062 242 4133 ρξ’.
277 4060 396 4129 Τῆς
446 4058 490 4111 δ’
536 4056 799 4129 ἐπιούσης
835 4056 1183 4129 (παρασκευὴ
1218 4056 1274 4111 δὲ
1315 4052 1405 4128 ἦν)
1436 4056 1651 4112 σαλεύει

50 4152 161 4223 μὲν
197 4150 306 4219 τὴν
337 4148 441 4218 γῆν
476 4146 573 4217 ὀψὲ
606 4147 705 4217 τῆς
736 4147 951 4218 ἡμέρας
995 4146 1139 4200 οὕτω
1178 4147 1445 4219 σφοδρῶς,
1475 4147 1550 4210 ὡς
1580 4146 1655 4217 μὴ

49 4249 233 4319 μόνον
263 4245 435 4316 αὐτὴν
470 4242 739 4313 πολλαχοῦ
788 4243 1047 4312 διασχεῖν,
1080 4242 1150 4297 τά
1185 4261 1245 4296 τε
1274 4243 1374 4313 ὄρη
1413 4242 1504 4314 βίᾳ.
1542 4242 1660 4295 δια-

46 4339 348 4410 τριϐῆναι,
397 4334 534 4389 ἀλλὰ
582 4336 677 4387 καὶ
707 4333 806 4404 τὴν
852 4333 1128 4387 θάλασσαν
1160 4335 1351 4402 φυγεῖν
1380 4333 1473 4386 τοῦ
1518 4330 1653 4386 Θεοῦ

48 4431 371 4503 πρόσωπον
406 4428 468 4480 οὐ
502 4428 773 4498 φέρουσαν
802 4426 1175 4497 ὀργιζόμενον,
1206 4425 1281 4488 ώς
1316 4425 1565 4478 ἐντεῦθεν
1591 4424 1652 4476 οὐ

49 4523 255 4584 πόλεις
310 4520 473 4591 μόνον
522 4522 617 4573 καὶ
668 4517 863 4588 κώμας
923 4518 1018 4571 καὶ
1057 4517 1332 4580 συνοικίας
1369 4517 1509 4569 κατὰ
1556 4514 1655 4587 τὴν

44 4616 336 4685 ὀφθεῖσαν
380 4610 458 4682 τῷ
501 4609 726 4683 Συμεὼν
765 4609 887 4679 ὄψιν
933 4609 1133 4671 ἀθλίως
1179 4609 1531 4670 καταπεσεῖν,
1560 4606 1655 4660 καὶ

1825 4054 1945 4108 107.
1966 4055 2188 4109 Postera
2222 4053 2334 4118 die,
2378 4062 2499 4107 erat
2527 4053 2620 4107 illa
2649 4054 2898 4120 Veneris,
2927 4055 3031 4111 sub
3059 4072 3345 4129 vesperam

1760 4156 1872 4201 tam
1904 4144 2083 4200 valide
2114 4143 2397 4200 concussit
2426 4144 2567 4200 Deus
2602 4152 2809 4198 terram
2843 4146 2976 4217 (~26),
2999 4156 3060 4201 ut
3083 4163 3191 4203 non
3224 4156 3347 4207 tan-

1758 4249 1874 4293 tum
1909 4237 2028 4307 ipsa
2066 4236 2205 4292 locis
2233 4235 2616 4306 compluribus
2677 4234 2950 4307 disrupta,
3015 4248 3344 4310 montesque

1759 4330 1815 4385 vi
1844 4329 2100 4385 dissoluti
2151 4328 2284 4391 sint,
2339 4327 2436 4381 sed
2477 4328 2644 4382 etiam
2697 4344 2850 4383 mare
2887 4329 3146 4399 fugerita
3204 4331 3340 4389 lacie

1762 4420 1881 4485 Dei,
1906 4419 2177 4488 nequiens
2194 4418 2469 4473 sustinere
2490 4418 2716 4473 iratam:
2750 4420 2889 4473 adeo
2912 4431 2971 4476 ut
2989 4438 3096 4476 non
3118 4422 3338 4485 domus,

1761 4521 1817 4566 et
1843 4510 1988 4580 pagi,
2028 4518 2084 4563 et
2129 4508 2297 4564 urbes
2328 4517 2559 4575 tantum,
2588 4512 2668 4565 uti
2716 4522 2999 4567 ostensum
3024 4512 3080 4568 in
3126 4515 3339 4575 visione

1762 4598 1953 4658 Sancto
2019 4602 2242 4666 fuerat,
2305 4601 2644 4657 succiderint
2723 4604 3136 4677 submersaeque
3184 4607 3335 4671 sint,

45 4703 432 4777 πληρωθῆναι
460 4700 495 4755 ἃ
533 4700 683 4772 παρὰ
718 4718 864 4764 τινος
893 4701 1000 4754 τῶν
1039 4698 1332 4772 προφητῶν
1363 4696 1655 4767 ὴπείληται

1762 4704 1925 4765 atque
1958 4694 2195 4764 impleta:
2225 4694 2434 4748 fuerint
2469 4695 2946 4762 comminationes,
2980 4698 3090 4768 jam
3122 4698 3334 4769 pridem

522 4843 551 4863 ﬁ
730 4854 737 4860 .

155 4868 265 4935 ‘25)
295 4868 434 4923 Erat
473 4858 611 4923 enim
655 4858 923 4922 diaconus
979 4864 1227 4935 Symeo‘u,
1276 4862 1354 4914 uti
1396 4876 1544 4914 num.
1587 4858 1658 4914 42

44 4932 324 5001 vidimus,
343 4940 619 4991 ordinatus
638 4956 656 4993 :
674 4954 737 4991 ea:
760 4940 852 4990 hoc
870 4952 989 4989 vero
1012 4932 1121 4988 loco
1141 4932 1339 4985 discere
1359 4946 1653 5001 possumus,

44 4948 324 5001 vidimus,
343 4948 619 4991 ordinatus
638 4956 656 4993 :
674 4954 737 4991 ex
760 4948 852 4990 hoc
870 4952 989 4989 vero
1012 4948 1121 4988 loco
1141 4948 1339 4985 atscere
1395 4948 1653 4994 assumus,

42 5012 349 5079 diaconos
369 5010 650 5079 ejusmodi,
696 5024 799 5061 non
828 5005 1000 5079 solum
1023 5003 1299 5079 “imbuisse
1343 4948 1655 5079 facultatem

45 5096 270 5149 corpus
317 5073 510 5134 Christi
535 5079 885 5149 distribuendi
904 5075 1166 5149 ﬁdelibus,
1193 5073 1283 5125 sed
1324 5073 1481 5125 etiam
1503 5086 1657 5137 penes

43 5168 108 5205 se
154 5147 478 5203 asservandi
507 5150 576 5202 ad
603 5148 908 5219 hujusmodi
944 5147 1125 5213 ﬁnem.

126 5221 263 5288 (26)
290 5221 441 5274 Alius
468 5212 683 5272 iterum'
708 5212 1057 5288 terrwmo’lus,
1092 5214 1262 5288 mult_o
1287 5212 1655 5288 grauissimus,

46 5282 255 5361 (paeni
287 5290 439 5343 illum
484 5290 723 5361 eumdem
758 5304 889 5361 esse,
945 5286 1007 5361 de
1052 5302 1154 5361 quo
1200 5282 1555 5361 Theophane:
1589 5282 1658 5335 ad

44 5352 286 5415 nimum
309 5361 402 5415 55l
417 5400 432 5423 ,
454 5359 640 5413 suadet
662 5360 935 5427 utriusque
960 5352 1260 5425 descriptio.
1283 5353 1369 5409 Sic
1396 5354 1466 5406 ibi
1497 5352 1660 5407 Theo-

45 5436 283 5502 phanes
306 5446 325 5485 .'
351 5430 480 5484 Julii
512 5445 642 5484 vero
669 5425 873 5502 mensis
901 5425 991 5481 die
1022 5442 1167 5481 nono
1201 5441 1430 5502 magnus
1456 5432 1514 5479 et
1538 5431 1661 5502 .ter-

50 5493 266 5557 ribilis
290 5507 637 5556 lermmotus
659 5499 836 5553 lactus
875 5508 959 5553 est
982 5512 1079 5566 per
1096 5511 1314 5550 omnem
1340 5493 1660 5566 Palzestinaa,

46 5578 93 5628 Α
104 5570 319 5631 rabiae,
337 5570 757 5641 Mesopotamiae,
781 5568 950 5641 Siriae
972 5564 1027 5622 et
1056 5566 1344 5641 Plunnices
1363 5564 1663 5641 regionem;

909 5647 1080 5709 rytus,
1121 5634 1361 5709 Tripolis
1399 5643 1455 5688 et
1484 5634 1664 5709 Byblis

1758 4876 1865 4928 quc
1896 4860 2081 4917 eﬂ'ecit
2107 4862 2296 4918 multis
2344 4860 2553 4931 magnis
2584 4855 2819 4911 navibus
2857 4856 3189 4931 recipiendis
3219 4855 3338 4911 ido-

1758 4926 1921 5013 ri‘cum
1949 4947 2112 5013 :_cun_t
2142 4933 2277 4987 urbs
2301 4934 2388 4987 illa
2408 4926 2562 5013 prius
2586 4940 2802 5013 portum
2826 4942 2933 5007 non
2960 4926 3335 5013 habuisset..."

1759 5001 2006 5056 llecessit
2035 5004 2201 5058 etiam
2234 5019 2383 5057 mare
2409 4996 2463 5056 in
2488 4996 2656 5055 altum
2681 4997 2856 5066 pelagi
2886 4996 3068 5051 sinum
3092 4996 3158 5051 ad
3188 4996 3337 5052 mille

1759 5086 1971 5138 passus,
2002 5090 2067 5127 ex
2095 5089 2205 5141 quo
2232 5074 2415 5127 multa:
2441 5084 2609 5141 naves
2633 5068 2686 5121 in
2718 5066 3062 5141 profundum
3086 5067 3339 5124 submer-

1868 5158 1881 5193 :
1920 5137 2247 5211 rursumque
2288 5144 2383 5197 Dei
2430 5149 2567 5195 nutu
2596 5138 2651 5192 in
2696 5137 2987 5211 proprium
3016 5137 3230 5211 alveum
3278 5153 3339 5194 se

1761 5212 1987 5281 recepit.
2024 5206 2301 5276 Haec-ille,
2332 5212 2423 5266 sed
2453 5228 2567 5264 cum
2609 5206 2779 5281 annus
2811 5207 2936 5281 EjPil,
2968 5206 3336 5281 habensliqe-

1762 5297 1877 5334 ram
1891 5277 2274 5339 Dominicalem
2302 5284 2367 5347 A,
2391 5280 2567 5351 fecerit
2599 5279 2631 5333 9
2651 5278 2786 5331 diem
2806 5277 2937 5351 Julii
2952 5278 3139 5351 cadere
3159 5279 3211 5331 in
3232 5277 3337 5330 ι)οο

1762 5353 2029 5422 minicam,
2076 5352 2159 5406 vel
2192 5346 2401 5422 corrigi
2424 5351 2568 5404 debet
2600 5364 2864 5422 numerus
2881 5346 3127 5422 litterulis
3157 5355 3205 5399 et
3239 5362 3337 5417 pro

1764 5420 1807 5471 θ’
1837 5423 1890 5485 9,
1922 5422 2025 5491 legi
2067 5424 2109 5486 ζ’
2143 5424 2195 5485 7,
2239 5420 2320 5477 vel
2335 5418 2523 5490 'potius
2553 5429 2677 5491 tota,
2699 5434 2781 5491 res
2813 5418 3011 5491 dinei-ri
3044 5418 3339 5491 ad_ann_um

1762 5492 1885 5553 555,
1909 5486 1998 5562 qui
2020 5493 2198 5547 habuit
2221 5486 2450 5546 litteram
2475 5486 2929 5562 Ilontinicaleinﬂ,
2951 5486 3162 5562 quando
3177 5486 3339 5541 etiam

1762 5556 1967 5615 videtur
1982 5580 2229 5617 concussa
2251 5558 2731 5629 Constantinopolis
2751 5568 2798 5611 et
2814 5556 3112 5612 Nicomedia
3137 5572 3337 5629 eversa,

1766 5640 1820 5684 ut
1853 5649 1971 5686 mox
1993 5634 2227 5697 dicetur;
2252 5633 2368 5687 licet
2396 5626 2855 5701 TlteOpltunesrharc
2880 5628 3073 5701 referat
3098 5626 3167 5680 ad
3195 5642 3338 5698 prie-

43 5645 220 5699 adeo
258 5652 316 5697 ut
349 5640 549 5711 Tyrus,
583 5640 777 5703 Sidon,

47 5716 257 5770 multa
307 5706 505 5766 danma
566 5710 900 5779 acceperint,
937 5706 1014 5762 'et
1067 5707 1349 5779 hominum
1396 5706 1666 5773 perierint

48 5785 259 5841 multa
299 5782 485 5837 millia.
553 5780 629 5845 Ad
664 5776 910 5833 Bostram
956 5794 1087 5831 vero
1143 5776 1421 5830 civitatem
1473 5790 1664 5898 mag-pa

49 5872 215 5898 nam
269 5854 634 5898 nrnnmnmrii
687 5850 821 5898 mari
852 5847 1172 5898 adiacentis.
1212 5847 1300 5898 cui
1343 5861 1540 5898 nomen
1619 5846 1663 5896 i-

49 5872 215 5927 pars
269 5854 637 5927 promontorii
687 5850 821 5927 mari
852 5847 1172 5927 adiacentis,
1212 5847 1300 5927 cui
1343 5861 1540 5899 nomen
1572 5846 1663 5898 Li-

49 5915 487 5998 ihoprosopus,
515 5922 699 5978 avulsa
732 5922 784 5976 in
817 5915 969 5975 mare
996 5915 1255 5973 translata
1276 5926 1379 5981 est,
1413 5926 1660 5987 portum-

1765 5704 2029 5756 cedentem
2083 5720 2281 5757 annum
2325 5703 2449 5767 554,
2491 5699 2548 5754 in
2585 5716 2686 5771 quo
2728 5700 2903 5771 ipsum
2943 5699 3126 5771 etiam
3155 5712 3339 5771 errare

1765 5781 1907 5842 patet
1952 5788 2015 5827 ex
2052 5789 2305 5827 concursu
2355 5767 2656 5842 Dominicie
2684 5767 2932 5842 cumdie
2988 5768 3052 5822 15
3094 5767 3333 5842 gingiua.

1765 5837 1854 5912 qui
1888 5860 1989 5897 non
2018 5844 2117 5898 nisi
2164 5845 2215 5896 iu
2250 5859 2451 5897 armum
2500 5841 2603 5899 555
2630 5839 2745 5910 jam
2785 5839 2979 5895 dictum
3005 5837 3171 5896 cadit.
