3988 6538
661 435 794 505 309i

1850 442 1913 506 S.
1952 444 2330 506 SYMEONIS
2357 445 2721 510 JUNIORIS

3734 459 3841 527 3092

662 570 767 625 pax
797 549 931 616 tibi;
965 544 1199 603 accersit
1232 553 1286 600 te
1328 545 1638 601 communis
1679 545 1792 601 Rex
1852 562 1915 601 ac
1958 547 2244 601 Dominus.

2362 566 2412 602 σε
2440 549 2575 620 πρὸς
2608 549 2804 603 ἑαυτὸν
2831 551 2859 603 ό
2886 549 3065 614 κοινδς
3095 550 3352 604 ἁπάντων
3388 552 3644 627 Δεσπότης
3664 560 3739 613 καὶ
3762 566 3843 619 Br

740 729 863 784 112.
927 724 1166 783 Deduxit
1193 739 1257 780 ea
1317 739 1423 779 vox
1474 721 1528 777 in
1582 720 1831 792 agoniam
1890 721 2240 792 discipulum,

664 822 817 876 luctu
866 826 1031 888 atque
1072 814 1273 887 gaudio
1318 814 1722 868 alternantibus
1760 828 1774 865 :
1817 811 1971 867 luctu
2019 811 2242 881 quidem

668 924 785 966 tum
816 910 887 964 ob
910 905 1381 963 denuntiationem
1413 903 1628 965 mortis,
1653 917 1805 957 mors
1830 902 2036 971 quippe
2058 902 2243 956 omni-

666 1000 773 1058 bus
796 1012 988 1055 natura
1018 996 1308 1059 terribilis;
1345 1005 1457 1049 tum
1488 994 1559 1048 ob
1581 994 1869 1048 decessum
1898 1008 2242 1061 supremum,

667 1103 793 1164 post
819 1108 982 1162 quem
1012 1090 1160 1144 nulla
1190 1088 1390 1142 iterum
1430 1085 1734 1141 decedendi
1781 1099 1908 1153 spes
1949 1093 2241 1154 superest:

670 1186 870 1256 gaudio
920 1198 1052 1237 vero
1096 1180 1223 1249 quia
1256 1179 1543 1249 prmseutis
1584 1177 1712 1231 vitae
1755 1176 2018 1231 arumnis
2076 1175 2240 1240 liber,

670 1292 765 1331 eas
811 1281 1245 1330 commutatur-us
1295 1278 1415 1323 erat
1472 1283 1597 1323 cum
1643 1266 1975 1337 exspectatis
2031 1266 2245 1335 pridem

672 1368 859 1425 bonis.
891 1376 949 1421 et
995 1362 1415 1418 retributionem
1476 1360 1726 1415 laborum
1764 1368 2108 1429 accepturus.
2145 1358 2252 1412 lta-

674 1476 782 1530 que
812 1456 1164 1528 praaceptoris
1198 1454 1306 1517 sui,
1343 1459 1402 1508 ut
1439 1452 1639 1523 potuit,
1695 1451 1897 1505 melota
1938 1449 2250 1504 circumda-

596 1594 609 1607 .
674 1568 785 1618 tus,
815 1569 988 1622 eaque
1012 1562 1160 1607 arcte
1196 1549 1551 1614 constrictus,
1589 1556 1642 1602 et
1678 1547 1913 1601 animam
1949 1546 2102 1600 velut
2131 1560 2253 1599 cor-

599 1708 607 1721 ‘
674 1661 805 1715 pore
835 1644 1067 1698 solutam
1101 1640 1555 1701 circumvolutus,
1590 1638 1816 1693 omnino
1842 1636 2095 1700 credens,
2126 1632 2254 1689 inde

675 1753 734 1792 se
766 1744 1055 1790 exeuntem
1086 1733 1142 1786 in
1199 1732 1455 1786 tutiorem
1504 1731 1687 1786 locum
1718 1730 1823 1784 iter
1860 1728 2125 1797 arripere,
2185 1724 2254 1779 ad

566 1830 593 1849 "
677 1825 1175 1897 peregrinationem
1226 1823 1331 1877 sibi
1381 1823 1690 1877 obeundum
1744 1827 1855 1875 tota
1901 1826 2085 1873 mente
2131 1832 2258 1871 con~

2348 637 2552 701 σιλεύς.

2425 728 2549 799 ριβ’.
2607 728 2843 798 Ἀγωνία
2902 728 3193 799 τοιγαροῦν
3227 730 3488 800 λαμϐάνει
3520 734 3605 787 τὸν
3635 738 3842 813 μαθητὴν,

2350 818 2538 872 πένθει
2590 820 2683 872 καὶ
2731 819 2876 890 χαρᾷ
2932 817 3262 889 σύμμικτος,
3294 819 3355 873 τὸ
3397 823 3493 891 μὲν
3520 825 3644 894 πρὸς
3666 827 3747 897 τὴν
3774 832 3845 899 τῆς

2350 912 2614 982 τελευτῆς
2643 911 2927 980 ἀγγελίαν,
2966 911 3049 965 ὅτι
3083 910 3245 981 φύσει
3280 915 3411 967 πᾶσι
3447 916 3659 985 φοϐερὸν
3690 920 3847 989 ἀνθριὶι.

2351 1019 2475 1066 ποις
2501 1003 2529 1054 ὁ
2584 1003 2835 1066 Θάνατος,
2873 1005 2968 1056 καὶ
3013 1003 3112 1074 τὴν
3167 1005 3399 1075 ἐσχάτην
3447 1008 3741 1076 ἀποδημίαν,
3764 1017 3844 1081 μεθ’

2352 1097 2419 1166 ἣν
2449 1095 2673 1164 οὐδεμία
2718 1096 2881 1148 πάλιν
2928 1096 3084 1159 ἐλπὶς
3139 1096 3446 1161 ἀναλύσεως
3479 1115 3494 1129 ’
3547 1100 3603 1152 τὸ
3646 1101 3710 1166 δὲ,
3752 1107 3845 1173 πρὸς

2358 1188 2460 1258 τὴν
2498 1187 2607 1238 τῶν
2669 1188 2953 1259 παρόντων
3010 1187 3336 1258 ἀπαλλαγὴν
3363 1188 3647 1260 δυσχερῶν,
3673 1195 3749 1246 καὶ
3780 1197 3847 1259 τὰς

2359 1278 2822 1348 προσδοκωμένας
2854 1278 3089 1347 ἀμοιϐὰς
3112 1317 3127 1340 ,
3156 1279 3250 1331 καὶ
3278 1278 3378 1348 τὴν
3402 1280 3508 1334 τῶν
3563 1283 3716 1337 πόνων
3745 1285 3847 1339 ἀντί.

2355 1372 2521 1425 δοσιν.
2577 1372 2656 1442 Τῇ
2708 1369 2804 1423 τοῦ
2854 1370 3177 1423 διδασκάλου
3224 1372 3405 1425 τοίνυν
3459 1374 3531 1437 ὡς
3570 1372 3696 1445 εἶχεν
3736 1379 3851 1441 εὐθὺς

2360 1462 2678 1535 περιχυθεὶς
2736 1461 2983 1533 μηλωτῇ,
3024 1462 3161 1525 ὅλως
3212 1480 3273 1515 τε
3330 1463 3506 1535 τούτῳ
3537 1469 3764 1538 προσφὺς,
3785 1475 3853 1524 καί

2359 1550 2450 1607 οἷα
2494 1555 2677 1624 γυμνῇ
2737 1552 3211 1622 περιπτυξάμενος
3270 1556 3336 1625 τῇ
3396 1555 3559 1626 ψυχῇ,
3584 1559 3790 1628 καθάπερ
3820 1580 3855 1614 τι

2362 1644 2636 1697 πιστεύων
2693 1644 2902 1711 ἐφόδιον
2945 1642 3161 1698 ἐκεῖθεν
3212 1643 3403 1699 λαϐεῖν
3454 1646 3487 1717 ἢ
3543 1650 3854 1721 φυλακτήριον,

2365 1731 2484 1788 εἶτα
2532 1734 2669 1805 πρὸς
2720 1734 2820 1805 τὴν
2864 1736 3133 1806 ἐκδημίαν
3159 1736 3278 1789 ὅλον
3302 1737 3493 1790 ἑαυτὸν
3534 1742 3769 1803 συντείνας
3795 1748 3858 1795 καὶ

2366 1827 2676 1890 ἀπευθύνας
2703 1843 2719 1859 ο
2766 1826 2862 1881 καὶ
2914 1826 3009 1880 νῦν
3051 1828 3169 1899 μὲν,
3213 1828 3426 1897 Πάτερ,
3456 1832 3540 1895 είς
3579 1830 3750 1899 χεῖράς
3778 1850 3857 1885 σου

674 1919 932 1980 vertitur,
961 1915 1255 1983 omniaque
1279 1928 1346 1966 eo
1376 1912 1652 1981 disponit;
1687 1909 1851 1964 modo
1902 1906 2129 1977 quidem
2174 1908 2259 1958 in-

2362 1922 2721 1993 παραθίτημι
2772 1922 2840 1976 τὸ
2900 1921 3136 1992 πνεῦμά
3178 1940 3321 1991 μου,
3383 1922 3572 1992 λέγων,
3612 1924 3697 1978 νῦν
3719 1925 3857 1985 δὲ,Τὸ

678 2008 875 2078 quiens
911 2024 924 2060 :
956 2005 1140 2069 Pater,
1180 2006 1234 2058 in
1291 2019 1481 2056 manus
1513 2013 1631 2055 tuas
1668 1999 1971 2054 commendo
2016 1998 2259 2068 spiritum

681 2114 852 2153 meum
877 2098 956 2162 ¹⁹;
993 2096 1176 2159 modo,
1223 2092 1452 2165 Spiritus
1493 2100 1613 2145 tuus
1650 2091 1813 2144 bonus
1849 2089 2063 2142 deducet
2094 2102 2174 2139 me
2205 2087 2261 2139 in

687 2197 887 2243 terram
918 2197 1117 2240 rectam
1143 2187 1227 2241 η’.
1255 2186 1433 2255 Atque
1460 2184 1620 2238 istius
1652 2182 1799 2236 modi
1833 2177 2263 2249 preeatiunculis

685 2280 983 2351 indulgens
1027 2278 1218 2338 biduo.
1273 2276 1474 2331 sensim
1525 2274 1677 2329 velut
1735 2270 1887 2327 suavi
1947 2267 2265 2326 concedens

689 2387 908 2437 somno,
936 2370 1184 2441 corporis
1202 2368 1438 2424 vinculis
1456 2376 1620 2436 atque
1640 2377 1862 2419 carcere
1889 2359 2173 2424 eximitur,
2196 2356 2263 2411 ad

685 2464 1325 2538 spcratamlibertatem,
1381 2470 1438 2517 et
1486 2468 1690 2515 sancta:
1743 2454 2071 2513 obedientiaa
2127 2470 2266 2525 pra:—

689 2557 881 2621 mium,
933 2571 999 2610 ac
1064 2554 1349 2625 pulchram
1413 2552 1838 2607 retributionem
1903 2549 2263 2604 transiturus.

700 2652 879 2719 Atque
951 2649 1056 2703 hoc
1110 2647 1330 2717 quidem
1391 2653 1587 2715 praeter
1651 2644 1757 2699 alia
1815 2643 1986 2697 multa
2055 2649 2265 2697 certum

690 2752 853 2813 atque
908 2741 1138 2797 evidens
1187 2736 1565 2793 testimonium
1640 2734 1746 2800 sit,
1813 2728 1921 2788 tam
1974 2741 2266 2803 perspecta

692 2832 951 2905 Symeoni
979 2832 1147 2887 fuisse
1168 2830 1558 2898 futura,quam
1606 2826 1892 2898 pnesentia
1931 2843 1943 2879 :
1982 2842 2104 2895 qua:
2135 2837 2267 2878 vero

692 2935 1001 2998 sequuntur
1026 2939 1215 2995 parem
1237 2922 1442 2976 habent
1475 2920 1531 2975 id
1559 2919 1953 2990 comprobandi
2001 2920 2132 2975 vim.

767 3038 890 3092 “5.
942 3036 1228 3091 Fratribus
1266 3032 1610 3103 imposituris
1649 3040 1813 3101 atque
1858 3041 2272 3102 coagmentatu-

704 3128 785 3184 ris
806 3127 1155 3199 praegrandes
1185 3125 1329 3180 inter
1362 3140 1421 3179 se
1461 3123 1692 3194 lapides,
1723 3122 1928 3193 quibus
1986 3123 2040 3176 in
2097 3125 2270 3178 altum

2364 2014 2582 2085 πνεῦμά
2644 2030 2737 2067 σου
2795 2014 2857 2067 τὸ
2908 2014 3114 2083 ἀγαθὸν
3142 2014 3409 2085 ὁδηγήσει
3446 2032 3513 2084 με
3543 2016 3597 2068 ὲν
3615 2018 3678 2086 γῇ
3710 2016 3855 2086 εὐθείᾳ,

2373 2108 2467 2159 ἐπὶ
2502 2104 2772 2168 τοιούτοις
2799 2106 2967 2175 εὐχῆς
2997 2107 3205 2177 ῥήμασι
3237 2106 3377 2176 μετά
3404 2106 3650 2176 δευτέραν
3684 2109 3854 2175 ἡμέραν,

2363 2200 2553 2271 ὥσπερ
2604 2197 2729 2252 τινά
2784 2199 2989 2267 γλυκὺν
3044 2199 3229 2269 ἡρέμα
3284 2199 3569 2268 κοιμηθεὶς
3606 2198 3853 2261 ῦπνον,τὼν

2364 2294 2459 2347 τοῦ
2501 2292 2756 2363 σώματος
2810 2291 3027 2361 δεσμῶν
3079 2292 3175 2344 καὶ
3201 2291 3302 2361 τῆς
3329 2291 3570 2361 φυλακῆς
3616 2291 3852 2356 ἀπολύεται,

2367 2385 2463 2439 καὶ
2493 2386 2630 2455 πρὸς
2657 2385 2757 2455 τὴν
2791 2384 3003 2436 ἐκεῖθεν
3029 2382 3349 2454 μεταϐαίνει
3382 2382 3701 2452 ἐλευθερίαν,
3729 2384 3854 2435 καὶιά

2369 2476 2597 2548 λαμπρά
2625 2476 2727 2546 τῆς
2756 2475 3035 2546 μακαρίας
3066 2474 3350 2543 ὑποταγῆς
3383 2470 3519 2527 ἆθλα
3541 2475 3629 2528 καὶ
3661 2476 3717 2528 τὰ
3740 2475 3854 2542 κάλλη

2368 2570 2478 2624 τῶν
2533 2568 2879 2623 ἀντιδόσεων.
2924 2567 3095 2620 Τοῦτο
3152 2567 3249 2638 μὲν
3295 2567 3361 2637 δὴ
3408 2567 3628 2630 τοιοῦτο,
3653 2568 3730 2619 καὶ
3764 2566 3857 2617 ῶτιν)

2373 2659 2541 2729 σαφὲς
2584 2660 2721 2730 μετὰ
2768 2659 2982 2713 πολλῶν
3024 2658 3121 2711 καὶ
3170 2658 3346 2711 ἀλλων
3381 2658 3698 2728 μαρτυρίων,
3721 2655 3791 2709 τοῦ
3817 2658 3858 2708 τὰ

2375 2751 2640 2819 μέλλοντα
2707 2750 2801 2803 τὸν
2860 2748 3085 2821 Συμεὼν
3125 2750 3310 2820 διορᾷν
3369 2749 3443 2810 ὼς
3480 2750 3734 2819 παρόντα·
3766 2749 3816 2799 τὰ
3831 2749 3861 2799 δ’

2372 2844 2501 2913 ἑξῆς
2562 2843 2765 2914 ὁμοίως
2823 2843 3037 2915 ἔχοντα,
3071 2842 3164 2895 καὶ
3199 2842 3362 2903 αὐτὰ,
3388 2842 3481 2893 καὶ
3530 2841 3623 2909 τῆς
3674 2838 3770 2908 ίσης
3811 2836 3860 2905 τῷ

2371 2937 2705 3010 προλαϐόντι
2737 2939 3043 3009 δυνάμεως.

2446 3036 2573 3102 ριγ’.
2602 3029 2870 3085 Μέλλουσι
2920 3033 3033 3093 τοῖς
3091 3028 3343 3096 ἀδελφοῖς
3396 3026 3677 3081 ἐπιτιθέναι
3723 3039 3769 3076 τε
3802 3020 3860 3073 καὶ

2376 3122 2773 3194 συναρμόττειν
2836 3110 3085 3192 ἀλλήλοις
3143 3124 3209 3175 τά
3262 3122 3373 3175 τῶν
3426 3121 3585 3173 λίθων
3618 3113 3861 3187 μεγέθη,ὃι¹

695 3220 832 3291 erigi
862 3219 1116 3274 columna
1150 3217 1406 3279 debebat,
1454 3231 1566 3270 non
1603 3214 1829 3269 minima
1869 3229 2000 3269 cura
2051 3224 2171 3269 erat
2201 3215 2269 3271 de

2371 3210 2446 3271 ὧν
2477 3217 2506 3269 ὁ
2549 3216 2738 3280 στύλος
2770 3217 2850 3280 είς
2895 3216 3031 3286 ὕψος
3063 3215 3378 3285 ἐγείρεσθαι
3432 3211 3660 3282 ἔμελλεν,
3686 3210 3799 3268 ὅπως
3823 3206 3862 3257 ἄν

698 3312 1002 3376 machinis,
1050 3310 1253 3381 quibus
1287 3309 1493 3388 ,adhuc
1549 3306 1815 3361 utendqu
1879 3314 2029 3361 esset
2075 3324 2089 3360 :
2145 3322 2271 3361 cum

703 3403 941 3476 Symeon
965 3401 1116 3455 omni
1146 3400 1391 3454 animum
1417 3396 1789 3461 sollicitudine
1836 3396 2056 3451 liberari
2080 3397 2271 3467 jubet;

700 3504 865 3564 atque
919 3491 1196 3548 ait:Vidi
1234 3492 1290 3544 in
1344 3489 1543 3559 spiritu
1601 3488 1764 3542 hodie
1822 3486 1971 3541 circa
2036 3486 2278 3542 ﬂuminis

702 3584 906 3639 ostium
940 3583 996 3638 in
1032 3582 1170 3637 mari
1195 3582 1379 3635 virum
1414 3581 1586 3634 forma
1633 3580 1895 3649 cultuque
1946 3579 2272 3648 agrestiore,

700 3677 934 3732 sindone
961 3691 1029 3730 ex
1062 3676 1298 3729 humero
1325 3671 1583 3743 pendula,
1635 3670 1729 3741 qui
1779 3669 2021 3724 accurrit
2060 3668 2125 3723 ad
2167 3684 2275 3735 me,

704 3773 1008 3843 deprecans
1032 3778 1095 3824 ut
1128 3769 1272 3823 malo
1304 3768 1571 3829 daemone,
1621 3781 1650 3819 a
1681 3781 1790 3834 quo
1821 3766 1878 3818 in
1918 3762 2130 3817 balneis
2174 3762 2279 3816 mi-

704 3878 826 3918 sere
862 3869 1043 3917 tortus
1075 3860 1277 3923 fuerat,
1303 3858 1676 3922 liberaretur;
1744 3855 1905 3910 simul
1957 3871 2178 3927 rogans,
2216 3862 2278 3910 ut

706 3955 937 4026 lignum,
972 3953 1026 4007 in
1068 3966 1227 4006 usum
1256 3958 1577 4020 praesentem
1622 3946 2095 4017 percommodum,
2147 3960 2178 3999 a
2217 3960 2278 4000 se

706 4044 1190 4116 aceiperemleec
1242 4043 1334 4097 ille
1386 4041 1674 4111 discipulis
1734 4055 1895 4094 mane
1946 4039 2113 4104 dixit;
2156 4047 2282 4108 post

708 4138 876 4209 paulo
901 4151 1032 4191 vero
1061 4135 1128 4189 ad
1153 4149 1311 4204 opus,
1342 4132 1487 4202 quod
1517 4147 1625 4201 pre
1676 4130 1931 4186 manibus
1976 4129 2278 4193 habebant,

709 4230 953 4285 nondum
983 4242 1040 4282 se
1069 4226 1487 4297 accingentibus
1516 4223 1799 4288 fratribus,
1820 4222 1931 4277 imo
1954 4236 2025 4276 ne
2055 4222 2283 4276 dimisso

710 4321 933 4391 quidem
984 4328 1285 4382 conventu,
1351 4316 1449 4371 sed
1522 4315 1781 4369 omnibus
1834 4314 2017 4370 adhuc
2070 4313 2280 4369 circum

712 4422 961 4467 sanctum
994 4408 1335 4471 astantibus;
1360 4406 1618 4460 adventat
1640 4406 1723 4458 vir
1758 4405 1871 4468 ille,
1901 4404 2047 4474 quod
2073 4404 2283 4458 dictum

711 4514 797 4563 est
822 4505 1059 4574 signum,
1095 4501 1381 4556 siudonem
1413 4514 1607 4568 nempe
1645 4514 1811 4567 super
1837 4498 2129 4551 humerum
2187 4498 2285 4550 ha—

2375 3329 2523 3377 τινος
2553 3313 2690 3384 πρὸς
2721 3311 2879 3365 τοῦτο
2911 3311 3156 3380 μηχανῆς
3185 3310 3244 3361 εύ
3262 3310 3585 3379 πορήσειαν,
3608 3305 3692 3356 οὒκ
3737 3300 3861 3367 ἐλαχί-

2379 3423 2480 3477 στη
2543 3405 2766 3476 φροντὶς
2792 3398 2894 3473 ἦν’
2923 3404 2951 3455 ὁ
2978 3402 3039 3454 ’δὲ
3088 3401 3270 3472 πάσης
3315 3400 3413 3452 ἐπὶ
3460 3397 3625 3465 τούτῳ
3669 3392 3863 3462 μερίμνης

2379 3497 2630 3551 ἐκέλευεν
2658 3495 2842 3558 αὐτοῖς
2887 3494 2988 3556 τὰς
3016 3494 3196 3564 ψυχὰς
3253 3491 3533 3545 ἀπολύειν.
3571 3486 3754 3556 Ἐὡρων
3777 3484 3861 3548 rip.

2380 3589 2540 3660 εῑησδσ.
2569 3588 2647 3659 τῷ
2682 3587 2953 3657 πνεύματι
2981 3587 3223 3656 σήμερον
3250 3584 3448 3653 ἄνδρα,
3481 3581 3602 3650 περὶ
3643 3579 3727 3638 τὰς
3767 3573 3861 3627 uti

2381 3681 2650 3734 θάλατταν
2707 3678 2802 3731 τοῦ
2852 3677 3099 3746 ποταμοῦ
3162 3675 3416 3737 είσϐολάς
3447 3714 3461 3737 ,
3520 3672 3667 3742 ἐῴκει
3712 3669 3756 3718 δὲ
3794 3666 3863 3714 τῶν

2383 3768 2788 3842 ἀγροικοτέρων
2819 3765 2981 3835 εἶναι,
3018 3767 3228 3821 σινδόνα
3260 3782 3321 3818 τε
3354 3762 3469 3835 εἶχε
3501 3763 3631 3816 κατά
3650 3762 3724 3811 τὸν
3747 3750 3864 3821 ὦμον.

2383 3865 2477 3918 καὶ
2510 3866 2536 3917 ὁ
2586 3861 2723 3932 ἀνὴρ
2757 3859 2989 3932 προσῄει
3017 3877 3127 3930 μοι,
3177 3857 3430 3927 δαίμονος
3480 3848 3869 3923 καταρῤηγνύνπξ

2383 3958 2441 4009 ὲν
2503 3956 2807 4027 βαλανείοις
2866 3953 3050 4017 αὐτὸν,
3084 3950 3469 4020 ἀπαλλαγῆναι
3507 3938 3868 4015 δεόμενοςξῶω

2383 4066 2466 4114 τε,
2499 4048 2634 4119 πρὸς
2660 4047 2758 4118 τὴν
2788 4044 3071 4116 παροῦσαν
3097 4042 3286 4112 χρείαν
3319 4037 3385 4093 εὖ
3430 4039 3573 4109 ἕχον,
3598 4033 3803 4098 δέξασθαί
3828 4044 3869 4094 με

2384 4140 2515 4210 παρ’
2551 4137 2714 4193 αὑτοῦ
2750 4137 2937 4203 ἀξιῶν.
2977 4134 3167 4189 Ταῦτα
3194 4136 3221 4186 ὁ
3274 4133 3375 4202 μὲν
3404 4132 3597 4201 ὄρθρου
3625 4128 3719 4185 τοῖς
3752 4120 3870 4189 μαίιη·

2384 4232 2505 4294 ταῖς
2532 4230 2748 4299 εἰρήκει
2776 4244 2789 4257 ·
2825 4227 2965 4297 μετά
2996 4226 3168 4297 βραχὺ
3198 4225 3254 4277 δὲ
3284 4222 3433 4278 οὕτω
3458 4222 3553 4290 τὴν
3590 4213 3772 4278 σύναξιν
3798 4211 3871 4260 διι-

2385 4298 2700 4392 λυσαμένων
2730 4320 2930 4385 αὐτῶν,
2965 4318 3084 4371 οὐδὲ
3108 4316 3243 4387 πρὸς
3270 4316 3341 4368 τὰ
3391 4316 3449 4367 ὲν
3497 4312 3639 4383 χερςὶ
3674 4298 3871 4392 τραπομέ,
3928 4304 3929 4313 ι

2387 4388 2659 4478 νων,-ἀλλ’
2688 4414 2769 4465 ἔτι
2795 4411 2923 4481 περὶ
2956 4410 3119 4462 αὐτὸν
3173 4408 3481 4476 ἱσταμένων
3528 4402 3788 4470 ἀφικνεῖται
3813 4388 3872 4442 καὶ

2387 4510 2415 4561 ὁ
2437 4506 2598 4577 ἀνὴρ,
2635 4506 2695 4557 τὸ
2730 4506 2955 4573 σημεῖον
2985 4502 3079 4553 ἐπὶ
3127 4499 3221 4552 τοῦ
3264 4498 3418 4567 ὤμου
3457 4498 3552 4565 τὴν
3600 4491 3775 4546 σινδόνα
3808 4481 3871 4548 φέ’

712 4595 885 4660 heus;
916 4595 1053 4664 petit
1087 4593 1286 4662 expelli
1335 4608 1365 4645 a
1420 4606 1479 4645 se
1514 4590 1802 4643 molestum
1855 4589 2182 4652 daemonem,
2225 4588 2269 4640 in

2362 4614 2505 4668 ρων
2535 4613 2548 4626 ⁸
2590 4597 2649 4659 ὃς
2714 4593 3033 4661 ἀπαλλαγῆς
3086 4607 3145 4643 τε
3204 4588 3447 4659 χαλεποῦ
3495 4586 3722 4654 δαίμονος
3757 4586 3874 4668 xm:

715 4685 926 4743 balneis
954 4701 1073 4740 sesc
1107 4685 1342 4755 dejicere
1367 4683 1627 4749 solitum;
1661 4691 1823 4752 atque
1853 4697 1960 4736 una
2013 4688 2184 4751 rogat,
2225 4687 2285 4733 ut

715 4779 863 4851 quod
892 4794 1081 4834 secum
1110 4778 1386 4833 detulerat
1412 4776 1644 4846 lignum,
1679 4790 1875 4845 capere
1929 4774 2167 4844 Symeon
2218 4787 2287 4826 nc

717 4871 1080 4941 dedignetur:
1127 4868 1360 4938 perinde
1391 4883 1455 4922 ac
1495 4867 1537 4920 si
1588 4875 1883 4936 utrumque
1934 4863 2285 4923 beneﬁcium,

715 4972 774 5019 et
806 4978 838 5017 a
864 4962 1111 5017 daemone
1144 4959 1547 5015 immunitatem
1580 4958 1683 5013 sibi
1720 4954 1988 5028 praestari,
2031 4962 2086 5007 et
2116 4952 2285 5007 oblati

720 5053 969 5109 muneris
989 5053 1266 5123 repulsam
1284 5067 1393 5105 non
1428 5050 1595 5112 ferre,
1627 5049 1743 5118 pari
1774 5048 1825 5101 in
1861 5046 1983 5101 loco
2013 5059 2288 5115 reponen-

638 5134 642 5137 5
720 5145 851 5200 dum
880 5153 1151 5201 censeret.
1180 5142 1417 5198 Sanctus
1470 5142 1652 5210 itaque
1684 5137 2022 5192 (lmxuoniaco
2070 5136 2289 5205 signum

720 5238 926 5301 crucis,
953 5236 1223 5291 orationis
1273 5235 1479 5288 virtute
1530 5231 1816 5286 sutl‘ultum
1863 5227 2179 5297 impressit;
2227 5242 2291 5279 ac

727 5327 961 5398 maligno
982 5327 1200 5398 spiritui
1253 5326 1307 5379 in
1366 5324 1588 5379 nomine
1634 5321 1851 5375 Domini
1893 5334 1956 5372 ac
1987 5318 2290 5373 Salvatoris

726 5419 901 5473 nostri
932 5417 1208 5487 przecepit,
1244 5423 1304 5469 ut
1336 5415 1460 5468 inde
1486 5413 1782 5466 lacesseret
1817 5429 1829 5464 :
1887 5425 1995 5479 quo
2025 5409 2289 5463 continuo

724 5506 1111 5568 exterminata,
1147 5502 1402 5574 praesenti
1451 5500 1765 5555 necessitati
1819 5500 2040 5563 cedens,
2083 5498 2288 5568 lignum

729 5600 783 5655 in
819 5597 1213 5652 monasterium
1240 5595 1445 5665 portari
1464 5594 1652 5664 jussit.

802 5689 922 5744 ιιι.
970 5687 1227 5758 Exigente
1278 5687 1474 5740 iterum
1518 5703 1620 5740 usu
1679 5685 1824 5738 aliud
1875 5684 2070 5740 simiiis
2112 5687 2293 5743 fttl‘llth

807 5865 1002 5919 "Luc.
1054 5881 1197 5921 xxm.
1236 5866 1321 5921 46.
1401 5864 1627 5918 "‘Psa‘.
1658 5879 1819 5926 cun,
1864 5865 1936 5921 ιιι,

2390 4660 2674 4751 ϐάλλοντος
2711 4689 2769 4739 ὲν
2801 4660 3104 4755 βαλανείοις
3129 4682 3290 4735 αὑτὸν
3320 4682 3493 4733 ἐδεῖτο
3521 4678 3712 4746 τυχεῖν,
3743 4669 3810 4721 καὶ
3832 4660 3872 4711 τδ

2400 4781 2602 4852 προσὸν
2624 4779 2820 4849 ἐκείνῳ
2854 4778 3010 4844 ξύλον
3034 4775 3287 4841 δέξασθαι
3319 4774 3473 4843 ἠξίου
3503 4772 3589 4825 τὸν
3618 4755 3876 4852 Συμεὼν,ὼς

2400 4850 2459 4927 ἐν
2489 4875 2589 4943 ἴσῳ
2618 4873 2712 4925 καὶ
2737 4873 2837 4941 τῆς
2857 4870 2950 4923 τοῦ
2975 4869 3231 4938 δαίμονος
3264 4864 3581 4933 ἀπαλλαγῆς
3605 4850 3873 4920 πεποιῆσθαι.

2395 4970 2488 5023 καὶ
2519 4969 2579 5020 τὸ
2613 4967 2689 5036 μὴ
2710 4966 2811 5034 τῆς
2843 4962 3121 5028 ἀξιώσεως
3164 4960 3368 5029 ταύτης
3412 4953 3726 5027 διαμαρτεῖν,
3751 4957 3875 5036 mgf-

2398 5029 2627 5129 πλησίαν
2654 5029 2845 5125 ὥσπερ
2868 5055 3154 5124 ἀμφότερα
3177 5051 3461 5121 τιθέμενος
3484 5047 3651 5116 χάριν.
3674 5029 3877 5129 tam“?

2394 5151 2475 5220 τῷ
2494 5124 2766 5217 ⁷πάσχοντι
2795 5124 2973 5198 τοίνυν
3008 5145 3138 5212 εὐχῇ
3168 5139 3575 5209 δυναμουμένην
3599 5124 3877 5219 ἐπιϐαλὼν

2396 5261 2455 5296 τε
2492 5239 2711 5312 πονηρῷ
2762 5236 3036 5308 πνεύματι
3092 5238 3150 5289 ὲν
3202 5232 3428 5302 ὀνόματι
3480 5227 3572 5280 τοῦ
3622 5219 3789 5288 Κυρίου

2398 5301 2649 5407 Σωτῆροξ
2679 5301 3033 5403 ὲ”¹’·⁵ι⁴¹⁵⁸ί·’σή,σαεῖν
3061 5330 3120 5382 τὸ
3149 5329 3247 5399 μὲν
3294 5301 3453 5388 εὐθὺς
3504 5314 3777 5407 ἀπελαύνει,
3798 5301 3874 5355 πεξ-

2395 5406 2636 5485 οεταινδὲ
2788 5426 3077 5494 ἀναγκαίῳ
3104 5423 3203 5492 τῆς
3244 5419 3454 5491 χρείας,
3482 5415 3575 5469 καί⁵
3610 5413 3679 5472 είς
3712 5406 3787 5473 τὴν
3816 5411 3875 5464 μο-

2394 5526 2493 5598 νὴν
2522 5524 2583 5577 τὸ
2612 5522 2767 5587 ξύλον
2800 5517 3213 5588 ἀνακομίζεται.

2479 5682 2591 5754 9‘5"
2632 5678 2848 5749 Ἑτέρθυ
2875 5676 3033 5732 πάλιν
3064 5672 3262 5746 ὁμοίως
3289 5670 3496 5742 ἔχοντος
3527 5663 3669 5728 ξύλου
3694 5644 3876 5720 δεομένῗς
