3988 6500
202 384 342 447 3093

1208 392 1380 451 VITA
1413 394 1459 451 A
1498 392 1933 457 NICEPHORO
1972 400 2453 468 CONSCRIPTA.

3306 401 3409 464 309
3418 373 3447 460 ι

199 495 298 563 τῆς
329 493 537 565 χρείας,
571 494 863 565 προλαϐὼν
892 496 961 550 τά
986 497 1095 551 τῶν
1126 498 1385 570 μαθητῶν
1414 502 1619 565 ἐκεῖνος
1645 503 1773 573 περὶ

1882 506 2104 577 lignum,
2140 518 2476 578 przevertens
2522 507 2773 562 sollicitis
2826 508 2928 563 hac
2971 522 3137 579 super
3181 522 3241 563 re
3281 507 3446 562 disci-

197 586 391 640 τούτου
416 588 701 656 φροντίδας
723 591 788 659 τῇ
814 588 908 641 τοῦ
936 590 1220 660 μέλλοντος
1243 591 1530 664 πόρρωθεν
1557 594 1776 663 ἀψευδεῖ

111 734 116 739 ,
198 678 524 750 καταλήψει,
568 678 696 733 Ἰδοὺ
734 682 894 753 φοιτᾷ
925 681 1088 736 πάλιν
1133 682 1273 754 ἀνὴρ
1304 684 1512 756 ἔτερος,
1540 684 1665 755 ἔφη,
1698 688 1775 740 ol-

197 769 346 822 κεῐον
376 772 442 840 τῇ
474 772 809 843 προκειμένῃ
838 772 995 843 χρείᾳ
1023 772 1177 836 ξύλον
1209 775 1267 827 ὲν
1292 773 1370 844 τῷ
1399 774 1493 829 τοῦ
1527 762 1772 846 ποταμοῦ

199 859 432 929 στόματι
463 861 622 931 ἔχων,
664 862 758 916 καὶ
793 862 953 916 τοῦτο
995 863 1176 916 λαϐεῖν
1215 867 1366 937 ἡμᾶς
1393 866 1558 931 ἀξιῶν
1580 882 1595 898 ο
1640 866 1669 918 ό
1713 868 1771 921 δὲ

198 950 337 1016 ποῦς
365 953 467 1007 οὐκ
501 954 707 1023 ὀλίγαις
750 955 828 1026 τῷ
858 955 1013 1025 ἀνδρὶ⁸
1049 956 1374 1027 βαλλόμενος
1398 958 1630 1025 ὀδύναις,
1651 960 1773 1014 οὐδὲ

126 1094 131 1097 ,
196 1047 399 1100 ἄπονον
427 1046 575 1116 αὐτῷ
613 1046 712 1116 τὴν
751 1047 977 1118 πορείαν
1008 1048 1285 1119 παρέχων.
1319 1050 1505 1104 Ταῦτα
1533 1050 1668 1122 ὁμοῦ
1710 1068 1773 1106 τε

194 1137 390 1209 εἴρητο
421 1138 556 1210 πρὸς
585 1139 803 1205 αὐτοὺς,
838 1140 933 1193 καὶ⁸
954 1139 1090 1211 ὁμοῦ
1126 1141 1491 1212 παρεστηκὼς
1523 1138 1592 1215 ἦν
1625 1144 1771 1197 ἐκεῖ-

198 1246 311 1293 νος,
334 1230 607 1299 δεόμενος,
639 1230 769 1298 γόνυ
793 1230 1010 1297 κλίνων,
1035 1234 1135 1291 τὰς
1156 1232 1310 1304 ὄψεις
1342 1235 1642 1307 ὲρείδωντῇ
1675 1239 1769 1307 γῇ,

195 1320 384 1376 πάντα
421 1322 592 1375 ποιῶν
632 1323 726 1377 τόν
752 1340 814 1377 τε
846 1325 980 1377 πόδα
1003 1325 1113 1379 τῶν
1136 1326 1337 1380 ὀδυνῶν
1367 1326 1647 1397 ἀνεθῆναι,
1678 1330 1772 1382 καὶ

194 1413 336 1484 ὅπερ
369 1413 508 1484 ἔχων
532 1413 797 1485 ἐτύγχανε
824 1416 981 1481 ξύλον
1007 1417 1085 1488 τῷ
1106 1418 1247 1490 άγὶῳ
1284 1420 1562 1491 δεχθῆναι,
1584 1421 1770 1490 δέησιν

196 1506 439 1580 ἑκάτερα
486 1507 808 1579 ποιούμενος
857 1510 1002 1581 ίσην.
1044 1512 1103 1566 '0
1130 1513 1186 1567 δὲ
1221 1514 1320 1584 τὴν
1357 1514 1547 1585 βαῖνην
1576 1516 1770 1588 ῥάϐδον

194 1596 400 1663 λαϐὼν,
435 1600 585 1654 παίει
607 1602 699 1655 τὸν
725 1601 986 1658 νοσοῦντα
1006 1604 1164 1669 πόδα,
1194 1607 1342 1676 καὶὴ
1370 1606 1550 1677 πληγὴ
1588 1626 1768 1678 παρα-

192 1686 362 1753 δόξως
394 1689 550 1758 ὑγεία
582 1690 660 1762 τῷ
684 1692 946 1762 κάμνοντι
978 1694 1208 1762 γίνεται,
1245 1695 1305 1748 τό
1335 1712 1395 1749 τε
1440 1696 1595 1762 ξύλον
1633 1699 1768 1751 ἀνα-

194 1780 484 1850 κομίζεται
532 1784 625 1837 καὶ
670 1784 825 1849 αὐτὸ,
853 1784 1093 1850 είξαντος
1135 1789 1343 1841 ἐκείνου
1384 1790 1658 1844 κάνταῦθα
1690 1790 1768 1861 τῷ

192 1848 297 1941 τῆς
323 1872 512 1943 χρείας
536 1848 929 1948 ἀπαραιτήτῳ,
958 1879 1053 1932 καὶ
1075 1848 1117 1931 ό
1145 1879 1335 1945 στύλος
1375 1883 1454 1944 εἰς
1482 1881 1618 1954 ὅπερ
1639 1848 1768 1954 ὁρᾶ.⁹
1804 1848 1842 1907 Β

191 1978 286 2017 ται
318 1963 416 2017 νῦν
441 1963 657 2036 αίρεται
688 1965 839 2036 ὕψος.

267 2144 391 2216 ριε’.
422 2147 607 2221 Ταύτῃ
640 2148 934 2221 τοιγαροῦν
966 2150 1396 2222 ἀπαρτισθέντος
1423 2152 1519 2207 τοῦ
1550 2153 1767 2216 στύλου,

193 2237 327 2307 περὶ
356 2237 545 2309 τρίτην
575 2238 725 2311 ῶραν
753 2241 1043 2314 ἡμερινὴν,
1074 2243 1178 2297 ὑπὸ
1222 2247 1478 2316 μυριάσιν
1516 2246 1767 2315 ἀγγέλων

193 2330 487 2398 ἐπιφανεὶς
543 2331 572 2384 ό
625 2333 880 2403 Χριστὸς,
934 2336 1188 2408 ποθεινῆς
1231 2337 1366 2409 ὁμοῦ
1403 2339 1499 2392 καὶ
1539 2341 1773 2411 φρικτῆς

194 2420 415 2491 ἐκείνης
457 2423 796 2493 ἐπιφανείας,
828 2427 885 2479 ὲν
910 2426 1061 2499 ἄρτῳ
1092 2446 1153 2482 τε
1191 2430 1288 2486 καὶ
1319 2431 1447 2503 οἴνῳ
1473 2449 1773 2503 πνευματι-

195 2511 312 2577 κῶς
336 2516 715 2585 προσκομίσας
750 2517 928 2588 (αὐτὸς
959 2519 1015 2573 δὲ
1047 2517 1115 2592 ῆν
1139 2522 1166 2574 ὁ
1193 2523 1288 2575 καὶ
1317 2525 1641 2597 προσφέρων
1667 2525 1775 2596 ἄρα

197 2604 294 2658 καὶ
335 2607 798 2678 προσφερόμενος)
834 2610 935 2681 τὴν
957 2612 1052 2666 τοῦ
1075 2613 1277 2667 οἰκείου
1307 2613 1637 2686 θεράποντος
1666 2616 1775 2670 ὑπὸ

200 2697 387 2768 μόνοις
411 2703 522 2765 τοῖς
548 2701 758 2755 ἐκείνου
800 2704 1117 2775 ὀφθαλμοῖς,
1148 2707 1198 2760 οἳ
1234 2707 1329 2760 καὶ
1356 2707 1492 2779 πρὸς
1518 2710 1776 2777 τηλικαύο

196 2807 301 2859 την
343 2790 465 2860 ὄψιν
500 2791 731 2862 ὴξίωντο
754 2794 1085 2860 διαϐλέπειν,
1123 2798 1318 2869 ἡγίασε
1356 2801 1566 2856 στάσιν.
1597 2803 1777 2871 "Amp

198 2884 382 2938 ίδόντα
412 2885 503 2939 τὸν
549 2886 774 2956 Συμεὼν
797 2888 949 2960 πόθῳ
982 2907 1043 2943 τε
1071 2894 1170 2961 τῆς
1210 2892 1303 2944 ἐπὶ
1337 2892 1428 2946 τὸν
1461 2892 1652 2948 στύλον
1679 2896 1776 2949 ἀν-

196 2976 321 3031 όδου
373 2976 558 3045 πόθον,
595 2979 689 3032 καὶ
738 2981 942 3052 σπουδῇ
996 2982 1233 3054 σπουδὴν
1282 2985 1610 3055 ⁴προσλαϐεῖν
1636 3004 1650 3018 ο
1681 2989 1778 3041 καὶ

195 3070 329 3133 τοὺς
377 3070 839 3141 εύδοκιμωτέρους
883 3073 1015 3128 τῶνλ-
1035 3075 1292 3144 μαθητῶν
1348 3078 1775 3147 συγκαλέσαντα,

195 3160 300 3231 τὴν
323 3159 472 3215 θείαν
501 3161 685 3224 αὐτοῖς
708 3163 766 3215 ἐν
789 3163 1061 3233 πνεύματι
1088 3164 1472 3231 ταπεινώσεως
1504 3168 1778 3239 ἐξηγήσα-

198 3251 329 3306 σθαι
367 3251 512 3320 δψιν,
545 3252 774 3318 ἀξιῶσαι
821 3270 882 3306 τε
928 3254 1151 3317 τούτους
1195 3256 1386 3326 ἑορτὴν
1431 3257 1645 3328 ἐκείνην
1678 3258 1776 3327 τὴν

196 3340 414 3413 ἡμέραν
444 3341 598 3409 ἄγειν
627 3340 908 3413 λαμπράν,
943 3343 1094 3415 φόϐῳ
1137 3343 1265 3415 θείῳ
1296 3348 1394 3415 τὴν
1430 3347 1658 3417 καρδίαν
1685 3350 1778 3403 εὑ⁴

200 3432 620 3502 φραινομένους,
644 3434 702 3487 τὸ
740 3436 839 3505 μὲν
871 3435 961 3489 διά
991 3437 1054 3489 τὸ
1077 3438 1305 3508 φρικτὸν
1331 3439 1433 3509 τῆς
1460 3439 1779 3510 ἐπιδημίας,

196 3523 263 3576 τὸ
288 3522 345 3576 δὲ
372 3524 460 3579 διά
491 3524 551 3578 τὸ
574 3526 852 3607 ὑπερφυὲς
875 3529 976 3596 τῆς
1003 3529 1392 3601 χρηστότητος.
1433 3531 1497 3584 Ἦ
1533 3530 1589 3583 δὲ
1620 3527 1710 3602 ἦν,
1746 3534 1779 3605 ἡ

198 3614 462 3686 ἐπαύριον
486 3616 585 3687 τῆς
619 3618 1024 3689 Πεντηκοστῆς,
1056 3618 1183 3672 καθ’
1202 3620 1268 3691 ἦν
1298 3622 1394 3675 καὶ
1418 3622 1518 3695 τὴν
1549 3625 1630 3687 είς
1656 3626 1782 3688 τοὺς

197 3707 438 3778 Χριστοῦ
492 3711 743 3781 μαθητάς
781 3710 1112 3783 ἑορτάζομεν
1167 3711 1261 3766 τοῦ
1316 3713 1633 3785 Πνεύματος
1685 3716 1779 3771 τοῦ

198 3800 359 3869 ἁγίου
410 3802 744 3873 ἐπιδημίαν
788 3805 909 3858 κατ’
939 3805 1110 3876 αὐτὴν
1146 3805 1256 3879 γάρ
1295 3808 1625 3875 ἐπιφανέντα
1682 3809 1781 3881 τὴν

197 3894 421 3965 ἡμέραν
454 3895 604 3966 αύτῷ
636 3898 729 3951 κα)⁵
755 3896 844 3951 τὸν
868 3897 1073 3969 Κύριον
1106 3901 1138 3971 ἡ
1149 3899 1266 3971 μῶν
1293 3901 1387 3954 καὶ
1406 3899 1539 3954 Θεὸν
1565 3902 1781 3970 ἀγιάσει

197 3984 301 4055 τὴν
329 3986 517 4041 στάσιν
546 3988 714 4042 αὐτοῦ
745 3989 842 4060 τὴν
880 3991 974 4043 ἐπὶ
1013 3989 1107 4045 τοῦ
1141 3990 1354 4058 στύλου,
1384 3994 1484 4063 τὴν
1515 3997 1782 4065 μυστικὴν

201 4078 291 4133 ἐπ’
353 4078 520 4132 αὐτοῦ
580 4079 773 4134 θυσίαν
840 4084 1298 4152 προσαγαγόντα,
1367 4078 1456 4137 οἷα
1523 4085 1782 4153 συγγενές

200 4188 257 4225 τι
316 4170 509 4234 σκεῦος
563 4173 672 4235 τοῖς
721 4173 1039 4237 ἀποστόλοις
1100 4175 1352 4246 εὑρόντα,
1434 4176 1529 4230 καὶ
1587 4193 1784 4245 συγγε-

202 4260 329 4325 νοῦς
380 4262 531 4331 αὐτῷ
584 4263 806 4333 χάριτος
856 4265 1086 4328 ἐκείνοις
1139 4267 1507 4335 μεταδιδόντα.
1567 4268 1783 4337 Ταύτην

202 4356 235 4408 ὁ
293 4354 394 4424 μὲν
450 4355 684 4409 δέδωκεν
745 4356 961 4427 ἐντολὴν
1030 4359 1143 4421 τοῖς
1195 4361 1617 4432 ὲπισημοτέροις
1673 4360 1785 4414 τῶν

204 4445 471 4516 ἀδελφῶν,
530 4446 652 4516 ἥτις
701 4448 852 4519 παρὰ
907 4451 971 4520 τῇ
1033 4452 1166 4521 μονῇ
1220 4452 1313 4504 καὶ
1362 4453 1441 4515 είς
1488 4451 1647 4522 δεῦρο
1687 4470 1784 4523 τη-

208 4540 406 4610 ρείται.

282 4637 415 4701 ριςθ.
444 4631 557 4703 Τῆς
589 4630 635 4684 δ’
667 4631 930 4701 ἐπιούσης
963 4632 1249 4703 Κυριακῆς
1281 4632 1390 4704 (εἴη
1422 4634 1465 4688 δ’
1496 4633 1561 4688 ὃν
1594 4635 1627 4706 ἡ
1658 4635 1785 4704 ἑξῆς

204 4723 309 4794 τῆς
335 4722 761 4794 Πεντηκοστῆς),
792 4722 931 4791 μετὰ
957 4723 1055 4787 τὰς
1081 4722 1309 4788 ἑωθινὰς
1349 4724 1516 4795 ᾠδάς,
1551 4726 1649 4789 τὰς
1690 4727 1788 4796 μὲν

204 4813 309 4885 τῆς
345 4814 513 4885 μονῆς
547 4813 720 4877 πύλας
757 4817 872 4879 τοῖς
898 4812 1096 4879 ἔξωθεν
1144 4815 1372 4884 φοιτῶσι
1412 4817 1626 4869 κελεύει
1655 4818 1784 4870 καθ-

206 4906 358 4972 άπαξ
385 4906 844 4977 ἀποκλεισθῆναιθ
869 4906 1033 4970 αὐτὸς
1061 4907 1119 4960 δὲ
1147 4909 1274 4971 τοὺς
1300 4908 1561 4978 ἀδελφοὺς
1584 4910 1793 4976 πάντας

211 4997 559 5067 συναγαγὼν,
582 4998 703 5069 Θεῷ
732 5016 792 5052 τε
821 4999 1115 5070 θυμιάσας,
1142 5000 1242 5053 καὶ
1262 5000 1390 5068 γόνυ
1415 5000 1594 5055 κλίναι
1625 5004 1792 5058 πᾶσιν

207 5091 392 5152 αὐτοῖς
435 5090 717 5158 ἐπιτάξας,
749 5090 992 5161 κεφαλὴν
1029 5091 1168 5161 μετά
1203 5090 1314 5145 τῶν
1350 5094 1593 5162 γονάτων
1620 5096 1687 5166 τῇ
1718 5097 1789 5167 γῇ

206 5183 306 5237 καὶ
327 5177 482 5246 οὗτος
505 5182 746 5254 ἐρείσας,
772 5183 982 5256 δάκρυά
1009 5201 1068 5237 τε
1093 5186 1161 5238 τά
1186 5185 1280 5238 καὶ
1307 5185 1650 5259 θυμιάματος
1674 5188 1793 5261 Θεῷ

214 5276 418 5347 μᾶλλον
469 5277 603 5348 ἡδίω
654 5278 749 5330 καὶ
787 5277 1126 5351 εύωδέστερα
1173 5280 1391 5351 θερμῶς
1441 5281 1790 5349 ἐπισπείσας,

208 5368 342 5438 ἄχρι
380 5367 576 5420 πολλοῦ
618 5367 995 5438 προσηύξατο’
1028 5370 1119 5422 ἐπὶ
1146 5371 1287 5423 τέλει
1323 5371 1379 5423 δὲ
1407 5372 1506 5442 τῆς
1539 5373 1707 5442 εὐχῆς
1732 5374 1794 5427 τὸ

226 5458 404 5528 ’Λμὴν
438 5458 619 5511 αὐτῶν
644 5458 1001 5523 ὲπειπόντων,
1034 5460 1269 5523 ἀναστάς
1307 5460 1498 5530 πρῶτα
1529 5462 1629 5529 μὲν
1655 5480 1790 5532 συγ-

211 5548 459 5620 χώρησιν
481 5550 662 5612 αὐτοῖς
689 5551 869 5620 πάσης
898 5550 1085 5614 ἁπλῶς
1108 5550 1437 5620 ἀντιλογίας,
1468 5553 1563 5605 καὶ
1592 5554 1794 5618 παντὸς

213 5635 423 5705 οὗτινος
453 5635 546 5695 οὖν
601 5642 845 5695 ἑκουσίου
880 5640 914 5711 ἢ
946 5647 1003 5695 ἐν
1034 5644 1223 5714 ἀγνοίᾳ
1250 5644 1451 5698 ἐδίδου·
1494 5642 1613 5700 εἶτα
1652 5664 1793 5717 παρ-

1874 598 2019 667 pulis
2076 597 2368 670 Symeonﬁ
2418 599 2691 654 inlallibili
2757 599 3071 654 futurorum
3133 599 3446 670 cognitione

1876 689 2242 747 informatus:
2276 691 2440 757 Ecce,
2465 691 2665 761 inquit,
2720 706 2940 746 rursum
2997 691 3083 746 vir
3137 692 3276 747 alius
3337 691 3447 746 huc

1875 776 2127 849 ventilat,
2154 783 2249 852 qui
2278 783 2486 853 lignum
2522 782 2913 852 usuiprtesenti
2940 797 3209 853 perquam
3230 793 3443 852 aptum,

1876 875 1931 930 in
1985 876 2126 931 ostio
2186 876 2430 931 ﬂuminis
2464 875 2656 942 habet,
2702 884 2966 947 rogatque
3020 888 3083 931 ut
3128 876 3305 947 ipsum
3351 892 3447 931 ac-

1875 964 2164 1034 cipiamus.
2201 967 2303 1021 Pes
2354 966 2577 1021 saucius
2606 981 2719 1020 non
2778 966 3027 1020 modicos
3050 965 3172 1020 viro
3212 965 3444 1021 dolores

1873 1066 2118 1126 generat,
2153 1072 2256 1111 nec
2287 1057 2520 1112 transire
2547 1057 2656 1111 huc
2680 1056 2887 1125 absque
2916 1057 3067 1127 gravi
3111 1056 3300 1111 labore
3346 1072 3446 1126 pa-

1875 1147 2030 1202 titur.
2056 1147 2227 1203 Simul
2253 1147 2368 1203 haec
2386 1148 2533 1203 dicta
2558 1158 2706 1213 sunt,
2733 1149 2897 1203 simul
2928 1147 3188 1218 praefatus
3208 1146 3292 1202 vir
3312 1162 3448 1203 con-

1873 1241 2038 1307 stitit,
2084 1242 2399 1311 supplicans
2424 1242 2578 1299 ﬂexis
2603 1241 2856 1316 genibus,
2906 1241 3016 1297 ﬁxo
3066 1222 3222 1296 humi
3261 1242 3444 1305 vultu,

1882 1331 2021 1386 nihil
2040 1348 2151 1387 non
2176 1348 2363 1403 agens,
2394 1350 2504 1403 quo
2544 1344 2601 1389 et
2652 1334 2942 1389 doloribus
2979 1334 3261 1387 levaretur
3310 1347 3447 1387 suus

1872 1441 1991 1496 pes,
2029 1435 2086 1482 et
2110 1426 2318 1498 lignum
2346 1428 2491 1498 quod
2512 1429 2749 1484 habebat
2769 1435 3147 1497 acceptarctur
3174 1442 3204 1481 a
3226 1434 3445 1491 sancto;

1872 1515 2110 1585 duplicis
2157 1517 2271 1571 voti
2324 1532 2480 1587 aeque
2538 1533 2762 1588 compos
2823 1516 2940 1571 ﬁeri
3007 1516 3257 1587 cupiens.
3306 1515 3444 1570 Tum

1873 1608 2108 1679 Symeon
2136 1609 2349 1679 palmea
2371 1624 2469 1663 sua
2502 1609 2650 1679 virga
2675 1608 2867 1678 pedem
2893 1607 3148 1662 allectum
3186 1606 3445 1677 percutit,

1871 1710 1928 1755 et
1952 1700 2239 1770 percussio
2294 1699 2626 1755 mirabiliter
2677 1699 2729 1754 ei
2781 1698 2995 1754 sanatio
3030 1697 3170 1752 facta
3214 1704 3333 1760 est;
3380 1696 3448 1750 li-

1872 1807 2148 1863 gnumque
2198 1791 2367 1846 etiam
2434 1797 2823 1860 apportatum:
2874 1788 3065 1858 quoin
3119 1793 3446 1857 praesentem

1873 1884 2218 1939 necessitatis
2242 1882 2573 1939 excusabilis
2623 1896 2780 1936 usum
2839 1880 3117 1949 adaptato,
3178 1879 3439 1933 columna

1874 1978 1929 2031 in
1962 1991 2105 2043 eam,
2142 1991 2305 2046 quam
2328 1990 2478 2030 nunc
2509 1973 2783 2038 videmus,
2815 1970 3209 2027 sublimitatem
3255 1978 3439 2024 erecta

1873 2078 1957 2124 est
1986 2068 2120 2141 (δι).

1943 2160 2066 2217 115.
2110 2159 2225 2215 Hoc
2253 2159 2417 2215 modo
2446 2174 2571 2215 cum
2605 2159 2696 2214 illa
2726 2155 2983 2211 omnibus
3014 2155 3264 2226 partibus
3299 2160 3446 2208 esset

1872 2253 2157 2325 perfecta,
2208 2253 2432 2309 circiter
2479 2253 2673 2308 horam
2738 2250 2849 2307 diei
2922 2250 3141 2305 tertiam
3193 2244 3447 2318 apparuit

1872 2345 2142 2408 Christus,
2198 2344 2413 2398 inﬁnita
2457 2343 2781 2413 angelorum
2833 2352 3012 2395 turma
3072 2340 3340 2409 stipatus;
3390 2336 3445 2390 in

1873 2437 1979 2493 hac
2012 2445 2122 2491 tam
2152 2434 2510 2491 desiderabili
2557 2447 2719 2503 quam
2749 2430 3032 2487 tremenda
3078 2428 3444 2498 apparitione.

1873 2530 2032 2600 panis
2061 2543 2126 2583 ac
2170 2527 2283 2581 vini
2322 2525 2667 2597 spiritualem
2703 2523 2913 2579 faciens
2944 2520 3279 2576 oblationem
3308 2519 3448 2589 (ipse

1874 2630 2059 2678 autem
2107 2626 2227 2676 erat
2258 2617 2355 2688 qui
2401 2615 2673 2672 offerebat
2716 2623 2774 2669 et
2819 2610 3180 2678 onerabatur)
3244 2608 3448 2663 famulo

1874 2729 1995 2778 suo,
2023 2713 2181 2783 cujus
2209 2710 2381 2767 solius
2411 2709 2557 2764 oculi
2595 2708 2689 2763 tali
2720 2707 2932 2762 visione
2964 2704 3313 2765 fruebantur,
3342 2710 3451 2757 sta-

1875 2805 2045 2861 tionis
2065 2805 2262 2859 l'utura:
2287 2804 2470 2857 locum
2496 2798 2895 2855 sanctiﬁcabat.
2928 2796 3027 2851 llis
3050 2795 3185 2850 visis
3214 2793 3452 2858 Svmeon

1875 2896 2154 2953 desiderio
2188 2892 2592 2950 conscendendi
2647 2892 2703 2945 in
2752 2891 3063 2945 columnam
3112 2884 3451 2941 desiderium

1875 2988 2106 3053 addens,
2166 2994 2223 3040 et
2264 2983 2510 3039 studium
2554 2982 2773 3047 studio;
2841 2978 3159 3035 convocatis
3213 2976 3455 3046 probata:

1878 3082 2049 3152 magis
2078 3079 2206 3133 vitae
2256 3075 2524 3131 fratribus
2570 3074 2813 3127 divinam
2849 3071 3119 3126 visionem
3167 3068 3223 3122 in
3255 3066 3452 3137 spiritu

1826 3226 1844 3244 ,
1880 3170 2206 3226 humilitatis
2253 3165 2568 3232 enarravit;
2607 3172 2974 3235 precatusque
3002 3171 3107 3227 est,
3144 3168 3205 3215 ut
3254 3156 3455 3229 spiritu

1879 3262 2053 3318 divini
2100 3259 2317 3317 timoris
2340 3258 2663 3329 gaudentes,
2696 3257 2879 3311 lucem
2920 3255 3073 3309 illam
3102 3267 3269 3322 quam
3304 3249 3457 3305 testi-

1879 3351 2161 3409 vissimam
2215 3358 2469 3422 agerent;
2526 3364 2654 3404 cum
2714 3348 2915 3401 timore
2962 3344 3184 3416 quidem
3232 3348 3458 3412 propter

1881 3443 2248 3500 reverentiam
2280 3440 2553 3497 Dominici
2592 3439 2889 3502 adventus,
2923 3452 3047 3491 cum
3086 3433 3288 3504 gaudio
3324 3446 3458 3486 vero

1880 3544 2107 3607 propter
2134 3534 2531 3591 abundantiam
2557 3530 2844 3587 bonitatis.
2870 3530 3003 3585 Erat
3036 3528 3084 3583 is
3113 3526 3233 3581 dies
3262 3522 3458 3595 postri-

1880 3628 1972 3683 die
2014 3628 2390 3692 Pcntecostes,
2445 3641 2555 3696 qua
2596 3623 2892 3679 adventum
2924 3621 3165 3692 Spiritus
3199 3616 3373 3674 sancti
3402 3616 3460 3670 in

1881 3719 2183 3791 discipulos
2201 3718 2409 3775 Christi
2430 3716 2774 3773 celebramus
2800 3732 2814 3768 :
2841 3713 2935 3769 illo
2960 3725 3199 3780 namque
3230 3710 3349 3780 ipso
3368 3708 3459 3763 die

1881 3811 2250 3868 manifestavit
2277 3825 2335 3865 se
2366 3809 2467 3880 ipsi
2502 3808 2790 3869 Dominus,
2845 3814 2901 3859 et
2951 3803 3245 3859 stationem
3294 3814 3461 3869 super

1883 3906 2197 3962 columnam
2243 3902 2608 3965 consecravit,
2663 3898 2957 3971 mysticum
3000 3895 3204 3951 ibidem
3253 3891 3462 3948 sacriﬁ-

1884 3996 2033 4053 cium
2057 3995 2329 4060 oﬂercns;
2363 4002 2421 4048 et
2463 3990 2618 4061 quasi
2650 4005 2745 4043 vas
2773 3986 3063 4043 electionis
3095 3982 3357 4054 apostolis
3383 3981 3460 4035 si-

1886 4088 2013 4143 mile
2038 4085 2360 4148 invenisset,
2381 4081 2618 4138 similem
2636 4080 2856 4134 illorum
2885 4076 3115 4148 gratiam
3140 4073 3307 4129 etiam
3332 4071 3461 4125 huic

1887 4178 2232 4249 impertiens.
2267 4175 2394 4229 Haec
2422 4187 2590 4243 porro
2618 4170 2886 4225 fratribus
2913 4164 3260 4238 spcctatioris
3287 4162 3462 4216 virtu—

1887 4271 1957 4326 tis
1984 4271 2110 4325 data
2139 4267 2457 4339 praeceptio,
2508 4265 2575 4320 ad
2623 4278 2866 4335 praascns
2917 4274 3091 4329 usque
3143 4267 3360 4327 tempus
3404 4252 3458 4309 in

1887 4362 2221 4417 monasterio
2262 4361 2408 4431 viget
2456 4358 2590 4412 (5%.

1964 4639 1985 4692 l
1998 4638 2085 4693 16.
2105 4638 2327 4692 Postera
2347 4632 2653 4696 Dominica,
2673 4645 2793 4700 quae
2809 4637 2927 4684 erat
2941 4636 3065 4699 post
3078 4629 3436 4683 Pentecosten
3449 4665 3463 4691 ,

1888 4728 2107 4800 hymnis
2167 4724 2453 4781 matutinis
2507 4719 2817 4785 absolutis,
2882 4724 3074 4789 portas
3143 4712 3463 4770 monasterii

1890 4820 2257 4890 undequaque
2287 4814 2471 4872 claudi
2523 4827 2755 4886 peregre
2805 4808 3234 4868 adventantibus
3268 4805 3464 4878 jubet;

1894 4912 2209 4981 coactisque
2238 4908 2527 4978 discipulis
2573 4907 2855 4972 omnibus,
2908 4910 3034 4975 post
3079 4901 3324 4957 oblatum
3356 4898 3469 4952 Deo

1893 5004 2202 5069 incensum,
2240 5003 2475 5072 imperat
2523 5009 2584 5056 ut
2623 5014 2800 5071 genua
2832 5002 3103 5062 curvent;
3137 4994 3253 5064 ipse
3282 4999 3466 5047 autem

1893 5112 2007 5152 non
2046 5096 2125 5151 sic
2154 5104 2387 5159 tantum,
2417 5092 2513 5148 sed
2569 5100 2626 5146 et
2677 5090 2856 5160 capite
2906 5087 3061 5142 humi
3114 5092 3343 5148 stratus,
3391 5081 3471 5135 la-

1888 5169 2216 5259 crymasque
2248 5185 2360 5239 Deo
2390 5181 2662 5255 gratiores
2680 5187 2847 5250 atque
2876 5174 3026 5232 omni
3076 5175 3301 5229 incenso
3330 5170 3468 5226 odo-

1896 5279 2130 5335 ratiorcs
2192 5277 2477 5332 ferventer
2552 5273 2767 5337 libans,
2831 5271 2887 5325 in
2959 5270 3192 5324 multum
3256 5276 3473 5336 tempus

1897 5372 2203 5426 orationem
2224 5368 2508 5438 protraxit.
2530 5366 2609 5420 Ad
2631 5365 2795 5435 hujus
2819 5362 2980 5417 linem
3011 5356 3473 5430 subjungentibus

1903 5460 2190 5530 discipulis
2220 5459 2416 5524 Amen,
2453 5458 2693 5513 surrexit
2714 5458 2840 5512 ille:
2868 5471 2932 5511 ac
2967 5453 3205 5525 primum
3243 5448 3471 5521 quidem

1901 5552 2088 5609 delicti
2123 5551 2522 5622 cujuscunque,
2563 5564 2659 5604 seu
2686 5548 2990 5603 deliberate
3019 5559 3117 5602 seu
3158 5556 3259 5613 per
3312 5540 3470 5610 igno-

1904 5645 2136 5700 rantiam
2168 5643 2392 5698 admissi
2416 5642 2631 5697 veniam
2663 5640 2794 5710 ipsis
2823 5638 3004 5703 dedit;
3033 5635 3232 5692 deinde
3261 5631 3469 5689 adhor-

291 5827 517 5896 (51,52)
541 5828 732 5899 Calligi
755 5828 915 5883 datur
942 5843 1004 5881 ea:
1031 5825 1229 5881 duobus
1250 5828 1383 5883 hisce
1415 5827 1559 5895 locis,
1582 5830 1889 5899 scriptorem
1914 5844 2015 5881 non
2045 5827 2328 5881 admodum
2365 5822 2526 5878 multo
2554 5830 2667 5891 post
2699 5820 2903 5873 risisse.
