3988 6486
567 360 707 436 3095

1723 361 1783 421 S.
1826 358 2201 421 SYMEONIS
2243 358 2601 423 JUNIORIS

3652 362 3765 424 θυοδ

566 472 771 526 latione
858 468 1109 525 instituta
1183 469 1433 524 divinum
1508 468 1759 539 inprimis
1814 469 2131 525 mandatum

2250 472 2494 533 ιινέσεως
2526 468 2822 538 ἁψάμενος,
2851 465 2953 539 πρὸ
2979 466 3075 536 μὲν
3107 465 3324 519 πάντων
3352 465 3447 536 τὴν
3476 467 3771 540 Δεσποτικὴν

566 562 883 625 inculcavit,
918 570 978 617 ut
1002 561 1292 632 diligerent
1324 562 1468 617 inter
1504 576 1585 626 se,
1635 560 2133 626 Quemadmodum,

566 654 766 725 inquit,
796 669 898 724 ego
923 652 1089 707 dilexi
1127 668 1243 705 vos.
1279 652 1419 706 Tum
1473 650 1749 715 hortatur,
1802 664 1990 703 curam
2046 665 2138 704 ac-

565 756 815 809 curatam
850 754 911 801 ut
969 746 1206 801 habeant
1245 742 1605 814 professionis
1647 757 1760 797 sure
1815 750 1871 797 et
1912 742 2137 795 illorum

566 855 688 909 qua:
719 853 842 893 cum
890 836 984 892 illa
1048 836 1338 905 conjuncta
1394 841 1554 898 sunt;
1610 842 1763 902 puta,
1804 831 2141 887 mortiﬁcare

565 928 812 984 membra
843 943 942 983 sua
974 942 1095 996 qua:
1125 934 1253 980 sunt
1281 941 1449 995 super
1482 934 1711 990 terram,
1747 937 1934 978 rerum
1982 938 2143 977 mun-

565 1022 834 1076 danarum
866 1019 1192 1076 tractatione
1232 1018 1533 1079 abstinere,
1593 1016 1649 1070 in
1706 1030 1845 1085 opus
1889 1016 2141 1072 manualc

568 1111 954 1179 incumbentes
992 1124 1190 1181 panem
1233 1106 1339 1163 sibi
1374 1121 1694 1176 comparare
1728 1104 2139 1177 quotidianum,

567 1202 753 1258 cordis
795 1201 881 1258 sui
929 1216 1118 1257 curam
1180 1214 1306 1255 eum
1357 1198 1506 1253 omni
1572 1197 1857 1267 vigilantia
1915 1213 2140 1268 gerere;

570 1293 857 1365 precibus,
919 1306 1200 1348 sacrarum
1232 1290 1566 1346 Litterarum
1588 1288 1958 1355 meditationi,
1998 1291 2144 1345 divi-

570 1385 768 1454 nisque
797 1383 1017 1454 hymnis
1042 1396 1324 1451 nunquam
1360 1396 1469 1436 non
1494 1395 1723 1447 vacare;
1765 1395 1934 1450 super
1958 1382 2145 1436 omnia

569 1490 680 1528 non
710 1473 1042 1530 contristare
1073 1471 1341 1542 Spiritum
1376 1483 1650 1539 sanctum,
1682 1473 1738 1526 in
1771 1488 1905 1541 quo,
1940 1471 2145 1538 aiebat,

569 1564 765 1637 signati
795 1579 985 1619 sumus
1013 1564 1067 1617 in
1084 1563 1231 1619 diem
1271 1563 1692 1633 redemptionis.

644 1678 766 1734 117.
795 1677 923 1734 Haec
978 1685 1145 1747 atque
1199 1677 1359 1747 plura
1409 1676 1611 1731 similia
1664 1677 1919 1743 locutus,
1972 1678 2144 1734 Deum

2243 563 2461 635 ἐντολήν
2486 561 2812 626 ἐνετέλλετο,
2842 560 2984 613 ὥστε
3033 561 3255 629 ἀγαπᾷν
3288 559 3567 629 ἀλλήλους,
3608 562 3774 626 Καθὼς

2243 654 2375 721 ἐγὼ,
2406 654 2597 724 φησιν,
2622 652 2887 722 ἠγάπησα
2919 653 3064 722 ὑμᾶς
3083 668 3098 683 ο
3129 652 3258 722 ἑξῆς
3289 651 3364 716 δὲ,
3395 653 3489 706 καὶ
3510 652 3600 706 τοῦ
3635 656 3776 723 ἑπαγ-

2241 747 2535 817 γέλματος,
2584 746 2679 799 καὶ
2714 744 2825 799 τῶν
2869 746 2972 801 ὅσα
3019 743 3112 798 τοῦ
3142 744 3555 814 ἐπαγγέλματος
3593 744 3777 814 ἔχεσθαι

2244 836 2447 907 σπουδῇ
2480 835 2771 908 παρεγγύα
2795 852 2809 868 ο
2853 836 2923 891 τὰ
2948 836 3008 890 δὲ
3047 832 3137 907 ἦν,
3168 836 3443 907 νεκρῶσαι
3480 836 3576 905 μὲν
3617 838 3778 902 αὐτοὺς

2243 930 2308 984 τὰ
2335 929 2470 1000 μέλη
2504 929 2573 984 τὰ
2607 930 2704 984 ἐπὶ
2722 929 2824 1000 τῆς
2851 929 2977 1000 γῆς,
3004 931 3105 1000 τῆς
3137 929 3197 983 δὲ
3224 930 3335 983 τῶν
3362 929 3779 1000 παραϐαλλὼρτων

2245 1021 2530 1092 κοσμικῶν
2593 1021 2883 1093 συντυχίας
2934 1020 3260 1092 ἀπέχεσθαι,
3300 1020 3673 1093 ἔργῳηχειρῶν
3708 1039 3781 1076 uo.

2248 1114 2491 1178 πιῶντας
2549 1112 2641 1167 τὸν
2686 1112 2962 1166 ἐπιούσιον
3008 1112 3332 1183 πορίζεσθαι
3371 1113 3558 1183 ἄρτον,
3603 1112 3783 1183 φυλακῇ

2248 1207 2399 1279 πάσῃ
2429 1207 2530 1277 τὴν
2559 1205 2767 1261 ἑαυτῶν
2794 1205 3023 1277 καρδίαν
3060 1206 3273 1277 τηρεῖν,
3306 1206 3440 1275 εὐχῇ
3471 1206 3567 1259 καί
3590 1205 3785 1274 Γραςρῶν

2251 1298 2412 1368 ίερῶν
2460 1296 2659 1369 μελέτῃ
2709 1296 2803 1350 καὶ
2843 1295 3008 1361 θείοις
3040 1296 3130 1351 διὰ
3166 1296 3371 1361 παντὸς
3414 1294 3603 1366 ὕμνοις
3632 1298 3787 1365 σχολά-

2248 1390 2461 1456 ζοντας,
2495 1388 2590 1442 ἐπὶ
2612 1389 2777 1440 πᾶσιν
2817 1388 2899 1462 μὴ
2920 1387 3164 1458 λυπῆσαι
3194 1388 3258 1441 τὸ
3288 1387 3518 1458 Πνεῦμα
3564 1387 3620 1441 τὸ
3646 1388 3787 1457 ἅγιον,

2262 1482 2351 1534 Ἐν
2378 1472 2445 1549 ᾧ,
2470 1480 2659 1551 φησὶν,
2685 1477 3135 1549 ἐσφραγίσθημεν
3160 1480 3244 1545 εἰς
3270 1480 3486 1551 ἡμέραν
3511 1477 3788 1549 ἀπολυτρώο

2254 1588 2412 1635 σεως.

2325 1678 2447 1750 ριζ’.
2480 1681 2669 1737 Ταῦτα
2720 1685 2819 1739 καὶ
2872 1682 3046 1737 πολλά
3099 1681 3316 1745 τούτοις
3373 1681 3579 1750 ὁμοίως
3632 1680 3794 1751 ἔχοντα

570 1772 800 1842 ejusque
831 1768 1236 1826 sanctissimam
1271 1769 1521 1834 Matrem,
1558 1778 1615 1825 et
1644 1769 1854 1839 electos
1897 1772 2143 1842 angelos,

2252 1771 2391 1842 πρὸς
2452 1773 2653 1837 αὐτοὺς
2727 1774 2919 1836 εἰπὼν,
2942 1774 3074 1827 Θεὸν
3100 1790 3160 1828 τε
3203 1774 3317 1837 τοῖς
3348 1772 3608 1843 λεχθεῖσι,
3639 1774 3725 1843 τήν
3748 1791 3794 1827 τε

571 1878 764 1920 eorum
788 1878 909 1933 quae
940 1861 1231 1917 audierant
1284 1863 1561 1918 dictorum
1604 1871 1772 1919 testes
1824 1865 2143 1934 appellavit.

2254 1864 2537 1935 Παναγίαν
2564 1866 2728 1919 αὐτοῦ
2763 1865 3015 1937 Μητέρα,
3061 1867 3159 1920 καὶ
3184 1865 3312 1928 iob;
3340 1864 3629 1925 ἐκλεκτοὺς
3657 1866 3790 1933 ἀγγέ-

572 1955 782 2011 Deinde
816 1970 917 2025 pro
955 1954 1162 2010 mundo
1220 1955 1520 2010 universim
1581 1956 1958 2026 supplicavit;
2013 1958 2143 2025 illis,

2263 1956 2410 2019 λους,
2441 1950 2531 2010 οἷα
2558 1958 2651 2009 καὶ
2676 1957 2785 2010 τῶν
2812 1958 3123 2028 λεγομένων
3148 1955 3428 2027 ἀκροατὰς
3454 1957 3796 2027 ἐπιμαρτυρά-

572 2047 667 2117 qui
701 2047 843 2102 dona
868 2056 1139 2118 spernunt
1160 2047 1367 2117 quique
1392 2056 1541 2107 recte
1570 2046 1803 2114 faciunt,
1838 2065 1949 2103 non
1985 2050 2143 2105 modo

2256 2065 2418 2117 μενος
2441 2072 2452 2079 -
2488 2050 2679 2103 ἔπειτα
2734 2051 2866 2123 περὶ
2905 2050 2997 2104 τοῦ
3047 2050 3254 2119 κόσμου
3302 2052 3459 2119 κοινῇ
3486 2047 3689 2119 δεηθεὶς
3710 2051 3795 2111 τοῖς

573 2150 926 2210 peccatorum
992 2140 1396 2206 remissionem,
1450 2140 1546 2196 sed
1602 2148 1660 2195 et
1724 2142 2143 2198 retributionem

2253 2156 2313 2192 τι
2338 2139 2547 2212 δωρεὰν
2584 2140 2807 2212 μισοῦσι
2858 2144 2971 2206 τοῖς
3025 2160 3085 2195 τε
3135 2141 3401 2212 δράσασιν
3430 2135 3491 2193 εὗ
3520 2139 3618 2193 οὐκ
3650 2142 3795 2208 ἀμνη-

571 2232 844 2291 bonorum
872 2233 1118 2293 otnnium
1161 2244 1438 2303 precatus,
1473 2249 1537 2289 ac
1556 2233 1883 2305 discipulos,
1920 2236 2143 2292 benedi«

2256 2232 2412 2287 στίαν
2469 2231 2630 2303 μόνον
2675 2235 2986 2306 ἁμαρτιῶν,
3019 2232 3157 2287 ἀλλὰ
3211 2234 3308 2287 καὶ
3357 2232 3587 2302 ἀγαθῶν
3634 2232 3797 2301 μᾶλλον

572 2324 755 2382 ctione
806 2324 1114 2395 impertitos
1160 2325 1383 2394 Deoque
1431 2325 1846 2382 commendatos
1874 2367 1887 2387 ,
1934 2327 2143 2383 dermo-

2255 2324 2526 2377 ἀντίδοσιν
2548 2323 2942 2395 ἐπευξάμενος,
2977 2324 3285 2394 εὐλογήσας
3312 2340 3375 2376 τε
3403 2323 3535 2385 τοὺς
3587 2321 3797 2393 μαθητὰς

518 2408 523 2411 ’
573 2415 851 2472 cucullum
882 2418 1017 2489 (3'5),
1053 2418 1132 2472 uti
1162 2418 1325 2487 vulgo
1358 2417 1866 2487 appellatur,jubet
1905 2434 2143 2474 exuere:

2255 2417 2349 2469 καὶ
2393 2414 2513 2486 Θεῷ
2561 2416 2978 2487 παραθέμενος,
3009 2415 3232 2469 ἐκδῦσαι
3280 2415 3348 2468 τὸ
3398 2414 3643 2485 συνήθως
3686 2413 3799 2468 οὕτω

574 2518 698 2580 post
731 2510 845 2565 haec
874 2511 1094 2566 illorum
1124 2527 1185 2567 se
1206 2510 1476 2571 voluntati
1495 2510 1775 2565 commisit
1801 2527 1816 2578 ;
1843 2511 1939 2581 qui
1969 2512 2143 2565 mani-

2262 2507 2560 2579 λεγόμενον
2602 2506 3068 2577 δερμοκούκουλον
3101 2506 3263 2561 αὑτὸν
3294 2506 3798 2561 ἐπιτάττει.Ἐπειτα

573 2603 681 2658 bus
708 2602 907 2673 partim
957 2603 1350 2673 gestientibus,
1394 2600 1599 2672 partim
1637 2601 1865 2656 horrore
1910 2600 2143 2670 quodam

2261 2599 2443 2668 μέντοι
2474 2598 2685 2660 τούτοις
2719 2599 2910 2652 ἑαυτὸν
2932 2599 3238 2653 ἐπιδιδόντα
3262 2638 3277 2663 ,
3310 2599 3505 2669 χερσὶν
3538 2599 3599 2651 οὐ
3638 2598 3798 2651 ποθού-

579 2694 830 2755 tremulis
863 2695 1269 2764 apprehensum
1298 2693 1352 2748 in
1378 2709 1523 2749 novo
1554 2694 1897 2750 collocarunt
1930 2692 2143 2755 throno,

2258 2706 2383 2753 σαις
2417 2689 2581 2759 μόνον
2624 2688 2761 2744 ἀλλά
2814 2690 2910 2743 καὶ
2934 2690 3288 2760 φριττούσαις
3316 2690 3486 2745 αὐτὸν
3532 2688 3797 2758 δεξάμενοι,

576 2794 988 2840 sacrosanctum
1012 2785 1369 2855 Evangelium
1396 2794 1618 2855 pectore
1642 2792 1966 2855 gestantem,
1993 2785 2143 2850 cujus

2256 2781 2315 2834 ἐν
2348 2799 2456 2834 τινι
2506 2782 2681 2851 καινῷ
2737 2782 3021 2847 καθίζουσι
3074 2782 3269 2853 θρόνῳ,
3327 2782 3388 2835 τὸ
3436 2782 3580 2835 θεῖον
3604 2782 3686 2835 ἐπὶ
3726 2780 3799 2834 τοῦ

576 2882 793 2931 tructus
810 2876 1014 2931 uberes
1039 2877 1149 2931 imo
1171 2876 1355 2931 cordis
1380 2892 1600 2932 recessu
1620 2875 1876 2931 conditos
1894 2875 2143 2931 habebat.

2260 2874 2490 2947 στήθους
2534 2876 2865 2945 Εὑαγγέλιον
2919 2876 3187 2945 φέροντα,
3212 2871 3273 2930 οὗ
3328 2876 3459 2939 τοὺς
3516 2875 3739 2945 καρποὺς
3757 2874 3800 2925 ἐν

577 2964 691 3019 llac
719 2964 886 3035 igitur
916 2964 1128 3035 ratione
1155 2974 1422 3035 portatus,
1455 2974 1629 3021 totum
1656 2966 1833 3021 obivit
1879 2974 2143 3021 monaste-

2258 2968 2487 3039 καρδίας
2546 2967 2748 3036 μᾶλλον
2778 2963 2893 3037 εἶχε
2944 2966 3172 3030 κόλποις
3219 2965 3465 3034 δαψιλῶς
3515 2964 3799 3035 φωμένους.

580 3054 829 3121 rium,et
857 3056 1088 3111 cuilibet
1153 3058 1503 3113 domuncqu
1550 3059 1995 3119 benedictionem
2053 3060 2143 3115 im-

2260 3060 2447 3135 Ταύτῃ
2480 3059 2769 3130 τοιγαροῦν
2804 3058 3205 3129 βασταζόμενος
3233 3059 3332 3129 τὴν
3366 3057 3539 3128 μονὴν
3560 3056 3801 3126 περιῆγεν,

577 3147 817 3216 pertitus
846 3157 951 3213 est,
983 3165 1053 3204 ne
1082 3150 1304 3219 quidem
1335 3152 1659 3221 praeteriens
1692 3152 1885 3206 cellam
1948 3167 2143 3222 penua‘

2258 3155 2493 3209 ἕκαστον
2547 3154 2790 3207 οἰκίσκον
2843 3151 3016 3221 αὐτῆς
3082 3150 3501 3221 εύλογῶνοούχ
3555 3146 3801 3218 ήκιτταδὲ

579 3240 739 3306 riam,
766 3242 855 3296 cui
893 3240 1119 3297 divitem
1154 3251 1523 3299 commeatum
1582 3244 1929 3314 precabatur.
1986 3248 2143 3301 Ante-

2260 3249 2360 3320 τήν
2389 3248 2492 3317 τῆς
2538 3246 2748 3319 τροφῆς
2782 3244 3094 3316 ἀποθήκην,
3127 3246 3221 3297 καὶ
3272 3242 3543 3313 ἀφθονίαν
3574 3242 3709 3311 αὐτῷ
3729 3244 3801 3295 ὲπ-

579 3331 813 3386 cedcbat
839 3342 1029 3388 sancta
1055 3333 1290 3400 Martha,
1334 3334 1623 3405 Symeonis
1685 3336 1991 3392 secundum
2026 3336 2143 3391 'car-

2261 3339 2571 3408 ευχόμενος.
2624 3337 2685 3389 Ἦ
2745 3334 2878 3406 γοῦν
2929 3336 3055 3390 ὁσία
3106 3334 3309 3405 Μάρθα
3365 3337 3399 3407 ἠ
3454 3334 3644 3388 τούτου
3689 3331 3798 3387 κατᾶ

578 3438 706 3483 nem
742 3433 939 3489 mater,
973 3424 1069 3479 sed
1097 3442 1220 3495 quae
1250 3440 1376 3481 eum
1416 3443 1516 3497 pro
1549 3435 1705 3498 patre
1730 3444 1831 3485 suo
1883 3430 2143 3500 spirituali

2262 3432 2443 3502 σάρκα
2479 3432 2683 3502 μήτηρ,
2709 3431 2770 3483 ὃν
2803 3431 2949 3486 κατά
2981 3429 3202 3500 πνεῦμα
3220 3428 3435 3499 πατέρα
3479 3427 3671 3498 μᾶλλον
3694 3425 3798 3491 αὐτή

581 3516 843 3579 habebat,
897 3517 1167 3587 plaudens
1212 3528 1379 3589 atque
1444 3523 1749 3588 exsultans,
1812 3522 1962 3592 quod
1992 3524 2143 3578 talem

2261 3523 2549 3594 πεποίητο,
2582 3522 2660 3595 τῷ
2691 3524 2792 3594 υίῷ
2822 3522 3300 3593 καλλωπιζομένη,
3333 3523 3414 3575 ὃτι
3444 3520 3680 3574 τοιοῦτον
3703 3534 3802 3587 καρ-

584 3607 729 3663 uteri
758 3609 845 3664 sui
910 3608 1151 3665 fructum
1206 3611 1536 3677 obtulisset;
1601 3612 1930 3683 praeferebat
1968 3624 2143 3671 autem

2263 3619 2364 3672 πὸν
2396 3616 2604 3671 ὠδίνων
2627 3615 2851 3670 δεδώκει
2877 3614 3017 3686 Θεῷ,
3052 3614 3287 3685 σταυρόν
3315 3631 3375 3667 τε
3402 3613 3497 3666 διὰ
3522 3612 3690 3682 χειρὸς
3734 3611 3801 3661 λα-

581 3714 803 3762 crucem
854 3716 1045 3767 manu,
1106 3702 1402 3760 altioribus
1456 3704 1715 3775 cogitatis
1797 3722 1922 3761 cum
1989 3707 2137 3765 anim

2262 3710 2452 3775 δοῦσα,
2504 3711 2799 3779 προηγεῖτο
2838 3706 2981 3777 μάλα
3009 3704 3250 3776 φαιδρῶς
3276 3705 3334 3756 ὲν
3379 3703 3578 3776 ὑψηλῷ
3606 3702 3678 3773 τῷ
3698 3717 3801 3772 φρο-

580 3792 784 3863 gaudio
843 3794 1109 3865 singulari
1175 3798 1420 3867 intenta.
1472 3799 1651 3869 Atque
1702 3800 1810 3856 hoc
1857 3802 2022 3856 modo
2080 3801 2143 3856 Vl]

2262 3802 2326 3871 νή
2337 3817 2485 3871 ματι.
2522 3801 2635 3855 Καὶ
2653 3800 2827 3865 οὕτως
2844 3800 2924 3864 είς
2949 3798 3038 3853 τὸν
3055 3798 3197 3851 θεῖον
3235 3796 3361 3850 ναὸν
3387 3798 3416 3850 ὁ
3442 3796 3525 3868 τῷ
3557 3796 3663 3849 (nm
3689 3796 3797 3857 θεῖος

581 3892 806 3941 sanctus
829 3886 886 3941 in
914 3888 1009 3942 Dei
1032 3888 1298 3958 templum
1320 3888 1689 3955 introductus,
1720 3891 1847 3945 inde
1868 3891 1923 3946 in
1950 3906 2143 3947 sacran

2266 3894 2404 3965 ἀνὴρ
2427 3893 2721 3965 εἰσαχθεὶς,
2757 3894 2851 3947 ἐπὶ
2890 3892 2984 3945 τὸν
3012 3891 3156 3961 ἱερὸν
3192 3890 3404 3943 ὲκεῖθεν
3427 3890 3681 3958 ἀνάγεται
3701 3884 3800 3938 στύ-

582 3993 738 4039 suam
777 3980 1092 4036 columnam
1128 3981 1436 4046 reducitur,
1502 3997 1648 4039 anno
1698 3983 1925 4054 quidem
1976 4000 2007 4039 a
2048 4000 2143 4055 qut

2269 3988 2380 4054 λον,
2418 3990 2476 4040 ὲν
2515 3988 2624 4041 ἔτει
2649 3989 2748 4057 τῆς
2793 3986 2891 4056 μὲν
2916 3985 3007 4038 ἐπὶ
3032 3982 3127 4037 τοῦ
3163 3981 3309 4037 λίθου
3340 3983 3589 4057 στάσεως
3611 3981 3800 4047 δεκάτῳ,

582 4068 639 4127 in
688 4068 871 4138 lapide
927 4079 1159 4128 steterat
1200 4071 1458 4139 decimo;
1519 4073 1696 4129 mtatis
1759 4090 1892 4131 vero
1938 4075 2143 4149 tricesi-

2268 4081 2365 4151 τῆς
2389 4080 2445 4135 δὲ
2471 4078 2689 4152 ἡλικίας
2718 4075 3050 4149 τριακοστῷ.

583 4175 673 4223 tuo
698 4161 830 4227 (δυ.

2032 4350 2257 4408 CAPUT
2291 4351 2403 4407 XV.

1108 4468 1381 4525 Curantur
1406 4471 1666 4529 obstructa
1692 4472 1865 4537 alnus,
1887 4476 2116 4537 cwcitas,
2150 4472 2426 4539 sterilitas,
2462 4473 2827 4536 haemorrhois,
2865 4470 3017 4526 dolor
3052 4472 3309 4526 dentium.

657 4592 778 4648 118.
814 4591 947 4659 Qua:
964 4604 1134 4661 porro
1160 4591 1513 4666 contigerunt
1564 4607 1762 4651 novam
1793 4594 1977 4651 denuo
2022 4593 2143 4650 serit

2341 4592 2469 4664 ριη’.
2498 4592 2580 4646 Τά
2606 4592 2650 4645 δ’
2682 4590 2933 4645 ἐντεῦθεν
2964 4589 3138 4661 ἀρχὴν
3168 4588 3248 4661 τῷ
3270 4587 3418 4657 λόγῳ
3444 4585 3607 4642 πάλιν
3650 4584 3801 4653 ἑτέραν

580 4682 750 4740 bendi
781 4682 1070 4738 materiam
1100 4683 1454 4753 suppeditant
1488 4700 1502 4739 :
1535 4685 1663 4741 talia
1686 4696 1869 4744 autem
1898 4696 2143 4759 tantaque

2268 4686 2591 4755 παρέχεται,
2621 4682 2861 4737 τοσαῦτά
2906 4700 2964 4736 τε
3006 4683 3100 4736 καὶ
3126 4679 3353 4735 τοιαῦτα
3374 4679 3530 4742 ὄντα,
3552 4672 3638 4731 οἷα
3663 4676 3742 4730 καὶ
3765 4672 3800 4725 εἰ

581 4780 732 4837 sunt,
771 4779 854 4837 ut,
887 4772 1105 4830 tametsi
1137 4772 1274 4826 nihil
1294 4773 1446 4829 aliud
1475 4773 1685 4832 dictum
1721 4777 1939 4846 fuisset,
1981 4780 2138 4835 vider

2270 4776 2436 4848 μηδὲν
2468 4776 2655 4846 ἕτερον
2711 4773 2919 4845 εἴρητο,
2973 4772 3243 4845 μηδεμίαν
3282 4769 3640 4842 θαυμάτωνῆ
3686 4765 3801 4824 θείας

580 4859 797 4929 possint
871 4858 1058 4913 omnia
1139 4860 1534 4918 miraculorum
1584 4866 1885 4938 gratiaeque
1958 4868 2143 4924 divina

2266 4867 2474 4923 ἄνωθεν
2510 4867 2730 4939 χάριτος
2764 4865 3069 4937 ὑπερϐολὴν
3100 4864 3444 4928 ἀπολείπειν,
3482 4863 3579 4916 κει)⁸
3604 4863 3696 4915 ὅσα
3724 4857 3798 4924 οὐχ

584 4950 792 5006 ﬂuenta
836 4950 1197 5031 exhausisse;
1242 4953 1492 5027 adeoque
1525 4972 1636 5012 non
1664 4958 1831 5013 modo
1873 4958 2143 5030 descriptr

2267 4961 2416 5026 ὅπως
2452 4961 2816 5031 συγγράφειν,
2859 4959 2995 5013 ἀλλὰ
3052 4958 3172 5029 μηδ’
3198 4958 3454 5028 ἀριθμεῖν
3484 4954 3680 5015 ἁπλῶς,
3726 4949 3800 5018 ῥᾴ-

582 5042 679 5097 scd
702 5043 789 5097 vel
822 5053 1150 5100 enumerata
1180 5061 1442 5120 perquam
1468 5048 1711 5106 dillicilia
1739 5064 1882 5107 esse.
1932 5050 2143 5106 Sistite:

2267 5052 2380 5106 διον
2433 5047 2596 5107 εἶναι.
2630 5050 2976 5123 Προσάγεται
3018 5048 3127 5119 γάρ
3152 5064 3236 5110 τις
3266 5046 3419 5116 αύτῷ
3469 5046 3645 5105 νεᾶνις
3676 5035 3795 5106 παρά

579 5143 773 5191 sancto
846 5136 1258 5195 adolescentula
1328 5141 1599 5211 quaedam,
1682 5152 1879 5213 praeter
1952 5151 2143 5198 natura

2266 5143 2328 5198 τὸ
2360 5146 2508 5209 εἰκὸς
2531 5145 2631 5216 τῆς
2664 5143 2881 5213 φύσεως
2912 5142 3077 5196 πάθει
3116 5138 3480 5209 κατεχομένῳ
3513 5136 3574 5188 οὐ
3606 5132 3701 5201 γὰρ
3735 5125 3802 5180 διᾶ

583 5225 836 5282 ordinem
868 5229 1064 5284 morbo
1096 5238 1336 5285 tentata:
1369 5248 1478 5285 non
1500 5232 1647 5289 enim
1680 5247 1900 5287 secessu
1926 5232 2140 5287 natura]

2269 5236 2380 5290 τῶν
2414 5236 2556 5291 κατὰ
2590 5235 2755 5305 φύσιν
2787 5236 2982 5301 ἐξόδων
3005 5234 3143 5303 αὐτῇ
3176 5232 3315 5285 ἀλλὰ
3343 5229 3432 5281 διὰ.
3480 5227 3580 5296 τῆς
3629 5223 3803 5293 μήτρας

584 5315 884 5373 demissum
926 5317 984 5373 in
1013 5327 1266 5376 ventrem
1329 5320 1537 5386 cibum,
1585 5319 1680 5376 sed
1725 5336 1823 5391 per
1872 5321 2141 5385 matricen

2271 5325 2550 5398 ὑπεχώρει
2587 5328 2656 5380 τὰ
2689 5327 2769 5389 είς
2800 5324 3045 5394 γαστέρα
3069 5323 3237 5376 σιτία.
3269 5322 3442 5391 Χεῖρα
3469 5316 3644 5370 τοίνυν
3670 5309 3804 5375 αὐτῆς

500 5460 504 5464 ,
586 5407 873 5473 reddebat.
928 5409 1195 5482 Imposuit
1242 5412 1337 5468 ille
1388 5413 1569 5469 ventri
1633 5429 1881 5483 manum,
1937 5432 2143 5471 manun‘

2271 5415 2483 5480 ἐπιθεὶς
2520 5419 2588 5489 τῇ
2616 5416 2817 5485 κοιλίᾳ,
2849 5417 3008 5486 χεῖρα
3038 5416 3175 5484 πρὸς
3216 5412 3349 5465 Θεὸν
3382 5410 3471 5463 ἀεὶ
3497 5403 3689 5477 νωρῶς
3738 5398 3805 5451 αἱ·

2270 5597 2350 5648 In'c
2370 5612 2541 5649 annus
2560 5594 2751 5649 Christi
2768 5594 2892 5658 551,
2915 5610 3017 5660 quo
3038 5590 3245 5645 Pascha
3266 5587 3581 5660 celebratum
3597 5583 3628 5638 9
3646 5574 3806 5660 Αρτίιίε

2269 5665 2609 5720 Prntcwstcn
2638 5665 2813 5719 attulit
2838 5664 2908 5719 28
2929 5657 3084 5726 Maii,
3105 5669 3153 5714 ct
3176 5659 3501 5712 Dominicam
3524 5657 3805 5725 scqucnlt‘m.

2272 5753 2376 5803 qua
2410 5736 2711 5791 columnam
2752 5735 2986 5791 ascendit
3022 5739 3233 5797 sanctus
3261 5729 3293 5784 4
3318 5728 3482 5795 Junii.

651 5589 764 5662 (35)
786 5590 859 5644 De
891 5593 1105 5665 cuculla
1134 5594 1335 5665 egimus
1360 5610 1524 5663 supra
1554 5594 1623 5646 ad
1656 5604 1812 5664 caput
1849 5594 1911 5649 l0
1960 5594 2153 5665 Aunot.

581 5661 1039 5785 Derrmocucullus
1095 5661 1234 5718 idém
1294 5661 1469 5733 fuerit,
1530 5664 1631 5717 nisi
1659 5661 1797 5734 quod
1828 5682 1889 5719 ex
1938 5664 2159 5733 pellibus

584 5748 674 5785 (an
703 5740 860 5785 cetus.

584 5752 603 5789 ί
646 5749 674 5784 n
703 5740 860 5785 cetus.

611 5734 764 5869 θέι)
796 5802 1093 5858 Secundum
1132 5804 1271 5860 dicta
1308 5804 1507 5860 Comm.
1554 5808 1735 5875 pra'rii
1777 5825 1917 5860 nam.
1950 5806 2020 5859 ‘20
2053 5808 2147 5871 fuit
