3944 6522
190 379 372 445 309Ί
1256 383 1435 444 νιΤΑ
1472 384 1520 441 Α
1551 376 1992 441 NICEPIIORO
2023 378 2508 442 CONSCRIPTA.

196 498 496 571 ρομὲνην,
518 496 615 552 καὶ
640 497 773 569 παρ’
793 496 962 553 αὐτοῦ
990 500 1100 554 πᾶν
1127 501 1266 571 ὅπερ
1302 502 1369 555 ἂν
1396 500 1611 570 αίτήσοι
1647 496 1753 551 πάλ
1764 515 1798 550 ιι

1916 513 2108 554 versus
2130 498 2304 555 Deum
2322 514 2540 569 semper
2571 495 3009 553 intentionaliter
3026 494 3249 559 elatam,
3272 509 3496 549 manum

195 592 644 663 λαμϐάνουσαν,
674 592 775 663 τήν
798 609 859 645 τε
895 592 1229 665 δημιουργὸν
1259 593 1453 663 σοφίαν
1488 592 1580 645 τὸν
1610 589 1798 660 Κύριοι

1927 606 1957 647 a
1984 594 2095 647 Deo
2115 592 2384 663 quidquid
2409 591 2633 662 petierit
2674 590 3100 661 impetrantem;
3136 597 3302 657 atque
3344 588 3499 641 inve-

194 686 395 757 ἡμῶν
440 685 907 756 ἐπικαλεσάμενος
954 688 1048 740 καὶ
1092 687 1225 741 Θεὸν
1258 687 1350 740 τὸν
1379 685 1507 738 Υίδν
1534 683 1629 735 τοῦ
1655 680 1798 744 Θεοῦ,

1920 684 2065 739 cavit
2132 684 2400 741 artiﬁcem
2455 683 2815 753 Sapientiam,
2881 682 3177 737 Dominum
3244 689 3493 735 nostrum

194 777 563 833 ἀπαλλάττει
612 778 711 850 τὴν
761 780 942 833 νεᾶνιν
997 779 1091 832 τοῦ
1154 779 1382 844 πάθους,
1412 774 1687 832 καὶκατὰ
1714 773 1798 842 φύ-

1920 777 2120 832 Filium
2142 776 2237 832 Dei
2271 793 2285 830 :
2327 776 2515 846 sicque
2554 775 2807 829 liberavit
2828 774 3065 845 puellam
3092 772 3308 836 morbo,
3328 781 3384 827 et
3410 787 3495 827 se-

196 890 320 926 σιν
383 872 785 943 ἀποκαθίστησι
843 874 1069 945 ταύτην.
1109 875 1292 945 Ὅπερ
1357 870 1675 942 τηλικοῦτον
1729 868 1810 935 ὃν,

196 964 462 1035 ἀδελφὸν
488 967 570 1029 είς
598 963 878 1043 θαύματος
901 966 1058 1036 λόγον
1083 966 1197 1038 ἔχει
1224 968 1286 1021 τὸ
1317 965 1682 1034 ἐπαγόμενον.

302 1144 429 1217 ριθ’.
470 1145 649 1216 Ἀνδρὶ
694 1146 804 1218 γάρ
835 1163 944 1200 τινι
970 1146 1068 1218 τὴν
1111 1145 1313 1216 κλῆσιν
1345 1144 1665 1215 Ἐπιφανίῳ,
1696 1145 1811 1197 Χα-

214 1238 560 1311 ρανδαμενῷ
619 1239 721 1309 τὴν
779 1238 995 1311 κώμην,
1028 1238 1239 1292 παιδίον
1298 1238 1433 1291 ὡσεὶ
1474 1238 1681 1308 τριετὲς
1720 1231 1809 1306 ἦν,

197 1329 425 1401 λίχνως
452 1346 512 1383 τε
543 1330 674 1400 περὶ
698 1330 799 1399 τὴν
827 1330 1010 1401 ὄρεξιν
1044 1328 1188 1400 ἔχον,
1210 1330 1305 1383 καὶ
1328 1329 1576 1391 πλείονος
1602 1328 1635 1397 ἢ
1669 1326 1810 1380 κατά

201 1423 335 1493 τὴν
364 1422 583 1492 ἠλικίαν
608 1421 819 1493 τροφῆς
864 1421 1229 1492 πιπλάμενονι
1266 1419 1490 1492 Συμϐάν
1518 1419 1813 1489 τοιγαροῦν

200 1513 383 1584 αύτῷ
405 1512 474 1567 τὰ
500 1513 631 1583 περὶ
661 1513 907 1584 γαστέρα
966 1512 1357 1584 διαφραγῆναι,
1392 1513 1511 1566 οὐδὲ
1534 1510 1601 1565 δι’
1631 1513 1810 1564 ἐνιαυ-

197 1605 327 1660 τοῦ
354 1606 424 1659 τά
456 1602 516 1670 ἐξ
544 1606 715 1676 αὐτῆς
748 1605 1051 1677 ὑπεχώρει.
1077 1607 1189 1660 Kal.
1219 1607 1280 1659 τὸ
1309 1606 1408 1675 μὲν
1440 1605 1546 1659 ὑπὸ
1588 1603 1685 1657 τοῦ
1712 1605 1807 1672 by-

199 1713 327 1749 κου
353 1696 454 1768 ἤδη
482 1696 845 1767 ῥηγνύμενον.
872 1696 1139 1767 κλαυθμῷ
1168 1698 1463 1768 συνείχετο,
1488 1697 1683 1767 πικρὸν
1714 1696 1808 1750 καὶ

195 1789 284 1841 τὸ
312 1788 480 1857 γλυκὺ
501 1790 669 1842 πᾶσιν
704 1788 857 1859 ἡλίου
888 1789 1158 1856 φῶςτοῖς
1211 1787 1463 1842 τεκοῦσιν
1502 1787 1808 1859 ἐργαζομέ-

196 1898 302 1951 νῳ
325 1897 340 1913 ο
366 1883 415 1934 οἱ
445 1879 503 1934 δὲ
558 1882 739 1951 πάσης
779 1880 947 1950 ἄλλης
993 1881 1361 1952 ἀπορούμενοι
1394 1880 1715 1952 θεραπείας.
1743 1880 1805 1933 τὸ
1842 1864 1881 1918 Β

196 1971 369 2025 θετον
408 1972 554 2042 αύτῷ
577 1973 671 2027 τοῦ
698 1974 923 2045 Συμεὼν
971 1974 1143 2046 ὄνομα
1191 1975 1520 2047 κατεπῇδον,
1574 1976 1655 2029 ἔτι
1709 1975 1804 2029 καὶ

194 2063 328 2132 τῆς
349 2064 561 2116 ἐκείνου
594 2065 797 2129 κόνεως
825 2067 956 2119 αύτδ
982 2068 1319 2139 ἐπιχρίοντες
1356 2068 1497 2140 (οὐδὲ
1551 2068 1662 2138 γὰρ
1702 2071 1806 2141 τῆς

192 2155 411 2226 φήμης
462 2155 569 2209 τῶν
620 2158 715 2210 τοῦ
774 2159 965 2229 ἀνδρὸς
1009 2159 1302 2230 θαυμάτων
1357 2157 1796 2233 ἀμαθεῖς-ἦσαν,

191 2246 319 2317 οὐχ
360 2240 524 2318 ἦττον
570 2248 803 2321 ἢαύγῆς
853 2251 1003 2321 ἡλίου
1033 2252 1320 2322 βλέποντες
1368 2254 1682 2324 ὀφθαλμοί),
1709 2255 1801 2309 καὶ

192 2337 276 2390 τὸ
320 2338 419 2407 μὲν
448 2339 659 2393 παιδίον
695 2341 858 2405 εὐθὺς
880 2344 1009 2414 ῥᾷον
1036 2340 1173 2413 εἶχε,
1205 2346 1459 2416 καθάπερ
1490 2347 1642 2418 αύτῷ
1698 2347 1801 2415 τῆς

193 2427 433 2497 τροφῆς
481 2432 562 2493 είς
613 2432 957 2503 ἀνυπαρξίαν
1010 2435 1314 2507 χωρούσης.
1346 2438 1414 2493 τά
1439 2438 1496 2492 δὲ
1521 2442 1641 2493 κατ’
1669 2440 1800 2494 αύτὸ

197 2519 309 2573 διὰ
339 2519 618 2591 θαύματος
646 2523 826 2577 ἔκειτο
861 2527 974 2590 τοῖς
1004 2527 1241 2592 πολλοῖς,
1276 2529 1390 2583 ὅσοι
1420 2546 1479 2583 τε
1503 2532 1659 2601 ὁρᾷν,
1686 2531 1800 2584 ὅσοι

201 2628 280 2665 τε
308 2613 440 2684 περὶ
463 2612 631 2667 αὐτοῦ
674 2616 971 2685 μανθάνειν
999 2608 1165 2688 εἶχον,
1198 2619 1303 2684 ἓως
1334 2620 1489 2693 παρὰ
1517 2621 1609 2674 τὸν
1644 2622 1800 2689 ἅγιον

199 2704 537 2771 κομισθέντι
564 2709 723 2778 χεῖρα
744 2708 1047 2773 κάνταῦθα,
1072 2714 1230 2782 χεῖρα
1259 2714 1396 2783 πρὸς
1426 2713 1558 2766 Θεὸν
1585 2714 1798 2783 ἰσχύου-

199 2812 339 2858 σαν,
378 2797 606 2864 ἔπιθεὶς,
635 2799 732 2864 τὰς
779 2800 1033 2873 συνήθεις
1079 2804 1144 2874 τῇ
1174 2802 1336 2873 φύσει
1382 2805 1545 2857 πάλιν
1580 2805 1799 2871 ἐξόδους

199 2890 244 2943 ἁ
253 2888 523 2943 ποδεδώκε
534 2909 568 2944 ι.

289 2979 391 3049 ρκ’.
423 2981 799 3055 Πρεσϐύτερός
830 3001 914 3049 τις
958 2986 1065 3040 ama
1090 2985 1294 3059 χωρίου
1338 2988 1672 3057 Παράδεισος
1718 2989 1799 3043 λε·

199 3072 475 3143 γομένου,
494 3068 705 3145 Θωμᾶς
720 3076 911 3147 ὄνομα,
935 3070 1235 3149 άνάθέματι
1266 3081 1359 3135 τὸν
1383 3080 1523 3135 θεῖον
1552 3081 1797 3153 Συμεὼν,

200 3165 316 3218 οὐκ
348 3158 444 3218 οἷδ’
466 3166 589 3219 ὅθεν
617 3168 711 3220 καὶ
739 3169 907 3235 ὅπως,
933 3170 964 3239 ἢ
997 3170 1177 3243 φθόνῳ
1203 3174 1421 3237 πάντως
1450 3173 1542 3227 τοῦ
1569 3174 1798 3244 βασκαί-

1920 868 2164 924 cundum
2184 875 2436 922 naturam
2476 866 2759 921 exonerari
2791 865 2921 921 fecit
2944 866 3078 936 (55).
3100 864 3258 931 Quod
3280 873 3494 919 tantum

1919 975 2044 1017 cum
2076 960 2168 1021 sit,
2203 958 2369 1012 habet
2398 966 2580 1013 tamen
2603 958 2753 1013 aliud
2788 958 2842 1012 in
2876 957 3359 1013 rationemiraculi
3384 955 3491 1011 sibi

1919 1069 2037 1123 par,
2061 1053 2113 1107 id
2142 1050 2289 1119 quod
2310 1051 2680 1105 subnectitur.

1990 1146 2111 1201 119.
2160 1145 2389 1200 Cuidam
2424 1146 2565 1209 viro,
2618 1142 2931 1214 Epiphanio
2995 1142 3241 1206 nomine,
3290 1158 3321 1197 e
3358 1155 3494 1212 pago

1915 1237 2371 1294 Cbarandameno
2392 1278 2407 1300 ,
2434 1252 2574 1307 puer
2602 1243 2725 1290 erat
2764 1234 2990 1290 circiter
3021 1234 3274 1297 triennis,
3302 1233 3493 1287 insana

1914 1330 2148 1385 vorandi
2176 1328 2479 1400 cupiditate
2501 1336 2762 1389 aestuans,
2796 1334 2854 1381 et
2895 1322 3093 1395 majori
3149 1339 3312 1394 quam
3346 1323 3493 1378 aetati

1916 1423 1999 1478 illi
2038 1422 2321 1487 convenit,-
2361 1419 2606 1475 alimenti
2652 1418 2811 1489 cepia
2857 1432 2915 1474 se
2964 1418 3225 1473 farciens.
3281 1416 3497 1470 Accidit

1916 1513 2160 1569 helluoni
2206 1511 2337 1566 huic
2365 1511 2437 1565 ita
2460 1509 2676 1566 obstrui
2706 1510 2911 1573 alvum,
2969 1516 3029 1563 nt
3076 1523 3223 1562 anno
3280 1507 3495 1577 integro

1913 1604 2205 1663 exonerari
2230 1620 2343 1658 non
2374 1612 2581 1683 posset.
2613 1603 2681 1657 Et
2707 1602 2801 1656 ille
2820 1602 3044 1672 quidem
3076 1600 3248 1656 nimio
3272 1610 3494 1655 tumore

1915 1708 2132 1771 ruptus,
2168 1696 2453 1769 perpetuis
2486 1696 2809 1762 indulgebat
2832 1695 3089 1767 lacrymis
3141 1713 3154 1748 :
3196 1694 3401 1766 quibus
3436 1703 3495 1748 et

1913 1791 2259 1862 parentibus,
2290 1798 2505 1861 gratum
2534 1788 2668 1843 alias
2724 1788 2907 1843 solare
2955 1789 3141 1842 lumen
3169 1830 3183 1853 ,
3230 1787 3489 1842 acerbum

1912 1883 2152 1939 reddidit
2181 1891 2344 1951 atque
2376 1882 2640 1935 invisum.
2670 1878 2735 1933 lli
2784 1893 2918 1934 vero
2941 1879 3091 1933 omni
3150 1878 3256 1933 alia
3317 1877 3492 1932 desti-

1913 1979 2012 2033 tuti
2045 1994 2168 2047 ope,
2211 1976 2461 2031 divinum
2485 1976 2779 2047 Symeonis
2818 1991 3028 2031 nomen
3081 1991 3248 2046 super
3315 1975 3487 2029 lilium

1911 2073 2193 2139 invocant,
2254 2070 2616 2143 ejusdemque
2664 2070 2951 2140 pulverem
2990 2069 3092 2139 ipsi
3158 2069 3489 2139 inspergunt

1913 2163 2114 2233 (neque
2140 2162 2288 2217 enim
2322 2161 2495 2233 ignari
2524 2167 2686 2215 erant
2710 2160 2907 2224 fama},
2951 2160 3020 2214 de
3060 2159 3327 2215 mirandis
3382 2158 3487 2212 viri

1910 2255 2171 2326 operibus
2196 2255 2301 2309 late
2332 2270 2560 2323 Sparsae,
2592 2268 2700 2307 non
2748 2253 2931 2307 minus
2957 2267 3123 2322 quam
3160 2250 3304 2305 oculi
3336 2257 3487 2304 recte

1908 2347 2146 2403 ordinati
2178 2347 2522 2416 splendentis
2549 2347 2683 2401 solis
2730 2346 2912 2401 media
2956 2344 3069 2414 dic)
3098 2353 3154 2399 et
3196 2341 3486 2397 confestim

1907 2442 2085 2497 levius
2130 2440 2337 2495 habere
2370 2440 2539 2509 coepit
2562 2454 2718 2510 puer,
2756 2455 2913 2508 teque
2942 2453 3003 2493 ac
3027 2438 3071 2491 si
3110 2436 3160 2491 ei
3189 2436 3347 2491 cibus
3392 2448 3491 2503 per

1907 2545 2187 2586 secessum
2212 2530 2601 2595 emitteretur;
2667 2528 2929 2583 omnibus
2980 2536 3163 2581 autem
3212 2530 3306 2595 qui
3358 2539 3485 2577 eum

1906 2622 2169 2678 videbant
2198 2622 2282 2680 vel
2314 2620 2616 2676 audiebant
2650 2619 2720 2675 de
2753 2618 2845 2674 illo
2880 2626 3003 2675 erat
3036 2616 3272 2687 stupori,
3310 2615 3487 2669 donec

1907 2722 2131 2767 sanctus
2154 2712 2341 2767 delato
2365 2711 2432 2766 ad
2455 2727 2513 2767 se
2532 2727 2781 2774 manum,
2810 2710 2955 2780 apud
2989 2711 3161 2763 Deum
3186 2706 3486 2777 plurimum

1906 2804 2212 2865 valentem,
2280 2804 2601 2873 imponens,
2664 2812 2877 2858 natura:
2929 2809 3226 2857 consuetos
3277 2806 3491 2855 meatus

1907 2896 2108 2951 iterum
2131 2894 2423 2949 reseravit.
2568 2896 2571 2899 λ

1981 2988 2101 3042 120.
2138 2986 2437 3057 Presbyter
2462 2986 2686 3056 quidam
2721 3003 2787 3041 ex
2831 2986 2954 3041 loco
2982 2976 3077 3054 qui
3127 2976 3335 3037 dieitur
3383 2982 3486 3035 Pa-

1908 3081 2124 3135 radisus
2157 3082 2292 3149 (56),
2327 3080 2569 3135 Thomas
2602 3080 2850 3143 nomine,
2888 3078 3217 3149 Symeonem
3255 3073 3488 3128 anathe-

1907 3177 2041 3230 mati
2070 3176 2404 3245 subjecerat,
2440 3172 2629 3228 nescio
2657 3186 2827 3241 quare
2882 3177 2979 3224 aut
3014 3166 3315 3237 quomodo,
3379 3163 3487 3218 nisi

201 3274 329 3313 νιιν
360 3257 568 3312 ἄνωθεν
600 3262 712 3322 τοῖς
739 3226 925 3325 καλοίς
953 3226 1248 3331 ᾏτέφυκέςτε,
1281 3226 1665 3335 ὐποδεόλήκει.

1912 3284 1971 3325 ex
1992 3268 2109 3323 sola
2140 3266 2369 3326 invidia,
2396 3264 2781 3355 przestantiora
2814 3275 3045 3331 qumque
3094 3257 3254 3329 zegris
3285 3254 3489 3310 intueri

203 3367 308 3413 τος
334 3350 410 3413 ὡς
434 3351 515 3414 είς
541 3350 754 3421 δυσμὰς
783 3353 1009 3422 ἀφίκετο
1037 3354 1175 3423 βίου,
1211 3356 1305 3409 καὶ
1332 3356 1365 3425 ἡ
1392 3356 1539 3428 ψυχὴ
1575 3358 1803 3432 χωρίζε-

205 3442 343 3495 σθαι
377 3442 479 3513 ἥδη
512 3442 608 3495 τοῦ
660 3444 913 3514 σώματος
965 3444 1212 3516 ἔμελλεν,
1260 3449 1653 3504 ἀποκεκλειστο
1705 3451 1803 3521 μὲν

205 3532 371 3603 αὐτῷ
400 3536 433 3603 ἠ
466 3534 640 3604 φωνὴ,
676 3535 832 3599 δίκας
857 3536 1047 3607 ὥσπερ
1094 3538 1196 3607 τῆς
1224 3541 1303 3603 είς
1335 3542 1427 3593 τὸν
1463 3542 1619 3610 ἅγιον
1655 3543 1803 3596 ὲκτί-

205 3643 384 3679 νουσα
432 3626 802 3697 βλασφημίας,
852 3630 903 3683 οἱ
949 3631 1219 3702 ὀφθαλμοὶ
1264 3634 1319 3687 δὲ
1359 3634 1551 3704 ἄγριόν
1607 3653 1658 3690 τι
1710 3638 1805 3690 καὶ

204 3718 621 3789 τεταραγμένον
650 3720 949 3791 άνεῳγότες
973 3718 1132 3795 ἦσαν,
1150 3726 1262 3779 ἄνω
1280 3725 1571 3795 βλέποντες
1595 3730 1688 3782 καὶ
1717 3732 1805 3784 ούέ

205 3809 272 3867 δὲ
304 3807 473 3876 μῦσαι
510 3809 837 3879 δυνάμενοι·
872 3814 1160 3886 καὶταύτῃ
1209 3816 1396 3880 δεινῶς
1429 3818 1558 3889 ἄχρι
1604 3823 1697 3874 καὶ
1724 3824 1806 3887 εἰς

206 3902 485 3971 ἑξήκοντα
515 3905 729 3975 ἡμέρας
776 3905 1028 3976 ὴτάξετο,
1060 3909 1092 3977 ἦ
1135 3910 1471 3975 ἐπαιδεύετο,
1504 3914 1538 3985 ἢ
1574 3917 1803 3985 ἐμαστί-

207 3993 364 4063 ζετο,
394 3992 428 4063 ἢ
458 3994 558 4047 οὐκ
596 3990 692 4049 οἷδ’
716 3996 744 4049 ὅ
770 4013 823 4050 τι
853 3999 959 4067 χρὴ
983 4001 1366 4071 προσαρμόσαι
1409 4002 1485 4073 τῷ
1517 4005 1804 4077 πράγματι

203 4083 406 4152 ὖνομα.
442 4085 566 4148 Τοῖς
587 4085 727 4154 γοῦν
744 4088 1045 4158 περιοίκοις
1069 4092 1163 4144 καὶ
1188 4092 1303 4146 ὅσοι
1329 4093 1405 4165 τῷ
1430 4095 1584 4168 ἀνδρὶ
1611 4099 1673 4151 ἐκ
1694 4115 1806 4167 γει-

202 4176 385 4230 τόνων
414 4176 730 4247 ἐτύγχανον,
769 4180 830 4232 οὐ
864 4180 1123 4235 συλλαλιά
1169 4182 1304 4254 πρὸς
1334 4186 1598 4256 ἀλλήλους
1642 4189 1804 4259 μόνον

203 4263 281 4338 ἧν
309 4268 372 4321 τδ
394 4269 473 4332 είς
500 4272 662 4324 αὑτὸν
690 4272 935 4341 γεγονὸς,
969 4273 1104 4328 ἀλλὰ
1159 4278 1251 4330 καὶ
1295 4277 1431 4349 πρὸς
1461 4279 1595 4334 Θεὸν
1642 4281 1798 4353 εὐχὴ,

205 4359 443 4431 λυθῆναι
472 4360 571 4431 τὴν
605 4365 881 4437 μηκίστην
907 4366 1001 4420 καὶ
1034 4369 1430 4441 χαλεπωτάτην
1456 4372 1675 4445 ἐκείνην
1703 4376 1803 4427 αύ-

204 4448 291 4519 τῷ
319 4452 607 4522 τιμωρίαν.
633 4455 743 4508 Καί
763 4473 894 4510 ποτε
917 4456 1130 4512 πολλῶν
1155 4461 1282 4532 περὶ
1306 4464 1467 4516 αὐτὸν
1491 4464 1802 4534 ἀθροισθέν-

1904 3363 2090 3418 solita.
2123 3360 2261 3417 Cum
2298 3360 2389 3414 hic
2431 3346 2649 3413 ad'vitze
2682 3371 2941 3411 occasum
2978 3352 3190 3423 magnis
3230 3346 3487 3421 passibus

1907 3451 2356 3522 progrederetur,
2422 3450 2645 3519 jamque
2729 3446 2929 3500 animze
3003 3434 3386 3513 emigrandum
3455 3456 3488 3494 e

1904 3555 2140 3610 corpore
2159 3547 2336 3604 esset;
2391 3552 2495 3591 vox
2529 3537 2646 3607 ipsa
2710 3535 2861 3589 velut
2894 3533 3077 3603 impire
3107 3532 3164 3586 in
3222 3538 3481 3586 sanctum

1905 3630 2260 3703 blasphemiae
2307 3645 2499 3700 pmnas
2547 3630 2769 3683 solvens
2823 3625 3324 3689 intercludebatur,
3356 3637 3492 3678 ocu-

1907 3725 2056 3795 l‘qne
2082 3722 2459 3777 truculentum
2490 3735 2553 3774 ac
2597 3718 2881 3772 turbidum
2935 3719 2991 3772 in
3039 3716 3261 3771 modum
3288 3713 3486 3785 aperti,

1904 3831 2122 3872 sursum
2154 3813 2510 3883 aspectabant
2530 3820 2585 3865 ct
2616 3827 2685 3866 ne
2706 3811 2915 3866 nictare
2944 3808 3173 3879 quidem
3210 3805 3486 3871 valebant,

1904 3918 2070 3979 atque
2106 3908 2182 3962 ita
2212 3909 2268 3960 in
2296 3905 2693 3974 sexagesimum
2718 3918 2893 3975 usque
2924 3902 3069 3957 diem
3102 3899 3486 3970 torquebatur,

1908 4012 2004 4057 aut
2034 4000 2425 4070 castigabatur,
2457 3998 2544 4052 vel
2597 3997 2783 4068 potius
2829 3994 3229 4065 ﬂagellabatur,
3272 3992 3359 4045 vel
3393 4004 3489 4044 ne-

1904 4092 2021 4148 scio
2050 4106 2161 4160 quo
2188 4088 2301 4144 alio
2324 4084 2617 4141 vocabulo.
2656 4084 2859 4139 Omnes
2882 4084 3047 4154 igitur
3078 4083 3286 4137 circum
3318 4078 3486 4133 vicini

1907 4201 2015 4239 non
2052 4180 2216 4235 modo
2245 4180 2563 4249 frequenter
2597 4176 3111 4232 sermocinabantur
3145 4176 3286 4228 inter
3322 4188 3380 4227 se
3419 4172 3487 4227 de

1908 4281 2003 4335 illo
2036 4276 2183 4348 quod
2232 4276 2334 4347 ipsi
2376 4275 2574 4341 ﬁebat;
2615 4274 2710 4329 sed
2750 4289 2942 4344 preces
2975 4288 3195 4343 quoque
3219 4272 3286 4326 ad
3315 4272 3486 4326 Deum

1909 4370 2241 4432 fundebant,
2266 4358 2682 4439 utlongissimis
2709 4366 3157 4439 gravissimisque
3177 4365 3288 4420 illis
3316 4364 3487 4419 miser

1904 4464 2211 4534 eriperetur
2242 4460 2550 4515 tormentis.
2585 4458 2723 4514 Cum
2774 4474 2909 4514 vero
2946 4457 3246 4528 aliquando
3295 4457 3487 4527 ingens

204 4563 343 4609 των,
382 4546 480 4600 καὶ
523 4548 860 4618 φθέγξασθαί
902 4570 953 4607 τι
1012 4552 1371 4626 βιαζομένων,
1419 4558 1516 4629 τῆς
1558 4559 1798 4633 γλώττης

1912 4554 2071 4612 turba
2098 4556 2306 4609 circum
2349 4552 2528 4622 ipsum
2561 4552 2939 4615 conﬂuxisset,
2975 4559 3031 4605 et
3062 4549 3321 4620 quiddam
3356 4563 3485 4618 pro-

204 4638 361 4709 αὐτῷ
384 4640 579 4711 μικρὸν
622 4642 906 4715 ἀνεθείσης
924 4640 1032 4716 (οἷα
1062 4645 1131 4699 τὰ
1157 4647 1253 4701 τοῦ
1292 4648 1427 4702 Θεοῦ
1463 4650 1711 4722 κρίματα
1733 4652 1795 4720 l).

207 4731 280 4783 ἵν’
318 4731 469 4799 αὐτῷ
510 4749 571 4785 τε
626 4734 696 4788 τά
739 4737 837 4806 τῆς
884 4738 1089 4810 πικρᾶς
1122 4740 1339 4809 ἐκείνης
1374 4740 1641 4811 μάστιγος
1678 4746 1796 4815 στῇ,

206 4821 308 4886 καὶ
332 4822 546 4887 πολλοῖς
588 4824 770 4891 ἄλλοις
820 4820 973 4892 οὗτος
1028 4831 1244 4884 παιδεία
1281 4833 1527 4903 γένηται,
1574 4833 1797 4905 Συγχὼ-

209 4913 374 4983 ρησίν
427 4932 513 4985 μοι
571 4916 722 4987 παρὰ
771 4917 865 4971 τοῦ
892 4919 1037 4973 θείου
1074 4920 1303 4993 Συμεὼν
1348 4924 1599 4994 αίτητέον
1642 4924 1794 4993 ὑμῖν,

206 5002 453 5073 ἀδελφοὶ,
490 5004 586 5057 τοῦ
612 5007 969 5077 ἁναθέμάτος,
1008 5008 1109 5079 ἔφη
1132 5026 1147 5041 ο
1176 5010 1369 5065 τούτου
1404 5012 1509 5083 γὰρ
1546 5010 1671 5083 ἄρτι
1698 5012 1798 5084 τὴν

210 5113 287 5148 πα
298 5094 497 5165 ροῦσαν
528 5098 839 5169 εἰσπράττω
861 5099 1101 5154 κόλασιν.

286 5194 427 5258 ρκαν.
458 5190 570 5243 Kal.
597 5191 645 5242 ci
676 5191 776 5260 μὲν
800 5193 1098 5264 πρεσϐείαν
1140 5195 1302 5260 εὐθὺς
1330 5197 1481 5267 παρὰ
1511 5198 1603 5252 τὸν
1643 5199 1798 5267 ᾰγιον

210 5278 560 5334 στέλλονται·
595 5283 624 5336 δ
658 5283 715 5336 δὲ
747 5284 864 5348 (καί
887 5285 997 5355 γάρ
1023 5282 1091 5356 ἦν
1123 5286 1450 5360 θερμότερος
1481 5290 1548 5344 τὰ
1573 5290 1797 5345 τοιαῦτα

208 5370 411 5425 διδόναι
448 5372 651 5443 μᾶλλον
683 5374 716 5444 ἦ
751 5376 877 5439 τοὺς
906 5376 1192 5442 αἰτοῦντας
1221 5378 1544 5447 λαμϐάνειν,
1574 5374 1663 5435 οἷα
1700 5382 1796 5434 καὶ

287 5547 410 5625 (55)-
432 5548 668 5625 Meminit
712 5552 777 5607 P.
822 5552 1208 5625 Papebroclrius
1244 5555 1435 5610 lectum
1494 5558 1627 5625 sibi,
1671 5574 1789 5613 cum

214 5627 349 5700 esset
379 5619 620 5700 Lanuuii,
671 5624 859 5700 medici
901 5619 1006 5679 itan
1053 5627 1297 5696 ignobilis
1352 5619 1695 5700 lib‘rum,'abi
1745 5630 1789 5683 is

213 5690 353 5742 inter
381 5690 494 5744 alia
522 5694 804 5761 asserebat,
858 5690 1100 5749 curatam
1124 5715 1157 5750 a
1198 5714 1254 5751 se
1285 5696 1517 5762 puellam
1540 5690 1786 5763 nobilem,

1898 4645 2047 4715 loqui
2079 4648 2331 4713 cogeret;
2364 4640 2542 4695 soluta
2584 4640 2869 4709 paululum
2903 4639 3092 4708 lingua
3123 4637 3325 4708 (qualia
3357 4645 3487 4691 sunt

1893 4735 2105 4809 judicia
2128 4734 2259 4788 Deil
2296 4740 2410 4787 tum
2434 4740 2494 4787 ut
2520 4731 2743 4787 sisteret
2772 4731 2821 4785 ei
2858 4731 3115 4787 acerbum
3140 4729 3274 4784 illud
3299 4728 3482 4800 ﬂagel-

1895 4830 2030 4894 lum,
2053 4837 2166 4882 tum
2196 4837 2255 4880 ut
2279 4824 2436 4879 multi
2460 4824 2553 4879 alii
2573 4824 2968 4879 documentum
2986 4838 3055 4877 ex
3080 4836 3147 4877 eo
3175 4826 3483 4891 caperent),

1902 4921 2085 4988 Venia,
2103 4919 2303 4989 inquit,
2321 4916 2615 4973 temeritati
2632 4933 2784 4982 meae,
2801 4924 2907 4988 qua
2924 4904 3178 4988 Symeoni
3192 4915 3481 4969 anathema

1902 5008 2039 5079 dixi,
2067 5013 2135 5068 ab
2156 5012 2350 5067 eodem
2378 5010 2615 5081 petenda
2644 5011 2800 5065 vobis
2831 5020 2934 5075 cst,
2971 5009 3171 5064 fratres
3204 5028 3218 5061 :
3254 5008 3484 5080 hnjusco

1898 5107 2046 5161 enim
2090 5104 2333 5169 sceleris,
2372 5119 2507 5173 quas
2538 5102 2760 5165 videtis,
2796 5103 2865 5155 do
2895 5117 3106 5171 poenas.
3492 5112 3497 5117 '

1972 5199 2095 5253 12L
2130 5197 2252 5253 Mox
2280 5198 2356 5251 illi
2388 5197 2717 5268 legationem
2747 5196 3051 5266 expediunt
3074 5193 3142 5249 ad
3183 5204 3469 5249 sanctum:

1898 5290 1993 5361 qui
2027 5298 2085 5344 ut
2125 5300 2244 5345 erat
2288 5286 2598 5359 promptior
2627 5286 2693 5342 ad
2738 5288 3006 5352 dandum,
3045 5286 3219 5357 quam
3241 5285 3334 5355 qui
3382 5299 3475 5353 pc—

1899 5384 2091 5440 tebant
2126 5382 2194 5438 ad
2232 5381 2635 5453 accipiendum,
2678 5381 2882 5451 quique
2927 5379 3096 5450 probe
3150 5384 3382 5431 noverat
3417 5374 3493 5428 il-

1897 5559 2030 5614 tibus
2067 5576 2273 5632 semper
2322 5558 2555 5614 vestibus
2586 5556 2916 5628 contingebat
2944 5571 3062 5609 eam
3106 5553 3258 5625 gravi
3300 5552 3470 5621 fetore

1898 5632 2172 5685 molestam
2195 5632 2432 5685 omnibus
2478 5645 2608 5695 esse.
2930 5666 2935 5671 ι
3052 5694 3058 5695 ί
3315 5691 3326 5695 _
3490 5664 3491 5667 η

1968 5702 2081 5770 (56)
2116 5702 2407 5756 Paradisus
2430 5691 2551 5754 urbs
2576 5698 2748 5770 Syria;
2771 5696 2914 5770 apud
2941 5691 3363 5770 Ptolomazttmjn
3379 5706 3465 5770 re-

140 5806 141 5809 η
214 5775 519 5840 θαωῄιιςςᾳιιε
547 5763 616 5815 ad
647 5779 771 5840 eam
792 5771 1003 5840 aetatem
1028 5766 1287 5840 obstructo
1314 5768 1584 5840 ordinario
1615 5762 1784 5822 urina:
1893 5762 2037 5840 gionc
2063 5762 2390 5835 'Laodiccua,
2426 5787 2527 5824 non
2566 5762 2748 5838 pFocuI
2781 5762 2843 5820 ab
2873 5776 2989 5819 orm
3023 5763 3233 5817 Orontis
3268 5762 3426 5827 ﬂuvii.
3468 5830 3473 5833 μ

218 5838 393 5891 meatu
436 5832 601 5902 ipsam
646 5834 889 5888 reddebat
918 5851 1009 5905 per
1036 5837 1357 5907 umbilicum,
1398 5839 1531 5892 unde
1565 5840 1782 5893 humen-
