3944 6512
473 351 611 416 3099
1680 356 1741 420 S.
1782 353 2162 417 SYMEONIS
2198 353 2560 416 JUNIORIS
3603 349 3728 413 31M

470 461 565 517 lud
600 461 656 516 in
685 461 840 517 lucro
872 476 1098 532 ponere,
1122 459 1271 532 quod
1299 460 1497 529 dabat;
1521 462 1790 520 advocato
1811 463 2057 534 discipu-

2168 462 2318 517 τοῦτο
2351 461 2540 531 σαφῶς
2590 459 2894 531 κερδαίνειν
2936 460 3093 524 εἰδὼς
3125 461 3156 514 8
3180 457 3387 529 δίδωσι)
3419 458 3534 512 τῶν
3569 461 3723 531 uneq-

472 553 651 608 lorum
698 553 791 607 uni
823 553 940 622 (qui
972 551 1207 623 Symeon
1248 552 1673 623 appellabatur),
1718 570 1830 608 non
1874 554 2051 609 solum

2168 555 2265 610 τῶν
2320 554 2417 608 ἕνα
2468 552 2726 617 καλέσας,
2777 549 3002 622 Συμεὼν
3054 552 3154 623 τὴν
3203 550 3605 622 προσηγορίαν,
3640 552 3728 621 οὔχ

472 646 696 717 petitam
735 643 1131 715 indulgentiam
1172 643 1359 712 dedit;
1391 644 1510 711 sed,
1542 654 1601 700 ut
1623 644 1857 701 affectus
1882 645 2053 700 animi

2168 647 2343 711 half-3g
2390 646 2573 699 δίδωσι
2616 645 2843 716 ταύτην,
2890 643 3003 698 ἀλλ’
3036 644 3123 697 ῖνα
3152 643 3246 697 καὶ
3277 642 3524 707 διάθεσις
3562 643 3728 713 ψυχῆς

472 740 615 794 (ἰδίω
653 739 828 793 venia:
858 738 1188 813 coniunctus
1237 738 1463 793 fratrem
1493 737 1714 808 plenius
1742 738 2056 793 consolare-

474 839 603 885 tur:
638 830 805 900 Cape,
828 831 1029 901 inquit,
1067 847 1238 885 unum
1279 847 1347 886 ex
1372 832 1683 889 benedictis
1705 834 1964 903 panibus,
1999 842 2056 887 et

471 923 664 978 abiens
705 938 830 979 cum
878 922 1001 977 istis
1033 932 1190 992 porta
1225 923 1581 995 presbytero;
1610 932 1666 979 et
1713 924 1954 979 dimittet
2002 925 2055 980 ei

471 1013 619 1068 Deus
644 1020 933 1084 peccatum
969 1031 981 1066 :
1019 1028 1143 1066 nam
1170 1012 1335 1068 simul
1382 1023 1549 1083 atque
1601 1016 1942 1084 amplexatus
1962 1031 2057 1085 pa-

471 1119 597 1158 nem
630 1102 819 1166 fuerit,
846 1102 1171 1172 exspirabit.
1216 1103 1727 1173 Accepitcontinuo
1754 1104 2057 1174 discipulus

472 1193 565 1249 ille
594 1209 792 1264 panem
823 1210 889 1249 ac
918 1196 1160 1264 portavit
1194 1213 1208 1249 :
1247 1194 1315 1249 ad
1347 1195 1503 1264 cujus
1536 1194 1882 1264 praesentiam
1912 1210 2057 1266 aeger

472 1287 807 1357 resipiscens
838 1287 1055 1357 sibique
1077 1288 1345 1353 redditus,
1371 1287 1552 1342 libens
1577 1287 1845 1342 ambabus
1878 1287 2055 1342 mani-

472 1378 579 1434 bus
614 1395 809 1449 panem
852 1380 1275 1450 apprehendens
1321 1379 1603 1436 osculatus
1652 1387 1757 1445 est,
1794 1389 1960 1450 atque
2000 1381 2057 1435 in

474 1475 593 1543 ipso
621 1474 873 1543 amplexu
901 1473 1155 1543 Spiritum
1185 1470 1464 1526 reddidit:
1495 1470 1727 1527 dixisses
1753 1471 2058 1543 emigrandi

472 1563 789 1620 facultatem
821 1573 949 1619 ante
980 1581 1091 1619 non
1113 1563 1369 1618 obtinere
1393 1563 1663 1633 potuisse.
1700 1563 1795 1619 sed
1828 1564 1895 1619 ad
1938 1580 2061 1636 gra-

472 1656 623 1712 viora
654 1656 977 1713 sustinenda
1013 1657 1286 1712 violenter
1328 1648 1615 1711 detentum
1640 1673 1656 1723 ;
1687 1656 1866 1711 donec
1895 1672 1927 1711 a
1956 1655 2059 1729 Sy-

472 1766 856 1822 meone,quem
873 1753 1083 1808 scilicet
1103 1751 1457 1821 blasphemus
1471 1750 1800 1821 impetierat,
1815 1768 1846 1807 e
1860 1766 2059 1820 corpo-

2153 740 2219 808 τῇ
2247 733 2549 808 συγγνώμῃ
2579 736 2779 805 προσῇ,
2800 735 2903 788 τὸν
2934 734 3162 803 ἀδελφὸν
3191 735 3287 787 ὲπὶ
3329 734 3498 789 πλέον
3541 736 3729 805 πληρο-

2159 827 2425 900 φοροῦσα,
2457 826 2619 894 ’Ἐνα,
2640 827 2797 899 φησὶ,
2820 826 2931 879 τῶν
2949 825 3047 896 τῆς
3064 825 3315 895 εὐλογίας
3334 828 3519 897 ἄρτων
3541 826 3724 889 λαόὼν,

2156 921 2310 976 ἄπιθι
2369 923 2467 975 σὺν
2528 921 2713 985 αὐτοῖς
2780 920 3021 990 κομίζων
3078 919 3156 990 τῷ
3213 920 3598 991 πρεσϐυτέρῳ,
3644 922 3727 973 καὶ

2157 1012 2492 1083 ἀφεθήσεται
2518 1011 2668 1083 αὐτῷ
2700 1014 2734 1084 ὴ
2765 1012 3014 1083 ἁμαρτία
3041 1012 3195 1085 παρὰ
3215 1012 3376 1065 Θεοῦ·
3409 1012 3726 1082 ἀσπασάμε-

2158 1121 2247 1165 νος
2273 1104 2381 1174 γὰρ
2415 1104 2508 1157 τὸν
2548 1104 2713 1174 ἄρτον
2753 1103 2913 1168 εὐθὺς
2955 1104 3355 1167 ἀναπαύσεται.
3408 1104 3517 1158 Τοῦ
3553 1104 3609 1157 δὲ
3650 1106 3726 1158 τὸν

2158 1197 2323 1267 ἄρτον
2345 1196 2542 1250 αὐτίκα
2567 1195 2826 1259 λαϐόντος
2857 1197 2952 1250 καὶ
2981 1197 3329 1267 κομίσαντος,
3362 1196 3500 1268 πρὸς
3529 1198 3626 1267 τὴν
3644 1198 3729 1251 αὐο

2158 1288 2252 1341 τοῦ
2280 1287 2578 1360 παρουσίαν
2611 1289 2819 1351 ἐκεῖνος
2840 1288 3171 1356 ἀνενεγκὼν,
3194 1289 3447 1360 ἁσμένως
3466 1308 3528 1343 τε
3557 1292 3728 1361 χερσὶν

2160 1380 2500 1451 ἀμφοτέραις
2521 1378 2814 1447 δεξάμενος
2843 1379 2940 1433 καὶ
2964 1379 3220 1450 φιλήσας,
3247 1382 3639 1435 συναποδίδωσι
3663 1384 3731 1452 τῷ

2161 1472 2441 1543 ἀσπασμῷ
2490 1472 2588 1525 καὶ⁵
2634 1470 2691 1525 τὸ
2738 1470 2978 1541 πνεῦμα,
3023 1471 3276 1543 καθάπερ
3318 1473 3627 1543 ἐκδημῆσαι
3663 1476 3729 1545 μὴ

2164 1561 2634 1632 συγχωρούμενον,
2680 1560 2819 1614 ἀλλὰ
2876 1561 2969 1615 καὶ
3025 1561 3309 1632 βιαιότατα
3358 1566 3731 1634 κατεχόμε.ον,

2162 1654 2260 1708 καὶ
2308 1653 2665 1723 χαλεπώτατα
2716 1653 2943 1724 πάσχον,
2973 1653 3078 1719 ἕως
3124 1654 3275 1725 παρὰ
3320 1656 3415 1709 τοῦ
3458 1657 3604 1710 θείου
3642 1660 3730 1711 Σ)-

2166 1745 2333 1818 μεὼν,
2368 1746 2449 1808 είς
2483 1744 2541 1798 ὃν
2577 1744 2776 1816 δηλαδὴ
2811 1747 2906 1800 καὶ
2945 1746 3014 1801 τὰ
3046 1748 3143 1818 τῆς
3175 1749 3553 1820 βλασφημίας,
3583 1755 3613 1820 ἡ
3648 1752 3731 1804 λύ-

477 1855 535 1895 re
562 1812 863 1897 excedendi
888 1842 1047 1896 venia
1070 1812 1482 1911 apportaretur.
1505 1812 1683 1909 Atque
1705 1812 1808 1896 hoc
1832 1812 2055 1911 quid-em

2168 1812 2249 1901 in;
2303 1838 2574 1909 ἀφίκοιτο.
2620 1812 2779 1889 {Alli-
2831 1836 2989 1891 τοῦτο
3048 1812 3146 1908 μέν
3175 1812 3549 1911 ἰπληροῦντόςν
3599 1812 3733 1897 iam

472 1931 571 1987 Dei
595 1947 737 2002 opus
759 1942 865 1998 est,
896 1934 1027 1988 hinc
1054 1934 1330 2002 promissa
1358 1950 1458 1988 sua
1490 1932 1770 2003 implentis
1799 1942 1855 1988 et
1886 1934 2061 1988 hono-

474 2022 628 2078 rifice
651 2023 1009 2094 glorificantis
1038 2025 1182 2089 illos,
1207 2025 1301 2095 qui
1327 2024 1505 2095 ipsum
1528 2025 1835 2096 gloriﬁcare
1859 2039 2061 2094 propo-

473 2117 639 2172 situm
669 2118 910 2184 habent,
946 2118 1072 2172 inde
1100 2134 1235 2173 vero
1261 2119 1590 2189 corrigentis
1639 2118 2060 2187 revocantisque

473 2208 543 2263 ad
571 2208 802 2279 frugem,
828 2226 926 2280 per
955 2210 1221 2265 intlictam
1254 2210 1388 2264 huic
1428 2210 1632 2264 misero
1658 2224 1898 2279 pmnam,
1939 2210 2060 2264 illos

473 2301 567 2370 qui
596 2301 784 2371 inique
804 2311 1007 2373 agunt:
1031 2300 1084 2356 id
1106 2317 1239 2357 vero
1268 2301 1547 2372 quomodo
1579 2301 1691 2367 fiat,
1721 2301 2058 2356 narrandum

473 2408 583 2447 non
624 2403 729 2449 est.

548 2484 668 2540 ηε.
720 2484 964 2555 Contigit
998 2485 1052 2539 in
1080 2485 1217 2541 locis
1244 2486 1543 2548 montanis,
1579 2485 1837 2539 feminam
1870 2500 2062 2555 quam-

473 2574 598 2633 dam
632 2592 826 2644 parere
857 2576 1123 2631 infantem
1156 2586 1264 2631 tam
1295 2593 1525 2641 caecum,
1557 2586 1616 2631 ut
1641 2578 1928 2631 oculorum
1959 2592 2060 2631 ne-

472 2682 583 2738 que
617 2678 801 2737 partes
833 2670 972 2737 imae,
1016 2686 1195 2739 neque
1243 2670 1428 2737 orbes,
1462 2685 1639 2737 neque
1687 2670 1915 2739 vestigia
1952 2669 2062 2723 ulla

474 2759 532 2813 in
565 2758 705 2815 facie
735 2777 993 2830 expressa
1019 2761 1365 2815 viderentur.
1404 2761 1549 2815 llinc
1592 2768 1849 2829 parentes
1895 2776 2055 2815 acer-

476 2848 692 2906 bissimi
734 2850 946 2906 doloris
999 2853 1109 2907 telo
1156 2852 1349 2916 saucii,
1404 2852 1660 2906 tollentes
1688 2868 1947 2922 puerum,
1984 2852 2063 2907 la-

475 2957 693 3014 crymas
711 2943 878 2998 etiam
908 2943 977 2999 ab
1006 2944 1182 3000 oculis
1203 2943 1340 2998 nihil
1364 2944 1428 2999 ad
1460 2960 1516 2998 se
1538 2945 1892 2999 attinentium
1914 2946 2063 3001 ciere

475 3036 774 3097 valentem,
806 3036 875 3090 ad
900 3038 1080 3092 virum
1109 3048 1360 3093 sanctum
1398 3038 1728 3100 accelerant,
1755 3038 1972 3094 unicam
2005 3040 2060 3095 in

476 3124 783 3196 desperatis
812 3142 986 3196 spem.
1011 3126 1146 3182 Cum
1184 3135 1370 3182 autem
1396 3126 1672 3182 enitentes
1702 3127 1755 3181 in
1794 3140 2059 3197 montem,
2091 3152 2133 3209 ο

479 3217 748 3288 tantisper
768 3217 1013 3272 laborem
1043 3218 1260 3273 itineris
1279 3218 1465 3287 quiete
1508 3218 1763 3284 levaturi,
1787 3222 2067 3277 subsedis-

477 3318 634 3376 sent,
668 3318 907 3365 cernunt
937 3319 990 3380 (ο
1028 3310 1419 3365 suavissimum
1474 3312 1850 3381 spectaculum
1890 3316 2067 3370 oculis

477 3410 769 3473 parentum
795 3404 859 3471 l),
888 3412 1124 3458 cernunt
1147 3418 1381 3473 puerum
1405 3402 1610 3460 habere
1635 3406 1827 3461 oculos
1853 3418 2067 3464 naturae

480 3508 775 3565 congruos,
830 3494 1061 3564 acieque
1095 3503 1246 3550 recte
1290 3496 1547 3551 ordinata
1586 3498 1831 3554 intueri:
1868 3515 1933 3555 ac
1974 3516 2065 3555 se-

479 3585 659 3655 posita
699 3584 851 3639 omni
900 3601 1077 3651 mora,
1108 3586 1455 3642 contentiore
1502 3589 1673 3659 gradu
1716 3590 1785 3645 ad
1815 3600 2066 3647 sanctum

479 3676 764 3743 festinant,
794 3679 1116 3734 nuntiantes
1141 3678 1581 3736 misericordiam
1619 3691 1676 3737 et
1710 3683 1984 3739 mirabilia
2013 3685 2065 3741 ei

479 3786 597 3829 Sua.
631 3773 708 3828 lta
746 3790 857 3829 non
888 3790 1014 3829 raro
1035 3776 1209 3845 gratia
1235 3774 1493 3849 Symeoni
1521 3774 1739 3831 caelitus
1769 3775 1895 3831 data
1928 3792 2069 3847 pra:-

478 3868 646 3921 vertit
684 3868 981 3923 adventum
1015 3869 1283 3925 medelam
1312 3868 1643 3939 petentium,
1677 3877 1923 3939 spectata
1968 3885 2068 3925 eo-

482 3972 605 4010 rum
651 3958 821 4013 animi
848 3960 1318 4030 promptitudine;
1354 3970 1411 4015 et
1450 3959 1767 4030 priusquam
1796 3959 1897 4030 ipsi
1926 3962 2067 4031 peti-

480 4046 688 4102 tionem
739 4064 895 4103 suam
945 4053 1326 4115 enuntiarent,
1358 4050 1451 4104 illa
1482 4050 1688 4104 donum
1721 4050 2062 4107 conferebat.

480 4133 684 4192 Verum
720 4139 845 4207 quis
873 4147 1033 4194 tanta:
1058 4139 1113 4193 in
1148 4139 1384 4195 dicendo
1417 4139 1685 4194 facundiae
1725 4148 1890 4209 atque
1933 4156 2071 4195 con-

481 4228 763 4294 tentionis,
792 4238 854 4284 ut
881 4230 1205 4286 varietatem
1240 4246 1305 4286 ac
1330 4230 1742 4285 multitudinem
1769 4231 2065 4286 miraculo-

480 4330 603 4370 rum
634 4319 755 4388 ejus
784 4318 1121 4375 sufficienter
1150 4319 1427 4389 exponat?

552 4408 678 4463 125.
712 4410 906 4465 Mulier
939 4411 1188 4481 quendam
1219 4412 1273 4465 in
1306 4410 1493 4465 Rhoso
1526 4408 1639 4479 (57)
1668 4408 1877 4465 Cilicia:
1904 4410 2061 4477 urbe,

2161 1930 2370 1985 οἰκείαν
2422 1928 2518 1983 τοῦ
2570 1927 2707 1981 Θεοῦ
2750 1928 3030 1984 κάνταῦθα
3062 1932 3416 2001 ἐπαγγελίαν,
3455 1937 3554 1989 καὶ
3595 1936 3733 2004 φιλο-

2160 2025 2335 2093 τίμως
2389 2024 2705 2092 δοξάζοντος
2760 2021 2885 2083 τοὺς
2942 2022 3106 2077 αύτὺν
3143 2024 3384 2091 δοξάζειν
3425 2029 3733 2097 προῃρημέ-

2162 2133 2287 2180 νους
2305 2133 2320 2148 ο
2348 2117 2485 2187 πρὸς
2508 2117 2565 2171 δὲ
2592 2116 2686 2170 καὶ
2708 2116 2833 2179 τοὺς
2858 2114 3133 2179 ἀσυνέτως
3162 2114 3405 2185 ἔχοντας,
3434 2117 3523 2171 διὰ
3549 2120 3642 2187 τῆς
3665 2123 3733 2184 εἰς

2163 2211 2370 2262 ἐκεῖνον
2413 2210 2647 2282 πληγῆς,
2694 2208 3121 2280 σωφρονίζοντος
3144 2225 3159 2239 ·
3205 2211 3383 2264 ἐκεῖνο
3415 2211 3511 2265 καὶ
3543 2212 3655 2275 πῶς
3680 2213 3732 2265 ού

2160 2297 2447 2370 διηγητέον
2474 2317 2489 2367 ;

2238 2481 2375 2553 ρκβν.
2406 2482 2613 2554 Συνέϐη
2648 2483 2791 2537 κατὰ
2819 2484 2919 2555 τὴν
2948 2483 3163 2556 ὀρεινὴν
3187 2483 3425 2553 γυναῖκά
3453 2502 3575 2538 τινα
3615 2502 3733 2539 w-

2161 2574 2272 2628 δίον
2300 2577 2477 2628 τεκεῖν
2506 2575 2648 2629 οῦτω
2668 2576 2887 2645 τυφλὸν,
2917 2576 2991 2640 ὡς
3033 2577 3171 2648 μηδὲ
3227 2576 3520 2648 ὀφθαλμῶν
3541 2578 3735 2647 πυθμίο

2163 2683 2281 2729 νας,
2325 2667 2463 2737 μηδὲ
2522 2667 2862 2739 κοιλότητας,
2901 2669 3035 2739 μηδὲ
3093 2670 3214 2738 ίχνη
3248 2670 3455 2723 τούτων
3479 2670 3559 2739 τῷ
3594 2687 3736 2740 προσ-

2163 2754 2300 2827 ώπῳ
2326 2758 2749 2813 ἐντετυπῶσθαι.
2790 2758 2915 2812 Βέλι
2933 2776 2986 2822 δς
3014 2759 3195 2811 τοίνυν
3226 2762 3550 2831 πικρότερον
3576 2761 3623 2814 οἱ
3653 2779 3733 2813 τε-

2163 2850 2351 2912 κόντες
2376 2849 2691 2921 βαλλόμενοι
2723 2850 2793 2905 τά
2849 2851 3155 2922 σπλάγχνα,
3207 2853 3406 2925 φόρτον
3472 2854 3729 2925 ἀράμενοι

2162 2940 2223 2994 τὸ
2254 2940 2471 3011 βρέφος,
2500 2942 2710 3013 δάκρυα
2741 2942 2837 2997 καὶ
2864 2943 3031 3015 μηδὲν
3061 2945 3429 3015 προσήκουσιν
3455 2944 3737 3014 ὀφθαλμοῖς

2164 3037 2332 3087 κινεῖν
2381 3033 2701 3103 δυνάμενον,
2749 3036 2902 3104 παρὰ
2934 3036 3026 3091 τὸν
3063 3036 3205 3091 θεῖον
3247 3036 3509 3107 ὥρμηντο
3562 3038 3737 3091 τοῦτον

2165 3123 2358 3195 ἄνδρα,
2394 3122 2492 3195 τὴν
2530 3122 2700 3195 μόνην
2730 3124 2788 3177 ὲν
2818 3126 3120 3196 ἀμηχάνοις
3147 3125 3356 3179 ἐλπίδα.
3406 3126 3494 3188 Ὡς
3531 3123 3624 3179 οὖν
3652 3129 3739 3180 ἀν-

2170 3214 2338 3279 ιόντες
2362 3214 2451 3268 διὰ
2486 3213 2579 3269 τοῦ
2609 3214 2768 3283 ὅρους
2798 3214 3079 3281 ἐκάθισαν,
3102 3216 3247 3269 ὥστε
3282 3218 3373 3269 τὸν
3400 3219 3467 3271 ὲκ
3500 3217 3599 3287 τῆς
3627 3215 3740 3271 ὀδοῦ

2168 3309 2328 3362 πόνον
2395 3307 2569 3379 βραχύ
2618 3326 2671 3362 τι
2724 3308 3111 3370 διαναπαῦσαι,
3177 3308 3378 3379 ὁρῶσιν
3430 3308 3511 3380 (ῶ
3550 3311 3743 3379 γονέων

2165 3399 2460 3471 ὀφθαλμοῖς
2492 3400 2711 3471 ἡδίστου
2757 3400 3101 3472 θεάματοςῑ)
3154 3399 3378 3471 ἔχοντας
3432 3401 3510 3471 τῷ
3552 3401 3739 3472 παιδίῳ

2165 3491 2290 3554 τοὺς
2323 3491 2635 3562 ὀφθαλμοὺς
2662 3492 2802 3548 κατὰ
2852 3494 3035 3563 φύσιν,
3061 3493 3358 3561 ὑγιαίνοντί
3389 3512 3447 3549 τε
3480 3494 3740 3565 βλέμματι

2168 3581 2502 3653 βλέποντας*
2543 3585 2638 3638 καὶ
2680 3586 3022 3657 παραχρῆμα
3074 3587 3449 3658 συντονωτέρᾳ
3486 3588 3621 3658 πρὸς
3654 3587 3739 3641 τὸν

2170 3677 2328 3746 ἅγιον
2388 3680 2455 3750 τῇ
2494 3678 2688 3749 πορείᾳ
2726 3678 2990 3749 ἐχρῶντο,
3039 3679 3478 3747 ἀπαγγέλλοντες
3524 3681 3593 3734 τά
3626 3680 3739 3751 ὲλέη

2166 3770 2261 3823 καὶ
2302 3768 2374 3824 τὰ
2414 3770 2695 3840 θαυμάσια
2746 3769 2936 3825 αὐτοῦ.
2962 3769 3149 3834 Οὕτως
3184 3773 3217 3841 ἡ
3258 3773 3396 3843 παρ’
3418 3772 3565 3844 αὐτῷ
3593 3774 3738 3845 χάρη

2166 3862 2373 3917 ἄνωθεν
2414 3865 2514 3935 τὴν
2558 3862 2666 3917 τῶν
2696 3863 2993 3917 αἰτούντων
3023 3863 3285 3927 πολλάκις
3316 3865 3517 3933 ἔφθανε
3547 3882 3741 3935 παρου-

2170 3954 2313 4020 σίαν,
2357 3957 2425 4025 τῇ
2470 3957 2569 4024 τῆς
2624 3954 2853 4026 καρδίας
2912 3955 3198 4027 ἑτοιμασίᾳ
3252 3957 3616 4025 προσέχουσα,
3651 3958 3735 4009 καὶ

2168 4043 2297 4114 πρὶν
2322 4042 2355 4115 ἢ
2378 4042 2475 4114 τὴν
2497 4044 2710 4113 αἴτησιν
2740 4045 2978 4108 ἐκείνους
3007 4044 3217 4109 θέσθαι,
3242 4046 3379 4116 αὕτη
3414 4049 3511 4118 τὴν
3546 4048 3733 4116 δωρεὰν

2170 4132 2541 4204 ἐκπληροῦσα.
2588 4133 2747 4187 ’Δλλὰ
2804 4134 2887 4197 τίς
2921 4131 3063 4187 οὕτω
3103 4133 3321 4201 γλῶττα
3375 4134 3600 4203 περιττὴ
3651 4134 3730 4185 καὶ

2168 4227 2471 4296 φιλότιμος,
2493 4226 2567 4291 ὼς
2594 4227 2656 4279 τὸ
2694 4226 2936 4280 ποικίλον
2959 4226 3170 4279 ἐκείνου
3199 4225 3309 4279 τῶν
3338 4226 3624 4297 θαυμάτων
3647 4225 3728 4279 καὶ

2167 4318 2446 4381 πολυειδὲς
2480 4318 2679 4382 ἱκανῶς
2711 4319 3096 4389 παραστῆσαι;

2240 4416 2377 4481 ρκγ’.
2412 4411 2552 4482 Γυνὴ
2576 4412 2685 4483 γάρ
2720 4428 2803 4476 τις
2837 4413 2896 4464 ὲν
2930 4412 3125 4481 Ῥοσῷ,
3161 4412 3314 4466 πόλει
3348 4413 3445 4480 τῆς
3472 4411 3726 4474 Κιλικίας,

480 4498 797 4556 Theotecna
824 4504 1116 4573 appellata,
1138 4504 1248 4574 jam
1276 4503 1405 4559 inde
1429 4518 1461 4558 a
1484 4503 1667 4573 puella
1694 4501 1928 4556 daemoni
1958 4503 2061 4557 ob-

2168 4503 2337 4573 ὖνομα
2399 4502 2689 4566 Θεοτέκνα,
2728 4502 2991 4574 δαιμονίῳ
3052 4503 3325 4573 πνεύματι
3391 4506 3617 4575 κάτοχος
3670 4506 3729 4556 ἐκ

479 4592 667 4660 noxia,
712 4593 972 4650 eumdem
1017 4595 1356 4664 procedente
1400 4602 1562 4649 aetate
1612 4594 1765 4647 velut
1805 4595 2063 4648 comitem

481 4681 744 4748 habebat,
785 4700 890 4740 nec
917 4700 949 4739 a
975 4699 1097 4740 sese
1125 4700 1368 4755 unquam
1399 4684 1770 4748 recedentem,
1812 4683 1921 4737 imo
1943 4700 2067 4754 gra-

480 4773 706 4832 vissime
732 4777 901 4832 etiam
926 4775 1243 4832 turbantem
1271 4786 1325 4831 et
1343 4777 1587 4847 linguam
1612 4775 1983 4830 miserabilem
2009 4776 2064 4830 in

449 4879 451 4882 ‘
481 4868 706 4923 modum
728 4868 1049 4924 laniantem.
1070 4868 1497 4924 Cohabitaverat
1519 4869 1610 4923 illa
1634 4870 1754 4923 viro
1770 4870 1883 4940 jam
1907 4869 2066 4924 annis

480 4959 697 5030 viginti,
722 4960 1013 5015 sterilitate
1043 4971 1100 5016 et
1120 4960 1389 5016 daemonis
1423 4961 1732 5025 vexatione,
1762 4961 2061 5031 castigata;

478 5065 716 5121 cumque
749 5052 899 5106 nulla
923 5052 1150 5108 daretur
1195 5068 1224 5107 a
1253 5052 1433 5123 pomis
1478 5052 1735 5117 cessatio,
1767 5051 2063 5122 impatiens

479 5140 748 5213 longioris
772 5143 1197 5199 cohabitationis
1223 5144 1310 5198 vir
1335 5160 1470 5199 suus
1528 5143 1678 5198 illam
1722 5141 2057 5212 repudiavit.

479 5234 728 5301 Quatuor
752 5247 876 5307 post
907 5237 1025 5297 haec
1050 5236 1375 5292 eﬂluxerant
1402 5236 1556 5300 anni,
1610 5237 1730 5290 viro
1769 5235 1905 5288 alias
1939 5234 2063 5288 nul-

480 5326 561 5382 las
586 5329 810 5399 nuptias
835 5328 1137 5392 ambiente,
1169 5327 1392 5398 quando
1422 5328 1513 5381 illa
1542 5335 1796 5382 sanctum
1824 5325 2053 5396 Symeo-

481 5433 607 5472 nem
638 5421 871 5491 ejusque
934 5419 1416 5490 inexpugnabilem
1464 5418 1734 5473 adversus
1793 5418 2059 5489 hujusce-

2178 4595 2368 4658 παιδὸς
2428 4595 2720 4665 γενομένη,
2756 4595 3052 4667 σύγχρονόν
3098 4612 3154 4649 τε
3203 4596 3307 4666 τῆς
3355 4597 3574 4668 ἡλικίας
3625 4597 3723 4650 ὧσ-

2174 4704 2281 4758 περ
2336 4688 2470 4740 αὐτὸ
2531 4680 2647 4741 καὶ’
2706 4688 2979 4758 μηδέποτε
3050 4687 3514 4759 διαζευγνύμενον
3581 4689 3733 4758 αὐτῆς

2169 4779 2391 4851 ἔχουσα,
2426 4778 2563 4833 ἀλλὰ
2613 4779 2802 4843 δεινῶς
2862 4780 3035 4850 αὐτὴν
3088 4780 3478 4851 καταρρῆσσον
3509 4783 3603 4835 καὶ
3643 4780 3731 4849 τῆς

2169 4870 2415 4941 γλώττης
2445 4871 2693 4925 οἴκτιστα
2718 4872 3157 4943 παραπτόμενον.
3187 4871 3335 4941 Αῦτη
3371 4872 3466 4925 καὶ
3509 4871 3731 4927 εἰκοστὸν

2170 4962 2291 5027 ἔτος
2341 4962 2496 5033 ἀνδρὶ
2551 4964 2942 5034 συνοικήσασα,
2978 4965 3073 5017 καὶ
3111 4963 3339 5034 ἀτεκνίᾳ
3371 4964 3515 5034 μετὰ
3551 4964 3647 5034 τῆς
3676 4963 3737 5016 ἐκ

2169 5055 2262 5109 τοῦ
2302 5055 2555 5126 δαίμονος
2576 5056 2841 5128 ἐπηρείας
2872 5057 2907 5126 ἡ
2936 5055 3208 5110 Θεοτέκνα
3246 5056 3644 5127 μαστιζομένη,
3665 5054 3732 5117 ὡς

2173 5149 2430 5219 οὐδεμίαν
2501 5148 2723 5219 εὕρισκε
2767 5147 2863 5202 τοῦ
2914 5148 3119 5212 πάθους
3161 5147 3509 5219 ἀπαλλαγὴν,
3568 5147 3731 5201 οὐκέτι

2174 5240 2415 5311 φορητῆς
2445 5238 2613 5306 οὔσης
2644 5241 2839 5309 ἐκείνῳ
2884 5239 2983 5307 τῆς
3014 5240 3405 5307 συνοικήσεως,
3447 5239 3739 5293 ἁπολέλυτον

2174 5331 2306 5401 παρ’
2338 5330 2528 5386 αὑτοῦ.
2558 5332 2833 5403 Τετάρτου
2857 5330 3036 5384 τοίνυν
3080 5329 3284 5400 μεταξὺ
3316 5330 3735 5401 διαρρεύσαντος

2171 5424 2381 5493 χρόνον,
2406 5424 2434 5476 ὁ
2466 5422 2564 5487 μὲν
2588 5423 2727 5493 ἀνὴρ
2760 5421 3029 5492 δευτέρων
3060 5422 3120 5474 ού
3150 5420 3451 5491 πεπείρατο
3472 5418 3727 5491 γάμων,ή

482 5512 632 5566 modi
666 5513 807 5567 mala
834 5513 1095 5567 virtutem
1124 5510 1390 5581 confugit.
1417 5510 1666 5579 Cumque
1696 5511 2053 5581 propiusjam

2168 5516 2220 5568 δὲ
2248 5516 2386 5587 πρὸς
2422 5516 2513 5570 τὸν
2540 5516 2681 5569 θεῖον
2711 5514 2936 5584 Συμεὼν
2960 5514 3318 5582 καταφεύγει,
3344 5513 3441 5567 καὶ
3469 5513 3569 5581 τὴν
3594 5511 3728 5581 ἅμα·

482 5599 698 5658 abesset
725 5619 755 5657 a
799 5605 1079 5670 columna,
1137 5612 1522 5674 spectaretque
1565 5613 1819 5658 sanctum
1875 5612 1932 5658 et
1979 5605 2048 5660 ab

2168 5624 2250 5678 χον
2279 5609 2491 5662 ἐκείνου
2536 5608 2679 5661 κατὰ
2722 5607 2833 5661 τῶν
2869 5606 3123 5660 τοιούτων
3159 5606 3333 5676 ἰσχύν.
3370 5606 3523 5658 Ἐπεὶ
3551 5605 3605 5659 δὲ
3638 5602 3730 5672 ήδη

556 5713 676 5793 ς37).
703 5713 810 5793 Hoc
831 5717 1003 5785 ipsum
1038 5715 1355 5769 miraculum
1395 5731 1487 5793 (ex.
1504 5716 1720 5770 concilio
1759 5734 1795 5772 ιι
1840 5716 2052 5773 Nicccno
2096 5737 2259 5791 supra
2291 5725 2451 5778 etiam
2487 5724 2724 5778 dedimus
2749 5722 2775 5793 §
2805 5725 2866 5788 7;
2896 5724 2958 5775 de
2991 5723 3174 5777 Rhoso
3200 5730 3376 5776 autem
3412 5736 3503 5774 seu
3532 5717 3733 5774 Rhossa

476 5783 610 5837 urbe
632 5783 873 5839 similiter
900 5797 1072 5841 actum
1097 5803 1260 5855 supra
1294 5796 1367 5840 est
1392 5788 1419 5856 §
1457 5785 1510 5838 2.
