3944 6494
316 384 455 452 3101

1345 396 1519 459 VlTA
1558 397 1606 455 Α
1641 393 2081 458 NICEPHORO
2119 400 2587 466 CONSCRIPTA

3458 405 3599 471 3102

314 498 413 553 τοῦ
439 498 633 554 στύλον
659 499 891 573 πλησίον
920 499 1086 568 ἔλθοι,
1119 502 1217 559 ἴδοι
1240 521 1299 559 τε
1329 505 1421 561 τὸν
1470 508 1644 578 μέγαν
1674 508 1769 560 καὶ
1803 503 1896 559 ὐπ’

2023 520 2123 577 pso
2177 519 2526 581 spectaretur
2587 512 2864 581 vicissim,
2913 531 3023 570 non
3096 516 3279 571 ferens
3342 516 3597 574 diabolus

314 590 485 647 αὐτοῦ
512 592 754 667 θεαθείη,
782 596 882 669 τήν
938 597 1215 670 ἐγγύτητα
1265 598 1326 652 τδ
1359 599 1638 668 δαιμόνιον
1670 598 1764 653 καὶ
1800 598 1902 668 τὴν

318 683 450 738 θέαν
505 686 695 759 ῶσπερ
746 690 847 742 οὐκ
883 690 1130 759 ἐνεγκδν,
1163 691 1365 762 ἤρξατο
1397 691 1589 756 δεινῶς
1620 690 1905 761 ἐκμαίνειν

317 781 415 833 καὶ
476 780 699 853 βρύχειν
739 784 987 855 ἐσχάτως
1015 802 1075 839 τε
1106 786 1204 857 τὴν
1264 788 1499 856 γυναῖκα
1546 785 1903 857 σπαράττειν,

316 871 433 934 καὶ,
469 873 533 924 Ὢ
569 872 678 941 βία,
698 876 941 944 κράζειν,
964 876 1155 947 ἄγριόν
1180 894 1230 930 τι
1264 878 1360 930 καὶ
1393 877 1589 948 κομιδῇ
1632 876 1901 948 μεμηνὸς,

316 961 372 1014 τί
411 979 502 1031 μοι
556 965 691 1035 πρὸς
741 965 800 1018 σὲ
844 967 1097 1020 τοσοῦτον
1144 967 1480 1039 ἡμάρτηται,
1509 968 1591 1021 ὅτι
1637 984 1705 1038 με
1736 968 1907 1040 χωρί-

320 1055 436 1117 ζεις
465 1055 564 1127 τῆς
616 1058 857 1128 ἐμαυτοῦ
911 1062 1169 1129 γυναικός
1197 1080 1210 1128 ;
1243 1062 1272 1114 ὁ
1313 1062 1508 1133 μιαρὸς
1549 1060 1628 1131 τῷ
1687 1062 1805 1115 δντι
1836 1064 1907 1117 τά

323 1148 497 1219 μιαρὰ
535 1148 927 1221 φθεγγόμενος,
966 1154 1084 1206 Ἴνα
1114 1155 1168 1206 τί
1208 1153 1287 1220 δὲ,
1318 1154 1477 1224 φησι,
1510 1155 1604 1207 καὶ
1633 1154 1804 1207 παῖδα
1827 1154 1899 1206 δί-

320 1239 428 1303 δως
465 1241 636 1312 αὐτῷ,
676 1242 865 1298 ᾶπαιδι
896 1246 1184 1310 τοσούτους
1217 1245 1276 1313 ἐξ
1305 1246 1439 1316 ἐμοῦ
1462 1246 1691 1316 χρόνους
1721 1264 1788 1316 με
1799 1264 1900 1316 με·

324 1334 565 1406 νηκυίας
620 1335 825 1390 Ἐδόκει
892 1337 1000 1407 γὰρ
1056 1340 1121 1408 τῇ
1184 1338 1408 1406 γυναικὶ
1472 1337 1797 1409 τηνικαῦτα,
1831 1338 1907 1402 ὡς

324 1424 463 1492 μετὰ
523 1423 697 1478 ταῦτα
755 1425 972 1496 νήψασα
1019 1426 1292 1495 ἐξηγεῖτο,
1353 1428 1518 1481 αὐτὸν
1579 1428 1769 1500 ῶσπερ
1811 1430 1903 1483 τὸν

322 1517 477 1585 ἅγιον
505 1516 733 1585 λέγοντα
768 1518 992 1572 τοιαῦτα
1056 1522 1187 1591 ὁρᾷν
1214 1537 1227 1551 ’
1253 1520 1326 1574 Σὺ
1358 1522 1479 1592 μὲν,
1513 1522 1731 1593 πνεῦμα
1775 1540 1909 1577 πον-

319 1608 475 1680 ηρδν,
502 1610 568 1662 ἐκ
599 1609 698 1679 τῆς
732 1612 990 1676 γυναικὸς
1025 1612 1121 1665 καὶ
1166 1612 1297 1666 άκον
1353 1612 1674 1685 ἀπελαθήσῃ
1718 1630 1734 1647 ο
1768 1613 1908 1685 αὐτὴ

320 1700 377 1753 δὲ
401 1698 537 1768 πρὸς
564 1699 664 1752 τδν
691 1702 898 1754 οἰκεῖον
939 1701 1259 1773 ἐπιστρέψει
1314 1703 1505 1774 ἄνδρα,
1534 1706 1629 1757 καὶ
1681 1705 1904 1758 παιδίον

321 1792 504 1855 αὐτοῖς
547 1792 641 1846 τοῦ
707 1794 967 1858 ἐπιόντος
1021 1793 1177 1858 ἔτους
1238 1796 1552 1866 γενήσεται.
1597 1794 1657 1849 Ὀ
1691 1796 1787 1867 μὲν
1816 1794 1909 1849 οὖν

2007 616 2368 673 congressum
2394 613 2449 659 et
2480 615 2773 675 aspectum
2812 606 2991 673 illum,
3040 610 3211 678 coepit
3267 610 3595 666 terribiliter

2006 693 2215 761 furere,
2252 696 2528 763 frendere,
2556 714 2621 753 ac
2647 690 2934 755 mulierem
2988 700 3337 771 discerpens,
3367 702 3411 758 Ο
3444 703 3590 759 vim!

2006 788 2326 854 vociferari,
2380 799 2434 845 et
2490 793 2689 862 agresti
2744 810 2975 863 prorsus
3028 796 3192 851 modo
3255 795 3596 854 furibundus

2007 883 2353 938 exclamare:
2389 884 2545 951 Quod
2584 902 2767 940 meum
2800 896 3013 943 tantum
3054 890 3107 946 in
3133 900 3595 961 tepeccatum,ut

2008 988 2073 1027 ex
2094 973 2198 1028 hac
2229 989 2349 1028 mea
2381 991 2465 1029 me
2483 976 2714 1031 muliere
2748 977 3010 1049 ableges?
3042 979 3109 1033 Et
3129 982 3594 1050 quemadmodum

2010 1062 2190 1117 isthoc
2227 1065 2410 1118 scelus
2428 1081 2535 1119 non
2560 1066 2809 1136 loquitur
2834 1069 2938 1122 nisi
2965 1071 3171 1125 scelera
3198 1090 3210 1125 :
3236 1072 3366 1139 Cur,
3392 1074 3591 1143 inquit,

2009 1154 2344 1211 fecunditate
2381 1158 2529 1212 illam
2557 1159 2754 1224 donas,
2788 1168 2869 1215 tot
2890 1162 3002 1232 jam
3031 1163 3191 1217 annis
3222 1164 3436 1219 artibus
3458 1164 3595 1219 meis

2010 1264 2075 1302 ac
2133 1250 2353 1305 technis
2415 1252 2817 1308 infecundam?
2867 1254 3174 1309 Videbatur
3225 1267 3409 1311 autem
3464 1265 3596 1313 tunc

2013 1343 2278 1414 temporis
2302 1344 2405 1398 sibi
2442 1344 2662 1409 mulier,
2686 1346 2767 1400 uti
2798 1346 3001 1401 deinde
3031 1348 3263 1403 liberata
3286 1350 3589 1409 enarravit,

2011 1438 2339 1509 Symeonem
2369 1436 2573 1490 intueri
2614 1438 2784 1493 veluti
2836 1438 2917 1493 sic
2964 1439 3458 1496 interminantem:
3511 1441 3593 1495 Tu

2009 1529 2259 1600 quidem,
2280 1532 2517 1599 pessime
2543 1529 2792 1599 spiritus,
2813 1531 2899 1585 vel
2918 1531 3127 1586 invitus
3152 1548 3217 1586 ex
3245 1533 3347 1586 hac
3366 1534 3598 1588 muliere

2010 1623 2275 1694 abigeris,
2301 1622 2421 1692 ipsa
2448 1638 2584 1677 vero
2622 1621 2688 1676 ad
2725 1623 2985 1677 maritum
3043 1641 3209 1679 suum
3260 1635 3595 1689 revertetur,

2009 1725 2066 1772 et
2097 1715 2244 1769 filius
2260 1714 2393 1785 ipsis
2414 1730 2557 1770 .mno
2582 1716 2832 1785 provimo
2853 1727 3137 1773 nascetur.
3160 1719 3383 1772 Daemon
3403 1718 3595 1787 igitur,

2013 1816 2130 1863 tum
2162 1807 2269 1861 alia
2300 1806 2473 1861 multa
2502 1808 2689 1862 insana
2723 1824 2787 1863 ac
2814 1808 3086 1863 diabolica
3122 1826 3273 1865 more
3312 1824 3413 1863 suo
3448 1810 3600 1865 voci-

321 1884 561 1955 χαλεπὸς
592 1885 803 1957 δαίμων
830 1888 1059 1952 ἐκεῖνος,
1088 1887 1224 1941 ἄλλα
1254 1905 1314 1941 τε
1364 1887 1535 1941 πολλᾶ
1579 1888 1785 1956 μανικὰ
1815 1887 1910 1940 καὶ

2022 1900 2319 1965 ferabatur,
2358 1909 2472 1954 tum
2526 1900 2664 1953 illud
2707 1902 3013 1971 praecipue:
3056 1904 3146 1957 Vae
3191 1902 3324 1956 mihi
3360 1918 3597 1971 nequam

319 1976 648 2048 δαιμονιώδη
698 1976 919 2048 κράζων
947 1973 1039 2047 ἦν,
1078 1977 1270 2049 ῶσπερ
1317 1978 1488 2041 εἰκὸς,
1519 1978 1657 2033 Οὐαί
1705 1996 1800 2051 μοι
1827 1978 1906 2049 τῷ

320 2067 481 2138 κακῷ
526 2068 709 2139 οἰκέτῃ
739 2070 751 2122 !
794 2070 915 2123 οὐαὶ
958 2069 1037 2141 τῷ
1065 2071 1210 2124 κατὰ
1252 2069 1387 2124 πολύ
1420 2069 1620 2141 δρῶντι
1648 2069 1709 2123 τὸ
1737 2068 1907 2124 ἀκού-

321 2178 437 2214 σιον
456 2160 494 2215 ἃ
519 2164 934 2233 προστεταγμαι
960 2164 972 2216 !

395 2253 529 2324 ρκδ’.
558 2254 743 2307 Ταῦτα
767 2254 1021 2324 ἔκραζεν,
1052 2258 1152 2310 ὅσα
1182 2257 1277 2309 καὶ
1321 2256 1541 2328 ὀργάνῳ
1588 2260 1654 2330 τῇ
1685 2259 1909 2326 γυναικὶ

320 2346 627 2418 χρώμενος,
667 2350 761 2402 καὶ
814 2349 1008 2419 κύκλῳ
1047 2348 1141 2402 τοῦ
1197 2348 1393 2402 στύλου
1419 2351 1628 2420 ταύτην
1658 2351 1908 2415 ἐλεεινῶς

324 2441 586 2510 περιῆγε,
617 2441 869 2513 καθάπερ
896 2441 1005 2493 ἀπὸ
1046 2441 1342 2511 προσώπου
1393 2443 1611 2512 φεύγων
1654 2443 1749 2495 τοῦ
1810 2444 1910 2497 Συ-

326 2537 498 2608 μεὼν,
520 2538 616 2590 καὶ
645 2538 752 2591 ἀπο
789 2536 884 2589 τοῦ
915 2537 973 2589 ἐν
996 2536 1146 2606 αὐτῷ
1177 2536 1487 2605 πνεύματος
1520 2536 1907 2605 ἐλαυνόμενοςο

320 2630 499 2696 τέλος,
558 2631 795 2701 Ἐξειμι,
827 2629 975 2699 μέγα
1031 2630 1275 2700 βοήσας,
1336 2630 1544 2700 ἀπῆλθε
1612 2630 1909 2702 σωφρόνως

324 2723 559 2793 ἔχουσαν
587 2722 756 2793 αὐτὴν
783 2722 1158 2785 ἀπολελοιπώς
1185 2740 1197 2753 ·
1230 2722 1367 2794 πρδς
1397 2724 1465 2795 ἢν
1510 2723 1539 2775 ό
1571 2723 1751 2792 ἱερεὺς
1808 2725 1909 2775 Συ-

325 2814 499 2888 μεὼν,
540 2814 831 2885 Ἐπάνηκε,
854 2814 1038 2885 γύναι,
1066 2815 1217 2885 παρᾶ
1247 2815 1339 2868 τὸν
1382 2814 1514 2867 ῐδιον
1546 2813 1735 2883 ἄνδρα,
1764 2813 1894 2883 ἔφη’

326 2912 528 2983 συνέσῃ
562 2909 673 2981 γάρ
706 2909 856 2980 αὐτῷ
887 2907 983 2962 τοῦ
1011 2907 1224 2973 λοιποῦ,
1253 2909 1347 2962 καὶ
1393 2908 1603 2971 κοιλίας
1632 2907 1692 2973 ἐξ
1740 2908 1908 2961 αὐτοῦ

324 3001 542 3074 καρπὸς
566 3001 719 3054 ἔσται
752 3018 856 3057 σοι.
898 3000 962 3053 Ἦ
998 3001 1097 3070 μὲν
1131 2996 1225 3054 οῦν
1256 3000 1397 3054 κατά
1429 3000 1529 3063 τὰς
1562 3000 1784 3063 ἐντολὰς
1813 2998 1908 3052 τοῦ

324 3095 489 3165 ἁγίου
557 3096 693 3165 προς
741 3094 832 3147 τὸν
881 3094 1052 3162 ἄνδρα
1103 3092 1497 3157 ἐπανελθοῦσα,
1541 3092 1797 3162 ἀσμένως
1847 3108 1907 3145 τε

325 3188 461 3260 παρ’
490 3187 655 3241 αὐτοῦ
687 3187 1046 3257 είσδεχθεϊσα,
1079 3186 1174 3239 καὶ
1204 3185 1417 3239 παιδίον
1458 3184 1554 3237 τοῦ
1585 3184 1910 3255 ἐπιγενομέο

2016 1993 2209 2047 servo!
2243 2008 2323 2047 vm
2348 1992 2505 2055 mihi,
2530 1992 2623 2062 qui
2679 2001 2738 2047 ut
2767 1994 3067 2063 plurimum
3114 2006 3317 2064 praeter
3348 1996 3601 2051 volunta-

2017 2094 2126 2140 tem
2156 2099 2333 2139 mcam
2361 2100 2484 2154 ago,
2519 2085 2667 2155 quod
2692 2084 3025 2155 imperatum
3047 2087 3164 2141 est?

2090 2265 2211 2320 124.
2253 2263 2411 2320 Hune
2434 2264 2488 2319 in
2514 2264 2737 2319 modum
2768 2264 3076 2328 clamitans,
3099 2281 3199 2337 pro
3234 2266 3602 2321 instrumento

2017 2357 2247 2413 edendae
2280 2358 2432 2413 vocis
2488 2358 2717 2413 muliere
2782 2374 2935 2421 usus,
3019 2359 3231 2413 circum
3286 2359 3600 2412 columnam

2019 2451 2320 2505 miserabili
2357 2452 2673 2521 spectaculo
2704 2451 2874 2521 ipsam
2906 2451 3109 2522 agebat
3138 2452 3331 2521 ;quasi
3363 2452 3602 2521 fugitans

2018 2559 2047 2597 a
2081 2542 2218 2599 facie
2246 2545 2446 2609 saneti,
2492 2544 2719 2613 ejusque
2748 2544 2980 2613 spiritus
3014 2543 3219 2598 virtute
3247 2543 3441 2597 Cedere
3480 2543 3601 2597 loco

2018 2645 2261 2690 coaetus.
2298 2636 2549 2705 Denique
2606 2636 2776 2689 altum
2833 2636 3115 2698 clamans,
3156 2635 3345 2700 Exeo;
3413 2636 3599 2701 exivit,

2019 2726 2210 2781 relicta
2242 2728 2473 2782 muliere
2515 2727 2721 2782 rectius
2754 2743 2812 2781 se
2848 2727 3115 2794 habente;
3154 2728 3221 2781 ad
3263 2743 3424 2798 quam
3473 2743 3602 2782 san-

2018 2828 2142 2874 ctus
2177 2817 2452 2890 Symeon:
2492 2819 2653 2883 Redi,
2700 2819 2900 2889 inquit,
2942 2820 3164 2884 mulier,
3217 2820 3282 2874 ad
3342 2820 3601 2874 maritmn

2022 2920 2212 2976 tuum;
2248 2926 2373 2964 cum
2412 2912 2533 2980 ipso
2577 2911 3034 2966 consuetudinem
3060 2911 3322 2982 deinceps
3349 2912 3602 2968 habebis.

2018 3011 2073 3057 et
2099 3004 2309 3073 prolem
2332 3018 2399 3057 ex
2434 3002 2527 3056 illo
2550 3003 2853 3072 concipies.
2907 3002 3187 3058 Obedicns
3251 3014 3440 3059 sancto
3480 3020 3602 3058 mu-

2020 3093 2144 3159 lier,
2176 3093 2412 3147 revertit
2440 3092 2506 3147 ad
2536 3094 2715 3146 virum
2744 3108 2928 3159 suum,
2961 3095 3195 3149 comiter
3229 3094 3299 3148 ab
3328 3095 3419 3147 illo
3451 3095 3605 3149 exci-

2019 3186 2191 3256 pitur,
2228 3183 2400 3238 filium
2436 3200 2581 3238 anno
2638 3183 2967 3254 insequente
3017 3185 3163 3255 parit
3201 3202 3405 3254 :quem
3446 3195 3501 3240 et
3534 3186 3603 3240 ad

326 3299 422 3335 vou
447 3278 695 3335 ἐνιαυτοῦ
722 3280 945 3345 τέξασα,
982 3279 1059 3350 τῷ
1101 3279 1324 3351 μεγάλῳ
1380 3278 1543 3332 πάλιν
1592 3279 1726 3332 αὐτὸ
1774 3277 1913 3349 μετὰ

2022 3293 2273 3346 magnum
2327 3274 2677 3347 Symeoncm,
2717 3278 2876 3349 cujus
2928 3293 3154 3347 precum
3206 3278 3393 3348 potius
3441 3294 3604 3348 quam

324 3374 425 3430 τοῦ
477 3373 715 3441 συζύγου
773 3372 1063 3444 προσάγει,
1098 3372 1265 3442 εὐχῆς
1295 3372 1354 3425 δν
1397 3371 1609 3426 ἐκείνου
1643 3373 1849 3443 μᾶλλον
1877 3373 1910 3444 ἢ

326 3467 440 3521 τῶν
468 3465 640 3537 αὐτῆς
668 3464 878 3518 ὠδίνων
911 3464 1151 3535 καρπόν.
1185 3464 1465 3533 Προσάγει
1504 3464 1684 3517 τοίνυν
1700 3464 1762 3517 τὸ
1785 3481 1915 3517 παι-

328 3555 443 3608 δίον
500 3554 577 3623 τῷ
632 3553 913 3619 δεδωκότι,
944 3553 1199 3624 καθάπερ
1254 3552 1790 3626 ἐγκαλλωπιζομένη
1832 3555 1910 3625 τῷ

328 3647 510 3719 δώρῳ,
541 3649 637 3701 καὶ
680 3649 851 3721 ταύτῃ
896 3649 988 3702 τδν
1021 3648 1227 3719 δοτῆρα
1260 3648 1461 3718 μᾶλλον
1488 3650 1520 3720 ἢ
1551 3649 1767 3720 γλώττῃ
1808 3666 1916 3720 κη-

335 3742 624 3815 ρύττουσα.
667 3740 799 3795 Εἶτα
843 3742 938 3796 καὶ
985 3741 1171 3796 οἶκαδε
1226 3742 1390 3797 πάλιν
1442 3742 1696 3811 εὐλογίας
1750 3744 1916 3812 τυχὸν

333 3836 625 3904 ἐπανάγει,
662 3835 756 3889 καὶ
808 3836 1078 3889 ἀντίδοσιν
1108 3838 1139 3906 ἠ
1166 3836 1304 3905 γυνὴ
1335 3836 1606 3903 τοσαύτης
1636 3836 1730 3889 καὶ
1774 3834 1918 3888 οὕτω

332 3926 583 3997 ποικίλης
630 3926 952 3997 εὐεργεσίας
987 3926 1068 3996 (οὐ
1114 3926 1222 3997 γὰρ
1266 3926 1329 3995 δὴ
1362 3927 1613 3979 συνοίκου
1665 3924 1921 3995 δαίμονος

329 4020 653 4090 ἀπήλλακτο
686 4019 868 4089 μόνον,
900 4019 1038 4073 ἀλλὰ
1087 4021 1182 4072 καὶ
1212 4017 1291 4089 τῷ
1329 4019 1489 4090 ἀνδρὶ
1520 4019 1873 4072 ἀνασέσωστο
1902 4033 1916 4046 ⁸

335 4113 475 4183 πρὸς
507 4112 586 4179 δὲ,
616 4112 714 4165 καὶ
748 4111 913 4165 παῖδα
942 4111 1002 4175 ἐξ
1027 4112 1250 4182 ἑαυτῆς,
1286 4114 1423 4181 ὅπερ
1468 4112 1683 4166 οὐδέπω
1718 4113 1921 4183 πρότε-

346 4220 462 4275 ρον,
499 4201 645 4272 ἴδοι)ο
680 4201 950 4255 ἀντίδοσιν
984 4201 1166 4255 τοίνυν
1216 4201 1439 4271 ἀγαθῶν
1470 4202 1765 4267 τοσούτων,
1828 4204 1921 4255 ἁν-

341 4298 557 4367 ίστησιν
594 4297 781 4349 εἰκόνα
843 4296 984 4348 οῐκοι
1040 4295 1135 4349 τοῦ
1182 4294 1408 4363 Συμεών
1443 4312 1458 4327 ·
1490 4296 1691 4367 χρυσοῦ
1720 4296 1818 4365 μὲν
1848 4294 1924 4358 ὡς

336 4391 373 4459 ἡ
398 4389 718 4460 προαίρεσις
749 4383 895 4458 εἶχεν
923 4388 1025 4441 οὐκ
1052 4388 1385 4459 εὐποροῦσα,
1412 4388 1442 4441 ὃ
1470 4388 1526 4441 δὲ
1560 4387 1765 4459 χρυσοῦ
1813 4406 1919 4458 μα-

336 4482 457 4553 κρῷ
487 4482 810 4553 τιμιώτερον
843 4482 1025 4535 πίστιν
1071 4480 1462 4550 είσενεγκοῦσα
1506 4483 1804 4551 τοσαύτην,
1842 4482 1923 4544 ὡς

336 4576 400 4630 οὐ
428 4575 801 4646 δαιμονῶντας
849 4573 1011 4644 μόνον
1055 4575 1149 4627 καὶ
1182 4574 1399 4637 πολλοῖς
1460 4573 1691 4628 πάθεσιν
1744 4573 1921 4636 ἄλλοις

338 4666 759 4736 συνεχομένους,
778 4665 914 4718 άλλὰ
942 4665 1037 4718 καὶ
1068 4665 1238 4735 αὐτὴν
1258 4666 1350 4718 ἐπὶ
1375 4666 1615 4735 πέμπτῳ
1639 4667 1732 4718 καὶ
1756 4666 1922 4720 δεκά-

336 4779 417 4833 τῳ
446 4761 528 4815 ἔτι
557 4764 858 4836 αἱμόρρουν
896 4763 1147 4834 καθαρᾶς
1175 4764 1293 4815 ἐκεῖ
1322 4765 1504 4833 τυχεῖν
1540 4764 1631 4816 καὶ
1683 4780 1923 4833 περιφα-

339 4855 469 4919 νοῦς
522 4855 840 4928 θεραπείας.
884 4854 1072 4919 Οὕτως
1119 4854 1286 4909 αὐτοῦ
1332 4856 1427 4909 καὶ
1474 4854 1574 4909 θέα
1643 4855 1797 4927 ψιλὴ,
1830 4856 1925 4909 καὶ

342 4949 605 5019 σφραγὶς,
642 4949 737 5002 καὶ
764 4948 983 5019 ράὅδος,
1010 4948 1107 5001 καὶ
1136 4948 1329 5014 τύπος,
1350 4947 1443 4999 καὶ
1466 4946 1644 5015 λόγος,
1674 4947 1767 4999 καὶ
1794 4946 1925 5016 κλῆ-

337 5060 448 5107 σις,
478 5043 575 5095 καὶ
607 5043 659 5096 εἰ
684 5059 737 5094 τι
764 5042 892 5095 ἄλλο
921 5040 1031 5093 τῶν
1063 5041 1275 5095 ἐκείνου
1314 5039 1516 5104 παντὸς
1544 5040 1712 5095 firmat
1760 5040 1919 5094 νενέ-

340 5134 465 5191 σϐαι
499 5135 703 5198 πάθους
728 5134 1038 5207 ἀπαλλαγή.

414 5334 550 5398 ρκε⁹.
593 5324 726 5383 Εἶτά
767 5344 852 5392 τις
895 5329 1193 5401 αἱμόρρους
1231 5329 1414 5402 ετέρα,
1447 5330 1512 5385 ἐκ
1547 5348 1692 5395 τινος
1730 5329 1929 5400 κώμης

338 5419 599 5476 Μυλιτῶν
644 5421 966 5493 λεγομένης,
1021 5424 1140 5487 ἔτος
1195 5425 1299 5496 ἤδη
1351 5424 1537 5494 τρίτον
1583 5422 1662 5493 τῷ
1702 5420 1925 5493 χαλεπῷ

337 5513 517 5583 τούτῳ
554 5513 718 5567 πάθει
748 5512 1072 5584 πιεζομένη,
1115 5516 1400 5585 πρόσεισιν
1429 5517 1493 5568 ἐκ
1521 5515 1630 5569 τῶν
1659 5514 1927 5568 ὀπισθίων

336 5607 420 5679 τῷ
467 5605 715 5676 Συμεὼν,
767 5605 910 5660 κατὰ
949 5606 1047 5677 τὴν
1088 5607 1390 5680 αἱμόρῤουν
1424 5608 1663 5677 ἐκείνην,
1700 5606 1799 5677 τὴν
1833 5605 1925 5659 τοῦ

342 5699 479 5769 ἐμοῦ
532 5698 768 5768 Χριστοῦ
815 5698 1170 5768 τολμήσασαν
1213 5699 1486 5769 ἅψασθαι·
1552 5703 1648 5753 καὶ
1699 5700 1833 5770 ὁμοῦ
1868 5717 1927 5753 τε

341 5788 532 5858 ψαύει,
564 5788 655 5842 καὶ
678 5788 932 5858 τυγχάνει
968 5789 1063 5858 τῆς
1093 5789 1407 5861 θεραπείας.
1442 5793 1499 5847 ’0
1522 5792 1631 5865 γὰρ
1661 5796 1825 5861 αὐτὸς
1860 5794 1927 5868 ἦν

342 5881 441 5940 καὶ
470 5881 566 5936 νῦν
609 5882 910 5955 Δεσπότης,
943 5881 1131 5958 ὥσπερ
1172 5886 1289 5939 ἐκεῖ
1331 5886 1397 5939 δι’
1428 5887 1615 5957 αὐτοῦ,
1660 5888 1802 5944 οὕτω
1841 5891 1926 5945 διά

2028 3370 2111 3423 sui
2149 3370 2289 3423 uteri
2348 3369 2587 3423 fructum
2650 3370 2977 3440 reputabat,
3035 3386 3140 3424 una
3193 3386 3318 3425 cum
3374 3372 3605 3442 conjuge

2019 3460 2267 3524 adducit,
2326 3462 2491 3529 eique
2542 3461 2637 3530 qui
2690 3460 2921 3515 dederat
2954 3460 3129 3529 ,illum
3182 3461 3369 3526 oﬂcrt,
3414 3462 3604 3516 latitia

2018 3561 2185 3621 atque
2216 3552 2409 3622 plausu
2443 3551 2695 3605 indicans
2725 3551 3161 3623 magnitudinem
3218 3551 3389 3616 doni;
3440 3561 3605 3621 atque

2019 3642 2125 3697 hoc
2156 3651 2318 3712 pacto
2376 3642 2482 3696 viri
2525 3643 2704 3697 sancti
2744 3642 2944 3697 famam
3009 3643 3175 3698 latius
3222 3658 3387 3713 quam
3418 3645 3604 3713 lingua

2020 3736 2383 3805 propagabat.
2408 3736 2538 3791 Post
2572 3736 2688 3791 haec
2717 3736 2916 3791 mulier
2944 3736 3210 3791 donatum
3228 3736 3334 3790 sibi
3372 3750 3606 3805 puerum

2020 3833 2246 3888 domum
2276 3832 2516 3895 reducit,
2556 3842 2611 3887 et
2636 3833 3107 3887 remunerationis
3134 3832 3256 3887 loco
3294 3847 3395 3901 pro
3438 3831 3608 3885 tantis

2023 3933 2243 3995 tamque
2274 3926 2445 3980 variis
2470 3925 2760 3981 beneficiis
2796 3926 3000 3995 (neque
3032 3925 3182 3981 enim
3238 3925 3413 3979 solum
3443 3940 3472 3977 a
3518 3940 3609 3978 co—

2022 4018 2303 4073 habitante
2362 4019 2468 4073 sibi
2526 4019 2773 4074 damione
2822 4019 3103 4083 immunis,
3142 4019 3239 4073 sed
3292 4018 3489 4072 marito
3524 4017 3607 4071 in-

2025 4119 2174 4183 tegre
2230 4119 2422 4166 sanata
2488 4112 2743 4165 restituta
2776 4111 2901 4175 fuit,
2937 4112 3004 4165 ad
3038 4112 3154 4166 lucc
3208 4128 3346 4181 puer
3387 4126 3609 4180 quoque

2024 4221 2090 4260 ex
2112 4220 2174 4259 ea
2203 4204 2349 4274 quod
2388 4220 2673 4274 nunquam
2702 4213 2849 4271 ante,
2880 4214 2966 4260 est
2990 4204 3337 4274 prognatus),
3373 4203 3607 4274 efﬁgiem

2027 4298 2318 4369 Symconis
2350 4299 2631 4353 domisum
2664 4299 2878 4353 statuit.
2908 4298 2975 4351 Et
3009 4313 3206 4352 aurum
3238 4297 3490 4366 quidem,
3550 4307 3611 4351 ut

2026 4400 2146 4445 erat
2191 4390 2318 4444 vita:
2347 4389 2615 4453 conditio,
2651 4406 2760 4445 non
2801 4390 3162 4459 suppetebat;
3210 4405 3407 4444 verum
3461 4390 3610 4461 quod

2028 4498 2165 4536 auro
2191 4482 2515 4551 pretiosius,
2551 4483 2713 4537 talem
2743 4481 3011 4537 afferebat
3046 4481 3230 4547 (idem,
3260 4491 3318 4536 ut
3348 4496 3461 4536 non
3501 4481 3612 4536 (ιω-

1958 4614 2000 4667 D
2030 4574 2264 4629 moniaci
2304 4582 2516 4628 tantum
2544 4574 2822 4644 variisque
2850 4574 3060 4628 morbis
3082 4574 3608 4635 detenti,sedeiiam

2031 4667 2227 4723 mulier
2253 4668 2504 4736 quietiam
2534 4682 2708 4722 annos
2742 4668 2853 4737 jam
2876 4667 3192 4738 quindecim
3224 4666 3428 4720 fluxum
3484 4682 3613 4721 sau-

2030 4759 2218 4831 guiuis
2251 4776 2409 4830 passa
2438 4761 2729 4815 sanitatem
2748 4760 2914 4815 isthic
2944 4760 3051 4815 loci
3076 4757 3451 4814 omnimodam
3484 4773 3613 4827 per-

2030 4852 2341 4920 lectamque
2364 4851 2659 4906 invenerit.
2690 4852 2766 4906 lta
2813 4851 2919 4905 viri
2973 4851 3148 4905 sancti
3184 4849 3269 4904 vel
3317 4849 3501 4904 tenuis
3557 4849 3613 4904 in

2031 4945 2266 5015 imagine
2320 4955 2596 5015 aspectus,
2660 4946 2877 5017 signum
2925 4945 3126 5009 crucis,
3183 4942 3358 5015 virga,
3414 4942 3613 5004 forma.

2028 5037 2282 5098 verbum,
2312 5036 2611 5101 invocatio,
2651 5048 2709 5093 et
2764 5039 2810 5093 si
2846 5038 2976 5108 quid
3021 5038 3169 5093 aliud
3230 5051 3416 5094 rerum
3468 5034 3617 5089 illius

2027 5139 2197 5191 esset,
2229 5130 2538 5186 sutIiciebat
2569 5131 2798 5187 cuilibet
2852 5132 3175 5188 morborum
3204 5130 3390 5202 generi
3430 5128 3616 5199 depel-

2029 5221 2215 5276 lendo.

2102 5329 2226 5384 ινδ.
2266 5328 2472 5384 Deinde
2511 5321 2935 5384 haemorrhoissa
2967 5328 3161 5391 altera,
3197 5341 3265 5381 ex
3284 5339 3422 5396 pago
3471 5338 3605 5394 quo-

2028 5421 2154 5475 dam
2183 5420 2495 5493 Mylitorum
2539 5420 2710 5485 dicto,
2736 5437 2901 5492 grave
2961 5419 3245 5491 sanguinis
3286 5416 3613 5489 proﬂuvium

2025 5514 2134 5584 jam
2156 5512 2394 5568 triennio
2411 5526 2591 5582 passa,
2607 5528 2638 5566 a
2658 5523 2811 5582 tergo
2840 5510 3302 5581 appropinquavit
3329 5508 3611 5581 Symeoni.

2028 5606 2339 5675 exemplum
2383 5616 2573 5659 secuta
2610 5603 3045 5657 hmmorrhoiss'e
3068 5602 3215 5657 illius
3262 5600 3613 5671 evangeliem,

2034 5708 2253 5769 lanigero
2279 5697 2566 5752 Christum
2591 5711 2768 5750 meum
2806 5712 2985 5761 ausa),
3033 5711 3199 5765 quem
3229 5694 3396 5749 simul
3439 5703 3497 5749 et
3531 5700 3615 5747 te-

2034 5794 2156 5865 tigit
2184 5802 2237 5849 et
2269 5791 2564 5847 sanitatem
2591 5788 2857 5844 obtinuit.
2893 5787 3043 5844 ld‘em
3080 5787 3286 5859 quippe
3320 5772 3613 5861 .Dom_inus,

2034 5882 2504 5959 quemadmodum
2533 5880 2811 5939 isueolim
2843 5895 2942 5950 per
2988 5896 3045 5935 se
3076 5880 3214 5949 ipse,
3270 5878 3344 5934 ita
3374 5876 3466 5931 hic
3513 5886 3614 5944 per
