3944 6518
392 353 531 418 3103

1617 362 1678 420 s.
1719 360 2099 423 SYMEONIS
2136 364 2498 426 JUNIORIS

3525 357 3667 422 3104

393 479 614 520 servum
636 478 799 519 suum
826 462 1205 519 inﬁrmitatem
1238 462 1511 535 abigebat,
1536 473 1593 518 et
1613 480 1712 534 pro
1741 466 1975 534 paritate

2083 471 2172 524 τοῦ
2211 468 2544 543 θεράποντος
2591 470 2828 526 ἐνταῦθα
2873 470 3014 525 λύων
3057 470 3122 524 τὸ
3166 467 3357 534 πάθος,
3398 470 3667 540 καὶπρὸς

393 556 522 612 ﬁdei
564 568 753 627 parem
808 571 1032 626 quoque
1087 556 1523 611 misericordiam
1607 557 1967 627 largiebatur.

392 649 543 709 Abiit
595 649 762 719 igitur
798 635 915 702 baae
969 636 1228 703 similiter
1270 664 1334 703 ac
1376 649 1469 702 illa
1512 648 1601 719 (de
1636 664 1745 719 qua
1806 665 1973 719 supra

394 743 642 812 memini)
684 742 1000 798 valetudine
1022 750 1377 813 recuperata;
1426 744 1681 814 quodque
1713 744 1803 799 illa
1852 760 1971 799 me-

392 833 580 889 diante
610 833 784 888 sancti
808 832 1067 904 imagine,
1106 832 1225 887 haec
1254 832 1323 887 ab
1349 833 1468 903 ipso
1492 843 1788 908 prototypo
1841 849 1974 890 con-

392 932 581 981 secuta
609 934 714 981 est.

466 1037 587 1092 126.
624 1037 744 1092 Non
801 1035 898 1091 diu
952 1044 1077 1106 post
1130 1036 1288 1112 adest
1336 1052 1534 1108 magno
1588 1037 1846 1108 Symeoni
1904 1054 1974 1096 ex

392 1144 531 1201 pago
557 1129 687 1195 alio,
707 1130 797 1184 cui
813 1130 985 1201 Magia
1004 1130 1356 1193 vocabulum,
1380 1130 1466 1183 vir
1484 1129 1732 1199 quidam,
1753 1139 1975 1201 septua-

394 1223 546 1294 ginta
609 1230 675 1282 ut
718 1237 1002 1279 summum
1054 1237 1231 1277 annos
1289 1230 1485 1287 natus;
1539 1221 1635 1291 qui
1702 1223 1974 1279 acerrimo

396 1314 647 1368 dentium
677 1314 869 1369 dolore
896 1313 1201 1379 cruciatus,
1232 1313 1396 1368 enixe
1423 1312 1779 1383 precabatur,
1831 1314 1975 1370 salu-

397 1406 614 1468 tiferam
636 1415 699 1460 ut
718 1407 823 1462 sibi
844 1422 1065 1461 manum
1099 1407 1429 1480 imponeret,
1455 1422 1563 1475 quo
1586 1407 1724 1462 dens
1745 1407 1977 1464 affectus

396 1506 753 1553 excuteretur
794 1498 1082 1562 radicitus,
1117 1500 1228 1569 jam
1262 1513 1410 1553 nunc
1429 1499 1728 1554 acerbitate
1756 1502 1974 1569 crucia-,-

398 1597 552 1645 tuum
606 1589 846 1644 mobilis.
900 1590 976 1643 Ita
1031 1589 1120 1644 ille
1166 1589 1520 1660 precabatur,
1566 1590 1824 1661 lacrymis
1876 1606 1975 1663 per

394 1696 562 1750 genas
592 1678 1042 1745 decurrentibus,
1093 1682 1379 1737 mterentis
1422 1682 1589 1739 animi
1624 1684 1796 1755 signis
1823 1701 1972 1740 men-

394 1773 486 1827 tiri
543 1773 767 1829 nesciis.
828 1773 1062 1829 Sanctus
1112 1789 1243 1829 vero
1301 1774 1535 1845 benigne
1592 1776 1973 1845 respondens,

394 1868 612 1934 Nonne,
651 1869 851 1938 inquit,
888 1870 1059 1939 magis
1101 1886 1131 1925 e
1182 1886 1238 1924 re
1274 1879 1366 1924 tua
1420 1870 1583 1935 foret,
1622 1871 1689 1925 si,
1714 1880 1770 1925 et
1804 1872 1973 1927 alium

393 1956 612 2012 dentem
650 1960 856 2024 enasci,
903 1975 1067 2029 quam
1106 1960 1253 2015 hunc
1277 1976 1419 2037 azgre
1447 1962 1740 2017 habentem
1770 1963 1976 2016 solum-

394 2050 560 2104 modo
604 2052 789 2116 evelli,
840 2052 1098 2123 peteres?
1138 2052 1217 2106 Ad
1269 2068 1391 2121 quae
1436 2054 1605 2108 verba
1650 2054 1741 2109 ille
1789 2063 1974 2110 mente

392 2141 687 2212 animoque
728 2143 1100 2199 inﬂammatus
1148 2146 1249 2214 (uti
1295 2145 1412 2199 ﬁeri
1462 2148 1752 2203 consuevit
1782 2149 1848 2202 ad
1888 2150 1973 2202 in-

392 2235 595 2304 sperati
615 2237 899 2308 cujusdam
922 2237 1052 2292 boni
1079 2238 1580 2310 pollicitationem),
1598 2240 1974 2311 ambabusque

391 2329 683 2394 manibus,
721 2340 790 2385 ut.
814 2320 1052 2401 peterat,
1091 2346 1159 2386 ex
1204 2330 1404 2386 melote
1437 2333 1611 2387 sancti
1639 2347 1968 2403 suspensus,

390 2420 564 2491 ejicit,
600 2438 700 2492 per
750 2423 1165 2493 impositionem
1217 2439 1480 2479 manuum
1524 2425 1693 2493 illius,
1744 2426 1973 2482 uberem

392 2528 424 2567 e
455 2514 594 2572 coelo
627 2517 857 2586 gratiam
902 2518 1241 2585 elioientem,
1294 2519 1579 2589 putridum
1618 2529 1972 2590 corruptum-

393 2620 500 2675 que
528 2624 632 2661 una
663 2624 785 2663 cum
807 2598 1386 2671 ,radicibusvdentemi
1406 2628 1509 2667 nec
1528 2612 1687 2679 multi
1717 2612 1974 2667 abierunt

394 2697 535 2761 dies.
582 2714 712 2755 cum
767 2701 907 2755 alter
966 2704 1022 2771 (ο
1077 2719 1192 2756 rem
1250 2717 1360 2756 non
1411 2701 1707 2756 admodum
1756 2701 1969 2757 creditu

395 2786 615 2843 facilem
642 2791 681 2859 ί)
702 2800 899 2846 enatus
921 2792 989 2849 ad
1012 2794 1403 2863 perfectionem
1427 2795 1621 2849 crevit.
1658 2796 1721 2848 Et
1747 2794 1976 2864 hujusce

395 2879 634 2952 prodigii
672 2890 839 2938 testes
892 2885 1099 2940 oculati
1146 2886 1336 2956 plures
1391 2886 1572 2949 fuere,
1626 2885 1830 2955 quibus
1886 2886 1977 2941 ille

397 2971 557 3041 ipse,
611 2975 705 3047 qui
766 2976 1097 3033 beneficium
1154 2986 1350 3034 nactus
1404 2987 1555 3043 erat,
1609 2978 1975 3043 ostendebat,

398 3065 749 3136 mirantibus,
784 3069 859 3139 .in
900 3080 1019 3133 tam
1072 3084 1334 3143 provre'a
1384 3080 1577 3136 aetate,
1632 3079 1830 3141 pra:ter
1880 3088 1978 3127 na-

2077 562 2258 613 πίστιν
2297 562 2439 633 ἴσην,
2474 562 2586 615 ἴσον
2618 562 2711 615 καὶ
2742 562 2833 615 τὸν
2856 562 3004 614 ἔλεον
3031 562 3233 631 νέμων.
3278 560 3516 630 ’Δπῆλθε
3550 578 3637 613 τοι

2074 653 2278 723 γαροῦν
2305 654 2506 725 ὁμοίως
2543 657 2610 724 τῇ
2648 653 2997 727 προλαϐούσῃ
3035 654 3131 708 καὶ
3163 652 3301 724 αὕτη
3330 653 3429 724 τὴν
3458 654 3658 720 ὑγείαν

2074 746 2441 816 κλμισαμένη,
2474 747 2502 800 δ
2528 748 2634 819 πρὸ
2666 747 2863 819 μικροῦ
2888 748 2989 817 τῆς
3022 748 3228 810 είκόνος
3260 748 3465 817 ἐκείνη,
3496 746 3657 802 τοῦτο

2074 833 2169 891 νῦν
2200 835 2340 906 αὕτη
2362 836 2457 892 τοῦ
2480 837 2839 908 πρωτοτύπου
2863 837 3123 909 τυχοῦσα.

2149 1046 2299 1115 ρκς¹.
2344 1038 2503 1110 Ἑξῆς
2532 1040 2589 1094 δὲ
2621 1039 2895 1111 προσῆλθὲ
2927 1057 3011 1103 τις
3043 1039 3186 1111 ἀνὴρ
3227 1039 3307 1108 τῷ
3341 1043 3562 1112 μεγάλῳ
3591 1041 3660 1096 ἐκ

2073 1154 2219 1199 τινος
2244 1134 2438 1205 κώμης
2467 1133 2676 1203 (Μαγία
2701 1133 2758 1186 δὲ
2780 1134 3013 1204 κέκλητο
3030 1131 3215 1203 αὕτη),
3240 1134 3360 1197 ἔτος
3381 1135 3442 1187 οὐ
3475 1135 3656 1187 πλεῖον

2075 1227 2108 1298 ἢ
2138 1224 2536 1296 ἑϐδομηκοστὸν
2552 1222 2813 1291 γεγονὼς,
2841 1223 3117 1293 δριμείαις
3138 1223 3228 1277 τὸν
3258 1223 3447 1277 ὀδόντα
3469 1222 3657 1292 βαλλό-

2081 1335 2241 1387 μενος
2270 1316 2503 1382 ὀδύναις·
2531 1315 2847 1386 ὲπιτεθῆναί
2874 1332 2932 1368 τε
2958 1314 3105 1385 αὐτῷ
3135 1316 3233 1383 τὴν
3262 1315 3419 1375 ὁσίαν
3444 1314 3655 1366 ἐκείνου

2076 1412 2235 1482 χεῖρα
2260 1392 2535 1481 δεόμενος,
2561 1409 2706 1463 ὥστε
2726 1408 2917 1463 τοῦτον
2943 1407 3291 1462 παντάπασιν
3321 1405 3656 1475 ὲκκρουσθῆ-

2076 1522 2186 1565 ναι,
2229 1502 2585 1571 σαλευόμενον
2638 1501 2740 1571 ἠδη
2778 1499 2889 1554 τῶν
2912 1499 3113 1555 ,πόνων
3156 1499 3278 1561 ταῖς
3307 1496 3652 1567 προσϐολαῖς.

2076 1597 2264 1651 Ταῦτα
2305 1598 2335 1650 ὁ
2372 1597 2470 1668 μὲν
2500 1596 2690 1660 ἐδεῖτο,
2721 1594 2934 1665 δάκρυα
2958 1593 3068 1647 τῶν
3091 1591 3387 1662 ὀφθαλμῶν
3422 1590 3649 1653 καθιεὶς,

2076 1688 2146 1743 τὰ
2169 1687 2353 1758 ψυχῆς
2376 1687 2649 1758 ἁλγούσης
2678 1686 2883 1758 ἀψευδῆ
2921 1684 3233 1755 σύμὸουλαο
3272 1688 3302 1738 ό
3346 1684 3402 1738 δὲ
3440 1684 3653 1754 χαριέν-

2077 1794 2186 1841 τως
2214 1777 2522 1843 ὑπολαϐὼν,
2554 1779 2646 1847 Μή
2680 1776 2811 1831 ποτέ
2844 1794 2927 1830 σοι
2959 1776 3186 1847 βέλτιον,
3222 1774 3352 1846 ἔφη,
3381 1775 3475 1827 καὶ
3502 1774 3655 1827 ἄλλον

2083 1871 2313 1940 ἐκφῦναι
2349 1871 2548 1941 μᾶλλον
2585 1873 2775 1935 αίτείν,
2802 1871 2835 1941 ἢ
2866 1870 2958 1923 τὸν
2993 1868 3245 1940 πονηρῶς
3276 1867 3469 1938 ἔχοντα
3499 1868 3655 1937 μόνον

2080 1963 2378 2017 ἀποϐαλεῖν
2402 1980 2416 2028 ;
2449 1964 2559 2017 Καὶ
2598 1962 2658 2025 ὃς
2684 1962 2819 2032 πρὸς
2847 1961 2909 2014 τὺ
2944 1962 3101 2032 ῥῆμα
3125 1960 3225 2031 τὴν
3248 1960 3433 2030 ψυχὴν
3462 1957 3655 2019 ἀναζέ-

2082 2074 2184 2119 σας
2214 2056 2263 2127 (δ
2297 2058 2543 2125 πέφυκεν
2567 2056 2655 2109 ἀεὶ
2684 2055 2819 2126 δρᾷν
2844 2054 3065 2123 ἀγαθῶν
3095 2055 3521 2125 ἀπροσδοκήτων
3553 2053 3652 2106 ἐπε

2082 2150 2333 2218 αγγελία)
2365 2150 2702 2221 ἀμφοτέραις
2732 2165 2793 2201 τε
2831 2148 2931 2218 τῆς
2971 2148 3226 2218 μηλωτῆς
3270 2148 3348 2210 ὡς
3390 2141 3535 2216 εἶχεν
3564 2147 3653 2197 ὲκυ

2080 2241 2436 2313 κρεμασθεὶς.
2474 2239 2771 2316 ἀπδάλλει
2814 2239 2911 2309 μὲν
2944 2240 3129 2302 αὐταῖς
3174 2238 3374 2308 ῥίζαις,
3420 2236 3654 2295 ὲπιθέσει

2075 2334 2277 2407 χειρῶν
2319 2332 2547 2386 ἐκείνου
2581 2330 2781 2401 πολλὴν
2832 2330 3037 2387 ἄνωθεν
3060 2330 3308 2401 «ἑλκούσῃ
3337 2328 3436 2396 τὴν
3475 2330 3652 2398 χάριν,

2077 2426 2168 2481 τὸν
2204 2423 2603 2495 διεφθαρμένον
2635 2421 2822 2475 ὀδόντα
2843 2435 2856 2448 ’
2894 2420 3082 2491 ἕτερος
3104 2419 3161 2473 δὲ
3187 2419 3330 2489 μετά
3348 2436 3500 2483 τινας
3525 2420 3652 2489 ἡμέ-

2084 2534 2185 2588 ρας
2211 2514 2278 2585 (ὣ
2302 2514 2629 2585 πράγματος
2656 2512 2716 2566 οὗ
2742 2510 2938 2583 ῥᾳδίως
2963 2510 3353 2581 πιστευομένου
3378 2512 3391 2564 !
3414 2514 3432 2577 )
3468 2512 3649 2579 ἐφυετό

2078 2628 2138 2663 τε
2172 2610 2267 2663 καὶ
2298 2607 2513 2678 ηὔξετο.
2548 2606 2659 2659 Καὶ
2686 2604 2876 2658 τούτου
2924 2606 3200 2675 μάρτυρες
3223 2603 3433 2657 πολλῶν
3454 2604 3644 2673 ὀφθαλ-

2074 2702 2192 2774 μοὶ,
2246 2695 2329 2763 οἷς
2382 2700 2461 2763 εἰς
2520 2698 2707 2766 θαῦμα
2755 2699 2904 2766 παρὰ
2955 2697 3048 2749 toi}
3099 2696 3355 2766 τυχόντος
3408 2696 3506 2765 τῆς
3561 2697 3643 2749 εὖ,

2079 2792 2337 2865 εργεσίας
2396 2790 2690 2854 ἐδείκνυτο,
2747 2788 2823 2859 τῷ
2882 2787 2981 2857 ὀψὲ
3045 2788 3243 2859 δηλαδὴ
3298 2787 3394 2843 τοῦ
3444 2788 3640 2857 χρόνον,

2080 2888 2174 2941 καὶ
2199 2885 2278 2954 τῷ
2306 2884 2439 2953 παρ’
2476 2882 2694 2953 ⁴ἠλικίαν
2725 2881 2823 2949 τῆς
2851 2880 3085 2950 φύσεως.
3116 2881 3295 2951 Ὅπερ
3317 2879 3383 2950 δὴ
3413 2879 3644 2949 τηλικοῦο

2079 2996 2171 3033 τον
2201 2977 2283 3043 ὃν,
2315 2978 2592 3047 ὑποχωρεῖ
2608 2978 2672 3045 τῇ
2699 2973 2953 3042 λέγεσθαι
2981 2973 3080 3044 ῆδη
3107 2972 3376 3043 μελλούσῃ
3400 2972 3510 3039 μετ’
3529 2971 3645 3025 αὐτὸ

2076 3071 2306 3143 θεωρίᾳ.

400 3172 537 3220 turne
563 3166 811 3222 ordinem
839 3169 954 3223 ﬁeri
992 3170 1259 3240 potuisse.
1324 3167 1429 3224 Sed
1495 3184 1806 3241 quanquam
1868 3168 1924 3225 id
1992 3177 2205 3225 tantum
2245 3168 2337 3233 sit.
2382 3164 2639 3222 concedit
2685 3171 2865 3220 tamen
2908 3161 3009 3229 illi,
3051 3174 3218 3233 quam
3263 3175 3429 3232 porro
3462 3158 3640 3215 dicturi

398 3270 609 3321 sumus,
653 3258 872 3313 visioni.

470 3373 595 3428 127.
629 3376 876 3441 Quodam
914 3377 1175 3445 Sabbato,
1231 3379 1537 3436 decantatis
1584 3390 1711 3436 ante
1756 3392 1973 3436 noctem

2152 3375 2289 3448 pxC’.
2324 3375 2460 3429 Ποτὲ
2500 3373 2608 3446 γὰρ
2645 3372 2741 3444 ὀψὲ
2771 3371 3047 3427 Σαϐϐάτου
3074 3412 3077 3413 ν
3090 3371 3229 3442 μετὰ
3274 3374 3400 3433 τοὺς
3445 3373 3646 3443 ἑσπεριο

398 3469 674 3538 Vesperis,
705 3472 1021 3542 congregati
1055 3481 1232 3537 erant,
1270 3482 1330 3527 ut
1369 3473 1579 3528 ferebat
1612 3472 1974 3535 consuetudo,

396 3560 607 3615 circum
654 3562 981 3633 Symeonem
1018 3562 1308 3635 discipuli;
1340 3567 1434 3637 qui
1470 3566 1593 3621 illos
1626 3565 1693 3621 de
1724 3580 1876 3621 more
1910 3566 1976 3618 ad

397 3652 735 3723 vigilandum
777 3663 940 3711 nocte
974 3656 1076 3711 ista
1128 3657 1454 3713 hortabatur
1492 3676 1507 3713 :
1543 3658 1741 3713 deinde
1779 3657 1979 3713 docere

396 3759 493 3799 eos
544 3745 835 3815 incipiens,
880 3750 1214 3818 qumstiones
1245 3751 1509 3820 quasdam
1551 3743 1887 3807 diliiciliores
1915 3766 1980 3805 ac

398 3837 687 3906 parabolas
718 3840 775 3895 in
824 3842 1066 3896 medium
1103 3844 1346 3913 prolatas
1389 3845 1739 3911 elueidabat;
1781 3860 1888 3915 qua
1921 3860 1979 3899 re

399 3929 473 3983 ita
499 3932 740 3988 suaviter
769 3933 1038 3990 aﬂieiebat
1068 3936 1287 3991 illorum
1320 3938 1553 4004 animos,
1589 3948 1853 4009 tantoque
1880 3938 1978 3994 Dei

401 4023 600 4079 timore
620 4024 989 4083 aciduleedine
1014 4027 1221 4084 doloris
1243 4045 1339 4085 cor
1356 4030 1717 4087 exbilarantis
1736 4031 1982 4087 cumula-

399 4114 515 4181 bat,
540 4124 601 4171 ιιι
621 4117 770 4188 quod
794 4118 860 4173 de
894 4118 1139 4174 sirenum
1167 4118 1565 4177 eantu‘dieitur'
1583 4123 1981 4194 propemodum

401 4207 459 4261 in
482 4223 541 4264 se
560 4212 969 4280 experirentur;
998 4222 1364 4286 praeterquam
1387 4215 1532 4286 quod
1560 4215 1981 4272 delectationem

401 4297 565 4353 istam
595 4302 1041 4371 consequebatur
1081 4319 1253 4371 mors,
1282 4306 1425 4361 hanc
1466 4307 1848 4363 immortalitas
1892 4324 1985 4363 ex-

402 4388 591 4459 cipiat.
648 4391 829 4448 Finito
879 4393 1048 4464 igitur
1096 4408 1350 4452 sermone
1411 4396 1729 4469 Symeonis,
1789 4398 1985 4455 fratres

405 4490 700 4538 consuetas
726 4500 918 4555 preces
945 4480 1181 4543 fundere
1212 4496 1503 4559 coeperunt
1525 4507 1539 4556 ;
1558 4504 1811 4560 cumque
1842 4490 1985 4561 psal-

404 4590 555 4634 mum
584 4575 737 4629 Beati
764 4578 1097 4634 immaculali
1117 4581 1174 4634 in
1205 4582 1314 4646 via,
1347 4582 1434 4652 qui
1468 4582 1745 4637 ambulant
1775 4583 1829 4635 in
1873 4582 1985 4653 lege

404 4665 659 4736 Domini,
696 4669 1027 4736 recitarent,
1062 4672 1315 4743 apparuit
1364 4682 1554 4728 sancto
1590 4672 1842 4728 Christus
1872 4673 1981 4728 Do-

407 4760 591 4816 minus
622 4758 937 4832 praeclara
978 4762 1033 4817 in
1066 4746 1327 4829 'visione,
1381 4774 1566 4820 astans
1613 4780 1641 4821 a
1720 4766 1981 4821 dexteris.

405 4852 637 4911 Utvidit
672 4854 786 4920 ille,
819 4863 880 4909 ut
902 4848 1087 4910 mente
1122 4855 1450 4921 illustratus,
1475 4873 1651 4928 eaque
1685 4863 1799 4913 tota
1830 4858 1988 4914 abre-

408 4952 536 5013 ptus
571 4953 834 5010 esr;.non
865 4946 1281 5017 quiescentibus
1308 4958 1491 5004 tamen
1523 4949 1701 5016 labiis,
1736 4966 1842 5006 nec
1871 4966 1985 5007 coe-

407 5046 559 5107 ptam
589 5038 896 5093 orationem
936 5040 1449 5096 intermittentibus.
1481 5042 1695 5098 Interea
1725 5044 1988 5100 cernebat

410 5128 567 5197 quasi
615 5142 896 5198 passerem
946 5144 1110 5200 supra
1145 5128 1378 5185 fratrum
1430 5132 1609 5202 capita
1637 5132 1990 5188 circumvoli-

414 5226 642 5284 tantem,
690 5219 922 5291 hymnos
950 5235 1074 5275 cum
1109 5222 1243 5292 ipsis
1271 5224 1592 5279 suavissime
1621 5240 1838 5291 canere,
1869 5240 1989 5279 mo-

413 5324 541 5368 vere
574 5310 815 5382 linguam
852 5311 1048 5367 eodem
1077 5328 1188 5383 quo
1217 5313 1319 5384 ipsi
1367 5315 1549 5381 modo,
1581 5316 1803 5372 easdem
1852 5332 1991 5387 quas

412 5399 517 5469 ipsi
539 5402 943 5475 modulationes
976 5422 1228 5475 promere
1254 5409 1357 5479 (uti
1382 5408 1581 5466 deinde
1612 5410 1747 5480 ipsis
1770 5426 1988 5480 quoque

412 5490 839 5564 inanil‘estavit):
866 5496 1153 5555 infallibile
1174 5500 1399 5556 omnino
1421 5501 1815 5568 testimonium,
1840 5501 1989 5573 quod

404 5580 712 5650 jucundum
744 5598 890 5643 esset
928 5590 1060 5656 Deo,
1111 5592 1416 5649 secundum
1473 5594 1818 5664 prophetam,
1872 5595 1989 5652 clo-

413 5676 605 5745 quium
638 5694 831 5736 eorum
862 5683 931 5736 ὀ.

485 5813 529 5854 ’9
582 5815 719 5874 Psal.
767 5839 872 5887 cui,
925 5825 1010 5878 55.

2009 4724 2062 4784 D

2081 3471 2205 3533 νοὺς
2255 3467 2480 3540 ὕμνους,
2529 3466 2672 3520 κατὰ
2725 3464 2785 3518 τὸ
2828 3462 3056 3535 σύνηθες
3083 3464 3193 3517 τῶν
3241 3463 3498 3535 μαθητῶν
3534 3464 3646 3533 περὶ

2081 3561 2675 3631 αὐτὺνάθροισθέντων.
2706 3557 3033 3631 ἀγρυπνίαν,
3058 3556 3132 3620 ὡς
3146 3556 3289 3623 ἔθος,
3322 3556 3535 3627 ἐκείνης
3564 3557 3647 3610 αὖ.

2080 3659 2191 3719 τοῖς
2212 3657 2314 3725 τῆς
2338 3653 2530 3717 νυκτὸς
2550 3651 2927 3723 παραγγείλας
2945 3667 2960 3681 ο
2989 3646 3107 3703 εἶτα
3127 3647 3478 3715 διδασκαλίας
3498 3648 3649 3719 ἀρξά-

2086 3764 2264 3817 μενος,
2294 3742 2597 3816 αἰνίγματά
2614 3740 2789 3797 τεκαὶ⁸
2818 3740 3135 3815 παραϐολὰς
3164 3742 3361 3802 αὐτοῖς
3380 3742 3651 3812 προτείνας

2083 3842 2178 3896 καὶ
2207 3839 2490 3905 ἐπιλύσας,
2519 3836 2694 3898 οὕτως
2722 3834 2899 3889 αὐτῶν
2923 3833 3143 3903 διέθηκε
3191 3832 3293 3897 τὰς
3329 3834 3528 3903 ψυχὰς,
3567 3835 3650 3884 καὶ

2081 3932 2333 3987 τοσοῦτον
2392 3932 2583 3989 αὑταῖς
2620 3928 2874 3994 ἐνέσταξε
2939 3928 3081 3980 θεῖον
3136 3927 3321 3995 φόϐον,
3351 3928 3446 3980 καὶ
3491 3926 3651 3995 λύπης

2083 4025 2308 4096 καρδίαν
2341 4019 2739 4093 εὐφραινούσης
2771 4017 3106 4088 γλυκύτητα,
3140 4017 3217 4082 ὡς
3253 4017 3451 4088 μικροῦ
3485 4018 3572 4071 καὶ
3602 4019 3655 4079 τὸ

2085 4116 2190 4169 τῶν
2211 4115 2496 4188 ᾀδομένων
2515 4113 2712 4174 αὐτοὺς
2739 4110 3006 4182 σειρήνων
3036 4109 3248 4177 παθεῖν,
3280 4110 3421 4180 πλὴν
3439 4110 3558 4164 ὅσον
3581 4110 3651 4170 είς

2084 4208 2315 4262 θάνατον
2349 4206 2448 4278 μὲν
2473 4206 2591 4259 ἐκεῖ
2620 4204 2682 4257 τὸ
2711 4202 2920 4270 θ’ἐλγον,
2940 4201 3173 4256 ἐνταῦθα
3204 4201 3262 4255 δὲ
3292 4201 3556 4256 τελευτῶν
3583 4203 3655 4269 εἰς

2085 4297 2405 4353 ἀθανασίαν.
2437 4296 2552 4365 Τὴν
2580 4292 2930 4349 διδασκαλίαν
2957 4291 3015 4345 δὲ
3054 4292 3154 4362 τῆς
3186 4291 3451 4363 συνήθους
3484 4292 3652 4354 αὐτοῖς

2087 4393 2252 4462 εὐχῆς
2280 4387 2690 4459 διαδεξαμὲνης,
2721 4386 2815 4440 καὶ
2874 4384 2968 4438 τὸν
3015 4383 3390 4456 μακαρίζοντα
3443 4384 3566 4447 τοὺς
3601 4384 3651 4435 ὲν

2086 4486 2190 4557 6δῷ
2220 4483 2435 4555 ἀμώμῳ
2463 4479 2700 4551 ψαλμὸν,
2742 4480 2869 4543 τοὺς
2917 4479 2973 4533 ὲν
3010 4479 3158 4549 νόμῳ
3201 4476 3407 4547 Κυρίου
3442 4492 3651 4548 πορευοο

2091 4577 2303 4647 μένους,
2323 4575 2409 4629 διὰ
2445 4576 2709 4643 στόματος
2736 4573 2970 4643 ἐχόντων
2994 4570 3196 4635 αὐτῶν,
3214 4569 3554 4640 ἐπιφαίνεται
3583 4568 3651 4639 τῷ

2089 4666 2314 4738 Συμεὼν
2342 4669 2369 4719 ὁ
2400 4665 2678 4734 Δεσπότης
2710 4663 2967 4735 Χριστὸς,
2996 4662 3279 4735 μακαρίας
3309 4662 3522 4733 ἐκείνης
3540 4664 3647 4715 ἐπι-

2089 4762 2315 4829 φανείας
2366 4759 2432 4813 ὲκ
2475 4757 2666 4822 δεξιῶν
2699 4754 2848 4827 αὐτῷ
2891 4755 3211 4826 παρεστώς*
3260 4757 3353 4809 καὶ
3393 4755 3527 4826 πρὸς
3565 4755 3650 4824 μὲν

2086 4852 2209 4922 ὄψιν
2239 4853 2266 4905 ό
2296 4852 2420 4917 νοῦς
2449 4851 2770 4921 ἑφωτίζετο,
2803 4851 2897 4904 καὶ
2935 4851 3056 4913 ὅλος
3086 4850 3301 4922 ἐκείνης
3337 4849 3561 4920 ἐγίνετο,
3591 4850 3653 4902 τὰ

2088 4942 2239 5013 χείλη
2270 4941 2326 4995 δὲ
2359 4942 2459 4995 οὐκ
2486 4941 2707 5011 ἠρέμει,
2758 4940 2880 4994 οὐδὲ
2909 4939 3321 5011 ἀπελιμπάνετο
3351 4940 3451 5010 τῆς
3477 4940 3649 5010 εὐχῆς.

2101 5035 2191 5087 Ἐν
2247 5032 2486 5104 τοσούτῳ
2540 5032 2597 5085 δὲ
2645 5032 2779 5087 ὡσεὶ
2828 5033 3109 5105 στρουθίον
3162 5034 3193 5085 ό
3253 5032 3479 5103 Συμεὼν
3528 5033 3653 5101 ὑπὲρ

2089 5128 2332 5197 κεφαλῆς
2362 5129 2487 5192 τοὺς
2533 5127 2795 5198 ἀδελφοὺς
2846 5127 2994 5197 ἑώρα
3042 5127 3496 5198 περιιπτάμενον,
3538 5143 3651 5179 συν-

2087 5219 2417 5293 υμνολογοῦν
2446 5238 2505 5273 τε
2541 5220 2724 5283 αὐτοῖς
2754 5220 2952 5291 ἥδιστα
2999 5218 3095 5273 καὶ
3133 5219 3381 5290 συνᾷδον,
3418 5218 3653 5287 καθάπερ

2088 5316 2284 5389 ἐπίσης
2301 5316 2529 5379 ἐκείνοις
2572 5315 2668 5389 καὶ,
2700 5313 2948 5383 γλῶτταν
2980 5312 3183 5373 κινοῦν.
3224 5313 3320 5367 καὶ
3359 5312 3563 5377 τούτοις
3595 5312 3655 5366 τὰ

2092 5410 2234 5465 αὐτὰ
2265 5408 2775 5480 συμφθεγγόμενον,
2832 5405 2908 5471 ὡς
2964 5405 3103 5475 μετὰ
3146 5405 3329 5459 ταῦτα
3359 5406 3454 5459 καὶ
3483 5406 3652 5466 αὐτοῖς

2093 5501 2388 5557 καθίστατο
2438 5500 2620 5569 δῆλον.
2681 5500 2860 5570 Ὅπερ
2909 5494 3001 5552 οὖν
3062 5497 3357 5568 ἡδυνθῆναι
3394 5497 3533 5551 κατὰ
3575 5496 3653 5548 τὸν

2096 5596 2391 5667 Προφήτην
2431 5593 2547 5663 Θεῴ
2580 5593 2678 5665 τὴν
2720 5593 2945 5651 ἐκείνων
2973 5589 3247 5659 διαλογὴν,
3281 5590 3505 5660 ἀψευδὲς
3536 5590 3654 5650 πάνυ

2096 5706 2203 5751 τως
2239 5686 2558 5761 μαρτύριον,
