3988 6498
348 378 490 441 3205

1369 376 1542 435 VITA
1586 378 1631 435 A
1670 370 2106 435 NICEPHORO
2145 371 2624 436 CONSCRIPTA.

3475 380 3511 442 3
3525 378 3623 443 106

1814 509 2038 569 CAPUT
2070 508 2209 565 XVI.

814 660 815 663 η
889 633 954 690 In
980 635 1207 689 caritate
1233 649 1461 690 annona:
1492 634 1819 704 frumentum
1858 628 2181 700 multiplicat
2209 638 2257 684 et
2283 629 2373 684 diu
2409 638 2682 686 conservat
2727 632 3088 689 imminutum.

425 754 568 818 pxq'.
614 747 823 803 Ἐκεῖνο
870 746 928 802 δὲ
985 750 1104 813 πῶς
1152 750 1254 803 οὑκ
1290 750 1441 816 ἄξιον
1484 750 1798 822 προσθεῖναι
1828 754 1939 813 τοῖς

2114 740 2237 796 428.
2274 740 2413 795 Illud
2448 755 2616 811 porro
2662 742 2759 813 qui
2804 744 2922 799 lieri
2953 750 3136 814 potest
3186 753 3248 800 ut
3294 746 3625 817 supradictis

350 841 701 910 εἰρημένοιςς
733 841 816 893 ὅτι
851 840 984 911 μηδὲ
1016 840 1199 910 ὀλίγου
1228 842 1358 896 ποτὲ
1420 842 1567 897 σίτου
1596 843 1675 913 τῷ
1703 844 1939 915 ταμιείῳ

350 932 453 1002 τῆς
486 932 671 1002 μονῆς
693 931 1180 1003 ὑπολελειμμένου,
1212 934 1271 986 τὸ
1304 934 1405 1004 μὲν
1437 935 1532 988 καὶ
1569 935 1791 1004 πρὸς-τὺ
1816 953 1940 990 στε-

352 1027 445 1078 νὸν
477 1027 577 1096 τῆς
602 1025 886 1097 παρούσης
925 1028 974 1080 oi
1022 1028 1263 1098 μαθηταὶ
1295 1024 1506 1100 διαίτης
1532 1030 1845 1101 ἀχθόμενοι,
1880 1032 1941 1084 τὸ

350 1119 409 1172 δὲ
453 1120 548 1173 καὶ
590 1119 729 1190 πρὸς
770 1120 833 1172 τὸ
875 1118 1066 1190 μέλλον
1096 1114 1208 1189 (οἷα
1245 1122 1358 1186 τοῖς
1396 1122 1755 1192 μικροψύχοις
1798 1122 1941 1192 φιλεί

354 1211 704 1281 συμϐαίνειν)
757 1212 1018 1283 ὁρῶντες,
1071 1212 1457 1281 προσελθόντες
1505 1215 1657 1284 αὑτῴ
1718 1214 1937 1281 πάντες,

350 1305 619 1376 τέσσαρες
651 1303 744 1356 ἐπὶ
782 1304 1076 1374 τριάκοντα
1112 1304 1213 1375 ἤδη
1243 1306 1336 1361 τὸν
1364 1306 1597 1377 ἀριθμὸν
1631 1308 1805 1372 ὄντες,
1847 1309 1941 1371 οὒς

351 1396 462 1448 ἀπὸ
490 1396 764 1466 διαφόρων
804 1396 993 1451 ίάσατο
1041 1398 1229 1452 παθῶν
1267 1398 1301 1470 ἢ
1332 1398 1577 1469 πληγῶν,
1616 1402 1941 1472 ἐπιστρέψαι

354 1488 540 1551 αὑτοῖς
586 1488 774 1557 ἠξίουν
832 1488 1134 1560 λαμϐάνειν
1186 1489 1255 1542 τὰ
1304 1492 1745 1561 προσφερόμενα,
1786 1487 1942 1561 seu;

355 1580 611 1651 αὐτάρκη
638 1597 697 1633 τε
748 1580 802 1633 τὸ
836 1580 1035 1650 παρὸν,
1065 1581 1201 1635 ἀλλὰ
1231 1581 1325 1634 καὶ
1359 1581 1495 1653 πρὸς
1523 1584 1584 1635 τὸ
1612 1584 1805 1653 μέλλον
1840 1587 1942 1638 αὑ-

353 1675 472 1738 τοῖς
494 1670 639 1728 εἶναι
667 1676 736 1727 τὰ
759 1674 1059 1743 ἀναγκαῖα,
1094 1675 1257 1727 Ὥστε
1294 1673 1356 1726 σὲ
1400 1674 1495 1726 καὶ
1526 1675 1653 1739 τοὺς
1681 1677 1782 1747 τῆς
1805 1678 1943 1747 ἠμε-

356 1761 545 1832 τέρας,
576 1763 732 1831 φασὶ,
768 1764 1046 1834 σωτηρίας
1077 1764 1305 1834 μισθοὺς
1344 1766 1698 1837 κομίσασθαι,
1743 1768 1829 1821 ἵνα
1866 1770 1941 1840 μὴ

356 1854 439 1925 τῷ
469 1854 610 1923 ἄγαν
638 1855 861 1927 σκληρῷ
894 1873 953 1909 τε
984 1859 1081 1910 καὶ
1109 1859 1353 1928 ὲπιπόνῳ
1380 1862 1480 1929 τῆς
1515 1857 1663 1931 παρὰ
1688 1862 1770 1914 σοὶ
1792 1864 1942 1927 ἀγω-

357 1945 465 2013 γῆς
515 1945 925 2015 ὲκκακήσαντες
972 1947 1182 1999 ἐνθένδε
1224 1948 1665 2020 ἀπαναστῶμεΨ
1708 1953 1792 2004 σοὶ
1832 1952 1944 2024 γὰρ

355 2031 502 2098 οἶδας
531 2037 612 2089 ὅτι
641 2037 736 2090 καὶ
762 2036 992 2106 σώματα
1046 2039 1139 2091 καὶ
1188 2039 1367 2110 ψυχὰς
1406 2042 1586 2113 ἑαυτῷ
1615 2043 1939 2112 ἁνεθέμεθα.

2040 847 2175 891 non.
2200 832 2530 905 adiungam?
2557 832 2828 909 Non-nisi
2857 835 3465 909 exiguusquandoque
3510 839 3629 894 fru~

2041 928 2212 983 menti
2237 942 2506 983 numerus
2534 928 2592 982 in
2618 928 2824 984 horreo
2851 931 3176 986 monasterii
3212 933 3461 1003 reliquus
3485 945 3625 998 erat,

2040 1033 2166 1073 cum
2214 1018 2469 1088 discipuli
2502 1019 2701 1089 partim
2752 1019 2823 1074 ob
2871 1020 3157 1089 praesentis
3196 1036 3427 1079 annona:
3485 1027 3628 1080 cari-

2042 1119 2210 1167 tatem
2263 1112 2448 1176 anxii,
2503 1112 2702 1181 partim
2739 1113 2807 1167 de
2854 1114 3043 1167 futuro
3103 1115 3205 1183 (uti
3260 1116 3629 1183 pusillanimis

2042 1209 2183 1265 solet
2224 1210 2507 1276 accidere)
2534 1208 2780 1273 solliciti,
2814 1216 3166 1264 accesserunt
3199 1210 3268 1264 ad
3303 1209 3628 1280 Symeonem

2043 1300 2207 1355 simul
2256 1316 2470 1366 omnes,
2516 1303 2627 1373 jam
2678 1311 2918 1371 quatuor
2971 1309 3029 1355 et
3091 1300 3315 1371 triginta
3354 1316 3628 1364 numero,

2044 1408 2280 1463 quorum
2307 1394 2696 1449 diversimodis
2730 1393 3157 1463 mgritud‘mibus
3193 1393 3639 1464 vulneribusque

2044 1486 2353 1541 medicatus
2399 1487 2493 1542 ille
2538 1486 2753 1551 fuerat;
2809 1485 3131 1556 flagitabant
3175 1494 3360 1540 autem
3405 1485 3634 1543 faculta-

2046 1586 2156 1632 tem
2192 1578 2297 1632 sibi
2336 1577 2456 1633 ﬁeri
2494 1578 2801 1647 accipiendi
2830 1577 2943 1643 illa,
2972 1592 3096 1647 quae
3126 1578 3539 1645 atl‘erebantur;
3571 1587 3631 1632 ut

2045 1670 2312 1725 haberent
2357 1671 2505 1741 quod
2552 1669 2810 1740 praesenti
2841 1679 2898 1724 et
2932 1669 3132 1725 futura:
3168 1671 3485 1727 necessitati
3517 1675 3632 1727 suf-

2046 1761 2235 1816 ﬁceret
2261 1761 2381 1817 :AUt
2422 1762 2617 1817 salutis
2659 1777 2880 1832 quoque
2925 1771 3133 1830 nostra:
3161 1763 3494 1829 mercedem,
3548 1762 3633 1816 in-

2044 1853 2276 1921 quiunt,
2328 1862 2608 1924 reportes;
2674 1870 2745 1908 ne
2794 1854 3026 1909 nimium
3088 1870 3284 1910 severo
3323 1855 3629 1910 laborioso-

2046 1960 2154 2014 que
2174 1945 2320 2015 apud
2353 1956 2407 2000 te
2441 1946 2569 2000 vita).
2593 1946 2849 2001 instituto
2878 1948 3175 2002 exanimati
3202 1948 3333 2003 hinc
3378 1948 3632 2004 disceda-

2050 2053 2209 2091 mus:
2240 2038 2338 2091 tibi
2355 2038 2587 2107 quippe,
2619 2047 2680 2092 ut
2708 2037 2823 2107 ipse
2850 2040 3020 2105 nosti,
3059 2055 3292 2111 corpora
3339 2042 3551 2111 pariter
3578 2052 3636 2095 et

370 2128 434 2183 Ὁ
483 2129 542 2183 δὲ
587 2130 745 2201 πράῳ
777 2131 856 2201 τῷ
882 2130 1023 2202 ἤθει,
1056 2134 1343 2205 πραοτέρῳ
1386 2135 1442 2187 δὲ
1476 2136 1570 2189 καὶ
1613 2138 1944 2207 φρονήματι,

2050 2130 2519 2188 animasnostras
2564 2133 2966 2189 commisimus.
3020 2132 3489 2203 Sanctuslautem
3540 2134 3635 2190 bc-

359 2221 732 2292 μικροψυχίαν
756 2223 959 2286 αὑτοῖς
1004 2224 1190 2295 ἠρέμα
1233 2225 1814 2295 προσονειδίσας,“εῐτα
1852 2234 1947 2284 καὶ

356 2314 439 2377 είς
462 2315 770 2386 ὑπόμνησιν
798 2316 956 2386 ἐνῆγε
984 2318 1092 2370 τῶν
1124 2316 1220 2371 τοῦ
1256 2318 1394 2372 Θεοῦ
1430 2319 1768 2391 θαυμασίων,
1788 2318 1947 2385 ⁴ὅπως

360 2407 465 2476 μὲν
494 2408 546 2460 οἱ
588 2406 681 2460 τοῦ
709 2407 950 2478 Χριστοῦ
993 2408 1255 2478 μαθηταὶ,
1300 2408 1397 2462 τοῦ
1428 2410 1647 2479 πρώτου
1682 2413 1947 2482 Ποιμένος

358 2498 457 2551 καὶ
496 2498 853 2565 Διδασκάλου,
889 2499 967 2571 τῷ
1002 2500 1121 2553 ,τῶν
1164 2499 1339 2570 δχλων
1370 2503 1566 2573 πλήθει
1594 2504 1725 2558 ποτὲ
1760 2506 1948 2575 δυσχε-

360 2588 802 2661 ραίνοντεςέῐεν,
832 2593 920 2647 διά
958 2610 1019 2646 τε
1048 2594 1147 2665 τὴν
1188 2595 1381 2663 ἄφιλον
1427 2597 1665 2667 ἐρημίαν
1706 2599 1943 2669 ἐκείνην,

359 2684 456 2737 καὶ
480 2683 578 2753 τὴν
612 2684 723 2737 τῶν
754 2684 937 2754 ἄρτων
967 2685 1177 2739 ἔνδειαν
1202 2703 1216 2717 ·
1253 2689 1403 2752 ὅπως
1454 2689 1513 2742 δὲ
1562 2689 1724 2743 πέντε
1761 2690 1948 2760 ἄρτοις

359 2776 521 2839 αὐτὸς
546 2777 828 2848 χορτάσειε
864 2782 1334 2852 πεντακισχιλίους
1362 2782 1580 2850 ἄνδρας,
1606 2782 1686 2835 ἔτι
1720 2782 1814 2835 καὶ
1841 2782 1947 2834 δώεί

359 2869 494 2923 δεκα
536 2869 791 2938 κοφίνους
835 2871 1039 2936 αὐτοῖς,
1074 2874 1141 2925 τὰ
1178 2872 1946 2944 περισσεύματαιτῶψᾶρτων

361 2959 796 3030 ὑπολιπόμενοςο
830 2963 982 3026 ὅπως
1012 2963 1068 3016 δὲ
1103 2963 1265 3017 πάλιν
1307 2964 1495 3033 ἄρτοις
1533 2963 1672 3016 ἑπτὰ
1698 2964 1946 3033 κορέσειε

357 3053 851 3125 τετρακισχιλίους,
923 3055 1053 3109 ἄνευ
1101 3056 1377 3125 γυναικῶν
1418 3057 1511 3109 xui.
1546 3055 1795 3109 παιδίων.
1839 3056 1949 3109 Καὶ

358 3146 457 3201 νῦν
488 3145 554 3199 σὺ
596 3143 647 3199 εί
696 3146 882 3212 αὐτὸς,
929 3148 1083 3219 φησὶ,
1126 3150 1154 3201 ό
1202 3147 1467 3211 Βασιλεύς
1508 3163 1609 3217 μου
1634 3147 1730 3201 καὶ
1760 3149 1788 3199 ὁ
1813 3146 1947 3209 Θεός

361 3254 489 3307 μου,
519 3236 577 3300 ὃς
613 3237 925 3292 ἐπιϐλέπων
954 3240 1049 3292 ἐπὶ
1071 3239 1171 3310 τὴν
1206 3239 1486 3311 ὑπομονὴν
1516 3238 1697 3310 ἡμῶν,
1724 3238 1942 3290 ἐπιϐλέ-

357 3330 484 3400 ψεις
506 3331 602 3385 καὶ
632 3332 692 3385 οὐ
719 3333 976 3403 παρόψει.
1009 3333 1082 3385 Σὺ
1110 3334 1219 3404 γὰρ
1246 3334 1333 3387 διὰ
1355 3334 1454 3404 τῆς
1479 3334 1575 3387 τοῦ
1603 3332 1697 3385 σοῦ
1732 3333 1948 3401 Προφή-

357 3440 455 3476 του
501 3424 773 3488 διδάσκεις
812 3442 878 3496 με
915 3425 1198 3497 γλώττης,
1248 3428 1369 3481 Οὐκ
1417 3419 1589 3480 ἕοέτιν
1612 3426 1941 3493 ὑστέρημα,

359 3515 647 3587 λεγούσης,
692 3516 818 3584 τοῖς
872 3517 1267 3587 φοϐουμένοις
1318 3531 1413 3584 σε,
1455 3519 1551 3572 καί
1598 3519 1738 3583 τοὺς
1773 3516 1942 3584 ἐκζη-

360 3611 617 3677 τοῡντὰς
651 3611 744 3665 ’σε
790 3612 1081 3681 μηδαμῶς
1144 3611 1667 3679 ὲλαττωθήσεσθαι
1721 3611 1946 3676 παντὸς

361 3699 608 3769 ἀγαθοῦ.
632 3701 696 3753 Ei
733 3701 789 3753 δὲ
823 3702 897 3772 μὴ
925 3701 1095 3772 ταύτῃ
1121 3700 1270 3754 δοκεῖ
1310 3704 1403 3754 καὶ
1433 3704 1565 3771 ἡμῖν
1604 3702 1695 3773 [an
1730 3702 1858 3772 ὑμῖν
1879 3700 1941 3774 ἒ],

336 3790 748 3861 σπαράττομαι
783 3793 880 3861 μὲν
920 3792 1019 3845 ὅσα
1048 3792 1145 3845 καὶ
1175 3793 1358 3864 πατὴρ
1390 3794 1459 3846 τὰ
1495 3794 1799 3864 σπλάγχνα,
1834 3794 1946 3847 ὦσ-

362 3900 470 3953 περ
485 3883 655 3948 εἰκὸς,
678 3885 772 3937 καὶ
791 3884 910 3937 λίαν
930 3884 1081 3953 ἀλγῶ
1099 3885 1200 3956 τὴν
1214 3885 1509 3950 διάζευξιν.
1530 3887 1716 3955 Ὅμως
1738 3888 1946 3941 ἀνεῖται

362 3978 518 4030 πᾶσα
540 3976 668 4046 ὑμῖν
694 3976 832 4041 ὁδὸς,
857 3971 903 4030 ὧ
924 3976 1087 4031 τέκνα
1111 3980 1204 4031 καὶ
1227 3978 1446 4047 ἀδελφοί
1461 3994 1474 4009 ·
1505 3979 1802 4049 πορευτέον
1821 3979 1949 4034 ἐκά-

365 4086 478 4140 στῳ
502 4068 687 4122 λοιπὸν
715 4071 781 4139 ἢν
808 4068 1071 4139 βούλοιτο.

437 4162 579 4233 ρκθ’.
612 4162 755 4232 Πρὸς
784 4162 956 4217 ταῦτα
981 4163 1103 4217 δυσὶ
1134 4164 1330 4218 πάθεσι
1363 4163 1575 4229 τούτοις
1616 4167 1664 4219 oi
1698 4164 1942 4236 μαθηταὶ

365 4254 517 4324 φόϐῳ
550 4254 645 4307 καὶ
666 4255 812 4325 χαρᾷ
843 4254 1213 4325 μερισθέντες,
1242 4256 1303 4308 τὸ
1334 4256 1431 4324 μὲν
1483 4255 1572 4309 διὰ
1616 4256 1717 4327 τὴν
1764 4257 1944 4310 ἐπιτί-

367 4362 559 4416 μησιν,
585 4346 647 4399 τὸ
672 4346 729 4399 δὲ
760 4346 853 4399 καὶ
876 4347 975 4409 τάς
1006 4346 1381 4417 χρηστοτέρας
1407 4348 1766 4417 ἐπαγγελίας,
1791 4348 1947 4401 αὐτοὶ

368 4439 470 4509 μὲν
519 4439 650 4506 γόνυ
707 4438 1024 4505 κλίναντες,
1086 4438 1330 4492 αἰτοῦσιν
1382 4441 1543 4503 εὐθὺς
1596 4442 1946 4510 συγχώρησιν

366 4534 463 4587 καὶ
494 4531 865 4601 λαμϐάνουσιν
897 4548 914 4566 ο
946 4534 973 4587 δ
1006 4532 1065 4586 δὲ
1093 4532 1184 4585 τὸν
1216 4532 1446 4601 ἀδελφὸν
1479 4530 1763 4586 Ἀντώνιον
1782 4526 1947 4587 ’καλέ-

367 4641 465 4689 σας
496 4617 671 4697 (οὗτος
698 4626 808 4697 γὰρ
828 4621 897 4697 ἦν
924 4627 971 4679 ό
1024 4626 1117 4677 ἐπὶ
1170 4624 1283 4678 τοῦς
1325 4623 1551 4688 σιτῶνος
1585 4625 1942 4695 τεταγμένος)

367 4718 675 4781 ἐκέλευσεν,
700 4717 770 4769 ἐἶ
798 4717 901 4770 πού
949 4734 1094 4780 τινες
1115 4718 1171 4769 ὲν
1201 4717 1351 4785 αὐτῷ
1378 4718 1568 4769 κόκκοι
1594 4711 1725 4782 εἷεν,
1760 4715 1946 4768 συλλέ-

2052 2222 2221 2293 nigno
2240 2225 2416 2289 vultu,
2448 2225 2772 2296 benigniore
2824 2227 2995 2281 etiam
3042 2227 3248 2293 animo,
3279 2228 3637 2296 pusillanimi-

2053 2321 2215 2367 tatem
2278 2314 2413 2384 ipsis
2468 2317 2731 2385 paulatim
2782 2318 3124 2387 exprobrans
3186 2318 3254 2372 ad
3310 2320 3633 2374 memoriam

2050 2405 2327 2460 revocavit
2352 2408 2629 2463 mirabilia
2654 2424 2684 2463 a
2714 2410 2827 2464 Deo
2849 2409 3091 2479 praestita
3112 2424 3312 2480 opera;
3354 2411 3634 2479 quomodo

2049 2513 2248 2568 nempe
2273 2499 2535 2569 discipuli
2559 2500 2786 2567 Christi,
2816 2502 2983 2572 primi
3004 2503 3248 2558 Pastoris
3267 2511 3433 2573 atque
3464 2504 3633 2573 Magi-

2049 2590 2148 2642 stri
2214 2591 2393 2644 turbis
2423 2590 2722 2660 aliquando
2751 2594 3120 2661 'seque'ntibns
3148 2603 3375 2664 propter
3404 2594 3635 2650 inamat-

2048 2688 2179 2733 nam"
2208 2682 2567 2737 Solitudinem
2594 2698 2911 2752 partumque
2930 2684 3169 2753 inopiam
3203 2684 3471 2755 indignati
3497 2687 3636 2741 fuis-

2048 2764 2210 2825 sent:
2243 2773 2524 2843 quomodo
2562 2782 2750 2829 autem
2800 2774 3059 2829 Christus
3108 2776 3355 2846 quinque
3396 2777 3637 2845 panibus

2051 2866 2279 2920 totidem
2305 2866 2594 2922 hominum
2619 2868 2792 2922 millia
2820 2883 3075 2938 pascens,
3093 2870 3411 2938 reliquerit
3465 2872 3635 2925 etiam

2048 2958 2341 3013 duodecim
2371 2959 2664 3029 cophinos,
2699 2961 2918 3031 iisquae
2954 2961 3353 3016 redundabant
3375 2965 3633 3033 oppletis;

2047 3051 2409 3119 etquetnodo
2433 3066 2627 3105 rursus
2644 3060 2862 3121 septem
2898 3053 3136 3121 panibus
3160 3062 3399 3123 quatuor
3438 3054 3631 3121 millia,

2048 3144 2291 3213 exceptis
2331 3144 2555 3199 feminis
2584 3146 2907 3214 puerisque,
2965 3154 3289 3201 saturasset.
3347 3147 3487 3202 Tum
3546 3148 3633 3201 in-

2047 3234 2188 3302 quit,
2211 3234 2525 3289 Etiamnum
2555 3244 2612 3289 tu
2644 3238 2760 3305 ipse
2784 3251 2865 3299 es,
2888 3236 3005 3290 Rex
3038 3250 3197 3290 meus
3220 3245 3275 3291 et
3292 3237 3437 3291 Deus
3454 3252 3632 3303 meus,

2048 3325 2144 3394 qui
2174 3325 2402 3395 respicis
2438 3328 2759 3397 patientiam
2788 3337 3053 3394 nostram,
3108 3328 3515 3399 respiciesque=
3576 3339 3634 3385 et

2050 3431 2163 3471 non
2218 3416 2512 3488 despicies.
2572 3420 2653 3474 Tu
2704 3421 2854 3474 enim
2918 3434 3017 3491 per
3077 3420 3151 3475 os'
3193 3419 3513 3491 Pmphetze'
3552 3422 3633 3477 tui

2051 3513 2219 3568 doces
2249 3528 2358 3577 me,
2383 3514 2656 3571 dicentis:
2682 3516 2801 3570 Non
2846 3526 2937 3569 est
2966 3518 3144 3586 inopia
3188 3517 3494 3570 timentibus
3541 3528 3633 3583 te,-

2047 3613 2096 3657 et
2120 3606 2529 3675 inquirentes-le
2549 3623 2649 3661 non
2666 3611 2972 3662 minuentur
3022 3612 3167 3662 omni
3205 3609 3337 3664 bono
3375 3611 3441 3663 “.
3474 3608 3631 3676 Quod

2047 3697 2092 3751 si
2122 3697 2279 3752 vobis
2324 3715 2552 3769 quoque
2595 3701 2669 3755 ita
2705 3716 2829 3756 esse
2881 3717 2991 3756 non
3048 3702 3325 3767 videatur,
3356 3704 3634 3758 lacerarer

2047 3803 2155 3842 non
2173 3788 2332 3843 aliter
2357 3806 2521 3858 quam
2552 3801 2708 3861 pater
2731 3792 3038 3848 visceribus
3066 3795 3224 3859 meis,
3245 3803 3556 3864 utparest,
3575 3805 3633 3852 et

2046 3898 2310 3952 perquam
2335 3885 2530 3939 acerba
2554 3885 2689 3938 mihi
2715 3887 2990 3955 separatio
3006 3887 3037 3941 ~f
3039 3897 3195 3941 utura
3223 3890 3389 3943 esset.
3422 3887 3634 3944 Nihilo.

2046 3975 2230 4031 minus
2250 3978 2399 4031 nulla
2424 3979 2580 4033 vobis
2604 3978 2901 4035 interclusa
2922 3982 3007 4035 via
3035 3990 3140 4047 est,
3165 3981 3261 4035 lilii
3284 3983 3589 4053 fratresque
3614 4000 3630 4051 ;

2046 4070 2208 4125 abeat
2242 4071 2477 4142 quisque
2503 4088 2613 4142 quo
2671 4074 2856 4127 animo
2907 4076 3211 4129 collibitum
3244 4091 3344 4131 suo
3372 4078 3540 4131 fuerit

2119 4164 2240 4219 129.
2276 4166 2373 4222 llis
2400 4160 2634 4231 auditis,
2658 4168 2877 4238 gemino
2898 4169 3089 4238 agitati
3121 4169 3325 4224 aﬂectu
3348 4170 3631 4241 discipuli,

2050 4256 2498 4325 timoris-altero,
2546 4259 2725 4313 altero
2775 4260 2981 4329 gaudii,
3036 4259 3132 4313 illo
3166 4260 3261 4314 ob
3294 4260 3633 4331 increpatio-

2046 4360 2201 4415 nem,‘
2226 4350 2332 4406 hoc
2357 4351 2430 4405 ob
2452 4352 2847 4422 promisSiones
2887 4340 3171 4422 benignas,
3199 4340 3431 4407 eurvant
3455 4368 3633 4424 genua

2048 4458 2113 4497 ac
2132 4441 2346 4497 veniam
2372 4443 2741 4514 deprecantur
2773 4456 2828 4499 et
2862 4445 3179 4514 impetrant.
3214 4444 3453 4516 Symeon
3500 4461 3633 4501 vero

2049 4532 2281 4587 fratrem
2340 4533 2644 4589 Antonium
2720 4532 2870 4603 (erat
2926 4532 2974 4587 is
3027 4548 3057 4587 a
3121 4548 3180 4587 re
3233 4533 3633 4603 frumentaria)

2046 4624 2339 4679 advocavit
2396 4626 2695 4695 jussitque,
2747 4625 2792 4679 si
2840 4638 3170 4694 qua-grana
3238 4638 3630 4695 superessent,

2051 4714 2285 4770 collecta
2320 4715 2389 4769 ad
2418 4731 2477 4770 se
2502 4715 2853 4770 alierrc.'llle
2875 4726 2999 4787 post
3030 4717 3278 4771 sedulam
3310 4717 3632 4788 inquisitio-

367 4811 535 4877 ξαντα
565 4810 702 4881 πρὸς
728 4810 891 4863 αὑτὸν
943 4811 1208 4877 ἐνεγκεῖν.
1239 4808 1346 4861 Τοῦ
1376 4808 1433 4861 δὲ
1483 4809 1679 4879 κομιδῇ
1728 4807 1944 4874 ὀλίγους

2050 4820 2187 4860 nem
2200 4807 2433 4875 paucula
2455 4806 2704 4876 quaedam
2738 4807 2961 4861 inventa
2992 4808 3246 4862 manibus
3276 4807 3629 4879 ad-ma’gnum

366 4902 642 4972 εὑρόντος,
680 4903 759 4962 εἰς
790 4902 977 4971 χεῖράς
1013 4916 1073 4953 τε
1104 4899 1182 4969 τῷ
1212 4899 1434 4969 μεγάλῳ
1479 4900 1825 4968 κομίσαντος,
1858 4898 1955 4960 είς»

365 4992 596 5063 οὐρανὸν
647 4991 897 5061 ἀνασχὼν
938 4995 1164 5058 ἐκεῖνος,
1194 4992 1261 5061 γύ
1287 4992 1419 5055 Θεὸς
1444 4995 1473 5046 ό
1521 4992 1940 5062 παντοκράτωρ,

366 5079 541 5148 εἶπεν,
567 5084 595 5135 ό
627 5081 805 5144 διδοὺς
838 5084 899 5135 οὑ
958 5083 1185 5151 κτήνεσι
1239 5084 1420 5152 μόνον,
1477 5083 1599 5135 οὐδὲ
1628 5085 1741 5145 τοῖς
1787 5099 1941 5134 νεοσ-

368 5178 481 5236 σοῖς
521 5175 629 5229 τῶν
659 5176 915 5245 κοράκων
948 5178 1059 5238 τοῖς
1086 5175 1540 5245 ἐπικαλουμένοις
1575 5191 1656 5241 σε,
1684 5175 1819 5229 ἀλλὰ
1850 5175 1946 5226 καὶ

366 5268 516 5338 πάσῃ
573 5268 739 5337 σαρκὶ
772 5267 970 5339 τροφὴν
1004 5268 1208 5331 αὐτῶν,
1242 5269 1271 5321 ὁ
1299 5269 1390 5323 διὰ
1422 5269 1706 5338 σπλάγχνα
1739 5270 1946 5337 οἰκτιρ-

370 5360 488 5430 μῶν
518 5377 635 5423 σου,
662 5360 690 5411 ὁ
717 5359 804 5413 διὰ
851 5360 1054 5431 πολλὴν
1109 5361 1343 5439 ἄϐυσσον
1389 5360 1490 5430 τῆς
1530 5359 1947 5430 φιλανθρωπίας

370 5468 465 5505 σου
506 5452 692 5523 ἄρτοις
733 5453 939 5521 ὀλίγοις
982 5452 1223 5523 χιλιάδας
1257 5452 1507 5523 κορέσας,
1541 5451 1705 5514 αὐτὸς
1732 5451 1825 5503 καὶ
1855 5450 1945 5503 τὸν

370 5543 576 5613 βραχὺν
610 5544 798 5597 τοῦτον
829 5543 1099 5611 πλήθυνον
1131 5546 1300 5609 σῖτον,
1334 5544 1413 5608 εἰς
1477 5542 1633 5608 δόξαν
1688 5540 1946 5604 αἰνέσεώς

369 5654 484 5698 σου,
515 5638 595 5699 είς
630 5638 983 5707 εὐχαριστίαν
1015 5636 1144 5690 λαοῦ
1180 5655 1295 5703 σου,
1341 5639 1421 5701 είς
1470 5634 1951 5707 μεγαλοπρέπειαν

366 5727 460 5779 τοῦ
491 5728 752 5797 ὀνόματός
779 5746 895 5783 σου.

434 5841 478 5870 ³⁸
520 5840 661 5894 Psal.
704 5856 889 5907 natm,
950 5841 1033 5895 li.

1844 5927 2031 5940 Μαιάδα-νγ
2058 5928 2083 5937 ι-
2120 5935 2139 5937 Α

2052 4894 2637 4968 Ριιῑτεῐηόρροιπιονὶιε
2663 4901 2757 4969 qui
2793 4900 2847 4953 in
2879 4899 3297 4955 cwlumocul'os'
3313 4900 3629 4957 intendens:

2051 4989 2217 5054 Deus,
2246 4990 2447 5059 inquit,
2481 4992 2852 5062 omnipotens,
2881 4996 2973 5063 qui
3012 4979 3122 5047 non
3149 5002 3359 5049 tantum
3410 4996 3635 5067 jumen-

2052 5084 2124 5138 tis
2176 5085 2449 5154 pullisque
2500 5091 2813 5141 corvorum
2850 5073 3329 5155 invocantibustc,
3359 5089 3453 5143 sed
3482 5092 3653 5155 omni,

2054 5175 2221 5229 etiam
2276 5166 2807 5232 carni:das"escam
2862 5194 3046 5246 suam;
3112 5180 3204 5249 qui
3256 5194 3354 5247 per
3416 5181 3631 5234 visrcra

2050 5264 2446 5320 misericordia:
2474 5258 2599 5331 tuae,
2618 5283 2718 5337 per
2745 5268 2973 5322 multam
3002 5262 3287 5323 bonitatis
3309 5274 3416 5321 tua:
3472 5269 3630 5341 abys-

2048 5372 2192 5420 sum,
2223 5359 2472 5428 pauculis
2498 5361 2733 5430 panibus
2766 5361 3025 5415 saturasti
3075 5357 3365 5414 hominum
3417 5362 3586 5415 millia
3613 5377 3627 5415 :

2048 5448 2169 5503 haec
2187 5466 2408 5521 quoque
2441 5468 2611 5521 pauca
2644 5452 2906 5507 frumenti
2937 5453 3161 5523 granula
3222 5453 3527 5522 multiplica
3559 5454 3629 5507 ad

2057 5542 2527 5614 gloriam'laudis,‘
2545 5546 2609 5599 ad
2634 5546 2928 5615 gratiarum
2974 5546 3246 5604 actionem
3310 5545 3521 5617 populi,
3560 5545 3630 5599 ad

2053 5637 2397 5708 majestatem
2428 5638 2666 5693 neminis
2715 5638 2817 5692 tui.
3370 5660 3373 5663 -

2174 5916 2240 5939 ,γ-ἂ.
2280 5933 2551 5947 ,,ων“,γγ,η
2680 5930 2685 5933 -
2826 5940 2909 5951 μ...
3584 5933 3618 5941 ο·
