3944 6542
1517 262 1599 289 διι.
1640 271 1650 283 .

368 390 504 453 3i07

1594 390 1656 449 S.
1697 387 2077 450 SYMEONIS
2112 387 2255 449 JUN
2269 386 2475 447 IORIS

3508 386 3655 454 3108

442 500 565 556 150.
587 501 666 555 lta
689 506 967 570 precatus,
1003 495 1274 552 carbones
1298 496 1585 567 poposcit;
1646 512 1807 568 quos,
1853 497 1951 552 ubi

2126 497 2224 568 ρλ’.
2261 497 2444 551 Ταῦτα
2461 494 2925 568 προσευξάμενος,
2941 497 3037 552 xui.
3048 497 3331 571 ἄνθρακας
3355 499 3654 571 ἐνεχθῆναι

368 599 609 655 sullitum
642 597 928 667 in’jccerat,
960 593 1115 648 fratri
1150 591 1395 647 Antonio
1417 608 1526 646 una
1548 607 1675 647 cum
1708 591 1954 663 granulis

367 692 424 745 in
456 702 651 743 manus
673 686 863 750 tradit,
886 693 942 739 et
980 700 993 738 :
1022 682 1193 749 Vade,
1230 683 1429 753 inquit,
1454 682 1634 739 suliito
1664 684 1949 750 horreum,

367 789 532 851 atque
556 777 817 851 projectis
846 776 973 831 istic
1000 775 1155 830 hisce
1191 774 1467 845 granulis,
1505 773 1722 829 ﬁrmato
1744 774 1950 830 ostium

368 890 434 929 ac
463 871 733 928 recedito.
765 869 920 925 Fecit
951 870 998 924 is
1031 878 1093 923 ut
1123 868 1457 937 imperatum
1498 874 1650 922 erat:
1684 867 1953 938 postridie

367 973 551 1020 autem
576 965 757 1034 primo
775 962 1024 1016 diluculo
1046 959 1226 1014 eidem
1246 974 1276 1013 a
1305 958 1586 1031 Symeone
1611 959 1950 1029 praecipitur,

366 1057 434 1110 ad
467 1057 729 1110 horreum
787 1052 998 1117 redeat,
1026 1052 1249 1106 visurus
1302 1066 1414 1120 quo
1469 1066 1559 1105 res
1590 1050 1953 1106 frumentaria

367 1149 489 1203 loco
517 1149 622 1202 sit:
665 1154 897 1201 noverat
919 1144 1125 1215 quippe
1182 1159 1377 1214 preces
1426 1160 1555 1199 suas
1600 1159 1951 1214 nequaquam

367 1240 586 1294 steriles
617 1239 758 1293 fore.
798 1237 901 1292 lvit
920 1238 1110 1309 jussus
1135 1237 1322 1306 (quam
1352 1235 1755 1306 inexplicabilis
1794 1234 1953 1289 boni-

369 1344 451 1387 tas
487 1340 614 1395 tua,
646 1330 928 1400 Christe!)
959 1346 1023 1385 ac
1059 1329 1269 1398 reperit
1314 1328 1575 1382 horreum
1625 1325 1949 1398 oppletissi-

364 1440 515 1478 mum
556 1424 856 1487 frumento,
891 1421 1170 1476 fructibus
1203 1436 1331 1475 vere
1350 1420 1503 1475 citra,
1525 1419 1793 1483 laborem,
1814 1420 1952 1474 citra

365 1533 550 1572 semen
616 1516 1031 1571 occasionemve
1072 1512 1388 1579 natis;sola
1432 1512 1681 1567 oratione
1739 1511 1953 1580 agrico-

375 1609 635 1663 lationem
658 1618 713 1663 et
738 1606 1199 1663 stercorationem
1226 1604 1536 1675 supplente.
1570 1602 1721 1674 Opus
1752 1603 1807 1658 id
1846 1604 1951 1658 fuit

368 1701 518 1755 illius
547 1701 793 1770 profecto
828 1714 1044 1765 manus,
1103 1713 1227 1767 quae
1284 1696 1599 1768 prodigium
1654 1696 1711 1750 in
1756 1697 1951 1751 multi-

364 1790 657 1860 plicatione
688 1805 893 1859 panum
922 1798 1147 1859 operata
1203 1799 1323 1853 est;
1361 1804 1486 1857 qua:
1538 1788 1594 1842 in
1646 1789 1948 1843 solitudine

2056 588 2358 653 κελεύσας,
2390 587 2642 659 θυμίαμά
2670 605 2734 641 τε
2774 588 2984 653 τούτοις
3030 590 3328 655 ἐπιϐαλὼν,
3361 594 3457 645 καὶ
3508 592 3653 662 μετὰ

2054 680 2164 735 τῶν
2192 684 2411 734 κόκκων
2442 680 2522 751 τῷ
2552 678 2768 750 ἀδελφῷ
2817 680 3149 752 ἐγχειρίσας,
3197 682 3479 735 ’Λπελθὼν
3500 723 3514 744 ,
3545 684 3653 736 Θυ-

2059 771 2253 839 μίασον
2282 772 2340 824 ἐν
2371 769 2449 841 τῷ
2470 768 2677 836 σιτῶνι,
2704 769 2830 841 ἐφη,
2858 771 2954 824 καὶ
2970 772 3192 836 τούτους
3226 773 3286 827 ἐν
3313 773 3465 843 αὐτῷ
3493 774 3651 846 διαρ-

2056 863 2241 934 ρίψας,
2256 863 2353 926 τὰς
2367 861 2431 915 Θύ
2439 880 2540 934 ρας
2561 863 2771 927 ἐπιθεὶς
2789 864 3166 936 ἀναχώρησον.
3183 866 3242 920 '0
3261 866 3363 937 μὲν
3376 862 3474 920 οὖν
3489 866 3649 938 ἑδρα-

2057 973 2148 1009 σεν
2178 955 2255 1019 ὡς
2286 955 2682 1025 προστέτακτο.
2711 955 2825 1024 Τῆς
2857 955 3117 1025 ἐπιούσης
3146 957 3277 1025 περὶ
3292 956 3523 1028 πρώτην
3545 958 3648 1021 ξω,

2054 1047 2357 1119 ἐπιτραπὲν
2384 1046 2540 1109 αὖθις
2566 1046 2716 1118 αὑτῷ
2757 1047 2911 1120 παρὰ
2944 1047 3035 1101 τοῦ
3066 1047 3293 1119 Συμεὼν
3321 1048 3413 1103 τὸν
3439 1050 3649 1104 σιτῶνα

2060 1142 2187 1195 ἰδεῖν
2224 1143 2374 1205 ὅπως
2404 1140 2515 1211 ἔχοι
2549 1140 2690 1212 (ᾔδει
2719 1141 2829 1211 γὰρ
2876 1143 2977 1195 οὑκ
3003 1141 3197 1209 ἄγονον
3228 1144 3437 1207 ἐκεῖνος
3489 1143 3642 1214 αὐτῷ

2052 1235 2153 1305 τὴν
2205 1233 2374 1305 εὐχὴν
2429 1233 2748 1305 ἐσομένην),
2775 1233 3028 1287 ἀπελθὼν
3070 1234 3191 1305 (τῆς
3254 1236 3642 1306 ἀνεκφράστου

2056 1342 2173 1390 σου,
2205 1325 2405 1395 Χριστὲ
2446 1325 2688 1395 βασιλεῦ,
2719 1326 3086 1397 χρηστότητος
3107 1326 3149 1396 ί)
3177 1328 3427 1399 εὑρίσκει
3450 1329 3644 1384 τοῦτον

2056 1416 2203 1468 σίτου
2240 1415 2426 1485 σαφῶς
2452 1416 2893 1488 ὑποπλησμένον,
2918 1418 3152 1490 καρπῶν
3183 1420 3442 1491 ἁμόχθων
3471 1421 3643 1487 ὅντως

2054 1508 2151 1561 καὶ
2182 1507 2439 1579 ἀσπόρων
2464 1508 2561 1563 καὶ
2586 1510 2892 1581 ἀνηρότων,
2926 1511 3097 1582 μόνης
3127 1512 3299 1583 εὐχῆς
3328 1516 3637 1584 γεωργίων,

2054 1601 2149 1653 καὶ
2178 1601 2278 1671 τῆς
2335 1600 2587 1655 ἐντεῦθεν
2636 1602 2941 1673 ποιότητος,
2974 1603 3137 1675 ἔργον
3175 1606 3361 1676 χειρὸς
3391 1602 3639 1677 ἀκριῦῶς

2054 1693 2292 1763 ἐκείνης,
2325 1687 2395 1764 ἦς
2444 1694 2505 1746 τὸ
2548 1694 2691 1748 κατὰ
2736 1696 2864 1758 τοὺς
2916 1695 3122 1765 ἄρτους
3166 1696 3355 1767 θαῦμα
3384 1698 3542 1773 καὶὴ
3574 1701 3635 1752 ἐν

2056 1786 2248 1857 ἐρήμῳ
2306 1786 2576 1856 τράπεζα,
2611 1786 2673 1839 τό
2728 1803 2789 1839 τε
2852 1787 2912 1851 ἐξ
2959 1787 3191 1855 ούρανοῦ
3228 1780 3436 1859 μάννα,
3479 1792 3571 1844 καὶ
3601 1794 3635 1861 ἡ

366 1900 611 1938 mensam
642 1883 902 1937 instruxit
928 1899 943 1949 ;
971 1898 1093 1952 qum
1118 1897 1320 1935 manna
1343 1880 1412 1934 de
1441 1882 1582 1935 caelo
1615 1882 1794 1951 pluit;
1825 1897 1947 1950 qua:

2056 1877 2159 1931 ἀπὸ
2222 1879 2450 1947 στερεᾶς
2507 1878 2719 1949 πέτρας
2774 1878 2873 1950 οὑχ
2921 1878 3116 1944 ὕδατος
3146 1880 3331 1951 μόνον,
3366 1882 3507 1937 ἀλλὰ
3543 1860 3635 1937 καί

362 1991 428 2029 ex
451 1976 600 2030 arida
630 1984 808 2045 petra,
844 1990 954 2029 nou
981 1976 1157 2029 solum
1180 1990 1357 2044 aqum,
1389 1973 1484 2028 scd
1522 1974 1696 2044 ipsius
1726 1989 1947 2044 quoque

364 2069 541 2123 mellis
561 2068 767 2123 fontem
792 2068 1006 2124 elicuit.

436 2161 893 2232 1'51.Discipulus
920 2161 1112 2232 igitur,
1149 2160 1404 2216 miraculi
1439 2160 1819 2231 magnitudine
1844 2159 1946 2215 ob—

364 2254 725 2324 stupefactus,
756 2254 1037 2309 curriculo
1061 2253 1128 2309 ad
1184 2254 1506 2324 magistrum
1550 2262 1838 2323 properat,
1891 2252 1946 2307 id

367 2346 515 2417 quod
542 2346 745 2400 factum
772 2355 895 2401 erat
924 2348 1299 2401 annuntians:
1325 2345 1420 2415 qui
1453 2361 1576 2399 mox
1603 2360 1729 2400 cum
1784 2343 1951 2400 disci-

364 2439 510 2508 pulis
547 2438 768 2505 publice
823 2452 1010 2492 coram
1034 2439 1147 2492 Deo
1223 2437 1376 2492 ﬂexit
1426 2452 1627 2507 genua,
1662 2437 1948 2491 incensum

363 2531 584 2595 obtulit,
613 2530 959 2585 Dominicam
1013 2530 1326 2585 orationem
1372 2528 1652 2593 recitavit,
1705 2527 1951 2583 caelesti-

363 2636 471 2689 que
499 2620 758 2675 invocato
786 2620 947 2674 Patre
974 2618 1224 2691 (quicum
1259 2618 1363 2689 ipsi
1397 2618 1470 2674 ob
1524 2619 1770 2689 insignes
1831 2618 1950 2673 vir-

364 2721 511 2767 tutes
526 2711 895 2776 familiaritas,
918 2712 1097 2780 qualis
1131 2710 1302 2766 [ilium
1339 2710 1519 2775 decet,
1551 2710 1947 2777 intercedebat,

364 2802 630 2872 cujusque
654 2801 882 2856 liberale
902 2800 1109 2855 donum
1125 2816 1366 2870 praesens
1381 2800 1760 2857 munificentia
1777 2802 1950 2872 erat),

365 2894 558 2964 dignas
599 2892 650 2946 ei
682 2908 781 2961 pro
820 2900 972 2947 tanto
1020 2891 1295 2947 beneficio
1350 2892 1556 2962 gratias
1603 2894 1947 2963 persolvens,

364 2992 531 3053 atque
584 2983 932 3053 prazcipiens,
959 2982 1183 3039 easdem
1224 2983 1456 3055 singulis
1501 2984 1727 3040 Sabbati
1754 2985 1952 3041 diebus

366 3079 422 3130 in
474 3076 675 3130 horreo
710 3075 898 3130 iterari
934 3075 1315 3141 caeremonias,
1369 3076 1686 3147 similesque
1730 3077 1953 3133 benefa-

2050 1966 2215 2022 αὑτοῦ
2246 1968 2460 2038 μέλιτος
2489 1966 2696 2037 βλύσις.

2127 2152 2257 2222 ρλα’.
2300 2151 2357 2206 '0
2382 2150 2632 2223 μαθητὴς
2652 2150 2833 2207 τοίνυν
2851 2151 2930 2224 τῷ
2952 2153 3046 2207 τοῦ
3078 2152 3359 2227 Θαύματος
3416 2160 3633 2229 μεγέθει

2051 2244 2444 2313 καταπλαγεὶς,
2479 2245 2731 2315 πρόσεισι
2777 2245 2857 2317 τῷ
2887 2246 3195 2319 διδασκάλῳ
3240 2250 3541 2322 δρομαίως,
3570 2254 3634 2307 τὸ

2050 2338 2275 2407 γεγονὸς
2306 2337 2667 2407 ἀπαγγέλλων
2686 2354 2701 2371 ο
2744 2338 2842 2394 καὶ
2880 2339 2940 2404 ὃς
2987 2342 3166 2395 κοινὸν
3207 2343 3349 2413 μετά
3379 2344 3634 2415 μαθητῶν

2049 2429 2170 2501 Θεῷ
2197 2431 2329 2499 γόνυ
2377 2430 2585 2497 κλίνας,
2618 2432 2876 2504 θυμίαμά
2916 2451 2979 2487 τε
3016 2437 3409 2507 προσαγαγὼν,
3448 2439 3631 2510 τήντε

2051 2522 2388 2595 Δεσποτικὴν
2416 2523 2584 2595 εὐχὴν
2612 2527 3078 2598 προσευξάμενος,
3121 2529 3216 2584 καὶ
3248 2530 3341 2583 τὸν
3384 2532 3444 2585 ἐν
3469 2532 3634 2603 ούρα-

2051 2619 2161 2681 νοῖς
2207 2618 2431 2688 Πατέρα
2457 2618 2695 2682 καλέσας
2734 2619 2892 2690 (πρὸς
2939 2619 2999 2673 ὃν
3043 2620 3133 2674 διὰ
3173 2622 3275 2692 τῆς
3320 2622 3631 2691 ὑπερφυοῦς

2050 2709 2253 2780 ἀρετῆς
2267 2708 2391 2780 ἔσχε
2406 2711 2507 2782 τὴν
2523 2709 2626 2781 υίῷ
2640 2715 3024 2782 προσήκουσαν
3035 2714 3231 2768 oin-.6:
3239 2733 3368 2786 ητα,
3381 2717 3478 2769 καὶ
3489 2710 3548 2770 οὗ
3559 2716 3632 2770 δό-

2052 2818 2137 2864 σις
2163 2800 2341 2873 ἀγαθὴ
2368 2800 2439 2855 τὰ
2455 2803 2745 2873 παρόντα),
2764 2805 3017 2859 τοσούτου
3048 2823 3108 2858 τε
3128 2809 3458 2877 πράγματος
3475 2808 3632 2874 ἀξίως

2052 2892 2477 2964 εὐχαριστήσας,
2509 2892 2605 2947 καὶ
2643 2893 2815 2957 οὕτως
2848 2896 2950 2949 ἀνὰ
2980 2897 3072 2950 τὸν
3105 2897 3303 2951 σιτῶνα
3332 2899 3467 2971 δρᾷν
3506 2901 3629 2954 ἐκά-

2054 3002 2181 3039 στου
2215 2985 2491 3039 Σαϐϐάτου
2516 2988 2629 3049 τοῖς
2650 2986 2898 3055 ἀδελφοῖς
2924 2991 3320 3058 παραγγείλας,
3345 2994 3442 3046 καὶ
3466 2992 3632 3047 τοιαύο

2052 3093 2152 3144 την
2204 3076 2552 3147 εὐχαριστίαν
2606 3076 2934 3143 ἀποδιδόναι,
2987 3081 3295 3135 ἐντέλλεται
3350 3084 3413 3138 τὸ
3458 3084 3630 3141 λοιπὸν

366 3168 504 3222 ctori
549 3168 751 3238 gratias
796 3166 989 3232 reddi;
1035 3166 1316 3222 mandavit
1369 3176 1430 3222 ut
1476 3168 1765 3238 pinsendis
1800 3170 1952 3239 pani-

2056 3168 2242 3230 αὑτοῖς
2284 3169 2594 3239 ἀρτοποιεῖν
2634 3171 2734 3241 τὴν
2777 3172 2934 3240 χεῖρα
2965 3172 3239 3242 μηδέποτε
3286 3176 3627 3246 παυομένοις,

366 3258 472 3314 bus
520 3260 720 3315 darent
761 3275 1010 3331 operam,
1060 3275 1163 3315 nec
1201 3259 1271 3314 ab
1316 3261 1537 3330 incepto
1585 3276 1826 3331 unquam
1855 3261 1953 3316 de-

367 3350 647 3417 sisterent,
679 3366 955 3406 memores
978 3367 1197 3421 semper
1217 3351 1477 3407 salutaris
1502 3352 1651 3407 illius
1673 3352 1954 3422 praecepti,

368 3442 516 3512 quod
550 3442 833 3497 Christum
861 3443 915 3497 in
946 3442 1214 3498 fratribus
1241 3443 1361 3498 vult
1390 3443 1560 3513 pasci.
1589 3444 1671 3497 llli
1690 3459 1748 3499 se
1773 3444 1958 3499 accin-

368 3545 507 3605 gunt
540 3534 719 3604 operi,
769 3550 872 3590 nec
899 3535 1188 3604 patiuntur
1231 3536 1487 3591 manibus
1517 3536 1692 3590 ullum
1733 3551 1764 3590 a
1799 3536 1955 3593 subi-

370 3627 547 3696 genda
594 3626 773 3680 farina
802 3626 978 3681 otium
1008 3627 1237 3682 concedi
1286 3628 1382 3681 diu
1412 3637 1725 3696 noctuque;
1760 3626 1956 3683 diebus

370 3719 516 3771 enim
555 3719 611 3773 in
661 3719 849 3775 labore
900 3721 1195 3776 transactis
1233 3721 1714 3792 conjungebantur
1742 3730 1952 3788 noctes,

370 3809 722 3881 faciebatque
759 3812 990 3867 candela
1019 3822 1077 3867 ut
1099 3813 1209 3868 diei
1232 3813 1437 3869 lumine
1464 3829 1605 3884 opus
1631 3814 1955 3885 neutiquam

372 3901 704 3973 indigerent.
757 3904 895 3959 Cum
968 3914 1151 3961 autem
1212 3914 1291 3961 tot
1341 3907 1408 3961 ad
1455 3916 1706 3963 sanctum
1758 3909 1955 3973 turbae,

370 4002 427 4048 ct
469 3995 655 4063 plures
687 4005 851 4066 atque
896 3998 1085 4067 plures
1138 4000 1192 4053 in
1233 3999 1353 4055 dies
1397 3999 1776 4056 conﬂuerent:
1819 4001 1955 4056 illud

369 4084 536 4139 etiam
575 4088 750 4158 magis
777 4087 1010 4144 fortasse
1063 4090 1328 4159 przedicto
1370 4091 1637 4147 miraculo
1677 4091 1957 4147 admiran-

370 4173 502 4229 dum
554 4178 725 4244 venit,
756 4179 905 4249 quod
946 4180 1285 4236 frumentum
1330 4181 1462 4236 illud
1492 4192 1614 4241 tam,
1645 4183 1823 4252 plenis
1843 4199 1957 4239 ma-

369 4272 535 4326 nibus
558 4270 824 4336 ablatum,
850 4270 1304 4343 infinitorumque
1326 4274 1611 4329 hominum
1643 4275 1955 4331 necessitati

372 4362 708 4432 impensum,
745 4361 1110 4418 nihilominus
1157 4379 1257 4434 per
1304 4373 1415 4419 tres
1446 4363 1742 4421 continuos
1778 4380 1954 4422 annos

369 4451 673 4505 suffecerit.

2057 3259 2173 3312 ἀλλ’
2213 3259 2299 3313 ἀεὶ
2333 3259 2432 3330 τῆς
2471 3261 2746 3331 μακαρίας
2787 3261 2993 3335 ταύτης
3033 3265 3126 3317 καὶ
3154 3265 3392 3334 Χριστὸν
3417 3267 3506 3321 διὰ
3531 3268 3631 3320 τῶν

2057 3348 2303 3419 ἀδελφῶν
2332 3349 2642 3421 τρεφούσης
2675 3352 2896 3425 ἐντολῆς
2934 3354 3235 3425 ἐχομένοις.
3271 3356 3385 3421 Τάς
3417 3358 3517 3426 μὲν
3547 3353 3631 3413 οὖν

2056 3444 2244 3512 χεῖρας
2271 3440 2395 3495 οὔτε
2424 3443 2608 3514 ήμέρα
2649 3444 2769 3515 ἵστη
2816 3446 2916 3514 τῆς
2958 3447 3279 3517 ἀρτοποιίας
3339 3452 3445 3514 τοῖς
3485 3451 3631 3504 ἀδελ-

2058 3535 2198 3602 φοῖς,
2231 3532 2355 3587 οὔτε
2391 3534 2507 3601 νὺξ,
2533 3535 2671 3590 ἀλλὰ
2708 3536 2804 3590 καὶ
2840 3537 3031 3599 νύκτες
3067 3540 3268 3610 μᾶλλον
3310 3544 3441 3613 περὶ
3474 3544 3633 3615 αὐτὴν

2057 3625 2411 3696 πονουμένοις
2447 3626 2684 3698 ἡμέραις
2713 3630 3065 3700 συνήπτοντο,
3099 3636 3195 3686 καὶ
3224 3634 3286 3687 τὸ
3320 3634 3423 3704 τῆς
3450 3636 3632 3701 νυκτὸς

2057 3717 2218 3789 ἔργον
2241 3721 2268 3772 ὁ
2290 3718 2481 3790 λύχνος
2505 3719 2600 3773 τοῦ
2633 3721 2734 3791 τῆς
2766 3721 2980 3794 ⁴ήμέροις
3008 3726 3185 3793 φωτὸς
3206 3730 3471 3799 παρεῖχεν
3492 3729 3633 3783 οὐδὲν

2058 3811 2253 3866 ἐνδέον.
2303 3813 2559 3868 Τοσοῦτοι
2608 3815 2760 3886 παρά
2803 3814 2894 3869 τὸν
2922 3817 3077 3885 ἅγιον
3116 3818 3285 3889 ὄχλοι,
3341 3822 3436 3875 καὶ
3469 3822 3634 3886 οὑτως

2056 3903 2293 3976 ἀριθμοῦ
2325 3906 2606 3976 κρείττους
2646 3908 2735 3961 ἀεὶ
2781 3911 3091 3981 συνέρρεον,
3125 3911 3155 3965 ὃ
3185 3913 3282 3967 καὶ
3315 3912 3409 3967 τοῦ
3436 3915 3628 3986 προλαο

2058 3995 2242 4059 δόντος
2272 3996 2413 4067 τάχα
2447 3998 2891 4071 παραδοξότερον,
2932 4003 3016 4056 ὅτι
3060 4003 3155 4057 καὶ
3208 4002 3382 4068 οὕτως
3432 4006 3461 4058 6
3494 4008 3628 4070 σῖτος

2056 4088 2263 4152 ἐκεῖνος
2316 4089 2465 4154 ὅλαις
2518 4091 2709 4162 χερσὶν
2754 4093 3183 4166 ἐκφορούμενος,
3225 4098 3321 4149 καὶ
3348 4097 3629 4161 τοσαύταις

2056 4180 2314 4251 ἐπαρκῶν
2351 4184 2633 4253 μυριάσιν,
2663 4185 2812 4254 ὅμως
2844 4188 2938 4240 καὶ
2966 4189 3048 4250 είς
3078 4187 3265 4260 τρίτον
3299 4186 3431 4261 ἑξῆς
3452 4191 3624 4245 ἐνιαυ-

2056 4271 2146 4326 τὸν
2176 4273 2400 4345 ήρκεσε.

441 4542 563 4596 152.
606 4541 738 4596 Post
788 4540 905 4598 haec
935 4542 1160 4599 humani
1208 4546 1428 4617 generis
1467 4547 1664 4616 hostis,
1708 4551 1950 4621 priorem

2130 4548 2260 4620 ρλβ’.
2294 4549 2450 4605 Μετὰ
2479 4550 2536 4605 δὲ
2573 4550 2747 4607 ταῦτα
2773 4554 2870 4623 τῆς
2902 4556 3176 4628 προτέρας
3196 4557 3376 4630 πάλης
3401 4559 3628 4632 ἀναμνηο

371 4647 526 4687 suam
553 4648 678 4687 cum
716 4632 986 4704 Symcone
1020 4635 1227 4691 luctam
1266 4640 1611 4707 recordatus,
1636 4651 1730 4696 aut
1762 4642 1950 4713 potius

370 4725 651 4794 antiquam
685 4725 895 4781 cladem
933 4743 1189 4796 reparare
1223 4731 1479 4799 cupidus,
1501 4749 1670 4787 unum
1711 4748 1743 4789 e
1768 4733 1952 4790 fratri-

371 4811 475 4866 bus
492 4812 819 4879 invadit,vel
834 4816 1026 4883 allicit,
1041 4826 1135 4871 aut
1149 4820 1304 4888 quasi
1322 4820 1564 4876 vinctum
1584 4824 1772 4886 trahit,
1786 4841 1951 4895 quem

372 4914 562 4975 aptum
596 4905 869 4976 imprimis
899 4910 1158 4979 pessimis
1186 4911 1302 4967 suis
1327 4915 1831 4973 machinationibus
1862 4934 1952 4973 rc-

372 4997 623 5066 pcriebat
644 5039 660 5063 ,
687 4998 909 5055 natione
926 5001 1199 5066 lsaurum,
1223 5007 1640 5063 nomenclatura
1661 5009 1949 5080 Angulam,

372 5088 519 5157 quod
566 5088 751 5159 lingua
804 5089 1026 5161 Syriaca
1091 5095 1307 5166 pigrum
1364 5097 1716 5170 interpretari
1771 5102 1951 5156 aiunt.

374 5177 529 5232 llaud
556 5187 756 5234 tamem
802 5181 918 5237 scio
953 5193 1139 5240 utrum
1182 5186 1237 5241 id
1296 5188 1348 5244 ei
1398 5191 1638 5247 nominis
1676 5192 1836 5247 initio
1882 5194 1955 5249 sit

375 5270 633 5333 inditum,
684 5272 834 5343 quod
899 5283 1089 5345 postea
1153 5279 1426 5349 ejusmodi
1476 5281 1654 5338 factus
1694 5293 1819 5351 est;
1883 5301 1954 5339 an

372 5361 574 5416 deinde
598 5362 958 5420 conformiter
988 5369 1255 5437 operibus
1283 5370 1336 5425 id
1392 5372 1499 5427 sibi
1530 5376 1951 5444 comparaverit.

375 5452 532 5508 lianc
563 5454 731 5525 igitur
763 5455 1045 5528 ingressus
1077 5461 1445 5530 cacodzemon,
1480 5466 1792 5521 universam
1840 5468 1953 5523 fra-

377 5554 518 5600 trum
568 5548 1020 5604 communitatem
1055 5566 1154 5621 per
1202 5552 1383 5623 ipsum
1415 5556 1655 5612 concitat
1689 5558 1956 5617 adversus

373 5648 653 5705 sanctum;
698 5640 793 5710 qui
843 5642 1052 5711 pariter
1101 5643 1283 5713 posita
1314 5648 1649 5704 verecundia
1691 5665 1757 5705 ac
1802 5666 1957 5708 reve-

375 5728 550 5782 rentia
600 5728 779 5799 ipsum
822 5732 1091 5789 adeuntes
1137 5736 1316 5803 :Qua:
1358 5736 1461 5792 ista
1514 5747 1629 5803 tua,
1672 5738 1952 5809 inquiunt,

376 5829 482 5874 tam
521 5836 687 5891 supra
733 5823 957 5879 modum
1006 5826 1179 5883 eliusa
1239 5830 1670 5887 misericordia?
1726 5832 1952 5896 ubinam

2058 4642 2204 4706 οθεὶς
2234 4645 2263 4696 6
2295 4644 2507 4714 ἐχθρὸς,
2560 4644 2593 4715 ἢ
2645 4646 2747 4716 τὴν
2799 4647 3036 4703 παλαιὰν
3070 4650 3396 4718 φιλονεικῶν
3439 4653 3627 4722 μᾶλλον

2055 4736 2496 4791 ἀνακαλέσασθαι
2538 4732 2729 4810 ἧτταν,
2773 4741 3065 4796 ὑποδύεται
3088 4743 3200 4795 τῶν
3237 4743 3484 4815 ἀδελφῶν
3515 4747 3623 4813 ενα,

2055 4827 2089 4895 ἢ
2124 4829 2442 4894 ἐπισπᾶται,
2468 4829 2500 4899 ἢ
2533 4829 2819 4899 ἐπάγεται,
2840 4832 3056 4896 οίκείως
3078 4834 3255 4903 ἑαυτῷ
3273 4834 3474 4907 δηλαδή
3496 4839 3626 4907 πρὸς

2058 4919 2415 4990 κακοτεχνίαν
2458 4920 2635 4992 εὑρὼν
2665 4922 2877 4992 ἔχοντα,
2914 4925 3166 4995 Ἰσαυρον
3198 4926 3260 4979 τὸ
3297 4928 3474 4995 γένος,
3515 4931 3631 4998 ’Ᾱγο

2056 5012 2257 5082 γουλᾶν
2304 5013 2404 5084 τὴν
2452 5014 2841 5088 προσηγορίαν,
2873 5016 2902 5069 ὃ
2948 5020 3013 5089 τῇ
3056 5018 3164 5072 τῶν
3202 5018 3391 5090 Σύρων
3420 5022 3628 5094 γλώττῃ

2057 5104 2191 5172 φασὶ
2214 5103 2306 5157 τὸν
2329 5105 2559 5176 ὀκνηρὸν
2587 5106 2965 5177 ὀνομάζεσθαι.
2999 5112 3113 5164 Ούκ
3159 5107 3298 5180 οἶδα,
3334 5114 3447 5169 εἴτε
3479 5115 3631 5171 τοῦτο

2056 5196 2157 5265 τὴν
2183 5195 2359 5267 ἀρχὴν
2389 5196 2678 5268 κληθέντα,
2708 5199 2737 5251 δ
2770 5200 2909 5270 μετά
2930 5200 3104 5256 ταῦτα
3132 5205 3369 5272 γεγόνει,
3403 5208 3499 5260 καὶ
3524 5210 3632 5269 τοῖς

2057 5286 2237 5357 ἐργοις
2274 5288 2374 5357 τὴν
2407 5288 2598 5360 κλῆσιν
2632 5289 2859 5363 ὕστερον
2895 5296 2960 5363 τῇ
2999 5292 3198 5363 πράξει
3238 5297 3627 5365 μεταϐαλόντα,

2057 5379 2153 5431 καὶ
2182 5379 2516 5448 κατάλληλον
2558 5383 2671 5445 τοῖς
2703 5382 2884 5454 ἐργοις
2916 5385 3301 5458 ἁρμοσάμενον
3328 5388 3429 5460 τὴν
3466 5407 3633 5461 προσ-

2057 5471 2305 5542 ηγορίαν.
2354 5472 2554 5525 Τοῦτον
2595 5477 2883 5546 τοιγαροῦν
2921 5480 2949 5532 ὁ
2980 5479 3174 5551 ἐχθρὸς
3203 5481 3425 5549 ὑποδὺς,
3459 5486 3634 5538 πᾶσαν

2057 5653 2282 5725 ἀναίδην
2305 5656 2453 5727 αὑτῷ
2480 5658 2891 5727 προσελθόντες,
2923 5664 3016 5727 Τίς
3047 5666 3079 5734 ή
3112 5668 3348 5735 τοσαύτη
3380 5669 3473 5722 καὶ
3497 5669 3633 5723 οὕτω

2058 5744 2202 5816 πέρα
2255 5747 2350 5800 τοῦ
2383 5749 2629 5819 μετρίου,
2660 5755 2843 5821 φασὶν,
2882 5754 3252 5828 ἐλεημοσύνη;
3298 5759 3400 5813 ποῦ
3435 5760 3493 5813 δὲ
3528 5761 3631 5814 τῶν

2063 5835 2222 5907 ἱερῶν
2252 5839 2417 5895 οἴκων
2447 5840 2482 5913 ἢ
2511 5845 2941 5918 φροντιστηρίων
2967 5846 3147 5918 ψυχῆς
3175 5848 3388 5906 τοιοῦτό
3409 5869 3458 5906 τι
3488 5853 3620 5922 γινό-
