3988 6498
202 360 347 426 3109

1204 349 1381 411 VITA
1422 349 1469 406 Α
1509 341 1949 407 NICEPIIORO
1988 337 2477 401 CONSCItIPl‘A.

3332 322 3474 388 3110

204 490 373 547 μενον
405 470 563 541 ἴσμεν
589 485 603 534 ;
635 467 754 538 οὐχὶ
784 464 878 521 καὶ
901 463 1063 525 αὐτὸς
1104 462 1163 516 ὲν
1194 457 1588 531 Ἱεροσολύμοις
1618 458 1645 509 ὁ
1676 457 1792 508 Κυ-

1922 466 2166 507 errarum
2202 449 2257 504 in
2278 447 2451 504 sacris
2490 444 2750 501 domibus
2778 450 2946 513 atque
2978 439 3262 498 asceteriis
3293 438 3474 497 simile

205 566 399 639 ριακός
422 565 538 617 ἐστι
575 560 767 630 τάφος,
797 552 1230 627 θαυματουργῶν
1260 550 1495 617 ἐξαίσια,
1529 548 1714 619 μήπου
1740 562 1791 598 τι

204 638 613 727 παραπλησίως
659 652 779 722 ἔχον
825 650 941 701 ἐκεῖ
976 648 1087 709 τοῖς
1116 642 1406 716 ἡμετέροις
1443 640 1630 706 ἑστίν;
1672 638 1795 707 ούχὶ

207 751 320 813 πᾶς
352 751 379 802 ὁ
414 745 722 818 προσευχῆς
760 739 1001 814 προσιὼν
1029 739 1190 809 χάριν
1223 737 1256 807 ἢ
1285 733 1600 807 θεραπείας,
1639 730 1793 793 ἰδίαις

207 844 415 915 μᾶλλον
436 843 633 911 χρῆται
655 836 919 897 δαπάναις
938 850 953 900 ;
979 829 1289 885 τούναντίον
1319 826 1418 897 μὲν
1441 820 1533 878 οὖν
1556 823 1676 893 οὐχὶ
1699 822 1795 875 καὶ

203 934 512 1006 προσφέρει
542 931 601 983 το
626 929 769 982 κατὰ
799 926 859 981 δύ
873 941 1067 997 ιαμινς
1100 924 1219 985 πῶς
1245 920 1446 985 τοίνυν,
1484 917 1577 971 καὶ
1604 916 1792 977 πόθεν,

204 1027 239 1098 ἦ
310 1028 473 1097 μέχρι
522 1022 714 1089 πόσου,
751 1019 965 1081 ἑαυτοῖς
1011 1015 1249 1077 καὶτοῖς
1282 1008 1599 1084 προσιοῦσιν
1635 1008 1796 1079 ἡμεῖς

206 1118 597 1189 ὲπαρκέσομεν
620 1129 635 1179 ;

284 1397 424 1468 ρλγ’.
455 1396 519 1449 0i
557 1394 656 1466 μὲν
698 1387 792 1448 οὖν
820 1390 994 1447 ταῦτα
1044 1389 1138 1444 καὶ
1169 1388 1340 1442 πολλὰ
1384 1387 1593 1450 τούτοις
1636 1388 1800 1457 ὃμοια

210 1483 404 1542 εἷπον
463 1488 491 1539 ὁ
543 1487 599 1539 δὲ
650 1485 842 1555 πράως
890 1480 1197 1547 ὑπολαϐὼν,
1251 1480 1363 1550 Τῆς
1413 1478 1655 1548 μεγάλης
1706 1479 1801 1530 καὶ

210 1579 374 1633 τοῦτο
396 1578 488 1631 τοῦ
509 1577 641 1630 Θεοῦ
674 1574 1025 1646 κηδεμονίας,
1045 1574 1171 1641 ἔφη,
1203 1571 1329 1641 περὶ
1355 1572 1521 1641 ἡμᾶς,
1559 1569 1799 1637 ἀδελφοὶ,

204 1659 275 1723 ’τὸ
324 1668 401 1739 μὴ
448 1668 583 1737 πρὸς
617 1663 906 1735 ἀλλοτρίας
933 1666 1119 1734 χεῖρας
1150 1663 1316 1731 ἡμᾶς,
1347 1660 1484 1714 ἀλλὰ
1524 1662 1660 1730 πρὸς
1702 1659 1802 1721 τὰς

212 1762 492 1831 ἡμετέρας
527 1757 727 1828 μᾶλλον
755 1755 973 1827 ἑτέρους
998 1756 1149 1826 ὁρᾷν,
1185 1756 1281 1806 καὶ
1335 1752 1397 1805 τό
1452 1756 1526 1823 μὴ
1554 1753 1702 1815 ὅπως
1736 1751 1802 1804 ἄν

220 1812 270 1831 -η
396 1812 406 1831 ι
473 1812 490 1823 σ
527 1812 539 1828 .
848 1812 860 1827 .
954 1812 970 1818 -
1031 1812 1042 1826 .
1074 1812 1085 1825 .
1137 1812 1146 1820 .
1452 1812 1463 1823 .
1514 1812 1526 1823 .
1684 1812 1695 1815 ι

214 1873 267 1908 τι
319 1856 416 1907 καὶ
473 1852 644 1923 βραχὺ
697 1850 960 1919 λάϐοιμεν
1015 1847 1144 1919 παρ’
1200 1846 1402 1918 ἐτέρων
1456 1848 1651 1912 αἰτεῖν,
1687 1845 1802 1899 ἀλλ’
1835 1812 1875 1865 Β

216 1947 467 2017 ἀφθόνως
502 1943 700 2015 μᾶλλον
751 1941 893 2012 ἔχειν
941 1942 1147 2010 ἑτέροις
1194 1940 1342 2009 ἡμᾶς
1394 1938 1679 2008 ἐπαρκεῖν.
1729 1938 1802 1990 Ού

220 2041 329 2110 γὰρ
365 2039 425 2102 ἐξ
456 2031 531 2092 ὧν
561 2036 715 2089 αὐτοὶ
737 2034 1039 2103 κοπιῶμεν,
1066 2033 1181 2086 ἀλλ’
1207 2032 1267 2096 ἐξ
1296 2025 1370 2085 ὧν
1399 2031 1633 2102 ἀπονητὶ
1672 2029 1807 2099 μᾶλ-

218 2133 310 2185 λον
354 2132 453 2201 τῆς
484 2128 692 2184 ἄνωθεν
723 2126 1093 2197 χρηστότητος
1152 2123 1522 2192 ἀπολαύομεν,
1575 2121 1806 2184 ἐκείνοις

221 2224 563 2296 παρέχομεν,
611 2221 640 2275 ὃ
671 2223 765 2274 καὶ
810 2219 1172 2274 σπουδαστέον
1211 2218 1360 2289 ύμῖν,
1396 2217 1555 2288 εἰπερ
1581 2214 1710 2269 ἄλλο
1755 2232 1807 2268 τι

221 2320 313 2372 διὰ
347 2317 570 2381 παντὸς,
595 2317 688 2370 καὶ
724 2315 904 2384 πάσης
934 2311 1101 2380 ἄλλης
1126 2308 1391 2380 ἐργασίας
1418 2308 1806 2380 προτιμητέον,

222 2410 278 2463 εἴ
290 2411 454 2480 ητῆς
470 2408 677 2462 ἐκείνου
700 2409 850 2479 μέλει
867 2404 1165 2477 θεραπείας
1186 2404 1336 2473 ὑμῖν,
1354 2400 1447 2455 τοῦ
1465 2400 1614 2455 ἔλεον
1634 2400 1810 2454 θέλον⁴

224 2521 317 2566 τος
350 2502 552 2574 μᾶλλον
575 2502 667 2554 καὶ
691 2502 751 2555 οὐ
777 2499 989 2553 θυσίαν.
1029 2496 1176 2567 Πρὸς
1202 2496 1373 2550 ταῦτα
1401 2494 1495 2548 τοῦ
1540 2492 1812 2563 Ἀγγουλᾶ

225 2596 585 2669 πειραθέντος
617 2594 954 2665 ἰταμώτερον
978 2589 1401 2663 ἀποκρίνασθαι,
1435 2586 1587 2650 εἰδὼς
1617 2588 1644 2639 ὁ
1669 2585 1812 2648 θεῖος

226 2690 368 2761 ἀνὴρ
398 2690 464 2742 δι’
493 2687 702 2742 ἐκείνου
739 2686 1106 2741 συσκευάσθαι
1148 2684 1226 2755 τῷ
1256 2683 1435 2754 ἐχθρῷ
1467 2681 1563 2752 τὴν
1593 2681 1812 2733 ἐπιϐου-

226 2784 351 2854 λὴν,
389 2782 723 2852 ἐπιτιμήσας
778 2779 1135 2851 σφοδρότερον
1185 2778 1285 2831 ούκ
1333 2774 1544 2846 ἐκείνῳ,
1576 2772 1711 2828 ἀλλὰ
1736 2772 1813 2843 τῷ

228 2875 298 2928 δι’
329 2873 493 2927 αὑτοῦ
537 2872 737 2944 μᾶλλον
763 2871 992 2934 ἀναιδῶς
1016 2869 1391 2940 φθεγγομένῳ,
1429 2869 1501 2921 Σὺ
1528 2868 1647 2937 μὲν,
1675 2867 1813 2934 ἀγα-

232 2965 347 3027 θοῖς
380 2966 515 3017 πᾶσι
544 2963 767 3032 πολέμιε
796 2962 938 3032 (οὐδὲ
971 2960 1078 3031 γὰρ
1105 2958 1285 3029 ἀγνοῶ
1331 2976 1423 3012 σου
1455 2958 1553 3020 τάς
1571 2955 1815 3024 δολιότη-

230 3056 375 3125 τας),
403 3055 527 3125 ἔφη,
565 3055 657 3106 τὸν
690 3053 1037 3122 ταλαίπωρον
1057 3049 1244 3104 τοῦτον
1264 3046 1620 3111 ὑπεισελθὼν,
1657 3045 1816 3116 θορύ-

1894 543 2027 614 quid
2060 542 2180 596 fieri
2215 537 2615 594 recordamur?
2642 536 2837 590 Nonne
2884 533 3065 604 ipsum
3097 547 3317 603 quoque
3362 532 3475 588 Do-

1896 637 2029 692 mini
2083 634 2401 704 scpulcrum
2452 627 2847 699 Hierosolymis
2905 626 3166 681 inusitata
3215 634 3478 694 operatur

1897 727 2204 784 miracula?
2246 722 2498 794 nunquid
2544 732 2727 776 tamen
2777 719 2902 774 istic
2966 734 3066 787 par
3102 717 3233 772 huic
3274 725 3479 771 nostra:

1895 824 2369 891 eleemosynarum
2412 813 2673 886 largitio?
2714 811 2907 866 Nonne
2954 825 3053 865 sua
3093 809 3229 864 vivit
3270 807 3481 879 quadra

1897 913 2151 986 quisquis
2196 919 2293 966 aut
2328 906 2600 964 orationis
2632 912 2729 959 aut
2776 903 2899 972 opis
2939 915 3107 956 causa
3134 916 3201 955 eo
3228 898 3482 955 accedit?

1900 1011 2011 1065 imo
2047 1006 2197 1079 quod
2250 1013 2443 1061 contra
2486 1010 2592 1067 est,
2650 1013 2835 1053 nonne
2888 995 3011 1050 istic
3056 994 3221 1049 offert
3269 993 3339 1049 de
3378 1007 3482 1048 suo

1899 1111 2168 1172 quantum
2192 1097 2419 1168 potest?
2451 1090 2740 1161 Quomodo
2766 1089 2936 1160 igitur
2968 1102 3071 1141 nos
3097 1094 3153 1140 et
3192 1084 3359 1149 unde,
3388 1092 3485 1138 aut

1899 1209 2189 1267 quousque
2236 1201 2292 1247 et
2322 1189 2483 1244 nobis
2506 1196 2561 1242 et
2586 1181 2978 1240 accedentibus
2999 1194 3102 1234 nos
3148 1176 3486 1234 sullieiemus

1900 1285 2217 1343 annonam?

1974 1376 2269 1433 135.1lzec
2321 1383 2378 1430 et
2430 1372 2518 1428 his
2555 1371 2760 1428 similia
2811 1368 2920 1423 illis
2974 1362 3194 1420 turbide
3228 1358 3485 1425 elocutis,

1904 1472 2093 1529 sedate
2127 1470 2461 1526 subsumens
2495 1474 2737 1528 sanctus,
2766 1462 2847 1517 sic
2894 1459 3016 1515 infit
3044 1477 3056 1512 :
3090 1458 3158 1511 Et
3193 1454 3326 1509 illud
3368 1453 3486 1508 sin-

1906 1563 2114 1637 gularis
2144 1562 2243 1617 Dei
2271 1562 2417 1616 circa
2452 1575 2554 1613 nos
2587 1553 2978 1613 sollicitudinis
2998 1551 3215 1621 signum
3243 1554 3348 1610 est,
3380 1546 3491 1600 fra~

1908 1666 2048 1722 tres,
2095 1654 2244 1725 quod
2275 1668 2386 1707 non
2420 1667 2489 1706 ex
2519 1649 2716 1704 alienis
2746 1645 3002 1701 manibus
3030 1642 3212 1705 nobis,
3244 1638 3339 1694 sed
3367 1638 3491 1693 aliis

1906 1752 2094 1821 potius
2122 1764 2189 1803 ex
2218 1746 2430 1802 nostris
2460 1741 2825 1798 victitandum
2858 1740 2962 1803 sit;
2993 1736 3272 1806 quodque,
3303 1741 3363 1787 ut
3392 1746 3496 1801 pa-

1910 1859 2031 1898 rum
2052 1841 2184 1911 quid
2214 1840 2574 1909 accipiamus,
2609 1835 2845 1890 alienam
2870 1831 3166 1901 implorare
3193 1843 3351 1898 opem
3378 1840 3493 1881 non

1908 1937 2229 1998 debeamus,
2281 1931 2375 1987 sed
2427 1940 2632 1984 tantam
2664 1928 2968 1982 habeamus
3027 1938 3213 1978 rerum
3255 1920 3490 1991 copiam,

1910 2032 1971 2078 ut
2004 2034 2060 2079 et
2095 2021 2312 2079 eacteris
2334 2032 2661 2074 succurrere
2685 2016 2982 2086 possimus.
3008 2013 3199 2082 Neque
3220 2026 3353 2066 vero
3378 2010 3492 2074 illa,

1908 2134 2031 2188 qua:
2064 2132 2326 2171 manuum
2357 2124 2672 2171 nostrarqu
2711 2125 2879 2182 opere
2909 2108 3372 2179 conquisivimus,
3397 2104 3495 2160 sed

1911 2210 2022 2273 illa,
2068 2208 2274 2279 quibus
2318 2208 2456 2263 citra
2503 2206 2750 2260 laborem
2783 2210 3059 2265 nostrum,
3110 2197 3496 2269 suppeditante

1911 2301 2099 2356 divina
2130 2300 2403 2365 bonitate,
2430 2298 2690 2363 fruimur,
2714 2294 3009 2367 egentibus
3027 2292 3323 2364 largimur;
3349 2287 3497 2359 quod

1911 2401 1968 2449 et
2025 2392 2339 2447 faciendum
2409 2390 2570 2445 nobis
2617 2388 2811 2444 sedulo
2857 2401 3076 2458 semper
3137 2391 3222 2439 est
3275 2382 3323 2437 si
3364 2380 3498 2451 quid

1912 2485 2096 2551 aliud;
2141 2493 2199 2539 et
2252 2484 2403 2539 omni
2435 2482 2545 2537 alio
2588 2495 2757 2551 Opere
2788 2477 2966 2549 pluris
3015 2473 3424 2535 aestimandum,
3453 2472 3501 2527 si

1913 2577 2045 2648 quid
2094 2592 2196 2631 nos
2232 2577 2413 2631 cultus
2453 2573 2603 2628 illius
2634 2572 2825 2642 tangit,
2859 2569 2953 2640 qui
2987 2568 3122 2623 dicit
3156 2584 3169 2620 :
3203 2566 3505 2620 Misericor-

1914 2674 2059 2726 diam
2078 2669 2193 2725 volo
2228 2678 2278 2724 et
2296 2686 2400 2723 non
2431 2667 2753 2736 sacriﬁcium
2770 2664 2860 2717 “‘.
2882 2662 3019 2718 Cum
3045 2660 3284 2731 Angulas
3299 2658 3366 2712 ad
3386 2656 3505 2712 bace

1915 2764 2176 2819 incitatus
2218 2758 2595 2817 turbulentius
2654 2771 2981 2827 responsum
3016 2761 3273 2824 pararet,
3303 2763 3509 2820 cogno-

1915 2866 2206 2927 sceretque
2252 2856 2339 2911 vir
2386 2855 2483 2910 Dei
2536 2868 2635 2925 per
2664 2852 2815 2906 illum
2868 2848 3051 2903 moliri
3103 2843 3332 2901 insidias
3379 2856 3507 2898 suas

1917 2951 2247 3012 dazmonem,
2292 2948 2358 3003 ad
2404 2948 2573 3012 hunc,
2606 2943 2981 3015 praetermisso
3021 2940 3189 2995 fratre
3222 2952 3321 3007 per
3349 2936 3508 3006 cujus

1919 3060 1983 3098 os
2032 3039 2408 3097 inverecunde
2459 3038 2631 3092 multa
2678 3034 3001 3096 cﬂ‘utiebat,
3062 3028 3501 3098 increpationem

233 3118 371 3205 οουξ
403 3118 721 3204 σπουδάζεις
771 3141 865 3192 καὶ
910 3118 1156 3210 ταραχὰς
1200 3138 1507 3208 ἐπεγείρειν
1556 3154 1666 3207 μοι,
1694 3136 1815 3189 ἐπεὶ

1922 3134 2159 3205 graviter
2210 3139 2588 3187 convertens:
2638 3129 2743 3189 Tu,
2796 3125 2996 3196 inquit,
3044 3122 3205 3177 bonis
3246 3118 3508 3174 omnibus

230 3233 331 3285 καὶ
370 3230 783 3302 συγκεχώρηται
843 3230 1028 3300 σαφῶς
1087 3229 1315 3284 ἄνωθεν.
1366 3228 1498 3281 Εἶτα
1547 3227 1642 3281 καὶ
1683 3227 1819 3298 πρὸς

232 3324 327 3377 τὸν
392 3323 689 3391 ’Δγγουλάν
752 3322 1134 3394 ἐπιστραφεὶς,
1210 3319 1347 3374 Ἀλλ’
1414 3320 1536 3374 οὐαί
1596 3336 1678 3373 σοι
1744 3318 1819 3389 τῷ

233 3419 501 3488 δυστήνῳ,
533 3417 658 3489 ἔφη,
690 3418 769 3470 ὅτι
805 3415 977 3488 ταύτῃ
1016 3415 1294 3485 συγγενῶς
1321 3414 1461 3486 ἔχων
1490 3414 1723 3484 εὑρέθης
1744 3411 1820 3483 τῷ

234 3511 512 3579 δυσμενεῖ,
539 3509 615 3573 ὡς
651 3509 747 3563 καὶ
770 3508 989 3580 ὀργάνῳ
1041 3526 1122 3563 σοι
1163 3506 1393 3580 χρῆσθαι
1424 3508 1559 3578 πρὸς
1595 3510 1695 3579 τὴν
1723 3524 1821 3561 κα-

236 3602 386 3655 κίαν.
428 3601 586 3670 Ἑξῆς
644 3602 699 3654 δὲ
748 3601 845 3654 καὶ
895 3601 1034 3672 πρὸς
1077 3602 1177 3671 τὴν
1232 3600 1567 3672 ἀδελφότητα
1615 3603 1817 3665 πᾶσαν,

238 3690 634 3761 Κοινωνητέον,
694 3692 882 3757 φησιν,
936 3693 1001 3743 ἐκ
1068 3691 1161 3744 τοῦ
1223 3690 1605 3761 ὑστερήματος
1668 3689 1818 3759 ὑμῖν,

238 3782 481 3850 ἀδελφοὶ,
540 3782 633 3834 καὶ
679 3781 782 3850 τῆς
838 3780 1144 3848 ἀναγκαίας
1208 3782 1398 3854 χρείας
1465 3782 1820 3853 κοινωνητέον

237 3876 353 3938 τοῖς
384 3873 585 3944 ὄχλοις,
619 3874 740 3928 ἐπεὶ
781 3873 881 3929 οὐκ
922 3874 1080 3943 ὀλίγα
1118 3875 1248 3946 ὑμῖν
1292 3876 1349 3928 ὲν
1400 3873 1614 3945 ὑστέρῳ
1658 3891 1824 3946 μετα·-

241 3962 491 4032 μελήσει.

1922 3226 2145 3281 inimice
2181 3223 2381 3295 (neque
2410 3222 2557 3277 enim
2584 3236 2671 3274 me
2706 3218 2923 3290 fugiunt
2949 3225 3055 3270 tua:
3098 3211 3371 3281 fraudes),
3400 3208 3506 3263 mi-

1922 3318 2118 3374 sellum
2151 3317 2299 3370 hunc
2330 3316 2471 3369 clam
2500 3314 2799 3383 ingressus,
2830 3310 3023 3364 turbas
3042 3306 3180 3362 milii
3214 3303 3512 3359 tumultus-

1923 3426 2031 3481 que
2055 3410 2199 3464 eiere
2229 3407 2453 3478 satagis,
2496 3407 2756 3476 quoniam
2801 3403 2949 3457 illius
2990 3398 3229 3456 faciendi
3270 3397 3511 3467 desuper

1924 3518 2146 3574 quoque
2180 3500 2409 3555 facultas
2436 3498 2532 3554 tibi
2564 3512 2830 3553 concessa
2852 3502 2956 3550 est.
2984 3494 3123 3547 Tum
3147 3490 3214 3545 ad
3240 3488 3509 3559 Angulam

1925 3609 2260 3652 conversus:
2287 3593 2395 3648 Sed
2427 3601 2482 3647 et
2505 3591 2605 3645 tibi
2639 3591 2843 3645 misero
2864 3604 2965 3651 ναξ,
2993 3584 3195 3655 inquit,
3228 3580 3375 3653 quod
3401 3589 3509 3634 tam

1927 3691 2215 3748 familiaris
2247 3688 2393 3744 hosti
2438 3694 2631 3742 nostro
2662 3687 2921 3740 inventus
2966 3678 3062 3743 sis,
3100 3685 3161 3732 ut
3207 3682 3259 3729 te
3302 3670 3513 3727 fraudis

1928 3801 2042 3841 sua:
2086 3784 2520 3839 instrumentum
2566 3776 2893 3849 pra-bueris.
2931 3772 3176 3841 Denique
3224 3767 3516 3845 universos

1930 3880 2129 3934 fratres
2157 3877 2237 3933 sic
2271 3874 2571 3945 alloquitur
2599 3891 2612 3926 :
2653 3863 3187 3927 Communieandum
3220 3859 3382 3915 nobis
3415 3857 3535 3912 ali-'

1932 3970 2064 4040 quid
2097 3986 2164 4025 ex
2196 3967 2384 4037 inopia
2408 3973 2602 4020 nostra
2629 3973 2736 4027 est,
2772 3972 2829 4017 et
2859 3977 2926 4015 ex
2957 3957 3084 4017 illis,
3117 3968 3239 4024 qua:
3267 3952 3335 4007 ad
3356 3964 3513 4005 usum

240 4056 614 4113 necessarium
666 4056 897 4125 faciunt,
946 4058 1285 4130 erogandum
1341 4060 1522 4117 turbis
1570 4060 1878 4133 :quoniam
1922 4080 2026 4120 nos
2068 4065 2205 4119 alias
2248 4078 2359 4118 non
2408 4073 2712 4133 paucorum
2757 4055 2825 4110 ad
2856 4062 3165 4109 extremum
3200 4044 3514 4118 paenitebit.

315 4152 446 4223 ρλδ’.
482 4152 668 4207 Ταῦτα
722 4153 860 4224 πρὸς
899 4155 1097 4221 αὐτοὺς
1144 4156 1335 4224 εἰπὼν,
1370 4159 1462 4212 καὶ
1501 4159 1602 4229 τὴν
1643 4159 1823 4229 ψυχὴν

240 4245 344 4314 τῆς
380 4244 556 4297 αὐτῶν
587 4245 686 4298 οὐκ
703 4242 800 4300 οἷδ’
831 4246 938 4300 εἴτε
968 4249 1306 4319 ἀναλγησίας
1327 4251 1430 4323 χρὴ
1476 4251 1677 4320 λέγειν,
1712 4253 1824 4305 εἴτε

248 4334 619 4406 μικροψυχίας
652 4337 1047 4406 περιαλγήσας,
1078 4339 1180 4410 ὁρᾷ
1225 4340 1353 4411 θείῳ
1400 4341 1581 4412 ψυχῆς
1614 4342 1827 4413 ὄμματι

2005 4163 2129 4217 134.
2186 4161 2289 4217 Ubi
2348 4159 2512 4214 ﬁnem
2575 4152 2799 4211 dicendi
2871 4149 3023 4213 fecit,
3071 4143 3273 4201 acerbo
3341 4140 3511 4196 animi

1934 4256 2166 4311 affectus
2209 4254 2401 4308 dolore
2432 4258 2538 4314 est,
2569 4266 2637 4304 ex
2664 4248 2909 4308 illorum,
2964 4252 3271 4310 stuporeue
3311 4235 3514 4297 dicam,

1935 4364 2003 4403 an
2041 4345 2493 4418 pusillanimitate
2521 4342 2775 4398 suborto.
2809 4337 2950 4391 Tum
2983 4332 3339 4403 conspicatur
3354 4326 3518 4383 oequ

246 4427 502 4497 κείμενον
525 4428 775 4500 καθάπερ
801 4429 861 4482 τὸ
888 4428 1030 4483 θετον
1059 4432 1394 4499 Εὐαγγέλιον
1427 4434 1520 4486 ἐπὶ
1547 4433 1641 4487 τοῦ
1670 4434 1815 4488 σιτῶ-

1934 4439 2200 4495 interiore
2254 4450 2474 4493 sacrum
2534 4431 2916 4503 Evangelium,
2972 4426 3145 4481 veluti
3198 4424 3255 4483 in
3309 4422 3513 4476 horreo

246 4536 359 4582 νος,
400 4520 495 4572 καὶ
523 4520 597 4584 ὡς
634 4520 1040 4584 ἐπεισελθόντες
1069 4522 1267 4586 ἐνδεεῖς
1305 4524 1399 4577 καὶ
1428 4525 1828 4595 διαρπάσαντες

244 4612 380 4665 αὐτὸ
403 4613 647 4681 φύγοιεν,
677 4615 770 4667 καὶ
823 4614 900 4677 ὡς
936 4615 1096 4677 αὐτὸς
1159 4616 1258 4686 μὲν
1287 4616 1373 4671 διά
1399 4635 1542 4681 τινος
1571 4618 1691 4672 ὁδοῦ
1719 4619 1819 4689 βα-

246 4706 465 4775 σιλικῆς
516 4706 740 4760 ὄπισθεν
774 4706 983 4761 τούτων
1029 4707 1378 4774 καταδιώκοι,
1412 4710 1613 4779 φθάσαι
1645 4712 1699 4764 δὲ
1732 4712 1831 4781 οὐχ

245 4795 355 4864 οἷος
376 4816 433 4852 τε
465 4799 564 4865 ῶν,
593 4801 656 4853 ἐκ
689 4802 860 4871 μέσης
884 4800 1057 4870 αὐτῆς
1082 4800 1459 4871 άναστρέψειε,
1492 4802 1587 4856 κα)⁸
1602 4801 1675 4865 ὠς
1698 4803 1830 4854 ἐκά-

248 4908 384 4959 στης
443 4891 658 4961 ἡμέρας
717 4891 916 4963 ἄρτους
946 4892 1054 4945 ἀπὸ
1082 4892 1203 4945 τότε
1256 4891 1364 4944 τῶν
1393 4893 1559 4964 τριῶν
1589 4896 1648 4947 ἐν
1683 4892 1831 4964 αὐτῷ

246 4983 469 5044 πλείους
530 4983 630 5054 οὐχ
691 4983 887 5053 εὖροι·
918 4983 1011 5049 οὓς
1067 4984 1523 5056 λαμϐάνων,άνω
1577 5003 1636 5039 τε
1696 4985 1832 5055 πρὸς

246 5075 383 5128 Θ.ὸν
441 5074 673 5145 βλέπων,
706 5076 800 5129 καὶ
828 5077 927 5147 τὴν
978 5077 1188 5132 ἐκεῖθεν
1243 5079 1427 5141 αὐτοῖς
1470 5078 1832 5149 ἐπευχόμενος

246 5166 522 5236 εὐλογίαν,
557 5164 673 5222 εἶτα
701 5168 1066 5240 διαθρύπτων,
1091 5169 1372 5242 παρετίθει
1394 5173 1506 5236 τοῖς
1535 5171 1831 5242 δεομένοις,

247 5261 348 5316 καὶ
392 5260 467 5324 ὡς
498 5260 734 5315 ἕκαστον
788 5261 1011 5331 κλάσμα
1064 5262 1325 5333 μέγιστος
1383 5262 1585 5318 αὐτίκα
1630 5264 1834 5333 γίνοιτο

247 5352 436 5422 ἄρτος.
482 5351 570 5405 Ἐν
618 5352 797 5423 ἑαυτῷ
846 5353 1026 5406 τοίνυν
1058 5355 1367 5424 γενόμενος,
1395 5352 1490 5406 καὶ.
1542 5351 1835 5423 συμϐαλὼν

248 5444 350 5513 τὴν
387 5442 512 5512 δψιν
564 5444 858 5514 ἀφαίρεσιν
894 5440 1033 5499 εἶναι
1082 5449 1180 5515 τῆς
1218 5445 1424 5499 ἄνωθεν
1479 5446 1719 5515 χάριτος,
1753 5437 1834 5505 οἷς

249 5535 478 5606 ἔμελλον
508 5535 838 5590 ἀνακόπτειν
870 5538 919 5589 οἱ
949 5535 1187 5608 μαθηταὶ
1212 5538 1301 5590 τὸν
1328 5539 1407 5601 εἰς
1435 5538 1560 5600 τοὺς
1595 5536 1834 5604 πένητας

251 5630 422 5694 ἔλεον,
457 5629 665 5693 πάντας
722 5629 917 5693 αὐτοὺς
965 5628 1331 5698 συγκαλέσας,
1382 5630 1478 5682 καὶ
1529 5629 1672 5699 ἅπερ
1736 5628 1834 5681 ἴδοι

250 5721 443 5792 σαφῶς
484 5723 825 5792 ἀπαγγείλας
885 5720 1195 5793 προσευχὴν
1241 5722 1527 5794 ἐπιτρέπει
1569 5721 1708 5791 μετὰ
1744 5720 1835 5774 δα-

379 5839 434 5870 ιν
466 5836 625 5905 Οεεο,
663 5855 738 5906 vi,
773 5837 832 5903 6;
875 5838 1061 5893 Matth.
1098 5855 1168 5899 ιχ,
1207 5839 1291 5893 15.

1932 4531 2157 4601 jacens;
2191 4534 2661 4593 accurrentesque
2690 4523 2883 4590 inopes
2917 4532 3112 4588 rapere
3140 4513 3275 4569 illud
3327 4527 3391 4567 ac
3423 4510 3510 4565 fu-

1935 4636 2095 4691 gere:
2132 4619 2312 4689 ipsum
2343 4624 2527 4671 autem
2550 4629 2609 4669 se
2640 4612 2788 4683 regia
2816 4610 3052 4681 quadam
3077 4608 3165 4661 via
3190 4603 3516 4676 fugientium

1936 4713 2106 4784 tergis
2138 4712 2368 4775 instare,
2424 4707 2712 4763 retrahere
2750 4719 2886 4760 vero
2934 4703 3089 4757 nullo
3137 4697 3302 4754 modo
3332 4710 3516 4766 posse,

1938 4806 2175 4875 ideoque
2208 4802 2314 4857 iter
2340 4817 2408 4856 ex
2434 4798 2614 4854 media
2640 4798 2727 4851 via
2790 4794 3065 4865 relegere:
3102 4807 3168 4846 cx
3209 4788 3303 4842 illo
3354 4799 3522 4856 porro

1939 4907 2187 4967 tempore
2221 4893 2452 4964 singulis
2477 4890 2675 4946 diebus
2701 4897 2815 4944 tres
2850 4902 2962 4942 non
2986 4882 3223 4953 amplius
3244 4880 3299 4933 in
3316 4877 3524 4931 horreo

1939 4986 2198 5061 granario
2227 4999 2399 5055 panes
2432 4979 2687 5051 reperiri,
2723 4993 2864 5049 quos
2890 4977 3069 5046 ipsum
3131 4970 3519 5038 accipientem,

1940 5094 2003 5133 ac
2021 5054 2243 5133 sursum
2274 5073 2468 5129 oculos
2494 5071 2561 5125 ad
2604 5072 2778 5125 Deum
2829 5063 3235 5125 intendentem,
3276 5054 3522 5113 emlesti-

1939 5188 2047 5242 que
2061 5167 2449 5225 benedictione
2467 5163 2898 5235 impertientem,
2916 5156 3153 5225 denique
3178 5152 3521 5222 frangentem

1940 5278 2218 5334 apponere
2288 5259 2614 5330 egentibus,
2690 5252 2953 5326 quodque
3024 5256 3211 5305 autem
3280 5243 3521 5298 frustum

1942 5330 2090 5407 illico
2156 5351 2210 5405 in
2286 5363 2483 5420 panem
2556 5345 2857 5401 maximum
2919 5337 3193 5398 converti.
3251 5330 3525 5389 Redditus

1944 5446 2114 5518 igitur
2140 5443 2271 5509 sibi,
2298 5452 2463 5513 atque
2491 5439 2820 5511 conjiciens,
2848 5436 3122 5491 visionem
3183 5428 3397 5499 signare
3435 5421 3522 5478 di-

1942 5538 2084 5593 vinae
2117 5536 2303 5609 gratia:
2333 5534 2692 5597 oblationem,
2718 5536 3011 5600 propterea
3039 5520 3188 5595 quod
3216 5520 3525 5587 eleemosy-
3552 5576 3569 5590 υ

1944 5645 2065 5696 nas,
2090 5627 2431 5700 pauperibus
2455 5624 2671 5697 erogari
2701 5621 2915 5683 solitas,
2957 5615 3277 5673 imminutas
3298 5609 3526 5674 vellent;

1946 5721 2267 5780 convocatis
2300 5719 2561 5777 omnibus
2588 5731 2711 5787 qua:
2734 5712 2839 5769 sibi
2874 5728 2972 5784 per
3000 5711 3269 5766 visionem
3302 5716 3523 5761 ostensa
