3988 6504
483 365 618 440 31ll

1662 367 1720 425 S.
1759 361 2136 424 SYMEONIS
2173 355 2534 420 JUNIORIS

3595 348 3734 414 3112

481 495 688 547 essent,
735 481 1024 546 enuntiat;
1085 493 1149 533 ac
1186 478 1559 554 precationem
1618 492 1745 531 cum
1795 475 2051 546 lacrymis

2171 469 2336 540 ιρύων
2366 468 2572 531 αὐτοῖς,
2599 465 2660 518 τὸ
2696 463 2855 535 μόνον
2887 465 3070 534 ἰσχύον
3095 466 3236 520 κατὰ
3260 465 3356 536 τῆς
3386 466 3534 529 θείας
3567 471 3726 521 dits:-

483 579 700 639 iudicit,
739 575 918 630 solum
946 586 1149 641 nempe
1183 570 1450 624 adversus
1492 567 1707 624 divinas
1748 568 2050 624 commina-

481 671 660 725 tiones
688 665 1017 727 remedium,
1062 671 1123 718 ut
1155 663 1327 717 Deum
1355 661 1463 716 sibi
1511 661 1812 732 propitium
1855 660 2052 715 redde-

484 770 625 816 rent.
671 759 810 813 Dum
872 757 949 812 illi
1001 771 1128 811 mox
1190 755 1407 810 fructus
1472 753 1812 824 poenitentiae
1857 753 2052 824 dignos

482 852 691 908 faciunt
717 847 1145 916 contritionique
1163 845 1471 916 indulgent.
1490 844 1784 900 miseratus
1814 843 2053 915 Symeon

485 943 752 1012 lacrymas
789 937 857 992 ad
892 937 1067 991 Deum
1099 933 1358 998 effundit,
1389 932 1659 1003 lacrymas
1691 929 2053 1000 multiplicem

482 1031 685 1086 elicere
713 1030 854 1085 ctelo
885 1025 1322 1082 misericordiam
1335 1024 1614 1078 valentes:
1642 1031 1756 1078 tum
1778 1022 2057 1076 modicum

484 1123 618 1194 quid
648 1120 914 1176 frumenti
945 1134 1013 1174 ex
1040 1120 1243 1173 horreo
1266 1117 1490 1171 allatum
1529 1129 1696 1168 manu
1747 1114 2054 1184 excipiens,

486 1223 653 1283 atque
683 1210 750 1265 ad
807 1224 1028 1265 manum
1078 1209 1174 1263 Dei
1223 1220 1537 1276 supremam
1570 1204 1896 1274 respiciens,
1927 1203 2056 1258 inde

489 1303 930 1360 benedictionem
962 1301 1221 1370 precibus
1254 1296 1566 1364 accersivit,
1600 1314 1722 1369 quae
1745 1313 1871 1353 cum
1929 1313 2059 1366 ape-

489 1398 651 1461 ritur,
709 1394 850 1449 solet
905 1407 1069 1447 omne
1123 1390 1325 1445 animal
1382 1389 1635 1459 implere.
1697 1387 2054 1442 Frumentum

488 1494 674 1541 autem
705 1484 762 1556 (0
786 1482 1107 1537 inusitatam
1143 1479 1568 1550 agriculturam!
1597 1493 1629 1533 0
1663 1477 1873 1533 semina
1930 1491 2056 1530 ora-

492 1577 677 1640 tionis,
744 1575 985 1630 fertilem
1021 1586 1259 1642 quoque
1316 1580 1521 1626 terram
1554 1569 1878 1626 fertiliorem
1931 1568 2063 1624 red-

2159 561 2259 632 λῆς
2313 560 2629 630 φάρμακον,
2665 556 2808 611 ὥστε
2852 556 3203 627 διαλλαγῆναι
3253 558 3435 628 φησὶν,
3477 561 3628 629 ἡμῖν
3650 560 3744 611 the

2161 655 2312 708 Θεόν.
2347 653 2471 706 Τῶν
2491 652 2550 706 δὲ
2587 652 2876 722 μετάνοιαν
2905 649 3072 715 ἀξίως
3099 650 3263 715 εὐθὺς
3292 651 3743 721 έπιδειξαμὲνων,

2163 746 2504 816 συναλγήσας
2520 743 2699 798 αὐτῶν
2711 746 2777 814 τῇ
2796 743 3074 816 συντριϐῇ,
3096 743 3191 798 καὶ
3218 743 3427 812 δάκρυα
3447 745 3593 815 πρὸς
3611 743 3746 796 Θεὸν

2161 840 2356 911 ἐκχέας
2399 840 2468 892 τὰ
2503 837 2671 892 πολὺν
2727 835 2936 890 ἐκεῖθεν
2991 836 3171 890 ἕλκειν
3213 835 3488 906 δυνάμενα
3513 832 3746 908 {nam},

2165 927 2310 982 σῖτόν
2335 942 2395 978 τε
2419 925 2624 996 βραχὺν
2641 927 2705 978 ὲκ
2723 923 2820 979 τοῦ
2841 925 3064 989 σιτῶνος
3082 926 3408 996 κομισθέντα
3427 924 3618 980 λαϐὼν
3630 928 3748 988 ταῖς

2163 1020 2344 1091 χερσὶ,
2386 1019 2482 1072 καὶ
2547 1017 2684 1091 πρὸς
2721 1019 2880 1088 χεῖρα
2927 1018 3088 1072 πάλιν
3148 1018 3311 1082 αὐτὸς
3357 1019 3457 1090 τὴν
3525 1017 3751 1088 ὑψηλὴν

2167 1114 2312 1180 ίδὼν,
2342 1112 2442 1182 τὴν
2467 1110 2526 1176 ἐξ
2549 1110 2719 1180 αὐτῆς
2743 1108 3020 1180 ἐπηύξατο
3060 1110 3331 1174 εὐδοκίαν,
3360 1112 3394 1180 ἢ
3424 1111 3537 1164 πᾶν
3575 1110 3751 1179 ἐμπι-

2163 1205 2303 1276 πλᾷν
2352 1203 2459 1258 οἶδε
2490 1201 2631 1266 ζῶον
2664 1202 2992 1273 ἀνοιγομένη
3013 1218 3027 1233 ⁸
3063 1204 3158 1256 καὶ
3183 1204 3212 1255 ὁ
3238 1207 3383 1266 σῖτος
3412 1203 3481 1275 (ὣ
3506 1201 3752 1272 παραδὰ-

2164 1296 2253 1362 ξου
2283 1297 2555 1367 γεωργίας
2583 1299 2596 1351 l
2629 1296 2674 1349 ὣ
2705 1298 3036 1368 σπερμάτων
3064 1297 3232 1367 εὐχῆς
3261 1297 3362 1351 καὶ
3392 1298 3500 1368 γῆν
3529 1297 3753 1366 ἀγαθὴν

2165 1393 2244 1452 εἰς
2292 1389 2623 1460 γονιμὸτητα
2685 1389 2989 1460 παριούσης
3027 1384 3308 1461 ί)ηὓξετο,
3340 1391 3506 1462 μέχρι
3548 1387 3752 1441 πολλοῦ

2166 1482 2286 1542 ταῖς
2319 1480 2532 1552 χρείαις
2568 1480 2817 1550 ἀφθόνως
2864 1480 3174 1550 ὑπηρετῶν,
3209 1481 3307 1534 καὶ
3370 1481 3520 1553 μηδι⁹
3571 1478 3754 1535 ὁτιοῦν

2171 1572 2589 1642 ἐλαττούμενος.

490 1667 674 1724 dentis
703 1669 741 1737 l)
810 1665 1108 1736 plurimum
1161 1675 1500 1734 augescens,
1556 1663 1611 1718 in
1666 1662 2046 1718 lon‘aissimum
2085 1670 2305 1735 tempus
2357 1665 2482 1721 usui
2542 1666 2823 1722 communi
2891 1664 3368 1722 abundantissime
3419 1665 3754 1727 suﬂiciebat,

492 1775 669 1832 neque
697 1758 980 1814 minimam
1014 1764 1224 1827 partem
1252 1755 1625 1810 minuebatur.

1933 1864 2160 1921 CAPUT
2192 1865 2355 1920 XVII.

1415 1981 1604 2036 Armat
1649 1995 1772 2034 suos
1814 1989 2000 2033 contra
2029 1980 2292 2034 dwmones
2339 1979 2494 2033 varia
2522 1978 2816 2036 molientes.

568 2107 689 2163 1'53.
721 2105 1013 2176 Aliquanto
1033 2113 1158 2176 post
1183 2099 1344 2159 aliam
1369 2118 1561 2157 rursus
1583 2103 1750 2158 habet
1771 2103 2062 2167 visionem,

2239 2102 2370 2173 ρλε’.
2417 2099 2685 2172 Ἐωράκει
2735 2103 2874 2172 μετὰ
2937 2103 3130 2174 χρόνον
3179 2104 3305 2157 τινὰ
3359 2105 3526 2158 πάλιν
3578 2095 3758 2176 ὀψινὸ

491 2214 615 2270 qua:
633 2198 810 2252 virum
835 2212 973 2266 pene
993 2195 1340 2251 exanimabat
1361 2213 1375 2247 :
1397 2194 1602 2249 coactis
1621 2195 1674 2248 in
1694 2209 1862 2248 unum
1883 2193 2067 2248 fratri-

493 2293 635 2348 bus:
672 2291 845 2355 State,
876 2289 1075 2358 inquit,
1108 2298 1168 2343 ut
1218 2302 1516 2360 generosos
1558 2287 1738 2352 decet,
1795 2287 2064 2340 adversus

496 2382 879 2454 impendentes
911 2379 1284 2435 tentationcs:
1340 2380 1594 2454 permisit
1636 2378 1840 2452 quippe
1884 2376 2069 2452 Domi-

496 2489 599 2528 nus
629 2487 724 2527 vos
748 2470 970 2536 tentari,
997 2479 1055 2524 ut
1083 2463 1139 2524 et
1190 2470 1567 2539 splendidiore
1625 2483 1724 2522 vos
1762 2467 2070 2520 circumdet

494 2564 958 2621 coroua.Librum
977 2563 1258 2634 igiturJob
1288 2563 1594 2633 prophetas,
1614 2577 1681 2616 ex
1710 2577 1818 2631 quo
1841 2567 2070 2614 noverat

495 2659 631 2730 ipsis
663 2665 721 2712 et
748 2656 1104 2711 tolerantiam
1138 2670 1357 2721 augere,
1409 2665 1466 2710 et
1515 2670 1768 2721 superna:
1819 2653 2070 2708 consola-

497 2749 664 2806 tionis
713 2763 864 2818 Spem
895 2747 1279 2810 corroborare,
1305 2746 1358 2800 in
1398 2761 1594 2800 manus
1621 2746 1796 2815 capit:
1821 2743 2064 2797 indicto-

496 2857 605 2912 que
655 2839 869 2896 cunctis
914 2839 1135 2894 silentio
1193 2847 1356 2908 atque
1406 2837 1734 2896 attentione.
1809 2851 1839 2890 a
1888 2834 2066 2904 capite

497 2927 658 2988 orsus
680 2933 746 2988 ad
782 2932 986 2986 calcem
1025 2946 1200 3000 usque
1228 2930 1430 2983 librum
1467 2927 1793 2998 explicando
1827 2926 2066 2982 evolvit:

497 3026 676 3082 sicubi
705 3040 837 3080 vero
876 3023 1139 3095 quiddam
1168 3023 1535 3093 proverbialis
1584 3008 1830 3075 notionis
1873 3033 2071 3073 occur-

497 3124 669 3183 reret,
698 3114 754 3172 id
777 3124 834 3170 et
857 3113 1103 3186 penitius
1151 3111 1496 3174 enucleabat,
1531 3119 1588 3166 et
1632 3110 1896 3164 latentem
1923 3106 1974 3160 in
2006 3122 2074 3159 eo

497 3222 724 3264 sensum
799 3205 1028 3276 spiritus
1103 3206 1285 3276 ipsum
1360 3201 1723 3258 illuminantis
1780 3198 2072 3269 splendore

498 3297 848 3362 illustrabat;
885 3296 1217 3365 tandemque
1243 3294 1686 3349 adhortationem
1720 3308 1785 3346 ex
1811 3289 2073 3360 Apostolo

497 3387 784 3442 commode
843 3385 1229 3449 concludebat,
1293 3387 1374 3440 sic
1411 3385 1665 3454 inquiens
1699 3401 1712 3436 :
1748 3379 2069 3443 Audivistis,

2168 2191 2414 2262 Συμεὼν,
2459 2191 2529 2244 τὰ
2561 2191 2615 2244 δὲ
2647 2191 2881 2262 ὀφθέντα
2920 2194 3020 2264 τὴν
3071 2193 3238 2247 αὐτοῦ
3285 2194 3465 2266 ψυχὴν
3515 2195 3756 2266 ἁθυμέας

2169 2283 2408 2354 ἐπλήρου
2437 2301 2452 2315 ⁸
2519 2284 2614 2338 καί
2669 2285 3009 2353 συγκαλέσας
3070 2285 3195 2348 τοὺς
3259 2285 3534 2356 μαθητὰς,
3586 2289 3754 2357 Στῆτε

2168 2374 2453 2442 γενναίως.
2479 2373 2722 2445 ἀδελφοὶ,
2755 2375 2890 2446 πρὸς
2926 2377 3048 2439 τοὺς
3097 2376 3390 2446 μέλλοντας
3445 2379 3756 2448 ἐπάγεσθαι

2173 2469 2539 2538 πειρασμοὺς,
2569 2467 2674 2539 ἔφη
2707 2487 2718 2498 ··
2759 2467 3152 2541 συγκεχώρηκε
3183 2469 3291 2539 γὰρ
3330 2472 3357 2522 ὁ
3388 2470 3600 2541 Κύριος
3636 2489 3756 2523 πει-

2176 2559 2444 2631 ρασθῆναι
2499 2561 2665 2631 ὑμᾶς,
2707 2560 2794 2614 ἵνα
2827 2561 2922 2614 καὶ
2968 2560 3352 2632 λαμπρότερον
3395 2563 3754 2636 στεφανῶσῃ.

2171 2651 2251 2703 Τὰ
2287 2649 2430 2703 κατὰ
2482 2650 2572 2703 τὸν
2616 2649 2734 2703 ’1ὼὸ
2779 2653 2958 2704 τοίνυν
2995 2649 3174 2706 λαϐὼν
3201 2651 3346 2723 (ὅθεν
3394 2653 3586 2717 αὑτοῖς
3645 2653 3754 2724 ᾔδει

2171 2744 2264 2795 καὶ
2309 2744 2409 2814 τὴν
2465 2742 2744 2813 ὑπομονὴν
2795 2744 3083 2806 ἐπιτεῖναι,
3117 2747 3224 2800 καὶ.
3269 2745 3366 2817 τὴν
3420 2744 3624 2811 ἑλπῖδαρ
3660 2749 3753 2819 τῆς

2171 2835 2376 2890 ἄνωθεν
2419 2836 2816 2906 παρακλήσεως
2847 2838 3202 2908 ἐπιρρῶσαι),
3237 2842 3332 2892 καὶ
3373 2841 3544 2894 πᾶσιν
3573 2842 3751 2906 αὐτοῖς

2174 2927 2330 2999 σιγὴν
2373 2927 2509 2998 ὁμοῦ
2540 2928 2634 2981 καὶ
2669 2928 2942 3000 προσοχὴν
2997 2931 3400 3000 παραγγείλας,
3426 2933 3492 2986 ὲκ
3565 2951 3751 3004 προοιο

2176 3018 2314 3090 μίων
2362 3020 2524 3084 εὐθὺς
2572 3019 2897 3092 ἀρξάμενος,
2929 3020 3058 3094 ἄχρι
3097 3022 3286 3088 τέλους
3311 3025 3500 3089 αὐτοῖς
3554 3027 3750 3098 διεξῄει

2171 3111 2270 3183 τὴν
2305 3110 2486 3182 βίϐλον
2511 3131 2524 3146 ·
2563 3113 2617 3165 εί
2652 3112 2756 3167 πού
2785 3131 2836 3166 τι
2857 3113 2967 3166 τῶν
3018 3115 3407 3185 παροιμιωδῶν
3454 3116 3636 3188 τύχοι,
3665 3119 3752 3171 καὶ

2176 3203 2491 3275 βαθυτέρων
2529 3203 2783 3272 ἐπεξιὼν,
2817 3204 2912 3259 κα)⁸
2937 3217 3032 3258 τον
3057 3207 3116 3257 ἐν
3145 3207 3328 3268 αὐτοῖς
3369 3209 3748 3279 κρυπτόμενον

2171 3293 2250 3365 τῷ
2276 3294 2472 3366 φέγγει
2499 3294 2591 3348 τοῦ
2622 3295 2680 3348 ὲν
2713 3294 2862 3367 αὐτῷ
2888 3294 3214 3378 ’Πνεύματος
3236 3297 3469 3362 ἐκείνοις
3501 3300 3749 3371 διαφωτί-

2175 3386 2305 3452 ζων,
2339 3385 2457 3440 εἶτα
2487 3389 2628 3440 κατὰ
2658 3387 2849 3458 καιρὸν
2880 3389 2943 3441 ἐκ
2971 3389 3065 3442 τοῦ
3109 3391 3432 3455 Ἀποστόλου
3485 3393 3739 3465 διεπερά-

497 3483 632 3554 quid
645 3482 749 3538 Job
767 3482 1130 3548 sustinuerit;
1162 3491 1217 3536 et
1243 3452 1576 3551 cognovistis
1592 3492 1757 3548 quem
1785 3476 1890 3530 sibi
1908 3474 2068 3528 tinem

2174 3497 2302 3532 νατο
2353 3479 2451 3551 τὴν
2506 3478 2828 3550 παραίνεσιν
2894 3481 3112 3548 αὐτοῖς,
3140 3481 3314 3547 οὕτως
3369 3485 3544 3538 εἰπών
3576 3501 3590 3515 ·
3647 3488 3749 3557 Τὴν

498 3575 767 3631 Dominus
795 3572 1053 3628 habuerit
1076 3572 1359 3644 prmfixum
1387 3589 1400 3625 :
1433 3570 1580 3625 State
1621 3570 1783 3639 igitur
1826 3561 2074 3645 succincti

500 3668 702 3722 lumbos
731 3676 928 3722 vestros
955 3667 1010 3720 in
1043 3668 1265 3720 ueritate
1291 3673 1338 3718 et
1364 3663 1590 3718 calceati
1620 3661 1774 3733 pedes
1805 3661 1860 3714 in
1892 3659 2075 3713 Evan-

499 3760 633 3833 gelia
665 3761 829 3832 pacis,
857 3761 911 3814 in
933 3759 1171 3813 omnibus
1199 3766 1460 3812 sumentes
1482 3765 1688 3810 scutum
1720 3753 1864 3823 ﬁdei,
1886 3753 1941 3806 iu
1970 3767 2073 3822 quo

499 3853 705 3923 possitis
727 3849 834 3904 tela
873 3851 1175 3921 nequissimi
1200 3851 1354 3921 ignea
1374 3849 1700 3918 exstinguere
1719 3847 1786 3897 ".
1814 3844 2074 3898 Existimo

501 3945 640 3997 enim
671 3943 811 4014 quod
835 3959 940 3996 non
959 3950 1084 3996 sunt
1131 3941 1402 4012 condigna:
1431 3942 1700 4013 passiones
1731 3925 1887 4009 hujus
1941 3943 2072 3988 tem-

501 4036 642 4107 poris
663 4035 990 4105 adfuturam
1013 4033 1240 4106 gloriam
1268 4050 1384 4105 qua:
1409 4032 1727 4086 revelabitur
1751 4031 1806 4084 iu
1827 4028 1971 4082 nobis
1986 4029 2031 4059 ⁸³
2057 4044 2071 4079 :

500 4128 555 4182 id
581 4128 720 4182 enim
759 4127 896 4199 quod
924 4127 979 4180 in
1016 4127 1260 4196 prwsenti
1291 4121 1366 4179 est
1397 4129 1821 4177 momentaueum
1850 4117 2074 4172 tribula-

502 4219 657 4273 tionis
681 4227 894 4283 nostrae,
933 4234 1095 4288 supra
1121 4217 1334 4270 modum
1388 4211 1451 4268 iu'
1466 4215 1788 4267 sublimitate
1819 4221 2076 4265 aeternum

501 4309 684 4380 gloriw
712 4311 913 4380 pondus
948 4316 1199 4378 aperatur
1237 4309 1289 4360 in
1349 4307 1524 4359 nobis:
1569 4321 1673 4358 non
1712 4301 2075 4372 contemplan-

502 4400 638 4452 tibus
671 4398 816 4453 nobis
883 4413 1000 4469 qua:
1045 4398 1307 4460 videntur,
1364 4395 1454 4448 sed
1495 4409 1764 4465 quianon
1800 4393 2076 4447 videntur:

500 4491 776 4561 quteeuim
841 4490 1108 4551 videntur,
1169 4485 1488 4559 temporalia
1539 4498 1700 4551 sunt;
1742 4500 1860 4556 qua:
1902 4494 2075 4538 autent

503 4599 609 4637 non
629 4582 890 4648 videntur,
913 4588 1110 4636 aeterna
1125 4581 1194 4635 ".

574 4859 696 4915 136.
723 4859 820 4914 His
840 4857 1004 4913 dictis
1030 4872 1098 4912 ex
1115 4857 1224 4912 imo
1245 4856 1411 4912 corde
1432 4856 1670 4927 graviter
1692 4856 2074 4926 ingemiscens,

504 4951 770 5022 lacrymas
798 4965 1016 5021 quoque
1044 4949 1357 5004 admiscens
1386 4948 1700 5019 gemitibus,
1724 4948 1966 5015 Fratres,
1994 4948 2078 5003 in-

501 5041 645 5109 quit,
699 5047 915 5109 tempus
960 5039 1205 5094 certandi
1252 5046 1336 5093 est
1386 5053 1400 5088 :

504 5126 672 5186 lateat
717 5145 1049 5200 quemquam
1103 5128 1375 5194 diabolus,
1424 5129 1517 5198 qui
1560 5128 1937 5184 fraudulenter
1985 5145 2084 5185 vos

505 5232 681 5278 tentat
727 5222 1154 5278 circumvenire.
1213 5220 1399 5277 Nostis
1445 5221 1647 5291 quippe
1688 5221 1834 5291 quod
1887 5223 2082 5277 domus

505 5313 848 5370 tabernaculi
895 5315 1093 5378 nostri,
1130 5329 1251 5383 qua:
1293 5327 1462 5384 super
1493 5321 1691 5367 terram
1729 5309 1833 5379 est,
1883 5313 2077 5368 dissol—

504 5405 680 5461 venda
717 5408 822 5473 sit;
851 5405 947 5460 sed
981 5407 1165 5471 aliam,
1209 5421 1318 5460 non
1358 5397 1749 5470 manufactam,
1777 5406 2073 5476 repositam

475 5498 776 5553 'ltabemus
828 5500 879 5552 in
914 5500 1068 5554 cmlis
1123 5515 1258 5563 nos,
1309 5497 1402 5570 qui
1449 5495 1797 5552 ambulamus
1847 5499 1902 5553 in
1959 5499 2076 5569 lege

506 5587 745 5657 Domini,
784 5591 1125 5661 praeferentis
1157 5591 1412 5646 cordibus
1466 5591 1671 5645 nostris
1717 5590 1901 5645 lumen
1933 5592 2075 5662 ejus,

506 5682 650 5751 quod
693 5698 914 5753 gressus
956 5693 1174 5738 nostros
1220 5682 1421 5754 dirigat
1465 5683 1534 5737 ad
1588 5699 1646 5737 se
1704 5681 1939 5752 Hujusce
1975 5683 2076 5737 do-

571 5813 616 5846 "
652 5817 851 5886 prcs.
903 5836 976 5882 γι,
1029 5805 1210 5873 lli-lli.

1456 5038 1673 5108 vigilate
1722 5037 1926 5108 itaque,
1977 5029 2102 5093 nec-

2176 3573 2458 3643 ὑπομονὴν
2507 3573 2626 3626 Ἰὼϐ
2657 3573 2949 3643 ἠκούσατε,
2981 3573 3077 3628 καὶ
3107 3575 3168 3628 τὸ
3197 3575 3350 3640 τέλος
3381 3578 3592 3648 Κυρίου
3619 3579 3746 3633 eia:-

2174 3683 2233 3718 τε
2261 3683 2274 3695 ·
2309 3665 2498 3734 Στῆτε
2529 3661 2642 3720 οὖν
2672 3664 3128 3737 περιζωσάμενοι
3179 3668 3297 3738 τὴν
3332 3671 3540 3741 ὀσφὺν
3587 3672 3748 3743 ὑμῶν

2176 3760 2244 3811 ἐν
2267 3759 2537 3826 ἀληθείᾳ,
2569 3757 2668 3811 καὶ
2728 3759 3179 3830 ὑποδησάμενοι
3236 3763 3404 3829 τοὺς
3432 3765 3632 3834 πόδας
3684 3769 3747 3821 ἐν

2178 3852 2520 3921 Ecl-arrabo)
2548 3849 2657 3921 τῆς
2685 3853 2959 3923 εἰρήνης,
2997 3853 3096 3906 ἐπὶ
3125 3853 3318 3909 πᾶσιν
3341 3856 3748 3923 ἀναλαϐόντες

2175 3941 2282 3994 τὸν
2336 3941 2550 4009 θυρεὸν
2615 3939 2724 4008 τῆς
2789 3942 3064 4006 πίστεως,
3099 3942 3169 3996 ἐν
3195 3935 3244 4008 ᾧ
3286 3943 3640 4014 δυνήσεσθε
3684 3947 3748 3998 τα

2170 4033 2328 4100 βέλη
2389 4031 2495 4086 τοῦ
2547 4032 2817 4100 πονηροῦ
2851 4034 2924 4086 τὰ
2947 4036 3342 4103 πεπυρωμένα
3364 4036 3609 4093 σϐέσαι.
3642 4044 3746 4094 At;e

2176 4125 2398 4196 γίζομαι
2430 4124 2539 4196 γὰρ
2562 4125 2652 4179 ὅτι
2678 4127 2788 4180 οὐκ
2823 4124 2961 4203 ἀξια
3014 4126 3086 4178 τὰ
3132 4126 3450 4196 παθήματα
3479 4131 3602 4184 τοῦ
3639 4131 3746 4183 νῦν

2176 4216 2385 4285 καιροῦ
2410 4205 2561 4284 πρὸς
2588 4216 2703 4284 τὴν
2720 4217 3078 4286 μέλλουσαν
3103 4216 3298 4285 δόξαν
3315 4219 3748 4290 ἀποκαλυφθῆ-

2176 4327 2274 4364 ναι
2301 4311 2389 4376 εὶς
2410 4308 2587 4379 ἡμᾶς’
2619 4309 2684 4364 τὸ
2707 4311 2818 4380 γὰρ
2839 4309 3174 4382 παραυτίκα
3201 4310 3472 4390 ἐλαφρὸν
3499 4311 3612 4381 τῆς
3631 4315 3751 4368 θλί-

2176 4407 2339 4475 ’ψεως
2370 4404 2539 4473 ἡμῶν
2571 4405 2701 4459 καθ’
2731 4405 3080 4474 ὑπερϐολὴν
3121 4408 3210 4473 εὶς
3250 4408 3601 4478 ὑπερϐολὴν
3629 4410 3748 4462 αἰὼ-

2178 4513 2314 4551 νιον
2340 4495 2540 4565 ,ϐάρος
2584 4497 2770 4567 δόξης
2812 4496 3221 4567 κατεργάζεται
3257 4501 3404 4568 ἡμῖν
3438 4517 3453 4530 ο
3475 4500 3565 4570 μὴ
3611 4518 3751 4556 cuos

2179 4587 2454 4641 πούντων
2507 4587 2679 4657 ἡμῶν
2730 4589 2803 4642 τὰ
2869 4589 3240 4658 βλεπόμενα,
3305 4592 3470 4646 ἀλλὰ
3553 4593 3627 4647 τὰ
3669 4595 3750 4663 μὴ

2097 4744 2099 4746 _
2174 4680 2528 4749 βλεπόμενα
2550 4695 2563 4710 ο
2596 4681 2668 4735 τὰ
2708 4681 2832 4756 ⁵γὰρ
2874 4681 3230 4754 ,βλεπόμενα
3284 4685 3646 4755 πρόσκαιρα,
3669 4686 3751 4740 τὰ

2111 4790 2156 4846 ῃ
2181 4770 2252 4824 δὲ
2281 4771 2368 4840 μὴ
2391 4772 2744 4842 βλεπόμενα
2782 4771 3010 4828 αἰώνια.

2257 4863 2403 4934 ρλς’.
2433 4863 2664 4917 Ἔπειτα
2698 4864 2880 4936 μέντοι
2899 4865 3081 4936 βύθιόν
3105 4884 3157 4920 τι
3183 4867 3277 4920 καὶ
3308 4866 3448 4939 βαρὺ
3480 4868 3749 4933 στενάξας,

2183 4949 2262 5021 τῷ
2326 4952 2615 5023 στεναγμῷ
2645 4953 2700 5007 δὲ
2731 4954 2970 5027 κεράσας
3021 4958 3118 5009 καὶ
3165 4957 3397 5030 δάκρυον
3420 4974 3436 4989 ⁸
3467 4958 3748 5026 μἈγώνων,

2186 5040 2426 5111 ἀδελφοὶ,
2453 5042 2662 5114 καιρὸς,
2694 5044 2798 5116 ἔφη
2821 5061 2834 5074 °
2869 5050 3190 5120 γρηγορεῖτε
3219 5045 3335 5113 οὖν,
3370 5048 3446 5120 μὴ
3479 5049 3616 5121 λάθῃ
3641 5051 3753 5103 τινὰ

2177 5137 2365 5202 δολίως
2400 5140 2428 5191 ὁ
2466 5141 2699 5210 πονηρὸς
2732 5141 3011 5216 δελεάσας.
3051 5143 3241 5198 Οἴδατε
3275 5146 3495 5215 γὰρὼς
3543 5150 3577 5216 ἡ
3629 5148 3745 5200 ὲπί-

2176 5246 2324 5298 γειος
2376 5229 2536 5300 ἡμῶν
2587 5233 2734 5286 οίκία
2783 5235 2874 5308 τοῦ
2905 5236 3135 5307 σκήνους
3162 5236 3478 5307 λυθήσεται,
3505 5239 3622 5290 ἀλλ’
3660 5240 3750 5309 ηὑά

2183 5320 2477 5392 τρέπισται
2516 5325 2652 5394 ἡμῖν
2680 5325 3093 5400 ἁχειροποίητος
3127 5330 3184 5381 ὲν
3219 5328 3472 5398 οὐρανοῖς
3502 5330 3562 5382 ὲν
3607 5331 3750 5400 νόμῳ

2182 5411 2382 5483 δηλαδὴ
2414 5415 2618 5483 Κυρίου
2650 5419 3056 5489 πορευομένοις,
3091 5419 3218 5489 παρ’
3241 5419 3408 5474 αὑτοῦ
3445 5438 3503 5474 τε
3542 5422 3636 5474 τὸν
3663 5424 3753 5490 τῆς

2182 5505 2410 5574 καρδίας
2439 5505 2630 5576 λύχνον
2662 5510 3068 5581 φωτιζομένοις,
3097 5512 3498 5568 κατευθύνοντα
3526 5513 3595 5567 τὰ
3629 5514 3752 5584 πρὸς

2183 5597 2389 5647 ἐκεῖνον
2449 5597 2605 5666 ἡμῶν
2655 5599 2966 5672 διαϋηματα
2989 5619 3003 5632 ⁶
3040 5597 3106 5675 ἦς
3141 5602 3262 5672 ὄψις
3298 5621 3384 5674 μοι
3428 5605 3572 5658 κατὰ
3608 5603 3752 5674 τήνδε

2185 5684 2283 5755 τὴν
2317 5685 2486 5740 νύκτα
2515 5691 2698 5759 σαφῶς
2733 5693 2990 5764 ἐγνώρισε
3017 5694 3113 5767 τὴν
3141 5695 3422 5763 ἀνάϐασιν,
3463 5697 3558 5750 καὶ
3585 5696 3662 5759 είς
3694 5695 3754 5766 ἣν

1301 5821 1346 5851 ’³
1387 5821 1542 5876 Rom.
1585 5838 1696 5884 rm,
1745 5819 1830 5874 18.
1907 5822 1949 5852 ³³
1980 5821 2024 5875 ll
2056 5821 2182 5876 Cor.
2228 5840 2300 5890 ιν,
2341 5826 2424 5892 17,
2459 5826 2542 5880 l8.
