3944 6490
74 290 181 358 31
204 295 279 359 13
1138 293 1313 354 VlTA
1350 294 1397 353 A
1435 293 1874 356 NICEPHORO
1913 288 2402 359 CONSCRIPTA.
3272 298 3417 370 3i“

80 413 448 485 πρόδρομος
495 411 651 482 ήμῶν
704 410 1048 483 εἰσελήλυθεν
1093 414 1124 466 6
1160 413 1446 484 ἀγαπητὸς
1498 413 1712 483 ἀδελφὸς

1830 432 1953 471 mus
1986 414 2125 472 visio
2175 416 2278 470 hac
2321 416 2437 485 ipsa
2496 414 2633 470 mihi
2671 424 2834 471 nocte
2882 415 3195 474 luculenter
3248 435 3412 478 mon-

99 506 426 579 Ἰωάννης,
466 500 527 559 οῦ
556 506 649 559 καὶ
675 505 790 578 βίον
823 507 916 560 καὶ
950 507 1153 579 τρόπον
1194 507 1350 562 αὐτοὶ
1382 508 1600 572 πάντως
1625 510 1712 563 ού)

1827 506 2023 563 stravit
2051 521 2337 562 ascensum
2362 515 2612 562 nostrum
2635 524 2649 572 ;
2677 507 2735 561 in
2761 522 2925 578 quam
2947 517 3003 564 et
3028 508 3309 580 ingressus
3330 521 3419 569 est

82 601 406 665 ἀγνοεῖτε,
437 599 487 651 οἱ
522 598 617 651 καὶ
670 598 924 653 κοινωνὸν
979 596 1076 652 τοῦ
1122 598 1262 652 κατά
1291 597 1424 652 Θεὸν
1469 598 1587 670 βίου
1636 600 1712 653 τὸπ

1828 601 2066 657 dilectus
2113 600 2285 655 frater
2325 600 2589 665 Joannes,
2630 600 2964 670 prodromus
3003 611 3225 669 noster,
3256 606 3421 677 cujus

83 692 308 764 ἄνδρα
358 692 739 761 πεποιημένοι,
782 692 879 745 καὶ
914 689 1026 744 τῶν
1073 691 1457 762 πνευματικῶν
1500 690 1712 761 ἀγώνωη

1825 703 1884 751 et
1921 695 2093 749 vitam
2129 702 2186 749 et
2233 708 2417 749 mores
2459 708 2561 749 vos
2613 693 2719 763 ipsi
2757 693 3013 765 ignorare
3065 712 3418 768 nequaquam

90 782 485 853 συναμιλλον.
518 782 753 837 Δέκατον
782 783 910 857 γὰρ,
935 783 1176 853 ἀδελφοὶ,
1210 783 1372 837 τοῦτο
1394 783 1514 849 ἔτος
1552 785 1712 856 ἀγρυ-

1827 787 2082 858 potestis,
2134 786 2321 857 quiet
2358 784 2685 857 participem
2735 787 2978 843 caelestis
3028 788 3157 865 vit;
3209 789 3418 847 fecistis
3468 772 3477 777 ’

83 876 285 931 πνῶν
313 876 453 948 ὑπὲρ
487 876 595 931 τῶν
623 876 906 948 ὑμετέρων
943 875 1155 948 ψυχῶν,
1193 877 1288 931 καὶ
1323 876 1577 946 δεόμενος
1628 877 1712 933 τοῦ

1830 878 2010 943 illum,
2039 887 2095 932 et
2120 894 2175 932 in
2205 876 2483 948 spirituali
2511 877 2761 948 palaestra
2791 877 3065 934 habuistis
3086 880 3420 936 commilito—

84 968 268 1023 Θεοῦ
312 969 453 1040 μετά
488 968 740 1042 δακρύων
764 969 864 1025 οὐκ
894 970 1244 1040 ἐπαυσάμην,
1277 969 1355 1033 ὡς
1395 969 1553 1040 λόγον
1583 970 1712 1024 ἀπο-

1830 985 1978 1025 nem.
2030 969 2288 1024 Decimus
2322 969 2547 1040 quippe,
2592 969 2794 1024 fratres
2822 969 2953 1035 mei,
2999 982 3181 1027 annus
3216 972 3414 1044 agitur,

79 1060 318 1117 δοῦναι
343 1062 552 1133 μέλλων
582 1064 720 1135 ὑπὲρ
752 1064 909 1135 ὑμῶν
929 1080 943 1094 ·
976 1064 1099 1118 ἐπεὶ
1140 1065 1233 1118 καὶ¹
1259 1064 1447 1121 τοῦτον
1475 1064 1587 1133 ἐγὼ
1623 1080 1712 1133 φο‹

1819 1059 1969 1130 quod
2003 1059 2223 1130 vigilem
2275 1074 2377 1130 pro
2428 1059 2717 1114 animabus
2756 1060 2976 1127 vestris,
3012 1075 3114 1117 nec
3153 1061 3416 1118 desierim

82 1151 337 1223 ὗοῦμαι
363 1154 453 1207 τὸν
491 1154 654 1223 φόϐον
691 1155 798 1218 ἀεὶ,
832 1155 908 1224 μὴ
939 1156 1048 1209 τῶν
1070 1156 1341 1226 ἀφιέντων
1369 1157 1438 1211 τά
1470 1155 1712 1228 πρόϐατα

1821 1167 1983 1208 orare
2013 1152 2185 1207 Deum
2211 1167 2336 1207 cum
2372 1151 2655 1224 lacrymis,
2691 1161 2949 1223 tanquam
2989 1153 3259 1209 rationem
3290 1152 3418 1208 reda

88 1245 423 1313 μισθωτῶν
466 1245 561 1300 καὶ
599 1246 930 1316 φευγόντων,
962 1242 1044 1313 οἷς
1072 1247 1230 1317 ὀλίγα
1260 1247 1418 1319 μέλει
1466 1247 1597 1318 περὶ
1624 1245 1712 1300 αύ‹

1822 1244 2043 1300 diturus
2079 1260 2179 1315 pro
2222 1244 2399 1300 vobis.
2431 1244 2703 1312 Quoniam
2738 1253 2795 1299 et
2829 1261 2932 1317 ego
2968 1254 3252 1315 nunquam
3302 1260 3417 1300 non

82 1336 258 1400 τῶν,
298 1338 396 1391 καὶ
429 1337 491 1392 ού
520 1337 629 1391 τῶν
661 1336 937 1409 ποιμένων
980 1332 1061 1404 εἷς
1092 1339 1321 1411 εὑρεθῶ,
1353 1338 1462 1394 τῶν
1496 1339 1592 1394 καὶ
1617 1338 1712 1409 ψυ-

1822 1335 1920 1391 illo
1955 1336 2206 1392 incessor
2233 1336 2452 1403 timore,
2480 1351 2551 1392 ne
2580 1337 2804 1392 illorum
2828 1353 2974 1392 unus
3006 1335 3413 1407 deprehendar,

82 1430 228 1500 χὴν
256 1430 431 1500 αὐτὴν
470 1429 640 1499 ἡδέως
665 1432 763 1500 τῆς
794 1432 1031 1503 ποίμνης
1066 1432 1431 1503 προϊεμένων,

1824 1428 1918 1498 qui
1942 1428 2195 1484 mercede
2218 1428 2501 1495 conducti,
2530 1428 2599 1485 de
2621 1429 2820 1485 ovibus
2845 1429 3070 1485 solliciti
3094 1444 3413 1501 perparum,

82 1521 350 1578 easdem
378 1521 662 1577 dimittunt
690 1532 856 1594 atque
883 1523 1133 1595 fugiunt;
1175 1541 1285 1580 non
1318 1538 1453 1581 vero
1484 1523 1707 1579 illorum
1745 1528 2055 1592 pastorum,
2087 1520 2183 1592 qui
2244 1519 2457 1577 animus
2520 1536 2650 1578 suas
2686 1538 2789 1594 pro
2819 1523 3199 1579 incolumilate
3227 1526 3414 1595 gregis

81 1615 206 1669 sui
241 1614 460 1669 lubenti
502 1614 688 1669 animo
713 1624 949 1687 ponunt.

189 1708 335 1773 ρλξ.
390 1706 551 1761 Ἀλλά
595 1711 662 1780 τῇ
703 1709 932 1780 δυνάμει
997 1712 1096 1781 τῆς
1142 1710 1350 1765 ἄνωθεν
1412 1709 1712 1782 βακτηρίας

1896 1706 2020 1761 137.
2055 1706 2312 1761 Attamen
2361 1706 2591 1776 superni
2619 1706 2825 1762 virtute
2861 1707 3043 1763 baculi
3080 1710 3414 1768 corrobora-

88 1798 495 1871 ρωννύμενος,
526 1801 791 1869 γενναίως
819 1800 910 1856 τὸν
941 1802 1085 1874 θῆρα
1121 1802 1285 1873 μέχρι
1315 1801 1453 1864 τέως
1500 1802 1595 1856 νῦν
1618 1801 1712 1871 ἀφ’

1823 1805 1945 1863 tus,
1977 1813 2153 1867 usque
2178 1797 2233 1851 in
2260 1812 2502 1867 praasens
2532 1807 2749 1868 tempus
2777 1800 2954 1869 repuli
2991 1816 3021 1854 a
3062 1802 3220 1858 vobis
3247 1819 3415 1874 gene-

87 1891 286 1961 ὑμῶν
327 1891 650 1946 ἀπεσόόουν.
682 1891 873 1947 Οἴδατε
902 1894 1013 1964 γὰρ
1044 1893 1277 1957 ποσάκις
1311 1892 1468 1963 ὑμῶν
1507 1893 1568 1947 οὐ
1599 1892 1712 1947 δια-

1821 1903 1946 1943 rose
1976 1887 2147 1943 feram
2178 1887 2529 1943 infernalem.
2562 1889 2751 1946 Nostis
2783 1892 2933 1946 enim
2968 1893 3161 1963 probe,
3190 1895 3413 1965 quoties

88 1984 364 2040 θολῶσαι
399 1985 560 2055 μόνον
599 1986 866 2059 ἐπειράθη
894 1986 983 2042 τὸν
1012 1987 1160 2055 νοῦν,
1196 1987 1293 2042 καὶ
1331 1986 1468 2060 πρὸς
1516 1985 1713 2041 ὲπιθυ‹

92 2078 257 2149 μίας
304 2078 579 2148 κοσμικὰς
633 2078 863 2133 ἑλκῦσαι
898 2079 1000 2134 καὶ
1042 2081 1428 2143 κατασπᾶσαι,
1460 2077 1599 2134 ἀλλά
1624 2077 1722 2132 καὶ

90 2169 519 2241 συλαγωγῆσαι
562 2171 660 2225 καὶ
705 2170 1009 2243 ὑποκλέψαι
1046 2175 1139 2228 καὶ
1183 2175 1534 2229 παντάπασιν
1573 2173 1720 2243 ὑμᾶς

91 2262 423 2334 σκορπίσαι
448 2264 543 2316 καὶ
564 2262 877 2335 διασπεῖραι
899 2283 912 2296 ·
952 2266 1101 2335 ὅμως
1124 2265 1366 2338 ᾐσχύνθη
1387 2264 1477 2319 διά
1500 2265 1719 2319 πάντων

91 2356 212 2409 καὶ
233 2354 617 2427 ἀπεκρούσθη,
650 2357 805 2412 οὐδὲν
839 2358 1003 2413 πλέον
1050 2358 1152 2430 τῆς
1189 2359 1458 2431 τοσαύτης
1482 2360 1719 2431 σπουδῆς

90 2450 136 2521 ἢ
181 2450 402 2522 λύσσης
430 2451 713 2522 ὀνάμενος,
736 2453 818 2506 ὅτι
857 2454 932 2525 μὴ
967 2454 1028 2507 τὸ
1057 2454 1291 2524 φανῆναι
1331 2454 1493 2509 πλέον
1523 2455 1715 2519 κακὸς.

91 2543 173 2596 τὸ
206 2542 452 2615 μάλιστα
477 2542 695 2598 πάντων
733 2544 883 2616 αὐτῷ
922 2546 1365 2601 σπουδαιότατον.
1391 2546 1505 2601 Νῦν
1537 2547 1632 2601 οὖν
1652 2548 1717 2601 ἐί

92 2636 215 2687 καὶ
256 2634 335 2707 μὴ
377 2632 569 2705 πολλὴ,
597 2634 723 2707 μηδ’
779 2636 874 2689 ἐπὶ
904 2635 1063 2704 πολὺ,
1105 2637 1525 2710 συγκεχώρηται
1555 2638 1599 2692 δ’
1622 2634 1715 2693 οὖν

94 2742 201 2789 τις
228 2726 385 2796 ὅμως
408 2726 558 2797 αὐτῷ
586 2726 710 2781 καθ’
738 2728 897 2799 ἡμῶν
928 2728 1153 2795 ἐξουσία
1173 2747 1189 2762 ⁸
1223 2731 1287 2784 ού
1317 2730 1425 2803 μὴν
1453 2730 1593 2785 ἀλλὰ
1622 2732 1716 2784 καὶ

98 2816 269 2871 κατά
333 2817 444 2871 τῶν
502 2819 734 2888 νηπίων,
784 2820 922 2891 πρὸς
980 2821 1038 2875 δὲ
1097 2823 1192 2877 καὶ
1257 2822 1368 2876 τῶν
1431 2824 1488 2875 ὲν
1542 2824 1711 2894 ἀρετῇ

100 2908 348 2973 ζώντων
405 2912 534 2983 παρ’
585 2904 660 2967 ὧν
708 2913 911 2986 δηλαδὴ
962 2916 1056 2970 καὶ
1096 2913 1298 2969 πλείων
1338 2917 1373 2987 ἠ
1415 2916 1600 2987 πληγὴ
1634 2914 1714 2986 τῷ

100 3002 407 3074 βασκάνῳ,
460 3005 553 3059 καὶ
608 3007 741 3078 πρὸς
792 3007 888 3071 οὓς
944 3008 1138 3082 ἐκείνῳ
1202 3008 1366 3065 πάλιν
1422 3010 1452 3063 6
1518 3010 1712 3079 φθόνος

99 3097 623 3168 περιφανέστεροςο
652 3099 768 3154 ἀλλ’
789 3101 889 3154 οὐκ
920 3101 1210 3174 ἀποστήσῃ
1240 3104 1269 3155 6
1294 3102 1712 3173 ὑπερασπιστὴς

105 3205 254 3260 μου,
281 3187 483 3261 Κύριε.

193 3436 338 3508 ρλην.
371 3432 505 3490 Εἶτα
552 3438 647 3490 καὶ
686 3434 827 3490 αὐτὰ
880 3439 991 3501 τοῖς
1035 3437 1309 3507 μαθηταῖς
1349 3434 1596 3507 ἐξηγεῖτο
1645 3438 1714 3489 τά

105 3527 415 3598 ὁραθέντα,
444 3527 771 3597 προσιόντας
803 3526 903 3598 μὲν
931 3529 1052 3591 ταῖς
1086 3526 1317 3598 ούρανοῦ
1355 3525 1555 3589 πύλαις
1585 3528 1713 3591 τοὺς

106 3619 423 3683 ἐκλεκτοὺς
483 3619 750 3689 ἀγγέλους
793 3620 875 3684 είς
916 3619 1293 3693 προσκύνησιν
1328 3619 1561 3675 ἐνώπιον
1616 3618 1711 3673 τοῦ

107 3712 285 3777 Θεοῦ,
310 3712 695 3783 παρεστηκότα
713 3710 771 3765 δὲ
798 3712 889 3766 τὸν
915 3712 1183 3777 διάὸολον,
1211 3712 1441 3768 Αἰθίοπα
1462 3752 1477 3777 ,
1503 3729 1713 3766 σκοτει-

109 3807 217 3861 νὸν
253 3804 379 3858 ὅλον
401 3844 415 3860 .
447 3803 636 3874 ἀναιδῆ
669 3805 771 3876 την
802 3803 944 3875 ᾶᾷιν,
987 3803 1146 3876 ὓδριν
1184 3805 1447 3870 πνέοντα,
1480 3805 1714 3875 αἵματος

109 3896 264 3969 ὁμοῦ
303 3897 399 3950 καὶ
430 3896 599 3968 πυρὸς
625 3897 754 3960 τοὺς
789 3895 1103 3968 ὀφθαλμοὺς
1142 3897 1459 3962 ὑπόπλεων,
1494 3898 1594 3949 οὐκ
1620 3896 1712 3949 ἐπί

110 4008 274 4055 τινος
305 3990 433 4054 τοὺς
454 3990 621 4054 πόδας
645 3989 869 4061 στερεοῦ
889 3990 1183 4064 βεϐηκότα,
1214 3991 1351 4045 ἀλλά
1378 3992 1518 4045 κατὰ
1549 3992 1712 4062 μέσον

111 4084 292 4140 οἱονεὶ
323 4084 417 4137 τὸν
436 4084 593 4157 ἀέρα,
618 4083 888 4155 βρύχοντα
924 4085 1021 4156 μὲν
1048 4084 1283 4156 φοϐερόν
1308 4101 1362 4138 τι
1391 4086 1486 4138 καὶ
1509 4084 1713 4155 θηριῶ-

107 4179 234 4244 δες,
283 4176 380 4228 καὶ
428 4176 703 4240 κινοῦντα,
753 4178 907 4249 φησὶ,
947 4177 1044 4248 τὴν
1084 4177 1329 4250 κεφαλὴν
1389 4175 1512 4233 κατ’
1552 4177 1710 4249 ἐμοῦ,

111 4276 467 4346 ἀναμένοντα
495 4276 551 4329 δὲ
582 4277 730 4347 ὅμως
755 4278 856 4340 τάς
886 4277 1211 4348 ἀποφάσεις,
1246 4278 1432 4350 φωνήν
1462 4295 1521 4331 τε
1561 4277 1715 4349 παρὰ

114 4370 157 4420 Κ
173 4368 340 4437 υρίου
358 4369 493 4437 πρὶς
517 4367 679 4421 αὑτὸν
696 4367 1003 4439 ὲνηνέχθαι,
1033 4370 1301 4435 Πάταξον,
1321 4369 1609 4441 λέγουσαν,
1640 4372 1711 4424 τὰ

110 4458 318 4514 παιδία
345 4461 438 4512 καὶ
471 4461 598 4522 τοὺς
639 4460 840 4524 καλοὺς
870 4460 980 4514 τῶν
1024 4460 1351 4532 ἀνθρώπων,
1389 4464 1481 4518 τὸν
1517 4465 1573 4519 δὲ
1612 4465 1711 4518 ἀπ’

111 4550 261 4623 ἐμοῦ
290 4567 350 4603 τε
380 4549 650 4621 ἄρξασθαι
701 4549 945 4621 πρώτου,
975 4549 1229 4621 καθάπερ
1274 4552 1367 4605 ἐπὶ
1409 4551 1505 4606 τοῦ
1546 4552 1667 4605 Ἰώό
1692 4569 1704 4584 ·

1825 1996 1940 2035 non
1970 1980 2135 2035 modo
2169 1980 2392 2036 turbare
2420 1988 2662 2037 mentem
2687 1991 2948 2051 vestram,
2972 1999 3205 2057 eamque
3234 1987 3302 2043 ad
3322 2004 3411 2044 re-

1822 2088 1946 2126 rum
1982 2070 2385 2127 mundanarum
2412 2072 2751 2128 desiderium
2782 2074 3000 2131 allicere
3032 2085 3198 2146 atque
3218 2076 3408 2135 detra-

1823 2163 1991 2229 here;
2018 2162 2114 2219 sed
2139 2164 2307 2217 etiam
2339 2163 2575 2233 spoliare
2600 2164 2773 2235 gratia
2799 2164 2986 2221 divina
3011 2181 3076 2221 ac
3100 2166 3408 2233 denudare,

1822 2258 1934 2313 imo
1963 2265 2019 2313 et
2046 2273 2147 2313 vos
2175 2258 2327 2329 ipsos
2350 2257 2669 2329 dispergere
2694 2259 2920 2314 omnino
2941 2276 3008 2315 ac
3028 2260 3295 2331 dissipare
3317 2278 3412 2318 co-

1820 2359 1984 2405 natus
2004 2348 2077 2404 sit
2104 2358 2519 2404 :verumtamen
2549 2348 2814 2405 confusus
2842 2350 3049 2421 ubique
3072 2359 3129 2406 et
3155 2354 3412 2423 repulsus

1818 2450 1938 2508 est;
1972 2441 2111 2497 nihil
2139 2441 2290 2497 aliud
2321 2441 2600 2497 commodi
2631 2458 2699 2498 ex
2740 2451 2894 2497 tanto
2928 2456 3131 2499 conatu
3156 2455 3214 2501 et
3254 2446 3411 2503 rabie

1820 2543 2041 2600 nactus,
2072 2548 2238 2603 quam
2274 2533 2424 2603 quod
2457 2543 2611 2588 tanto
2664 2534 3043 2604 perniciosior
3092 2540 3415 2608 apparuerit

1817 2634 2025 2696 quanto
2054 2625 2312 2680 adhibuit
2342 2625 2470 2696 plus
2493 2634 2749 2682 conatus.
2782 2625 2943 2682 Nunc
2973 2626 3161 2698 igitur,
3192 2630 3412 2685 tametsi

1816 2733 1929 2772 non
1968 2733 2163 2789 magna
2200 2733 2304 2773 nec
2346 2717 2476 2774 latis
2545 2719 2966 2790 circumscripta
3013 2721 3263 2777 terminis
3304 2721 3411 2793 ipsi

1815 2804 2049 2863 facultas
2071 2807 2307 2863 nocendi
2332 2808 2459 2864 data
2481 2809 2574 2875 sit,
2605 2809 2790 2880 aliqua
2819 2821 3004 2867 tamen
3034 2826 3295 2867 concessa
3326 2818 3413 2868 est

1814 2907 2008 2955 contra
2042 2915 2179 2967 nos;
2218 2915 2323 2956 nec
2356 2909 2567 2957 tantum
2599 2912 2792 2956 contra
2827 2903 3060 2969 tirones,
3111 2905 3207 2959 sed
3242 2904 3413 2961 etiam

1814 3000 2005 3046 contra
2037 2992 2161 3047 illos
2199 2992 2294 3063 qui
2334 2992 2389 3048 in
2425 2992 2516 3047 via
2562 2993 2829 3049 virtutum
2881 2996 3127 3065 provecti
3170 3006 3332 3064 sunt;
3377 3012 3412 3054 α

1813 3084 2023 3155 quibus
2054 3102 2255 3156 nempe
2280 3095 2337 3141 et
2365 3088 2585 3158 gravior
2630 3088 2788 3157 plaga
2822 3088 3013 3143 invido
3066 3089 3212 3144 hosti
3262 3088 3411 3144 inlli-

1812 3176 1981 3248 gitur,
2018 3186 2075 3233 et
2117 3190 2311 3234 contra
2352 3195 2496 3248 quos
2548 3179 2666 3249 ipse
2698 3179 2945 3235 vicissim
2999 3181 3206 3236 invidia
3253 3182 3411 3238 ardet

1737 3271 1783 3334 C
1816 3269 2189 3325 manifestiore
2220 3288 2234 3323 :
2263 3271 2361 3326 sed
2393 3281 2473 3338 tu,
2506 3272 2759 3338 Domine,
2800 3283 3183 3345 prepugnator
3219 3290 3397 3344 meus,

1818 3370 1943 3415 tuos
1966 3376 2078 3415 non
2114 3361 2408 3417 destitues.

1890 3454 2009 3509 I38.
2052 3453 2262 3509 Deinde
2294 3463 2352 3511 et
2382 3469 2504 3526 qua:
2524 3454 2740 3511 viderat
2769 3454 3060 3528 discipulis
3084 3459 3365 3517 enarravit
3389 3478 3404 3516 :

1815 3542 2020 3599 vidisse
2050 3560 2248 3616 nempe
2278 3547 2488 3601 electos
2527 3546 2626 3602 Dei
2651 3548 2896 3620 angelos,
2930 3549 2999 3605 ad
3033 3559 3223 3622 portas
3255 3553 3406 3619 caeli,

1815 3634 1989 3692 Deum
2020 3653 2182 3693 suum
2226 3638 2577 3705 adoraturos,
2613 3639 2874 3698 advolare
2906 3659 2920 3694 :
2960 3642 3163 3701 vidisse
3194 3653 3251 3701 et
3288 3645 3408 3702 dia-

1815 3728 2003 3784 bolum
2054 3738 2222 3795 stare,
2292 3730 2547 3787 indutum
2596 3731 2934 3805 Ethiopem,
2992 3737 3403 3796 tenebricosum

1814 3830 2013 3889 totum,
2048 3823 2187 3879 facie
2213 3824 2539 3891 deformem,
2586 3827 2892 3883 calumnias
2917 3828 3241 3898 spirantem,
3278 3847 3405 3887 sam

1811 3911 1979 3984 guine
2018 3912 2174 3983 juxta
2204 3920 2261 3969 et
2304 3912 2430 3984 igne
2478 3915 2657 3969 oculis
2695 3914 2989 3980 suffusum,
3039 3916 3179 3971 nulli
3226 3916 3404 3972 fulcro

1814 4000 2050 4071 pedibus
2084 4001 2358 4067 innixum,
2383 4003 2480 4057 sed
2513 4002 2699 4058 medio
2724 4004 2894 4059 veluti
2930 4020 3058 4060 aere
3089 4005 3402 4062 consisten-

1816 4101 1947 4157 tem,
2007 4092 2336 4148 horribilem
2379 4093 2734 4165 ferarumque
2784 4097 2840 4149 in
2885 4094 3109 4149 modum
3154 4094 3399 4152 fremen-

1814 4192 1960 4250 tem;
1992 4184 2087 4254 qui
2138 4199 2409 4239 converso
2457 4184 2648 4239 contra
2695 4200 2804 4247 me,
2842 4184 3149 4255 inquiebat,
3197 4186 3398 4257 capite,

1814 4292 2141 4346 responsum
2186 4276 2410 4347 aliquod
2444 4276 2905 4347 praestolabatur;
2935 4291 3127 4331 vocem
3156 4286 3340 4332 autem
3367 4293 3399 4333 a

1813 4369 2046 4424 Domino
2073 4369 2337 4440 allapsam
2379 4384 2523 4435 esse,
2554 4368 2832 4424 dicentem
2864 4387 2877 4423 :
2912 4369 3147 4423 Percute
3195 4385 3399 4440 pueros

1812 4471 1867 4517 et
1897 4461 2255 4517 formosiores
2292 4477 2572 4532 quosque;
2621 4461 2774 4515 illum
2830 4476 2961 4517 vero
3005 4461 3253 4533 petiisse,
3289 4460 3397 4517 sibi

1815 4559 1877 4605 ut
1908 4550 2101 4606 liceret
2135 4566 2164 4605 a
2200 4567 2310 4615 me,
2343 4550 2808 4621 quemadmodum
2838 4551 2969 4605 olim
2998 4566 3029 4605 a
3060 4562 3249 4607 sancto
3268 4551 3395 4617 Job,

111 4638 403 4703 αἰτοῦντα,
435 4639 527 4693 καὶ
552 4638 610 4692 τὸ
631 4639 912 4708 ἐνδόσιμον
944 4634 1032 4693 οἵα
1069 4639 1436 4711 λαμϐάνοντα.
1470 4642 1655 4697 Ταῦτα
1681 4645 1709 4697 6

1816 4643 2103 4698 exordium
2137 4659 2391 4708 sumere;
2421 4644 2697 4713 simulque
2734 4643 3061 4699 vestimenta
3091 4644 3396 4714 apprehen-

114 4729 226 4801 μὲν
256 4731 371 4791 τοῖς
399 4728 644 4797 ἀδελφοῖς
676 4728 955 4800 ἐξηγεῖτο·
991 4732 1021 4783 6
1060 4730 1254 4803 ἐχθρὸς
1284 4731 1341 4785 δὲ
1381 4732 1481 4785 οὐκ
1514 4732 1710 4804 ἡμέλει

1816 4733 1976 4789 disse.
2008 4735 2201 4790 Istltaac
2229 4744 2455 4790 sanctus
2487 4734 2712 4805 quidem
2760 4737 3022 4792 narrabat
3070 4736 3341 4792 fratribus
3373 4755 3389 4791 :

111 4820 348 4887 κακίας,
380 4820 495 4875 ἀλλ’
526 4820 704 4876 ἔπεισι
747 4823 869 4876 κατ’
902 4822 1069 4879 αὐτοῦ
1112 4824 1336 4896 μεγάλῳ
1375 4824 1709 4897 βρυχήματι,

112 4914 221 4968 καὶ
267 4912 369 4979 τὴν
412 4914 742 4985 δερματίνην
793 4916 873 4980 ὡς
913 4911 1025 4987 εἶχε
1063 4915 1319 4989 μηλωτῆν
1365 4919 1588 4983 ὑποδὺς,
1624 4920 1712 4974 ἴνα

114 5008 220 5060 καὶ
248 5006 625 5077 σφοδρότερον,
647 5009 723 5072 ὡς
742 5006 901 5078 ᾤετο,
933 5009 1258 5082 περιτρέψῃ,
1279 5010 1477 5082 πάσχει
1512 5011 1714 5082 μᾶλλον

112 5100 142 5154 ε
171 5100 312 5172 δρᾷν
357 5101 387 5153 6
424 5100 652 5170 μάταιος
680 5100 900 5172 ἦλπισε,
927 5103 1019 5155 καὶ
1050 5102 1284 5172 χαλεπὸν
1310 5103 1472 5168 αὐτὸς
1503 5104 1706 5176 πτῶμα

113 5191 498 5262 κατενεχθεὶς,
536 5192 711 5264 ᾤχετο
734 5192 1006 5259 διαλυθεὶς
1048 5196 1140 5250 ῐσα
1186 5197 1400 5268 καπνῷ,
1445 5196 1706 5268 πώγωνος

114 5284 291 5356 ψαύει
327 5282 487 5356 μόνον
506 5285 609 5349 τὰς
640 5286 834 5358 τρίχας
862 5286 1148 5359 περιελὼν,
1179 5286 1275 5344 καὶ
1294 5290 1499 5361 γυμνὸν
1528 5292 1706 5346 ἐκεῖνο

115 5379 184 5432 τὸ
216 5377 386 5449 μέρος
417 5378 552 5431 ὃπου
585 5377 788 5451 δηλαδὴ
815 5378 1076 5449 ψαύσειεν
1117 5382 1490 5451 ἀπολελοιπώς
1513 5403 1528 5418 ο
1574 5387 1711 5442 ἀλλά

117 5472 218 5525 καὶ
246 5470 406 5524 τοῦτο
454 5471 659 5542 κόσμος
705 5472 880 5527 ἐδόκει
913 5471 991 5546 τῷ
1035 5475 1280 5547 Συμεὼν,
1309 5472 1479 5551 ἧτταν
1509 5480 1709 5553 ἀγεννῆ

118 5562 216 5617 τ-λδ
251 5560 552 5617 ἀντιπάλου
585 5563 809 5636 μηνύον.

447 5832 721 5896 ΡΑτιιοι..
769 5838 885 5898 Gn.
934 5828 1248 5901 LXXXV].

1809 4828 1984 4883 hostis
2017 4844 2149 4883 vero
2193 4828 2399 4883 nullam
2434 4827 2816 4884 malefaciendi
2858 4829 3204 4885 occasionem
3250 4845 3391 4901 pne-

1810 4920 2227 4976 termittendatn
2262 4931 2438 4987 ratus,
2476 4937 2674 4993 magno
2708 4937 2834 4978 cum
2868 4922 3093 4977 fremitu
3138 4922 3193 4977 in
3234 4923 3392 4978 illum

1811 5012 1996 5077 irruit,
2024 5012 2450 5085 pellieeamque,
2484 5022 2545 5069 ut
2583 5024 2823 5085 poterat,
2855 5014 3116 5070 melotem
3155 5015 3388 5072 subiens

1812 5121 1924 5176 quo
1940 5106 2348 5172 vehementius,
2371 5108 2448 5162 uti
2468 5108 2720 5178 putabat,
2740 5108 2921 5178 ipsum
2943 5117 3246 5176 everteret;
3276 5122 3394 5180 pas-

1813 5213 1909 5253 sus
1941 5198 2128 5269 potius
2170 5198 2226 5253 id
2251 5200 2432 5270 ipsum
2460 5200 2628 5255 miser
2650 5208 2757 5265 est,
2792 5200 2943 5270 quod
2970 5200 3177 5257 inferre
3206 5216 3392 5273 spera-

1812 5290 1941 5353 bat;
1974 5286 2331 5362 dejectusque
2360 5292 2511 5364 gravi
2542 5308 2674 5347 casu
2723 5292 2882 5358 abiit,
2907 5292 3063 5363 quasi
3094 5292 3150 5348 in
3177 5292 3392 5350 fumum

1813 5381 2093 5437 resolutus
2118 5399 2132 5436 :
2168 5382 2488 5453 evulsisque
2517 5390 2731 5438 tantum
2760 5383 3049 5455 prehensa:
3076 5383 3260 5438 barba:
3285 5384 3395 5439 cri-

1807 5471 1995 5530 nibus.
2018 5472 2328 5528 membrum
2362 5474 2495 5529 illud
2525 5474 2675 5544 quod
2717 5473 2970 5545 tetigerat
3004 5471 3216 5528 nudum
3262 5472 3392 5528 reli-

1807 5564 1953 5634 quit.
1980 5564 2089 5620 Sed
2123 5574 2181 5621 et
2227 5566 2335 5621 hoc
2363 5582 2583 5622 summo
2616 5566 2723 5621 sibi
2769 5571 3101 5621 ornamento
3136 5563 3390 5618 vertebat

1810 5654 2069 5725 Symeon,
2146 5665 2335 5727 utpote
2393 5657 2732 5728 patefaciens
2778 5657 2988 5714 mundo
3064 5654 3388 5711 indecorum

1810 5746 2117 5805 adversarii
2157 5750 2495 5807 conﬂictum.

2900 5843 2976 5905 98
