3944 6490
557 287 698 351 Βῖίὸ

1781 270 1843 333 S.
1883 264 2260 330 SYMEONIS
2298 261 2657 325 JUNIORIS

3681 258 3798 322 3116

630 398 754 451 159.
816 392 936 447 Mox
999 389 1297 460 praeclarus
1322 382 1655 455 agonotheta
1687 378 1944 436 Christus
1978 394 2143 449 gene—

2321 373 2456 445 ρλϐ’.
2497 371 2672 434 Εὐθὺς
2700 369 2755 423 δὲ
2788 368 2881 423 καὶ
2926 368 2957 420 6
3004 368 3167 432 καλὸς
3204 368 3551 437 ἀγωνοθέτης
3594 369 3799 441 Χριςτδις

563 505 689 545 roso
730 485 903 558 pugili
962 498 1064 539 suo
1112 478 1402 552 prmmium
1466 472 1730 530 retribuit
1785 489 1799 524 :
1869 485 2141 542 apparens

561 584 708 638 enim
736 577 916 648 tetigit
946 576 1087 630 clam
1136 571 1337 627 faciem
1391 568 1534 638 ejus,
1572 574 1629 621 et
1659 562 1927 618 continuo
1992 562 2140 616 enati

563 669 906 733 suntcrines,
924 674 981 721 et
1001 668 1226 720 ornatus
1246 658 1514 731 pristinus
1541 654 1727 710 barba:
1758 653 1946 707 rediit.
1968 651 2143 723 igitur

564 772 756 835 aperto
814 768 991 843 marte
1040 752 1264 826 aggredi
1326 751 1656 822 Symeonem
1719 761 1871 801 nunc
1918 759 2144 815 quoque

564 854 774 910 difﬁsus
808 835 1061 911 satanas,
1099 845 1303 916 quippe
1331 843 1399 897 ab
1431 841 1525 895 illo
1550 840 1800 912 dejectus
1854 835 2147 892 manifeste

565 964 628 1003 ac
660 953 973 1016 superatus,
1003 941 1268 1008 deinceps
1299 935 1367 991 ad
1417 943 1565 989 artes
1597 948 1655 988 se
1688 947 1817 987 suas
1868 939 1925 985 et
1988 929 2144 1000 igna-

566 1053 695 1093 vum
721 1049 914 1106 pugnae
940 1045 1113 1102 genus
1147 1025 1473 1090 convertit;
1510 1022 1674 1077 modo
1708 1021 1905 1075 fratres
1949 1019 2149 1073 adver-

567 1146 662 1185 sus
699 1134 949 1183 sanctum
982 1119 1297 1192 instigando
1324 1136 1339 1184 ;
1375 1116 1538 1171 modo
1571 1114 1756 1175 fidem,
1781 1127 1945 1183 quam
1972 1126 2148 1181 popu-

570 1225 656 1277 lus
686 1222 739 1275 in
767 1220 885 1290 ipso
921 1215 1219 1286 repositam
1263 1210 1503 1265 habebat
1521 1204 1950 1274 ,labefactando;
2010 1202 2152 1256 alias

570 1314 857 1386 praafectos
905 1305 1416 1377 circumjacentium
1469 1300 1718 1363 urbium,
1762 1297 1831 1351 ob
1860 1298 1952 1367 jus
1999 1292 2148 1365 quod

571 1406 676 1461 sibi
707 1406 759 1458 in
791 1411 1029 1457 montem
1070 1399 1307 1468 quisque
1332 1392 1709 1455 vindicabant,
1735 1396 1928 1443 contra
1960 1388 2140 1440 virum

572 1498 670 1553 Dei
699 1492 1048 1551 concitando.
1088 1490 1251 1556 Quas'
1282 1495 1466 1542 autem
1524 1483 1615 1536 ille
1673 1479 1981 1541 machinas,
2014 1491 2152 1547 quas

574 1596 719 1643 artes
785 1599 896 1638 non
966 1580 1195 1636 adduxit
1252 1584 1445 1632 contra
1504 1571 1756 1627 inﬁrmos
1816 1567 2145 1623 bellatores!

574 1680 816 1749 quicum
854 1671 1170 1728 adversario
1205 1684 1402 1723 manus
1454 1681 1562 1721 non
1622 1663 1893 1718 audentes
1946 1652 2146 1713 conse-

2247 467 2308 520 τὸ
2341 464 2592 537 βραϐεῖον
2647 461 2843 527 ἐδίδου,
2877 461 2974 513 καὶ
3016 459 3094 531 τῷ
3122 461 3356 529 γενναίῳ
3383 460 3691 529 ἐπιφανεὶς,
3718 465 3802 516 az.

2246 569 2398 606 τεται
2423 550 2516 603 τοῦ
2542 548 2835 621 προσώπου
2867 550 3136 619 κρυφίως,
3172 549 3269 602 καὶ
3315 549 3665 621 παραχρῆμα
3687 553 3803 608 αἵτε

2247 644 2433 716 ’τρίχες
2481 643 2728 711 ἐφύοντο,
2756 642 2850 694 καὶ
2897 642 2925 693 6
2967 640 3168 709 πώγων
3222 638 3373 705 αύτῷ
3423 641 3594 694 πάλιν
3632 641 3701 705 ὡς
3729 646 3805 696 καὶ

2249 734 2445 806 πρώην
2469 732 2667 802 ἐκόμα.
2701 732 2813 802 Τῆς
2843 729 2981 801 πρὸς
3020 729 3181 783 αὑτὸν
3208 729 3389 784 τοίνυν
3417 731 3485 782 ἐκ
3538 728 3636 782 τοῦ
3671 748 3806 798 quva.

2251 825 2348 898 ροῦ
2384 826 2482 881 καὶ
2532 826 2628 880 νῦν
2670 820 2991 895 συμπλοκῆς
3018 824 3048 876 6
3114 823 3354 893 πονηρὸς
3411 823 3705 890 ἀπογνοὺς,
3732 823 3805 875 ἅτε

2250 919 2523 992 λαμπρῶς
2560 918 2690 987 παρ’
2723 915 2888 970 αὐτοῦ
2938 914 3412 985 καταϐεϐλημένος
3460 915 3562 968 καὶ
3598 915 3806 984 ἡττημέ-

2251 1027 2363 1077 νος,
2396 1010 2491 1064 ἐπὶ
2523 1009 2624 1080 τὴν
2654 1009 2852 1079 τέχνην
2882 1007 3011 1075 ἑξῆς
3035 1006 3127 1059 καὶ
3151 1005 3250 1075 τὴν
3284 1003 3675 1073 ἀνελευθερίαν
3697 1004 3807 1071 ἐχώ-

2255 1088 2339 1171 ρει
2370 1116 2386 1132 ο
2419 1099 2516 1154 καὶ
2560 1099 2656 1151 νῦν
2703 1098 2801 1168 μὲν
2834 1096 2984 1165 αὐτῷ
3013 1096 3140 1156 τοὺς
3170 1093 3433 1160 ἀδελφοὺς
3456 1094 3807 1163 ἐκταράττειν,

2251 1190 2347 1247 νῦν
2362 1190 2418 1245 δὲ
2438 1192 2551 1254 τοῖς
2572 1190 2751 1261 δχλοις
2768 1189 2866 1260 τὴν
2890 1190 2968 1252 εἰς
2991 1187 3157 1241 αὑτὸν
3188 1185 3373 1238 πίστιν
3398 1184 3807 1255 διαψυχραίνειν,

2253 1284 2349 1340 νῦν
2399 1284 2456 1337 δὲ
2504 1284 2630 1347 τοὺς
2679 1279 3031 1353 προεστῶτας
3087 1278 3199 1333 τῶν
3254 1277 3445 1347 κύκλῳ
3482 1277 3710 1340 πόλεων,
3734 1280 3810 1347 τῆς

2253 1374 2349 1428 τοῦ
2380 1376 2543 1446 ὅρους
2572 1375 2761 1428 ἕνεκεν
2785 1373 2953 1427 αὑτοῦ
2988 1375 3162 1445 νομῆς
3188 1374 3531 1444 ἐπεγείρειν.
3576 1374 3703 1426 Τίνα
3732 1392 3813 1443 μηο

2254 1467 2425 1539 χανὴν
2447 1468 2480 1539 ἢ
2523 1467 2758 1537 σπουδὴν
2781 1468 2881 1520 οὐκ
2904 1467 3091 1538 εἰσῆγε
3116 1467 3257 1521 κατὰ
3289 1467 3416 1528 τοὺς
3458 1464 3705 1528 ἀσθενεῖς
3728 1467 3816 1518 τῶν

2254 1560 2552 1632 πολεμίων,
2575 1560 2626 1613 οἷ
2687 1560 2766 1630 τῷ
2832 1561 3111 1631 ἀντιπάλῳ
3166 1564 3355 1631 χεῖρας
3419 1559 3487 1612 οὐ
3536 1557 3814 1627 τολμῶντες

2254 1655 2503 1722 ἐπάγειν,
2551 1654 2938 1725 παράπτεσθαί
2962 1672 3013 1707 τι
3049 1653 3240 1707 τούτου
3278 1652 3370 1706 διὰ
3403 1652 3521 1705 τῶν
3550 1651 3702 1713 εκτὸς
3742 1651 3815 1702 ἀν-

577 1785 718 1834 rerc,
755 1765 1025 1838 ignaviter
1059 1762 1438 1822 teutabantur,
1472 1765 1534 1811 ut
1574 1754 1821 1831 externis
1860 1767 1917 1807 se
1983 1750 2152 1805 rebus

2256 1744 2553 1816 ελευθέρως
2584 1744 2899 1817 πειρῶνται.
2946 1744 3107 1797 Ἀλλὰ
3138 1744 3359 1814 μείζονα
3399 1741 3716 1802 κάν-τούτοις
3736 1742 3815 1809 τὴν

574 1858 875 1917 dcmulccri
942 1854 1264 1923 moverique
1313 1854 1660 1921 paterentur.
1720 1843 1827 1899 Sed
1884 1843 2150 1913 majorem

574 1953 681 2009 sibi
712 1951 839 2006 inde
870 1947 1251 2004 confusionem
1278 1938 1653 2011 comparavit;
1690 1942 2000 2003 cunctaque
2033 1938 2155 1987 erat

575 2057 806 2099 cernere
833 2040 997 2094 aliter
1027 2035 1287 2091 evenisse
1321 2044 1484 2099 quam
1531 2032 1995 2098 praeconceperat.
2045 2020 2156 2076 llos

576 2137 725 2206 ipsos
762 2146 1001 2202 namque
1032 2126 1361 2191 discipulos,
1390 2132 1513 2194 post
1542 2122 1769 2176 brevem
1820 2117 1965 2170 illam
2016 2122 2154 2169 tem-

574 2237 866 2298 pestatem,
916 2238 1113 2279 secura
1182 2226 1560 2285 constansque
1624 2211 1857 2267 malacia
1917 2207 2153 2277 excepit,

575 2334 750 2388 eaque
782 2315 958 2387 priori
985 2313 1146 2383 longe
1178 2303 1570 2365 anteferenda:
1607 2301 1815 2372 quique
1857 2314 1985 2369 erga
2030 2312 2155 2351 san-

576 2416 910 2467 ctumcrant
965 2405 1299 2477 frigidiores,
1360 2397 1499 2453 adeo
1552 2392 1805 2451 succensi
1863 2397 1991 2445 sunt
2037 2388 2157 2459 ejus

577 2518 788 2568 amore,
814 2510 875 2555 ut
903 2498 1125 2570 quidam
1159 2511 1225 2549 ex
1258 2491 1393 2562 ipsis
1413 2486 1714 2549 haereticis,
1741 2482 1983 2553 antiquis
2037 2480 2154 2535 suis

576 2594 861 2650 erroribus
877 2588 1470 2650 valcdixerintmostra:
1491 2577 1813 2634 orthodoxae
1834 2574 1958 2629 fidei
1973 2582 2157 2644 partes

578 2684 871 2756 amplexati
905 2682 1048 2745 sint;
1087 2677 1244 2732 multi
1268 2689 1400 2728 vero
1432 2670 1760 2730 infidelium,
1789 2665 2011 2721 Graecos
2026 2672 2157 2734 puta

576 2788 632 2833 ct
648 2776 939 2836 Barbaros,
967 2779 1023 2825 et
1048 2768 1257 2825 similes
1278 2763 1565 2820 crassioris
1581 2760 1785 2816 erroris
1808 2759 2082 2821 homines,
2102 2758 2157 2812 in

577 2869 765 2943 gratia:
795 2868 1007 2926 lumen,
1040 2876 1150 2932 quo
1172 2859 1408 2930 Symeon
1440 2850 1846 2924 rcsplcndcbat,
1868 2848 2157 2904 reﬂecten-

576 2940 661 3019 tes
682 2959 895 3023 oculos,
929 2955 996 3010 ad
1037 2953 1329 3009 veritatem
1362 2945 1619 3002 conversi
1650 2944 1761 2997 sint
1790 2959 1803 2995 ε
1837 2940 1907 2995 iis
1950 2950 2155 3004 autem,

2256 1838 2517 1909 αἰσχύνην
2550 1835 2729 1907 ἐαυτῷ
2780 1836 3033 1908 προξένει
3058 1849 3072 1865 ·
3105 1836 3199 1888 καὶ
3223 1835 3329 1887 πᾶν
3368 1833 3581 1905 μᾶλλον
3617 1826 3684 1902 ἦν
3710 1826 3817 1901 όρᾷν

2256 1930 2589 1996 τούναντίον,
2619 1924 2681 1983 οὗ
2709 1928 2841 2001 δρᾷν
2893 1929 3101 1981 ἐκεῖνον
3146 1926 3415 1980 ἐϐούλετο.
3465 1924 3611 1991 Τούς
3638 1942 3694 1977 τε
3733 1926 3815 1993 γὰρ

2261 2022 2530 2093 μαθητὰς,
2591 2020 2732 2090 μετὰ
2771 2021 2866 2074 τὸν
2919 2019 3125 2092 βραχὺν
3181 2021 3390 2073 ἐκεῖνον
3421 2017 3612 2081 σάλον,
3642 2016 3813 2084 γαλήνη

2255 2112 2497 2186 ’σταθερὰ
2548 2112 2816 2179 διεδέξατο
2846 2114 2940 2167 καὶ
2968 2114 3065 2183 τῆς
3127 2113 3401 2183 προτέρας
3432 2108 3810 2182 ἀκριϐεστέρα.

2258 2207 2392 2261 οἵτε
2420 2206 2555 2278 πρὸς
2577 2206 2668 2262 τὸν
2695 2204 2851 2274 ἆγιον
2876 2201 3580 2275 ύποῷυχρανθέντεςοῦτως
3595 2202 3675 2265 είς
3690 2201 3813 2253 aliis

2260 2300 2469 2372 θέρμης
2501 2298 2678 2371 ἔσχον,
2731 2298 2808 2362 ὡς
2836 2299 2963 2362 τοὺς
2994 2298 3092 2368 μὲν
3121 2298 3299 2350 αὐτῶν
3329 2295 3651 2366 αἱρετικοὺς
3669 2296 3811 2358 ὄντες,

2262 2393 2449 2463 μακρὰ
2506 2394 2572 2463 τῇ
2631 2391 2840 2463 παλαιᾷ
2882 2391 3264 2461 σφῶνηάπάτῃ
3296 2390 3515 2460 χαίρειν
3575 2390 3813 2450 εἰπόντας,

2258 2487 2357 2555 τῆς
2397 2482 2681 2555 ὀρθοδόξου
2718 2484 2915 2552 μοίρας
2940 2482 3193 2551 γενέσθαι
3228 2483 3321 2535 καὶ
3359 2482 3647 2552 ἡμετέρας
3678 2498 3690 2510 ·
3717 2481 3812 2533 πολι

2258 2578 2383 2641 λοὺς
2408 2577 2462 2630 δέ
2488 2578 2583 2630 καὶ
2602 2575 2712 2630 τῶν
2739 2576 3014 2642 ἀπίστων,
3045 2575 3311 2646 Ἑλλήνων
3340 2574 3553 2646 δηλαδὴ
3580 2575 3673 2628 καὶ
3698 2575 3811 2644 Βαρ-

2260 2669 2443 2742 ϐάρων
2468 2669 2559 2721 καὶ
2583 2669 2681 2737 τῆς
2701 2667 2961 2738 τοιαύτης
2983 2666 3315 2738 παχύτητος,
3352 2665 3493 2737 πρὸς
3520 2665 3583 2719 τὸ
3610 2665 3715 2735 φῶς
3739 2665 3811 2733 τῆς

2260 2764 2317 2816 ἐν
2338 2762 2415 2835 τῷ
2436 2761 2661 2833 Συμεὼν
2680 2762 2902 2834 χάριτος
2919 2761 3328 2832 διαϐλέψαντας,
3356 2759 3692 2832 ὁδηγηθῆναι
3707 2760 3813 2831 πρὸς

2258 2856 2356 2927 τὴν
2382 2855 2640 2923 ἀλήθειαν
2670 2871 2685 2886 ο
2707 2859 2817 2920 τοῖς
2853 2873 2914 2910 τε
2941 2856 3069 2925 περὶ
3096 2854 3193 2908 τοῦ
3225 2855 3385 2926 ὅρους
3422 2853 3582 2925 αὐτῷ
3640 2853 3811 2924 βραχέα

2260 2948 2615 3018 διενεχθεῖσι,
2651 2948 2780 3017 φίλα
2837 2950 2978 3019 μετὰ
3024 2948 3198 3003 ταῦτα
3255 2946 3458 3019 μᾶλλον
3494 2948 3533 3017 ἢ
3584 2947 3812 3016 πρότερον

575 3054 671 3125 qui
704 3058 946 3107 montem
979 3045 1259 3106 accolunt,
1292 3038 1572 3111 pacatiora
1604 3035 1833 3090 fuerunt
1885 3042 2008 3104 post
2038 3033 2152 3087 haec

2261 3044 2355 3096 καὶ
2394 3044 2645 3113 εἰρηναῖα
2669 3042 2946 3112 γενέσθαι.

574 3145 938 3209 lzetitioraque
975 3138 1159 3193 omnia
1200 3150 1363 3205 quam
1401 3139 1551 3185 ante.

647 3237 771 3293 HO.
808 3235 1083 3291 Cancrum
1140 3236 1334 3284 contra
1388 3237 1591 3295 pueros
1653 3233 1707 3277 et
1739 3220 1886 3276 circa
1937 3218 2158 3273 virtutis

575 3328 901 3385 exercitium
960 3321 1302 3377 remissiores
1358 3316 1594 3371 invaluit
1640 3313 1893 3379 tentatio,
1940 3311 2157 3366 Etenim

577 3421 831 3477 diabolus
884 3418 985 3472 sub
1046 3415 1278 3485 primam
1334 3409 1514 3465 noctis
1567 3394 1840 3479 quietem.
1902 3403 2159 3475 expansis

576 3527 772 3567 versus
793 3508 1244 3580 Septentrionem
1290 3503 1393 3559 alis
1438 3502 1652 3565 volans,
1690 3499 2158 3571 quemadmodum

578 3605 761 3676 aquila
818 3616 1074 3673 magnum
1130 3598 1413 3668 complexa
1469 3595 1709 3664 spatium
1760 3601 1816 3648 ct
1876 3591 2160 3663 unguibus

580 3694 1027 3757 instructissima,
1065 3706 1261 3746 versus
1290 3687 1628 3744 Orientalem
1673 3683 1978 3738 Antiochia:
2027 3697 2158 3752 por-

581 3797 689 3847 tam
721 3781 1030 3847 descendit,
1074 3779 1321 3833 cxcitans
1351 3774 1674 3845 tragoediam
1709 3789 1818 3826 non
1850 3770 2155 3826 absimilem

580 3877 658 3933 illi
686 3890 808 3945 qua:
831 3870 1111 3943 quondam
1134 3870 1189 3923 in
1222 3866 1461 3938 ZEgypto
1512 3874 1705 3919 contra
1760 3861 2160 3933 primogenitos

580 3967 798 4031 saeviit,
838 3962 1284 4030 referentemque
1324 3958 1534 4011 luctum
1583 3971 1692 4025 quo
1742 3952 1945 4008 Rachel
1992 3967 2161 4022 super

577 4060 721 4117 ﬁlios
752 4058 809 4112 in
829 4055 1122 4112 Palaestina
1153 4052 1384 4123 planxit.
1402 4050 1593 4119 Neque
1614 4049 1704 4102 hic
1740 4046 1927 4102 stetit:
1964 4060 2157 4100 verum

578 4152 847 4224 plurimos
870 4162 1092 4220 quoque
1119 4144 1344 4200 virtutis
1369 4143 1647 4198 studiosos
1676 4138 1978 4204 interemit,
2018 4137 2158 4193 adeo

580 4252 641 4298 ut
672 4241 889 4297 cunctis
926 4240 981 4294 in
1005 4239 1209 4309 plateis
1230 4236 1490 4308 ejulatus,
1519 4243 1571 4290 et
1599 4234 1654 4287 in
1717 4231 1977 4302 compitis
2035 4230 2151 4285 vae!

577 4337 690 4391 vae!
724 4341 1083 4405 personaret;
1108 4340 1165 4386 et
1198 4328 1439 4402 agricola
1468 4338 1763 4381 vocaretur
1786 4324 1854 4379 ad
1874 4324 2155 4394 planctum

2336 3229 2446 3293 ρμ⁹.
2482 3222 2685 3278 Λοιπὸν
2718 3222 2747 3276 6
2777 3222 2919 3276 κατὰ
2948 3221 3058 3275 τῶν
3092 3220 3322 3275 παιδίων
3351 3220 3447 3273 καὶ
3482 3219 3597 3273 τῶν
3644 3216 3810 3288 ἀρετῇ

2264 3316 2559 3387 μετιόντων
2600 3316 2912 3387 πειρασμὸς
2966 3316 3293 3385 ἐνειστήκει.
3329 3313 3439 3366 Καὶ
3466 3314 3603 3382 περὶ
3632 3312 3806 3381 πρῶτον

2261 3408 2454 3473 νυκτὸς
2486 3407 2654 3462 ὕπνον
2682 3407 2929 3471 ἐκτείνας
2954 3407 3234 3478 πτέρυγας
3258 3406 3426 3460 αὐτοῦ
3447 3406 3590 3479 πρὸς
3610 3407 3672 3460 τὰ
3698 3407 3803 3459 κειτᾶ

2263 3500 2465 3573 βορρᾶν
2488 3501 2518 3554 6
2561 3500 2826 3565 διάϐολος,
2858 3500 3063 3573 κατέϐη
3125 3500 3375 3571 καθάπερ
3422 3518 3512 3565 τις
3545 3502 3691 3564 ἀετὸς
3727 3519 3803 3569 μα.

2263 3591 2393 3662 κρὸς
2419 3592 2489 3662 τῇ
2517 3591 2740 3645 ἐκτάσει
2764 3590 2861 3645 καὶ
2893 3590 3062 3653 πολὺς
3091 3592 3205 3653 τοῖς
3231 3588 3419 3652 ὄνυξιν
3446 3591 3551 3642 ἐπὶ
3579 3588 3671 3657 τὴν
3699 3587 3802 3655 πρὸς

2260 3686 2413 3757 ἥλιον
2447 3685 2737 3758 ἀνίσχοντα
2789 3683 2945 3737 πόλιν
2993 3681 3093 3753 τῆς
3130 3682 3431 3752 Ἀντιόχου,
3468 3682 3719 3751 συγγενές
3761 3696 3801 3731 τι

2263 3778 2369 3832 τῶν
2399 3779 2459 3831 ἐν
2487 3776 2748 3846 Αἰγύπτῳ
2778 3776 2907 3829 ποτέ
2941 3774 3246 3843 γεγονότων
3271 3772 3414 3826 κατὰ
3461 3774 3576 3825 τῶν
3630 3788 3800 3840 πρωτοο

2260 3872 2438 3925 τόκων
2474 3870 2664 3935 ποιῶν,
2697 3870 2793 3923 καὶ
2825 3867 3247 3939 παραπλησίους
3288 3869 3353 3937 τῇ
3394 3866 3601 3936 Ῥαχὴλ
3638 3867 3690 3918 ἐν
3715 3866 3802 3917 Πα-

2260 3961 2509 4033 λαιστίνῃ
2543 3960 2778 4031 θρήνους
2825 3959 2919 4010 ἐπὶ
2946 3959 3061 4020 τοῖς
3098 3954 3309 4018 τέκνοις
3335 3953 3573 4023 ἐγείρων
3593 3993 3607 4015 ,
3635 3952 3691 4005 οὐ
3720 3951 3801 4019 μὴν

2261 4056 2400 4111 ἀλλὰ
2425 4054 2521 4109 καὶ
2543 4053 2652 4107 τῶν
2701 4053 2760 4105 ἐν
2788 4053 2959 4122 ἀρετῇ
2990 4048 3208 4114 ζώντων
3231 4046 3463 4111 πολλοὺς
3492 4044 3800 4109 ἁπολλὺς,ὡς

2260 4138 2399 4197 εῖναι
2448 4139 2680 4196 κοπετὸν
2735 4142 2794 4193 ἐν
2848 4138 3049 4202 πάσαις
3096 4137 3399 4201 πλατείαις,
3430 4136 3530 4190 καὶ
3557 4139 3613 4191 ἐν
3640 4136 3801 4195 πάσαις

2258 4234 2396 4297 ὁδοῖς
2433 4231 2579 4301 οὐαὶ,
2609 4230 2765 4286 οὐαίί
2800 4232 2893 4285 καὶ
2924 4227 3209 4283 καλεῖσθαι
3255 4227 3507 4297 γεωργὸν
3536 4230 3615 4291 είς
3642 4224 3798 4286 πένθος

2258 4326 2355 4383 καὶ
2411 4327 2493 4390 εἰς
2530 4325 2782 4390 κοπετὸν,
2816 4324 2912 4379 καὶ
2942 4326 3023 4387 εἰς
3057 4324 3265 4387 εἰδότας
3294 4321 3550 4395 θρήνους,
3590 4323 3799 4388 καθάπερ

577 4436 746 4496 atque
800 4423 868 4478 ad
923 4423 1203 4485 lamenta;
1254 4435 1364 4475 non
1395 4432 1559 4472 secus
1593 4432 1657 4470 ac
1691 4414 1737 4470 si
1769 4415 1897 4470 huic
1943 4412 2152 4469 civitati

2258 4423 2324 4491 τῇ
2358 4419 2511 4473 πόλει
2550 4418 2725 4491 ταύτῃ
2776 4416 2929 4489 παρὰ
2974 4416 3071 4470 τοῦ
3099 4415 3245 4469 θείου
3273 4417 3511 4486 Μιχαίου
3553 4413 3794 4489 πόρρωθεν

573 4516 686 4585 jam
714 4515 844 4571 olim
863 4530 894 4569 a
919 4513 1143 4568 Michaca
1161 4510 1296 4566 illud
1318 4509 1641 4565 vaticinium
1674 4507 1881 4562 dictum
1920 4506 2152 4562 fuisset:

579 4610 867 4667 Decalvare
890 4617 938 4663 et
979 4606 1270 4661 detundere
1292 4620 1451 4676 super
1491 4602 1632 4672 ﬁlios
1661 4601 1916 4655 deliratos
1943 4608 2058 4653 tuos
2087 4600 2151 4652 ".

575 4702 784 4758 Civitas
802 4715 934 4770 ergo
960 4697 1109 4753 nuda
1132 4705 1189 4752 et
1218 4696 1548 4751 discalceata
1572 4697 1657 4763 (ut
1685 4708 1880 4747 rursus
1917 4691 2157 4762 prophe-

506 4806 515 4809 ’
578 4805 645 4850 ta:
663 4792 849 4849 verbis
886 4789 1032 4861 utar)
1066 4789 1220 4845 vadit
1258 4789 1326 4844 ad
1372 4798 1623 4843 sanctum
1660 4786 2013 4857 Symeonem,
2062 4799 2155 4839 so-

513 4918 524 4951 ε
576 4887 689 4941 lum
712 4898 971 4940 securum
994 4882 1318 4953 suffugium,
1382 4880 1555 4936 solam
1604 4892 1756 4949 spem
1805 4876 2001 4931 fallere
2057 4890 2157 4930 ne-

491 4985 501 4991 ‘
577 4979 782 5043 sciam;
824 4976 1130 5029 lamentans
1184 4991 1363 5028 coram
1403 4989 1461 5027 eo
1516 4973 1685 5043 magis
1744 4987 1909 5042 quam
1962 4985 2157 5040 sponsa

579 5071 773 5123 amicta
797 5067 966 5122 cilicio
1004 5084 1163 5138 super
1192 5068 1365 5121 virum
1396 5064 1718 5137 virginitatis
1758 5081 1870 5120 sua:
1892 5065 1959 5118 ".

650 5262 1067 5317 HLPrzeterea
1103 5270 1160 5315 et
1182 5268 1427 5315 sanctam
1477 5256 1769 5320 Martinam,
1825 5256 2152 5326 participem

576 5356 868 5412 doloribus
905 5353 1044 5421 suis,
1080 5344 1369 5423 patronam
1403 5350 1548 5421 apud
1596 5347 2067 5403 filiumbabebat:
2122 5366 2150 5402 a

576 5462 685 5516 qua
708 5448 800 5503 ille
839 5446 1017 5505 amice
1066 5443 1350 5510 inductus,
1395 5451 1449 5497 et
1477 5451 1671 5513 sponte
1721 5455 1818 5497 sua
1866 5455 1934 5494 ex
1987 5439 2153 5494 insito

575 5536 1073 5594 oommiserationis
1117 5536 1270 5591 fonte
1308 5531 1751 5591 misericordiam
1800 5530 1856 5584 in
1910 5528 2147 5585 calami-

648 5700 884 5756 “Mich.
935 5698 1100 5767 1,10.
1177 5698 1222 5730 ιο
1266 5696 1403 5754 Jocl.
1444 5714 1480 5765 ι,
1538 5700 1591 5755 8.

2254 4514 2430 4567 ἐκεῖνο
2460 4510 2752 4582 εἰρημένον
2778 4527 2793 4542 ο
2829 4510 3098 4578 Ξύρησαι
3130 4510 3229 4563 καὶ
3271 4508 3463 4577 κεῖραι
3506 4509 3604 4562 ἐπὶ
3636 4508 3699 4561 τὰ
3724 4503 3793 4557 τέα

2254 4620 2370 4657 acra
2397 4618 2513 4658 σου
2542 4606 2616 4657 τὰ
2644 4602 2927 4672 τρυφερά.
2960 4602 3121 4664 Ἦτις
3155 4600 3482 4665 ἀνυπόδετος
3517 4603 3607 4654 καὶ
3650 4595 3793 4667 γυμνὴ

2256 4695 2364 4763 (ἵνα
2390 4696 2499 4757 τοῖς
2519 4692 2612 4747 τοῦ
2640 4694 2920 4764 προφήτου
2950 4693 3043 4746 καὶ
3077 4692 3237 4746 πάλιν
3262 4692 3351 4745 ἐπ’
3375 4693 3516 4761 αὐτῇ
3548 4693 3791 4762 χρήσωμαι

2253 4784 2452 4855 λόγοις)
2486 4785 2636 4855 παρά
2685 4785 2776 4837 τὸν
2803 4783 2948 4837 θεῖον
2993 4783 3287 4854 πορεύεται
3332 4782 3584 4854 Συμεὼν,
3612 4782 3696 4850 τὴν
3722 4777 3790 4846 μό-

2257 4894 2355 4948 νην
2409 4876 2627 4947 ἀσφαλῆ
2674 4875 3020 4947 καταφυγὴν,
3043 4874 3143 4945 τὴν
3184 4876 3354 4946 μόνην
3381 4876 3445 4928 οὐ
3497 4872 3788 4944 ψευδομένην

2261 4974 2472 5039 ἐλπίδα,
2506 4972 2816 5042 θρηνοῦσα
2864 4973 3014 5040 πρὸς
3059 4970 3248 5025 αὐτὸν
3300 4971 3453 5038 ὑπὲρ
3476 4971 3701 5038 νύμφην
3716 4979 3789 5016 πε·

2257 5067 2661 5137 ριεζωσμένην
2714 5064 2950 5119 σάκκον
3002 5064 3099 5118 ἐπὶ
3138 5063 3248 5119 τὸν
3286 5062 3479 5131 ἄνδρα
3503 5060 3677 5125 αὐτῆς
3712 5056 3789 5109 τὸν

2262 5160 2639 5230 παρθενικόν.
3815 5158 3820 5169 ‘

2329 5260 2476 5325 ρμα’.
2505 5255 2626 5308 Ἔτι
2642 5254 2736 5308 καὶ
2761 5252 2861 5324 τὴν
2877 5252 3029 5306 ὁσίαν
3050 5251 3282 5323 Μάρθαν
3304 5248 3560 5303 κοινωνὸν
3584 5244 3668 5298 τοῦ
3686 5240 3786 5310 πρὸς

2254 5344 2345 5398 τὸν
2373 5344 2486 5398 υἱὸν
2513 5344 2710 5414 ἔχουσα
2740 5344 2961 5415 θρήνου,
3044 5341 3103 5395 τὸ
3132 5342 3232 5413 μὲν
3263 5340 3629 5410 φιλοστόργως
3650 5329 3787 5385 9:396-

2259 5454 2438 5505 μενος,
2463 5436 2523 5490 τὸ
2547 5436 2625 5501 δὲ,
2654 5437 2744 5489 καὶ
2768 5435 2861 5504 ἀφ’
2881 5434 3076 5488 ἐαυτοῦ
3106 5434 3201 5487 καὶ
3230 5432 3342 5486 τῶν
3369 5430 3561 5487 ἑαυτοῦ
3581 5427 3669 5497 τῆς
3690 5438 3787 5488 aug.-

2256 5528 2488 5591 παθείας
2522 5527 2714 5597 πηγῶν
2742 5527 2834 5579 τὸν
2863 5526 2944 5588 εἰς
2972 5525 3169 5587 αὐτοὺς
3199 5522 3407 5593 βλύζων
3433 5521 3597 5582 ἔλεον,
3626 5512 3787 5584 γόνατι
