3944 6564
159 402 224 469 31
240 401 302 467 Π

1157 395 1333 454 νιΤΑ
1371 395 1418 452 Α
1454 389 1891 454 NICEPHORO
1929 387 2416 450 CONSCRIPTA.

3294 383 3435 451 3118

156 519 226 587 τῇ
275 513 347 584 γῇ
381 509 475 563 καὶ
537 506 691 573 seu;
743 501 980 574 ἐρείσας,
1027 500 1088 553 ού
1148 502 1415 572 πρότερον
1461 499 1747 569 ἀνίστησιν

1866 511 2005 552 ιοεοε
2057 495 2373 551 ell‘undens.
2418 493 2652 563 genibus
2682 507 2745 547 ac
2803 492 2943 548 facie
2993 492 3146 546 lnnni
3211 495 3433 563 positis,

159 606 378 668 ἑαυτὸν,
409 602 514 664 ἕως
553 597 873 671 ἁρπαγέντα
920 595 988 665 τῇ
1027 591 1254 662 δυνάμει
1279 591 1374 650 τοῦ
1429 590 1747 660 Πνεύματος

160 703 286 764 ἴδοι,
315 697 561 767 ἀγγέλων
590 710 649 746 τε
675 689 884 759 πλῆθος
918 687 1048 758 περὶ
1072 688 1255 750 αὐτὸν,
1286 685 1383 740 καὶ
1406 683 1595 755 ὥσπερ
1629 681 1747 737 κατ’

159 794 342 846 ἐκεῖνο
383 787 480 857 τῆς
516 781 793 854 Ἀντιόχου
843 777 1260 849 κατενεχθέντα,
1296 775 1432 830 καθὸ
1476 771 1752 828 πενθοῦσα

157 882 299 952 φεῦί
333 883 367 952 ἡ
395 878 548 941 πόλις
614 877 700 946 εἴη
735 875 803 929 τὰ
847 873 1101 944 φίλτατα.
1136 872 1249 925 Καὶ
1306 869 1382 932 ὡς
1433 865 1596 930 αὐτὸς
1652 865 1752 937 μὲν

157 976 303 1047 πρὸς
354 972 617 1034 ἀνατολὰς
669 967 845 1031 ἑστὼς
868 965 1230 1038 προσεύξαιτο
1251 963 1381 1033 περὶ
1427 961 1623 1031 αὐτῆς,
1654 959 1753 1030 οὐχ

79 1064 82 1066 ⁷
156 1067 308 1140 ὑπὲρ
337 1065 558 1134 ἀπάσης
589 1063 646 1116 δὲ
679 1059 778 1131 τῆς
823 1061 1035 1120 πόλεως
1068 1056 1317 1110 ἀνύσειεν
1347 1058 1380 1124 ἡ
1428 1054 1589 1124 εύχὴ,
1630 1050 1754 1105 ἀλλ’

154 1161 342 1213 έκεῖνο
367 1157 467 1228 μὲν
499 1155 562 1208 τὸ
597 1153 765 1224 μέρος
803 1151 968 1214 εὐθὺς
1022 1146 1410 1217 ἀπαλλαγῆναι
1455 1145 1552 1216 τῆς
1595 1143 1756 1197 ἀπει-

154 1252 263 1322 λῆς
290 1269 302 1284 ·
339 1247 638 1320 μεταϐῆναι
661 1246 719 1298 δὲ
753 1244 896 1296 κατὰ
927 1239 1280 1312 μεσημϐρίαν
1311 1239 1404 1292 τὸν
1430 1235 1753 1308 ὀλοθρεύον-

153 1359 252 1404 τα,
291 1341 385 1392 καὶ
442 1337 638 1408 θρῆνον
690 1329 849 1397 αὖθις
903 1332 1103 1401 ἀθρόον
1157 1329 1370 1384 ἐκεῖθεν
1430 1326 1750 1398 ἐγερθῆναι,

156 1428 411 1502 κραυγὴν
445 1427 875 1498 συντρὶμματος,
905 1424 1000 1477 καὶ
1027 1421 1259 1476 κοπετὸν
1293 1420 1388 1473 καὶ
1412 1419 1558 1481 οὐαὶ,
1586 1417 1753 1488 μηδὲν

156 1523 258 1578 τοῦ
293 1521 561 1594 προτέρου
610 1517 936 1586 λειπόμενα,
969 1515 1046 1579 ὡς
1087 1513 1251 1577 αὐτὸς
1279 1515 1347 1583 τῇ
1391 1509 1565 1581 μητρὶ
1599 1527 1756 1580 τηνι-

158 1615 345 1669 καῦτα
394 1615 488 1667 καὶ
537 1613 650 1673 τοῖς
699 1608 966 1680 παροῦσιν
1035 1609 1062 1659 ὁ
1123 1605 1267 1667 θεῖος
1359 1600 1589 1673 Συμεὼν
1667 1599 1757 1666 ἐξ-

155 1719 390 1866 ηγὲῑὲ..
413 1792 569 1846 Κατά
599 1791 760 1853 πόδας
789 1789 846 1843 δὲ
869 1791 960 1842 καὶ
985 1791 1018 1858 ή
1054 1785 1207 1850 πόλις
1242 1785 1379 1857 πρὸς
1403 1785 1564 1838 αὐτὸν
1595 1779 1756 1846 αὖθις

1852 602 1963 641 non
1996 587 2153 656 prius
2197 601 2255 640 se
2284 583 2504 644 levavit.
2538 600 2703 654 quam
2731 593 2885 639 extra
2918 599 2977 638 se
3026 577 3267 655 Spiritus
3318 587 3437 639 vir-

1854 689 1970 735 tute
2018 687 2234 748 raptus,
2300 677 2532 732 vidisset
2621 677 3039 732 multitudinem
3115 679 3440 750 angeIOrum

1855 774 2166 844 cingentem
2196 787 2276 838 se,
2299 781 2356 827 et
2407 770 2604 826 eodem
2639 770 2797 840 quasi
2861 780 3111 841 tempore
3167 772 3226 827 in
3287 772 3441 828 illam

1853 865 2214 930 descendere,
2233 883 2342 936 quo
2379 866 2511 920 urbs
2539 864 2954 920 lamentabatur
2975 865 3439 920 charissimorum

1850 960 2144 1030 iaeturam.
2187 959 2293 1014 Sed
2327 960 2471 1014 sicut
2526 959 2643 1030 ipse
2697 959 2764 1013 ad
2815 959 3089 1015 orientem
3136 975 3444 1015 conversus

1855 1052 2260 1123 deprecabatur
2292 1068 2389 1122 pro
2420 1052 2557 1121 ipsa.
2595 1051 2675 1106 sic
2704 1068 2814 1107 non
2843 1068 2947 1122 pro
2975 1053 3234 1108 universa
3296 1054 3440 1109 urbe

1856 1147 2174 1216 deprecatio
2201 1143 2458 1200 exaudita
2487 1152 2594 1204 est,
2637 1160 2833 1198 verum
2861 1145 2975 1199 sola
3017 1144 3107 1199 illa
3150 1146 3443 1201 orientalis

1858 1253 2004 1307 pars,
2042 1237 2208 1291 minis
2250 1237 2437 1292 statim
2477 1233 2847 1300 cessantibus,
2901 1235 3152 1307 periculo
3203 1239 3442 1295 subduci

1856 1329 1973 1384 visa
2001 1338 2104 1384 est.
2137 1329 2346 1385 Deinde
2377 1330 2445 1384 ad
2466 1330 2758 1385 meridiem
2782 1331 2981 1385 transit
3034 1345 3275 1402 nequam
3325 1333 3443 1403 spi-

1859 1423 2032 1489 ritus;
2071 1437 2134 1477 ac
2195 1432 2422 1493 repente
2483 1423 2668 1494 gravis
2716 1423 2992 1494 planctus,
3049 1424 3176 1480 inde
3212 1425 3443 1492 clamor,

1859 1515 2223 1570 contritiones
2251 1524 2308 1570 et
2333 1513 2570 1584 ejulatus
2605 1522 2662 1568 et
2709 1531 2809 1581 vae,
2840 1515 3018 1570 nihilo
3056 1532 3218 1586 quam
3286 1517 3446 1587 prius

1861 1606 2258 1672 tolerabiliora,
2332 1607 2571 1661 excitata
2621 1615 2784 1672 sunt;
2840 1607 2987 1662 sicut
3039 1607 3156 1678 ipse
3204 1607 3446 1680 Symeon

1859 1700 2020 1756 matri
2054 1715 2167 1755 suae
2187 1699 2422 1769 aliisque
2449 1699 2814 1769 praesentibus
2872 1708 3005 1755 tunc
3053 1701 3359 1756 enarravit.

1932 1793 2053 1847 με.
2090 1791 2380 1861 Extemplo
2402 1799 2588 1845 autem
2614 1790 2788 1846 eﬂusa
2831 1791 3048 1856 civitas,
3068 1793 3136 1846 ad
3189 1802 3445 1848 sanctum

156 1859 340 1958 ἀνῇει,
387 1883 660 1945 πενθικοῖς
688 1882 766 1944 ὡς
805 1880 998 1952 πρώην
1047 1880 1141 1933 καὶ
1192 1881 1434 1948 σχήμασι
1480 1878 1574 1930 καὶ
1606 1877 1754 1947 βαδί-

1866 1884 2043 1940 denuo
2093 1859 2352 1946 recurrit,
2405 1883 2598 1950 ﬂebili,
2653 1892 2714 1938 ut
2768 1883 3073 1954 quondam,
3131 1885 3318 1954 specie
3382 1900 3447 1939 ac

159 1993 360 2046 σμασι,
385 1971 683 2044 ποιουμένη
715 1971 946 2025 κοπετὸν
976 1970 1051 2033 ὡς
1076 1968 1409 2039 δρακόντων,
1433 1967 1530 2021 καὶ
1559 1966 1755 2030 πένθος

155 2070 237 2132 ὼς
293 2067 605 2137 θυγατέρων
655 2065 941 2134 σειρήνων.
994 2060 1472 2132 Περιπαθέστερον
1506 2059 1754 2130 τοίνυνή

155 2165 289 2218 ὁσία
320 2163 416 2216 τοῦ
455 2162 604 2215 ὁσίου
643 2161 824 2231 μήτηρ
847 2155 1173 2220 διατεθεῖσα,
1203 2154 1297 2209 καὶ
1327 2155 1528 2226 μᾶλλον
1557 2154 1756 2224 ἑαυτῆς

155 2257 222 2308 τὸ
256 2257 428 2319 πάθος
451 2256 483 2326 ἢ
511 2255 732 2308 ἐκείνων
753 2248 892 2305 εἶναι
917 2249 1207 2320 νομίσασα,
1233 2247 1406 2301 δεῖται
1434 2247 1528 2300 τοῦ
1550 2249 1754 2301 οἰκείου

159 2352 332 2405 πάλιν
374 2349 564 2410 παιδὸς
593 2348 690 2417 οὐχ
720 2345 928 2409 ἁπλῶς,
966 2343 1102 2398 ἀλλὰ
1134 2344 1460 2414 στεναγμοῖς
1502 2341 1615 2412 πῦρ
1651 2343 1754 2411 ἀφ·

160 2446 320 2507 ιείσι,
358 2444 452 2495 καὶ
481 2442 761 2513 δάκρυσιν,
804 2439 867 2492 ού
898 2436 1118 2508 κάμψαι
1151 2437 1334 2506 μόνον,
1363 2434 1502 2489 ἀλλὰ
1537 2434 1632 2488 καὶ
1661 2436 1757 2505 τῆ-

159 2537 258 2603 ξαι
310 2533 541 2604 καρδίαν
591 2531 708 2586 υίοῦ
754 2531 1097 2602 δυναμένοις,
1138 2530 1416 2600 ἐπαμῦναι
1455 2527 1757 2598 κάμνουσιν

160 2632 356 2692 αὐτοῖς
385 2629 440 2682 εἴ
467 2645 551 2691 τις
580 2627 827 2697 δύναμις.
873 2625 932 2678 ’0
957 2617 1136 2695 δὲ’τῆς
1170 2621 1429 2694 συνήθους
1453 2623 1591 2694 πρὸς
1623 2622 1758 2676 Θεὸν

160 2723 265 2776 καὶ
300 2721 462 2775 πάλιν
485 2720 649 2790 εὐχῆς
678 2719 935 2789 ἐχόμενος
964 2713 1055 2788 ἦν,
1089 2717 1186 2771 καὶ
1229 2715 1329 2785 τῆς
1365 2717 1560 2786 ὁμοίας
1597 2715 1757 2778 αὖθις

160 2814 350 2885 ὅψεως
380 2812 720 2883 ἀξιούμενος.
765 2810 831 2864 Ἦ
858 2810 916 2864 δὲ
941 2806 1010 2881 ἦν
1029 2825 1045 2842 ⁶
1085 2808 1308 2881 ἁρπαγὴ
1344 2809 1444 2879 μὲν
1473 2807 1639 2861 αὑτοῦ
1665 2809 1759 2860 καὶ

162 2908 337 2962 πάλιν
360 2905 438 2976 τῷ
458 2903 753 2974 ιῙνεύματι,
785 2903 879 2956 καὶ
901 2901 1126 2965 κάθοδος
1160 2901 1252 2955 ἐπὶ
1275 2901 1375 2971 τὴν
1397 2900 1537 2954 κατά
1565 2900 1758 2952 Σελεύ-

163 3018 326 3054 κειαν
355 2997 548 3068 πύλην,
579 2994 894 3065 ἀποστροφὴ
925 2993 982 3047 δὲ
999 2992 1093 3046 τοῦ
1121 2991 1501 3064 όλοθρεύοντος
1525 2991 1756 3057 ἐκεῖθεν,

163 3094 269 3147 καὶ
301 3091 443 3145 κατά
467 3089 568 3158 τῆς
599 3087 768 3158 μονῆς
799 3085 893 3140 τοῦ
924 3086 1080 3154 ἁγίου
1112 3084 1314 3155 μᾶλλον
1342 3086 1487 3156 ὁρμή
1513 3101 1528 3115 ⁶
1555 3085 1764 3155 ἅμιλλά

1860 1977 2102 2040 incessu,
2127 1976 2282 2030 ciens
2311 1975 2643 2048 ejaculatum
2670 1983 2732 2030 ut
2756 1975 3086 2042 draconum,
3126 1987 3180 2033 ct
3230 1978 3444 2033 luctum

1858 2068 2001 2123 sicut
2013 2066 2136 2123 filia:
2152 2066 2628 2123 sirenum.Sancta
2640 2083 2774 2122 vero
2795 2066 3084 2140 Symeonis
3102 2077 3275 2123 mater
3292 2071 3444 2140 gravi

1857 2160 2049 2216 dolore
2098 2159 2315 2225 aﬂ‘ecta,
2360 2175 2636 2230 suumque
2687 2159 2862 2214 multo
2924 2159 3265 2216 acerbiorem
3322 2178 3446 2216 sen-

1859 2267 1981 2306 sum
2031 2266 2152 2306 esse
2182 2267 2346 2321 quam
2384 2251 2603 2305 illorum
2637 2262 2772 2317 rata,
2805 2251 3005 2306 iterum
3051 2252 3164 2306 lilio
3203 2269 3302 2307 suo
3333 2269 3442 2308 non

1859 2357 2024 2412 prece
2046 2341 2309 2412 simplici,
2333 2341 2428 2397 sed
2452 2341 2751 2412 gemitibus
2782 2341 3048 2396 scintillas
3073 2342 3262 2412 igneas
3283 2344 3445 2397 emit-

1860 2432 2123 2497 tentibus,
2159 2432 2549 2504 lacrymisque,
2592 2448 2704 2486 non
2752 2432 2976 2488 ﬂectere
3023 2434 3211 2499 modo,
3248 2451 3443 2489 verum

1858 2527 2025 2582 etiam
2068 2527 2282 2596 liquare
2314 2540 2411 2580 cor
2451 2524 2550 2578 ﬁlii
2587 2525 2923 2590 valentibus,
2961 2525 3256 2596 supplicat,
3296 2538 3357 2581 ut
3398 2529 3445 2582 si

1857 2633 1968 2688 quo
1991 2618 2156 2672 modo
2184 2615 2379 2687 possit,
2399 2623 2690 2671 succurrat
2718 2613 3184 2686 periclitantibus.
3220 2617 3302 2672 Ad
3331 2620 3447 2675 lure

1860 2708 2098 2777 Symeon
2151 2715 2472 2763 consuetam
2525 2705 2740 2776 pridem
2783 2705 3096 2761 orationem
3134 2723 3443 2776 resumens,

1858 2800 2025 2855 simili
2076 2815 2295 2854 rursum
2341 2797 2555 2853 visione
2606 2797 2862 2868 dignatus
2909 2799 3032 2854 fuit.
3093 2798 3224 2854 Erat
3261 2813 3447 2857 autem

1859 2893 2128 2965 ejusmodi
2160 2910 2173 2945 :
2203 2894 2413 2962 Raptus
2448 2892 2632 2948 denuo
2680 2893 2734 2944 in
2780 2891 3039 2947 exstasim
3075 2891 3450 2949 descendebat

1860 3001 2052 3040 versus
2087 2985 2258 3050 illam,
2287 3001 2410 3056 quae
2443 2985 2753 3042 Seleuciam
2779 2989 3022 3058 respicit,
3057 3000 3270 3059 portam
3299 3010 3312 3044 :
3345 2993 3451 3061 spi-

1862 3079 2003 3134 ritus
2028 3089 2211 3135 autcm
2239 3089 2505 3144 vastator,
2538 3081 2666 3136 inde
2709 3080 2890 3152 fugam
2921 3084 3215 3154 arripiens,
3259 3099 3452 3143 contra

163 3202 228 3238 τε
265 3184 398 3254 περὶ⁸
429 3181 600 3252 αὐτῆς
636 3181 861 3250 ἀμφοῖν,
907 3178 1148 3248 πλευρᾶς
1183 3177 1452 3248 ἑκατέρας
1494 3177 1758 3247 ἐπειλημ-

1866 3173 2260 3228 monasterium
2292 3173 2466 3228 sancti
2497 3175 2861 3229 convertebat
2901 3176 3202 3246 impetum;
3235 3179 3302 3234 de
3337 3196 3450 3250 quo

166 3279 376 3350 μένων,
404 3277 497 3328 καὶ
521 3273 615 3327 τοῦ
647 3273 746 3343 μὲν
772 3274 920 3333 ὅπως
948 3272 1014 3324 ἂν
1043 3271 1229 3334 κακῶς
1271 3270 1480 3340 διαθείη
1520 3271 1757 3338 φιλονει-

165 3370 418 3432 κοῦντος,
451 3366 544 3420 τοῦ
581 3366 639 3420 δὲ
668 3366 817 3428 ὅπως
859 3364 926 3418 ἂν
963 3363 1214 3434 ἐξέληται
1243 3363 1342 3433 τῆς
1381 3363 1590 3417 ἐκείνου
1627 3362 1758 3433 βλά-

165 3463 277 3531 ϐης
311 3459 482 3530 αὐτὴν
525 3455 950 3528 ἀγωνιζομένου.
1010 3457 1097 3509 Ἐν
1152 3455 1392 3523 τοσούτῳ
1434 3457 1492 3508 δὲ
1537 3457 1628 3508 τὸν
1662 3457 1762 3526 μὲν

166 3551 532 3621 ὁλοθρεύοντα
575 3549 812 3618 μυστική
857 3564 941 3610 τις
992 3546 1198 3601 ἀνωθεν
1241 3545 1395 3617 φωνὴ
1439 3547 1581 3600 κατὰ
1628 3548 1760 3602 πολὺ

166 3645 235 3698 τὸ
265 3641 522 3698 ἀκούσιον
569 3640 828 3711 ἀφίστησι
858 3641 957 3708 τῆς
985 3639 1152 3708 μονῆς
1176 3656 1189 3668 ·
1222 3639 1250 3690 ὁ
1279 3638 1336 3691 δὲ
1374 3639 1466 3693 καὶ
1495 3639 1758 3711 δευτέραν

168 3734 368 3802 ἔφοδον
418 3731 571 3794 αὖθις
613 3729 734 3784 κατ’
767 3728 936 3800 αὐτῆς
969 3727 1302 3795 ἀπειλήσας,
1339 3729 1433 3781 ἐπὶ
1479 3728 1574 3799 τήν
1614 3728 1757 3780 οὕτω

171 3827 504 3884 Κασσυῶτιν
535 3824 876 3894 καλουμένην
909 3823 1046 3886 τέως
1081 3821 1366 3894 ἐτράπετο.

1863 3276 1920 3323 et
1950 3266 2131 3338 gravis
2165 3275 2286 3322 orta
2325 3266 2470 3321 inter
2506 3275 2807 3337 utrumque
2836 3270 3122 3324 contentio
3157 3280 3262 3332 est.
3318 3288 3450 3328 suas

1863 3374 2198 3430 unoquoque
2238 3374 2432 3414 eorum
2471 3369 2661 3428 partes
2693 3368 2912 3430 agente,
2964 3360 3137 3414 altero
3185 3360 3450 3417 damnum

1864 3451 2068 3507 inferre
2113 3458 2418 3521 satagente,
2463 3452 2640 3506 altero
2669 3451 2802 3506 illud
2851 3462 3106 3510 avertere
3140 3454 3448 3512 laborante.

1862 3545 2077 3600 Interea
2109 3544 2378 3600 scelerum
2412 3543 2757 3599 machinator
2785 3561 2983 3602 arcana
3020 3546 3256 3617 quadam
3295 3552 3450 3605 coali-

1867 3649 1956 3692 tus
1979 3637 2143 3692 missa
2175 3651 2309 3691 voce
2340 3636 2638 3692 admodum
2659 3637 2870 3692 invitus
2889 3637 3012 3694 loco
3035 3639 3299 3710 depulsus
3326 3643 3451 3708 fuit,

1868 3731 2239 3800 minitansque
2273 3730 2505 3785 alteram
2542 3730 2726 3784 denuo
2760 3731 3124 3798 invasionem,
3157 3733 3224 3786 ad
3271 3734 3451 3790 locum

1867 3823 2154 3895 Cassyotin
2197 3823 2408 3878 dictum
2457 3839 2631 3893 usque
2671 3823 2921 3878 recessit.

1617 3966 1843 4023 CAPUT
1878 3966 2064 4021 XVIII.

281 4088 487 4144 Iterum
519 4105 637 4143 suos
677 4089 941 4152 hortatur,
974 4086 1195 4157 fratrem
1222 4105 1252 4139 α
1303 4087 1540 4140 daemone
1588 4088 1814 4141 occisum
1855 4097 1969 4157 post
2011 4087 2190 4140 varias
2233 4103 2409 4156 preces
2451 4104 2511 4139 ac
2561 4088 2781 4140 visiones
2813 4086 2880 4140 ad
2916 4089 3077 4142 vitam
3117 4098 3346 4144 revocat.

250 4207 403 4274 ρμγ’.
459 4201 569 4254 Καὶ
624 4199 653 4251 ὁ
689 4200 788 4269 μὲν
819 4199 962 4270 ἱερὸς
1004 4199 1178 4252 ταῦτα
1208 4197 1433 4269 Συμεὼν
1478 4201 1545 4270 τῇ
1594 4202 1761 4271 μητρὶ

169 4296 466 4364 ἀφηγεῖτο,
508 4293 629 4345 ἐπεὶ
677 4294 772 4345 καὶ
801 4291 922 4346 λίαν
951 4291 1121 4362 αὐτὴν
1171 4292 1288 4362 ᾔδει
1322 4291 1638 4364 χαίρουσαν,
1666 4294 1761 4346 καὶ

172 4389 346 4444 πάλιν
376 4385 800 4457 παθαινομένην,
827 4381 886 4440 εὖ
918 4386 1054 4456 αὐτῇ
1085 4385 1194 4439 τῶν
1225 4386 1550 4458 πατριωτῶν
1579 4386 1760 4458 ἢτοῦ-

171 4480 394 4534 ναντίον
438 4478 668 4548 ἐχόντων
695 4495 708 4508 ·
755 4477 852 4549 τὴν
879 4477 935 4530 δὲ
985 4475 1312 4532 Κασσυιῖιτιν
1368 4478 1601 4549 ὀδυρμὸς
1647 4474 1760 4548 εἶχε

1944 4201 2061 4255 145.
2105 4200 2170 4253 Et
2202 4201 2319 4256 hwc
2346 4201 2569 4271 quidem
2595 4209 2819 4255 sanctus
2850 4201 3085 4274 Symcon
3130 4204 3289 4258 matri
3339 4219 3452 4259 sua:

1869 4295 2182 4357 enarrabat,
2220 4310 2345 4349 cum
2389 4294 2561 4365 ipsam
2611 4294 2911 4349 admodum
2961 4297 3238 4353 lictantem
3287 4307 3452 4370 atque

1871 4404 2064 4444 rursus
2096 4389 2337 4458 graviter
2372 4399 2702 4443 commotam
2725 4389 3137 4459 conspexisset,
3167 4403 3334 4460 prout
3377 4393 3456 4448 ci-

1866 4478 2018 4531 vium
2035 4492 2123 4532 res
2146 4477 2376 4531 laetmvel
2391 4478 2578 4533 tristes
2594 4489 2750 4533 erant
2771 4494 2786 4544 ;
2807 4478 3094 4550 Cassyotin
3117 4497 3248 4537 vero
3272 4484 3455 4540 luctus

173 4574 274 4627 καὶ
306 4573 524 4642 θρῆνος·
553 4572 740 4642 ἡγειρε
769 4571 878 4642 γὰρ
906 4571 993 4623 ἐπ’
1026 4569 1196 4639 αὐτὴν
1226 4571 1498 4640 μάστιγας
1539 4570 1568 4622 ὁ
1602 4569 1756 4634 Θεὸς,

1866 4576 1922 4622 et
1943 4568 2189 4638 ploratus
2211 4569 2540 4637 occupabat,
2571 4569 2788 4624 levante
2811 4586 2979 4640 super
3000 4571 3144 4628 illam
3178 4573 3454 4646 ﬂagellum

171 4667 276 4720 καὶ
341 4663 542 4734 πλῆθος
600 4663 808 4717 ἐκεῖθεν
867 4660 1020 4734 παρὰ
1081 4660 1172 4714 τὸν
1239 4660 1394 4728 ἅγιον
1445 4660 1545 4714 οὐκ
1585 4660 1765 4728 ὀλίγον

174 4757 402 4827 ἀπήντα
423 4795 437 4817 ,
469 4753 986 4824 ὲλεεινο).ογούμενοι
1011 4753 1146 4823 πρὸς
1174 4752 1360 4816 αὐτὸν,
1389 4749 1476 4806 οἷα
1503 4754 1765 4807 τέτακται

171 4848 366 4920 ἡμέρα
392 4847 599 4917 Κυρίου
627 4847 712 4899 ἐπ’
735 4847 953 4910 αὐτοὺς,
980 4845 1150 4916 πικρὰ
1179 4846 1274 4899 καὶ
1305 4845 1538 4916 σκληρὰ,
1565 4844 1766 4916 δυνατὴ

173 4941 390 5013 ἡμέρα,
419 4939 588 5010 ὀργῆς
629 4941 662 5009 ή
699 4938 882 5010 ἡμέρα
929 4938 1135 5008 ἐκείνη,
1165 4937 1354 5009 ἡμέρα
1394 4938 1628 5007 θλίψεως
1669 4938 1766 4991 καὶ

174 5034 451 5102 ἀνάγκης,
480 5031 665 5103 ἡμέρα
692 5031 899 5101 ἀωρίας
930 5031 1024 5084 καὶ
1051 5030 1383 5100 ἀφανισμοῦ,
1418 5031 1602 5100 ἡμέρα
1636 5030 1764 5082 σκό-

171 5143 308 5189 τους
345 5125 441 5178 ml.
466 5125 690 5192 γνόφου,
719 5123 904 5193 ἡμέρα
954 5124 1186 5193 νεερέλης
1235 5123 1330 5177 καὶ
1377 5122 1628 5193 ὁμίχλης.
1656 5121 1766 5175 Καὶ

177 5219 372 5291 μέντοι
396 5217 490 5270 καὶ
512 5216 604 5270 τοῦ
631 5218 689 5269 ὲν
716 5215 1014 5284 ὀψθαλμοῖς
1039 5214 1284 5268 κινδύνου
1309 5216 1402 5268 καὶ
1427 5215 1533 5268 τῶν
1555 5214 1764 5279 δεινῶν,

174 5311 372 5380 εὐχαῖς
406 5309 637 5369 ἐκείνου,
676 5307 1027 5378 κομιζόμενοι
1077 5307 1259 5362 λύσινο
1302 5308 1332 5360 ὁ
1369 5307 1444 5368 δὲ,
1486 5323 1768 5378 προσαγα-

172 5404 388 5472 γόντων
427 5400 526 5472 ήδη
564 5402 630 5469 τῇ
668 5401 802 5470 μονῇ
837 5401 930 5452 καὶ
957 5400 1081 5453 ὅσον
1106 5400 1205 5454 οὐκ
1234 5401 1326 5452 ἐπὶ
1357 5399 1551 5470 θύραις
1582 5400 1767 5453 αἰσθό-

179 5509 350 5565 μενος
380 5493 489 5545 τῶν
523 5493 915 5563 πειρατηρίων,
949 5493 1072 5554 τοὺς
1109 5492 1357 5563 μαθητὰς
1399 5491 1534 5560 ὁμοῦ
1564 5494 1770 5556 πάντας

179 5605 318 5642 συνσ
330 5585 534 5655 γαγὼν,
577 5585 728 5651 Ἰδοὺ,
761 5587 929 5639 τέκνα
955 5585 1050 5638 καὶ
1072 5584 1311 5654 ἀδελφοὶ,
1338 5585 1464 5654 ἔφη,
1487 5585 1561 5647 ὡς
1585 5584 1769 5655 ἄμπε-

176 5681 272 5744 λος
301 5677 595 5750 ἐγενήθητε
635 5677 710 5749 τῷ
731 5679 952 5751 Χριστῷ
983 5679 1208 5749 κομῶσα
1236 5679 1324 5732 καὶ
1357 5677 1646 5743 θάλλουσα,
1675 5678 1772 5732 καὶ

180 5772 401 5844 ἀρετῶν
428 5771 577 5825 ἄνθει
605 5771 1027 5843 βρύουσα,δεξιᾷ
1042 5774 1106 5842 τῇ
1130 5771 1338 5824 ἐκείνου
1361 5771 1768 5842 πεφυτευμένη,

178 5867 272 5935 εἴη
308 5863 364 5917 δὲ
399 5865 490 5919 καὶ
523 5863 928 5936 κατηρτισμένη
960 5864 1158 5934 λέγειν.
1197 5866 1388 5936 Ὁρᾶτε
1421 5862 1513 5919 οὖν
1536 5865 1610 5936 μὴ
1637 5864 1770 5919 καθ-

1869 4677 2028 4716 suum
2059 4661 2325 4727 Domino;
2349 4671 2406 4715 et
2440 4661 2634 4732 ingens
2677 4661 2975 4718 multitudo
3007 4665 3292 4722 hominum
3325 4669 3453 4726 inde

1869 4753 1935 4807 ad
1997 4759 2250 4807 sanctum
2293 4752 2676 4818 accurrcbant,
2718 4753 3057 4811 lamentabili
3111 4775 3247 4815 voce
3290 4777 3450 4832 opem

1870 4845 2252 4914 implorantes,
2309 4860 2417 4898 non
2457 4860 2616 4900 secus
2645 4861 2712 4900 ac
2744 4846 2790 4900 si
2828 4848 3078 4906 irruisset
3116 4867 3284 4922 super
3331 4855 3454 4912 illos

1869 4937 2217 4993 dicsDomini
2246 4953 2454 5003 amara,
2473 4937 2705 5001 etdura,
2726 4939 2844 4997 dies
2862 4941 3040 5005 fortis,
3057 4943 3178 4999 dies
3197 4945 3312 5012 irar,
3335 4948 3454 5005 dies

1871 5031 2245 5086 tribulationis
2289 5040 2345 5088 et
2395 5031 2765 5096 necessitatis,
2809 5033 2928 5088 dies
2959 5034 3376 5096 immaturitatis
3398 5054 3454 5098 et

1869 5124 2218 5195 perditionis,
2254 5118 2372 5179 dies
2404 5124 2656 5196 caliginis
2702 5135 2759 5181 et
2791 5127 3168 5196 tenebrarum,
3203 5131 3324 5188 dies
3353 5151 3455 5188 nn-

1871 5220 1959 5276 bis
1987 5230 2041 5275 et
2075 5220 2308 5275 nebulae.
2339 5219 2812 5292 EtCassyotenses
2844 5223 3071 5293 quidem
3110 5224 3454 5283 imminentia

1873 5311 1976 5365 sibi
2015 5309 2262 5380 pericula
2311 5311 2762 5381 calamitatesque
2813 5313 3016 5382 depelli
3049 5316 3222 5369 sancti
3271 5318 3455 5385 preci-

1873 5401 1976 5456 bus
2025 5400 2286 5456 viderunt
2320 5420 2332 5454 :
2368 5402 2481 5471 ipse
2513 5417 2643 5457 vero
2675 5403 2933 5474 ingruere
2970 5404 3023 5458 in
3059 5409 3453 5461 monasterium

1873 5508 2033 5548 suum
2065 5493 2399 5548 tentationes
2424 5503 2480 5548 et
2503 5501 2716 5547 tantum
2745 5509 2852 5547 non
2880 5509 2990 5562 pra:
3017 5492 3234 5549 foribus
3261 5495 3453 5552 adesse

1873 5587 2140 5649 sentiens,
2204 5586 2494 5656 discipulis
2534 5586 2698 5640 simul
2755 5585 3020 5640 omnibus
3060 5589 3382 5642 convocatis
3441 5607 3453 5642 :

1875 5679 2037 5739 Ecce,
2093 5677 2188 5732 ﬁlii
2233 5693 2298 5732 ac
2340 5677 2539 5732 fratres
2567 5677 2695 5742 mei,
2729 5677 2928 5746 inquit,
2959 5678 3102 5733 sicut
3139 5678 3269 5734 vitis
3291 5679 3453 5736 Chri-

1875 5781 1960 5825 sto
1995 5770 2124 5826 facti
2153 5771 2307 5836 estis,
2337 5770 2662 5842 palmitibus
2688 5769 2910 5835 decora,
2953 5771 3162 5838 virens,
3204 5782 3260 5826 et
3301 5772 3455 5828 ﬂori-

1876 5865 1979 5920 bus
2023 5863 2294 5920 virtutum
2359 5879 2662 5937 geminans,
2727 5863 2956 5920 dextera
3005 5864 3154 5936 illius
3187 5864 3452 5935 plantata,
