3988 6532
519 381 660 445 3119

1738 384 1797 442 S-
1839 382 2216 445 SYMEONIS
2256 384 2620 446 JUNIORIS

3641 388 3771 456 θῖῗθ

518 498 687 554 liceat
705 495 890 551 dicere
911 504 967 552 et
989 493 1253 567 perfecta.
1279 493 1475 552 Videte
1497 495 1667 566 igitur
1700 510 1771 553 ne
1799 496 2097 553 destruatis

2204 496 2458 569 αιρεθῆτε
2501 497 2593 551 τὸν
2626 497 2903 569 φραγμὸν,
2940 497 3001 561 ὃς
3038 499 3186 551 ἐστιν
3234 497 3264 551 ὁ
3310 496 3404 551 τοῦ
3441 498 3571 553 Θεοῦ
3599 502 3768 573 νόμος,

516 602 757 663 septum,
795 588 939 659 quod
976 597 1061 642 est
1092 588 1176 641 lex
1210 586 1303 641 Dei
1335 598 1394 641 ct
1425 589 1812 645 mandatorum
1861 592 1982 662 ejus
2008 591 2105 645 ob-

517 682 757 739 servatio
777 699 790 735 :
814 679 1054 734 vastabit
1082 680 1285 750 quippe
1315 695 1431 743 vos,
1463 680 1570 734 heu
1600 684 1719 735 mel
1743 691 1799 737 et
1823 681 2105 753 disperget

517 791 649 846 aper
677 775 745 829 de
776 773 935 837 silva,
976 781 1030 827 et
1065 772 1483 826 transeuntibus
1527 772 1822 841 quibusvis
1864 774 2100 843 expositi

513 868 675 923 eritis
723 866 780 921 in
820 864 1214 921 contumeliam
1245 874 1303 919 et
1336 864 1830 919 conculcationem.
1867 865 2103 920 Verum-

518 970 700 1015 tamen
746 958 888 1014 ferte
937 958 1152 1012 fructus
1201 965 1351 1013 tanta
1407 957 1625 1013 cultura
1675 957 1890 1026 dignos,
1940 957 2106 1012 susti-

514 1061 642 1107 nete
676 1066 802 1107 cum
842 1051 1143 1121 gratiarum
1181 1050 1426 1112 actione.
1485 1058 1541 1104 et
1576 1065 1847 1120 generose
1877 1065 2105 1121 magna-

514 1145 851 1214 nimiterque
878 1159 975 1198 vos
992 1143 1169 1214 gerite
1201 1143 1255 1197 in
1292 1142 1713 1199 tentationibus.
1760 1143 1903 1199 Ecce
1952 1143 2103 1197 enim

514 1238 737 1309 grandis
758 1238 1040 1294 calamitas
1069 1238 1123 1292 in
1150 1237 1397 1307 proximo
1419 1244 1524 1291 est.
1545 1235 1682 1291 Cum
1711 1235 1828 1291 haec
1851 1235 2101 1301 dixisset,

513 1333 757 1403 graviter
795 1347 919 1388 cum
949 1331 1141 1386 dolore
1176 1329 1564 1400 ingemiscens,
1590 1346 1701 1384 non
1749 1329 1915 1385 aliter
1939 1344 2103 1399 quam

514 1425 558 1479 si
607 1432 734 1479 ante
783 1424 974 1478 oculos
1013 1438 1134 1491 qua:
1183 1429 1452 1475 eventura
1505 1427 1666 1475 erant
1698 1427 2054 1475 versarentur
2082 1458 2096 1479 ,

514 1518 816 1587 discipulos
885 1516 1110 1585 quidem
1171 1512 1584 1582 inexpugnabili
1645 1512 1831 1566 crucis
1898 1509 2104 1565 Christi

515 1613 673 1683 signo
727 1609 906 1663 munit
960 1623 975 1660 :
1045 1606 1163 1674 ipse
1220 1614 1403 1658 autem
1454 1601 1922 1671 contemplatione
1952 1616 2107 1655 men-

516 1707 585 1759 tis
649 1702 931 1770 abreptus,
978 1707 1191 1752 tantum
1246 1710 1356 1749 non
1412 1693 1705 1765 praesentia
1747 1693 1940 1748 adesse
1990 1693 2102 1763 jam

515 1802 857 1852 monstrante
890 1806 1012 1861 quae
1039 1789 1225 1844 futura
1250 1786 1612 1858 praedixerat;
1647 1787 1850 1840 iterum
1875 1785 2103 1855 supplex

2207 590 2303 643 καὶ
2331 589 2494 661 ἡτῶν
2520 588 2748 643 ἐντολῶν
2770 589 2987 662 φυλακή
3014 608 3025 620 ·
3061 591 3156 644 καὶ
3177 589 3506 663 λυμήνηται,
3530 595 3664 663 ipsi!
3690 600 3773 653 καὶ

2206 683 2655 754 κατανεμήσηται
2688 682 2833 753 ὑμᾶς
2860 683 2889 736 ὁ
2920 681 3115 755 ἐχθρὸς
3135 675 3201 745 ὗς
3227 682 3293 736 ἐκ
3321 683 3553 754 δρυμοῦ,
3583 688 3676 740 καὶ
3705 691 3774 754 είς

2205 774 2393 845 κοινὴν
2420 776 2532 837 τοῖς
2555 773 2883 827 διοδεύουσιν
2921 772 3180 845 ἐκτεθῆτε
3210 773 3369 844 ὓϐριν
3408 777 3503 829 καὶ
3541 781 3775 834 καταπά-

2203 882 2377 935 τημα.
2420 864 2560 917 Ἀλλ’
2593 866 2858 933 ἐνέγκατε
2890 866 3141 937 καρποὺς
3170 865 3372 937 μᾶλλον
3400 868 3498 939 τῆς
3520 872 3776 940 γεωργίας

2205 957 2411 1025 ἀξίους,
2434 958 2711 1029 ὑπομονὴν
2736 958 2937 1030 δηλαδὴ
2964 959 3085 1028 μετ’
3104 958 3479 1029 εὐχαριστίας,
3508 961 3605 1015 καὶ
3634 963 3692 1015 τὺ
3729 965 3779 1017 ἐν

2206 1052 2535 1120 πειρασμοῖς
2565 1051 2817 1117 γενναῖον
2859 1048 2952 1102 καὶ
2987 1049 3389 1121 μεγαλόψυχον.
3423 1050 3558 1105 Ἰδοὺ
3582 1052 3688 1121 γὰρ
3722 1056 3778 1108 τὰ

2204 1140 2357 1195 δεινά
2385 1140 2538 1211 παρά
2581 1140 2770 1203 πόδας.
2806 1140 2993 1194 Ταῦτα
3029 1141 3154 1210 ἔφη,
3181 1141 3276 1195 καὶ
3307 1142 3447 1214 βαρὺ
3481 1161 3533 1196 τι
3582 1148 3674 1197 καὶ
3698 1164 3781 1199 πε-

2206 1230 2401 1296 πονθὸς
2431 1230 2762 1301 ἀνοιμώξας,
2795 1225 2883 1283 οἶα
2914 1231 3167 1302 κρυφίοις
3194 1232 3408 1304 ϐμμασι
3430 1234 3501 1288 τά
3534 1236 3779 1305 μέλλοντα

2206 1324 2422 1397 διορῶν,
2452 1324 2636 1386 αὐτοῖς
2673 1325 2773 1395 μὲν
2799 1322 2894 1377 τοῦ
2921 1324 3161 1395 Χριστοῦ
3192 1324 3293 1396 τὴν
3328 1327 3545 1397 ἄμαχον
3577 1328 3781 1382 ἐπιϐάλ-

2205 1416 2287 1470 λει
2330 1416 2633 1487 σφραγῖδα’
2665 1415 2755 1469 τὸν
2783 1416 2840 1469 δὲ
2868 1415 3071 1487 θεωρία
3112 1416 3487 1481 ὑπολαϐοῦσα,
3534 1419 3658 1471 ὅσον
3697 1421 3783 1474 οὐκ

2205 1511 2305 1583 ἢδη
2336 1513 2592 1582 παρεῖναι
2624 1511 2897 1565 δείκνυσιν
2928 1513 3073 1585 ἆπερ
3100 1512 3405 1581 ἐπάγεσθαι
3433 1513 3639 1585 ἤμελλε
3662 1529 3675 1543 ⁸
3704 1516 3783 1568 κεί

2205 1604 2367 1657 πάλιν
2425 1604 2581 1673 εὐχαὶ
2632 1603 2769 1673 πρὸς
2820 1603 2953 1657 Θεδν
2997 1602 3170 1676 αὐτῷ,
3214 1605 3311 1658 καὶ
3358 1606 3524 1659 πάλιν
3567 1606 3784 1677 δάκρυα,

2208 1694 2378 1748 ὕπνου
2400 1712 2459 1749 τε
2482 1694 2646 1749 πάλιν
2680 1695 2947 1765 ἄγευστος
2977 1695 3162 1768 ἐκείνη
3189 1695 3444 1763 καθάπαξ
3482 1698 3522 1767 ἠ
3550 1695 3665 1761 νὺξ,
3694 1696 3786 1761 ἓως

2207 1786 2367 1841 αὐτὸν
2396 1789 2428 1857 ἡ
2461 1786 2579 1840 θεία
2611 1786 2955 1858 παρεκάλεσε
2986 1789 3167 1861 χάρις,
3192 1789 3253 1843 ἐν
3288 1789 3537 1861 σχήματι
3561 1788 3786 1852 νεανίδος

514 1888 582 1942 ad
625 1889 795 1942 Deum
824 1899 1038 1955 preces,
1072 1884 1275 1937 iterum
1318 1881 1589 1952 lacrymas
1638 1878 1841 1945 fundit,
1900 1879 2097 1933 iterum

2208 1879 2482 1952 παρθένου
2531 1881 2881 1950 ἐπιφανεῖσα.
2931 1881 3090 1951 Ἑξῆς
3122 1882 3181 1936 δὲ
3212 1882 3306 1936 καὶ
3351 1884 3379 1936 ό
3424 1881 3626 1953 ἐχθρὸς
3664 1880 3788 1952 μετά

514 1994 711 2050 expers
747 1976 925 2033 somni
967 1984 1187 2031 noctem
1224 1973 1371 2028 illam
1404 1980 1573 2026 totam
1609 1970 1850 2026 traducit
1881 1986 1896 2034 ;
1925 1968 2097 2023 donec

2203 1972 2308 2025 τῶν
2344 1971 2659 2026 σκανδάλων
2692 1973 2911 2044 καὶτῆς
2941 1972 3259 2044 ἐπιϐουλῆς,
3297 1975 3363 2027 ἐκ
3401 1972 3496 2027 τοῦ
3529 1974 3789 2043 Ἄγγουλᾶ

516 2086 791 2144 apparens
833 2069 884 2123 ei
922 2067 1113 2121 divina
1159 2063 1601 2136 gratia,juvenis
1632 2062 1829 2132 puellae
1861 2060 2097 2131 Speciem

2203 2078 2261 2115 τε
2303 2061 2521 2132 πρώτου
2571 2062 2605 2132 ή
2641 2063 2740 2134 τῆς
2774 2061 2987 2115 ἐκείνου
3038 2061 3239 2132 μανίας
3277 2061 3443 2132 ἀρχὴ,
3477 2061 3580 2114 καὶ
3621 2061 3656 2131 η
3683 2060 3789 2114 κατ’

518 2162 732 2225 induta,
770 2159 1101 2229 aﬂligentcm
1154 2171 1213 2210 se
1255 2154 1572 2209 consolalus
1622 2161 1728 2207 est.
1778 2149 1987 2205 Deinde
2048 2160 2097 2203 el

2204 2152 2373 2206 αὐτοῦ
2419 2153 2517 2208 καὶ
2559 2153 2671 2207 τῶν
2720 2152 2970 2223 ἀδελφῶν
3015 2152 3219 2225 πληγὴ,
3259 2153 3475 2207 δικαίαν
3515 2153 3623 2221 τῆς
3668 2151 3788 2223 πρὸς

516 2255 691 2309 hostis
739 2251 915 2307 adfuit
964 2266 1090 2304 cum
1134 2246 1396 2302 seandalo
1443 2253 1608 2315 atque
1658 2242 1904 2307 insidiis;
1948 2241 2097 2313 cujus

2206 2244 2372 2298 αὐτὸν
2405 2243 2735 2308 οἱκειώσεως
2762 2244 2862 2317 τὴν
2896 2244 3247 2314 ἀντιμισθίαν
3272 2244 3670 2306 ἀπολαϐόντος,
3705 2243 3788 2313 χὰ-

513 2345 671 2399 furor
721 2344 787 2398 ab
822 2340 1031 2412 Angula
1063 2354 1244 2404 orsus,
1293 2346 1487 2393 contra
1546 2336 1723 2406 ipsum
1780 2350 1844 2389 ac
1899 2334 2101 2389 fratres

2213 2337 2356 2407 ριτός
2386 2354 2447 2390 τε
2482 2336 2632 2409 παρά
2655 2335 2751 2389 τοῦ
2781 2336 2936 2406 φίλου
2971 2336 3126 2401 ἀξίας
3150 2337 3538 2407 τετυχηκότος.

513 2434 689 2507 plagis
708 2431 883 2486 saeviit
914 2447 927 2482 :
964 2428 1268 2498 recipiente
1304 2426 1399 2481 illo
1426 2424 1680 2480 meritam
1707 2438 1807 2495 pro
1843 2421 2223 2480 familiaritate
2263 2440 2387 2480 cum
2420 2425 2581 2482 hoste
2618 2434 2902 2481 contracta
2931 2426 3271 2493 mercedem,
3296 2435 3353 2482 ct
3384 2427 3626 2497 gratiam
3648 2442 3677 2481 a
3710 2424 3788 2487 tali

513 2528 691 2584 amico
737 2523 973 2581 conferri
1012 2522 1249 2577 solitam.

583 2619 705 2675 144.
749 2619 967 2673 Interea
991 2615 1139 2670 enim
1173 2613 1458 2683 temporis,
1511 2613 1641 2666 dum
1687 2626 1808 2681 quae
1855 2610 2094 2674 viderat,

512 2708 799 2779 discipulis
841 2714 1065 2761 enarrat
1132 2703 1411 2775 Symeon;
1466 2702 1729 2772 Angulas,
1788 2696 2096 2770 superioris

511 2804 781 2860 doctrinae
819 2798 976 2870 quasi
1026 2797 1339 2861 immemor,
1405 2795 1540 2866 quin
1587 2795 1752 2850 etiam
1809 2792 2094 2863 pnecepti,

511 2912 582 2952 ne
610 2894 842 2950 sollicite
862 2900 1088 2963 agerent
1118 2889 1386 2954 caventis,
1423 2887 1631 2942 oblitus
1664 2902 1680 2940 :
1713 2884 1997 2941 Sollicitus
2023 2884 2096 2939 sit

512 2990 631 3058 ipse
658 2995 714 3042 et
736 2986 862 3050 sibi,
895 2983 1097 3053 inquit,
1131 2991 1187 3037 et
1218 2980 1400 3035 nobis.
1436 2978 1568 3045 Quae
1597 2977 1765 3033 verba
1826 2979 2094 3033 continuo

511 3081 669 3151 plaga
717 3076 1099 3147 consequitur,
1154 3089 1263 3127 non
1302 3071 1467 3127 modo
1512 3071 1641 3142 ipsi,
1695 3069 1793 3126 sed
1822 3069 2093 3126 fratribus

2280 2608 2418 2679 ρμδ’,
2457 2608 2546 2661 Ἐν
2563 2608 2674 2680 ὅσῳ
2693 2609 2803 2680 γὰρ
2830 2608 2897 2662 τὰ
2921 2609 3155 2677 ὀφθέντα
3188 2609 3324 2680 πρὸς
3348 2612 3474 2674 τοὺς
3498 2610 3790 2683 μαθητάςὸ

2204 2699 2431 2767 Συμεὼν
2458 2700 2680 2773 διεξῄευ
2699 2701 2800 2773 τῆς
2834 2701 3217 2773 προλαϐούσης
3245 2702 3437 2773 ῶσπερ
3471 2704 3789 2773 ἐπιλαθόμε-

2203 2810 2289 2856 νος
2313 2793 2665 2858 διδασκαλίας
2710 2796 2740 2847 ὁ
2784 2794 3107 2863 Ἀγγουλᾶς,
3143 2795 3205 2849 οὐ
3248 2795 3355 2867 μὴν
3381 2796 3518 2849 ἀλλά
3575 2798 3669 2851 καὶ
3704 2797 3789 2869 τῆς

2202 2887 2445 2957 ἐντολῆς,
2481 2888 2573 2960 Μὴ
2603 2888 3002 2960 μεριμνήσητε,
3038 2888 3390 2961 κελευούσης,
3412 2890 3766 2962 Μερίμνησον

2203 2983 2432 3047 ἐκεῖνος,
2463 2981 2639 3051 ἐαυτῷ
2667 2982 2761 3036 καὶ
2784 2983 2935 3051 ἡμῖν,
2962 2982 3084 3053 ἔφη.
3122 2982 3233 3035 Καὶ
3261 2984 3399 3052 μετά
3419 2982 3515 3035 τοῦ
3554 2984 3792 3055 ῥήματος

2202 3074 2365 3138 εὐθὺς
2408 3077 2442 3145 ἡ
2475 3074 2679 3145 πληγὴ,
2725 3076 2786 3128 οὐ
2822 3075 2944 3129 κατ’
2981 3075 3147 3131 αὑτοῦ
3184 3076 3364 3147 μόνον,
3399 3076 3542 3130 ἀλλά
3574 3079 3669 3130 καὶ
3693 3077 3791 3131 τῶν

510 3186 733 3243 quoque
764 3168 1023 3224 omnibus
1069 3180 1333 3236 perquam
1387 3163 1671 3218 luctuosa:
1711 3162 1849 3218 adeo
1888 3164 2092 3233 quippe

2203 3166 2449 3235 ἀδελφῶν
2495 3167 2631 3237 ὁμοῦ
2663 3166 2882 3222 πάντων
2906 3185 2919 3201 ο
2956 3168 3052 3222 καὶ
3084 3170 3118 3241 ἡ
3163 3169 3348 3241 πληγὴ
3392 3170 3614 3240 μεγάλη
3664 3170 3794 3225 οὕτω

511 3264 696 3337 gravis
723 3278 787 3317 ac
822 3276 963 3316 saeva
1008 3258 1138 3324 fuit,
1196 3266 1257 3312 ut
1309 3254 1534 3327 quidem
1578 3270 1751 3326 prope
1781 3255 2039 3310 abessent
2065 3270 2096 3309 a

514 3364 713 3421 morte,
751 3353 976 3424 quidam
1007 3352 1171 3433 etiam
1207 3358 1595 3416 morerentur;
1623 3349 1701 3403 illi
1757 3348 1972 3403 scilicet
2000 3347 2096 3417 qui

513 3450 637 3504 aliis
696 3446 1126 3517 negligentiores
1168 3443 1411 3498 fuerant.
1482 3440 1602 3508 Quo
1663 3440 1947 3494 intellecto
1995 3438 2098 3510 Sy-

514 3556 701 3604 meon,
730 3546 791 3592 ut
821 3537 961 3592 alter
993 3534 1118 3600 Job,
1155 3533 1285 3589 forti
1316 3547 1380 3587 ac
1405 3546 1677 3603 generoso
1701 3530 1888 3584 animo
1917 3528 2094 3584 dixit:

513 3636 593 3692 Sit
621 3647 810 3689 nomen
842 3628 1056 3682 Domini
1084 3626 1408 3681 benedictum
1451 3623 1507 3676 in
1538 3620 1730 3677 suat-uta
1766 3622 1832 3676 "’.
1862 3621 2096 3689 Quidam

513 3736 696 3784 autem
742 3722 931 3783 frater,
992 3718 1049 3772 in
1106 3715 1299 3787 paucis
1340 3713 1625 3768 studiosus
1688 3720 1852 3781 atque
1905 3724 2098 3765 amans

511 3817 773 3881 virtutis,
828 3813 1019 3869 Conon
1093 3808 1446 3879 appellatus,
1529 3803 1945 3876 Symeonique,
2023 3801 2096 3857 ob

512 3908 840 3981 elegantiam
889 3920 955 3959 ac
981 3900 1309 3958 suavitatem
1344 3911 1561 3953 morum
1607 3903 1664 3950 et
1713 3892 1960 3950 studium
2005 3907 2097 3947 se-

514 4002 705 4061 ctandi
756 3998 1013 4062 meliora,
1054 3992 1348 4049 admodum
1387 3990 1607 4054 charus,
1667 3985 1930 4058 perplexo
1979 3992 2098 4039 erat

512 4097 838 4167 dejectoque
862 4089 1067 4151 animo,
1086 4094 1340 4141 metuens
1369 4098 1438 4138 ne
1464 4081 1659 4138 eadem
1684 4095 1806 4150 quae
1833 4077 2099 4132 fratribus

512 4190 620 4246 sibi
650 4199 869 4258 quoque
902 4179 1188 4237 calamitas
1213 4175 1511 4232 accideret.
1561 4171 1664 4227 Hic
1691 4170 1851 4241 quasi
1906 4177 2095 4223 mente

512 4303 542 4338 a
578 4279 838 4337 sensibus
867 4274 1152 4333 aberrans,
1183 4268 1374 4322 videre
1394 4265 1500 4320 sibi
1528 4263 1824 4319 videbatur
1872 4262 2098 4334 Symeo-

511 4388 662 4438 nem,
692 4370 823 4425 talia
853 4368 1285 4432 interrogantem
1310 4374 1324 4411 :
1351 4356 1540 4423 Qualis
1558 4354 1806 4410 hominis
1849 4353 2013 4409 unius
2039 4352 2097 4407 in

514 4463 678 4520 terris
706 4456 942 4513 maxima
968 4468 1099 4523 erga
1125 4452 1297 4506 Deum
1344 4446 1545 4502 ﬁducia
1588 4446 1710 4502 est?
1763 4461 1833 4501 eo
1887 4454 2093 4512 autem,

511 4556 646 4623 Quis
674 4553 764 4607 ille
790 4558 875 4604 est
896 4546 1097 4602 homo?
1120 4541 1511 4615 respondente,
1530 4540 1717 4597 dicere
1739 4539 2095 4613 Symeonem,
2127 4536 2172 4593 D

514 4651 607 4707 llle
642 4655 728 4703 est
758 4643 853 4715 qui
881 4640 1128 4712 loquitur
1171 4648 1384 4703 tecum;
1445 4634 1655 4703 divina,
1717 4644 1779 4690 ut
1829 4633 2091 4699 arbitror,

512 4742 687 4813 gratia
718 4739 799 4793 sic
834 4736 1163 4805 disponente
1202 4746 1288 4795 ea,
1319 4745 1440 4800 quae
1462 4737 1587 4800 post
1624 4728 1792 4798 paulo
1825 4735 2094 4783 eventura

512 4834 619 4906 ipsi
659 4839 859 4904 praeter
879 4824 1345 4898 exspectationem
1372 4828 1555 4887 erant,
1587 4828 1684 4876 aut
1703 4820 1892 4891 potius
1924 4819 2093 4874 disci-

512 4927 704 4998 pulum
738 4924 1071 4985 instruente,
1095 4931 1164 4972 ne
1193 4914 1261 4970 ad
1292 4912 1675 4969 inﬁdelitatem
1701 4929 1735 4968 a
1763 4913 1907 4968 malo
1932 4913 2095 4984 genio

513 5017 802 5089 pellectus,
826 5012 1252 5069 oblivisceretur
1305 5022 1458 5061 suam
1495 5005 1760 5078 magistro
1794 5005 2097 5061 inﬁrmita-

513 5120 624 5165 tem
649 5106 895 5162 indicare
918 5098 1633 5157 adversusmachinamenta
1656 5098 1863 5168 ipsius:
1885 5097 2095 5155 etenim

513 5200 622 5256 sibi
650 5195 902 5252 redditus
923 5193 1136 5255 Conon,
1163 5204 1359 5260 magno
1387 5203 1515 5243 cum
1548 5203 1786 5244 maerore
1816 5188 2093 5244 visionem

515 5291 677 5347 istam
708 5295 902 5343 sancto
931 5283 1167 5355 aperuit.

586 5382 709 5438 145.
766 5379 889 5436 Non
937 5377 1113 5432 multo
1166 5374 1457 5444 interjecto
1502 5380 1751 5442 tempore
1807 5373 2006 5431 Conon
2063 5390 2094 5431 a

413 5489 416 5493 ‘
515 5475 737 5533 diabolo
774 5484 1067 5543 percussus
1112 5466 1444 5537 exspiravit:
1475 5464 1626 5536 quod
1658 5465 1755 5521 ubi
1808 5468 1877 5523 ad
1931 5484 2095 5525 aures

516 5568 807 5641 Symeonis
837 5561 1108 5636 pervenit,
1137 5574 1231 5615 cor
1267 5558 1460 5630 ingens
1480 5558 1638 5614 dolor
1683 5559 1908 5616 invasit.
1928 5561 2095 5619 Jubet

515 5678 644 5733 ergo
673 5657 951 5731 apportari
981 5663 1281 5723 mortuum,
1327 5652 1555 5709 allatum
1596 5653 1729 5723 poni
1795 5654 1949 5726 juxta
2003 5672 2089 5725 se,

582 5845 625 5876 "
642 5843 768 5900 Joh.
803 5862 840 5911 ι,
875 5843 971 5898 21.

2201 3260 2293 3312 καὶ
2337 3259 2569 3330 χαλεπὴ,
2606 3259 2682 3324 ὡς
2723 3259 2851 3324 τοὺς
2897 3260 2997 3332 μὲν
3037 3261 3216 3315 αὐτῶν
3249 3263 3537 3331 ἐγγυτάτω
3571 3262 3788 3317 θανάτου

2199 3351 2478 3419 γενέσθαι,
2502 3351 2636 3415 τοὺς
2664 3350 2721 3405 δέ
2753 3352 2847 3406 καὶ
2878 3353 3077 3417 θανεῖν,
3107 3354 3224 3407 ὅσοι
3250 3354 3455 3426 δηλαδὴ
3489 3354 3603 3408 τῶν
3629 3356 3791 3410 ἄλλων

2199 3442 2565 3515 ἀμελέστερον
2608 3439 2780 3515 εἷχον.
2819 3444 3001 3516 Ὅπερ
3050 3443 3291 3516 μαθόντα
3342 3445 3435 3499 τὸν
3470 3446 3703 3517 Συμεὼν
3735 3445 3786 3501 τδ

2198 3534 2297 3604 τῆς
2312 3536 2568 3607 νεανικῆς
2591 3534 2686 3589 τοῦ
2718 3534 2839 3589 Ἰὼϐ
2865 3536 3078 3609 ἐκείνης
3094 3537 3190 3591 καὶ
3210 3538 3468 3607 γενναίας
3503 3540 3677 3608 φάναι
3696 3539 3788 3609 ψυ-

2198 3626 2324 3697 χῆς,
2356 3626 2467 3695 Ε’τη
2499 3626 2567 3681 τὸ
2595 3627 2787 3698 ὄνομα
2814 3627 3038 3696 Κυρίου
3064 3630 3487 3700 εὐλογημένον
3533 3633 3628 3698 εις
3657 3631 3783 3698 τοὺς

2198 3718 2442 3784 αἰῶνας.
2475 3719 2737 3792 Εἱστήκει
2763 3718 2822 3773 δέ
2855 3736 2940 3783 τις
2974 3720 3223 3790 ἀδελφὸς,
3257 3722 3367 3776 τῶν
3399 3724 3605 3797 κομιδῇ
3635 3742 3784 3779 σπου-

2198 3809 2363 3864 δαίων
2399 3811 2493 3865 καὶ
2529 3811 2857 3884 φιλαρέτων,
2887 3802 3059 3886 ὄνομα
3094 3815 3305 3883 Κόνων,
3333 3816 3394 3881 ὃς
3432 3818 3525 3872 διὰ
3551 3817 3619 3873 τὸ
3662 3836 3783 3892 χρη·

2200 3904 2324 3957 στὸν
2355 3903 2448 3958 τοῦ
2477 3904 2707 3976 τρόπου,
2738 3906 2834 3961 καὶ
2867 3906 2958 3962 τὸν
2982 3908 3111 3980 περὶ
3148 3908 3209 3962 τὸ
3244 3910 3407 3963 καλὸν
3445 3911 3631 3982 ἔρωτα
3656 3914 3779 3982 ἠγό-

2198 4014 2343 4067 πητο
2376 3997 2457 4069 τῷ
2499 3999 2721 4071 μεγάλῳ
2753 4001 3147 4072 διαφερόντωςο
3187 3995 3343 4067 οὗτος
3379 4003 3493 4057 δέει
3534 4005 3637 4073 τῆς
3672 4005 3779 4073 ῖσης

2197 4092 2312 4154 τοῖς
2363 4090 2610 4159 ἀδελφοῖς
2653 4091 2869 4164 πληγῆς
2922 4094 3111 4147 ἵστατο
3157 4092 3506 4162 σκυθρωπός.
3557 4094 3703 4161 Ἕξω
3726 4092 3779 4147 δι

2200 4184 2453 4254 καθάπερ
2482 4182 2679 4238 ἑαυτοῦ
2704 4183 2965 4254 γεγονὼς,
2992 4185 3170 4239 ἐδόκει
3198 4184 3371 4240 ταῦτα
3395 4188 3490 4240 τὸν
3514 4188 3659 4241 θεῖον
3681 4188 3773 4239 Zo-

2202 4276 2346 4345 μεὼν
2372 4278 2504 4351 όρᾷν
2535 4277 2697 4332 αὐτοῦ
2732 4276 3131 4348 πυνθανόμενον
3158 4295 3174 4312 ο
3204 4279 3341 4332 Ποία
3368 4279 3477 4333 τῶν
3516 4281 3658 4350 ὑπὲρ
3682 4280 3775 4347 τῆς

2199 4368 2318 4433 ἐνὸς
2350 4369 2640 4440 ἀνθρώπου
2674 4370 2907 4441 μεγίστη
2939 4369 3079 4442 πρὸς
3104 4369 3235 4423 Θεὸν
3266 4373 3589 4442 παρρησία
3618 4369 3772 4423 τοῦδέ

2200 4463 2296 4516 καὶ
2322 4462 2405 4526 τίς
2429 4463 2632 4527 ἐκεῖνός
2654 4462 2806 4517 ἐστιν
2833 4463 3118 4535 ἐρομένου,
3150 4463 3316 4517 αὑτὸν
3336 4461 3472 4517 εἶναι
3499 4465 3667 4532 φάναι
3695 4464 3773 4518 τὸν

2201 4555 2317 4625 μετ’
2359 4554 2569 4610 ἐκείνου
2625 4554 2908 4609 λαλοῦντα·
2935 4555 3034 4626 τῆς
3075 4555 3249 4623 θείας,
3274 4551 3447 4627 οἶμαι,
3478 4557 3718 4629 χάριτος,
3747 4554 3775 4609 δ

2203 4648 2322 4719 μετ’
2362 4650 2424 4703 οὑ
2481 4649 2616 4703 πολὺ
2670 4648 2973 4722 παράδοξον
3025 4649 3250 4721 ἔμελλεν
3306 4650 3395 4703 ἐπ’
3429 4651 3580 4722 αὐτῷ
3626 4652 3774 4721 γενήο

2200 4739 2388 4793 σεσθαι
2451 4742 2967 4813 προοικονομούσης,
3024 4742 3057 4813 ἥ
3108 4741 3202 4796 τὸν
3263 4742 3517 4815 μαθητὴν
3582 4742 3771 4813 μᾶλλον

2197 4832 2607 4904 οίκοδομούσης,
2671 4833 2746 4906 μὴ
2799 4833 2938 4907 λάθῃ
2993 4834 3144 4906 παρά
3192 4833 3288 4889 τοῦ
3347 4834 3587 4905 πονηροῦ
3646 4834 3770 4907 πρὸς

2199 4926 2455 4979 ἀπιστίαν
2495 4926 2810 4997 ὑποσυρεὶς,
2850 4926 3138 4981 ἀσθένειαν
3164 4926 3259 4981 τοῦ
3290 4927 3616 4981 διδασκάλου
3646 4927 3769 4998 πρὸς

2197 5016 2297 5082 τὰς
2327 5018 2535 5070 ἐκείνου
2568 5018 2814 5089 μηχανὰς
2840 5018 3187 5087 καταγνῶναι
3211 5033 3226 5049 '
3260 5018 3289 5069 ό
3318 5017 3417 5088 μὲν
3447 5020 3562 5088 γὰρ
3597 5018 3769 5070 Κόνων

2197 5110 2278 5173 είς
2306 5108 2503 5164 ἑαυτὸν
2522 5108 2852 5179 ἐπανελθὼν,
2878 5110 3117 5181 ἀγωνίας
3143 5109 3341 5181 μεστὸς
3366 5109 3465 5182 τὴν
3484 5110 3609 5180 ὄψιν
3636 5106 3773 5177 αὐτῷ

2197 5199 2525 5272 ἐξηγήσατο.

2274 5386 2412 5453 ρμε’.
2429 5380 2503 5434 Οὐ
2536 5380 2671 5435 πολὺ
2697 5381 2753 5435 δὲ
2782 5381 2842 5435 τὸ
2860 5382 2919 5436 ὲν
2939 5382 3089 5454 μέσῳ
3111 5382 3207 5435 καὶ
3235 5381 3467 5453 τελευτᾷ
3499 5381 3600 5453 μὲν
3618 5382 3769 5445 αὖτις

2201 5473 2306 5529 ὑπὸ
2357 5472 2452 5527 τοῦ
2504 5474 2750 5529 διαϐόλου
2805 5474 3035 5545 πληγεὶς
3065 5476 3094 5528 ό
3127 5474 3316 5529 Κόνων
3344 5491 3359 5506 ·
3390 5475 3531 5547 ὅπερ
3557 5475 3636 5547 τῷ
3679 5475 3774 5527 Συ-

2204 5566 2350 5640 μεὼν
2400 5567 2688 5631 ἀκουσθέν,
2721 5567 2895 5639 μέσης
2930 5566 3097 5623 αὐτοῦ
3131 5567 3476 5624 καθικνεῖται
3524 5568 3767 5642 καρδίας.

2210 5660 2271 5713 '0
2298 5659 2356 5714 δὲ
2418 5660 2509 5715 τὸν
2563 5658 2757 5731 νεκρὸν
2820 5658 3172 5731 κομισθῆναι,
3205 5659 3301 5714 καὶ
3330 5659 3471 5732 πρὸς
3496 5656 3655 5715 αὑτοῦ
3684 5675 3769 5714 τυ-
