3944 6494
233 422 369 490 3121

1228 430 1403 489 VlTA
1442 431 1486 488 Α
1530 427 1971 489 NICEPIIORO
2008 427 2495 489 CONSCRIPTA.

2288 16 2617 25 *ι-η-σνἭ

3374 426 3514 490 3132

236 539 419 609 θῆναι,
448 536 623 610 τηνδὶ
654 538 986 609 δερματίνην
1011 538 1106 592 τοῦ
1152 540 1343 592 στόλου
1380 540 1593 611 σκέπην
1650 540 1817 611 ἀρθῆ-

1928 538 2231 609 pelliceum
2260 539 2531 593 columna:
2561 544 2767 592 tectum
2816 535 3100 601 amoveri;
3135 546 3248 590 tum
3302 538 3512 595 intimis

236 648 325 684 ναι
350 628 637 693 κελεύσας,
666 630 733 684 τὰ
768 632 1052 702 σπλάγχνα
1081 648 1140 683 τε
1167 631 1357 695 δεινῶς
1380 633 1474 685 ἐπὶ
1518 632 1598 701 τῷ
1630 633 1821 703 κειμέ-

235 738 317 790 νῳ
347 720 539 774 παθὼν
576 720 838 791 ὀδυνηρόν
868 740 926 775 τε
955 722 1075 775 λίαν
1104 722 1383 791 δακρύσας
1417 725 1511 777 καὶ
1546 723 1821 780 ἀνακλαύ-

233 828 357 876 σας,
409 812 611 881 γόνατά
662 828 724 865 τε
764 812 889 876 δοὺς
918 813 1107 882 ἐδάφει
1155 815 1252 867 καὶ
1302 814 1458 883 δψεις
1499 854 1515 879 ,
1575 814 1822 868 Δέσποτα

232 905 641 974 παντοκράτορ,
670 900 849 964 εἶπεν,
884 905 911 957 6
938 906 1175 974 ποιήσας
1202 904 1295 956 τὸν
1329 904 1561 973 οὐρανὸν
1586 905 1680 956 καὶ
1716 906 1822 975 πή-

230 993 335 1058 ξας
362 995 546 1060 αὐτὸν,
578 996 607 1048 6
666 994 977 1066 στερεώσας
998 996 1097 1065 τὴν
1116 998 1220 1065 γῆν
1256 996 1349 1049 καὶ
1403 996 1470 1049 τὰ
1504 998 1562 1048 ὲν
1596 997 1755 1068 αὐτῇ,
1793 998 1821 1049 6

225 1085 411 1149 διδοὺς
446 1086 615 1158 πνοὴν
641 1087 719 1157 τῷ
743 1086 858 1158 λαῷ
886 1087 963 1158 τῷ
1003 1089 1089 1140 ἐπ’
1120 1089 1291 1158 αὐτῆς
1322 1088 1414 1141 καὶ
1450 1089 1669 1160 πνεῦμα
1707 1093 1821 1152 τοῖς

228 1179 496 1233 πατοῦσιν
524 1181 715 1250 αὐτὴν,
746 1184 775 1234 6
800 1182 1120 1252 ὲκστρέφων
1158 1184 1239 1247 είς
1270 1182 1415 1251 πρωϊ
1460 1184 1620 1235 σκιὰν
1655 1183 1822 1236 θανά.

226 1289 328 1325 του
378 1272 473 1326 καὶ
530 1272 747 1343 ἡμέραν
783 1276 863 1338 είς
915 1274 1088 1328 νύκτα
1165 1276 1466 1341 σκοτάζων,
1503 1278 1532 1328 6
1572 1277 1820 1331 θανατῶν

224 1364 328 1417 καὶ
387 1362 691 1432 ζωογονῶν,
722 1367 750 1418 6
804 1366 887 1429 είς
944 1366 1073 1436 ᾅδου
1138 1367 1402 1433 κατάγων
1436 1369 1531 1420 καὶ
1576 1369 1818 1437 ἀνάγων,

230 1456 475 1508 πνεῦσον
530 1456 624 1509 ἐπὶ
673 1458 736 1510 τὸ
788 1458 982 1527 νεκρὸν
1017 1459 1177 1527 σῶμα
1225 1459 1388 1513 τοῦτο
1432 1461 1527 1513 τοῦ
1553 1461 1820 1525 ζωοποιοῦ

226 1548 552 1617 Πνεῦματός
599 1564 718 1609 σου,
752 1549 844 1601 καὶ
886 1550 1327 1621 ἀποκαταστήτω
1376 1551 1525 1623 αὐτῷ
1575 1553 1608 1621 ἡ
1673 1552 1820 1624 ψυχὴ

224 1640 423 1701 αὐτοῦ,
458 1639 601 1693 ῶστε
636 1639 867 1711 λαλῆσαι
900 1643 1025 1703 τοὺς
1055 1643 1206 1705 υίούς
1232 1642 1342 1695 τῶν
1392 1643 1694 1713 ἀνθρώπων
1724 1646 1821 1715 τὴν

222 1731 555 1784 δυναστείαν
586 1748 703 1796 σου,
736 1733 830 1784 καὶ
870 1733 969 1803 τὴν
1001 1732 1158 1798 δόξαν
1191 1733 1291 1802 τῆς
1338 1734 1821 1806 μεγαλοπρεπείας

221 1822 333 1890 τῆς
366 1820 647 1889 βασιλείας
700 1838 818 1875 σου.
852 1822 1040 1876 Ταῦτα
1095 1823 1539 1893 προσευξάμενος
1575 1827 1668 1879 καὶ
1702 1827 1817 1879 δια-

220 1912 454 1975 ναστὰς,
481 1912 695 1981 μεγάλῃ
720 1912 796 1975 ὼς
830 1908 999 1983 εἶχεν,
1041 1891 1213 1969 ’Δὸῦᾶ
1247 1891 1459 1981 Κόνῶν,
1501 1916 1697 1986 ἐϐόησε
1747 1923 1813 1991 τῇ
1854 1891 1894 1945 Β

220 2006 407 2072 φωνῇ.
450 2003 507 2055 ’0
532 2003 589 2056 δὲ
638 2000 708 2074 ἦν
766 2004 995 2075 ἄψυχος,
1028 2006 1190 2074 σῶμα
1237 2006 1545 2079 αἰσθήσεώς
1607 2027 1669 2062 τε
1723 2012 1817 2064 καὶ

221 2098 403 2165 πνοῆς
433 2095 663 2165 ἔρημον.
700 2089 828 2149 Ὧδε
888 2100 952 2167 τῇ
991 2100 1061 2168 γῇ
1113 2097 1275 2151 πάλιν
1322 2099 1514 2152 ἑαυτὸν
1553 2100 1647 2154 τοῦ
1709 2103 1817 2155 Συ-

223 2188 382 2258 μεὼν
435 2191 749 2256 δεδωκότος,
775 2194 844 2247 τὰ
895 2194 1042 2248 αὐτά
1100 2211 1160 2247 τε
1226 2197 1690 2267 προσευξαμένου,
1723 2198 1819 2251 καὶ

218 2282 587 2353 παραπλησία
608 2287 758 2355 φωνῇ
782 2284 944 2338 πάλιν
965 2286 1056 2339 τὸν
1081 2286 1333 2359 μαθητὴν
1352 2288 1683 2355 καλέσαντος
1712 2291 1817 2363 (ἔτι

217 2373 422 2443 νεκρὸς
433 2374 674 2444 ἀκριϐῶς
690 2378 717 2431 ὁ
733 2377 926 2449 νεκρὸς
945 2374 1057 2449 ἦν),
1079 2379 1279 2447 γόνατα
1296 2380 1389 2432 καὶ
1405 2382 1645 2456 κεφαλὴν
1664 2382 1819 2452 αὖθις

219 2464 522 2535 κολληθεὶς
563 2466 641 2537 τῷ
687 2468 897 2538 ἐδάφει,
946 2472 1348 2545 συντονώτερόν
1406 2493 1467 2529 τε
1532 2476 1627 2531 τοῦ
1680 2477 1818 2533 Θεοῦ

216 2555 463 2626 δεηθεὶς,
504 2558 697 2612 ἔπειτα
729 2560 913 2630 μέντοι
957 2564 1191 2635 καρδίαν
1226 2566 1343 2635 ἅμα
1373 2571 1468 2622 καὶ
1498 2570 1818 2643 ὀφθαλμοὺς

219 2650 310 2712 είς
340 2650 604 2719 οὐρανοὺς
640 2652 953 2717 ἀνατείνας,
986 2658 1177 2726 φωνήν
1221 2676 1279 2712 τε
1311 2660 1548 2733 δάκρυσι
1594 2662 1819 2735 θερμοῖς

220 2744 645 2814 κεκερασμένην
676 2745 941 2815 ἀφεὶςμΗ
971 2748 1067 2801 τοῦ
1097 2749 1233 2803 Θεοῦ
1259 2753 1468 2824 μήτηρ,
1495 2755 1527 2823 ἡ
1554 2754 1820 2809 Δέσποινα

222 2832 453 2885 πάντων
500 2834 597 2887 καὶ
635 2834 897 2901 Θεοτόκος
928 2839 961 2909 ἡ
995 2841 1094 2910 τῆς
1123 2840 1156 2911 η
1165 2840 1282 2909 μῶν
1328 2844 1545 2899 ἁναπλά
1557 2862 1696 2907 σεως
1725 2847 1821 2900 καὶ

223 2922 508 2993 σωτηρίας
559 2928 771 2994 μεσῖτις
802 2967 817 2993 ,
854 2928 960 2997 ἔφη
998 2946 1013 2961 ο
1039 2932 1069 2983 6
1113 2932 1421 3003 πρόδρομος
1465 2935 1561 2989 τοῦ
1604 2937 1822 3007 Ἐμμα-

218 3015 412 3086 νουὴλ,
435 3018 463 3069 6
485 3019 576 3069 καὶ
603 3019 767 3072 αὐτὸν
802 3020 1162 3087 καταξιωθεὶς
1189 3022 1450 3091 βαπτίσαι
1478 3026 1569 3079 τὸν
1598 3026 1823 3097 αῐροντα

1923 630 2237 685 visceribus
2271 630 2731 700 superjacentem
2758 638 3089 694 commotus,
3150 629 3512 699 dolenterquc

1922 721 2222 777 admodum
2254 721 2391 776 ﬁens
2425 729 2592 791 atque
2639 721 3031 790 ingemiscens,
3090 721 3386 791 prostratis
3418 737 3511 790 ge-

1922 814 2089 869 nibus
2117 828 2183 869 ac
2214 813 2353 868 facie
2385 814 2438 866 in
2467 821 2705 867 terram:
2744 812 2998 878 Domine,
3023 812 3222 881 inquit,
3259 811 3512 881 omnipo-

1926 913 2069 969 tens,
2096 906 2192 975 qui
2222 904 2402 960 fecisti
2453 904 2655 959 ccelum
2707 913 2762 957 et
2820 904 3145 974 eompegisti
3197 904 3362 971 illud;
3411 904 3508 974 qui

1925 996 2151 1050 ﬁrmasti
2186 1004 2389 1050 terram
2423 1005 2478 1049 et
2505 1011 2627 1064 qua:
2653 994 2709 1048 in
2736 1009 2801 1049 ea
2819 1005 2983 1059 sunt;
3017 995 3111 1063 qui
3135 995 3509 1065 dasspiritum

1923 1090 2131 1160 populo
2156 1098 2363 1143 terram
2398 1088 2663 1142 incolenti
2717 1095 2774 1142 et
2826 1088 3102 1155 calcanti;
3163 1089 3259 1157 qui
3314 1090 3509 1145 mortis

1927 1178 2177 1232 umbram
2212 1178 2386 1233 vertis
2412 1178 2464 1231 in
2490 1178 2694 1242 lucem,
2728 1186 2784 1232 et
2817 1178 2963 1231 diem
3000 1179 3054 1231 in
3090 1188 3308 1232 noctem
3351 1187 3508 1233 tene-

1926 1275 2184 1341 brosam;
2215 1277 2309 1346 qui
2343 1274 2556 1330 occidis
2580 1281 2637 1329 et
2694 1272 2980 1339 viviﬁcas;
3035 1273 3130 1343 qui
3184 1273 3251 1327 ad
3302 1273 3510 1330 inferos

1924 1366 2154 1421 deducis
2177 1376 2233 1421 et
2258 1366 2515 1433 reducis;
2556 1365 2703 1435 spira
2740 1380 2908 1434 super
2934 1366 3039 1419 hoc
3077 1365 3315 1420 cadaver
3339 1366 3507 1435 spiri-

1928 1469 2042 1514 tum
2066 1466 2222 1513 tuum
2256 1458 2561 1523 viviﬁeum,
2589 1466 2644 1512 et
2684 1458 3011 1511 restituatur
3035 1458 3113 1512 illi
3160 1458 3339 1511 anima
3386 1474 3505 1521 sua,

1925 1561 1986 1606 ut
2038 1552 2133 1605 ﬁlii
2190 1551 2476 1605 hominum
2550 1549 2841 1605 celebrent
2890 1550 3193 1619 potentiam
3250 1559 3397 1603 tuam
3447 1558 3504 1605 et

1924 1644 2151 1714 gloriam
2181 1642 2483 1713 maiestatis
2512 1641 2666 1710 regni
2702 1642 2802 1695 tui.
2836 1641 2915 1694 ita
2946 1649 3201 1709 precatus
3235 1641 3499 1706 surrexit,

1924 1744 2240 1805 quantaque
2292 1734 2473 1804 potuit
2527 1735 2765 1788 maxima
2827 1750 2961 1787 voce
3013 1734 3289 1796 clamavit,
3347 1735 3502 1789 Abba

1923 1827 2136 1883 Conon.
2162 1826 2211 1880 Is
2234 1834 2420 1880 autem
2468 1841 2603 1879 voce
2655 1825 2881 1879 carebat
2930 1825 3247 1893 animaque,
3307 1842 3509 1895 corpus

1922 1934 2090 1973 sensu
2124 1933 2186 1973 ac
2220 1918 2421 1988 spiritu
2449 1917 2804 1972 destitutum.
2829 1917 2968 1973 Cum
3026 1933 3160 1972 vero
3200 1934 3259 1973 se
3315 1933 3509 1973 rursus

1920 2009 2080 2064 humi
2135 2010 2488 2081 projecisset,
2545 2009 2853 2079 eademque
2909 2010 3182 2078 precando
3231 2010 3507 2073 iterasset,

1920 2117 1985 2158 ac
2040 2103 2161 2173 pari
2231 2118 2366 2158 voce
2447 2102 2781 2172 discipulum
2827 2114 3080 2158 vocasset
3135 2102 3509 2172 nequidquam

1923 2194 2195 2265 (mortuus
2236 2194 2383 2250 enim
2434 2204 2496 2249 ut
2547 2204 2684 2260 erat,
2746 2210 2876 2250 vere
2922 2196 3179 2250 manebat
3212 2197 3511 2265 mortuus),

1921 2284 2158 2355 genibus
2204 2300 2269 2339 ac
2300 2285 2479 2354 capite
2513 2285 2675 2339 tertio
2714 2284 2906 2339 aflixus
2938 2294 3118 2350 terrae,
3177 2286 3510 2341 contentiori

1922 2376 2181 2430 oratione
2202 2376 2296 2430 Dei
2338 2391 2499 2445 opem
2536 2376 2876 2446 imploravit.
2914 2377 3112 2432 Postea
3176 2393 3307 2432 vero
3340 2376 3510 2431 corde

1921 2466 2210 2536 oculisque
2237 2467 2292 2520 in
2322 2468 2522 2521 coelum
2553 2468 2780 2532 erectis,
2846 2484 3037 2524 vocem
3087 2469 3345 2541 laerymis
3389 2470 3504 2525 fer-

1922 2557 2185 2612 ventibus
2228 2557 2448 2611 mistam
2503 2558 2821 2627 hujusmodi
2866 2559 3087 2613 emisit:
3143 2560 3317 2614 Mater
3372 2560 3508 2626 Dei,

1922 2649 2156 2705 Domina
2182 2649 2432 2703 omnium
2462 2664 2524 2703 ac
2548 2650 2806 2719 Deipara,
2841 2650 3138 2705 mediatrix
3196 2653 3509 2721 reparatio-

1922 2740 2009 2794 nis
2038 2754 2104 2795 ac
2136 2741 2331 2795 salutis
2357 2748 2600 2795 nostm:
2641 2743 2957 2797 Praecursor
2986 2744 3382 2813 Emmanuelis,
3415 2748 3511 2817 qui

1922 2833 2091 2887 etiam
2119 2830 2320 2902 dignus
2349 2831 2504 2887 fuisti
2541 2833 2826 2902 baptizare
2846 2834 3001 2887 illum
3038 2834 3134 2904 qui
3185 2837 3331 2890 tollit
3372 2853 3505 2907 pee-

1924 2932 2044 2978 cata
2073 2923 2290 2988 mundi,
2346 2923 2557 2994 quique
2598 2934 2893 2994 antequam
2956 2935 3122 2981 natus
3163 2943 3285 2981 sum
3343 2930 3507 2985 matri

1925 3030 2061 3070 meae
2080 3030 2167 3069 me
2192 3015 2531 3070 annuntiasti
2553 3033 2565 3068 :
2589 3016 2914 3081 Cherubin),
2941 3016 3254 3087 Seraphim,
3278 3020 3509 3085 Throni,

217 3106 329 3177 τὴν
358 3109 630 3178 ἁμαρτίαν
653 3110 746 3163 τοῦ
766 3111 994 3182 κόσμου,
1026 3113 1055 3165 6
1086 3116 1152 3185 τῇ
1181 3114 1349 3185 μητρί
1376 3133 1445 3185 με
1476 3116 1570 3171 καὶ
1592 3119 1697 3188 πρὸ
1731 3137 1817 3187 γε·

1926 3107 2363 3170 Domiuationes,
2395 3107 2767 3175 Principatus,
2799 3108 3065 3171 Virtutes,
3124 3110 3377 3175 Michael,
3400 3112 3513 3167 Ga—

218 3198 955 3272 νέσεωςεύαγγελισάμενοςθ
977 3204 1285 3276 Χερουϐὶμ,
1314 3207 1582 3280 Σεραφὶμ,
1601 3211 1813 3279 Θρόνοι,

1926 3198 2088 3265 briel,
2113 3207 2169 3252 et
2202 3206 2475 3268 quotquot
2500 3208 2768 3267 praeterea
2802 3200 2937 3254 estis
2972 3201 3205 3270 angelici
3245 3203 3501 3273 spiritus.

220 3289 588 3360 κυριότητες,
625 3291 839 3363 Ἃρχαὶ,
887 3294 1183 3362 Ἐξουσίαι,
1248 3298 1490 3368 Μιχαὴλ,
1549 3300 1810 3371 Γαϐριὴλ,

220 3382 367 3435 ἀλλά
392 3383 485 3435 καὶ
514 3385 713 3449 πάντες
735 3386 847 3440 ὅσοι
878 3387 985 3441 τῶν
1050 3389 1359 3458 ἁγγελικῶν
1405 3392 1630 3445 ἐκείνων
1657 3394 1815 3448 δυνά-

228 3492 405 3544 μεων,
432 3475 595 3539 ἄλλος
620 3474 787 3545 ἄλλης
842 3482 1106 3551 στρατιᾶς
1160 3482 1493 3554 προηγεῖσθε
1521 3499 1537 3515 ·
1586 3484 1817 3537 ἀπόστο-

221 3565 312 3617 λοι
364 3564 537 3631 θεῖοι,
590 3570 899 3639 προφῆται,
994 3572 1294 3642 μάρτυρες,
1353 3575 1554 3645 ίερεῖς,
1605 3576 1657 3628 oi
1718 3576 1815 3647 τὴν

222 3656 574 3726 ἀδαπανητον
634 3659 914 3726 μυστικῶς
968 3661 1160 3716 θυσίαν
1193 3664 1331 3733 ὑπὲρ
1374 3663 1564 3735 ψυχῶν
1592 3666 1817 3720 δικαίων

220 3748 654 3818 προσφέροντες,
689 3750 990 3822 σεσίγηκεν
1025 3753 1158 3822 ὑμῖν
1192 3756 1343 3809 πᾶσα
1374 3754 1469 3809 νῦν
1503 3756 1651 3829 ὑπὲρ
1680 3758 1817 3827 ἐμοῦ

220 3838 372 3908 πρὸς
428 3838 561 3891 Θεὸν
618 3842 925 3912 παρρησία,
958 3845 1289 3916 ἐπιλέλησθε
1320 3846 1416 3899 τοῦ
1465 3846 1557 3901 διὰ
1614 3849 1819 3913 παντὸς

220 3931 379 3999 ὑμᾶς
402 3932 632 4000 μεσίτας
656 3934 1096 4005 προϐαλλομένου
1127 3952 1140 3967 ⁸
1178 3939 1356 3991 κεῖται
1380 3938 1511 4008 γὰρ,
1534 3938 1609 4002 ὡς
1630 3939 1817 4010 ὁρᾶτε,

218 4016 385 4087 οὗτος
410 4061 426 4087 ,
477 4024 572 4077 καὶ
619 4026 847 4096 οὐδεμία
888 4029 1019 4099 παρ’
1076 4028 1231 4099 ὐμῶν
1282 4031 1583 4102 πρεσϐεία,
1641 4032 1820 4097 οὐδεὶς

216 4116 340 4170 τῶν
372 4116 521 4186 ἐμῶν
542 4118 641 4189 τῆς
695 4119 920 4190 καρδίας
945 4120 1148 4175 ὀδυνῶν
1193 4122 1374 4185 ἔλεος.
1409 4118 1594 4178 *Ηπου
1626 4123 1819 4193 διακε-

218 4209 332 4278 νῆς
368 4209 497 4276 παρ’
526 4209 656 4280 ὃλην
687 4213 716 4265 6
743 4212 901 4275 πόνος
930 4213 1055 4283 ἐμοὶ
1099 4213 1199 4285 τὴν
1230 4213 1409 4287 ζωήνς
1441 4215 1504 4269 Εί
1543 4217 1645 4272 οὐκ
1684 4217 1820 4273 ἀνα-

221 4301 515 4371 στήσεται,
548 4304 718 4367 ὅντως
762 4304 864 4357 οὐκ
895 4304 1243 4376 εὐηρέστησα
1272 4307 1350 4377 τῷ
1383 4307 1505 4380 Θεῷ
1552 4326 1680 4381 μου,
1725 4311 1820 4363 οὐ·

217 4392 284 4446 δὲ
312 4397 599 4449 κοινωνίαν
627 4395 897 4467 οὐμενοῦν
923 4396 1081 4469 εῦρον
1111 4401 1370 4470 οὐδεμίαν
1401 4402 1461 4455 ὲν
1493 4401 1641 4474 ὑμῖν,
1678 4404 1727 4456 εί
1758 4405 1818 4457 οὐ

221 4482 484 4553 ζήσεται.
529 4486 587 4541 '0
612 4489 672 4539 ὲν
724 4488 952 4559 ὑψηλοῖς
995 4491 1293 4558 κατοικῶν,
1318 4493 1413 4546 καὶ
1458 4492 1529 4546 τὶ
1583 4494 1819 4549 ταπεινὰ

1919 3289 2010 3345 alii
2075 3289 2199 3343 aliis
2250 3288 2593 3345 exercitibus
2666 3290 2950 3360 praefecti:
2998 3291 3172 3345 divini
3228 3294 3507 3362 apostoli,

1916 3379 2225 3450 prophetae,
2278 3388 2577 3451 martyres,
2631 3380 2968 3446 sacerdotes,
2994 3382 3085 3451 qui
3119 3383 3509 3438 inexhaustum

1919 3469 2254 3526 sacriﬁcium
2308 3486 2409 3539 pro
2454 3470 2747 3525 animabus
2791 3472 2960 3542 justis
2991 3474 3220 3544 mystice
3263 3473 3499 3538 offertis,

1913 3560 2028 3630 jam
2075 3559 2258 3615 omnis
2302 3569 2483 3615 vestra
2514 3560 2572 3614 in
2624 3561 2798 3615 Deum
2836 3560 3037 3617 ﬁducia
3071 3579 3173 3632 pro
3217 3580 3303 3619 me
3352 3565 3503 3634 loqui

1916 3652 2130 3709 destitit
2191 3668 2256 3707 ac
2285 3661 2437 3707 muta
2482 3662 2603 3718 est;
2668 3652 2829 3708 obliti
2877 3653 3013 3710 estis
3070 3655 3199 3722 mei,
3247 3658 3342 3726 qui
3404 3671 3507 3713 vos

1918 3760 2140 3814 semper
2170 3744 2513 3800 mediatores
2536 3744 2767 3800 adhibui
2795 3765 2809 3800 :
2840 3747 2991 3818 jacet
3032 3748 3259 3819 quippe,
3291 3759 3353 3804 ut
3382 3766 3507 3805 cer-

1919 3836 2073 3899 nitis,
2105 3836 2198 3891 hic
2223 3837 2533 3907 discipulus
2557 3854 2750 3905 meus;
2786 3851 2843 3895 ct
2866 3839 3019 3895 nulla
3060 3856 3091 3894 a
3125 3841 3285 3897 vobis
3337 3843 3509 3898 inter-

1920 3928 2121 3993 cessio,
2150 3928 2303 3985 nulla
2329 3928 2587 3984 dolorum
2618 3946 2867 3986 meorum
2917 3933 3331 3989 commiseratio
3378 3950 3509 4003 pro-

1922 4019 2092 4075 cedit.
2144 4020 2227 4075 An
2278 4036 2411 4091 ergo
2469 4022 2678 4077 frustra
2749 4022 2933 4079 omnis
2982 4039 3082 4093 per
3135 4034 3306 4079 totam
3332 4025 3505 4080 vitam

1920 4113 2232 4167 exantlatus
2290 4114 2493 4169 labor?
2534 4114 2592 4169 Si
2624 4116 2717 4170 hic
2747 4131 2859 4171 non
2890 4126 3166 4189 resurgat,
3219 4134 3349 4173 vere
3391 4135 3505 4174 nou

1922 4206 2108 4278 placui
2166 4208 2278 4262 Deo
2336 4224 2492 4274 meo;
2554 4224 2738 4279 neque
2796 4212 3242 4267 communionem
3316 4212 3505 4268 inveni

1922 4300 2093 4354 ullam
2126 4301 2181 4354 in
2216 4300 2397 4366 vobis,
2432 4301 2478 4357 si
2532 4317 2643 4357 non
2695 4302 3013 4357 reviviscat.
3044 4303 3128 4357 Tu
3163 4304 3258 4374 qui
3291 4304 3348 4359 in
3378 4306 3506 4360 altis

1922 4392 2142 4449 habitas
2171 4403 2228 4449 et
2250 4394 2481 4449 humilia
2508 4395 2762 4466 respicis,
2793 4395 2888 4465 qui
2940 4396 3007 4451 ad
3067 4396 3351 4452 dexteram
3385 4414 3504 4451 ma-

1917 4485 2136 4556 jestatis
2170 4486 2330 4542 sedes
2374 4488 2432 4542 in
2476 4487 2653 4549 cmlis.
2688 4498 2974 4553 converte,
3010 4504 3220 4559 quaeso,
3248 4490 3501 4550 Domine.

227 4577 471 4647 ὲιρορῶν,
503 4581 533 4632 6
572 4581 629 4632 ἐν
657 4580 807 4652 δεξιᾷ
843 4582 944 4652 τῆς
975 4583 1369 4654 μεγαλωσύνης
1415 4585 1725 4657 καθήμενος
1754 4589 1813 4641 ὲν

1925 4576 2075 4644 inde,
2107 4587 2165 4633 et
2192 4579 2403 4648 respice
2439 4594 2469 4633 e
2504 4579 2669 4634 domo
2689 4588 2877 4635 sancta
2900 4582 3091 4651 gloria:
3126 4590 3252 4636 tuae.
3285 4583 3389 4638 Ubi
3417 4593 3506 4638 est

216 4670 344 4731 τοῖς
371 4670 639 4740 οὐρανοῖς,
670 4673 1022 4743 ὲπίστρεψον,
1056 4674 1253 4747 Κύριε,
1289 4678 1355 4729 ὲκ
1407 4677 1504 4731 τοῦ
1554 4678 1809 4751 οὐρανοῦ,

220 4758 325 4813 καὶ
355 4759 429 4812 ίδε
465 4762 529 4813 ὲκ
564 4761 654 4814 τοῦ
701 4765 853 4817 οίκου
878 4766 972 4818 τοῦ
1014 4766 1172 4836 ἁγίου
1223 4785 1317 4822 σου
1349 4769 1444 4823 καὶ
1468 4769 1627 4840 δόξης
1659 4787 1675 4804 ο
1706 4772 1811 4826 ποῦ

219 4852 377 4904 ἐστιν
405 4853 433 4905 ό
464 4850 624 4924 ζῆλός
654 4872 746 4908 σου
770 4856 866 4910 καὶ
898 4858 932 4928 ή
961 4856 1117 4927 ίσχύς
1142 4876 1271 4925 σονς
1302 4858 1405 4913 ποῦ
1433 4861 1549 4914 ἐστι
1582 4861 1643 4915 τὺ
1676 4860 1813 4933 πλῆ-

223 4943 323 5005 θος
350 4942 445 4996 τοῦ
480 4946 631 4999 ἐλέου
661 4964 753 5001 σου
784 4948 880 5001 καὶ
908 4947 1016 5002 τῶν
1044 4950 1345 5022 οἰκτιρμῶν
1377 4968 1471 5006 σου
1496 4970 1511 5019 ;

305 5042 461 5105 ρμς¹.
495 5036 682 5091 Ταῦτα
722 5038 819 5092 τοῦ
882 5040 1037 5110 ἁγίου
1083 5042 1543 5113 προσευχομένου,
1583 5045 1645 5097 οὐ
1682 5062 1811 5099 κατα

226 5127 428 5197 ηφείας
458 5129 616 5198 μόνον
637 5131 685 5183 οί
716 5132 985 5202 παρόντες
1012 5133 1348 5205 ἐπληροῦντο
1372 5138 1465 5188 καὶ
1480 5136 1653 5203 δέους,
1675 5137 1814 5191 ἀλλὰ

224 5219 579 5290 συμπάσχειν
603 5221 752 5293 αὐτῷ
788 5224 988 5295 μικροῦ
1010 5226 1107 5278 καὶ
1144 5229 1211 5281 τὰ
1248 5231 1487 5300 στοιχεῖα
1512 5230 1709 5295 ἐδόκει,
1728 5231 1813 5284 δι-

224 5312 395 5375 καίας
444 5312 589 5369 οὕτω
639 5316 820 5388 ψυχῆς
868 5317 1000 5390 βοὴν
1026 5319 1448 5392 δυσωπούμεναο
1486 5324 1587 5392 τὴν
1626 5325 1811 5394 μέντοι

226 5405 512 5475 μακαρίαν
542 5408 775 5477 Μάρθαν
804 5410 901 5463 καὶ
928 5410 1132 5482 φρίκης
1156 5430 1208 5465 τι
1242 5413 1590 5484 ὑπεληλύθει·
1621 5416 1723 5487 ἤδη
1753 5416 1812 5471 δὲ

222 5496 323 5548 καὶ
374 5496 478 5561 ἔξω
531 5499 731 5571 ἑαυτῆς
786 5502 1003 5572 ἐνόμιζε
1056 5506 1407 5576 γεγενῆσθαι,
1453 5506 1559 5571 ἕως
1606 5509 1814 5564 ἄνωθεν

222 5586 472 5656 κρυφίως
509 5590 897 5662 ὲπιδημήσασα
928 5594 1086 5665 χάρις
1108 5597 1189 5657 είς
1218 5595 1416 5667 ἑαυτὴν
1439 5597 1809 5667 ἐπανήγαγεν.

238 5675 382 5729 Ἀλλ’
410 5678 471 5732 οὐ
499 5678 609 5751 γαρ
641 5680 831 5751 ἔμελλε
860 5682 993 5747 Θεὸς
1017 5684 1191 5758 ταύτῃ
1221 5685 1317 5739 τοῦ
1340 5685 1551 5741 δικαίου
1580 5687 1815 5759 κάμνον-

222 5785 321 5832 τος
354 5770 449 5824 ἐπὶ
488 5772 651 5827 πλέον
697 5775 996 5847 ὑπερορᾷν,
1028 5777 1163 5832 ἀλλὰ
1190 5778 1339 5843 θείας
1364 5782 1393 5833 6
1422 5779 1647 5850 Συμεὼν
1690 5782 1812 5835 ἑπι-

231 5863 442 5935 σκοπῆς
475 5864 571 5921 καὶ
601 5870 978 5943 προσαγούσης
1008 5871 1108 5944 ἤδη
1134 5871 1529 5945 παρακλήσεως
1552 5872 1812 5930 ὐπαισθό-

1920 4669 2074 4724 zelus
2104 4677 2233 4723 tuus
2260 4684 2325 4723 ac
2354 4669 2535 4723 virtus
2566 4670 2700 4723 tua?
2728 4670 2823 4724 ubi
2858 4679 2943 4728 est
2977 4672 3275 4727 multitudo
3330 4674 3501 4729 misc-

1914 4759 2174 4814 ricordia:
2205 4768 2311 4814 tuae
2351 4768 2409 4815 et
2432 4760 2851 4816 miscrationum
2887 4762 3147 4816 tuarum?

1987 5041 2109 5097 146.
2150 5041 2207 5095 In
2258 5041 2403 5096 hunc
2462 5042 2685 5097 modum
2739 5050 2937 5097 orante
2986 5051 3198 5110 sancto,
3263 5058 3500 5099 mmrore

1917 5135 2221 5204 timoreque
2265 5133 2475 5204 impleti
2541 5143 2669 5191 sunt
2697 5150 2808 5190 non
2840 5134 3004 5191 modo
3048 5143 3368 5200 nmsentes,
3404 5149 3499 5190 ve-

1915 5242 2036 5281 rum
2088 5226 2204 5297 ipsa
2239 5242 2461 5297 quoque
2507 5226 2782 5282 elementa
2826 5224 3309 5282 commiseratione
3349 5226 3497 5295 tangi

1912 5316 2267 5382 videbantur,
2320 5325 2510 5389 utpote
2566 5326 2677 5372 tam
2720 5318 2884 5389 iusta:
2933 5317 3131 5372 anima:
3195 5316 3494 5371 clamorem

1914 5410 2146 5464 ulterius
2172 5426 2281 5463 non
2312 5410 2543 5465 ferentia
2565 5427 2578 5463 :
2597 5416 2745 5465 certe
2767 5409 2981 5464 beatam
3010 5406 3275 5462 Martham
3299 5408 3498 5462 horror

1913 5500 2139 5570 quidam
2168 5500 2397 5563 subivit,
2422 5516 2533 5571 quo
2554 5516 2585 5556 a
2615 5500 2871 5556 sensibus
2891 5497 3128 5554 abivisse
3159 5513 3219 5553 se
3244 5497 3495 5569 putabat,

1914 5593 2094 5649 donec
2123 5609 2363 5664 superna
2407 5596 2504 5650 Dei
2535 5594 2711 5665 gratia
2740 5593 2957 5649 occulte
2987 5590 3387 5663 superveniens
3411 5590 3497 5661 ip-

1913 5702 2027 5741 sam
2059 5686 2127 5741 ad
2170 5702 2230 5743 se
2269 5687 2506 5743 reduxit.
2542 5686 3035 5742 Verumenimvero
3092 5699 3202 5739 non
3259 5682 3498 5753 amplius

1913 5781 2020 5836 hoc
2064 5780 2229 5836 modo
2264 5781 2625 5852 despecturus
2654 5788 2773 5836 erat
2806 5780 2952 5835 Deus
2978 5780 3187 5850 justum
3234 5776 3493 5831 laboran-

1917 5882 2025 5930 tem
2063 5890 2075 5927 :
2109 5872 2355 5930 sentiens
2398 5873 2583 5943 itaque
2606 5871 2851 5929 divinam
2898 5872 3271 5927 visitationem
3314 5868 3484 5924 adve-
