3988 6486
453 374 598 442 3123

1636 389 1699 448 S.
1745 387 2131 449 SYMEONIS
2170 388 2532 453 JUNIORIS

3604 396 3737 459 3124

454 496 812 568 nientcmque
872 500 1330 567 consolationem,
1406 504 1614 574 ingenti
1672 505 1857 560 statim
1905 520 2039 560 voce

2153 523 2333 576 μενος,
2369 507 2463 573 ὀξὺ
2498 510 2697 563 αὐτίκα
2732 511 2934 583 βοήσας
2958 553 2974 577 ,
3015 513 3117 568 Ἐκ
3160 514 3421 582 θλίψεως
3450 513 3740 568 exstate-

455 588 733 651 clamavit,
759 588 950 643 dicens
983 606 996 642 ε
1030 588 1111 643 Ea:
1142 591 1487 646 tribulatione
1524 609 1642 646 mea
1674 594 1911 647 invocavi
1938 592 2047 646 Do-

455 681 658 739 minum
703 689 751 735 et
795 681 1062 737 exaudivit
1114 700 1195 737 me
1238 685 1293 737 in
1341 684 1622 740 latitudine
1674 686 1763 738 ’πε
1807 686 2045 748 Domine,

454 774 650 830 exaudi
681 774 977 829 oration-em
1011 791 1183 829 meam
1226 784 1278 829 et
1333 777 1534 831 clamor
1583 794 1728 830 meus
1774 777 1843 830 ad
1878 785 1925 829 te
1959 793 2046 829 ve-

456 867 589 923 niat.
620 865 698 920 Ne
746 875 955 921 avertas
988 867 1176 936 faciem
1218 878 1367 921 tuam
1400 888 1432 923 a
1460 885 1620 940 puero
1648 879 1758 933 tuo,
1796 871 2048 931 quoniam

455 956 682 1012 tribulor
713 960 798 1023 ’9;
855 958 1103 1013 velociter
1155 961 1348 1015 exaudi
1396 977 1480 1014 me
1517 969 1595 1026 tu,
1640 961 1729 1029 qui
1779 960 1931 1014 ewlos
1964 961 2050 1012 in-

456 1048 653 1118 clinas,
706 1050 881 1116 Deus;
915 1051 1011 1121 qui
1047 1068 1115 1108 ex
1163 1053 1372 1109 sanctis
1403 1062 1460 1109 et
1492 1052 1725 1109 excelsis
1750 1052 2053 1109 habitacu—

450 1140 524 1197 lis
557 1142 671 1197 tuis
710 1143 1071 1210 descendisti,
1105 1145 1201 1214 qui
1236 1154 1465 1214 pr0pter
1493 1158 1583 1199 me
1607 1158 1736 1198 caro
1761 1143 1937 1198 factus
1968 1158 2047 1208 es,

452 1233 550 1303 qui
587 1250 686 1304 pro
714 1250 800 1290 me
823 1250 1046 1290 crucem
1068 1244 1125 1291 et
1147 1247 1380 1292 mortem
1405 1236 1742 1291 sustinuisti.
1777 1235 1833 1291 Si
1860 1237 2053 1290 volun-

458 1332 625 1385 tatem
678 1325 990 1380 timentium
1028 1334 1103 1391 te,
1138 1327 1219 1381 uti
1250 1326 1576 1396 promisisti,
1614 1325 1782 1391 facis;
1821 1326 1867 1381 si
1909 1325 2050 1380 libro

455 1417 587 1473 vitae
609 1425 831 1472 αξιοι-ηπ
850 1433 936 1472 me
959 1417 1211 1475 inutilem
1236 1433 1457 1473 servum
1482 1417 1810 1487 inscripsisti
1829 1434 1843 1483 ;
1865 1433 2051 1488 quem-

452 1508 748 1563 admodum
794 1508 959 1563 ﬁliam
989 1509 1256 1579 principis
1280 1510 1393 1581 jam
1424 1508 1740 1564 defunctam
1764 1550 1778 1573 ,
1809 1521 1867 1563 ct
1901 1523 2051 1562 mor-

460 1609 620 1654 tuum
662 1599 843 1654 vidua:
886 1600 1059 1656 ﬁlium
1110 1601 1223 1672 jam
1270 1601 1501 1665 elatum,
1534 1611 1591 1656 et
1641 1601 1911 1655 Lazarum
1938 1601 2050 1670 jam

450 1690 884 1761 quatriduanum
932 1706 999 1745 ex
1034 1691 1272 1746 mortuis
1318 1690 1693 1759 resuscitasti;
1744 1691 1819 1745 ita
1865 1692 2051 1745 veniat

452 1797 675 1852 quoque
724 1781 955 1853 spiritus
983 1783 1109 1838 vita:
1140 1783 1196 1837 in
1227 1784 1379 1839 hunc
1412 1783 1760 1849 defunctum,
1802 1792 1860 1839 et
1896 1785 2043 1839 revi-

2153 598 2362 669 σὰμην
2408 602 2515 655 τὸν
2554 603 2792 670 Κύριον,
2821 604 2951 676 ἔφη,
2995 606 3095 659 καὶ
3146 605 3457 673 ἐπήκουσέ
3486 622 3611 674 μου
3656 608 3741 673 είς

2152 695 2548 762 πλατυσμόν·
2589 695 2786 763 Κύριε,
2828 696 3201 752 εἰσάκουσον
3240 697 3349 765 τῆς
3386 698 3740 766 προσευχῆς

2147 800 2290 849 μου,
2316 784 2414 839 καὶ
2445 786 2481 853 ἡ
2510 787 2740 857 κραυγή
2765 806 2884 857 μου
2908 789 3059 857 πρὸς
3082 790 3158 843 σὲ
3188 789 3409 844 ἐλθέτω
3428 807 3440 819 ·
3466 790 3560 859 μὴ
3595 792 3739 844 ἀπο-

2152 874 2429 943 στρέψῃς
2456 878 2523 931 τὸ
2550 879 2878 945 πρόσωπόν
2905 897 3024 935 σου
3062 880 3182 937 ἀπὸ
3208 881 3314 935 τοῦ
3347 880 3574 947 παιδός
3604 898 3737 948 σου,

2154 966 2243 1019 ὅτι
2266 968 2559 1037 θλίϐομαι,
2593 971 2749 1039 ταχὺ
2777 971 3129 1027 ἐπάκουσόν
3143 991 3262 1042 μου
3284 989 3297 1003 ·
3331 976 3365 1027 ό
3398 975 3631 1038 κλίνας
3656 977 3742 1027 οὐ·

2144 1058 2375 1127 ρανοὺς
2398 1064 2544 1127 Θεός
2567 1078 2580 1090 ·
2609 1064 2703 1115 καὶ
2734 1062 2793 1128 ἐξ
2820 1065 2992 1132 ἁγίων
3018 1064 3329 1135 ὐψωμάτων
3358 1066 3457 1119 καὶ
3484 1082 3741 1137 κατοικη-

2153 1151 2359 1220 τηρίων
2390 1170 2484 1205 σου
2514 1155 2781 1219 καταϐὰς,
2812 1157 2839 1208 ὀ
2866 1155 2932 1208 δι’
2962 1156 3061 1225 ἐμὲ
3091 1155 3228 1227 σὰρξ
3244 1156 3569 1226 γενόμενος,
3602 1158 3631 1208 ὀ
3654 1158 3742 1209 καὶ

2157 1245 2389 1315 σταυρὸν
2414 1246 2555 1317 ὑπὲρ
2581 1248 2717 1318 ἐμοῦ
2750 1248 2843 1301 καὶ
2875 1247 3103 1302 θάνατον
3131 1249 3531 1318 ἀνασχόμενος.
3564 1247 3629 1301 Εἰ
3661 1248 3743 1301 θέο

2153 1331 2217 1400 λη
2229 1348 2303 1401 μα
2322 1332 2429 1386 τῶν
2462 1351 2519 1386 σε
2550 1335 2715 1404 φοϐου
2725 1337 2921 1407 μένων,
2944 1337 3018 1401 ὡς
3038 1338 3372 1408 ἐπηγγείλω,
3396 1340 3601 1403 ποιεῖς,
3618 1341 3665 1390 εἱ
3680 1341 3741 1409 τῇ

2156 1422 2325 1493 βίϐλῳ
2356 1441 2423 1494 με
2454 1425 2553 1495 τῆς
2579 1427 2730 1497 παρὰ
2760 1428 2845 1480 σοὶ.
2882 1427 3027 1498 ζωῆς
3067 1429 3161 1483 καὶ
3194 1429 3286 1482 τὸν
3312 1430 3541 1500 ἀχρεῖον
3565 1428 3742 1483 δοῦλον

2155 1514 2545 1585 ὲναπεγράψω,
2591 1516 2667 1580 ώς
2705 1518 3035 1586 τενθηκυῖαν
3080 1519 3201 1590 ἤδη-
3229 1520 3329 1590 τὴν
3356 1518 3455 1573 τοῦ
3486 1520 3743 1590 ἄρχοντος

2158 1606 2455 1677 θυγατέρα,
2497 1606 2570 1670 ὡς
2616 1606 3045 1680 ἐκκομιζόμενον
3086 1612 3281 1679 νεκρὸν
3314 1612 3410 1666 τὸν
3436 1615 3543 1683 τῆς
3576 1613 3743 1683 χήρας

2156 1698 2291 1764 υἱὸν,
2320 1698 2395 1762 ώς
2423 1700 2798 1772 τετραήμερον
2827 1704 2892 1756 ἐκ
2913 1704 3123 1775 νεκρῶν
3145 1705 3451 1776 ἀνέστησας
3474 1703 3741 1775 Λάζαρον,

2154 1790 2327 1853 οὕτως
2384 1791 2587 1845 ἐλθέτω
2640 1793 2860 1861 πνεῦμα
2914 1793 3061 1865 ζωῆς
3109 1798 3201 1850 καὶ
3250 1799 3330 1860 είς
3365 1798 3462 1850 τὸν
3493 1798 3745 1868 κείμενον

450 1851 649 1940 viscat,
684 1851 1028 1930 etconsistat
1061 1875 1298 1946 pedibus
1327 1874 1465 1930 suis.
1502 1875 1581 1929 lta
1602 1876 1750 1946 justo
1773 1874 2043 1947 Symeoue

2153 1882 2355 1948 τοῦτον,
2390 1884 2483 1936 καὶ
2512 1880 2754 1953 ζησάτω,
2788 1885 2885 1939 καὶ
2918 1888 3099 1958 στήτω
3143 1888 3238 1941 ἐπὶ
3275 1888 3387 1942 τῶν
3427 1890 3615 1943 ποδῶν
3650 1893 3742 1943 αὐ-

453 1965 751 2033 clamante,
802 1981 931 2031 vox,
980 1966 1448 2037 quemadmodum
1504 1968 1558 2021 in
1597 1967 1848 2022 oratione
1880 1968 2040 2031 solet,

450 2061 601 2119 intra
638 2059 813 2130 ipsius
837 2059 1076 2131 jacentis
1125 2060 1364 2115 animam
1392 2059 1582 2113 audita
1611 2068 1695 2114 est
1718 2057 1820 2130 (uti
1854 2070 2044 2129 postea

450 2152 732 2222 narrabat)
755 2151 950 2207 dicens
980 2168 993 2203 :
1018 2151 1190 2206 Totus
1214 2150 1455 2205 mundus
1476 2150 1718 2205 tenebrae
1740 2158 1862 2216 est;
1894 2151 2042 2205 nulla

451 2245 666 2314 uspiam
698 2244 792 2298 lux
822 2258 990 2313 super
1035 2242 1231 2297 faciem
1284 2251 1465 2307 terrae,
1503 2241 1769 2312 quoniam
1818 2241 2044 2312 impleta

451 2344 539 2392 est
589 2335 854 2405 iniquitas
900 2336 957 2389 in
993 2335 1234 2405 negotiis
1263 2334 1499 2401 ﬁliorum
1537 2334 1844 2398 hominum,
1878 2334 2042 2404 idque

454 2442 569 2485 non
602 2428 781 2483 solum
829 2428 935 2489 hoc
978 2428 1033 2481 iu
1074 2428 1217 2487 loco.

524 2624 650 2679 M7.
683 2623 804 2678 Jam
856 2622 936 2677 sol
987 2636 1183 2676 versus
1215 2621 1505 2676 meridiem
1550 2621 1876 2686 inclinabat,
1914 2637 2041 2676 cum

452 2712 692 2782 suspicit
743 2721 969 2767 sanctus
1014 2711 1251 2782 Symeon
1287 2729 1300 2762 :
1330 2719 1497 2779 atque
1545 2725 1675 2765 ecce
1723 2711 2043 2780 panduntur

455 2804 606 2869 caeli,
648 2811 705 2858 et
743 2802 953 2869 lumen,
998 2818 1110 2857 non
1160 2802 1324 2857 modo
1359 2803 1645 2857 oculorum
1696 2802 1893 2867 aciem,
1946 2803 2043 2857 sed

454 2896 631 2966 ipsam
670 2909 892 2965 quoque
925 2894 1071 2951 diem
1105 2902 1161 2949 et
1196 2893 1708 2965 splendidissimum
1742 2895 1913 2950 solem
1963 2894 2044 2949 of-

451 2988 699 3054 fuscans,
746 3002 911 3057 supra
943 2987 1349 3042 ﬁrmamentum
1378 2986 1610 3053 emicat;
1649 3002 1927 3057 sonusque
1958 3002 2045 3042 ro-

2146 1973 2262 2030 τοῦ.
2319 1975 2506 2029 Ταῦτα
2567 1976 2663 2029 τοῦ
2715 1976 2924 2030 δικαίου
2982 1977 3235 2047 βοῶντος,
3285 1982 3441 2051 φωνὴ
3493 1981 3744 2053 καθάπερ

2146 2067 2206 2119 ἐν
2267 2070 2544 2139 προσευχῇ
2600 2071 2666 2139 τῇ
2722 2070 2869 2141 ψυχῇ
2927 2070 3021 2123 τοῦ
3079 2072 3333 2141 κειμένου
3370 2073 3635 2143 ἠκούετο,
3674 2075 3740 2137 ὡς

2146 2159 2309 2223 αὐτὸς
2346 2157 2572 2230 ὕστερον
2588 2159 2950 2232 ἐξηγούμενος
2966 2157 3055 2233 ἦν,
3091 2164 3275 2230 Ὀλος,
3308 2164 3578 2232 λέγουσα,
3620 2166 3743 2217 σκό-

2144 2268 2238 2313 τος
2282 2253 2310 2304 ὀ
2341 2251 2568 2322 κόσμος,
2615 2253 2715 2307 οὐκ
2745 2253 2862 2307 ἔστι
2894 2254 3009 2323 φῶς
3049 2255 3143 2307 ἐπὶ
3175 2255 3478 2325 προσώπου
3517 2256 3624 2325 τῆς
3647 2257 3741 2324 γῆς

2146 2342 2408 2413 οὐδαμοῦ,
2446 2343 2847 2416 πληθυνθείσης
2897 2346 2997 2417 τῆς
3047 2348 3277 2418 ἀνομίας
3315 2350 3374 2400 ἐν
3403 2351 3528 2412 τοῖς
3559 2351 3741 2416 ἐπιτη-

2144 2436 2379 2507 δεύμασι
2438 2438 2548 2490 τῶν
2604 2437 2737 2490 υἱῶν
2790 2438 2898 2493 τῶν
2947 2438 3273 2509 ἀνθρώπων,
3319 2440 3401 2493 ὃτι
3456 2439 3539 2510 μὴ
3589 2440 3738 2509 μένον

2147 2525 2396 2580 ἐνταῦθα.

2218 2614 2366 2687 ρμζ.
2400 2617 2587 2681 ’Ἥλιος
2622 2620 2722 2689 μὲν
2747 2615 2839 2672 οῦν
2872 2620 2972 2691 ἤδη
3004 2621 3143 2692 μετὰ
3169 2622 3528 2692 μεσημϐρίαν
3559 2622 3737 2676 κεκλί-

2144 2723 2230 2759 κει
2251 2723 2264 2735 '
2299 2708 2402 2778 ὀρᾷ
2451 2707 2509 2761 δὲ
2544 2708 2573 2759 ὁ
2605 2708 2748 2778 ἱερὸς
2772 2708 3018 2780 Συμεὼν,
3048 2710 3141 2763 καὶ
3180 2710 3289 2763 ίδού
3336 2709 3657 2778 ἀνοίγονται
3690 2712 3736 2763 oi

2143 2798 2383 2869 οὐρανοὶ,
2416 2798 2530 2869 φῶς
2558 2799 2616 2853 δὲ
2651 2801 2750 2854 οὐκ
2774 2801 3052 2873 ὀφθαλμοῦ
3086 2803 3268 2873 μόνον,
3293 2802 3429 2857 ἀλλά
3452 2803 3557 2856 καὶ
3576 2803 3735 2871 αὐτῆς

2145 2893 2379 2964 ἡμέρας,
2413 2893 2508 2947 καὶ
2530 2894 2697 2949 αὐτοῦ
2727 2897 2974 2965 κρεῖττον
2996 2895 3151 2967 ἡλίου
3184 2895 3445 2969 ὑπεράνω
3480 2896 3581 2949 τοῦ
3626 2911 3736 2947 στεο

2146 2985 2472 3057 ρεώματοςο
2510 2983 2645 3059 ἦχός
2696 3004 2759 3041 τε
2806 2987 3015 3059 τροχῶν
3076 2988 3393 3059 φερομένων
3446 2989 3737 3059 ἐμπίπτων

453 3092 640 3137 tarum
675 3079 1020 3135 currentium
1049 3078 1311 3134 allabitur
1340 3077 1589 3132 auribus.
1617 3077 1829 3133 Currus
1857 3086 2042 3134 autem

2153 3078 2265 3139 ταῖς
2286 3077 2478 3140 ἀκοαῖς
2503 3094 2518 3108 ο
2547 3078 2702 3149 ἆρμα
2733 3077 2790 3131 δέ
2814 3078 3043 3132 κατόπιν
3065 3078 3160 3132 τοῦ
3184 3080 3317 3150 ἤχου
3345 3080 3620 3150 τέσσαρσι
3646 3079 3736 3149 μὲν

453 3181 693 3244 quatuor
720 3171 1027 3227 instructus
1059 3171 1219 3240 equis
1248 3185 1312 3224 ac
1347 3169 1577 3224 totidem
1614 3169 1753 3224 rotis
1781 3180 1922 3235 erat,
1952 3171 2039 3225 cui

2153 3170 2335 3234 ἵπποις
2363 3170 2668 3242 χρώμενον,
2698 3170 2976 3235 τοσούτοις
3003 3171 3060 3225 δὲ
3085 3173 3180 3225 καὶ
3213 3174 3430 3243 τροχοῖς
3453 3187 3470 3201 °
3511 3173 3660 3244 τρεῖς
3681 3189 3734 3225 τε

453 3276 568 3320 tres
600 3262 971 3334 pmsidebant
1001 3261 1137 3327 viri;
1166 3276 1404 3331 quorum
1430 3277 1574 3317 unus
1602 3277 1633 3315 a
1663 3269 1819 3331 parte
1850 3261 2043 3317 dextra

454 3355 673 3412 medius
698 3356 844 3410 inter
879 3354 1017 3409 duas
1062 3362 1213 3409 rotas
1245 3361 1303 3408 et
1329 3368 1524 3424 equos,
1555 3354 1695 3409 alter
1724 3369 1757 3408 a
1781 3362 1935 3424 parte
1966 3354 2043 3409 si—

452 3450 633 3505 nistra
653 3447 933 3513 similiter,
958 3442 1155 3502 lentius
1182 3462 1212 3500 a
1239 3456 1392 3517 tergo
1413 3445 1658 3500 sedebat.
1679 3446 1859 3501 Vestis
1882 3461 2045 3515 porro

454 3553 513 3599 et
539 3557 696 3598 coma
724 3542 861 3597 viris
883 3541 1005 3597 talis
1035 3550 1175 3606 erat,
1210 3550 1270 3595 ut
1296 3541 1470 3596 altera
1495 3539 1732 3595 candore
1757 3548 2047 3610 superaret

453 3634 662 3699 nivem,
717 3633 892 3690 altera
941 3632 1237 3703 splendore
1287 3647 1483 3687 aurum
1536 3649 1549 3685 :
1595 3646 1865 3701 equorum
1910 3647 2043 3686 vero

455 3728 610 3781 color
637 3734 694 3782 et
723 3725 900 3790 frena,
952 3733 1009 3780 et
1062 3724 1304 3780 vehiculi
1356 3724 1574 3795 species
1615 3739 1832 3780 merum
1883 3735 2046 3780 erant

455 3818 667 3885 lumen,
705 3818 853 3889 quod
899 3819 1093 3875 oculos
1139 3819 1323 3889 potius
1355 3817 1423 3871 ad
1457 3816 1842 3887 spectandum,
1880 3832 2042 3887 quam

454 3912 701 3983 linguam
756 3911 827 3966 ad
885 3911 1279 3981 explicandum
1329 3910 1662 3980 requireret,
1714 3919 1809 3965 aut
1858 3909 2046 3980 potius

456 4010 826 4071 utrorumque
856 4000 1144 4071 aequaliter
1166 3998 1841 4071 argueretinﬁrmitatem.
1879 3999 2045 4054 Fere-

457 4091 623 4148 batur
637 4101 823 4147 autem
845 4106 1047 4147 currus
1075 4104 1218 4161 pone
1251 4089 1562 4145 columnam
1589 4105 1618 4143 a
1646 4099 1802 4161 parte
1823 4089 2045 4145 sinistra

458 4201 657 4241 versus
713 4185 1019 4251 dexteram,
1064 4183 1243 4238 donec
1293 4182 1625 4238 consisteret
1677 4192 1803 4237 ante
1848 4182 2043 4239 faciem

460 4278 750 4352 Symeonis
782 4293 977 4333 versus
1015 4277 1307 4343 orientem,
1350 4275 1431 4330 sic
1460 4276 1687 4345 iubente
1730 4292 1795 4331 eo
1826 4276 1921 4346 qui
1956 4292 2045 4332 se-

460 4368 736 4442 quebatur
766 4385 797 4425 a
833 4369 1059 4425 dextris.

534 4465 655 4520 148.
686 4462 809 4519 Mox
828 4462 994 4517 etiam
1022 4478 1052 4517 a
1078 4460 1321 4517 dexteris
1342 4462 1635 4532 tranquilla
1663 4462 1867 4517 afﬂavit
1888 4479 2042 4529 aura,

2153 3267 2387 3338 ἀριθμὸν
2409 3268 2781 3339 παραθέοντες
2802 3269 3023 3341 ἄνδρες,
3052 3270 3080 3323 ὀ
3110 3269 3208 3339 μὲν
3231 3271 3295 3322 ἐκ
3316 3269 3515 3336 δεξιῶν
3542 3268 3733 3341 μεταξύ

2152 3358 2259 3411 τῶν
2311 3359 2405 3412 δύο
2437 3360 2649 3432 τροχῶν
2694 3378 2753 3414 τε
2806 3361 2903 3414 καὶ
2943 3360 3146 3426 ἵππων,
3179 3363 3209 3414 ὀ
3251 3361 3295 3413 δ’
3326 3362 3387 3426 ἐξ
3429 3360 3735 3431 ἀριστερῶν

2153 3450 2373 3520 ὁμοίως,
2404 3450 2592 3523 ἕτερος
2632 3452 2677 3505 δ’
2704 3454 2769 3505 ἐκ
2813 3452 2921 3506 τῶν
2962 3451 3246 3506 ὀπισθίων.
3286 3453 3350 3505 Ἦ
3391 3453 3451 3507 δὲ
3504 3452 3733 3520 ἀναϐολὴ

2152 3549 2265 3619 τοῖς
2297 3546 2526 3618 ἀνδράσι
2569 3549 2665 3601 καὶ
2705 3549 2738 3619 ἡ
2771 3548 2942 3617 κόμη,
2972 3551 3006 3620 ἡ
3037 3548 3136 3618 μὲν
3166 3548 3321 3618 χιόνα
3349 3551 3416 3619 τῇ
3446 3548 3732 3619 λευκότητι

2154 3639 2448 3709 παριοῦσα,
2494 3643 2527 3711 ἡ
2567 3640 2624 3693 δὲ
2667 3641 2827 3693 πλέον
2859 3642 2953 3694 καὶ
2989 3639 3192 3711 χρυσοῦ
3234 3640 3571 3695 στίλϐουσα·
3602 3641 3658 3694 τὸ
3682 3640 3731 3693 δὲ

2152 3731 2260 3786 τῶν
2289 3732 2475 3787 ἵππων
2507 3732 2727 3804 χρῶμα,
2764 3732 2833 3788 τά
2869 3733 2927 3787 δὲ
2961 3734 3108 3805 ἡνία,
3152 3733 3213 3787 τὸ
3248 3733 3302 3787 δὲ
3328 3733 3425 3787 τοῦ
3462 3735 3732 3805 ὀχήματος

2153 3820 2313 3891 εἶδος,
2351 3822 2469 3893 φῶς
2508 3823 2834 3895 αὐτόχρημα
2871 3820 3032 3895 ἦσαν,
3069 3824 3186 3895 φῶς
3209 3823 3511 3896 ὀφθαλμῶν
3545 3824 3731 3895 μᾶλλον

2153 3915 2232 3978 είς
2263 3913 2391 3967 θέαν
2428 3912 2461 3985 ἦ
2508 3912 2759 3983 γλώττης
2805 3915 2885 3977 είς
2924 3912 3222 3986 ἑρμηνείαν
3267 3914 3549 3984 δεόμενον,
3588 3913 3732 3985 ἢκαὶ

2153 4008 2360 4077 ἀμφοῖν
2383 4006 2601 4077 ἐπίσης,
2628 4005 2875 4078 γλώττης
2902 4006 3038 4078 ὁμοῦ
3075 4007 3170 4061 καὶ
3197 4006 3496 4076 ὀφθαλμῶν
3523 4008 3730 4077 ἐλέγχον

2157 4098 2463 4167 ἀσθένειαν.
2508 4097 2770 4169 Ἐφέρετο
2798 4097 2979 4152 τοίνυν
3003 4097 3100 4151 ἐπὶ
3134 4097 3203 4151 τά
3232 4097 3384 4162 δεξιά
3409 4097 3499 4151 διὰ
3524 4098 3634 4151 τῶν
3660 4098 3730 4150 εὐ-

2154 4190 2388 4260 ωνύμων
2417 4191 2481 4243 ἐκ
2508 4189 2617 4244 τῶν
2640 4188 2900 4243 ὀπισθίων
2932 4188 3026 4243 τοῦ
3049 4188 3247 4253 κίονος,
3272 4189 3377 4252 ἐως
3405 4190 3555 4243 κατὰ
3576 4188 3729 4260 πρόσ-

2154 4299 2303 4335 ωπον
2340 4281 2471 4353 ἔστη
2517 4279 2612 4334 τοῦ
2672 4278 2899 4351 Συμεὼν
2939 4280 3075 4351 πρὸς
3113 4270 3396 4344 ἀνατολὰς,
3445 4279 3549 4333 τοῦ
3593 4278 3729 4345 δεξιὰ

2155 4358 2542 4445 παρεπομένου
2569 4371 2743 4443 ταύτῃ
2768 4370 3143 4434 κελεύσαντος.

2230 4470 2380 4536 ρμη’.
2406 4463 2617 4517 Αὐτίκα
2639 4461 2772 4532 γοῦν
2800 4463 2868 4516 ἐκ
2896 4461 3006 4515 τῶν
3039 4461 3229 4527 δεξιῶν
3250 4462 3436 4533 ἡρέμα
3467 4461 3724 4531 προσέβα-

461 4558 828 4629 apparuitque
886 4554 1195 4611 similitudo
1244 4554 1699 4618 ﬁrmamenti,et
1726 4555 1867 4611 visio
1919 4566 2045 4626 post

2153 4559 2241 4613 λεν
2269 4557 2432 4629 αὖρα,
2462 4555 2559 4609 καὶ
2590 4554 2699 4608 ἰδοὺ
2725 4553 2800 4618 ὼς
2826 4553 3079 4624 ὁμοίωμα
3104 4556 3505 4625 στερεώματος,
3538 4554 3632 4607 καὶ
3660 4552 3725 4615 ὡς

461 4662 677 4724 tergum
727 4651 881 4707 velut
904 4648 1105 4719 lapidis
1134 4648 1406 4719 sapphiri,
1452 4657 1509 4704 et
1552 4656 1790 4718 quatuor
1850 4665 2048 4705 manus

458 4746 707 4800 virorum
752 4743 1012 4815 (dixisses
1071 4740 1518 4796 consternatione
1561 4756 1625 4797 ac
1668 4741 1867 4797 timore
1921 4757 2049 4812 per-

459 4836 664 4906 culsos)
706 4834 928 4891 levibus
977 4832 1080 4887 alis
1130 4831 1557 4903 pervolantium,
1590 4841 1646 4887 et
1671 4832 1829 4903 quasi
1865 4833 2048 4887 velum

461 4928 686 4999 aliquod
709 4925 899 4983 altaris
930 4924 1332 4983 semoventium
1358 4942 1371 4979 :
1398 4924 1547 4995 quod
1574 4924 1948 4995 spectabatur,
1976 4926 2051 4981 si-

463 5018 720 5075 militudo
770 5018 955 5073 throni
1024 5018 1329 5073 introrsum
1383 5015 1755 5087 splendentis;
1813 5032 1878 5071 ac
1922 5033 2050 5071 rur-

418 5090 559 5166 ‘sus
607 5125 772 5180 supra
823 5109 1084 5164 thronum
1148 5107 1301 5163 velut
1348 5107 1564 5178 species
1610 5106 1871 5173 hominis,
1931 5122 2041 5161 non

462 5201 859 5274 permittentis,
884 5210 1096 5255 tantum
1122 5200 1210 5256 vel
1232 5199 1407 5257 oculis
1436 5200 1522 5255 vel
1551 5207 1734 5255 mente
1764 5215 1794 5255 e
1831 5208 2045 5269 specta-

464 5296 591 5351 culo
631 5295 929 5365 voluptatis
968 5293 1112 5363 capi,
1153 5302 1421 5361 quantum
1472 5300 1729 5362 spectans
1756 5291 2043 5361 cupiebat:

465 5386 643 5458 angeli
705 5400 926 5457 quoque
971 5399 1209 5440 numero
1256 5383 1493 5447 inﬁniti,
1553 5382 1839 5454 cingentes
1890 5384 2045 5439 thro-

462 5472 623 5546 num,
656 5488 858 5546 praasto
886 5488 1077 5545 erant;
1114 5477 1209 5549 qui
1245 5477 1425 5547 ipsum
1451 5492 1643 5531 revera
1672 5478 1860 5531 lumen
1894 5476 2049 5530 vide-

467 5573 691 5639 bantur,
726 5573 799 5627 ita
825 5571 1190 5627 coruscabant
1212 5569 1455 5639 undique
1506 5568 1813 5624 omittendo
1842 5560 2047 5623 radios.

477 5667 586 5722 Alii
640 5665 880 5736 speciem
943 5662 1310 5735 prmferebaut
1368 5660 1531 5725 aeris,
1597 5658 1689 5715 alii
1744 5660 1909 5732 ignis,
1957 5661 2048 5717 alii

547 5849 593 5889 ³⁸
632 5849 773 5904 l‘sal.
817 5865 979 5913 cxvu,
1157 5852 1199 5882 ‘1”
1241 5851 1383 5909 Psal.
1432 5866 1501 5920 ω,
1554 5852 1607 5918 ‘2,
1638 5851 1689 5907 5.

2153 4652 2343 4721 ὅρασις
2401 4645 2542 4700 κατὰ
2588 4645 2758 4699 νῶτον
2799 4644 2947 4699 λίθου
2998 4647 3325 4718 σαπφείρου,
3370 4646 3636 4717 τέσσαρές
3674 4661 3724 4697 τε

2152 4746 2337 4814 χεῖρες
2370 4738 2580 4811 ἀνδρῶν
2612 4738 2776 4792 οἱονεὶ
2803 4739 2900 4791 σὺν
2930 4737 3192 4807 ἐκπλήξει
3226 4738 3322 4790 καὶ
3352 4736 3505 4807 φόϐῳ
3534 4737 3721 4806 πτέρυσ

2153 4837 2235 4903 ξιν
2266 4833 2530 4905 ἐλαφραῖς
2550 4831 2978 4900 διαπετομένων,
3013 4832 3108 4885 καὶ
3134 4830 3324 4901 ὥσπερ
3347 4848 3400 4882 τι
3430 4830 3723 4883 καταπέτα-

2156 4945 2269 4999 σμα
2302 4925 2691 4996 θυσιαστηρίου
2730 4923 3131 4977 κατασειόντων
3154 4942 3167 4955 ο
3196 4924 3266 4977 τὰ
3307 4922 3365 4975 δὲ
3399 4922 3542 4992 ὑπὲρ
3580 4920 3724 4974 τοῦτο

2152 5020 2406 5091 ὁμοίωμα
2432 5017 2624 5089 θρόνου
2648 5016 2717 5070 τά
2740 5016 2886 5069 ἐνδον
2906 5015 3378 5085 καταλάμποντος,
3402 5015 3499 5067 καὶ
3531 5015 3618 5067 ἐπ’
3640 5012 3723 5065 αὐ-

2150 5112 2245 5165 τοῦ
2265 5112 2425 5166 πάλιν
2448 5110 2524 5174 ώς
2545 5105 2684 5172 εἶδος
2698 5108 3011 5179 ἀνθρώπου,
3047 5110 3186 5179 μήτε
3203 5106 3470 5177 ὀφθαλμῷ
3488 5107 3587 5175 τῆς
3609 5105 3722 5169 θέας

2159 5203 2468 5274 ἐφικέσθαι,
2497 5202 2635 5273 μήτε
2672 5199 2748 5271 νῷ
2770 5198 3021 5254 τοσοῦτον
3048 5200 3292 5269 ἐφιέντος
3310 5199 3436 5251 ὅσον
3453 5197 3720 5250 ἐϐούλετο⁹

2156 5296 2407 5365 ἀγγέλων
2438 5311 2500 5347 τε
2539 5294 2797 5365 μυριάδες
2822 5292 3060 5365 ἀριθμοῦ
3124 5292 3407 5363 κρείττους
3436 5288 3720 5344 κυκλοῦσαι

2158 5387 2248 5440 τὸν
2281 5386 2468 5457 θρόνον
2515 5386 2651 5457 ὁμοῦ
2695 5386 2791 5440 καλ⁸
2831 5384 3387 5457 παρεστηκυῑαιρφῶς
3415 5384 3718 5453 αὐτόχρημα

2152 5475 2211 5534 οῦ
2221 5496 2329 5547 σαι,
2346 5478 2459 5549 φῶς
2485 5478 2751 5548 ἀφιεῖσαι,
2768 5477 2883 5547 φῶς
2906 5476 3401 5548 ἐξαστράπτουσαι.
3425 5476 3490 5530 Οί
3515 5476 3609 5547 μὲν
3631 5476 3718 5527 ὅσα

2154 5573 2250 5626 καὶ
2272 5571 2379 5642 ἀὴρ
2405 5570 2698 5641 ὁρώμενοι,
2727 5570 2778 5623 oi
2801 5570 2859 5626 δὲ
2888 5568 3021 5641 πῦρ,
3050 5570 3099 5622 οἱ
3128 5569 3184 5623 δὲ
3209 5567 3360 5640 ἥλιος
3384 5584 3399 5599 ·
3436 5567 3517 5639 τῷ
3551 5567 3715 5637 μέντοι

2152 5663 2370 5736 Μιχαὴλ
2396 5662 2492 5736 (ὡς
2526 5662 2825 5735 τηνικαῦτα
2861 5662 3137 5734 μυστικῶς
3170 5660 3246 5734 τῷ
3270 5661 3499 5733 Σεμεὼν
3520 5655 3717 5733 ἐδηλοῦο
