3944 6494
118 460 284 525 3125

1142 467 1315 527 VITA
1356 468 1403 526 A
1441 467 1880 528 NICEPHOBO
1917 466 2403 533 CONSCRIPTA.

3278 466 3419 529 3126

118 580 238 649 το),
282 579 526 643 πλείονος
561 580 671 633 τῶν
710 580 884 635 ἄλλων
930 576 1259 644 οἶκειώσεως
1290 580 1385 634 καὶ
1417 580 1717 652 παρρησίας

1834 580 1998 637 solis:
2030 580 2282 637 Michaeli
2343 592 2526 636 tamen
2562 580 2665 652 (uti
2708 589 2921 637 secreto
2979 578 3236 652 Symconi
3283 590 3416 634 tunc

121 675 340 744 μετῆν,
376 671 451 736 ὡς
480 671 576 725 καὶ
598 664 601 667 ν
624 672 844 727 πάντων
875 672 975 743 ήδη
1008 671 1249 741 κεφαλὰς
1295 672 1726 744 ὲπικλινομένων

122 767 308 836 μόνον
332 766 687 839 ὑπρανέχειν
720 766 901 825 αὑτὸν.
938 764 1355 836 διακονούμενον
1382 770 1494 829 τοῖς
1520 768 1727 819 Δεσπο-

115 867 318 928 τικοῖς
340 862 727 933 διατάγμασιν.
768 858 902 913 Ἀπὸ
935 861 1118 931 μέντοι
1146 859 1245 930 τῆς
1270 858 1365 912 τοῦ
1386 858 1564 923 κίονος
1596 858 1727 913 στά-

120 971 285 1019 σεως
310 955 439 1026 ἄχρι
470 953 580 1007 τῶν
602 952 852 1017 ἀθεάτως
888 952 1114 1005 ἐκείνων
1148 952 1241 1005 καὶ
1272 949 1550 1021 μυστικῶς
1582 952 1726 1022 ὁρω-

120 1047 329 1115 μένων
359 1046 673 1111 ἀναϐάσεις,
706 1045 783 1111 ὡς
815 1047 897 1109 εἰς
952 1044 1044 1099 τὸν
1080 1042 1329 1114 οὐρανὸν,
1372 1042 1428 1096 αί
1468 1041 1728 1112 δυνάμεις

116 1137 425 1192 ἐτίθεντο·
473 1138 725 1209 συνανῄει
772 1136 830 1189 δὲ
870 1137 966 1189 καὶ
1012 1134 1215 1207 πλῆθος
1261 1135 1453 1197 αὐταῖς
1491 1132 1596 1187 ἀνά
1635 1132 1730 1187 τὸν

117 1229 285 1299 ἀέρα
311 1230 535 1301 μυρίον,
559 1228 635 1293 ὡς
661 1228 797 1300 μηδὲ
824 1226 902 1298 τῷ
923 1227 1086 1280 παντὶ
1114 1225 1408 1297 χωρεῖσθαι
1442 1224 1727 1291 δύνασθαι,

118 1323 259 1377 ἀλλ’
291 1319 406 1376 οἷον
438 1322 689 1392 ἀλλήλοις
719 1321 1059 1391 συγκεῖσθαι,
1094 1320 1189 1373 καὶ
1220 1318 1448 1388 θατέρου
1476 1319 1567 1373 τὸν
1607 1319 1728 1372 ἓτε-

122 1434 234 1486 ρον
277 1416 522 1485 ἔχεσθαι,
576 1415 693 1484 φῶς
744 1412 1184 1485 περικειμένους,
1231 1411 1346 1480 φῶς
1392 1411 1728 1483 ὁρωμένους,

121 1507 265 1575 φῶς
302 1502 416 1561 οἷον
445 1506 581 1577 μηδὲ
629 1504 897 1575 ὀφθαλμῷ
928 1503 1275 1572 καταληπτὸν
1310 1497 1450 1557 εῖναι
1483 1503 1730 1574 λάμπον-

118 1615 239 1662 τας
264 1615 277 1627 ·
332 1597 483 1667 φωνὴ
516 1597 610 1649 τοῦ
652 1593 1002 1665 όμοιώματος
1038 1593 1248 1646 ἐκείνου
1288 1592 1620 1662 ἁκουομένη,
1652 1592 1729 1657 ὼς

121 1690 297 1759 φωνὴ
321 1688 417 1742 τοῦ
441 1691 497 1741 ὲν
518 1688 813 1759 ὑπεροχαῖς
832 1683 1146 1755 ἀνθρώπου,
1163 1682 1608 1737 ἀποκατάστασιν
1627 1682 1725 1753 τῆς

116 1782 230 1835 τοῦ
269 1781 524 1851 κειμένου
552 1780 730 1850 ψυχῆς
762 1778 1124 1849 σημαίνουσα.

1838 671 2251 726 manifestatum
2288 671 2412 744 est)
2456 673 2628 742 major
2689 686 2853 741 quam
2913 669 3037 724 aliis
3075 669 3417 725 familiaritas

1839 765 2149 836 agendique
2173 765 2403 820 libertas
2447 774 2587 831 erat,
2635 764 2774 819 adeo
2834 771 2894 817 ut
2935 762 3194 817 omnibus
3236 764 3421 843 capita

1844 856 2262 924 inclinantibus,
2294 859 2411 928 ipse
2441 874 2585 914 unus
2610 858 2902 921 emineret,
2924 856 3226 912 Dominicis
3258 873 3416 911 man-

1836 948 1982 1005 datis
2017 950 2347 1006 inserviens.
2378 950 2461 1006 Ab
2483 952 2578 1006 illo
2603 965 2772 1021 porro
2816 950 2912 1005 ubi
2954 951 3210 1006 columna
3234 952 3418 1007 stabat

1831 1040 1979 1107 loco,
2003 1040 2072 1096 ad
2098 1042 2253 1096 illum
2288 1058 2465 1113 usque
2490 1043 2585 1098 ubi
2620 1059 2823 1099 arcana
2855 1058 2959 1099 nec
2979 1045 3140 1099 alteri
3172 1060 3417 1115 unquam

1831 1132 1972 1200 visa,
2007 1136 2325 1205 spectacula
2383 1135 2748 1206 apparebant,
2795 1151 3059 1191 ascensus
3119 1147 3260 1203 erat,
3318 1154 3417 1208 per

1832 1241 1999 1295 quem
2035 1227 2187 1283 velut
2233 1227 2288 1282 in
2324 1227 2507 1299 ipsum
2542 1243 2718 1298 usque
2769 1229 2971 1284 crelum
3031 1229 3264 1300 angelici
3304 1230 3423 1300 spi-

1835 1318 1977 1372 ritus
2002 1328 2164 1372 erant
2192 1318 2502 1383 constituti,
2529 1318 3087 1388 conscendebantque
3110 1334 3207 1388 per
3231 1334 3413 1373 acrem

1833 1415 1986 1462 tanta
2033 1408 2412 1475 multitudine,
2445 1418 2505 1463 ut
2547 1409 2667 1479 capi
2694 1410 2920 1465 omnino
2952 1410 3073 1464 loco
3145 1426 3254 1463 non
3295 1425 3418 1479 pos‘

1832 1507 1976 1563 sent,
2005 1498 2101 1553 sed
2128 1499 2273 1554 inter
2306 1515 2364 1554 se
2404 1500 2562 1570 quasi
2586 1500 2923 1571 conglobati,
2950 1501 3044 1555 alii
3077 1502 3215 1557 alios
3260 1516 3415 1557 corn-

1831 1588 1999 1658 plecti
2035 1598 2406 1659 cogerentur:
2436 1604 2630 1644 omnes
2694 1590 3150 1660 splendidissimo
3178 1592 3417 1645 circum-

1830 1679 1944 1735 dati
1980 1680 2212 1745 lumine,
2247 1681 2579 1735 videbantur
2606 1682 2785 1751 ipsum
2805 1697 2926 1737 esse
2961 1682 3173 1749 lumen,
3220 1693 3274 1738 et
3307 1683 3414 1737 tale

1831 1773 2062 1843 quidem.
2083 1774 2247 1844 quale
2274 1774 2561 1828 oculorum
2594 1773 2742 1828 acies
2766 1773 2913 1829 ferre
2960 1775 3234 1845 nequiret.
3269 1774 3411 1829 Tum

115 1877 382 1947 denique
414 1891 519 1929 vox
580 1873 769 1929 audita
802 1879 908 1937 est,
973 1870 1126 1926 velut
1162 1868 1408 1925 hominis
1456 1868 1513 1924 in
1568 1868 1791 1925 sublimi
1829 1868 2051 1931 stantis,
2098 1867 2415 1939 signiﬁcans
2449 1867 2860 1923 restitutionem
2902 1869 3098 1924 anima:
3137 1868 3410 1925 demortui

116 1976 181 2029 in
228 1986 392 2027 suam
417 1968 628 2024 sedem.

199 2065 358 2139 ρμθ’.
397 2064 482 2125 Ὦς
513 2061 570 2115 δὲ
601 2058 941 2130 κρύπτεσθαι
980 2057 1078 2129 ἠδη
1111 2056 1178 2109 τὰ
1214 2057 1312 2126 τῆς
1357 2055 1574 2125 ἐκείνης
1606 2058 1717 2110 ἐπι-

1910 2052 2031 2109 149.
2066 2053 2429 2122 Posteaquam
2461 2052 2663 2108 divina:
2708 2052 2813 2108 illae
2859 2053 3234 2121 apparitioncs
3279 2071 3411 2110 eva-

115 2156 388 2225 φανείας,
436 2153 532 2207 καὶ
575 2150 767 2223 μηκέθ’
813 2147 1045 2219 ὁρᾶσθαι
1098 2147 1299 2219 ἧμελλε
1326 2189 1340 2213 ,
1379 2148 1608 2219 στρατιά
1636 2166 1722 2213 τις

114 2248 383 2318 ἀγγέλων
425 2244 669 2316 παρέστη
718 2240 796 2310 τῷ
844 2239 1094 2311 Συμεὼν,
1148 2243 1249 2310 τῆς
1282 2239 1447 2293 αὐτοῦ
1477 2241 1722 2305 στάσεως

115 2338 508 2409 ἑκατέρωθεν,
542 2334 686 2390 κατὰ
743 2333 853 2388 τῶν
898 2332 1000 2402 τῆς
1039 2330 1305 2404 πονηρίας
1345 2331 1672 2402 πνευμάτων
1704 2347 1717 2362 ⁸

114 2432 482 2505 παραχρῆμα
514 2429 571 2483 δὲ
628 2426 722 2482 καὶ
754 2425 939 2493 αὐτὸς,
993 2425 1216 2496 χάριτος
1260 2423 1449 2494 ῶσπερ
1496 2423 1719 2494 δαψιλε-

116 2526 336 2597 στέρας
362 2520 753 2591 ὑποπλησθεὶς,
796 2517 1026 2588 λαμπρᾷ
1054 2517 1131 2580 ὡς
1162 2512 1274 2585 εἷχε
1300 2516 1396 2569 καὶ
1423 2514 1719 2585 πεποιθυίᾳ

117 2619 312 2688 φωνῇ.
358 2612 578 2683 Ἀδελφὲ
627 2612 841 2672 Κόνων,
878 2608 1114 2678 ἐγειραι,
1149 2606 1278 2677 ἔφη,
1327 2606 1483 2659 καλεῖ
1537 2623 1596 2659 σε
1652 2606 1719 2659 δι’

117 2703 270 2775 ἐμοῦ
304 2702 335 2755 ό
369 2701 752 2772 τετραήμερον
803 2698 869 2751 ὲκ
915 2697 1090 2765 τάφου
1145 2695 1381 2759 καλέσας
1420 2696 1671 2767 Λάζαρον
1701 2712 1716 2727 ·

119 2796 226 2850 καὶ
273 2792 412 2864 ὁμοῦ
475 2796 543 2863 τῇ
592 2793 743 2861 φωνῇ
772 2789 877 2862 (τίς
913 2806 1008 2842 σου
1035 2787 1104 2841 τὰ
1135 2788 1444 2858 θαυμάσια,
1482 2788 1711 2858 Χριστὲ,

116 2888 455 2958 διηγήσεται
491 2884 531 2954 ;)
560 2886 589 2937 ὁ
609 2882 801 2952 νεκρὸς
834 2880 1062 2948 ἀνεϐἕω,
1099 2879 1196 2933 καὶ
1219 2880 1319 2949 τῆς
1340 2879 1601 2947 γλυκείας
1624 2877 1717 2931 τοῦ

116 2978 458 3035 διδασκάλου
493 2977 677 3047 φωνῆς
711 2976 741 3028 ὁ
770 2974 1020 3045 μαθητὴς
1057 2972 1253 3043 ᾔσθετο
1276 2988 1290 3002 ·
1322 2972 1419 3026 καὶ
1459 2972 1593 3043 πρὸς
1617 2972 1718 3040 τὴν

119 3073 330 3139 κλῆσιν
380 3068 694 3133 διαναστὰς,
745 3067 842 3120 καὶ
878 3065 1091 3137 ὄμμασι
1144 3063 1368 3134 βλέψας,
1436 3064 1530 3116 καὶ
1587 3065 1717 3116 ποσὶ

118 3163 480 3236 χρησάμενος
506 3202 523 3227 ,
583 3159 931 3226 ἀποκατέστη
1023 3158 1089 3226 τῇ
1174 3155 1517 3224 ἀδελφότητι.
1604 3154 1718 3207 Καὶ

119 3255 292 3310 τοῦτο
325 3256 423 3325 μὲν
473 3253 538 3324 δὴ
570 3250 779 3306 τοιοῦτο
812 3249 906 3303 τοῦ
954 3246 1203 3317 Συμεὼν,
1235 3247 1332 3300 καὶ
1378 3244 1524 3298 οὕτω
1567 3244 1712 3299 κατά

119 3351 221 3404 τὸν
249 3350 498 3417 γενναῖον
540 3344 659 3399 ἰὼϐ
683 3341 1050 3415 πειρασθῆναι
1084 3337 1466 3410 συγχωρηθεὶς
1492 3339 1588 3393 καὶ
1622 3338 1719 3392 αὐ-

1825 2146 2097 2212 nuissent,
2130 2154 2463 2216 conspectus
2482 2146 2763 2201 exercitus
2816 2146 3041 2216 quidam
3090 2148 3410 2217 angelorum

1824 2239 2000 2294 astitit
2031 2238 2315 2309 Symeoni,
2363 2238 2433 2293 ab
2492 2247 2728 2309 utraque
2782 2239 3057 2294 columna:
3107 2249 3264 2309 parte
3317 2241 3410 2294 ad-

1822 2350 2020 2389 versus
2066 2334 2240 2388 malos
2292 2335 2524 2405 spiritus
2589 2334 2947 2404 praesidium:
3011 2351 3247 2406 moxque
3294 2337 3410 2407 ipse

1821 2427 1971 2481 velut
2002 2426 2263 2482 uberiore
2298 2428 2471 2497 gratia
2505 2429 2771 2497 repletus,
2798 2445 2963 2498 quam
3016 2431 3197 2499 potuit
3222 2430 3411 2485 claris-

1821 2518 1959 2572 sima
1988 2533 2145 2583 voce,
2174 2534 2239 2573 ac
2272 2518 2468 2573 fiducia
2494 2520 2655 2589 plena
2705 2520 2877 2574 dixit:
2936 2520 3131 2575 Frater
3174 2520 3365 2576 Conon
3392 2563 3405 2584 ,

1820 2610 2124 2675 suscitare;
2174 2619 2336 2664 vocat
2370 2617 2422 2664 te
2460 2625 2558 2679 per
2585 2626 2671 2665 me
2716 2610 2807 2665 ille
2838 2611 2933 2681 qui
2974 2607 3431 2682 quatriduanunt'

1819 2718 1850 2756 e
1881 2701 2140 2772 sepulcro
2185 2701 2453 2755 Lazarum
2489 2703 2763 2758 evocavit.
2828 2703 3064 2758 Vixdum
3112 2705 3263 2774 loqui
3308 2705 3404 2759 dc-

1820 2793 1989 2848 sierat
2021 2794 2168 2864 (quis
2198 2793 2474 2849 mirabilia
2503 2802 2616 2858 tua,
2647 2794 2898 2859 Domine,
2920 2797 3181 2850 enarret?
3205 2795 3245 2866 ),
3280 2811 3406 2850 cum

1820 2896 2073 2942 mortuus
2102 2888 2323 2952 revixit,
2356 2898 2412 2943 et
2459 2904 2681 2944 suavem
2710 2889 2958 2959 magistri
2991 2905 3185 2945 vocem
3240 2890 3406 2945 disci-

1820 2978 1982 3049 pulus
2006 2979 2240 3044 audivit,
2275 2989 2331 3035 et
2356 2980 2425 3035 ad
2451 2982 2839 3036 evocationem
2872 2983 3134 3047 surrexit,
3169 2992 3226 3037 et
3278 2998 3410 3038 ocu-

1818 3068 1888 3124 lis
1912 3070 2071 3135 vidit,
2103 3080 2161 3125 et
2181 3071 2420 3141 pedibus
2450 3073 2622 3137 stetit,
2653 3082 2709 3127 et
2759 3072 2993 3143 collegio
3053 3072 3283 3127 fratrum
3316 3090 3407 3129 re-

1818 3160 2051 3215 stitutus
2094 3170 2201 3215 est.
2252 3163 2433 3231 Atque
2483 3162 2589 3217 hoc
2640 3162 2865 3232 quidem
2932 3162 3012 3217 sic
3062 3172 3245 3217 actum
3276 3157 3435 3218 estz'

1819 3253 2005 3323 itaque
2028 3252 2561 3324 exemplogenerosi
2591 3253 2696 3308 Job
2730 3254 2927 3309 tentari
2964 3254 3119 3309 varie
3167 3256 3405 3324 permis-

1818 3360 1934 3409 sus,
1988 3344 2260 3399 illustrius
2327 3344 2666 3414 praeconium
2720 3345 2789 3400 ad
2835 3354 3149 3401 extremum
3186 3346 3401 3411 retulit,

121 3442 243 3503 τὸς,
262 3404 662 3512 λαμπροτέρας
722 3404 815 3489 ιτὲι
846 3404 991 3487 τέλει
1040 3404 1303 3501 τυγχάνει
1332 3404 1431 3503 τῆς
1472 3431 1714 3503 ἀναρρή-

1825 3436 2039 3507 quando
2070 3444 2193 3506 post
2215 3445 2405 3491 secuta
2455 3436 2755 3507 dupliciter
2806 3438 3215 3494 resarciverunt
3250 3438 3406 3493 dam-

124 3547 295 3593 σεως,
318 3530 430 3599 ὅσῳ
450 3527 545 3580 τοῦ
574 3524 844 3581 διπλασίω
871 3524 980 3577 τῶν
1009 3520 1203 3593 πρώην
1239 3521 1614 3592 ἀφῃρημένων
1643 3520 1714 3573 τά

124 3621 273 3693 μετὰ
320 3619 494 3674 ταῦτα
554 3616 909 3690 κομίσασθαι,
941 3616 1003 3670 τὸ
1032 3616 1124 3669 τὸν
1168 3614 1399 3668 θανόντα
1441 3613 1715 3685 μαθητὴν,

121 3714 292 3771 αὑτὸν
315 3715 521 3767 ἐκεῖνον
552 3711 731 3776 ζῶντα
780 3709 945 3764 πάλιν
992 3708 1247 3775 ὲξαισίως
1280 3706 1593 3770 ἀπολαϐεῖν,
1618 3707 1713 3760 καὶ

121 3805 391 3877 τοιαύτης
438 3804 764 3874 ἐπιφανείας
804 3802 1139 3872 ἀξιωθῆναι,
1166 3801 1266 3854 οὐκ
1300 3799 1468 3869 ὀλίγῳ
1496 3799 1707 3868 θαύμαι-

119 3899 415 3969 σιώτερον.
462 3896 625 3968 Ἡμῖν
676 3896 733 3949 δὲ
788 3896 883 3949 καὶ
915 3894 1052 3965 πρὸς
1090 3894 1159 3947 τὰ
1191 3892 1320 3964 ἑξῆς
1352 3894 1379 3945 ὁ
1405 3891 1561 3959 λόγος
1613 3890 1713 3944 ῖτω

116 3990 227 4063 τῆς
254 3989 577 4054 ἀκολουθίας
615 3988 896 4061 ἐχόμενος.

1817 3546 1951 3585 num
1981 3529 2135 3600 prius
2165 3529 2475 3583 ablatorum
2498 3546 2513 3594 ;
2540 3544 2668 3583 nam
2695 3538 2752 3584 ct
2772 3529 3107 3599 discipulum
3122 3539 3404 3586 mortuum

1824 3621 2090 3676 inusitato
2122 3620 2286 3675 modo
2319 3635 2514 3676 rursus
2536 3620 2725 3675 vivum
2761 3624 2993 3691 recepit,
3024 3632 3080 3677 et
3122 3632 3230 3677 tam
3264 3625 3410 3679 inso-

1823 3714 1921 3773 lita
1949 3713 2300 3784 apparitione
2361 3713 2621 3784 dignatus
2673 3712 2798 3780 fuit,
2858 3715 3007 3785 quod
3058 3715 3203 3769 haud
3244 3716 3408 3785 paulo

1822 3806 2228 3863 admirabilius.
2310 3806 2517 3879 verum
2578 3808 2647 3861 ad
2727 3817 2948 3873 caetera,
3022 3823 3146 3878 quae
3199 3817 3409 3864 restant

1822 3897 2156 3964 enarranda,
2188 3907 2380 3953 nostra
2410 3896 2679 3968 procedat
2712 3898 2911 3955 oratio.

1581 4102 1810 4164 CAPUT
1837 4104 1981 4161 XIX.

776 4224 1043 4282 Miracula
1083 4241 1179 4298 per
1219 4225 1440 4297 capillos
1475 4224 1752 4298 ngeonis
1787 4232 2025 4295 patrata.
2051 4223 2421 4281 Sacerdotium
2450 4236 2767 4298 susceptum.

201 4354 302 4419 pv’.
345 4343 550 4417 Ἱερεύς
580 4361 688 4410 τις,
741 4345 842 4415 τῆς
884 4342 1115 4414 Ἰϐήρων
1172 4339 1519 4412 ὁρμώμενος,
1573 4339 1715 4396 κατὰ

118 4440 323 4508 φήμην
349 4436 445 4491 τοῦ
478 4437 635 4505 ἀγίου
667 4435 806 4507 πρὸς
832 4434 996 4487 αὐτὸν
1032 4434 1427 4504 παραγεγονὼς
1451 4475 1466 4500 ,
1538 4433 1714 4496 οὕτως

119 4531 416 4603 ἀνηρτήθη
435 4529 534 4600 τῆς
562 4530 640 4591 εἰς
670 4527 833 4581 αὐτὸν
862 4526 1120 4590 πίστεως,
1163 4525 1238 4589 ὼς
1265 4526 1362 4580 καὶ
1402 4525 1514 4580 τῶν
1549 4526 1715 4595 ἱερῶν

117 4622 296 4680 αὑτοῦ
325 4620 528 4692 τριχῶν
561 4618 783 4689 αἰτῆσαι
816 4617 948 4687 παρ’
974 4613 1141 4669 αὐτοῦ
1172 4615 1267 4669 καὶ
1293 4614 1504 4670 λαϐεῖν.
1544 4610 1713 4677 Οὗτος

116 4720 207 4781 είς
232 4715 336 4785 τὴν
359 4713 569 4767 οἰκείαν
599 4707 933 4773 ἐπανελθὼν,
967 4708 1026 4761 ὲν
1059 4706 1287 4779 καθαρῷ
1319 4705 1430 4760 τῶν
1466 4706 1710 4776 θορύϐων

116 4804 315 4876 χωρίῳ
338 4803 465 4856 ναὸν
499 4799 888 4871 ὲδείματορςαῖ⁹
910 4797 1130 4869 σταυρῷ
1174 4797 1374 4868 τιμίως
1407 4797 1578 4861 αὐτάς
1625 4798 1713 4849 ὲν-

1890 4340 2012 4396 150.
2045 4340 2342 4412 Presbyter
2364 4340 2613 4413 quidam,
2658 4341 2783 4396 lber
2830 4340 3055 4397 natione
3091 4341 3226 4413 ('58),
3261 4342 3400 4397 fama

1817 4434 1923 4488 viri
1946 4434 2123 4489 sancti
2151 4435 2385 4499 excitus,
2415 4450 2483 4490 eo
2507 4435 2612 4489 iter
2640 4433 2995 4489 instituerat:
3018 4434 3210 4505 sicque
3250 4450 3409 4490 exar-

1819 4525 1893 4579 sit
1944 4540 2073 4595 erga
2116 4524 2274 4579 illum
2334 4524 2556 4591 fiducia,
2616 4532 2733 4579 ute
2784 4524 2958 4580 sacris
3023 4525 3146 4595 ejus
3191 4526 3408 4595 capillis

1814 4616 2097 4688 quidpiam
2130 4624 2341 4687 peteret
2368 4617 2797 4688 acimpetraret.
2829 4617 2965 4673 Inde
2996 4617 3221 4671 domum
3249 4633 3401 4672 suam

1820 4724 2097 4774 reversus,
2128 4709 2335 4763 inloco
2385 4724 2416 4764 a
2468 4707 2650 4764 turbis
2699 4717 2913 4765 remoto
2966 4724 3179 4764 sacram
3231 4708 3433 4769 mdenr

1821 4801 2112 4865 exstruxit,
2159 4809 2215 4855 et
2264 4801 2521 4871 pretiosae
2550 4799 2850 4856 admodum
2911 4801 3064 4856 cruci
3114 4801 3407 4870 praedictas

115 4894 383 4958 απέθετο,
416 4893 505 4945 ἵνα
528 4893 623 4947 καὶ
638 4891 796 4962 διπλῇ
827 4888 1026 4960 μᾶλλον
1056 4891 1120 4960 τῇ
1151 4906 1210 4942 τε
1239 4887 1381 4961 θήκῃ
1407 4887 1501 4942 καὶ
1534 4887 1716 4957 σφίσιν

1825 4892 2090 4962 reliquias
2117 4891 2363 4957 inclusit,
2422 4898 2485 4946 ut
2512 4891 2719 4962 duplici
2772 4907 2839 4947 ex
2892 4892 3072 4961 capite
3118 4901 3407 4962 patrarent

116 4986 321 5049 αὐταῖς
352 4986 436 5056 εἴη
465 4984 927 5056 θαυματουργεῐν.
964 4981 1084 5035 Τῶν
1138 4980 1197 5039 δὲ
1244 4981 1432 5045 κακῶς
1476 4980 1713 5051 πασχόν-

81 5097 235 5164 ⁸των
284 5077 490 5141 πολλοὶ,
536 5078 634 5131 καὶ
686 5075 995 5148 πνεύμασιν
1052 5070 1387 5145 ἀκαθάρτοις
1435 5074 1468 5145 ἢ
1535 5076 1713 5139 νόσοις

117 5167 492 5241 πιεζομένων,
526 5167 865 5240 προσιόντες,
885 5167 980 5220 καὶ
999 5166 1297 5237 θεραπείας
1325 5166 1707 5240 τυγχάνοντες,

116 5261 227 5314 οὐκ
278 5260 434 5332 ὀλίγῃ
491 5259 636 5331 χειρὶ
670 5258 834 5313 πάλιν
888 5257 1042 5312 αὐτοὶ
1070 5260 1169 5331 τὴν
1210 5257 1515 5330 θεραπείαν
1545 5258 1707 5331 ἠμείο

114 5353 307 5406 ὁοντο.
340 5350 573 5422 Ὅπερὸ
628 5349 827 5418 φθόνος
878 5349 979 5402 οὐκ
1032 5347 1296 5419 ἐνεγκὼν,
1354 5350 1710 5421 ἐπανίστησιν

119 5441 279 5515 αι’)τῷ
304 5442 432 5505 τοὺς
462 5443 527 5496 ὲκ
551 5441 809 5512 γειτόνων
848 5443 1037 5513 ίερεῖς,
1072 5442 1121 5495 οἶ
1149 5442 1245 5496 καὶ
1272 5442 1710 5513 προσαγγέλλου-

122 5553 215 5591 σιν
245 5535 411 5590 αὐτὸν
436 5534 515 5607 τῷ
546 5534 697 5606 σφῶν
726 5535 1043 5605 ὲπισκόπῳ,
1089 5534 1166 5599 ὡς
1212 5535 1324 5607 ἄρα
1367 5534 1712 5606 περιεργίαις

113 5628 186 5700 δή
219 5644 334 5681 τισι
372 5627 470 5681 καὶ
523 5630 790 5698 πονηραῖς
832 5628 1138 5698 ἐνεργείαις
1179 5629 1266 5698 εἴη
1301 5628 1430 5691 τοὺς
1481 5626 1712 5692 πολλοὺς

122 5720 381 5786 ἀπατῶν,
407 5721 502 5773 καὶ
533 5721 668 5792 πρὸς
702 5720 762 5775 τὸ
788 5720 974 5776 καινὸν
1014 5720 1304 5791 εὐκτήριον
1329 5718 1669 5791 ἐπαγόμενος
1696 5735 1709 5749 ·

196 5895 317 5971 (58)
349 5896 427 5953 De
448 5897 621 5955 lberis
661 5915 825 5970 supra
850 5899 919 5953 ad
941 5916 1058 5970 cap.
1091 5899 1155 5957 15
1182 5899 1281 5970 egi.

1823 4982 2113 5046 miracula,
2136 4999 2203 5038 ex
2233 4983 2439 5038 virtute
2468 4984 2684 5042 scilicet
2705 4983 2831 5038 talis
2858 4983 3028 5038 theca:
3047 4990 3103 5037 et
3130 4998 3227 5038 sua
3253 4983 3404 5053 ipso—

1822 5091 1966 5131 rum.
1997 5074 2151 5130 Multi
2175 5074 2325 5130 enim
2356 5075 2624 5133 habentes
2655 5075 2818 5139 male,
2851 5084 2909 5130 et
2954 5073 3191 5146 impuris
3233 5076 3401 5145 spiri-

1820 5168 1970 5225 tibus
2019 5167 2339 5238 morbisque
2386 5168 2566 5225 vexati
2646 5174 3037 5227 accesserunt:
3116 5183 3390 5239 opemque

1818 5262 2000 5329 nacti,
2032 5277 2143 5317 non
2166 5278 2332 5332 parca
2365 5277 2531 5321 manu
2567 5276 2668 5331 pro
2694 5262 3077 5318 incolumitate
3110 5263 3400 5332 impetrata

1817 5352 2205 5424 appendebant
2225 5351 2456 5422 aliquid.
2482 5351 2654 5422 Cujus
2700 5354 2780 5409 rei
2834 5353 3128 5426 impatiens
3165 5353 3395 5416 invidia,
3427 5399 3431 5404 .

1815 5441 2113 5499 concitavit
2145 5441 2359 5497 vicinos
2378 5441 2771 5514 presbyteros:
2805 5442 2899 5512 qui
2948 5441 3132 5497 virum
3180 5441 3398 5496 detule-

1816 5545 1948 5591 runt
1970 5534 2039 5591 ad
2060 5534 2381 5609 episcopum
2412 5550 2595 5601 suum,
2614 5534 2893 5591 criminati
2917 5535 3066 5606 quod
3126 5536 3399 5605 supersti«

1817 5627 1975 5683 tiosis
2014 5625 2349 5697 quibusdam
2381 5642 2443 5682 ac
2464 5626 2624 5682 malis
2643 5626 2855 5682 artibus
2872 5627 3134 5697 populum
3168 5628 3398 5682 seduce-

1819 5725 1901 5774 rct
1928 5715 2338 5789 addueeretquc
2377 5717 2433 5773 in
2456 5718 3023 5789 oratorium_novum.
3065 5718 3392 5793 Episcopus.
