3944 6518
496 425 639 492 3127

1710 424 1774 486 S.
1815 420 2195 485 SYMEONIS
2232 420 2596 482 JUNIORIS

3656 417 3801 485 31%

496 538 651 597 nullo
668 535 922 591 examine
949 534 1117 602 facto,
1139 534 1303 591 dictis
1326 534 1491 590 (idem
1522 532 1817 599 adhibens,
1844 532 2085 605 graviter

2196 524 2269 592 οἷς
2309 529 2529 583 ἐκεῖνον
2592 529 2973 592 ἀϐασανίστως
3023 531 3396 584 πιστεύσαντα
3419 572 3437 593 ,
3516 531 3627 584 xui.
3700 532 3795 597 δξῦ

496 630 556 687 in
587 628 768 683 virum
802 637 1135 692 commotus,
1185 626 1359 683 sacris
1403 626 1482 681 illi
1514 624 1832 682 interdicit:
1866 624 1934 680 ad
1961 624 2079 679 haec

495 728 554 776 et
574 718 865 775 facultates
903 718 1093 789 diripi,
1114 728 1174 774 et
1203 718 1415 772 aditum
1443 716 1653 781 sacelli,
1686 733 1756 772 ne
1794 716 1884 772 cui
1915 714 2045 771 dein
2065 745 2078 755 -

496 826 630 882 ceps
656 808 898 867 adeundi
928 808 1087 867 conia
1117 815 1289 875 esset,
1311 807 1529 862 obstrui
1549 806 1729 879 jubet.

572 1028 698 1086 131.
726 1029 949 1086 Interea
980 1028 1214 1085 sedebat
1232 1027 1327 1083 ille
1374 1026 1581 1083 clausis
1611 1026 1806 1084 sacelli
1839 1027 2075 1096 foribus,

496 1120 811 1179 lamentans
836 1135 951 1176 non
980 1126 1193 1175 tantum
1222 1119 1547 1175 facultatem
1575 1121 1752 1176 sacris
1812 1119 2079 1190 operandi

498 1212 763 1277 ablatam,
789 1211 886 1267 sed
910 1225 1028 1267 rem
1063 1210 1391 1267 familiarem
1420 1226 1642 1282 quoque
1677 1229 1692 1267 ι
1743 1212 2082 1283 respiciens-

499 1318 609 1375 que
660 1302 875 1358 unicam
902 1316 1059 1358 suam
1092 1302 1430 1372 minimeque
1458 1300 1709 1357 fallacem
1758 1317 1911 1373 spem
1933 1302 2082 1373 posi-

500 1410 611 1456 tam
646 1399 702 1454 in
725 1407 913 1454 sancto
949 1396 1250 1469 Symeone,
1281 1397 1712 1453 consolationem
1758 1398 1829 1453 ab
1862 1398 1957 1453 illo
1992 1412 2085 1452 ae-

502 1490 688 1560 cepit,
723 1487 1036 1543 subsidium
1053 1501 1167 1541 non
1188 1493 1514 1542 cunctanter
1542 1487 1765 1542 tardeve
1804 1486 2079 1551 conferre,

501 1595 615 1636 non
650 1578 1081 1650 procrastinare,
1121 1586 1219 1633 aut
1270 1578 1329 1631 in
1378 1577 1528 1631 aliud
1572 1587 1792 1647 tempus
1821 1577 2075 1648 rejicere,

501 1687 613 1727 non
641 1680 823 1727 certas
855 1671 912 1726 in
941 1670 1111 1725 horas
1144 1685 1434 1726 reservare
1474 1670 1660 1725 solito.
1686 1669 1965 1725 Continuo
1996 1668 2083 1722 in-

501 1766 676 1820 festus
696 1764 912 1820 daemon
933 1764 1257 1834 episcopum
1289 1763 1580 1830 invadens,
1610 1763 1789 1833 ipsum
1802 1763 1915 1834 jam
1938 1762 2081 1817 luci-

2187 620 2335 674 κατὰ
2418 618 2516 673 τοῦ
2599 619 2795 691 ἀνδρὸς
2886 618 3219 691 κινηθέντα,
3309 624 3411 692 τῆς
3476 637 3540 673 τε
3639 621 3798 684 θείας

2182 707 2347 761 αὐτὸν
2413 709 2725 780 ἱερουργίας
2782 707 3065 780 ἁπεῖρξαι,
3116 711 3213 763 καὶ
3270 709 3338 780 δὴ
3392 712 3495 764 καὶ
3553 710 3636 764 τὰ
3662 712 3794 763 ὄντα

2183 799 2651 870 προσαφελέσθαι,
2689 799 2769 853 ἔτι
2814 801 2908 854 καὶ
2952 801 3051 872 τὴν
3090 800 3187 854 τοῦ
3221 802 3521 873 εύκτηρίου
3573 803 3794 857 εἴσοδον

2185 893 2473 945 ὑπανεῐναι
2512 892 2704 965 μηδενὶ
2735 891 2830 948 τοῦ
2868 892 3056 946 λοιποῦ
3086 894 3566 966 παραγγείλαντα.

2264 1031 2476 1103 ρνα’.⁹0
2532 1030 2631 1100 μὲν
2682 1022 2778 1082 οὖν
2836 1027 3292 1097 ἐπικλεισάμενος
3342 1029 3442 1093 τὰς
3478 1030 3786 1101 εὐκτηρίοο

2187 1124 2360 1195 θύρας
2416 1120 2679 1192 καθῆστο,
2711 1122 2774 1175 ού
2821 1120 2923 1191 τὴν
2970 1120 3069 1189 τῆς
3126 1119 3429 1189 ἱερωσύνης
3481 1120 3775 1173 ἔκπτωσιν

2190 1217 2374 1288 μόνον,
2408 1212 2546 1269 ἀλλὰ
2564 1213 2661 1267 καὶ
2691 1214 2794 1283 τὴν
2829 1210 2943 1266 τῶν
2978 1210 3148 1265 ὄντων
3178 1212 3475 1281 ἀφαίρεσιν
3506 1212 3780 1281 ὀδυρόμε-

2195 1327 2282 1373 νος
2305 1325 2318 1338 ·
2351 1308 2490 1377 πρὸς
2525 1307 2691 1377 μόνας
2721 1305 2778 1357 δὲ
2804 1304 2967 1358 πάλιν
2991 1302 3092 1367 τὰς
3119 1304 3201 1367 εἰς
3253 1304 3347 1357 τὸν
3379 1304 3539 1371 ἅγιον
3606 1304 3780 1373 b.343-

2186 1404 2295 1466 δεῖς
2317 1401 2536 1465 ἐλπίδας
2561 1400 2726 1469 ὁρῶν,
2777 1399 2875 1453 καὶ
2903 1399 3005 1469 τὴν
3051 1398 3264 1451 ἐκεῖθεν
3294 1399 3655 1469 παράκλησιν
3687 1402 3780 1450 ὲκ-

2184 1494 2494 1563 δεχόμενος.
2528 1491 2670 1563 Πρὸς
2701 1490 2771 1560 ἢν
2803 1488 2959 1541 οὐδὲν
3014 1489 3224 1551 ἐκεῖνος
3253 1488 3428 1541 ὀκνῶν
3461 1488 3586 1540 οὐδὲ
3648 1488 3783 1539 ἀναε-

2184 1585 2445 1656 δυόμενος
2496 1578 2587 1655 ἦν,
2641 1580 2742 1635 οὐκ
2788 1580 3017 1651 ὀψίζων,
3069 1580 3131 1633 οὒ
3189 1578 3518 1649 διαμέλλων.
3573 1579 3642 1631 ού
3701 1578 3781 1643 τῷ

2188 1679 2475 1747 πράγματι
2506 1673 2700 1745 καιρὸν
2729 1674 2929 1727 οἰκεῖον
2946 1671 3343 1741 ταμιευόμενος
3361 1687 3375 1700 ’
3400 1669 3540 1723 ἀλλὰ
3559 1669 3779 1739 δαίμων

2187 1769 2348 1831 εὐθὺς
2376 1767 2609 1838 χαλεπὸς
2652 1764 2730 1835 τῷ
2772 1763 3058 1834 ὲπισκόπῳ
3117 1763 3490 1833 ἐπιπηδήσας,
3522 1778 3777 1830 νυκτεριο

500 1857 692 1928 fugum
725 1873 824 1927 per
851 1858 1110 1913 tenebras
1148 1859 1350 1922 noctis,
1383 1867 1445 1912 ut
1469 1859 1610 1913 clam
1657 1856 1919 1912 omnibus
1951 1871 2079 1926 per-

2196 1862 2274 1915 νδν
2306 1861 2490 1929 ίκέτην
2521 1857 2705 1920 αὑτὸν,
2739 1856 2827 1910 ἵνα
2863 1857 2958 1911 καὶ
3019 1856 3082 1908 τὺ
3138 1855 3359 1908 πάντων
3402 1852 3561 1923 ὄμμα
3611 1852 3769 1905 λάθοι

501 1958 623 2007 acta
648 1964 739 2003 res
762 1948 817 2002 in
844 1949 1133 2003 hominum
1160 1951 1413 2005 notitiam
1457 1966 1565 2005 non
1598 1951 1834 2013 veniret,
1871 1950 2081 2019 suppli-

501 2054 624 2095 cem
647 2038 714 2093 ad
739 2038 1127 2111 presbyterum
1175 2040 1382 2111 adigit:
1414 2043 1528 2113 jam
1581 2042 1733 2096 enim
1765 2042 2084 2098 innotuerat

499 2130 707 2186 misero
724 2138 782 2186 et
811 2132 1142 2187 calamitatis
1171 2148 1285 2189 sua:
1311 2149 1475 2188 causa
1512 2142 1569 2189 et
1595 2134 1736 2189 ultio
1771 2134 1981 2189 divina.
2004 2134 2084 2190 Ac

500 2222 683 2301 primo
712 2220 939 2292 quidem
961 2239 991 2278 a
1022 2224 1249 2280 subdito
1273 2241 1375 2281 suo
1421 2227 1644 2281 veniam
1673 2226 1833 2296 petit,
1882 2226 2083 2281 deinde

500 2315 783 2371 miseriam
804 2332 959 2371 suam
984 2315 1036 2372 ei
1070 2318 1304 2385 revelat,
1350 2318 1593 2389 denique
1652 2328 1808 2391 rogat
1860 2328 1924 2374 ut
1962 2335 2076 2376 me-

501 2404 681 2459 delam
703 2405 811 2460 sibi
841 2405 1115 2476 impertiri
1140 2406 1423 2479 dignetur,
1449 2408 1916 2478 quemadmodum
1957 2410 2082 2467 aliis

501 2494 759 2565 pluribus
792 2494 1113 2565 impertitus
1141 2496 1344 2553 fuerat.
1385 2498 1483 2556 Ille
1522 2501 1759 2572 supplici
1805 2503 2082 2559 sinceram

501 2586 730 2648 exhibet
751 2588 1105 2653 medicinam,
1136 2590 1367 2659 gratiam
1392 2592 1709 2663 gratuitam,
1751 2594 1971 2650 divitias
1994 2596 2084 2650 in-

500 2677 819 2745 exhaustas,
855 2694 1104 2744 crucem,
1142 2681 1392 2751 inquam,
1426 2698 1613 2751 suam;
1650 2685 1814 2740 simul
1864 2686 2081 2753 edocet,

502 2780 743 2839 quantus
772 2778 829 2826 et
855 2771 1002 2827 unde
1019 2782 1281 2843 acceptus
1310 2775 1475 2830 lateat
1498 2776 1553 2831 in
1582 2792 1743 2833 cruce
1766 2779 2080 2834 thesaurus.

500 2863 747 2919 Accessit
776 2862 945 2934 igitur
964 2864 1258 2936 episcopus
1287 2865 1538 2923 fervente
1562 2869 1785 2939 spiritu,
1818 2886 1882 2926 ac
1910 2872 2084 2928 multo

502 2954 671 3013 etiam
710 2954 1047 3012 ferventiore
1096 2958 1463 3027 paenitudine,
1499 2969 1616 3015 tum
1653 2962 1785 3031 quia
1813 2963 1962 3019 circa
1992 2964 2081 3021 di-

500 3045 689 3101 vinam
710 3046 856 3101 illam
877 3048 1109 3118 gratiam
1131 3050 1286 3120 prius
1303 3052 1619 3109 cmentierat
1636 3062 1693 3109 et
1714 3055 2083 3114 calumniatus

501 3145 624 3194 erat
653 3137 1025 3209 impudenter,
1059 3148 1177 3195 tum
1211 3143 1339 3212 quia
1374 3143 1522 3199 illius
1552 3144 1868 3202 ministrum
1899 3162 1966 3204 ac
1996 3165 2083 3205 sa-

2187 1955 2283 2008 κα¹ι
2342 1954 2525 2007 πᾶσαν
2580 1951 2836 2018 αἴσθησιν
2904 1948 3223 2017 διακλέψοι,
3284 1946 3363 2016 τῷ
3411 1945 3769 2016 πρεσϐυτέρῳ

2186 2047 2474 2119 προσάγει,
2510 2045 2609 2115 τὴν
2637 2044 2816 2098 αἰτίαν
2844 2040 3046 2113 δηλαδὴ
3075 2038 3304 2092 συνέντα
3345 2039 3447 2090 καὶ
3476 2038 3576 2106 τὴν
3614 2036 3767 2103 δίκην

2184 2139 2285 2191 οὐκ
2338 2136 2706 2207 ἀγνοήσαντα.
2744 2134 2856 2187 Καὶ
2904 2132 3099 2201 πρῶτα
3153 2130 3253 2200 μὲν
3299 2129 3443 2182 αἰτεῖ
3490 2128 3645 2197 παρὰ
3682 2125 3765 2177 τοῦ

2187 2230 2291 2282 ὑπὸ
2324 2230 2487 2299 χεῖρα
2518 2224 2873 2295 συγγνώμην,
2902 2222 3021 2277 εἶτα
3049 2223 3110 2277 τὸ
3160 2221 3336 2284 πάθος
3368 2219 3763 2280 ἀνακαλύπτει,

2184 2321 2311 2391 ἑξῆς
2335 2322 2393 2373 δὲ
2421 2320 2662 2372 δυσωπεῖ
2690 2317 2990 2389 θεραπείας
3029 2316 3346 2384 ἀξιωθῆναι,
3379 2314 3492 2381 ὅτῳ
3543 2313 3607 2382 δή
3644 2330 3762 2365 ποτε

2184 2413 2391 2484 τρόπῳ,
2419 2411 2573 2481 φησι,
2601 2408 2829 2473 πολλοὺς
2844 2404 2955 2462 οἶδε
2983 2408 3078 2461 καὶ
3103 2408 3296 2469 ἄλλους
3322 2405 3483 2468 αὐτὸς
3506 2406 3760 2470 ἀξιώσας.

2198 2504 2256 2557 '0
2281 2504 2340 2558 δὲ
2378 2503 2477 2573 τὴν
2508 2503 2733 2573 ἄτεχνον
2765 2499 3029 2573 ἰατρείαν,
3061 2500 3162 2571 τὴν
3206 2496 3444 2569 ἄμισθον
3470 2499 3655 2567 χάριν,
3680 2495 3764 2547 τὸν

2183 2594 2246 2647 ού
2294 2592 2621 2663 κενούμενον
2660 2588 2891 2644 πλοῦτον
2921 2588 3100 2659 αὐτῷ,
3149 2588 3242 2641 τὸν
3287 2588 3522 2659 σταυρὸν
3556 2586 3760 2640 ὑποδεί-

2184 2699 2368 2748 κνυσι,
2419 2682 2514 2735 καὶ
2562 2680 2653 2734 τὸν
2690 2680 2751 2733 ὲν
2800 2677 2881 2750 τῷ
2932 2676 3153 2748 σταυρῷ
3206 2676 3613 2746 κεκρυμμένον,
3649 2673 3762 2727 ὅθεν

2183 2773 2294 2845 ἄρα
2315 2774 2412 2827 καὶ
2484 2772 2655 2834 ὅπως,
2738 2768 3014 2842 θησαυρὸν
3084 2766 3397 2839 ἑρμηνεύει.
3450 2763 3761 2836 Προσελθὼν

2183 2866 2361 2919 τοίνυν
2409 2864 2438 2918 ὁ
2488 2864 2786 2923 ἐπίσκοπος
2818 2860 3008 2932 θερμῷ
3035 2859 3311 2930 πνεύματι
3336 2900 3349 2925 ,
3384 2856 3689 2928 θερμοτέρα
3710 2856 3762 2909 δὲ

2184 2954 2366 3026 πολλῷ
2394 2956 2490 3008 καὶ
2515 2958 2581 3026 τῇ
2608 2954 2889 3029 μετανοίᾳ,
2920 2950 3002 3017 οἷς
3030 2970 3089 3007 τε
3111 2952 3240 3025 περὶ
3279 2952 3380 3019 τὴν
3404 2950 3559 3004 θείαν
3605 2949 3759 3018 χάριν

2183 3046 2400 3117 ἐκείνην
2458 3045 2785 3115 τυφλώττων
2839 3044 3105 3117 πρότερον
3156 3038 3247 3115 ἦν,
3278 3043 3374 3095 καλ⁵
3419 3038 3759 3109 συκοφαντῶν

2184 3138 2414 3211 ἀναίδην
2470 3140 2565 3192 καὶ
2614 3136 2935 3205 διαϐάλλων,
2995 3130 3077 3201 οἷς
3114 3153 3175 3189 τε
3208 3137 3337 3204 περὶ
3360 3134 3454 3189 τὸν
3491 3134 3641 3205 ἱερέα
3673 3131 3758 3185 καὶ

503 3228 786 3285 cerdotem
815 3229 1033 3300 injuriis
1056 3232 1338 3300 affecerat,
1365 3251 1513 3292 nunc
1538 3236 1716 3307 ipsum
1747 3239 1960 3296 habens
1988 3257 2084 3311 pa-

2196 3233 2430 3288 διάκονον
2447 3231 2717 3303 ἐνύϐρισε,
2736 3231 2940 3302 ταύτης
2974 3230 3091 3299 ἅμα
3122 3229 3179 3283 δὲ
3205 3230 3302 3283 καὶ
3338 3229 3500 3283 αὐτὸν
3520 3225 3754 3296 συναιρό-

504 3320 896 3379 trocinantem.
926 3322 995 3379 Et
1022 3324 1114 3380 ille
1149 3326 1373 3395 quidem
1405 3327 1665 3385 infestum
1696 3346 1728 3385 a
1752 3346 1812 3387 se
1838 3334 2087 3389 excussit

506 3409 844 3479 daemonem;
896 3414 1184 3486 presbyter
1211 3431 1346 3471 vero
1390 3432 1514 3472 cum
1558 3418 1791 3489 pristina
1823 3420 2087 3492 dignitate

506 3516 627 3557 rem
675 3501 1024 3572 familiarem,
1053 3507 1381 3577 ampliorem
1402 3509 1567 3565 etiam
1599 3527 1763 3584 quam
1794 3512 2087 3579 habuerat,

508 3601 567 3648 et
590 3592 906 3651 libertatem
968 3598 1200 3668 recepit.

590 3726 710 3781 159.
751 3728 987 3783 Circiter
1035 3729 1182 3785 idem
1222 3740 1438 3802 tempus
1479 3736 1727 3806 contigit,
1759 3737 1952 3793 Persas
1981 3738 2091 3796 illis

509 3815 764 3887 partibus
785 3832 911 3873 cum
935 3822 1179 3880 exercitu
1210 3826 1599 3893 supervenire;
1622 3829 1825 3898 quibus
1844 3846 1970 3885 cum
1997 3830 2083 3887 in-

513 3904 754 3961 dicatum
783 3916 947 3975 esset,
986 3910 1143 3979 plura
1174 3911 1228 3965 in
1264 3914 1465 3968 sacello
1499 3916 1611 3986 jam
1641 3917 1792 3974 dicto
1819 3929 1875 3975 et
1902 3923 2085 3993 magni

512 3997 677 4075 pretii
727 4000 1075 4061 anathemata
1124 4017 1266 4068 esse,
1320 4020 1351 4059 a
1388 4005 1716 4065 Christianis
1764 4028 1875 4067 non
1930 4030 2095 4084 parca

512 4097 610 4144 aut
664 4104 828 4145 avara
896 4108 1061 4153 manu
1106 4095 1231 4152 istic
1280 4112 1585 4168 suspensa,
1629 4103 1851 4171 quidam
1899 4106 2093 4161 eodem

514 4177 682 4235 celeri
711 4194 878 4235 cursu
900 4183 1245 4246 contendunt
1267 4201 1280 4238 :
1299 4201 1440 4255 quos
1468 4189 1561 4251 ubi
1590 4192 1849 4247 sacerdos
1878 4195 2097 4253 eminus

513 4267 877 4335 adventantes
902 4273 1075 4338 videt,
1113 4275 1168 4329 in
1198 4276 1435 4333 vicinam
1476 4295 1597 4336 sese
1639 4282 1852 4338 abdidit
1880 4285 2094 4352 silvam,

452 4382 488 4417 ι
515 4362 694 4419 donec
735 4364 839 4435 ipsi
877 4366 947 4421 ad
976 4368 1279 4425 exercitum
1311 4372 1689 4433 revertissent.
1722 4375 1804 4429 Illi
1840 4391 1973 4432 vero
2009 4378 2097 4435 in-

514 4454 687 4525 gressi
736 4456 1021 4524 sacellum,
1067 4468 1184 4515 toto
1236 4460 1362 4518 istic
1408 4462 1497 4517 die
1548 4474 1937 4535 permanentes
1981 4484 2093 4524 non

2193 3343 2351 3397 μενον
2374 3327 2513 3396 ἔχων
2531 3367 2547 3391 ,
2574 3324 2737 3382 αὑτός
2759 3340 2820 3377 τε
2844 3324 2937 3377 τὸν
2964 3322 3200 3392 χαλεπὸν
3239 3320 3477 3375 ἀπέθετο
3520 3319 3753 3388 δαίμονα.

2188 3421 2435 3482 κάνεῖνος
2509 3416 2647 3489 μετὰ
2738 3414 2835 3469 τοῦ
2912 3411 3222 3484 ἀξιώματος
3280 3408 3438 3474 αὖθις
3508 3413 3605 3465 καὶ
3671 3410 3757 3477 τῆς

2189 3513 2377 3574 οὐσίας
2412 3508 2633 3580 μείζονα
2670 3509 2767 3579 τῆς
2830 3504 3102 3579 προτέρας
3163 3504 3457 3576 ἀπειλήφει
3526 3503 3620 3558 καὶ
3670 3501 3755 3569 τὴν

2193 3598 2374 3653 ὲλευθε
2385 3598 2522 3670 ρίαν.

2268 3732 2401 3806 ρνβ’.
2444 3731 2652 3802 Συνέϐη
2706 3731 2763 3784 δὲ
2803 3732 2926 3784 κατ’
2958 3732 3136 3784 έκεῖνο
3167 3728 3361 3798 καιροῦ
3399 3728 3619 3800 Πέρσας
3659 3730 3754 3789 τοῖς

2198 3828 2422 3898 μέρεσιν
2452 3826 2682 3888 ἐκείνοις
2712 3822 3166 3894 ἐπιστρατεῦσαι·
3192 3823 3288 3877 καὶ
3324 3821 3561 3894 μηνυθὲν
3593 3822 3756 3882 αὐτοῖς

2194 3920 2268 3981 ὡς
2294 3920 2379 3990 εἴη
2412 3916 2583 3972 πολλὰ
2616 3919 2711 3971 καὶ
2747 3914 2942 3971 πολλοῦ
2978 3915 3106 3981 ἀξια
3134 3914 3537 3985 καθωσιωμένα
3578 3913 3653 3985 τῷ
3676 3914 3756 3966 εὖ·

2195 4011 2441 4091 κτηρίῳ,
2493 4006 2583 4064 οἷα
2624 4009 2966 4081 Χριστιανῶν
3015 4009 3077 4062 οὐ
3113 4008 3447 4079 φειδομένως
3487 4008 3607 4062 οὐδὲ
3657 4006 3756 4075 71i-

2198 4120 2378 4174 σχρως
2421 4104 2542 4155 ἐκεῖ
2575 4100 3118 4171 προσαναλισκόντων
3140 4139 3155 4164 ,
3198 4099 3292 4153 δύο
3332 4099 3477 4163 τινὲς
3524 4099 3611 4152 ἐπ’
3642 4098 3756 4152 αὐτὸ

2195 4194 2473 4265 δρομαίως
2510 4193 2769 4264 ἐφέροντο
2794 4208 2807 4222 ’
2858 4190 2953 4255 οὒς
3004 4190 3130 4245 ἰδὼν
3176 4190 3463 4265 πόρρωθεν
3503 4194 3533 4245 ὁ
3577 4190 3753 4261 ίερεῦς,

2195 4284 2295 4357 τὴν
2327 4285 2793 4354 παραπεφυκυῖαν
2828 4281 3120 4336 ὑποδύεται
3148 4280 3299 4354 ὅλην,
3343 4281 3451 4344 ἓως
3489 4281 3641 4334 αὐτοὶ
3666 4280 3757 4333 πά-

2196 4376 2281 4437 λιν
2314 4377 2394 4439 είς
2422 4374 2484 4428 τὸ
2521 4372 2882 4446 στρατόπεδον
2912 4372 3328 4444 ἁναστρέψειαν.
3375 4372 3440 4425 Οἱ
3484 4372 3545 4425 δὲ
3586 4372 3644 4425 τὸ
3682 4370 3755 4422 εὖ-

2204 4472 2431 4542 κτήριον
2465 4468 2819 4534 εἰσελθόντες,
2852 4466 3101 4536 ἀπρόῖτοι
3141 4467 3322 4519 πᾶσαν
3352 4465 3567 4518 ἐκεῖθεν
3592 4464 3757 4534 διαμε-

514 4543 793 4642 prodiere.
816 4545 1137 4618 Suspicatus
1166 4551 1350 4623 itaque
1375 4554 1684 4626 presbyter,
1712 4572 1807 4613 eos
1824 4558 1934 4629 jam
1966 4561 2087 4621 inde

2206 4566 2473 4634 μενήκασι
2522 4560 2620 4633 τὴν
2672 4558 2910 4632 ἡμέραν.
2975 4556 3295 4612 Ὑπολαϐὼν
3340 4558 3525 4611 τοίνυν
3579 4559 3760 4621 ἐκεῖνος

515 4636 654 4697 clam
688 4652 746 4693 se
791 4654 1044 4710 egressos
1069 4641 1233 4713 (Quid
1263 4645 1435 4711 enim,
1464 4645 1769 4717 inquiebat,
1798 4651 1923 4707 istic
1951 4653 2097 4711 ultra

516 4730 819 4801 agerentl),
851 4747 1021 4788 ausus
1052 4743 1138 4790 est
1160 4750 1228 4789 co
1278 4739 1497 4810 regredi
1535 4757 1548 4794 :
1584 4740 1866 4813 ingressus
1910 4754 2096 4801 autem

515 4823 727 4894 reperit
747 4825 937 4881 ambos
966 4836 1094 4881 ante
1130 4828 1497 4900 prodigiosam
1522 4846 1744 4889 crucem
1778 4837 1931 4904 (vere
1961 4838 2097 4894 illud

517 4923 671 4979 tuum
689 4926 885 4985 potens
906 4917 1192 4975 brachium
1220 4922 1731 4992 patravit,Christe,
1758 4928 1873 4989 Rex
1898 4932 2097 5002 meus.)

517 5006 821 5063 exstinctos
835 5010 1052 5078 jacere;
1073 5012 1400 5084 adjacebant
1421 5030 1642 5087 quoque
1662 5016 1809 5075 faces
1831 5035 2094 5087 accensas,

479 5104 734 5175 ,certum
778 5098 894 5155 fere
929 5103 1307 5167 testimonium
1340 5107 1580 5164 voluisse
1615 5110 1823 5181 templo
1853 5110 2100 5171 ﬂammas

520 5188 817 5263 subjicere,
850 5207 993 5262 quae,
1028 5198 1418 5263 conuentibus
1454 5200 1607 5272 ipsis,
1632 5218 1664 5257 e
1698 5204 1954 5261 manibus
2000 5205 2100 5262 de-

519 5280 686 5352 lapsa:
723 5282 962 5342 fuerant.
987 5286 1165 5358 Atque
1195 5289 1313 5346 haec
1344 5294 1529 5357 omnia
1559 5295 1649 5351 ille
1681 5295 1798 5366 ipse
1819 5297 2098 5366 sacerdos,

522 5387 649 5439 cum
674 5373 876 5440 deinde
904 5375 1231 5450 Symeonem
1263 5382 1550 5453 inviseret,
1583 5394 1815 5443 testatus
1853 5398 1957 5445 est.

595 5553 718 5611 155.
758 5557 879 5613 Jam
913 5574 1047 5617 vero
1087 5560 1157 5617 ad
1193 5577 1258 5618 ea
1304 5577 1391 5618 me
1436 5579 1687 5619 sermone
1730 5581 2101 5637 progressum,

522 5662 645 5719 quae
673 5650 741 5705 ad
799 5651 1047 5709 divinum
1103 5654 1391 5727 Symeonis
1439 5657 1808 5714 sacerdotium
1871 5660 2101 5728 faciunt,

525 5741 673 5798 unde
719 5751 777 5799 et
818 5742 1098 5817 quomodo
1147 5750 1564 5821 presbyteratus
1600 5767 1816 5807 sacrum
1853 5752 2102 5807 ordinem

524 5835 852 5915 susceperit,
896 5847 1331 5902 consentaneum
1386 5842 1575 5909 fuerit,
1629 5851 1755 5913 apta
1787 5842 2103 5901 narratione

2199 4648 2381 4707 λαθεῖν
2415 4648 2579 4703 αὑτὸν
2623 4647 2723 4716 τὴν
2762 4645 2871 4699 τῶν
2912 4646 3138 4716 Περσῶν
3170 4644 3388 4717 ἐκείνην
3414 4647 3670 4701 ἐπάνοδον
3702 4646 3762 4718 (τί

2198 4743 2307 4813 γὰρ
2325 4741 2416 4807 ἂν,
2445 4740 2601 4811 φησι,
2621 4737 2718 4794 καὶ
2745 4737 2981 4809 δρῶντες
3002 4740 3060 4791 έν
3081 4737 3230 4807 αύτῷ
3257 4738 3446 4792 λοιπὸν
3472 4735 3630 4812 εἶεν),
3649 4740 3763 4812 θαρ-

2202 4835 2286 4904 ρεῖ
2313 4832 2411 4903 τὴν
2445 4830 2682 4885 εῐσοδον⁹
2718 4830 2813 4884 καὶ
2836 4829 3058 4894 τούτους
3088 4829 3335 4901 εὑρίσκει
3361 4830 3472 4903 πρὸ
3505 4832 3607 4902 τῆς
3637 4832 3765 4893 θείας

2201 4924 2421 4998 ἐκείνης
2445 4923 2537 4978 τοῦ
2569 4922 2803 4996 σταυροῦ
2831 4922 3117 4995 δυνάμεως
3152 4922 3268 4996 (σὸς
3305 4926 3334 4977 ὁ
3367 4922 3617 4997 βραχίων
3645 4922 3767 4978 κατὰ

2200 5018 2521 5083 δυναστείας
2562 5018 2754 5084 ὅντως,
2786 5019 2990 5090 Χριστὲ
3022 5017 3292 5090 βασιλεῦ),
3336 5021 3575 5091 νεκροὺς
3612 5024 3767 5091 ἀμφο-

2200 5112 2397 5184 τέρους
2423 5112 2736 5183 κειμένους,
2756 5112 3039 5183 λαμπάδες
3063 5129 3123 5165 τε
3159 5111 3333 5182 πυρὸς
3359 5114 3765 5183 παρακείμεναι.
3802 5110 3817 5173 ξ

2204 5204 2456 5276 καθάπερ
2495 5207 2554 5258 έν
2586 5203 2891 5276 ἐπαγγελίᾳ
2932 5202 3029 5258 τοῦ
3056 5203 3148 5258 τὸν
3185 5202 3313 5258 ναὸν
3355 5204 3664 5277 ἐμπρῆσαι,
3690 5205 3768 5257 καὶ

2202 5297 2311 5351 τῶν
2340 5295 2538 5368 χειρῶν
2581 5296 2838 5351 πεσοῦσιν
2878 5297 3064 5362 αὐτοῖς
3089 5296 3561 5369 καταρῤεύσασαι,
3590 5298 3663 5362 ὡς
3689 5298 3767 5351 σύν

2202 5385 2292 5450 τὸς
2312 5388 2516 5447 ἐκεῖνος
2542 5386 2681 5457 μετὰ
2701 5386 2873 5440 ταῦτα
2892 5387 3042 5458 παρὰ
3060 5387 3152 5440 τὸν
3182 5387 3339 5458 ἅγιον
3372 5387 3549 5443 ἐλθὼν
3567 5392 3597 5443 ὁ
3614 5390 3766 5460 ἱερεὺς

2204 5476 2468 5549 ἐξηγεῖτο.

2279 5576 2414 5640 ρνγ’.
2458 5568 2599 5627 Ἀλλ’
2624 5560 2726 5625 ὧδέ
2766 5586 2833 5639 με
2860 5569 2955 5622 τοῦ
2988 5569 3150 5640 λόγου
3193 5571 3509 5642 γενόμενον,
3546 5570 3616 5626 τὰ
3658 5568 3763 5640 περὶ

2204 5660 2303 5729 τῆς
2329 5659 2476 5722 θείας
2524 5658 2619 5713 τοῦ
2653 5660 2797 5713 θείου
2832 5662 3052 5729 Συμεὼν
3091 5663 3410 5733 ἱερωσύνης,
3438 5664 3564 5717 ὅθεν
3594 5681 3652 5717 τε
3681 5662 3759 5732 τὴν

2205 5750 2301 5803 τοῦ
2361 5751 2734 5827 πρεσϐυτέρου
2789 5752 3122 5822 χειροτονίαν
3175 5752 3415 5818 ἐδέξατο.
3465 5754 3560 5807 καὶ
3612 5755 3753 5813 ὅπως.

2208 5842 2499 5905 ἀκόλουθον
2536 5842 2601 5901 ἂν
2632 5844 2717 5919 εἴη
2762 5844 3051 5901 διαλαϐεῖν.
3088 5847 3174 5910 Ὠς
3223 5846 3333 5917 γὰρ
3386 5848 3419 5921 ή
3472 5846 3635 5923 πολλὴ
3668 5843 3753 5899 τῶν
