3944 6536
119 468 276 533 δῖὶῦ

1130 471 1307 533 VITA
1344 476 1394 536 A
1431 470 1876 534 NICEPHORO
1916 470 2403 532 CONSCRIPTA.

3250 467 3395 534 3130

119 583 419 653 θαυμάτων
447 580 632 652 ἐκείνη
655 580 888 653 πληθὺς,
920 584 1015 638 καὶ
1042 583 1277 656 ἀριθμὸν
1310 584 1509 656 μικροῦ
1537 585 1715 639 πάντα

1823 583 2087 654 proferre.
2124 581 2229 638 Ubi
2260 588 2409 636 tanta
2431 579 2810 651 prodigiorum
2836 581 3158 647 multitudo,
3177 590 3234 637 et
3263 598 3386 637 om-

118 674 380 744 δεύτερον
427 672 629 743 ἑαυτῆς
658 674 882 745 ἐλέγχου
916 675 1046 748 παρ’
1077 675 1244 731 αὑτοῦ
1281 677 1533 742 ἐτελεῖτο,
1563 677 1708 746 ἐγλί-

116 782 283 835 χοντο
319 764 417 832 μὲν
462 764 513 817 oi
560 764 768 819 τούτων
798 766 1180 836 τυγχάνοντες,
1231 768 1439 839 χερσὶνι
1468 769 1707 832 ἐκείναις

114 856 233 909 τῶν
292 857 650 926 ἁγιασμάτων
709 860 1175 928 μεταλαμϐάνειν,
1229 861 1298 914 δι’
1356 855 1431 915 ὧν
1492 862 1587 914 καὶ
1636 860 1706 915 τὰ

117 948 410 1019 θαύματαο
448 949 680 1003 ἐπόθουν
706 950 763 1002 δὲ
799 950 894 1005 καὶ
919 954 966 1004 οί
1001 953 1243 1022 μαθηταὶ
1275 957 1466 1024 χεῖρας
1492 954 1708 1017 ἐκείνας

112 1038 232 1090 τῶν
270 1040 583 1108 μυστηρίων
618 1041 1005 1111 μεταδιδούσας
1039 1043 1205 1113 ἔχειν,
1235 1044 1302 1109 ἂς
1327 1045 1422 1098 καὶ
1452 1044 1546 1099 τοῦ
1577 1047 1709 1115 σχή-

64 1173 76 1187 .
119 1146 336 1196 ματος’
374 1131 466 1183 καὶ
514 1132 602 1186 διὰ
657 1131 818 1187 τοῦτο
871 1135 1008 1203 πρὸς
1048 1137 1148 1206 τὴν
1208 1137 1509 1208 ἱερωσύνην
1558 1137 1708 1208 αύτῷ

116 1222 329 1284 πάντες
363 1223 675 1292 ἐγκείμενοι
726 1226 820 1278 καὶ
866 1226 1179 1296 βιαζόμενοι
1223 1223 1384 1297 ἦσαν.
1433 1226 1492 1279 '0
1524 1227 1581 1279 δέ
1615 1245 1711 1279 τα-

117 1312 556 1384 πεινοφροσύνης
598 1316 896 1387 ὑπερϐολῇ.
921 1316 1125 1387 χείλεσι
1164 1318 1391 1389 καρδίας
1421 1318 1572 1370 ούδέν
1613 1311 1710 1387 ἦτ-

115 1423 216 1459 τον
256 1406 290 1478 ἢ
327 1407 612 1476 στόματος,
650 1412 946 1481 παρῃτεῖτο
990 1410 1085 1461 καὶ
1124 1408 1467 1473 ἀνεϐάλλετο,
1507 1410 1570 1461 Εἰ
1614 1409 1709 1462 καὶ

117 1499 267 1552 αὐτὰ
289 1500 483 1566 δήπου,
503 1499 701 1567 λέγων,
734 1501 844 1572 πῦρ
872 1494 983 1552 οἷον
1001 1501 1165 1555 ἆῦλον
1190 1501 1318 1553 ὅντα
1339 1499 1407 1552 τὰ
1438 1500 1708 1571 Σεραφὶμ,

118 1594 189 1661 τῇ
240 1590 414 1643 λαϐίδι
459 1590 623 1660 ψαύει
668 1592 762 1645 τοῦ
798 1592 1091 1661 ἄνθρακος,
1136 1592 1252 1655 πῶς
1292 1592 1358 1645 ἂν
1392 1593 1419 1643 6
1454 1591 1708 1655 δείλαιος,

122 1681 240 1748 ἐγὼ
272 1681 459 1753 χόρτος
500 1682 596 1747 ῶν,
637 1685 797 1753 ἐμαῖς
826 1685 982 1755 χερσὶ
1018 1683 1225 1753 ψαῦσαι
1269 1683 1463 1736 τούτου
1505 1683 1711 1755 τολμή-

124 1788 319 1839 angit;

1808 675 1899 729 nis
1931 674 2049 729 fere
2078 672 2297 727 numeri
2328 671 2777 741 supputationem
2808 674 3102 739 excedens,
3123 738 3142 753 ο
3161 674 3230 729 ab
3270 675 3391 745 ipso

1808 773 2022 836 patrata
2051 772 2201 829 erat;
2237 762 2411 819 subiit
2444 764 2732 832 quosdam,
2782 765 2834 818 in
2880 765 3083 835 quibus
3129 766 3395 821 miracula

1809 857 1903 912 illa
1952 855 2319 927 contigerant,
2365 855 2703 910 desiderium
2726 857 3063 927 suscipiendi
3093 873 3161 912 ex
3184 858 3391 913 eisdem

1809 948 2066 1003 manibus
2100 947 2549 1003 sanctiﬁcationis
2590 964 2842 1012 munera,
2882 965 2949 1004 ex
2978 950 3180 1019 quibus
3209 967 3397 1007 susce—

1808 1050 2003 1111 perant
2022 1041 2290 1096 beneticia
2316 1041 2666 1097 curationum
2695 1059 2708 1095 :
2733 1042 2970 1097 avebant
2984 1059 3204 1114 quoque
3225 1044 3394 1099 disci.

1812 1131 1925 1200 puli
1959 1139 2020 1185 ut
2044 1131 2150 1186 illae
2178 1130 2283 1185 sibi
2316 1145 2510 1184 manus
2543 1145 2699 1185 saera
2727 1132 3076 1202 porrigerent
3108 1134 3393 1204 mysteria.

1812 1238 1934 1293 qua:
1969 1223 2221 1278 habitum
2247 1222 2648 1288 attribuerunt;
2675 1233 2839 1293 atque
2867 1222 2958 1277 illa
2989 1224 3057 1278 de
3087 1240 3249 1279 causa
3278 1241 3397 1279 om-

1810 1331 1909 1370 nes
1941 1316 2120 1385 ipsum
2159 1315 2226 1369 ad
2257 1330 2446 1370 sacros
2477 1314 2706 1369 ordines
2730 1315 3114 1384 suscipiendos
3145 1315 3393 1385 impelle-

1811 1407 1966 1468 bant.
1989 1406 2294 1475 etquadam
2315 1406 2577 1461 violentia
2599 1406 2913 1476 adigebant.
2936 1405 3004 1459 At
3029 1406 3140 1469 ille,
3166 1421 3393 1461 excessu

1811 1500 2051 1570 quodam
2100 1500 2454 1565 humilitatis,
2498 1514 2610 1553 non
2638 1500 2823 1553 minus
2867 1499 3051 1554 cordis
3079 1515 3242 1569 quam
3281 1499 3394 1553 oris

1811 1591 2001 1662 lingua
2022 1591 2422 1660 deprecabatur
2450 1600 2654 1645 tantam
2682 1590 3027 1661 dignitatem,
3049 1591 3395 1659 negabatque

1813 1684 2040 1737 omnino
2064 1683 2435 1737 admissurum
2462 1700 2477 1737 :
2513 1683 2751 1747 Etenim,
2784 1682 3060 1751 inquiens,
3094 1681 3139 1736 si
3170 1682 3270 1750 ipsi
3300 1681 3399 1736 Se-

1816 1774 2031 1844 rapltiei
2067 1775 2317 1844 spiritus,
2356 1775 2450 1844 qui
2504 1790 2692 1829 merus
2735 1783 2792 1828 et
2827 1772 3206 1827 immaterialis
3256 1772 3397 1842 ignis

120 1876 277 1930 sunt,
298 1865 507 1935 forcipe
527 1867 1069 1935 tanguntcarbonem
1091 1866 1234 1937 (38")
1263 1885 1277 1934 ;
1302 1884 1410 1939 qua
1428 1867 1607 1924 fronte
1625 1883 1753 1940 ego,
1792 1868 2203 1940 qui;evanidum
2245 1883 2303 1923 ar.
2356 1868 2545 1940 fragile
2582 1868 2770 1923 fenum
2806 1882 2950 1933 sum,
2981 1867 3237 1921 manibus
3260 1865 3397 1921 meis

120 1966 472 2013 contrectare
509 1957 662 2011 illum
691 1958 904 2011 ausim?

196 2053 329 2117 ρνδ’.
370 2048 555 2110 Οὕτως
606 2045 698 2101 οὖν
743 2050 1136 2119 ἁπαραδέκτως
1199 2051 1366 2105 αὑτοῦ
1429 2052 1565 2124 πρὸς
1614 2053 1714 2124 τὴν

1888 2050 2010 2106 154.
2053 2051 2192 2105 Dum
2222 2051 2408 2104 animo
2437 2058 2629 2103 contra
2669 2050 3040 2105 sacerdotium
3091 2061 3198 2106 tam
3231 2054 3399 2108 obﬁr-

125 2139 434 2208 ἱερωσύνην
484 2138 735 2208 ἔχοντος,
798 2142 951 2211 φωνή
1008 2160 1089 2205 τις
1118 2143 1451 2215 παραδόξως
1505 2144 1711 2200 ἄνωθεν

121 2233 396 2302 ἐμπίπτει
417 2235 535 2294 ταῖς
564 2233 778 2296 ἀκοαῖς,
814 2232 1047 2302 Ποίησον
1087 2236 1279 2305 εὐχὴν,
1306 2235 1540 2304 λέγουσα
1569 2252 1584 2268 ·
1618 2237 1712 2290 καὶ

118 2324 221 2377 τοῦ
250 2324 521 2392 στόματος
544 2323 695 2394 αὐτῷ
712 2325 1057 2396 παραχρῆμα
1090 2326 1184 2397 (ὡς
1232 2327 1351 2380 οὐδὲ
1382 2328 1542 2392 αὐτὸς
1571 2328 1711 2399 ᾔδει)

118 2414 513 2485 διανοιγέντος,
553 2416 776 2469 ’Ὀτισῦ
818 2415 1124 2487 βασιλεύεις
1157 2419 1316 2490 ἡμῶν
1358 2421 1386 2473 ό
1429 2420 1561 2482 Θεὸς
1619 2421 1713 2473 καὶ

119 2509 347 2579 Πατὴρ,
372 2506 496 2578 ἔφη,
516 2509 610 2561 καὶ
626 2512 653 2562 6
673 2508 971 2581 μονογενής
991 2525 1085 2563 σου
1113 2511 1237 2575 Υἱὸς
1255 2512 1344 2564 καὶ
1364 2512 1423 2564 τὸ
1448 2512 1715 2580 πανάγιόν

120 2619 227 2653 σου
292 2601 543 2669 Πνεῦμα,
582 2602 673 2656 νῦν
706 2604 801 2657 καὶ
836 2603 923 2657 ἀεὶ
950 2604 1048 2657 καὶ
1082 2607 1162 2669 είς
1192 2606 1318 2668 τοὺς
1361 2605 1560 2668 αἰῶνας
1607 2607 1715 2658 τῶν

120 2693 377 2749 αἰώνων.
412 2695 599 2759 Συνεὶς
647 2691 741 2749 οὖν
776 2695 1029 2750 ἐντεῦθεν
1076 2697 1171 2749 καὶ
1223 2695 1356 2749 Θεὸν
1405 2696 1716 2748 ἐπευδοκείν

119 2790 192 2857 τῇ
218 2787 547 2857 χειροτονία,
575 2786 749 2842 ἐδόκει
791 2790 1066 2842 Διονύσιον
1094 2791 1175 2853 είς
1198 2789 1295 2859 τὴν
1325 2788 1588 2843 ἐπιοῦσαν
1640 2786 1717 2851 ὡς

122 2880 186 2932 ἐν
219 2878 479 2931 ἐκστάσει
526 2880 658 2950 όρᾷν
714 2881 763 2950 (6
821 2880 880 2933 δὲ
932 2876 1003 2952 ἦν
1061 2882 1360 2944 ἐπίσκοπος
1416 2880 1717 2950 τηνικαῦτα

124 2968 277 3020 κατὰ
328 2966 647 3020 Σελεύκειαν
677 2970 705 3021 ό
732 2969 1009 3032 Διονύσιος
1046 2964 1222 3033 οὗτος)
1250 2972 1343 3024 ἐπὶ
1395 2970 1490 3023 τοῦ
1539 2970 1717 3033 κίονος

122 3058 442 3121 ἀναϐάντα,
474 3059 609 3112 εἴσω
627 3076 685 3112 τε
713 3062 812 3131 τῆς
836 3060 1112 3129 κιγκλίδος
1139 3062 1424 3129 γεγονότα,
1450 3064 1542 3115 καὶ
1568 3062 1718 3133 ίερέα

121 3149 325 3203 τοῦτον
350 3151 835 3221 χειροτονήσαντα.
884 3153 996 3206 Καὶ
1020 3155 1047 3206 6
1080 3154 1179 3223 μὲν
1215 3152 1363 3217 Θείας
1393 3153 1599 3207 ἄνωθεν
1627 3153 1719 3205 καὶ¹

123 3244 294 3298 τοῦτο
322 3245 458 3314 πρὸς
494 3244 592 3315 τὴν
630 3246 970 3316 χειροτονίαν
1003 3246 1271 3316 σύμϐολον
1308 3247 1462 3299 ἔθετο
1499 3248 1716 3316 ψήφουο

124 3339 231 3407 τῆς
284 3337 332 3390 δ’
384 3338 675 3408 ύστεραίας
729 3339 804 3403 ὡς
872 3339 1137 3408 ἀλήθειαν
1184 3340 1217 3408 ἡ
1274 3340 1478 3409 Θεωρία
1535 3339 1717 3411 ἐξέϐη.

139 3403 482 3500 ’Ᾰφικνεῖται
508 3403 613 3505 γὰρ
650 3435 784 3503 πρδς
809 3434 907 3505 τὴν
937 3403 1104 3505 μονὴν
1148 3435 1175 3486 6
1206 3403 1720 3495 -a'316¢-0{)70;_£1tz-
1743 3403 1788 3464 Ο

132 3540 342 3584 σκοπο;
376 3524 443 3588 (ὦ
474 3525 567 3577 τοῦ
617 3524 888 3595 θαύματος
911 3526 950 3594 ί)
982 3526 1247 3594 νεύμασιν
1276 3526 1523 3588 ἀθεάτοις
1548 3540 1565 3557 ο
1619 3526 1721 3593 ἁφ-

130 3621 371 3670 ικνεῖται
427 3618 483 3671 ίέ
541 3618 661 3672 δυσὶ
699 3620 799 3685 μὲν
846 3619 1128 3689 κληρικοῖς
1162 3618 1343 3689 μόνοις
1371 3658 1385 3679 ,
1419 3617 1514 3671 καὶ
1557 3618 1723 3669 πλου-

128 3713 230 3782 σίᾳ
257 3712 518 3780 λιτότητι,
550 3712 702 3783 ἁϐρῴ
737 3713 793 3765 δέ
826 3712 900 3783 τῷ
932 3714 1031 3783 τῆς
1056 3715 1361 3783 πραότητος
1383 3713 1477 3764 καὶ
1502 3711 1596 3779 τῆς
1623 3728 1720 3763 τα-

127 3804 576 3875 πεινοφροσύνης
629 3808 821 3876 κόσμῳ
884 3805 1382 3876 καλλωπιζόμενος.
1458 3801 1721 3857 Ἀνελθὼν

127 3895 433 3966 τοιγαροῦν
483 3898 578 3950 ἐπὶ
632 3898 723 3951 τὸν
781 3898 993 3963 στύλον,
1044 3897 1186 3968 ἁγίῳ
1241 3914 1299 3949 τε
1340 3896 1603 3966 φιλήματι
1630 3895 1722 3949 τὸν

130 3989 300 4058 ἆγιον
387 3991 797 4059 ἀσπασάμενος,
875 3990 1087 4062 δάκρυά
1143 4007 1205 4042 τε
1257 3988 1352 4041 τοῦ
1421 3988 1723 4058 φιλήματος

131 4081 540 4147 κατασπείσας,
572 4083 665 4135 καὶ
691 4082 809 4153 Θεῷ
836 4082 1057 4155 θερμῶς
1092 4083 1192 4154 τῆς
1226 4080 1394 4137 αὐτοῦ
1440 4083 1725 4152 προκοπῆς

131 4172 169 4243 ἢ
208 4170 311 4238 τῆς
346 4172 425 4233 εἰς
474 4172 635 4224 αὐτὸν
677 4173 899 4243 χάριτος
940 4173 1145 4243 μᾶλλον
1175 4173 1579 4243 εὐχαριστήσας
1605 4210 1621 4234 ,
1664 4171 1724 4223 ’0

133 4261 297 4325 θεὸς,
338 4264 526 4334 ἠρέμα
551 4263 676 4335 ἔφη,
706 4266 734 4319 ὁ
762 4266 856 4319 καὶ
886 4266 992 4335 πρὸ
1025 4264 1368 4328 διαπλάσεως
1419 4264 1725 4333 ἐπιστάμε-

134 4355 234 4416 νός
269 4372 353 4419 σε,
376 4356 668 4425 εὐδόκησεν
700 4356 890 4428 ῶσπερ
922 4357 1148 4426 ίλαστήν
1175 4374 1235 4408 σε
1272 4358 1343 4409 τὰ
1388 4355 1529 4426 πρὸς
1562 4354 1726 4409 αὑτὸν

134 4447 247 4517 ἤδη
288 4446 367 4517 τῷ
410 4448 665 4519 ἡμετέρῳ
707 4449 879 4519 γένει]
904 4450 999 4501 καὶ
1035 4448 1402 4518 πρεσϐευτὴν,
1455 4448 1599 4500 οὕτω
1633 4448 1728 4501 καὶ

140 4539 380 4610 μεσίτην
404 4539 531 4611 ἄρτι
553 4539 641 4592 διὰ
664 4540 758 4593 τοῦ
791 4540 891 4611 τῆς
925 4540 1226 4610 ἱερωσύνης
1252 4528 1455 4592 σεπτοῧ
1484 4537 1727 4610 ἀξιώμαο

136 4648 240 4694 τος
262 4631 413 4699 αύτῷ
439 4649 498 4685 τε
527 4633 622 4686 καὶ
652 4632 959 4702 ἀνθρώποις
985 4632 1240 4699 γενέσθαι
1276 4649 1358 4685 σε.

1814 2152 1961 2198 mato
2010 2141 2140 2213 agit,
2193 2158 2297 2196 vox
2348 2142 2595 2212 quaedam
2644 2158 2746 2197 nec
2787 2144 3007 2212 opinata
3056 2146 3274 2201 coalitus
3326 2147 3396 2200 ad

1814 2249 1975 2289 aures
2022 2233 2243 2298 accidit,
2289 2232 2481 2288 dicens
2516 2251 2529 2286 :
2563 2232 2691 2288 Ora.
2748 2234 2979 2304 Moxque
3001 2250 3063 2289 os
3093 2237 3399 2303 (nesciebat

1816 2325 1931 2394 ipse
1979 2340 2090 2395 quo
2120 2324 2304 2385 modo)
2351 2332 2601 2394 apertum
2636 2333 2739 2389 est,
2772 2340 2837 2379 ac
2885 2326 3060 2381 dixit:
3093 2327 3174 2380 Tu
3218 2327 3397 2381 domi-

1814 2417 1964 2472 naris
2000 2417 2054 2471 in
2114 2432 2237 2483 nos,
2272 2417 2419 2472 Deus
2458 2432 2523 2471 ac
2551 2417 2714 2472 Pater
2760 2433 2937 2483 meus,
2971 2429 3027 2474 et
3083 2420 3397 2490 unigenitus

1816 2519 1944 2566 tuus
1990 2511 2184 2576 Filius,
2219 2518 2275 2565 et
2305 2510 2687 2566 sanctissimus
2714 2511 2952 2581 Spiritus
2988 2521 3137 2577 tuus,
3164 2529 3311 2568 nunc
3342 2523 3399 2569 et

1814 2618 2033 2672 semper
2057 2610 2113 2657 et
2138 2602 2193 2655 in
2221 2603 2417 2657 saecula
2439 2604 2788 2657 saeculorum.
2814 2602 2952 2658 Hinc
2971 2605 3175 2659 certior
3199 2604 3396 2671 factus,

1815 2695 2040 2767 probari
2088 2695 2202 2750 Deo
2248 2710 2470 2766 quoque
2518 2704 2580 2750 ut
2623 2706 3076 2763 consecraretur;
3112 2698 3401 2754 videbatur

1815 2784 1921 2840 sibi
1970 2785 2026 2840 in
2049 2793 2209 2856 raptu
2260 2786 2465 2841 mentis
2499 2785 2687 2841 videre
2728 2786 3051 2851 Dionysium
3099 2788 3213 2859 ('59)
3259 2790 3403 2856 (erat

1817 2876 1909 2933 ille
1938 2886 2055 2932 tum
2087 2879 2351 2949 temporis
2381 2878 2648 2935 Seleucia:
2672 2880 3013 2950 episcopus),
3046 2880 3100 2934 in
3125 2888 3402 2951 posteram

1817 2970 1996 3027 lucem
2053 2971 2122 3026 ad
2189 2972 2505 3027 columnam
2586 2972 2910 3038 adventare,
2972 2973 3397 3042 ingressumque

1818 3062 1964 3118 intra
1986 3064 2263 3119 cancellos
2297 3064 2477 3133 ipsum
2503 3065 2888 3135 presbyterum
2920 3064 3144 3119 initiare
3172 3064 3306 3136 (60).
3334 3065 3405 3119 Et

1818 3154 1926 3209 hoc
1955 3154 2178 3224 quidem
2209 3156 2517 3225 symbolum
2550 3156 2750 3211 divina:
2771 3156 2919 3212 circa
2972 3156 3215 3212 futuram
3253 3157 3405 3211 ordi-

1819 3246 2101 3300 nationem
2138 3246 2578 3317 approbationis,
2622 3248 2765 3302 visio
2799 3257 2987 3314 autem
3027 3257 3251 3318 postero
3310 3248 3403 3303 die

1820 3338 2027 3392 exitum
2052 3354 2109 3394 re
2139 3339 2254 3409 ipsa
2280 3338 2475 3394 sortita
2505 3348 2610 3394 est.
2641 3339 2735 3394 Ille
2769 3340 2885 3409 ipse
2914 3354 3151 3408 namque
3190 3338 3406 3409 episco-

1822 3448 1925 3501 pus
1945 3441 2084 3486 nutu
2108 3432 2204 3487 Dei
2241 3432 2509 3487 invisibili
2536 3434 2588 3502 (ο
2618 3432 2994 3501 miraculum!)
3031 3430 3099 3485 ad
3130 3440 3408 3486 monaste-

1820 3523 1963 3578 rium
1996 3524 2181 3579 venit:
2213 3524 2367 3579 venit
2399 3532 2583 3579 autem
2604 3540 2730 3579 cum
2778 3523 3000 3578 duobus
3055 3522 3407 3579 solummodo

1822 3618 2043 3674 clericis
2082 3628 2138 3674 et
2177 3619 2351 3675 divite
2388 3621 2693 3687 tenuitate;
2736 3619 2834 3675 sed
2877 3627 3113 3675 venusto
3150 3633 3409 3673 mansue-

1822 3713 2034 3768 tudinis
2067 3729 2130 3769 ac
2177 3713 2513 3768 humilitatis
2555 3721 2752 3767 ornatu
2787 3711 3043 3767 decorus.
3092 3710 3409 3766 Conscensa

1824 3806 1993 3877 igitur
2026 3807 2306 3873 columna,
2342 3814 2537 3861 sancto
2588 3814 2839 3859 sanctum
2890 3804 3103 3870 osculo,
3154 3803 3410 3858 admistis

1828 3898 1993 3953 etiam
2030 3899 2311 3970 lacrymis.
2364 3898 2626 3953 salutavit
2660 3916 2671 3951 :
2704 3912 2942 3967 cumque
2978 3897 3093 3951 Deo
3126 3910 3228 3966 pro
3257 3895 3409 3949 illius

1825 3986 1881 4043 in
1932 3989 2141 4044 virtute
2196 3988 2475 4060 profectu,
2519 3998 2613 4043 aut
2670 3989 2858 4058 potius
2920 4003 3021 4057 pro
3085 3987 3259 4058 gratia
3300 4000 3412 4055 qua

1826 4090 2141 4153 praeventus
2161 4092 2299 4146 erat,
2331 4081 2611 4135 ferventer
2639 4080 2843 4151 gratias
2880 4079 3103 4149 egisset,
3134 4078 3412 4133 submissa

1825 4191 1961 4231 voce
1982 4175 2121 4230 dixit
2150 4193 2164 4229 :
2199 4174 2571 4236 PlacuitDeo,
2595 4174 2689 4244 qui
2717 4182 3019 4242 antequam
3065 4181 3289 4225 creatus
3319 4185 3405 4225 es-

1826 4281 1936 4330 ses,
1969 4266 2228 4337 cognovit
2255 4274 2328 4331 te,
2357 4274 2416 4320 ut
2479 4263 2947 4335 quemadmodum
2982 4263 3172 4334 generi
3218 4270 3411 4317 nostro

1828 4365 1883 4413 te
1912 4358 2334 4429 propitiatorem
2360 4366 2527 4428 atque
2559 4358 2986 4412 intercessorem
3020 4354 3164 4429 apud
3188 4369 3247 4409 se
3295 4353 3411 4423 jam
3498 4412 3503 4415 _

1826 4446 2047 4517 pridem
2104 4463 2228 4504 esse
2254 4448 2466 4514 voluit,
2526 4448 2601 4501 ita
2631 4462 2778 4502 nunc
2818 4460 3062 4516 quoque,
3105 4443 3409 4499 venerabili

1827 4539 2251 4611 presbyteratus
2272 4540 2539 4610 dignitate
2566 4538 2841 4604 initiatus,
2873 4536 3235 4592 mediatorem
3269 4534 3413 4595 inter

1829 4650 1889 4692 se
1922 4645 1980 4691 et
2003 4635 2260 4690 homines
2292 4646 2445 4703 agas.

227 4731 355 4794 ρνε¹.
394 4724 452 4779 Ὀ
494 4725 553 4778 δὲ
594 4727 827 4780 ταπεινὰ
859 4728 986 4797 περὶ
1017 4724 1211 4778 ἑαυτοῦ
1255 4724 1352 4777 καὶ
1392 4722 1607 4793 φρονῶν
1636 4723 1720 4779 καὶ

1907 4730 2029 4785 155.
2061 4727 2295 4783 Sanctus
2314 4733 2531 4786 autem,
2559 4721 2851 4777 humiliter
2876 4721 2945 4777 de
2971 4736 3031 4777 se
3064 4718 3312 4776 sentiens
3356 4724 3413 4771 et

146 4815 550 4885 φθεγγόμενος,
578 4816 707 4887 ἄχρι
767 4817 866 4886 μέν
921 4833 1068 4880 τινος
1112 4814 1277 4870 ὤκνει
1308 4815 1404 4869 καὶ
1455 4813 1727 4876 ἀνεδύετο,

146 4908 404 4972 εὐλαϐῶς
425 4908 564 4978 ἔχων
585 4909 680 4963 τοῦ
708 4909 1039 4980 ἀξιώματος,
1070 4910 1166 4963 καὶ
1196 4909 1318 4962 λίαν
1363 4907 1731 4979 ἐπαινουμένη

149 5000 335 5069 φειδοῖ
362 5002 492 5070 περὶ
520 5000 653 5053 αὐτὸ
687 4999 989 5071 χρώμενος.
1019 4999 1108 5064 Ὠς
1133 4999 1190 5053 δέ
1219 4999 1479 5070 προσθεὶς
1503 5002 1730 5067 ἐκεῖνος,

146 5090 484 5161 Εύλόγησον,
520 5094 649 5162 ἐφη,
678 5093 876 5146 αὐτίκα
913 5109 975 5146 τε
1033 5094 1173 5163 μετὰ
1197 5093 1299 5164 τὴν
1327 5092 1578 5161 εὐλογίαν
1605 5094 1735 5145 εῐσω

143 5185 252 5252 τῆς
298 5185 574 5253 κιγκλίδος
616 5186 853 5255 ἐγένετο,
895 5184 1204 5255 ἀνενεγκὼν
1259 5187 1342 5250 είς
1387 5186 1487 5255 τὴν
1536 5185 1659 5254 ὄψιν
1708 5186 1737 5239 6

228 5340 551 5411 (58⁸)1εαὶιε
570 5358 648 5408 vt,
667 5342 721 5398 6.
740 5342 955 5399 Volavit
974 5342 1039 5397 ad
1065 5357 1151 5398 me
1170 5358 1314 5397 unus
1333 5340 1400 5397 de
1418 5339 1728 5411 Scraphim,

146 5410 285 5486 etin
314 5410 507 5486 manus
521 5414 642 5486 ejus
663 5414 906 5468 calculus
926 5411 1092 5486 (LXX
1114 5413 1302 5485 carbo)
1327 5429 1489 5483 quem
1514 5410 1729 5481 furcipe

153 5483 364 5537 tulerat
397 5482 465 5537 de
488 5482 669 5538 altari.

230 5552 348 5635 (ὅθ)
384 5553 675 5635 Dionysius
705 5570 794 5625 ep.
822 5554 1091 5635 §eleuciaa
1113 5553 1378 5635 interfuit
1393 5550 1611 5635 conci-lio
1648 5566 1738 5635 ge-

150 5621 336 5695 nerali
362 5621 545 5691 quinto
572 5621 1035 5695 Constantinopoli
1094 5640 1236 5695 anno
1257 5621 1415 5695 ⁷555.Δ
1452 5621 1738 5695 Dubitatur

148 5693 213 5766 in
241 5690 467 5766 editione
496 5694 725 5760 Labbwi,
750 5690 972 5766 fueritne
1003 5694 1266 5766 Seleuciae
1300 5692 1573 5766 Syriam
1597 5690 1739 5766 Isau-

152 5762 260 5833 riae
282 5763 597 5833 episcOpus.
634 5767 728 5819 Hic
750 5761 963 5819 dubium
989 5763 1225 5833 tollitur;
1259 5761 1399 5816 abest
1422 5771 1599 5833 autem
1640 5761 1738 5833 Sej-

152 5830 347 5906 leucia
373 5830 487 5906 ista
512 5846 855 5906 cognomento
889 5836 1064 5906 Pieria
1088 5832 1263 5887 solum
1292 5833 1394 5906 150
1429 5832 1623 5906 stadiis
1668 5830 1735 5906 ab

161 5902 473 5973 Antiochia,
500 5902 717 5961 ab'ostiu
742 5906 953 5973 Orontis
982 5904 1071 5970 40,
1098 5914 1277 5973 postea
1311 5904 1453 5972 facta
1478 5903 1736 5975 archiepi-

1832 4821 2090 4889 loquens,
2124 4815 2309 4869 adhuc
2334 4811 2740 4882 aliquantulum
2777 4809 3127 4865 detrectabat
3153 4815 3209 4863 et
3251 4805 3415 4861 ditl‘e-t

1831 4910 1989 4966 rebat
2014 4923 2139 4963 cum
2170 4906 2369 4961 timore
2399 4919 2463 4957 ac
2492 4902 2854 4957 veneratione
2901 4901 3248 4973 dignitatem,
3287 4914 3412 4968 per.

1832 5017 1996 5073 quam
2032 4997 2307 5054 laudanda
2331 4997 2397 5050 ad
2418 4996 2567 5050 illam
2598 4994 2855 5050 tarditate
2879 4993 3255 5064 progrediens.
3273 4991 3412 5051 Cum

1833 5107 1968 5147 vero
2009 5091 2099 5145 illc
2113 5088 2248 5143 foris
2278 5096 2431 5141 stans
2458 5085 2690 5139 dixisset
2721 5085 2869 5154 (4|):
2904 5083 3175 5149 Benedic;
3200 5082 3415 5135 statim.

1837 5198 1945 5254 que
1979 5178 2425 5236 ahenedictione
2474 5178 2620 5232 intra
2676 5176 2951 5232 cancellos
3000 5192 3059 5232 se
3114 5176 3411 5239 intulisset,

1828 5337 2158 5415 ειτοηιίίὶεὲιΔ
2326 5412 2338 5415 _
2604 5412 2613 5415 Α
2767 5411 2778 5415 _
2860 5408 2909 5415 _,
3016 5409 3029 5415 ,
3181 5406 3212 5415 ..
3340 5404 3351 5415 .

1907 5406 2023 5482 (40)
2066 5412 2279 5467 Videtur
2319 5412 2415 5467 hoc
2472 5412 2683 5466 nomine
2733 5408 3029 5482 signiﬁcari
3069 5406 3275 5465 modius
3304 5406 3412 5458 sive

1836 5479 2029 5553 cellula
2063 5499 2228 5553 supra
2259 5484 2563 5536 columnam
2589 5483 2779 5553 posita.

1913 5551 2025 5621 Ml)
2050 5546 2314 5607 Consueta
2338 5546 2611 5607 salutandi
2639 5554 2811 5622 forma
2842 5552 2981 5622 inter
3012 5546 3408 5622 ecclesiasticos,

1835 5637 1941 5691 qua
1970 5617 2107 5677 alter
2128 5624 2191 5677 ab
2220 5622 2389 5677 altero
2413 5617 2649 5677 benedici
2672 5622 2771 5676 sibi
2806 5620 3032 5691 petebat.
3059 5618 3147 5675 Sic
3186 5620 3241 5691 in
3268 5617 3412 5670 Actis

1833 5690 2029 5764 sancta
2095 5694 2276 5748 Μανία
2327 5693 2657 5764 {Egyptians
2711 5708 2872 5764 num.
2924 5690 3041 5764 l5,_
3072 5691 3155 5764 de_
3200 5690 3321 5764 ipsa
3361 5695 3411 5743 et

1832 5760 2042 5817 Zosimo
2077 5764 2291 5829 dicitur,
2324 5756 2587 5820 Jacevbant
2621 5761 2803 5825 ambo,
2827 5761 2965 5814 alter
2993 5760 3063 5816 ab
3108 5756 3285 5829 altero
3309 5756 3407 5810 be-

1833 5832 2016 5888 nedici
2050 5827 2302 5907 volens;
2369 5849 2472 5890 nec
2532 5831 2682 5888 aliud
2732 5831 2995 5907 utrinque
3078 5827 3411 5891 audiebatur

1835 5918 2017 5973 quam,
2046 5904 2303 5965 Benedic.
