3988 6480
534 416 667 479 3131

1756 416 1817 475 S.
1862 415 2241 476 SYMEONIS
2270 417 2629 477 JUNlORlS

3684 416 3816 481 3132

538 522 815 582 revocavit
846 521 1090 577 animum
1115 530 1343 576 sanctus
1360 520 1430 575 ad
1449 522 1722 578 visionem
1757 523 1931 587 illam,
1951 539 2117 593 quam

2240 525 2484 596 Ξυμεὼν,
2516 528 2583 597 ἣν
2633 527 2762 597 χθὲς
2809 529 2905 581 καὶ
2948 528 3140 599 πρώην
3189 528 3317 599 περὶ
3373 528 3540 583 αὐτοῦ
3587 530 3818 601 ἐωρᾶκει

535 620 710 691 pridie
744 633 809 673 ac
840 616 1056 687 pridem
1094 617 1197 671 hac
1220 632 1391 686 super
1434 633 1496 673 re
1520 629 1915 690 conspexerat;
1950 634 2117 691 quam

535 713 747 769 scilicet
815 725 1075 781 expresse
1161 725 1293 768 cum
1364 711 1459 766 illa
1512 712 1940 776 concordarent,
1994 728 2118 783 qua:

538 804 700 859 modo
729 803 970 871 ﬁebant;
995 819 1275 875 quamque
1294 803 1558 859 distincte
1611 819 1759 858 nunc
1792 805 1943 859 exitu
1970 819 2121 859 com-

534 898 680 968 pleta
711 905 989 958 cerneret.
1013 911 1136 967 quae
1161 897 1321 967 prius
1347 906 1563 953 secreto
1585 903 1754 966 atque
1791 897 2010 952 occulte
2031 912 2121 952 re-

478 1035 489 1052 ,
537 994 871 1058 praesentata
925 986 1186 1042 fuerant:
1252 987 1454 1043 deinde
1500 988 1669 1043 etiam
1715 987 1917 1043 divinae
1968 988 2122 1044 illius

424 1138 427 1141 γ
532 1078 709 1143 vocis,
739 1092 864 1148 qua:
882 1077 1115 1132 auribus
1135 1077 1481 1143 insonuerat,
1507 1075 1873 1143 recordatus;
1907 1084 2123 1146 etquo-

534 1164 704 1221 modo
734 1181 919 1222 coram
945 1182 1004 1221 se
1034 1167 1268 1222 haberet
1299 1165 1646 1236 episcOpum,
1676 1166 1844 1220 etiam
1879 1166 1947 1220 ad
2005 1166 2121 1221 vim

536 1256 847 1314 faciendam
867 1270 1141 1330 paratum,
1168 1258 1558 1327 dicentemque
1590 1257 1739 1327 quod
1768 1273 1917 1322 eum,
1953 1257 2122 1328 quid-

536 1352 672 1421 quid
707 1353 930 1407 demuln
977 1352 1181 1418 ﬁeret,
1225 1367 1337 1406 non
1385 1360 1533 1406 esset
1575 1350 1937 1418 dimissurus;
2004 1365 2122 1405 rem

539 1444 1133 1515 beneplaciti(utvere
1154 1447 1298 1510 erat)
1333 1444 1509 1498 divini
1558 1459 1681 1498 esse
1735 1443 2119 1507 considerans,

537 1535 803 1591 incurvat
831 1538 923 1591 ille
944 1537 1170 1605 quidem
1202 1538 1408 1591 collum
1434 1537 1603 1591 etiam
1637 1538 1875 1604 invitus;
1906 1538 2124 1607 episco-

534 1643 642 1698 pus
696 1645 849 1695 vero,
893 1630 1151 1685 manibus
1173 1626 1344 1700 capiti
1409 1631 1663 1699 religiose
1716 1631 2017 1685 admodum
2068 1640 2126 1686 et

534 1718 941 1789 circumspecte
965 1720 1259 1790 impositis,
1295 1722 1408 1777 dici
1436 1722 1627 1776 solitas
1659 1722 1942 1776 orationes
1990 1737 2123 1791 per-

535 1808 725 1874 solvit;
758 1811 1124 1881 suaviumque
1150 1812 1517 1883 lacrymarum
1544 1811 1720 1866 imbre
1774 1813 1922 1865 inter
1983 1828 2118 1881 pre-

2223 622 2375 686 δπως
2406 639 2466 675 τε
2499 624 2793 693 σύμφωνον
2832 624 2969 694 αὐτῇ
3007 622 3067 676 τὸ
3098 623 3489 693 γεγενημένον,
3514 624 3622 678 καὶ
3677 625 3817 689 ὅπως

2226 713 2364 786 ὅπερ
2402 715 2585 785 ἐκείνη
2611 713 2929 784 παρέδειξεν
2958 714 3107 785 αὐτῷ
3139 716 3388 786 κρυφίως
3418 716 3518 768 καὶ⁹
3574 716 3819 788 ἀπορῤήσ

2228 822 2362 872 τως,
2391 806 2552 859 τοῦτο
2579 806 2761 860 τοίνυν
2794 808 2889 861 ἐπὶ
2917 807 3012 860 τοῦ
3044 807 3375 877 πράγματος
3404 808 3507 861 ῐδοι
3546 823 3563 837 θ
3625 808 3808 861 ἔπειτα

2230 897 2415 968 μέντοι
2445 899 2543 951 καὶ
2578 900 2676 968 τῆς
2703 899 2854 962 Θείας
2877 900 3060 969 φωνῆς
3088 899 3303 970 ἐκείνης
3348 898 3452 969 τῆς
3494 902 3644 969 πρὸς
3674 901 3819 953 αὐτον

2228 990 2657 1065 ἀν[εν]εχθείσης
2707 991 3105 1062 ἐπιμνησθεὶς,
3164 991 3241 1054 ὡς
3313 991 3451 1063 πρὸς
3536 993 3576 1044 ἀ
3626 991 3819 1061 νάγχης

2230 1084 2381 1156 αὐτῷ
2422 1084 2769 1140 καταστάντα
2797 1085 2894 1138 καὶ
2924 1085 3013 1137 τὸν
3048 1083 3348 1136 ἐπίσκοπον
3394 1081 3549 1154 εἶχε,
3589 1083 3690 1135 καὶ
3724 1085 3816 1137 οὐδ’

2230 1176 2298 1229 ἂν
2346 1174 2449 1229 εἴτι
2490 1175 2587 1228 καὶ¹
2634 1175 2845 1244 γένοιτο
2912 1175 3177 1246 μεθήσειν
3261 1176 3524 1244 λέγοντα,
3584 1173 3819 1238 abbatis;

2235 1264 2286 1334 (ὃ
2316 1265 2413 1319 καὶ
2453 1265 2641 1335 σαφῶς
2662 1262 2756 1337 ἦν)
2794 1266 2897 1337 τῆς
2932 1267 3140 1323 ἄνωθεν
3171 1270 3435 1338 ἄντικρυς
3472 1268 3540 1319 τὸ
3602 1269 3821 1335 πρᾶγμα

2232 1358 2473 1427 κατανοή
2484 1374 2603 1421 σας,
2618 1356 2790 1411 κλίνει
2813 1358 2913 1429 μὲν
2932 1359 3024 1413 τὸν
3049 1360 3251 1429 αὐχένα
3282 1360 3373 1412 καὶ
3399 1358 3577 1411 ἄκων·
3602 1360 3631 1410 ὁ
3657 1358 3713 1409 δὲ
3739 1360 3822 1428 τὴν

2236 1449 2397 1519 χεῖρα
2424 1449 2489 1517 τῇ
2522 1448 2731 1519 κεφαλῇ
2765 1447 2993 1513 ἐπιθεὶς,
3026 1449 3271 1512 εὐλαϐῶς
3300 1450 3504 1520 κομιδῇ
3535 1447 3641 1500 καὶ
3666 1466 3824 1513 πεςυο

2230 1540 2627 1610 λαγμένωςτάς
2638 1558 2697 1594 τε
2722 1540 2973 1612 συνήθεις
2995 1542 3161 1611 εὐχὰς
3179 1540 3447 1605 ἐπειπὼν,
3470 1542 3571 1593 καὶ
3601 1541 3826 1609 δάκρυον

2231 1631 2329 1702 ἡδὺ
2359 1630 2468 1683 τῶν
2498 1630 2677 1701 εὐχῶν
2704 1631 2993 1701 καταχέας,
3036 1632 3096 1684 τὸ
3124 1631 3306 1701 ψυχῆς
3330 1630 3476 1684 θεῖόν
3507 1647 3565 1683 τι
3597 1632 3826 1700 πασχού-

2234 1736 2333 1787 σης
2365 1720 2592 1790 ἐναργὲς
2623 1718 2914 1790 σύμϐολον,
2943 1720 3094 1791 ἱερέα
3119 1720 3338 1785 τελειοῖ,
3376 1721 3555 1792 τρίτῳ
3589 1720 3693 1789 τῆς
3723 1720 3831 1790 ηλι-

2235 1811 2365 1874 κίας
2394 1812 2489 1865 ἐπὶ
2519 1812 2814 1882 τριάκοντα
2849 1811 2980 1866 ἐτει.

536 1903 772 1958 calidum
800 1903 1099 1974 perfusus.
1136 1906 1321 1959 anima
1380 1907 1570 1960 nescio
1620 1905 1765 1975 quod
1801 1905 2003 1960 divina:
2024 1907 2248 1961 virtutis
2320 1905 2589 1960 indicium
2671 1904 2945 1959 sentiente
2979 1945 2994 1969 ,
3049 1904 3391 1961 sacerdotem
3455 1906 3828 1966 consecrarit,

537 1996 702 2052 tertio
736 2005 793 2053 et
821 1999 1105 2055 tricesimo
1132 2000 1315 2054 aetatis
1344 2015 1513 2055 anno.

608 2136 730 2192 156.
760 2137 891 2191 Post
922 2136 1040 2191 haec
1070 2136 1385 2206 episcOpus,
1429 2137 1575 2191 dicta
1608 2144 1944 2207 acceptaque
1972 2136 2124 2191 salu-

2307 2135 2449 2209 ρνς’.
2492 2136 2551 2191 Ὀ
2579 2137 2676 2209 μὲν
2704 2132 2799 2192 οῦν
2823 2138 3048 2209 εἰρήνην
3070 2138 3194 2201 δοὺς
3226 2138 3259 2209 ἢ
3292 2138 3388 2192 καὶ
3414 2137 3612 2191 λαϐὼν
3643 2139 3828 2206 ἀνεχώ-

538 2238 615 2297 te,
647 2231 965 2295 revertitur,
1002 2230 1164 2285 laatus
1191 2230 1338 2300 quod
1378 2245 1575 2285 manus
1601 2245 1729 2285 suas
1777 2230 1833 2284 in
1877 2229 1969 2284 tali
2000 2244 2129 2284 vase

536 2322 923 2380 consecrando
985 2320 1221 2391 Spiritui
1291 2330 1482 2376 sancto
1542 2320 1979 2375 commodasset:
2026 2319 2130 2392 Sy-

537 2414 722 2468 meoni
778 2428 915 2466 vero
963 2420 1322 2466 accesserunt
1380 2410 1662 2481 discipuli,
1717 2420 2012 2482 rogantes,
2070 2418 2133 2465 ut

537 2502 855 2557 divinorum
887 2503 1275 2573 mysteriorum
1318 2502 1589 2572 primitias
1625 2500 1877 2557 oﬁ'erret.
1917 2501 2121 2557 Verum

540 2591 633 2648 ille
660 2592 970 2662 profectum
996 2607 1159 2647 suum
1193 2592 1251 2647 in
1297 2604 1491 2649 sancto
1521 2592 1731 2663 Spiritu
1765 2593 2136 2649 constitutum

540 2682 783 2747 habens,
826 2684 990 2737 anxio
1035 2692 1155 2737 erat
1202 2669 1424 2748 animo,
1487 2683 1741 2754 exemplo
1797 2683 2133 2739 ferventium

541 2782 874 2837 amatorum,
905 2773 1188 2843 quomodo
1211 2773 1549 2828 sacriﬁcium
1590 2774 1705 2827 Deo
1755 2789 1856 2827 suo
1888 2774 2135 2843 gratissi-

542 2881 698 2920 mum
725 2864 971 2930 offerret,
1010 2882 1074 2921 ac
1094 2866 1289 2938 majori
1320 2866 1473 2919 illum
1528 2865 1775 2921 alliceret
1829 2866 2134 2937 voluptate,

540 2956 797 3027 viditque
856 2973 960 3027 per
1014 2959 1420 3029 apparitionem
1473 2974 1531 3014 se
1581 2960 1762 3029 ipsum
1822 2959 2138 3017 istiusmodi

541 3050 825 3105 oblatione
872 3065 1087 3106 sacram
1147 3051 1431 3123 liturgiam
1487 3051 1913 3122 perﬁcientem;
1962 3062 2131 3123 atque

543 3146 868 3218 angelorum
894 3156 1220 3201 sanctorum
1250 3136 1535 3214 cohortes,
1560 3146 1815 3201 vestibus
1844 3146 1971 3201 nive
2003 3162 2135 3202 can-

2235 2244 2391 2300 ρησε,
2422 2228 2628 2299 χαίρων
2660 2229 2742 2282 ὅτι
2786 2227 2887 2292 τὰς
2916 2230 3103 2299 χεῖρας
3135 2229 3227 2280 ἐπὶ
3261 2228 3490 2300 τοιούτῳ
3539 2227 3734 2282 σκεύει
3767 2229 3828 2295 τῷ

2233 2319 2517 2392 Πνεύματι
2545 2320 2808 2391 χρήσειεν
2829 2337 2842 2351 ·
2867 2319 2946 2390 τῷ
2973 2319 3031 2373 δὲ
3059 2318 3282 2391 Συμεὼν
3306 2321 3357 2374 oi
3385 2320 3649 2391 μαθηταὶ
3681 2337 3829 2390 προε-

2234 2413 2504 2480 ελθόντες,
2551 2414 2738 2487 ἠξίουν
2769 2412 2870 2485 τὴν
2914 2412 3065 2466 θείαν
3103 2412 3266 2467 αὐτὸν
3311 2412 3644 2466 ἐπιτελέσαι
3678 2430 3829 2481 μυστο

2236 2505 2500 2574 αγωγίαν.
2542 2504 2600 2557 '0
2633 2503 2692 2557 δὲ
2718 2502 2820 2575 τὴν
2862 2502 3238 2573 προσκομιδὴν
3271 2504 3329 2555 ἐν
3368 2501 3668 2573 Πνεύματι
3708 2503 3830 2570 ἁγίῳ

2238 2595 2530 2662 συντάξας,
2560 2594 2774 2665 ἠγωνία
2799 2594 2942 2649 κατὰ
2971 2594 3098 2657 τοὺς
3129 2594 3367 2664 θερμοὺς
3410 2595 3523 2648 τῶν
3561 2595 3827 2667 ἐραστῶν,

2236 2690 2387 2753 ὅπως
2424 2689 2489 2743 ἂν
2516 2688 2594 2759 τῷ
2632 2686 2951 2758 ποθουμένιρ
2988 2686 3108 2758 Θεῷ
3139 2686 3526 2757 προσενέγκοι,
3558 2688 3661 2741 καὶ
3698 2687 3831 2756 αὐτῷ

2242 2781 2443 2852 μᾶλλον
2463 2780 2717 2853 ἡδυνθείη
2742 2780 2810 2835 τὰ
2830 2778 2931 2849 τῆς
2960 2778 3173 2844 θυσίας.
3206 2781 3315 2833 Καὶ
3339 2782 3444 2852 ὁρᾷ
3470 2781 3531 2833 ἐν
3566 2778 3833 2833 ἀποκαλύ-

2238 2875 2330 2945 ψει
2362 2874 2555 2928 ἑαυτὸν
2592 2874 2691 2943 μὲν
2718 2874 2819 2943 τὴν
2841 2870 2992 2925 θείαν
3022 2871 3109 2925 διὰ
3138 2872 3237 2942 τῆς
3265 2872 3528 2941 τοιαύτης
3561 2871 3831 2939 ἀναφορᾶς

2240 2966 2586 3036 λειτουργίαν
2624 2963 2997 3028 ἐπιτελοῦντα,
3030 2962 3288 3033 τάγματα
3329 2963 3387 3017 δὲ
3429 2963 3617 3031 ἁγίων
3672 2963 3829 3029 ἀγγέ-

2241 3059 2350 3113 λων
2380 3059 2557 3128 χιόνος
2590 3056 2891 3129 λευκότερα
2934 3055 3034 3119 τὰς
3060 3053 3351 3120 ἀναϐολὰς,
3385 3054 3496 3126 πρὸ
3538 3054 3653 3123 τῆς
3679 3053 3829 3106 αὐτοῦ

2244 3151 2493 3214 στάσεως
2532 3148 2766 3214 ἑστῶτα,
2797 3147 2891 3202 καί
2937 3164 3045 3201 τινι
3104 3147 3319 3216 κινήσει
3375 3145 3587 3216 χειρῶν
3631 3144 3831 3215 ἐξαισία

542 3238 860 3294 didioribus
899 3240 1255 3306 amictorum,
1289 3239 1556 3294 stantium
1616 3246 1743 3294 ante
1794 3238 2131 3305 columnam,

2240 3237 2347 3297 οἷον
2380 3240 2833 3310 ἐπευφημοῦντα,
2862 3238 3084 3293 κάκεῖνο
3107 3238 3615 3311 προσεπιλέγοντα·
3664 3237 3732 3289 Εἴ
3758 3253 3829 3299 τις

542 3340 601 3388 et
623 3332 871 3388 motione
910 3332 1147 3403 quadam
1179 3347 1445 3387 manuum
1479 3332 1745 3387 inusitata
1768 3332 1938 3387 veluti
1991 3333 2134 3390 bene

543 3423 911 3495 precantium,
938 3438 1003 3477 ac
1042 3423 1136 3477 tali
1162 3422 1619 3478 concludentium
1669 3423 1815 3479 dicta
1867 3426 2085 3496 epilogo
2118 3440 2133 3479 :

546 3514 605 3570 Si
646 3515 771 3584 quis
820 3515 952 3569 huic
1000 3514 1127 3570 ﬁdei
1192 3515 1529 3572 confessioni
1579 3531 1691 3571 non
1732 3519 2132 3583 communicat,

545 3606 839 3663 anathema
888 3606 982 3662 sit.
1018 3606 1159 3661 Tum
1222 3606 1365 3661 vidit
1419 3607 1593 3662 Deum
1647 3623 1890 3679 quoque,
1922 3608 2131 3664 caelesti

545 3698 704 3769 signo
734 3698 1054 3769 angelorum
1085 3713 1254 3753 voces
1299 3699 1782 3769 comprobantcm,
1839 3714 1904 3755 ac
1955 3694 2135 3770 sigillo

547 3788 705 3858 quasi
740 3803 842 3843 suo
867 3788 1238 3842 munientem.
1264 3789 1456 3859 itaque
1496 3798 1788 3861 postquam
1830 3790 1958 3845 talia
1989 3790 2140 3845 circa

547 3881 799 3936 divinum
856 3880 1193 3936 sacriﬁcium
1245 3882 1500 3948 edoctus,
1551 3882 1974 3939 testiﬁcationes
2026 3892 2139 3939 tam

549 3979 752 4035 certas,
776 3980 884 4025 tam
918 3971 1150 4035 solidas,
1180 3982 1290 4027 tam
1332 3973 1684 4045 perspicuas,
1728 3982 1786 4030 et
1816 3975 2045 4046 quibus,
2094 3974 2144 4030 si

550 4064 625 4118 ita
655 4062 765 4127 vis,
797 4063 1105 4119 contradici
1138 4065 1217 4119 nil
1238 4075 1440 4136 potest,
1464 4067 1806 4137 accepisset,
1844 4067 2146 4138 promptis-

550 4157 690 4211 sima
726 4156 992 4227 deinceps
1024 4164 1081 4212 et
1109 4157 1298 4230 lingua
1349 4168 1407 4213 et
1456 4160 1658 4230 spiritu
1716 4160 1853 4215 illud
1910 4161 2136 4217 obtulit.

549 4248 664 4305 Nos
691 4265 824 4306 vero
850 4260 1051 4307 caetera
1078 4250 1182 4306 viri
1215 4252 1481 4308 miracula
1516 4268 1938 4326 prosequamur.

2240 3336 2308 3406 τῇ
2338 3332 2602 3404 ὁμολογίᾳ
2623 3332 2798 3404 ταύτῃ
2820 3331 2918 3400 τῆς
2942 3329 3178 3393 πίστεως
3199 3330 3263 3382 οὐ
3294 3329 3570 3390 κοινωνεῖ,
3595 3327 3827 3396 ἀνάθεμα

2240 3426 2410 3480 ἔστω·
2451 3423 2580 3495 ἑξῆς
2618 3423 2675 3476 δέ
2721 3423 2815 3477 καὶ
2857 3421 2992 3475 Θεὸν
3022 3419 3229 3474 ἄνωθεν
3274 3418 3703 3483 ἐπευδοκοῦντα,
3747 3418 3828 3470 καὶ

2239 3518 2340 3584 τὰς
2368 3519 2553 3588 φωνὰς
2580 3516 2771 3586 ὥσπερ
2804 3513 3291 3588 ἐπισφραγίζοντα.
3331 3512 3390 3566 Ὀ
3415 3512 3516 3582 μὲν
3548 3506 3651 3564 οὖν
3674 3508 3826 3563 ταῦτα

2244 3610 2479 3682 μυηθεὶς
2509 3607 2765 3680 περὶτῆς
2804 3606 2955 3669 θείας
2991 3604 3402 3677 μυσταγωγίας,
3438 3603 3540 3657 καὶ
3585 3600 3827 3661 τοιαύτας

2245 3703 2621 3776 πληροφορίας
2650 3700 2855 3768 λαϐὼν,
2890 3700 2985 3755 καὶ
3008 3699 3181 3763 οὕτως
3210 3698 3478 3766 ἀσφαλεῖς
3500 3696 3601 3749 καὶ
3622 3692 3825 3765 ﬂeam

2239 3799 2274 3869 ἢ
2306 3796 2567 3866 λαμπρὰς
2598 3794 2692 3847 καὶ
2724 3793 3110 3865 ἀντιρῤήτους,
3145 3790 3195 3844 εί
3238 3789 3443 3860 βούλει,
3476 3785 3749 3855 προθύμῳ
3776 3784 3827 3835 τὸ

2242 3889 2431 3944 λοιπὸν
2453 3888 2623 3959 αὐτὴν
2643 3886 2890 3940 ἐπετέλει
2910 3885 3007 3939 καὶ
3028 3884 3245 3955 γλώττῃ
3266 3882 3363 3936 καὶ
3382 3880 3665 3950 πνεύματι
3681 3894 3694 3906 -
3712 3879 3743 3945 ἡ
3750 3878 3828 3944 μίν

2244 3983 2302 4037 δέ
2331 3982 2425 4037 καὶ
2453 3981 2518 4035 τὰ
2545 3980 2685 4051 πρὸς
2715 3978 2785 4034 τὰ
2812 3978 2941 4050 ἐξῆς
2964 3978 2993 4031 ὁ
3014 3977 3170 4044 λόγος
3201 3974 3469 4047 βαδιεῖται
3491 3971 3605 4025 τῶν
3628 3967 3721 4023 τοῦ
3748 3968 3830 4022 ἀν-

2248 4076 2372 4146 δρὸς
2402 4073 2742 4145 θαυμασίων,

2047 4437 2271 4496 CAPUT
2302 4434 2421 4492 XX.

1226 4549 1458 4617 Bacillo,
1491 4550 1665 4617 verba,
1705 4568 1849 4622 aqua
1879 4567 2159 4616 manuum,
2199 4551 2354 4607 varia
2388 4555 2591 4621 patrat.
2639 4544 2905 4601 Morinum
2940 4542 3182 4597 suscitat.

627 4664 754 4721 157.
793 4664 889 4722 Vir
917 4664 1162 4734 quidam,
1198 4666 1421 4723 natione
1444 4665 1589 4731 lber,
1614 4680 1714 4736 per
1732 4666 1948 4721 calores
1978 4673 2134 4722 aesta-

2322 4663 2457 4739 ρνζ’.
2502 4662 2669 4732 Ἀνήρ
2698 4676 2782 4723 τις
2808 4659 2964 4729 Ἰϐηρ
2985 4658 3045 4712 τὸ
3071 4656 3249 4725 γένος,
3268 4656 3327 4709 ἐν
3352 4655 3507 4727 ἀκμῇ
3536 4655 3730 4727 θέρους
3748 4653 3827 4707 ἐπί

554 4756 630 4813 tis
658 4756 714 4811 in
744 4771 871 4811 area
923 4754 1161 4826 quadam
1207 4771 1462 4810 somnum
1495 4755 1749 4826 capiebat
1776 4753 1909 4810 vino
1956 4764 2142 4826 potus,

556 4847 1026 4919 quemadmodum
1054 4846 1294 4903 ebriosis
1360 4847 1501 4902 solet
1559 4846 1852 4913 accidere,
1908 4846 2149 4918 indeque

557 4939 747 4994 hiante
775 4954 871 4994 ore
892 4957 905 4992 :
930 4953 1057 4993 cum
1081 4937 1357 5008 adrepens
1378 4937 1630 5002 coluber,
1662 4946 1928 5008 percepto
1953 4939 2145 5008 odore,

558 5046 659 5102 per
725 5030 913 5086 fauces
961 5031 1065 5085 viri
1100 5031 1169 5085 ad
1226 5032 1441 5086 viscera
1489 5046 1665 5101 usque
1700 5031 2150 5103 sitibundus.pe-

554 5132 742 5179 netrat
776 5141 789 5177 :
824 5139 932 5193 qua
968 5138 1028 5177 re
1059 5124 1152 5178 ille
1196 5124 1253 5178 in
1282 5132 1594 5179 extremum
1629 5124 1937 5194 periculum
1964 5124 2142 5180 addu-

556 5224 702 5281 ctus,
733 5216 874 5270 nihil
904 5215 1205 5286 quidquam
1237 5214 1386 5285 quod
1411 5215 1518 5270 sibi
1549 5216 1876 5286 applicaret,
1909 5216 2142 5271 remedii

558 5304 869 5369 inveniens,
911 5304 1201 5360 confestim
1231 5304 1301 5359 ad
1330 5314 1580 5359 sanctum
1612 5304 1939 5375 Symeonem
1974 5305 2145 5359 advo-

558 5396 659 5461 lat,
694 5398 918 5453 unicum
956 5397 1010 5452 in
1057 5396 1265 5452 morbis
1292 5396 1627 5467 perfugium,
1656 5396 1870 5451 unicam
1901 5396 1957 5451 in
1995 5403 2148 5451 tanto

493 5482 497 5485 ’
563 5491 709 5546 malo
743 5491 1097 5548 medicinam.
1136 5492 1186 5548 is
1227 5501 1411 5547 autem
1452 5491 1759 5546 calamitosi
1800 5491 1907 5545 viri
1962 5491 2157 5546 miser-

566 5592 675 5648 tus,
722 5592 997 5650 ventrem,
1030 5598 1197 5655 quem
1231 5584 1460 5639 coluber
1503 5582 1580 5637 uti
1625 5591 1847 5637 antrum
1877 5596 2041 5636 suum
2074 5580 2159 5635 in-

561 5675 802 5741 colebat,
822 5676 1024 5732 bacillo
1051 5693 1152 5732 suo
1172 5678 1372 5749 signat,
1393 5685 1558 5747 atque
1584 5673 1980 5731 monasterium
2005 5674 2157 5729 exire

560 5768 737 5838 jubet.
770 5768 992 5825 Jussum
1026 5770 1272 5827 factum:
1317 5770 1373 5825 in
1420 5785 1644 5841 egressu
1678 5767 1862 5823 statim
1889 5776 2155 5822 exonerat

565 5861 656 5918 via
690 5864 928 5921 naturali
970 5864 1157 5921 vivum
1188 5874 1524 5937 serpentem,
1577 5872 1632 5922 ct
1679 5860 1974 5921 incolumis
2010 5858 2155 5916 redit

2243 4774 2390 4821 τινος
2430 4755 2636 4817 ἆλωνος
2680 4750 2974 4806 ἐκάθευδεν
3004 4749 3111 4803 ὐπὸ
3139 4749 3308 4811 οίνου,
3335 4740 3427 4801 οἷα
3473 4747 3542 4816 δὴ
3568 4748 3715 4817 φιλεῖ
3732 4750 3824 4809 τοῖς

2244 4846 2517 4903 οίνωθεῖσι
2542 4841 2884 4910 συμϐαίνειν,
2917 4838 3014 4892 καὶ
3044 4837 3105 4890 τὸ
3135 4837 3309 4905 στόμα
3344 4836 3592 4907 κεχήνει.
3628 4838 3825 4905 Ὄφεως

2244 4937 2537 5012 τοιγαροῦν
2598 4934 2749 5004 αὐτῷ
2801 4929 3291 5004 προσερπύσαντος
3354 4928 3450 4981 καὶ
3507 4929 3620 4998 τῆς
3665 4928 3824 4997 ὀσμῆς

2248 5030 2599 5102 αἰσθομένου.
2630 5028 2689 5080 ἐν
2714 5024 2857 5095 δίψει
2902 5040 2963 5076 τε
2998 5021 3136 5092 πρὸς
3171 5020 3240 5073 τὰ
3270 5018 3479 5088 ἔγκατα
3519 5019 3622 5072 τοῦ
3652 5017 3824 5086 ἀνδρὸς

2246 5119 2541 5181 εἰσδύντος,
2568 5117 2626 5169 ἐν
2653 5113 2817 5168 παντὶ
2840 5111 3086 5190 κινδύνου
3112 5108 3424 5179 γενόμενος,
3459 5108 3558 5161 καὶ
3577 5110 3607 5162 ὃ
3632 5109 3685 5160 τί
3713 5122 3826 5159 ποτε

2249 5212 2521 5283 χρήσηται
2558 5205 2746 5261 λοιπὸν
2774 5202 2954 5274 ἐαυτῷ
2983 5201 3059 5273 μὴ
3090 5201 3249 5271 έχων,
3281 5199 3433 5272 παρὰ
3460 5198 3555 5253 τὸν
3582 5199 3725 5253 θεῖον
3750 5198 3827 5250 εὖ.

2252 5305 2351 5368 θύς
2373 5301 2620 5374 Συμεὼν,
2653 5299 2752 5371 τὴν
2784 5296 2954 5369 μόνην
2976 5296 3102 5367 ἥκει
3127 5294 3222 5347 τοῦ
3253 5292 3463 5357 πάθους
3492 5292 3822 5361 καταφυγὴν,

2255 5396 2355 5468 τὴν
2398 5396 2567 5467 μόνην
2595 5390 2916 5465 τηλικούτου
2946 5387 3120 5443 κακοῦ
3152 5387 3328 5442 λύσιν.
3374 5386 3431 5440 '0
3470 5385 3527 5440 δὲ
3553 5386 3648 5440 τὸν
3673 5383 3826 5455 ἄνδρα

2255 5489 2354 5561 τῆς
2388 5488 2674 5558 συμφορᾶς
2705 5485 2957 5557 ἐλεήσας.
2979 5482 3083 5554 τὴν
3116 5480 3345 5545 κοιλίαν,
3373 5480 3443 5551 ἢν
3472 5480 3576 5534 ὅσα
3605 5478 3699 5533 καὶ
3728 5496 3827 5548 φω-

2255 5581 2376 5635 λεὸν
2418 5581 2445 5634 ὁ
2480 5579 2604 5649 ὄφις
2635 5577 2791 5648 ᾤκει,
2824 5577 2890 5645 τῇ
2933 5572 3116 5644 ῥάϐδῳ
3148 5572 3571 5642 διασφραγίσας,
3615 5570 3720 5637 ἐξω
3749 5586 3827 5637 γε·

2256 5672 2442 5727 νέσθαι
2470 5674 2568 5742 τῆς
2595 5669 2763 5741 μονῆς
2796 5666 3103 5737 ἐπιτρέπει.
3141 5662 3404 5728 Ἐξελθὼν
3425 5662 3611 5715 τοίνυν
3638 5661 3827 5722 εὐθέως

2256 5767 2483 5829 ἐκεῖνος,
2530 5762 2675 5816 κενοῖ
2720 5758 2809 5814 διὰ
2851 5759 2959 5812 τῶν
2999 5755 3245 5826 φυσικῶν
3293 5753 3492 5818 ἐξόδων
3532 5752 3713 5817 ζῶντα
3747 5749 3827 5801 τὸν

2256 5858 2400 5928 ὅφιν,
2456 5856 2550 5911 καὶ
2599 5853 2782 5911 οἴκαδε
2832 5850 2990 5922 ὑγιὴς
3025 5848 3315 5921 ἐπανήκει,
3354 5842 3542 5918 θαῦμρ
3582 5845 3644 5900 οὐ
3674 5843 3825 5897 πᾶσιν
