3988 6522
117 426 242 490 3133

1113 424 1291 484 VITA
1329 425 1375 482 Α
1415 424 1856 487 NICEPHORO
1889 426 2377 488 CONSCRIPTA.

3229 424 3375 493 3134

120 546 257 607 διμα
269 554 336 601 τι,
360 532 494 588 ἀλλά
521 532 616 586 καὶ
647 533 801 600 ὠσὶν,
826 534 888 587 τὸ
920 534 1221 605 τηνικαῦτα
1254 537 1404 601 ἰδεῖν,
1429 539 1524 591 καὶ
1545 540 1689 597 ὅσοις

1796 539 2039 603 domum,
2100 541 2430 595 miraculum
2481 539 2657 596 factus
2709 555 2819 595 non
2859 541 3108 596 omnium
3164 552 3375 599 tantum

122 633 188 693 εἰς
212 627 368 699 δεῦρο
400 627 561 681 πάλιν
593 627 822 681 ἀκοῦσαι
851 626 1080 695 γένοιτο.

117 727 239 789 quot
292 727 421 774 tunc
474 715 739 786 temporis
773 713 909 769 illud
961 713 1195 781 videre;
1253 718 1483 772 auribus
1564 734 1719 785 vero,

116 812 236 867 cuit.

182 900 312 973 ρνη’.
353 897 488 956 Εἶτα
531 900 867 973 προσάγεται
911 919 993 965 τις
1036 900 1185 971 αὐτῷ
1224 902 1427 965 νεᾶνις,
1479 899 1542 953 οὐ
1578 917 1689 954 κω-

114 998 337 1068 φεύουσα
374 996 537 1066 μόνον
570 994 668 1048 καὶ
708 993 976 1066 μηδαμῶς
1007 994 1375 1065 φθεγγομένη,
1414 994 1551 1050 ἀλλὰ
1593 994 1690 1049 καὶ

112 1092 286 1161 τρόμῳ
324 1088 385 1141 τὸ
423 1088 532 1142 πᾶν
575 1086 736 1158 σῶμα
763 1085 1005 1155 τοσούτῳ
1046 1084 1377 1155 συνεχομένη
1409 1126 1422 1150 ,
1456 1085 1532 1149 ὡς
1564 1086 1688 1155 μηδ’

112 1183 219 1237 οἵαν
243 1199 301 1234 τε
333 1176 471 1233 εἶναι
501 1181 815 1250 διακρατεῖν
843 1178 1043 1247 ἑαυτὴν
1071 1217 1086 1241 ,
1108 1177 1243 1231 ἀλλὰ
1268 1176 1466 1231 σινδόνι
1487 1178 1687 1247 μᾶλλον

115 1270 468 1343 βαστάζεσθαι
486 1286 501 1302 ο
537 1269 763 1322 ἕσὸεστο
789 1268 846 1321 δὲ
876 1268 970 1320 καὶ
995 1270 1022 1320 ὁ
1048 1266 1232 1338 πατὴρ
1262 1267 1362 1338 ῆδη
1392 1268 1491 1338 τῆς
1519 1269 1689 1339 κόρης

111 1365 225 1426 τοὺς
254 1360 588 1431 ὀφθαλμούς.
626 1361 734 1413 Καὶ
770 1361 798 1413 ό
842 1359 941 1428 μέν
968 1360 1060 1428 ὑφ’
1089 1359 1293 1429 ἐτέρων
1318 1359 1691 1430 χειραγωγοῦ-

116 1473 283 1527 μενος,
309 1456 344 1525 ἡ
366 1453 426 1506 δέ
454 1452 727 1523 φερομένη
748 1468 761 1483 ·
794 1453 822 1505 ό
854 1452 953 1523 μὲν
992 1451 1209 1504 ἵσταται
1243 1450 1349 1521 πρὸ
1375 1451 1485 1512 τοῦ,
1528 1451 1684 1519 ἁγίου

112 1548 319 1617 τυφλὸς,
346 1549 379 1617 ἡ
413 1547 471 1600 δὲ
506 1544 841 1618 προτίθεται.
893 1545 952 1598 '0
982 1544 1080 1613 μὲν
1108 1537 1200 1596 οῦν
1245 1542 1430 1614 πατὴρ
1454 1545 1534 1606 είς
1562 1544 1689 1597 ἐαυ-

112 1643 195 1695 τὸν
221 1639 614 1710 ἀναδεχόμενος
640 1638 740 1709 τὴν
772 1638 872 1708 τῆς
910 1636 1100 1700 παιδὸς
1143 1636 1378 1708 πάρεσιν
1424 1636 1569 1706 (ἐπεὶ
1594 1635 1688 1689 καὶ

112 1736 305 1806 πατὴρ,
361 1732 615 1788 κάκείνου
667 1731 869 1803 μᾶλλον
913 1730 975 1784 τὸ
1023 1729 1195 1793 πάθος
1243 1725 1333 1801 ἦν,
1365 1731 1413 1783 εί
1448 1728 1544 1783 καὶ
1587 1729 1688 1798 τῆς

113 1830 289 1893 παιδὸς
320 1827 647 1898 ἐνομίζετο),
684 1825 869 1896 ἱκέτης
908 1823 1049 1895 ὑπὲρ
1098 1823 1198 1894 τῆς
1231 1821 1427 1894 διπλῆς
1474 1822 1685 1892 ἐγίνετο

116 1923 411 1993 συμφορᾶς,
447 1920 509 1974 ού
561 1919 796 1988 πάρεσιν
826 1916 1005 1971 αὐτῶν
1057 1915 1273 1986 ἰαθῆναι
1319 1915 1500 1986 μόνον,
1549 1912 1685 1966 ἀλλὰ

114 2016 197 2069 καὶ
220 2013 516 2082 τύφλωσιν.
563 2012 621 2064 '0
640 2011 697 2067 δὲ
722 2010 865 2075 θεῖος
893 2006 1120 2079 Συμεὼν
1146 2008 1349 2078 ἀμφοῖν
1377 2006 1447 2060 τὰ
1477 2005 1687 2073 σπλάγ-

1792 631 1969 686 oculis
2018 631 2115 687 sed
2159 633 2327 687 etiam
2382 634 2643 698 auribus;
2691 632 2866 689 oculis
2911 634 3157 704 quidem,
3209 644 3374 705 quot-

1794 729 2066 790 quotquot
2124 720 2181 775 in
2237 730 2564 791 praesentem
2627 739 2801 793 usque
2860 723 3009 780 diem
3064 726 3257 782 audire
3306 728 3376 783 li—

1862 905 1986 959 158.
2027 905 2267 960 Rursum
2316 903 2613 959 adducitur
2642 906 2718 959 illi
2759 908 2965 976 puella,
3016 925 3127 963 non
3164 919 3374 967 tantum

1789 998 2052 1054 audiendi
2089 999 2462 1069 loquendique
2497 998 2758 1053 facultate
2783 999 3066 1066 destituta,
3099 1003 3195 1057 sed
3225 1012 3377 1059 tanto

1789 1091 1956 1144 etiam
2001 1100 2246 1145 tremore
2277 1090 2542 1145 membris
2575 1090 2837 1145 omnibus
2866 1104 3145 1162 correpta,
3179 1106 3241 1148 ut
3271 1096 3376 1150 im-

1790 1188 2007 1250 potens,
2057 1195 2179 1250 qute
2210 1195 2269 1234 se
2304 1180 2477 1250 ipsam
2530 1181 2853 1245 sustineret,
2904 1181 3079 1236 linteo
3130 1183 3375 1238 involuta

1788 1273 1991 1345 gestari
2032 1273 2306 1328 deberet:
2336 1273 2477 1342 patri
2533 1288 2668 1328 vero
2696 1274 2835 1343 ejus,
2868 1274 3201 1329 exstinctum
3254 1285 3376 1330 erat

1789 1368 2079 1421 oculorum
2124 1366 2334 1422 lumen.
2382 1366 2451 1420 Et
2502 1366 2603 1421 iste
2653 1366 2876 1435 quidem
2922 1367 2993 1421 ab
3038 1367 3163 1422 aliis
3209 1383 3375 1421 manu

1793 1458 2014 1523 ductus,
2068 1458 2251 1512 stabat
2285 1473 2471 1513 coram
2506 1470 2696 1514 sancto
2741 1474 2945 1526 caecus;
2980 1460 3070 1514 illa
3120 1476 3253 1514 vero
3281 1475 3375 1529 ap-

1788 1558 2036 1619 portata,
2109 1549 2315 1604 ibidem
2375 1550 2639 1605 collocata
2679 1550 2918 1621 jacebat.
2974 1552 3138 1606 Pater
3190 1551 3373 1621 itaque

1788 1642 2065 1713 paralysin
2086 1642 2211 1697 ﬁlia:
2236 1658 2390 1697 suam
2421 1644 2596 1713 ipsius
2622 1659 2744 1699 esse
2768 1653 3030 1715 reputans
3056 1644 3202 1715 (cum
3226 1646 3374 1700 enim

1788 1742 1948 1804 pater
1994 1744 2160 1800 esset,
2197 1735 2375 1801 dolor,
2408 1737 2503 1806 qui
2544 1736 2668 1791 filia:
2709 1738 3024 1807 putabatur,
3064 1738 3242 1807 ipsum
3273 1753 3376 1808 po.-

1792 1828 1902 1882 tius
1934 1843 2076 1898 aegre
2106 1827 2389 1898 habebat),
2423 1829 2654 1898 supplex
2682 1844 2783 1899 pro
2824 1829 3030 1899 duplici
3062 1830 3372 1884 calamitate

1789 1918 2133 1988 deprecanda
2160 1919 2252 1983 fit,
2277 1919 2562 1974 obtestans
2592 1936 2701 1974 non
2731 1921 2907 1974 solum
2935 1930 2998 1975 ut
3029 1921 3259 1993 paralysi
3290 1936 3379 1975 re-

1788 2010 2054 2075 medium,
2084 2008 2177 2064 sed
2197 2009 2429 2064 caecitati
2457 2025 2678 2080 quoque
2697 2010 3222 2066 aﬂ‘eratur.Sanctus
3244 2028 3377 2066 vero

114 2124 203 2177 χνα
233 2104 631 2175 περιαλγήσας,
664 2105 744 2166 είς
770 2102 1055 2171 σπλάγχνα
1081 2118 1143 2154 τε
1186 2098 1350 2153 πάλιν
1379 2098 1539 2161 αὐτὸς
1569 2099 1688 2167 φιλ-

1796 2103 2060 2176 Symeon,
2114 2105 2230 2175 ipse
2277 2102 2501 2173 quidem
2555 2103 2844 2158 amborum
2896 2104 3375 2161 commiseratione

114 2195 421 2269 ανθρωπίας
448 2194 584 2249 Θεοῦ
610 2193 831 2263 βλέψας,
864 2192 958 2246 καὶ
992 2192 1122 2261 γόνυ
1156 2190 1342 2254 κλίνας
1360 2189 1528 2260 αὐτῷ,
1556 2192 1686 2260 παρ’

114 2286 167 2346 οὗ
210 2293 296 2346 τὸν
325 2291 476 2343 ἔλεον
508 2288 623 2359 ᾔδει
664 2285 937 2348 πλουσίως
982 2285 1261 2355 χεόμενον,
1294 2283 1557 2348 ἀναστὰς,
1588 2285 1688 2353 τὴν

114 2383 442 2454 Δεσποτικὴν
496 2380 681 2452 φωνὴν
714 2378 1056 2451 (ἐπιτιμήσει
1108 2377 1165 2431 δέ
1220 2394 1310 2447 μοι
1351 2376 1451 2446 τῆς
1482 2377 1687 2447 τόλμης

113 2478 298 2542 οὐδεὶς,
341 2478 465 2530 ἐπεὶ
503 2474 760 2529 κάκείνου
793 2472 983 2541 σαφῶς
1019 2472 1052 2541 ἡ
1082 2470 1255 2542 φωνὴ,
1298 2471 1353 2523 '0
1383 2471 1689 2524 πιστεύων

113 2576 189 2639 εις
229 2573 359 2642 ἐμὲ,
386 2572 459 2625 τὰ
493 2566 703 2639 ἕρταιᾶ
740 2567 852 2637 ἐγὼ
879 2565 1048 2632 ποιῶ,
1091 2565 1369 2631 κάκεῖνος
1395 2563 1682 2633 ποιήσεθ’

114 2667 342 2730 ἀναστὰς
372 2665 571 2727 τοίνυν,
600 2664 701 2735 τὴν
721 2661 1057 2733 Δεσποτικὴν
1086 2660 1188 2731 ἔφη
1215 2660 1418 2731 φωνήνο
1450 2659 1514 2711 Ἡ
1534 2660 1685 2723 παῖς,

112 2757 370 2828 ἀνάστηθι
405 2756 503 2810 καὶ
536 2754 694 2824 στῆθι
720 2754 815 2808 ἐπὶ
844 2754 969 2819 τοὺς
1008 2753 1178 2817 πόδας
1208 2770 1325 2807 σου.
1355 2753 1468 2822 Τῆς
1501 2752 1558 2805 δὲ
1590 2752 1687 2805 αύ-

112 2852 228 2905 τίκα
251 2850 392 2920 μέλη
418 2848 595 2903 πάντα
621 2846 945 2918 ρωσθείσης,
974 2847 1067 2899 καὶ
1094 2845 1229 2916 ὁμοῦ
1257 2845 1334 2917 τῷ
1354 2845 1687 2917 κελεύσματι

112 2945 263 2997 ποσὶν
291 2941 497 3005 οίκείος
522 2940 906 3009 διαναστάσης,
945 2940 1056 3002 τοῖς
1083 2939 1248 2992 αὐτοῦ
1275 2938 1512 3009 χείλεσιν
1541 2940 1684 2991 ἐκεῖο

112 3052 192 3099 νος
242 3034 334 3087 τὸν
382 3033 644 3086 δάκτυλον
688 3031 970 3095 ἐκπιέσας,
1009 3030 1238 3101 στόματί
1271 3047 1331 3083 τε
1367 3030 1469 3099 τῆς
1517 3029 1689 3100 κόρης

112 3127 263 3183 αὐτὸν
281 3128 382 3180 καὶ
408 3126 541 3178 ὠσὶν
569 3122 843 3195 ἐμϐαλὼν,
869 3122 1137 3176 λαλοῦσαν
1167 3121 1495 3199 ἐλευθερίως
1524 3122 1690 3187 εὐθὺς

112 3220 198 3275 καὶ
254 3218 563 3274 ἀκούουσαν
623 3215 856 3288 ὁρᾶσθαι
914 3218 1028 3279 τοῖς
1095 3214 1333 3287 παροῦσι
1398 3217 1685 3288 παρεῖχεν.

113 3310 234 3367 Εἶτα
265 3312 409 3384 πρὸς
439 3312 532 3364 τὸν
554 3308 767 3380 πατέρα
792 3306 1144 3379 ἐπιστρέψας,
1183 3309 1276 3360 καλ⁵
1304 3307 1552 3380 δακτύλῳ
1584 3309 1689 3363 πά-

112 3404 187 3460 λιν
241 3404 448 3475 όμοίως
499 3404 566 3474 τῇ
628 3400 794 3455 αὐτοῦ
865 3399 1082 3473 γλώττῃ
1153 3399 1500 3471 διαδραχέντι
1559 3399 1688 3461 τοὺς
1714 3439 1758 3497 C

112 3495 421 3565 ὀφθαλμοὺς
475 3490 784 3563 ἐπιχρίσας,
824 3492 1131 3561 Δεσποτικῇ
1185 3490 1422 3561 κάκείνῳ
1463 3489 1525 3543 τὸ
1572 3491 1689 3560 φῶς

112 3586 356 3658 ἐνεργείᾳ
418 3583 727 3656 χαρίζεται.
807 3583 1044 3645 Ἐκεῖνος
1111 3581 1219 3652 γὰρ
1275 3577 1342 3653 ἦν
1408 3581 1688 3636 κάνταῦθα

114 3680 290 3749 σαφῶς
335 3678 598 3750 ἐνεργῶν,
642 3677 691 3729 εί
740 3676 831 3730 καὶ
874 3673 1107 3744 διακόνῳ
1152 3674 1230 3744 τῷ
1259 3673 1552 3745 θεράποντι
1591 3674 1686 3728 κέ-

111 3788 290 3842 χρητο,
327 3770 426 3824 καὶ
454 3768 597 3822 οὔτω
626 3768 755 3839 μιᾶς
787 3765 1098 3838 προσευχῆς
1144 3764 1356 3836 καρπὸς
1392 3764 1553 3837 διπλῆ
1599 3764 1688 3818 θε-

114 3865 306 3934 ραπεία
334 3862 576 3931 γίνεται.

177 3956 305 4027 ρνθ’.
339 3957 577 4009 Ἔπειτα
632 3956 817 4027 μέντοι
865 3954 963 4009 καὶ
1007 3951 1285 4019 γυναικῶν
1329 3951 1478 4023 αύτῷ
1504 3952 1687 4024 πλήθη

108 4048 430 4119 προσῆλθον,
456 4049 511 4101 αἱ
544 4047 642 4117 μέν
674 4045 836 4117 ξηραὶ
859 4045 986 4110 τοὺς
1017 4044 1276 4116 μαστοὺς,
1309 4038 1398 4099 οἷα
1416 4044 1687 4113 γάλακτος

108 4138 497 4208 ἀπορούμεναι,
529 4137 622 4189 καὶ
652 4137 720 4191 τὰ
748 4134 927 4207 βρέφη
972 4135 1221 4198 ἐλεεινῶς
1251 4135 1367 4189 ἀνθ’
1400 4135 1688 4208 ἱκετηρίας

108 4230 506 4300 προδάλλουσαι
532 4246 546 4261 ο
582 4230 637 4283 αί
664 4228 709 4281 δ’
742 4230 801 4281 ἐν
826 4228 1022 4299 γαστρὶ
1058 4227 1155 4297 μὲν
1190 4227 1410 4297 ἔχουσαι
1441 4226 1536 4281 καὶ
1564 4223 1688 4281 ὡδί-ὲ

108 4329 308 4383 νουσαι,
356 4319 634 4391 πνεύμασι
678 4317 734 4371 δὲ
781 4319 1039 4388 πονηροῖς
1085 4308 1433 4386 ἐταζόμεναι,
1474 4316 1550 4379 ὡς
1594 4315 1688 4369 καὶ

105 4412 238 4466 αύτά
276 4412 383 4481 πρὸ
414 4411 511 4480 τῆς
536 4410 723 4472 ὠδῖνος
756 4408 825 4461 τὰ
863 4407 1078 4480 ἐμῦρυα
1105 4408 1436 4461 κινδυνεύειν
1467 4406 1688 4479 ἀμϐλῶ-

107 4519 230 4557 σαιο
281 4508 385 4568 τὰς
434 4503 491 4557 δὲ
545 4500 852 4557 ἀτεκνοῦσα
912 4501 1096 4571 μήτρα
1143 4499 1375 4563 ἐλύπει,
1436 4500 1532 4555 καὶ
1587 4502 1687 4571 τὴν

104 4597 360 4652 ἀπαιδίαν
391 4595 643 4667 χαλεπῶς
677 4593 1046 4664 ἀπωδύροντο.
1090 4592 1236 4646 Ἀλλ’
1263 4593 1321 4647 αί
1365 4593 1463 4662 μὲν
1502 4594 1688 4663 εὐχαῖς

104 4689 313 4744 ἐκείνου
362 4689 465 4759 τὴν
497 4688 665 4759 θηλὴν
699 4686 1039 4757 ἀναθήλασαι
1068 4728 1083 4752 ,
1126 4685 1221 4738 καὶ
1279 4684 1552 4754 γάλακτος
1589 4686 1688 4738 αύ-

1787 2196 2133 2251 wisceraliter
2179 2202 2379 2261 tactus,
2428 2194 2618 2249 oculos
2665 2209 2798 2249 vero
2830 2194 2885 2248 in
2914 2195 3128 2249 viscera
3162 2194 3377 2250 miseri-

1789 2288 1992 2344 cordia;
2012 2288 2213 2343 divina:
2237 2288 2561 2359 eonjiciens,
2588 2302 2767 2359 genua
2788 2288 2840 2342 ei
2874 2286 3046 2348 ﬂexit.
3072 2303 3101 2342 a
3132 2303 3242 2357 quo
3269 2289 3378 2342 lar-

1788 2381 1930 2453 giter
1969 2381 2179 2436 eﬂ'undi
2229 2380 2667 2436 misericordiam
2713 2395 2856 2450 saepe
2886 2390 3146 2452 expertus
3167 2382 3374 2438 fuerat:

1791 2489 2139 2545 surgensque
2191 2474 2392 2529 deinde
2427 2473 2713 2529 Dominica
2760 2474 2853 2529 illa
2896 2490 3031 2529 voce
3067 2476 3192 2544 (nec
3242 2491 3377 2530 vero

1790 2567 2121 2623 temeritatis
2154 2582 2243 2622 me
2269 2565 2561 2637 quisquam
2599 2577 2811 2637 arguet,
2840 2568 3101 2636 quoniam
3135 2568 3377 2623 clarissi-

1792 2675 1879 2714 me
1902 2657 2036 2714 dicit
2066 2659 2182 2730 ipse
2213 2658 2475 2715 Dominus
2505 2678 2519 2714 :
2545 2658 2647 2724 Qui
2677 2660 2837 2713 credit
2859 2661 2913 2714 in
2943 2677 3044 2724 me,
3076 2678 3237 2731 opera
3260 2678 3379 2733 quae

1792 2770 1887 2825 ego
1914 2753 2048 2823 facio
2077 2754 2188 2824 ipse
2221 2754 2376 2823 faciet
2402 2752 2492 2823 ³¹),
2520 2752 2828 2819 Dominica,
2856 2754 3099 2823 inquam,
3127 2755 3217 2809 illa
3243 2770 3380 2810 voce

1791 2860 1926 2900 usus
1945 2854 2031 2900 est
2068 2862 2082 2900 :
2128 2846 2336 2911 Puella,
2376 2861 2560 2917 surge,
2600 2854 2657 2900 et
2686 2853 2771 2900 sta
2821 2861 2988 2915 super
3029 2846 3198 2915 pedes
3233 2855 3376 2902 tuos.

1788 2938 2039 3009 Cumque
2076 2940 2255 3009 puella
2301 2955 2426 2994 mox
2454 2939 2716 2995 omnibus
2737 2938 3061 2995 conﬁrmata
3091 2941 3375 3001 membris.

1789 3031 1954 3086 simul
1993 3040 2159 3101 atque
2184 3032 2336 3101 jussa
2362 3030 2487 3095 fuit,
2514 3030 2759 3099 pedibus
2803 3030 2919 3085 suis
2961 3039 3147 3085 erecta
3174 3042 3374 3098 staret;

1790 3136 2011 3175 rursum
2060 3121 2152 3174 ille
2177 3120 2460 3174 admotum
2485 3120 2642 3188 prius
2676 3120 2843 3174 labiis
2876 3120 2994 3175 suis
3027 3121 3259 3192 digitum
3291 3122 3374 3175 ori

1789 3215 2127 3283 auribusque
2179 3213 2376 3284 puellze
2410 3212 2671 3276 inseruit,
2728 3222 2785 3268 et
2835 3215 3155 3283 loquentem
3203 3215 3378 3270 libere

1790 3306 2220 3376 audientemque
2272 3304 2640 3376 praesentibus
2689 3306 3047 3376 spectandam
3102 3306 3375 3361 exhibuit.

1792 3396 1935 3453 Hinc
1977 3397 2046 3452 ad
2089 3404 2371 3468 parentem
2415 3412 2735 3460 conversus,
2768 3397 3072 3467 digitoque,
3125 3396 3381 3452 similiter

1794 3490 1982 3562 lingua
2029 3489 2356 3557 madefacto,
2402 3490 2596 3545 oculos
2643 3491 2881 3554 illinens,
2944 3490 3129 3545 divina
3173 3490 3378 3545 virtute

1795 3582 1876 3638 illi
1904 3598 2125 3653 quoque
2150 3598 2312 3638 usum
2345 3584 2572 3638 videndi
2599 3583 2830 3653 largitus
2858 3592 2964 3638 est.
2999 3583 3146 3637 Deus
3171 3584 3379 3653 quippe

1794 3682 1934 3741 erat,
1957 3674 2053 3745 qui
2082 3674 2272 3730 isthaec
2294 3683 2400 3730 tam
2416 3674 2703 3729 manifesta
2736 3674 3003 3729 miracula
3022 3674 3374 3744 operabatur,

1793 3766 1897 3821 etsi
1953 3765 2159 3821 famulo
2214 3781 2315 3821 suo
2339 3782 2441 3836 pro
2480 3766 2736 3821 ministro
2779 3775 3071 3821 uteretur:
3105 3775 3269 3837 atque
3303 3767 3379 3822 ita

1795 3859 1959 3914 unius
1995 3859 2264 3914 orationis
2302 3859 2518 3914 fructus
2561 3858 2764 3930 duplex
2798 3860 3011 3914 curatio
3041 3858 3164 3913 fuit.

1870 3951 2213 4023 159.1ngcns
2247 3967 2470 4022 quoque
2494 3952 2787 4007 mulierum
2813 3953 2975 4007 turba
3008 3952 3215 4008 secutis
3240 3961 3380 4008 tem-

1793 4039 2023 4110 poribus
2071 4041 2138 4095 ad
2180 4051 2431 4097 sanctum
2476 4050 2854 4097 convenerunt
2905 4060 2920 4098 :
2970 4059 3203 4113 quarum
3260 4043 3381 4099 alia:

1795 4130 1966 4185 ubera
2003 4131 2242 4187 arefacta
2276 4132 2525 4202 lacteque
2572 4132 2835 4188 destituta
2884 4142 3260 4204 apportantes,
3290 4135 3380 4189 in-

1794 4221 1973 4277 fantes
2008 4238 2139 4279 suos
2185 4225 2562 4294 spectaculum
2605 4225 2919 4280 miserabile
2953 4241 3056 4296 pro
3098 4228 3378 4297 supplica-

1798 4313 1963 4370 tionis
1986 4324 2113 4370 actu
2148 4324 2277 4371 ante
2306 4316 2485 4386 ipsum
2511 4316 2859 4371 collocabant
2896 4334 2909 4370 :
2945 4317 3381 4386 aliae'portantos

1796 4414 2017 4461 uterum
2056 4416 2113 4462 et
2156 4423 2187 4462 e
2229 4408 2543 4478 propinquo
2575 4416 2735 4479 partu
2762 4408 3098 4472 laborantes,
3126 4409 3381 4479 malignis

1795 4498 2084 4568 spiritibus
2119 4500 2192 4554 ita
2242 4500 2682 4571 exagitabantur,
2714 4509 2774 4555 ut
2810 4500 3112 4554 infantibus
3135 4500 3380 4555 nondum

1795 4589 1962 4645 editis
1998 4590 2305 4660 periculum
2340 4605 2450 4644 non
2490 4591 2611 4647 leve
2665 4601 2951 4646 crearetur
2984 4610 2997 4646 :
3030 4593 3155 4647 aliis
3190 4602 3382 4647 uterus

1797 4681 2133 4738 infecundus
2181 4681 2361 4737 dolori
2415 4691 2536 4738 erat
2592 4683 2942 4739 sterilitatem
3009 4700 3167 4739 suam
3201 4684 3381 4738 inces—

102 4782 195 4853 τὴν
224 4781 742 4853 ὑποπεπλησμέναι,
773 4782 828 4834 αἱ
855 4779 911 4833 δὲ
939 4779 1047 4832 τῶν
1076 4778 1405 4849 πνευμάτων
1444 4777 1690 4831 ἀπαλλα-

1797 4785 1982 4833 santer
2019 4775 2470 4831 lamentantibus.
2496 4775 2701 4840 Verum
2744 4776 2854 4831 illae
2892 4777 3153 4847 precibus
3200 4776 3377 4831 sancti

102 4875 302 4940 γεῖσαι,
342 4873 401 4927 αἱ
430 4873 487 4925 δέ
508 4871 755 4926 λυθεῖσαι
782 4870 880 4942 τὴν
910 4870 1197 4941 στείρωσιν
1224 4867 1550 4939 ἐπανῆλθον,
1583 4886 1693 4940 μη-

100 4966 255 5035 τέρες
280 4967 420 5037 μετὰ
448 4963 624 5017 ταῦτα
650 4963 962 5034 γενόμεναι,
984 4961 1078 5015 καὶ
1100 4960 1314 5032 καρπὸν
1341 4961 1473 5032 παρ’
1502 4959 1692 5014 ἐλπίδα

103 5058 314 5122 κοιλίας
344 5056 650 5111 ἐπιδοῦσαι.

171 5235 270 5306 ρξ’.
317 5234 481 5305 Ἑξῆς
543 5234 603 5287 δὲ
658 5231 996 5304 προσάγεταί
1036 5249 1121 5296 τις
1160 5232 1303 5304 ἀνὴρ
1363 5231 1689 5302 Ἀντιοχεὺς,

101 5326 248 5396 αύτῷ
281 5326 502 5397 μεγέθει
529 5324 778 5395 σώματος
815 5324 1089 5394 μέγιστος,
1122 5324 1219 5377 καὶ
1246 5324 1296 5376 εί
1330 5323 1518 5395 πόρρω
1557 5323 1692 5377 πολὺ

102 5417 396 5485 γιγάντων,
416 5418 632 5487 πικροῖς
653 5415 721 5470 τά
732 5434 791 5469 τε
802 5416 939 5471 ἄλλα
956 5416 1155 5471 πάθεσι
1168 5416 1261 5469 καὶ
1274 5417 1451 5478 νόσοις
1474 5431 1693 5486 κατειρ-

100 5508 396 5576 γασμένος,
428 5510 521 5563 καὶ
564 5511 663 5581 τὴν
697 5510 851 5581 χεῖρα
884 5508 1052 5581 ξηρὰν
1082 5508 1221 5579 ἔχων
1268 5506 1370 5579 ἤδη
1402 5510 1496 5562 καὶ
1527 5507 1692 5562 οἱονεὶ

98 5599 447 5671 τεθνηκυῖαν.
482 5601 629 5656 Ἰδὼν
659 5601 951 5673 τοιγαροῦν
979 5604 1008 5656 ό
1036 5601 1129 5656 τοῦ
1154 5603 1290 5657 Θεοῦ
1303 5601 1488 5663 δοῦλος
1506 5600 1689 5665 αὐτὸν,

100 5692 160 5747 οὐ
202 5695 414 5759 θεατοῖς
436 5694 756 5766 ὀφθαλμοῖς,
787 5695 901 5749 ἀλλ’
929 5693 978 5749 οἳ
1010 5697 1103 5751 καὶ
1146 5697 1254 5751 τῶν
1284 5695 1494 5766 ἀδήλων
1549 5689 1689 5765 ἦσαν

173 5872 219 5905 ³ο
255 5871 414 5929 Joan.
454 5890 565 5941 xiv,
614 5873 696 5928 12.
749 5912 763 5925 .

1797 4882 2065 4929 mammas
2110 4868 2433 4921 tuberantes
2482 4866 2736 4936 lacteque
2780 4867 2973 4937 plenas
3013 4874 3375 4935 receperunt;

1798 4958 1921 5013 ista:
1954 4956 2247 5028 spiritibus
2277 4956 2491 5012 abaetis
2514 4957 2764 5011 liberata:
2793 4965 2942 5023 sunt,
2966 4956 3051 5010 hac
3087 4955 3378 5011 sterilitate

1795 5049 2010 5104 sublata
2050 5058 2419 5114 revertentes,
2450 5057 2657 5105 matres
2690 5047 2847 5103 facta:
2878 5058 3030 5115 sunt,
3054 5046 3269 5105 ventris
3291 5047 3377 5104 sui

1794 5140 1975 5194 fructu
2012 5146 2211 5209 praeter
2234 5154 2388 5209 spem
2421 5140 2593 5195 edito.

1868 5231 1990 5288 160.
2022 5231 2173 5289 Alias
2205 5232 2423 5288 sistitur
2453 5233 2538 5287 vir
2561 5232 2786 5304 quidam
2819 5232 3225 5309 Antioc‘henus,
3256 5247 3382 5287 cor-

1791 5330 1945 5401 poris
1987 5332 2322 5400 proceritate
2353 5327 2627 5382 maximus
2663 5342 2766 5381 nec
2790 5327 3028 5380 multum
3086 5324 3380 5380 dissimilis

1794 5423 2024 5493 giganti,
2062 5421 2179 5492 qui,
2211 5429 2412 5491 praeter
2458 5419 2596 5474 alios
2624 5417 2828 5487 quibus
2866 5415 3230 5485 torquebatur
3279 5415 3380 5469 do-

1794 5515 1941 5569 lores
1965 5529 2029 5569 ac
2062 5512 2310 5577 morbos,
2346 5526 2569 5565 manum
2606 5509 2821 5563 aridam
2878 5507 3122 5563 habebat
3165 5514 3222 5562 et
3267 5507 3377 5579 jam

1794 5603 1952 5675 quasi
2000 5612 2300 5658 mortuam.
2332 5601 2541 5658 Videns
2577 5601 2730 5654 illum
2786 5598 2882 5665 Dei
2946 5598 3208 5664 famulus,
3264 5613 3379 5654 non

1795 5696 2021 5767 quidem
2049 5695 2443 5761 exterioribus,
2466 5692 2559 5749 scd
2584 5691 2968 5758 interioribus,
2994 5706 3117 5762 qua:
3146 5689 3376 5747 abscon-
