3988 6502
648 295 691 315 η-

637 389 799 485 ξοιθε

1894 418 1957 478 S.
1993 411 2374 475 SYMEONIS
2408 412 2771 474 IUNIORIS

3750 415 3852 483 3136

657 536 775 591 uita
804 539 934 588 sunt
981 529 1327 586 intuentibus
1380 539 1438 585 et
1484 528 1910 600 penetrantibus
1963 528 2216 593 occulta;

2343 524 2471 594 ιύτῷ
2488 524 2691 586 θεατοὶ,
2708 519 2933 576 καὶτῶν
2955 518 3286 592 ἀπορρήτων
3308 519 3653 590 ἑρμηνευταὶ,
3672 523 3852 599 Ἕλληνι

654 638 1112 699 cognoscensque
1163 624 1427 694 gentilem
1482 622 1750 692 religione
1806 637 1966 677 esse:
2018 622 2075 678 Si
2132 623 2239 690 vis,

656 720 861 790 inquit,
881 733 1052 773 sanus
1078 715 1219 779 ﬁeri,
1241 714 1436 770 invoca
1470 714 1760 770 nobiscum
1797 714 1853 768 in
1883 715 2243 785 simplicitate

655 811 840 867 cordis
862 810 1210 882 unigenitum
1253 808 1350 863 Dei
1382 806 1609 871 Filium,
1637 806 1935 861 Dominum
1982 817 2241 864 nostrum

654 904 844 961 Jesum
862 902 1170 966 Christum,
1193 907 1556 969 sanctamque
1577 898 1856 969 Virginem
1877 898 1973 953 Dei
1992 900 2243 955 Genitri-

656 1012 799 1063 cem,
826 1012 894 1051 ex
931 1012 1037 1066 qua
1055 995 1206 1050 nasci
1232 994 1410 1051 voluit
1460 993 1765 1049 secundum
1807 1008 2057 1055 carnem,
2118 1008 2242 1047 cre-

657 1091 798 1147 dens
828 1091 884 1144 in
924 1104 1095 1143 unum
1159 1088 1333 1141 Deum
1386 1086 1605 1141 Patrem
1660 1084 2120 1154 omnipotentem,
2185 1083 2241 1137 in

657 1184 841 1256 ipsum
867 1181 1217 1253 unigenitum
1249 1180 1373 1247 ejus
1398 1178 1622 1241 Filium,
1646 1185 1704 1231 et
1734 1177 1790 1230 in
1809 1175 2239 1230 sanctissimum

655 1291 723 1331 ac
754 1274 1123 1329 vivificantem
1154 1271 1444 1340 Spiritum.
1503 1267 1720 1322 fallacia
1771 1282 1907 1321 vero
1939 1266 2087 1319 idola
2141 1280 2241 1320 ex-

657 1366 988 1422 secratione
1023 1362 1248 1433 publica
1281 1362 1493 1415 devove
1512 1368 1680 1427 atque
1711 1357 2021 1423 detestare;
2062 1364 2119 1409 et
2151 1356 2241 1409 in-

657 1464 942 1527 posterum
978 1453 1187 1508 doloris
1223 1466 1424 1520 expers
1457 1451 1683 1506 futurus
1707 1464 1787 1513 es,
1820 1449 2053 1503 omniex
2083 1456 2241 1517 parte

656 1558 901 1602 sanatus.
933 1546 1139 1600 Verum
1165 1544 1255 1597 ille
1294 1559 1362 1598 ex
1396 1543 1488 1597 his
1519 1542 1685 1597 dictis
1720 1541 1897 1596 nihilo
1931 1541 2241 1610 promptior

656 1636 726 1692 ad
752 1635 1091 1691 credendum
1120 1633 1320 1696 factus,
1346 1632 1443 1686 sed
1464 1631 1644 1687 fallaci
1668 1646 1781 1686 sua:
1803 1629 2239 1700 perniciosaeque

658 1724 955 1797 gentilitati
1011 1723 1374 1794 pertinaciter
1430 1721 1719 1776 adhazrere
1772 1735 2041 1790 pergens,
2108 1718 2239 1775 inde

2342 616 2442 686 τὴν
2466 613 2760 685 θρησκείαν
2780 612 2932 681 ὄντα,
2967 612 3031 666 Εί
3066 611 3244 676 θέλεις
3268 612 3426 681 ὑγιὴς
3447 612 3701 681 γενέσθαι,
3715 625 3852 687 φησιν,

2343 704 2664 759 ἑπικάλεσαι
2691 702 2780 756 διὰ
2800 702 2901 773 τῆς
2926 703 2961 774 ἡ
2971 701 3087 772 μῶν
3112 701 3393 765 εὐτελείας
3414 702 3508 755 τὸν
3533 708 3768 779 μονογενῆ
3789 714 3852 767 τοῦ

2343 796 2480 850 Θεοῦ
2527 798 2672 863 Υίὸν,
2706 797 2800 851 τὸν
2838 798 3047 867 Κύριον
3097 796 3256 865 ἡμῶν
3292 794 3497 866 Ἰησοῦν
3543 799 3765 867 Χριστὸν,
3790 809 3855 859 καὶ
3940 784 3941 835 Ῑ

2342 890 2441 961 τὴν
2494 888 2656 957 ἁγίαν
2700 888 2979 959 Παρθένον
3027 890 3123 941 καὶ
3155 887 3439 953 Θεοτόκον,
3474 888 3534 953 ἐξ
3570 884 3635 961 ἧς
3658 892 3854 964 ams;
3940 876 3941 905 1

2343 981 2674 1051 γεννηθῆναι
2699 980 2762 1034 τὸ
2800 981 2943 1034 κατά
2977 980 3179 1050 σάρκα,
3212 981 3491 1033 πιστεύων
3536 982 3614 1044 είς
3646 982 3729 1035 ἕνα
3761 987 3855 1041 Θεὸν

2346 1074 2569 1143 Πατέρα
2600 1074 3045 1144 παντοκράτορα,
3075 1074 3135 1126 ὲν
3165 1073 3316 1143 αὐτῷ
3338 1074 3418 1142 τῷ
3451 1080 3719 1145 μονογενεῖ
3740 1081 3854 1137 αὑτοῦ

2345 1163 2460 1233 Υίῷ
2497 1202 2512 1226 ,
2546 1164 2745 1234 καὶτῷ
2772 1165 3029 1235 παναγίῳ
3056 1164 3152 1217 καὶ
3198 1163 3455 1235 ζωοποιῷ
3490 1167 3762 1237 Πνεύματι,
3791 1174 3856 1243 τὴν

2343 1256 2436 1308 ὲπὶ
2464 1258 2577 1318 τοῖς
2608 1254 2850 1318 εἰδώλοις
2891 1256 3105 1325 πλάνην
3162 1255 3469 1326 ἀναθέματι
3507 1257 3727 1331 λαμπρῷ
3752 1280 3858 1335 περι.

2344 1344 2575 1403 ϐάλλων.
2606 1348 2701 1399 καὶ
2742 1350 2802 1399 τὸ
2842 1346 3028 1400 λοιπὸν
3074 1346 3300 1410 ἀλύπως
3361 1347 3463 1419 ἔσῃ
3517 1352 3611 1402 καὶ
3666 1354 3859 1425 καθαρῶς

2343 1435 2627 1503 ὑγιαίνων.
2670 1436 2728 1491 Ὀ
2780 1437 2837 1491 δὲ
2888 1437 3222 1508 πειθομένην
3253 1440 3353 1492 οὐκ
3384 1433 3538 1510 εἶχεν
3576 1442 3667 1510 τὴν
3693 1447 3860 1517 καρδίαν

2340 1530 2455 1591 τοῖς
2481 1527 2820 1597 λεγομένοις,
2851 1528 2991 1582 ἀλλά
3019 1531 3119 1600 τῆς
3142 1531 3354 1594 οἰκείας
3396 1531 3480 1584 έτι
3535 1538 3861 1607 περιεχομένην

2340 1619 2560 1689 ἀπάτης
2597 1619 2696 1689 τῆς
2742 1617 3067 1691 Ἑλληνικῆς
3101 1621 3317 1691 ἐκείνης
3341 1621 3435 1674 καὶ
3481 1622 3728 1692 ὀλεθρίου,
3753 1625 3862 1679 ἐνθεν

2338 1727 2422 1764 τοι
2481 1710 2576 1763 καὶ
2636 1711 2791 1773 κενὸς
2861 1711 3092 1783 ἔρριπτο
3143 1714 3362 1785 φόρτος,
3427 1715 3642 1780 οὐδενὸς
3680 1720 3861 1789 χρηστοῦ

659 1828 919 1887 tanquam
961 1830 1104 1869 onus
1135 1814 1335 1870 inutile
1397 1815 1609 1885 ejectus
1657 1824 1764 1878 est,
1817 1813 1959 1868 nihil
2010 1813 2237 1869 omnino

2343 1801 2625 1872 τυγχάνων
2647 1803 2749 1873 τῆς
2770 1804 3147 1874 προσεδρείας.

654 1907 779 1978 opis
804 1914 1138 1961 consecutus
1161 1919 1462 1975 congressu
1511 1918 1635 1958 suo.

730 2028 855 2084 161.
892 2028 1028 2083 Cum
1061 2042 1195 2081 vero
1254 2026 1311 2080 in
1366 2024 1460 2079 tali
1520 2033 1666 2079 statu
1734 2024 1829 2078 diu
1890 2024 2243 2094 multumque

655 2117 1019 2190 perstitisset,
1038 2115 1368 2185 videretque
1399 2115 1538 2170 alios
1558 2130 1751 2170 omnes
1780 2123 2054 2185 quotquot
2079 2114 2242 2171 fidem

656 2210 894 2281 amplexi
924 2209 1146 2264 fuerant
1166 2208 1554 2262 incolumitate
1594 2206 1829 2273 donari;
1885 2206 1993 2261 sibi
2046 2215 2242 2262 contra

659 2320 733 2359 ne
763 2304 1036 2358 tantillam
1067 2300 1294 2372 quidem
1341 2299 1705 2356 levandorum
1754 2300 2035 2354 malorum
2084 2314 2242 2370 spem

657 2395 988 2466 an‘ulgere»:
1060 2393 1259 2447 nuntio
1330 2392 1683 2447 ethnicorum
1748 2391 2244 2463 superstitionibus

659 2487 897 2543 remisso
921 2528 936 2552 ,
967 2484 1211 2550 Christe,
1232 2485 1433 2554 inquit,
1449 2484 1587 2554 quia
1607 2484 1812 2540 famulo
1839 2492 1933 2538 tuo
1945 2484 2240 2555 Symeone,

657 2592 786 2633 eum
816 2576 963 2630 Deus
988 2590 1162 2635 esses.
1186 2574 1507 2643 praedicaris
1520 2589 1588 2628 ex
1616 2583 1805 2629 sancta
1822 2573 2047 2645 Virgine
2074 2573 2243 2629 Maria

656 2676 823 2721 natus
866 2665 1071 2730 homo;
1117 2665 1187 2718 da
1226 2677 1391 2718 aures
1441 2663 1634 2718 faciles
1679 2662 1944 2733 precibus
2003 2663 2153 2718 illius
2184 2663 2241 2717 in

656 2757 993 2829 adiutorium
1029 2772 1234 2811 meum.
1260 2757 1341 2810 Ita
1378 2764 1656 2825 precatus,
1702 2763 1813 2809 tam
1860 2756 2062 2809 bellam
2101 2770 2240 2811 con-

655 2849 953 2904 fessionem
1017 2862 1172 2903 suam
1224 2846 1570 2916 paenitentia:
1632 2846 1891 2916 lacrymis
1942 2848 2240 2917 gratiorem

656 2938 810 2998 fecit,
846 2946 903 2992 et
923 2936 1223 3007 pristinum
1269 2948 1519 2990 errorem
1550 2942 1874 2988 exsecralus
1929 2942 2035 2988 est.
2082 2933 2241 3000 Quod

655 3045 782 3084 cum
809 3030 1135 3101 Symeonem
1173 3043 1283 3081 non
1308 3026 1546 3097 fugeret,
1570 3026 1784 3080 aﬂ‘undi
1819 3042 2018 3095 aquam
2056 3026 2239 3097 jubet,

653 3119 897 3189 lotisque
928 3118 1186 3171 manibus
1211 3116 1326 3170 suis
1360 3116 1634 3170 laboranti
1680 3115 1801 3171 viro
1848 3115 2097 3185 portari:
2141 3115 2237 3186 qui

655 3213 749 3267 illa
780 3228 933 3275 usus,
968 3219 1118 3266 recte
1166 3211 1433 3265 continuo
1465 3210 1693 3273 habere,
1732 3224 2039 3278 manusque
2077 3209 2231 3264 arida

2343 3205 2542 3270 εὐθέως
2610 3205 3009 3277 ἀνορθωθῆναι,
3074 3208 3176 3276 τήν
3255 3224 3315 3261 τε
3375 3208 3552 3281 ξηρὰν
3608 3211 3639 3279 ἦ
3714 3210 3860 3280 νεκράν

2347 3300 2566 3371 ἐκείνην
2644 3302 2805 3371 χεῖρα
2868 3297 2982 3354 οἷον
3053 3300 3357 3356 ἀναῦιῶναι
3383 3339 3399 3363 ,
3456 3304 3554 3356 καὶ
3631 3304 3856 3371 ἀωθῆλαι,
3940 3308 3941 3311 “

652 3315 713 3360 et
736 3314 953 3359 mortua
980 3304 1135 3358 velut
1157 3302 1489 3357 reviviscere
1515 3316 1580 3354 ac
1601 3315 1804 3354 novum
1836 3299 2068 3354 induere
2095 3299 2245 3370 vigo—

654 3412 806 3463 rem;
837 3406 1091 3467 totusque
1122 3411 1291 3451 sanus
1314 3411 1427 3449 non
1451 3409 1684 3464 corpore
1706 3403 1939 3461 tantum,
1966 3393 2061 3449 sed
2092 3393 2243 3464 quod

652 3489 832 3560 pluris
857 3497 964 3551 est,
994 3489 1182 3542 animo
1212 3502 1455 3557 quoque,
1499 3486 1726 3541 domum
1770 3500 2044 3550 remeare,
2077 3500 2243 3555 gran-

654 3579 781 3633 dius
818 3580 1147 3634 beneficium
1208 3592 1379 3648 quam
1415 3584 1739 3646 speraverat
1793 3581 2242 3645 exspectaverat-

652 3684 761 3739 que
778 3669 1032 3738 adeptus.

729 3794 851 3850 162.
878 3794 981 3864 Su;
995 3794 1163 3849 eriori
1189 3788 1445 3864 quodam
1476 3793 1643 3848 modo
1671 3790 1833 3848 aliine
1863 3801 1952 3848 est
1994 3791 2052 3848 id
2090 3790 2241 3865 quod

652 3886 904 3956 proxime
972 3886 1253 3955 sequitur,
1316 3884 1533 3954 reliqua
1584 3901 1719 3940 vero
1771 3885 1949 3940 multo
2007 3886 2239 3956 majora.

652 3979 811 4035 Alius
831 3977 1058 4049 quidam
1101 3978 1347 4050 gentilis,
1389 3978 1483 4048 qui
1545 3987 1602 4033 et
1652 3977 1769 4049 ipse
1820 3978 2238 4033 idololatrarum

650 4072 941 4126 erroribus
987 4070 1267 4136 imbutus,
1305 4070 1638 4141 paralytieus
1680 4078 1801 4125 erat
1838 4088 1851 4124 :
1884 4068 2151 4125 advectus
2170 4068 2239 4123 ad

651 4163 1006 4234 Symeonem,
1030 4161 1378 4232 professione
1417 4161 1545 4216 ﬁdei
1567 4160 1895 4215 Christianae
1920 4160 2090 4228 (bono
2132 4160 2242 4215 uti-

650 4272 784 4327 que,
814 4272 919 4311 nee
947 4256 1141 4310 labore
1195 4269 1300 4309 nec
1350 4252 1532 4322 pretio
1571 4251 1955 4322 comparabili)
2003 4252 2238 4306 salutem

652 4354 987 4401 consecutus
1040 4351 1126 4399 est
1155 4341 1455 4411 duplicem,
1512 4354 1689 4409 eoque
1743 4340 1917 4410 magis
1963 4340 2239 4394 aestiman-

651 4437 800 4501 dam,
829 4444 1037 4507 quanto
1062 4435 1237 4505 pluris
1270 4441 1355 4490 est
1370 4433 1554 4488 anima
1583 4448 1749 4504 quam
1776 4447 2005 4503 corpus.
2030 4432 2236 4489 Verum

2419 2012 2552 2086 ρξαθ.
2594 2013 2748 2066 Ἐπεὶ
2775 2012 2834 2066 δὲ
2896 2013 3032 2067 πολῦ
3068 2014 3228 2069 τοῦτο
3273 2012 3342 2088 ἦν
3373 2019 3471 2072 καὶ
3508 2020 3667 2092 μέχρι
3700 2023 3858 2093 πολλοῦ,

2347 2106 2443 2159 καὶ
2469 2105 2596 2169 τοὺς
2629 2104 2729 2175 μὲν
2755 2104 2949 2167 ἀλλους
2978 2106 3125 2177 ἑώρα
3147 2107 3358 2172 πάντας
3390 2109 3510 2162 ὅσοι
3542 2111 3711 2165 πίστει
3740 2131 3856 2185 προσ.

2346 2199 2514 2271 ῄσσαν
2539 2199 2636 2271 τὴν
2674 2199 2969 2270 θεραπείαν
2993 2201 3385 2271 κομιζομένους
3410 2218 3425 2232 ·
3464 2204 3643 2274 ἐαυτῷ
3667 2205 3717 2257 δὲ
3746 2206 3857 2274 μηδο-

2346 2288 2497 2344 τιοῦν
2572 2288 2710 2361 πρὸς
2773 2288 3097 2361 ἀπαλλαγὴν
3152 2290 3341 2344 κακῶν
3404 2292 3674 2346 τοσούτων
3726 2296 3857 2364 ima,-

2350 2384 2538 2452 μαῖνον
2574 2397 2589 2413 ⁸
2622 2380 3011 2452 ἀπαγορεύσας
3060 2384 3128 2453 τῇ
3169 2382 3280 2433 τῶν
3336 2381 3610 2452 Ἐλλήνων
3640 2383 3856 2453 θρησκείᾳ,

2342 2473 2571 2546 Χριστὲ,
2602 2474 2631 2527 ὁ
2661 2473 2810 2543 παρὰ
2832 2471 2927 2526 τοῦ
2953 2470 3142 2526 δούλου
3168 2488 3265 2525 σου
3297 2472 3530 2543 Συμεὼν
3561 2475 3622 2527 ἐκ
3644 2474 3730 2543 τῆς
3748 2476 3859 2542 ἁγίας

2346 2566 2627 2638 Παρθένου
2656 2566 2877 2637 Μαρίας
2904 2565 3161 2636 τεχθῆναι
3183 2566 3598 2637 κηρυσσόμενος
3618 2566 3751 2631 Θεὸς,
3774 2566 3856 2633 ἔφη,

2345 2659 2585 2731 πρόσχες
2613 2659 2803 2729 εὐχαῖς
2836 2659 3046 2711 ἐκείνου
3077 2658 3159 2722 είς
3180 2657 3280 2727 τὴν
3305 2658 3561 2729 βοήθειάν
3589 2677 3701 2729 μου.
3730 2658 3858 2713 Ταῦ-,α

2347 2749 2476 2821 ἔφη,
2512 2750 2608 2804 καί¹
2633 2749 2869 2820 δάκρυσι
2904 2750 3195 2819 μετανοίας
3221 2749 3322 2820 τὴν
3356 2751 3539 2821 καλὴν
3566 2750 3749 2821 ταύτην
3767 2767 3858 2802 κατ-

2345 2843 2577 2915 αρτίσας
2628 2842 2920 2914 ὁμολογίαν
2946 2881 2962 2908 ,
2994 2842 3302 2913 ἀναθέματι
3338 2844 3444 2914 τὴν
3472 2846 3728 2915 προτέραν
3745 2843 3859 2896 αὐτοῦ

2345 2934 2527 2987 δίδωσι
2551 2932 2766 3004 πλάνην
2795 2946 2808 2961 ⁶
2841 2933 2980 3003 ὅπερ
3011 2932 3113 2985 ούκ
3144 2935 3495 3005 ἀγνοήσαντα
3531 2936 3618 2987 τὸν
3650 2936 3771 3005 ἱερὸν
3789 2935 3859 2986 Συ-

2350 3023 2497 3096 μεὼν
2523 3024 2668 3094 ὕδωρ
2697 3023 2984 3095 ἐνεχθῆναι
3017 3024 3298 3087 κελεῦσαι,
3326 3028 3423 3079 καὶ
3450 3027 3551 3090 τὰς
3575 3029 3743 3098 χεῖρας
3768 3026 3861 3081 ἀτο-

2343 3116 2636 3187 νιψάμενον
2661 3114 2741 3186 τῷ
2758 3116 3021 3186 πάσχοντι
3039 3117 3384 3186 μεταδοῦναιο
3402 3118 3497 3171 τὸν
3513 3118 3569 3171 δὲ
3585 3118 3860 3188 χρησάμενον

2346 3390 2443 3445 καὶ
2498 3390 2624 3461 ὑγιῆ
2683 3392 2745 3443 οὐ
2801 3389 2962 3461 σῶμα
3012 3390 3176 3460 μόνον
3226 3391 3368 3445 άλλά
3422 3393 3523 3447 καὶ
3554 3392 3859 3463 ψυχὴν,ὃιαί

2346 3483 2666 3553 σωματικῆς
2700 3482 2890 3550 ὑγείας
2926 3482 3122 3553 μακρῷ
3154 3482 3358 3554 μεῖζον,
3381 3485 3575 3538 οἶκαδε
3606 3486 3853 3554 ἀφικέσθαι,

2342 3573 2524 3644 πολλῷ
2576 3574 2671 3627 τοῦ
2728 3574 3075 3640 ὲλπισθέντος
3112 3574 3321 3645 ἀγαθοῦ
3378 3577 3569 3631 πλεῖον
3614 3576 3856 3630 λαϐόντσώ

2344 3665 2773 3735 ἀπροσδόκητον.

2415 3793 2552 3864 ρξβὀ
2584 3794 2854 3863 Συγγενὲς
2881 3795 2961 3867 τῷ
2990 3797 3268 3869 εἰρημένῳ
3312 3798 3374 3852 τὸ
3407 3799 3734 3871 ἐπαγόμενον
3770 3800 3858 3865 ἄχρι

2340 3883 2508 3948 τινος,
2545 3883 2615 3938 τά
2659 3883 2705 3937 δ’
2727 3883 2854 3955 ἑξῆς
2909 3884 3122 3952 τούτου,
3165 3888 3391 3958 μείζονα
3458 3888 3638 3960 πολλῷ
3678 3889 3755 3941 καὶ
3794 3884 3857 3937 τοῦ

2342 3974 2725 4045 προλαϐόντος.
2760 3976 2963 4048 Ἕλλην
3000 3980 3111 4050 γάρ
3135 3996 3220 4044 τις
3249 3980 3465 4052 ἕτερος,
3501 3983 3603 4052 τῆς
3643 3977 3858 4047 είδωλιιῆε

2343 4064 2557 4135 πλάνης
2626 4065 2724 4119 καὶ
2791 4061 2970 4132 οὗτος,
3034 4069 3349 4140 παράλυτος
3414 4066 3570 4142 αὐτῷ
3626 4069 3857 4140 κομισθεξν

2340 4158 2443 4230 τῆς
2490 4159 2573 4223 είς
2626 4159 2867 4230 Χριστδν
2920 4159 3017 4213 καὶ
3059 4161 3221 4226 αὐτὸς
3277 4162 3546 4231 πίστεως,
3598 4162 3858 4235 πράγματος

2341 4250 2585 4323 ἀμόχθου
2615 4253 2709 4306 καὶ
2730 4252 3008 4307 ἀδαπάνου
3031 4292 3048 4319 ,
3085 4254 3362 4326 σωτηρίαν
3392 4256 3593 4329 διπλῆν
3622 4255 3854 4324 πορίζεται,

2340 4339 2375 4411 ἢ
2401 4341 2736 4413 πολλαπλῆν,
2772 4342 2800 4395 ὃ
2845 4343 2942 4397 καὶ
2975 4344 3200 4415 μᾶλλον,
3240 4347 3351 4419 ὅσῳ
3383 4348 3486 4401 καὶ
3517 4347 3615 4418 τῆς
3654 4345 3799 4417 ψυχῆς
3818 4344 3856 4392 τὸ

2340 4431 2619 4504 διάφορον.
2664 4433 2802 4487 Ἀλλ’
2827 4430 2896 4505 ἦν
2931 4436 3139 4508 ἔσχατα
3178 4437 3350 4493 νοσῶν
3400 4438 3555 4510 αύτῷ
3595 4437 3857 4501 καὶυίὺς,ἰν

650 4535 773 4587 erat
813 4526 892 4582 illi
919 4527 1065 4583 filius
1088 4540 1332 4597 quoque,
1365 4524 1691 4597 gravissima
1735 4524 2064 4596 aegritudine
2114 4522 2231 4579 fere

2347 4524 2447 4577 οὐκ
2472 4526 2637 4591 αὐτὸς
2669 4526 2851 4596 μόνος,
2890 4528 3028 4583 ἀλλά
3061 4531 3157 4583 καί⁵
3197 4532 3231 4601 ἡ
3269 4534 3455 4603 μήτηρ
3503 4526 3857 4595 λαϐόντες,ήδῦ

644 4616 1000 4687 desperatus,
1041 4632 1208 4687 quem
1245 4625 1362 4671 tum
1400 4615 1521 4686 ipse
1556 4624 1674 4670 tum
1710 4626 1889 4671 mater
1931 4615 2229 4679 sublatum,

643 4709 815 4768 .dulce
844 4710 1074 4779 utrique
1129 4710 1371 4781 pondus,
1427 4708 1496 4764 ad
1554 4716 1811 4763 sanctum
1883 4707 2233 4763 aﬁ‘erebant:

644 4802 752 4858 sed
783 4802 838 4856 in
863 4802 1062 4857 itinere
1118 4818 1257 4873 puer
1315 4802 1554 4855 animam
1595 4801 1861 4862 reddidit,
1913 4800 2239 4870 parentibus

655 4894 921 4949 acerbum
948 4894 1261 4960 decessum,
1303 4895 1382 4949 uti
1416 4893 1550 4964 ipsis
1573 4908 1692 4949 mos
1725 4902 1831 4959 est,
1878 4893 2239 4947 lamentanti-

645 4985 775 5047 bus.
804 4985 943 5041 Cum
988 5002 1141 5053 vero,
1192 4986 1305 5058 jam
1356 4985 1613 5056 persuasi
1670 4985 1808 5039 nihil
1865 4984 1920 5039 in
1968 4985 2238 5039 ulteriore

649 5078 854 5138 itinere
941 5080 1063 5149 opis
1134 5095 1447 5150 superesse,
1527 5078 1952 5134 constituissent
2010 5078 2237 5132 domum

650 5170 909 5243 regredi,
948 5170 1085 5225 illud
1117 5171 1261 5241 patri
1289 5172 1344 5226 in
1396 5181 1638 5227 mentem
1686 5171 1877 5225 venit:
1910 5170 2094 5236 Quid?
2141 5170 2238 5240 qui

648 5281 739 5320 me
781 5264 1147 5335 paralyticum
1171 5272 1228 5320 et
1261 5264 1471 5334 portari
1526 5279 1755 5319 necesse
1803 5263 2099 5319 habentem
2144 5279 2241 5317 ro-

649 5358 893 5424 boravit,
923 5368 981 5414 et
1019 5356 1225 5429 pedum
1250 5357 1741 5425 membrorumque
1770 5356 2018 5410 omnium
2076 5372 2236 5412 usum

648 5450 920 5517 restituit,
946 5467 1133 5506 nonne
1150 5451 1359 5521 poterit
1392 5450 1542 5505 hunc
1588 5465 1811 5521 quoque
1843 5451 2017 5505 filium
2050 5466 2236 5507 meum

650 5543 991 5600 resuscitare
1008 5542 1032 5597 ’ί

719 5652 844 5709 165.
879 5652 1113 5710 Talibus
1142 5653 1331 5709 animo
1369 5652 1574 5708 volutis
1606 5652 1878 5723 uxorique
1929 5653 2241 5709 communi-

652 5741 820 5810 catis,
848 5744 1267 5800 resumuntiter
1314 5761 1511 5801 versus
1556 5755 1829 5811 sanctum,
1886 5761 2082 5816 magna
2128 5762 2239 5802 non

650 5834 816 5894 modo
833 5850 928 5908 spe
946 5835 1091 5905 fulti,
1112 5837 1208 5895 sed
1231 5837 1397 5895 etiam
1421 5839 1660 5898 roborati
1691 5839 1816 5899 ﬁde.
1838 5841 2069 5912 Jamque
2098 5841 2229 5898 sub-

2347 4616 2574 4689 φόρημα
2631 4617 2889 4684 τεκοῦσι,
2931 4620 3303 4692 προσφέρουσι
3352 4622 3434 4694 τῷ
3500 4624 3659 4695 ἀγίῳ.
3697 4618 3858 4682 Meruit:

2342 4708 2401 4762 δὲ
2425 4713 2526 4781 τῆς
2578 4710 2803 4781 πορείας
2828 4753 2844 4779 ,
2873 4714 3081 4783 οίχεται
3129 4713 3228 4784 μὲν
3258 4715 3287 4767 ὁ
3318 4714 3435 4780 υίὸς
3477 4716 3580 4786 τὴν
3610 4709 3859 4767 τελευταίαν

2342 4802 2560 4869 γονεῦσι
2587 4803 2683 4856 καὶ
2708 4804 2916 4875 πικράν
2938 4804 3208 4875 ἐκδημίαν
3227 4821 3241 4834 ·
3268 4804 3365 4858 καὶ
3390 4803 3680 4876 θρηνοῦσιν
3706 4800 3856 4857 αὐτὸν.

2341 4894 2443 4948 ὅσα
2500 4894 2740 4962 πατράσι
2784 4895 2970 4967 νόμος.
3003 4895 3295 4968 Οίηθέντες
3326 4897 3384 4948 δὲ
3425 4895 3692 4967 μηδεμίαν
3725 4888 3856 4947 uiri;

2340 4986 2451 5040 ἀπὸ
2471 4986 2566 5041 τοῦ
2588 4986 2684 5042 νῦν
2716 4986 2904 5057 ὄνησιν
2928 4984 3071 5043 εῖναι
3101 4991 3201 5059 τῆς
3234 4990 3316 5050 είς
3341 4988 3555 5042 ἐκεῖνον
3579 4985 3710 5049 ὁδοῦ,
3734 4983 3854 5048 ἔγνω-

2345 5096 2444 5133 σαν
2483 5079 2665 5134 οῐκαδε
2724 5080 3105 5151 ἀναστρέφειν,
3161 5076 3279 5133 εἶτα
3327 5081 3510 5136 έκεῖνο
3564 5079 3653 5131 τὸν
3702 5072 3857 5138 πατέρι

2341 5172 2649 5245 εἰσέρχεται
2674 5212 2689 5236 ,
2712 5172 2788 5237 ὡς
2817 5174 2927 5246 ἄρα
2961 5173 3022 5227 '0
3065 5173 3394 5245 παρειμένον
3422 5173 3528 5243 ἐμὲ
3559 5170 3648 5225 καὶ
3680 5165 3858 5237 φερόμε-

2345 5284 2507 5337 μενον
2549 5267 2750 5341 ῥώσας,
2781 5267 2871 5321 καὶ
2906 5267 3144 5339 χρῆσθαι
3179 5268 3253 5340 μὴ
3286 5267 3416 5319 ποσὶ
3456 5266 3643 5337 μόνον,
3664 5260 3777 5317 ἀλλὰ
3793 5254 3858 5309 καὶ

2343 5360 2479 5413 πᾶσι
2508 5360 2696 5430 μέλεσι
2741 5353 3222 5431 παρασχὼν,ἦπου
3266 5357 3489 5421 δυνατὸς
3512 5347 3665 5418 οὗτος
3702 5343 3857 5404 καὶτὺν

2346 5452 2461 5507 υίὺν
2480 5453 2808 5523 ἀναστῆσαι.

2422 5659 2557 5731 ρξγ’.
2584 5656 2770 5713 Ταῦτα
2796 5654 2919 5711 καθ’
2942 5653 3139 5709 ἑαυτὸν
3162 5650 3462 5721 διανοηθείς
3491 5648 3589 5703 καὶ
3610 5648 3674 5717 τῇ
3698 5633 3857 5710 γυναικὶ

2346 5751 2893 5821 κοινολογησάμενος,
2947 5747 3255 5800 στέλλονται
3288 5744 3389 5816 τὴν
3445 5740 3602 5813 παρὰ
3637 5736 3721 5791 τὸν
3746 5735 3855 5821 am

2347 5840 2519 5910 αὖθις,
2548 5814 2686 5911 μετὰ
2708 5814 2962 5910 τοιαύτης
2994 5836 3095 5892 οὐκ
3120 5814 3518 5906 ὲλπίδοςήμόνον
3545 5828 3677 5886 ἀλλὰ
3697 5822 3773 5879 καὶ
3792 5814 3851 5870 εί·
