3988 6486
100 364 244 429 313⁸1

1137 360 1315 421 VlTA
1354 358 1399 416 A
1442 344 1888 417 NICEPHORO
1928 350 2422 417 CONSCRIPTA.

3228 356 3396 422 ’3138

101 492 301 539 στεως.
328 474 467 545 Ἤδη
496 472 556 528 δὲ
586 472 688 543 τὴν
714 470 885 543 μονὴν
918 469 1201 538 εἰσιοῦσιν,
1232 471 1391 542 ἔτυχέ
1416 486 1540 524 τινα
1576 486 1683 540 μα-

1813 465 1946 521 bant
1968 467 2363 522 monasterium
2386 507 2401 534 ,
2431 482 2557 522 cum
2590 467 2731 523 forte
2759 467 3151 540 magistrianus
3182 468 3394 539 (ΔΞ-43)

98 566 419 638 γιστριανδν
460 565 851 637 ὑπαντήσαντα
908 563 1121 628 τούτοις
1167 564 1385 635 ἐπέχειν
1431 562 1531 635 τὴν
1576 562 1691 617 εἴσ-

97 662 243 725 οδον,
291 659 547 731 περιττὸν
600 652 740 713 εἶναι
792 656 1021 725 λέγοντα
1058 655 1152 710 καὶ
1194 655 1295 709 οὐκ
1342 653 1600 727 εὔκαιρον
1628 654 1690 709 τὺ

94 754 414 824 γινόμενον.
460 751 524 804 Εἰ
559 751 666 821 γάρ
705 748 800 802 καὶ
830 749 966 802 πᾶσι
996 748 1201 820 Κύριος
1232 747 1401 816 ἐγγὺς
1425 750 1537 809 τοῖς
1569 748 1691 800 ἐπι-

98 843 467 915 καλουμένοις
498 841 661 897 αὐτὸν
689 841 747 896 ὲν
774 839 1027 912 ἀληθείᾳ,
1066 839 1164 893 καὶ
1210 836 1425 909 θέλημα
1456 837 1567 891 τῶν
1594 855 1690 908 φο-

98 936 388 1007 6ουμένων
438 933 602 989 αύτόν
648 929 757 987 οἶδε
790 934 988 999 ποιεῖν,
1032 931 1169 987 ἀλλὰ
1208 930 1388 1002 ψυχὴν
1418 931 1564 998 ἀπαξ
1593 930 1688 984 τοῦ

101 1028 361 1100 σώματος
387 1027 777 1098 έκδημήσασαν
817 1024 1162 1097 ἀναστρέψαι
1191 1024 1355 1077 πάλιν
1383 1023 1686 1095 ἀμήχανον.

102 1124 291 1192 Ὅπερ
316 1122 410 1176 τὸν
444 1121 586 1175 θεῖον
632 1121 800 1191 ἄνδρα
846 1121 923 1191 μὴ
966 1122 1313 1191 ἀγνοήσαντα
1351 1118 1472 1172 ὅλον
1502 1117 1693 1171 ἑαυτὸν

104 1219 405 1282 συντεῖναι,
456 1215 551 1270 καὶ
590 1214 727 1286 πρὸς
753 1214 887 1267 Θεὸν
923 1215 984 1268 οὐ
1012 1216 1200 1286 χεῖρας
1234 1212 1394 1283 μόνον
1435 1211 1570 1266 ἀλλὰ
1600 1211 1694 1265 καὶ¹

101 1310 340 1380 καρδίας
368 1309 684 1379 ὀφθαλμοὺς
701 1309 1077 1375 ἀνατείναντα,
1109 1307 1335 1380 Χριστὲ,
1360 1307 1548 1376 φάναι,
1582 1308 1695 1361 Ila-

103 1401 241 1472 τρδς
271 1400 509 1471 ἀνάρχου
542 1400 638 1457 Υἱὲ
670 1399 977 1470 μονογενὲς,
1007 1399 1093 1469 ἐφ’
1117 1398 1177 1453 ὃν
1204 1399 1298 1452 καὶ
1325 1396 1694 1452 σιτεπιστεύκα⁴

107 1512 212 1564 μεν
237 1494 333 1548 καὶ
367 1493 730 1563 πεποίθαμεν,
763 1494 797 1563 η
820 1492 1049 1563 δύναμις
1076 1493 1236 1563 ἡμῶν
1262 1491 1356 1545 καὶ
1380 1489 1694 1562 καταφυγὴ,

105 1587 171 1640 οῦ
203 1586 297 1650 σὸς
321 1585 557 1656 ἀψευδὴς
584 1584 765 1653 λόγος,
796 1585 857 1638 οὐ
897 1583 966 1655 σὴ
996 1584 1133 1655 πρὸς
1161 1585 1290 1647 τοὺς
1323 1583 1569 1654 μαθητὰς
1596 1584 1696 1636 ἔῑπ⁸

109 1678 347 1748 ἀγγελία
368 1693 383 1707 ·
433 1678 577 1732 Ἐὰν
614 1676 792 1747 ἔχητε
834 1676 1064 1744 πίστιν,
1103 1675 1287 1731 οὐδὲν
1328 1675 1698 1742 ἀδυνατήσει

105 1771 295 1842 ὑμῖν;
330 1770 515 1824 Ταῦτα
544 1770 682 1838 πρὸς
710 1769 842 1823 Θεὸν
874 1768 1055 1842 ἡσυχῆ
1103 1768 1373 1840 διελέχθη,
1404 1771 1495 1823 καὶ
1522 1767 1583 1822 τὸ
1614 1787 1699 1822 νε-

110 1862 250 1934 κρὸν
283 1860 378 1915 τοῦ
406 1861 594 1925 παιδὸς
644 1860 804 1932 σῶμα
837 1861 946 1933 πρὸ
968 1859 1135 1914 αὑτοῦ
1167 1860 1397 1931 τεθῆναι
1433 1859 1698 1924 κελεύσας

110 1954 320 2022 γόνατά
352 1970 410 2006 τε
445 1952 580 2016 θεὶς,
611 1952 709 2006 καὶ
746 1952 949 2015 ίκανῶς
972 1952 1437 2023 προσευξάμενος,
1470 1949 1591 2006 εῐτα
1623 1952 1701 2006 δι-

110 2046 356 2110 αναστὰς
404 2045 685 2118 θαρῤαλέα
739 2046 876 2116 πρὸς
926 2046 1016 2099 τὸν
1054 2045 1307 2116 κείμενον
1345 2045 1558 2118 γλώττῃ
1585 2088 1599 2110 ,
1643 2047 1700 2100 Ὀ

110 2140 355 2204 καλέσας
386 2141 763 2211 τετραήμερον
801 2142 866 2193 ὲκ
892 2141 1065 2209 τάφου
1090 2140 1363 2212 Λάζαρον,
1397 2140 1523 2211 ἔφη,
1548 2140 1704 2194 καλεῖ

116 2248 179 2284 σε
214 2231 284 2284 δι’
314 2233 448 2303 ἐμοῦ
496 2232 591 2285 τοῦ
638 2232 825 2285 δούλου
871 2231 1059 2287 αὐτοῦ.
1102 2233 1211 2287 Καὶ
1255 2235 1598 2305 παραχρῆμα
1638 2232 1705 2301 (ὣ

111 2323 255 2377 Θεοῦ
279 2324 621 2388 δυναστείαςί
650 2322 695 2377 ὣ
715 2323 954 2377 ἀϐύσσου
980 2326 1376 2396 χρηστότητοςί
1414 2324 1459 2379 ὥ
1491 2325 1583 2378 καὶ
1608 2325 1705 2377 αὒ-

107 2419 228 2481 τοῖς
259 2417 559 2488 ὀφθαλμοῖς
591 2418 823 2472 ἀπίστου
849 2418 941 2473 καὶ
971 2419 1234 2473 ἀπιθάνου
1262 2420 1532 2489 θεάματος
1551 2420 1587 2489 i)
1626 2419 1704 2473 δι·-

110 2511 319 2579 ανέστη
363 2510 580 2562 πάντων
626 2508 900 2581 ὁρώντων,
938 2511 1033 2566 καὶ
1086 2510 1196 2575 ζῶν
1239 2514 1351 2574 τοῖς
1382 2511 1633 2565 τεκοῦσιν
1677 2513 1705 2565 ὀ

109 2602 313 2672 νεκρὸς
338 2601 666 2667 ἀποδίδοται,
694 2602 880 2673 θαῦμα
907 2604 968 2656 οὐ
1005 2603 1165 2673 μόνον
1198 2603 1257 2656 οὐ
1289 2604 1537 2673 χωρητὸν
1567 2605 1702 2675 ἀκοῇ

117 2692 198 2763 μὴ
233 2693 473 2767 τυχούσῃ
517 2693 617 2764 τῆς
661 2693 790 2758 θέας
822 2734 836 2756 ,
869 2695 985 2748 ἀλλ’
1015 2694 1138 2748 οὐδὲ
1182 2695 1482 2767 ὀφθαλμοῖς
1537 2695 1705 2749 ἰδοῦσι

116 2786 293 2840 πιστά
326 2784 523 2857 μικροῦ
553 2784 840 2857 τιθέμενον
862 2787 931 2840 τά
950 2786 1222 2858 ὁρώμενα.

1729 1827 1772 1881 Β

1798 556 2025 628 quidam
2058 557 2278 611 obviam
2320 557 2521 623 factus,
2553 568 2708 613 arcet
2737 558 2862 613 illos
2912 559 3165 625 introitu,
3203 574 3398 631 supel-

1796 664 2111 705 vacaneum
2138 649 2402 705 dictitans
2443 658 2499 704 et
2533 658 2714 704 actum
2747 666 2911 722 agere
2943 670 2957 706 :
2997 652 3215 707 tametsi
3245 652 3395 707 enim

1795 757 1968 813 prope
2019 741 2093 797 sit
2152 743 2419 797 Dominus
2470 742 2731 797 omnibus
2780 743 3168 799 invocantibus
3219 760 3278 800 se
3336 744 3396 799 in

1792 832 2048 898 veritate,
2112 842 2170 889 et
2220 834 2565 889 voluntatem
2623 834 2937 889 timentium
2986 850 3045 890 se
3098 836 3272 890 soleat
3313 835 3395 889 fa-

1793 940 1922 981 cere
1947 945 1960 980 :
1990 925 2354 980 nihilominus
2373 927 2612 980 animam
2634 940 2867 996 corpore
2894 927 3064 982 semel
3090 942 3394 998 egressam,

1793 1031 1862 1071 eo
1896 1016 2236 1086 postliminio
2288 1016 2493 1072 reverti
2528 1033 2812 1087 nunquam
2858 1033 3047 1088 posse.
3094 1018 3232 1075 Cum
3278 1020 3395 1076 haec

1794 1111 2085 1181 perspicue
2118 1111 2493 1167 innotuissent
2530 1113 2655 1168 viro
2706 1114 2843 1179 Dei,
2900 1122 3076 1168 totum
3118 1130 3178 1169 se
3211 1114 3396 1169 inten-

1796 1202 1952 1268 dens,
1984 1204 2182 1259 levatis
2230 1204 2298 1259 ad
2321 1206 2523 1260 caelum
2554 1205 2818 1261 manibus
2849 1206 3162 1276 mentisque
3198 1207 3395 1272 oculis,

1797 1294 2037 1360 Christe,
2068 1296 2250 1367 inquit
2276 1337 2291 1361 ,
2325 1298 2504 1352 Patris
2540 1298 2815 1369 principio
2866 1300 3110 1354 carentis
3144 1298 3398 1370 unigeni-

1798 1395 1889 1442 tus
1918 1388 2109 1454 Filius,
2146 1390 2202 1442 in
2256 1405 2420 1458 quem
2457 1398 2512 1444 et
2541 1389 2820 1445 credimus
2848 1402 2905 1445 et
2944 1395 3254 1461 speramhs,
3286 1391 3399 1445 vir-

1799 1492 1888 1536 tus
1915 1492 1971 1536 et
2000 1482 2273 1553 refugium
2308 1490 2560 1538 nostrum
2585 1524 2600 1547 ,
2637 1499 2751 1538 non
2810 1482 2949 1537 fallit
2978 1483 3209 1539 verbum
3240 1494 3397 1539 tuum

1799 1588 1904 1628 nec
1946 1573 2243 1644 promissio
2276 1573 2563 1645 discipulis
2594 1575 2735 1630 facta
2768 1594 2781 1630 :
2811 1573 2869 1630 Si
2901 1577 3192 1630 habueritis
3214 1576 3393 1645 ﬁdem,

1799 1665 1981 1718 omnia
2008 1665 2147 1718 vobis
2177 1664 2445 1735 possibilia
2479 1674 2603 1719 sunt
2633 1667 2701 1721 ".
2733 1665 2861 1721 Haec
2892 1682 3018 1721 cum
3047 1667 3158 1722 Deo
3183 1676 3397 1722 secreto

1803 1757 2134 1822 collocutus,
2159 1756 2399 1827 imperat
2421 1757 2579 1826 pueri
2604 1755 2842 1812 cadaver
2862 1767 2989 1813 ante
3018 1773 3076 1812 se
3099 1758 3249 1828 poni;
3277 1767 3395 1812 tum

1800 1849 2035 1919 genibus
2081 1848 2281 1918 positis
2309 1848 2523 1918 prolixe
2575 1848 2779 1914 oravit,
2835 1865 3183 1920 surgensque
3223 1848 3398 1904 conii-

1801 1942 1955 1998 denti
1982 1956 2119 1997 voce
2142 1949 2362 1996 mortuo
2391 1940 2530 1996 dixit
2558 1959 2571 1994 :
2594 1941 2698 2008 Qui
2722 1941 3164 2012 quadriduanum
3193 1941 3400 1997 excivit

1802 2050 1834 2090 e
1856 2035 2116 2105 sepulcro
2134 2033 2426 2099 Lazarum,
2454 2041 2651 2089 evocat
2673 2044 2724 2089 te
2744 2049 2843 2104 per
2863 2050 2951 2089 me
2968 2050 3190 2089 servum
3212 2050 3396 2089 suum.

1802 2128 1917 2183 Nec
1945 2127 2274 2197 interposita
2298 2141 2455 2181 mora
2485 2136 2590 2190 est,
2627 2126 2801 2197 surgit
2828 2131 2883 2193 (ο
2913 2127 3210 2196 potentiam
3251 2126 3395 2180 divi-

1805 2220 1967 2275 nam!
2005 2235 2038 2273 0
2070 2218 2335 2274 bonitatis
2360 2218 2649 2290 abyssum!
2685 2233 2718 2272 ο
2751 2218 3150 2287 spectaculum.
3197 2215 3398 2271 viden-

1812 2311 1960 2365 tibus
1976 2310 2140 2365 etiam
2165 2309 2338 2363 oculis
2356 2306 2960 2379 persuasupredituque
2980 2305 3401 2373 diiiicilel),sur-

1811 2402 1889 2473 git
1915 2401 2361 2472 inspectantibus
2387 2401 2624 2464 cunctis,
2650 2407 2707 2453 et
2736 2399 2896 2453 vivus
2928 2399 3253 2469 parentibus
3282 2398 3400 2453 suis

1807 2492 2085 2549 redditur.
2117 2492 2258 2547 Illud
2290 2492 2542 2562 proiecto
2570 2492 2901 2546 miraculum
2945 2500 3050 2556 est,
3085 2490 3236 2562 quod
3282 2506 3398 2545 non

1809 2585 2038 2641 auribus
2070 2584 2237 2638 modo
2276 2599 2472 2638 eorum
2518 2584 2612 2653 qui
2649 2583 2731 2637 rei
2777 2594 2944 2654 gesta!
2977 2597 3091 2637 non
3132 2582 3400 2637 interfue-

1809 2682 1978 2743 runt,
2017 2674 2116 2731 sed
2169 2674 2304 2744 ipsis
2349 2688 2571 2743 quoque
2603 2673 2954 2728 intuentibus
2991 2688 3176 2728 coram
3223 2672 3401 2728 oculis

1812 2767 2376 2839 incomprehensibile
2396 2766 2640 2831 videtur,
2669 2773 2860 2837 utpote
2896 2764 3276 2837 magnitudine
3299 2778 3400 2821 sua

1816 2861 1985 2918 ﬁdem
2037 2860 2327 2917 oculorum
2356 2873 2651 2929 superans.

1556 3024 1783 3083 CAPUT
1820 3024 1968 3084 XXI.

868 3134 1230 3209 Paralyticus,
1264 3139 1483 3207 surdus,
1535 3148 1735 3205 mutus,
1792 3140 2046 3211 furiosus,
2102 3140 2327 3196 claudus
2373 3150 2656 3195 curantur.

195 3246 325 3319 ρξδ.
362 3249 528 3305 Οῦπω
562 3250 718 3317 τέλος
744 3244 859 3323 εἶχε
892 3252 955 3308 τδ
994 3218 1205 3308 τοιοῦτο
1239 3253 1368 3325 περὶ
1395 3252 1488 3308 τὸν
1513 3254 1707 3324 νεκρὸν

1884 3256 2009 3312 164.
2048 3256 2306 3311 Nondum
2338 3256 2500 3327 plane
2531 3255 2845 3311 absolutum
2886 3265 3004 3312 erat
3042 3255 3402 3324 miraculum,

117 3339 313 3411 θαῦμα
336 3342 413 3414 τῷ
438 3342 685 3415 Συμεὼν,
706 3345 800 3399 καὶ
832 3347 1216 3418 προσήνεγκαν
1243 3345 1531 3419 ἄνθρωπον
1563 3346 1712 3419 αὐτῷ

121 3433 532 3502 συγκύπτοντα,
560 3437 655 3491 καὶ
675 3438 736 3491 οὐ
771 3438 932 3509 μόνον
960 3437 1214 3508 οὐδαμῶς
1237 3438 1516 3508 ἀνακύψαι
1549 3438 1713 3493 δυνά-

121 3541 311 3596 μενον,
347 3525 484 3580 ἀλλά
526 3526 623 3581 καὶ
656 3527 927 3599 τράχηλον
955 3530 1050 3586 καὶ
1081 3529 1346 3601 κεφαλὴν,
1381 3529 1475 3585 καὶ
1509 3529 1628 3585 ὅλον
1653 3529 1714 3584 τὸ

120 3618 289 3688 σῶμα
341 3618 482 3673 οῦτω
516 3620 931 3692 πεπεδημένον,
989 3622 1067 3685 ὡς
1116 3621 1240 3694 μηδ’
1268 3622 1376 3694 ὅτῳ
1417 3618 1511 3677 οὖν
1563 3623 1714 3693 μέλει

119 3710 384 3765 δύνασθαι
410 3712 686 3783 χρῆσθαι·
716 3713 779 3777 ὃς
807 3713 996 3767 τοῦτον
1032 3714 1176 3781 ἰδὼν,
1205 3715 1413 3786 ὲλεεινῇ
1459 3715 1536 3779 ὼς
1569 3709 1715 3786 εἶχεν

120 3803 259 3855 ἐϐόα
286 3807 461 3873 φωνῇ,
500 3803 753 3877 Ἐλέησόν
779 3822 868 3876 με,
895 3804 1050 3860 δοῦλε
1069 3806 1164 3860 τοῦ
1190 3806 1325 3861 Θεοῦ
1349 3806 1443 3861 τοῦ
1466 3806 1712 3877 ὑψίστου.

133 3893 197 3948 Ὅ
229 3894 286 3947 δὲ
314 3898 472 3967 χεῖρα
510 3895 588 3968 τῷ
627 3897 888 3969 τραχήλῳ
933 3899 1029 3953 τοῦ
1076 3899 1272 3972 ἀνδρὸς
1314 3900 1543 3963 ἐπιθεὶς,
1579 3901 1715 3967 ίέπι-

122 3987 322 4055 κλήσει
352 3988 472 4058 θείᾳ
504 3989 937 4061 δυναμουμένην,
961 3991 1129 4062 ἀνῆκε
1160 3993 1260 4063 τῆς
1289 3992 1518 4061 ἀφίκτου
1546 3991 1715 4062 πέδης

122 4081 343 4152 ἐκείνης
366 4081 465 4153 τὴν
489 4083 753 4155 κεφαλὴν,
788 4080 906 4138 εἶτα
925 4087 991 4157 τῇ
1018 4085 1155 4157 αὐτῇ
1182 4085 1372 4139 τοῦτον
1397 4085 1542 4156 χειρὶ
1570 4085 1714 4139 κατά

120 4170 301 4226 νώτου
327 4172 532 4238 παίσας
552 4174 689 4245 ὁμοῦ
713 4177 781 4246 τῇ
801 4174 983 4247 πληγῇ
1011 4177 1105 4231 καὶ
1127 4176 1225 4248 τὴν
1251 4177 1359 4232 τῶν
1386 4176 1589 4231 ὀδυνῶν
1610 4179 1715 4232 ἀπ-

122 4262 394 4335 αλλαγὴν,
452 4265 547 4318 καὶ
607 4266 707 4335 τὴν
760 4265 869 4320 τῶν
918 4267 1095 4338 μελῶν
1146 4268 1320 4334 λύσιν,
1360 4268 1456 4323 καὶ
1488 4268 1588 4341 τὴν
1617 4268 1714 4322 τοῦ

122 4356 333 4420 mm;
392 4356 646 4428 σώματος
703 4359 1017 4431 ἐλευθερίαν
1067 4361 1371 4431 χαρίζεται.
1412 4362 1523 4414 Καὶ
1571 4360 1716 4415 οὕτω

128 4448 389 4518 πέμπτου
430 4452 522 4504 ἐπὶ
565 4454 859 4523 τριάκοντα
906 4452 1180 4515 ἐνιαυτοῦ,
1229 4453 1408 4522 μελῶν
1455 4453 1591 4523 πέδη
1620 4454 1717 4508 καὶ

122 4537 386 4609 σώματος
415 4542 668 4612 πάρεσις,
697 4541 773 4604 ὡς
798 4539 893 4594 τοῦ
928 4541 1228 4611 πάσχοντος
1258 4539 1478 4593 ἀκούειν
1506 4536 1595 4611 ἦν,
1625 4540 1717 4594 τὸν

1813 3350 1961 3420 quod
2001 3349 2055 3405 in
2087 3360 2307 3406 mortuo
2335 3353 2445 3424 jam
2481 3353 2631 3408 dicto
2679 3349 2932 3422 patrabat
2983 3349 3243 3420 Symeon,
3274 3365 3402 3405 cum

1813 3442 2094 3498 hominem
2150 3443 2436 3500 adducunt
2469 3445 2665 3509 alium,
2722 3444 3095 3506 incurvatum,
3152 3457 3259 3497 nec
3306 3456 3401 3497 so-

1812 3533 1928 3589 lum
1976 3550 2085 3589 non
2136 3536 2409 3590 valentem
2461 3550 2522 3590 se
2581 3535 2695 3589 ullo
2747 3533 2913 3588 modo
2972 3533 3191 3603 erigere
3237 3548 3253 3587 :
3303 3547 3402 3587 ve-

1813 3639 1938 3681 rum
1985 3624 2153 3679 etiam
2185 3624 2348 3688 collo,
2383 3623 2586 3694 capite,
2632 3638 2697 3677 ac
2746 3630 2859 3676 loto
2881 3635 3115 3690 corpore
3158 3619 3235 3674 ita
3267 3634 3404 3674 con-

1815 3726 2052 3772 tractum
2108 3716 2567 3786 impeditumque,
2616 3723 2680 3769 ut
2716 3713 2950 3769 membri
3000 3711 3211 3767 nullius
3242 3727 3403 3767 usum

1812 3809 2051 3865 liberum
2106 3808 2358 3862 haberet.
2411 3806 2483 3861 Ut
2545 3805 2635 3860 hic
2682 3804 3011 3876 Symeonem
3057 3801 3217 3870 vjdit,
3268 3815 3406 3856 voce

1814 3914 1980 3970 quam
2025 3898 2206 3968 potuit
2251 3897 2491 3951 maxime
2527 3894 2870 3951 lamentabili
2907 3893 3162 3949 clamavit
3194 3909 3208 3947 :
3245 3892 3407 3947 Mise-

1814 4006 1941 4045 rere
1980 3989 2112 4055 mei,
2157 3988 2361 4043 famule
2404 3987 2501 4043 Dei
2536 3985 2812 4042 altissimi.
2847 3984 2939 4040 Sic
2980 3985 3268 4039 invocatus
3290 3999 3407 4039 ma-

1813 4098 1949 4137 num
2000 4081 2235 4151 imponit
2280 4081 2425 4136 collo
2466 4080 2596 4147 viri,
2646 4093 2870 4134 manum
2922 4076 3271 4131 invocatione
3320 4073 3406 4130 di-

1813 4174 1943 4230 vina
1962 4182 2269 4245 potentem,
2302 4182 2359 4229 et
2412 4173 2649 4229 nexibus
2694 4171 2890 4227 solutis
2939 4178 3106 4240 caput
3159 4168 3406 4223 restituit

1817 4267 1920 4323 sibi
1952 4284 1966 4320 :
1995 4277 2113 4321 tum
2137 4265 2333 4321 eadem
2370 4280 2537 4319 manu
2602 4263 2711 4318 viri
2774 4271 2990 4333 tergum
3057 4261 3306 4331 percutit
3347 4266 3405 4315 et

1817 4359 1936 4429 ipsa
1957 4357 2321 4429 percussione
2341 4356 2728 4427 depulsionem
2759 4355 3011 4411 dolorum
3032 4362 3089 4408 et
3122 4352 3406 4408 membro-

1817 4463 1940 4504 rum
1963 4448 2318 4512 solutionem,
2346 4456 2403 4500 et
2427 4446 2682 4516 corporis
2705 4444 2878 4499 t0tius
2895 4442 3213 4512 expeditum
3241 4457 3405 4497 usum

1820 4539 2094 4596 concedit.
2112 4538 2292 4609 Atque
2322 4538 2398 4593 ita
2435 4536 2832 4607 impedimenta
2862 4535 3194 4604 vinculaque
3224 4548 3405 4588 mem-

120 4607 245 4701 τῆς⁸
279 4607 565 4695 ἀσθενείας
618 4634 810 4704 χρόνον
860 4607 1298 4705 δημοσιεύοντος,
1340 4632 1451 4702 ἀφῇ
1495 4607 1597 4703 μιᾷ
1625 4632 1707 4686 xui

1826 4622 2055 4685 brorum
2093 4645 2161 4683 ac
2188 4607 2459 4699 paralysis
2485 4626 2759 4696 corporis,
2793 4641 2917 4695 qua:
2934 4626 3045 4695 jam
3071 4625 3320 4694 quinque
3348 4630 3406 4676 et

124 4724 315 4796 πληγῇ
348 4725 669 4795 παραδόξως
690 4725 897 4780 λύεται.

1828 4722 2054 4794 triginta
2084 4735 2261 4775 annos
2284 4726 2580 4775 tenuerant
2629 4716 3115 4789 (quemadmodum
3162 4730 3230 4769 ex
3285 4714 3408 4784 ipso

121 4836 280 4891 τεετο
300 4823 495 4876 audire
521 4821 699 4887 licuit,
736 4829 955 4891 tempus
1018 4818 1498 4875 infirmitatis-sua:
1555 4817 1775 4889 publice
1814 4816 2185 4888 enuntiante),
2238 4814 2481 4869 tactione
2549 4828 2660 4868 una
2722 4825 2945 4882 unaque
3005 4807 3402 4880 percussione,

126 4921 340 4982 prmter
371 4914 839 4982 exspectationem
869 4911 1197 4968 mirabiliter
1225 4910 1404 4967 soluta
1429 4909 1677 4965 fuerunt.

217 5004 345 5077 ρξε’.
382 5000 517 5059 Εἶτα
565 5006 1013 5077 προσηνέχθησαν
1060 5003 1210 5076 αὐτῷ
1266 5004 1505 5068 νεάνιδες
1538 5004 1653 5069 δύο,
1691 5005 1724 5076 ἡ

132 5096 239 5165 μὲν
266 5095 361 5165 τὴν
392 5097 639 5164 γλῶτταν
665 5098 1039 5170 πεπεδημένη,
1061 5100 1095 5169 η
1131 5097 1188 5150 δὲ
1217 5096 1287 5151 τά
1313 5093 1427 5152 ὦτα
1450 5097 1730 5168 κωφεύου-

127 5205 241 5242 σα·
276 5188 333 5256 ἐξ
364 5190 534 5263 αὐτῆς
565 5191 622 5245 δὲ
643 5193 793 5263 ὅμως
817 5193 1077 5264 ἑκάτεραι
1111 5193 1212 5263 τῆς
1238 5194 1319 5257 είς
1348 5193 1465 5263 φῶς
1495 5193 1726 5265 προόδου

125 5279 216 5352 τῷ
252 5280 417 5335 πάθει
461 5282 921 5356 κατειλημμέναι.
949 5278 1050 5338 Ὧν
1078 5283 1111 5337 ό
1157 5282 1252 5336 τοῦ
1294 5281 1432 5337 Θεοῦ
1467 5281 1730 5354 θεράπων

215 5438 262 5471 ³⁸
302 5437 497 5496 Matth.
538 5456 652 5505 ni,
684 5439 774 5496 2i.

219 5600 436 5671 (42-45)
475 5599 568 5656 Gr.
600 5598 1022 5671 Μαγιστριανός.
1049 5598 1201 5666 Quod
1215 5597 1526 5671 plerumque
1553 5597 1725 5671 inter-

137 5668 431 5746 pretantur
451 5686 620 5743 agens
653 5668 919 5746 inreb‘us,
941 5672 1056 5725 ideo
1080 5668 1225 5742 quod
1242 5686 1298 5746 re
1315 5670 1439 5746 ipsa
1454 5669 1507 5719 in
1538 5668 1726 5729 sacris,

136 5738 237 5799 aut
266 5738 602 5807 militiafaut
640 5741 762 5797 aliis
792 5744 977 5803 etiam,
1012 5738 1439 5809 manusaliquod
1462 5746 1727 5790 exerceat:

137 5824 193 5871 ιι
214 5822 293 5869 est
317 5816 472 5884 quasi
498 5813 747 5887 ofﬁcialis
764 5812 1004 5884 magistri
1029 5809 1328 5881 ofﬁciorum
1350 5826 1370 5876 ,'
1402 5808 1466 5863 de
1487 5822 1592 5877 quo
1624 5823 1739 5861 ma-

1895 4999 2019 5056 165.
2057 4998 2218 5054 Hisce
2240 4997 2315 5052 ita
2350 4995 2585 5067 peractis
2623 4993 2949 5065 prodierunt
2981 4988 3410 5045 adolescentula'.

1827 5093 1971 5157 duae,
2019 5092 2192 5148 altera
2254 5087 2541 5160 loquendi,
2611 5087 2785 5141 altera
2819 5081 3080 5140 audiendi
3148 5080 3409 5135 facultate

1826 5193 2096 5243 carente:
2155 5192 2211 5239 et
2253 5184 2379 5239 illos
2433 5179 2656 5251 quidem
2691 5178 2939 5234 defectus
2991 5176 3060 5231 ab
3101 5175 3221 5245 ipso
3282 5181 3410 5227 ortu

1828 5294 2021 5335 secum
2052 5279 2109 5333 in
2159 5278 2305 5332 hanc
2362 5276 2544 5331 lucem
2599 5272 2921 5329 intulerant.
2974 5268 3147 5323 Movit
3193 5265 3415 5321 illarum

1834 5594 1997 5664 gistro
2029 5597 2151 5664 ante
2171 5585 2374 5664 vitam§
2402 5584 2465 5664 _8,
2487 5584 2723 5664 “egimus.
2770 5580 2894 5664 Yide
2950 5579 3105 5664 pium
3132 5577 3196 5660 de

1836 5641 2145 5717 Eliishd'ta
2174 5641 2919 5715 Clossd’rio'Gr'wco-barbara
2950 5641 3171 5705 Μαιηῆ
3217 5653 3267 5700 et
3306 5641 3417 5697 Fu-

1839 5734 2003 5789 brotii
2027 5731 2098 5787 ad
2131 5728 2448 5785 Cedrenum.
