  <div class='ocr_page' id='page_1' title='image "/cluster/home/n/w/nwhite01/storage/ocr_20150623/86:2/hvd.32044012719696/699.png"; bbox 0 0 3988 6484; ppageno 0'>
   <div class='ocr_carea' id='block_1_1' title="bbox 620 332 765 398">
    <p class='ocr_par' dir='ltr' id='par_1_1' title="bbox 620 332 765 398">
     <span class='ocr_line' id='line_1_1' title="bbox 620 332 765 398; baseline -0.014 0"><span class='ocrx_word' id='word_1_1' title='bbox 620 332 765 398; x_wconf 84' lang='grc'><strong>3139</strong></span> 
     </span>
    </p>
   </div>
   <div class='ocr_carea' id='block_1_2' title="bbox 1836 275 2753 395">
    <p class='ocr_par' dir='ltr' id='par_1_2' title="bbox 1836 275 2753 395">
     <span class='ocr_line' id='line_1_2' title="bbox 1836 275 2753 395; baseline -0.02 0"><span class='ocrx_word' id='word_1_2' title='bbox 1836 337 1897 395; x_wconf 88' lang='lat' dir='ltr'><strong>s.</strong></span> <span class='ocrx_word' id='word_1_3' title='bbox 1939 326 2321 394; x_wconf 82' lang='lat' dir='ltr'><strong>SYMEONIS</strong></span> <span class='ocrx_word' id='word_1_4' title='bbox 2358 275 2753 386; x_wconf 32' lang='lat' dir='ltr'><strong>IUNIORIS.</strong></span> 
     </span>
    </p>
   </div>
   <div class='ocr_carea' id='block_1_3' title="bbox 3722 323 3828 387">
    <p class='ocr_par' dir='ltr' id='par_1_3' title="bbox 3722 323 3828 387">
     <span class='ocr_line' id='line_1_3' title="bbox 3722 323 3828 387; baseline 0.019 -2"><span class='ocrx_word' id='word_1_5' title='bbox 3722 323 3828 387; x_wconf 69' lang='lat'><strong>3150</strong></span> 
     </span>
    </p>
   </div>
   <div class='ocr_carea' id='block_1_4' title="bbox 618 414 2220 513">
    <p class='ocr_par' dir='ltr' id='par_1_4' title="bbox 618 438 2200 513">
     <span class='ocr_line' id='line_1_4' title="bbox 618 438 2200 513; baseline -0.003 -16"><span class='ocrx_word' id='word_1_6' title='bbox 618 449 756 498; x_wconf 82' lang='lat' dir='ltr'><strong>aetas</strong></span> <span class='ocrx_word' id='word_1_7' title='bbox 784 438 979 497; x_wconf 82' lang='lat' dir='ltr'><strong>ﬂorida</strong></span> <span class='ocrx_word' id='word_1_8' title='bbox 1004 450 1061 497; x_wconf 91' lang='lat' dir='ltr'><strong>et</strong></span> <span class='ocrx_word' id='word_1_9' title='bbox 1085 441 1352 513; x_wconf 77' lang='lat' dir='ltr'><strong>juvenilis</strong></span> <span class='ocrx_word' id='word_1_10' title='bbox 1394 443 1942 499; x_wconf 88' lang='lat' dir='ltr'><strong>eommiserationem</strong></span> <span class='ocrx_word' id='word_1_11' title='bbox 1992 440 2200 495; x_wconf 88' lang='lat' dir='ltr'><strong>famulo</strong></span> 
     </span>
    </p>
   </div>
   <div class='ocr_carea' id='block_1_5' title="bbox 2323 414 3828 513">
    <p class='ocr_par' dir='ltr' id='par_1_5' title="bbox 2323 414 3828 500">
     <span class='ocr_line' id='line_1_5' title="bbox 2323 414 3828 500; baseline -0.003 -19"><span class='ocrx_word' id='word_1_12' title='bbox 2323 427 2397 481; x_wconf 77' lang='grc' dir='ltr'><strong>τοῦ</strong></span> <span class='ocrx_word' id='word_1_13' title='bbox 2425 426 2523 496; x_wconf 81' lang='grc' dir='ltr'><strong>τῆς</strong></span> <span class='ocrx_word' id='word_1_14' title='bbox 2554 426 2805 494; x_wconf 82' lang='grc' dir='ltr'><strong>νεότητος</strong></span> <span class='ocrx_word' id='word_1_15' title='bbox 2834 420 3027 482; x_wconf 77' lang='grc' dir='ltr'><strong>ἄνθους</strong></span> <span class='ocrx_word' id='word_1_16' title='bbox 3056 414 3239 473; x_wconf 77' lang='grc' dir='ltr'><strong>οἶκτον</strong></span> <span class='ocrx_word' id='word_1_17' title='bbox 3272 419 3473 485; x_wconf 78' lang='grc' dir='ltr'><strong>λαϐὼν,</strong></span> <span class='ocrx_word' id='word_1_18' title='bbox 3511 421 3579 485; x_wconf 87' lang='grc' dir='ltr'><strong>ὡς</strong></span> <span class='ocrx_word' id='word_1_19' title='bbox 3608 426 3688 478; x_wconf 76' lang='grc' dir='ltr'><strong>καὶ</strong></span> <span class='ocrx_word' id='word_1_20' title='bbox 3719 444 3828 500; x_wconf 78' lang='grc' dir='ltr'><strong>συμ-</strong></span> 
     </span>
    </p>
   </div>
   <div class='ocr_carea' id='block_1_6' title="bbox 622 512 2220 607">
    <p class='ocr_par' dir='ltr' id='par_1_6' title="bbox 622 512 2204 607">
     <span class='ocr_line' id='line_1_6' title="bbox 622 512 2204 607; baseline -0.001 -19"><span class='ocrx_word' id='word_1_21' title='bbox 622 531 744 598; x_wconf 87' lang='lat' dir='ltr'><strong>Dei,</strong></span> <span class='ocrx_word' id='word_1_22' title='bbox 776 548 889 603; x_wconf 64' lang='lat' dir='ltr'><strong>prae</strong></span> <span class='ocrx_word' id='word_1_23' title='bbox 912 512 1123 589; x_wconf 81' lang='lat' dir='ltr'><strong>doloris</strong></span> <span class='ocrx_word' id='word_1_24' title='bbox 1150 548 1313 590; x_wconf 87' lang='lat' dir='ltr'><strong>sensu</strong></span> <span class='ocrx_word' id='word_1_25' title='bbox 1349 535 1405 591; x_wconf 92' lang='lat' dir='ltr'><strong>in</strong></span> <span class='ocrx_word' id='word_1_26' title='bbox 1465 536 1703 607; x_wconf 76' lang='lat' dir='ltr'><strong>gemitus</strong></span> <span class='ocrx_word' id='word_1_27' title='bbox 1755 534 1961 589; x_wconf 92' lang='lat' dir='ltr'><strong>soluto.</strong></span> <span class='ocrx_word' id='word_1_28' title='bbox 2000 532 2204 589; x_wconf 84' lang='lat' dir='ltr'><strong>Oculos</strong></span> 
     </span>
    </p>
   </div>
   <div class='ocr_carea' id='block_1_7' title="bbox 2323 512 3829 607">
    <p class='ocr_par' dir='ltr' id='par_1_7' title="bbox 2323 512 3829 586">
     <span class='ocr_line' id='line_1_7' title="bbox 2323 512 3829 586; baseline 0.001 -13"><span class='ocrx_word' id='word_1_29' title='bbox 2323 519 2478 582; x_wconf 73' lang='grc' dir='ltr'><strong>ταθές</strong></span> <span class='ocrx_word' id='word_1_30' title='bbox 2539 519 2729 580; x_wconf 80' lang='grc' dir='ltr'><strong>αὑταῖς</strong></span> <span class='ocrx_word' id='word_1_31' title='bbox 2780 512 2891 568; x_wconf 78' lang='grc' dir='ltr'><strong>οἷον</strong></span> <span class='ocrx_word' id='word_1_32' title='bbox 2957 512 3345 577; x_wconf 77' lang='grc' dir='ltr'><strong>ἐπιστενάξαι,</strong></span> <span class='ocrx_word' id='word_1_33' title='bbox 3411 515 3486 577; x_wconf 87' lang='grc' dir='ltr'><strong>είς</strong></span> <span class='ocrx_word' id='word_1_34' title='bbox 3543 517 3741 586; x_wconf 66' lang='grc' dir='ltr'><strong>οὐρανόν</strong></span> <span class='ocrx_word' id='word_1_35' title='bbox 3786 541 3829 577; x_wconf 81' lang='grc' dir='ltr'><strong>τε</strong></span> 
     </span>
    </p>
   </div>
   <div class='ocr_carea' id='block_1_8' title="bbox 623 605 2220 695">
    <p class='ocr_par' dir='ltr' id='par_1_8' title="bbox 623 605 2204 695">
     <span class='ocr_line' id='line_1_8' title="bbox 623 605 2204 695; baseline 0.001 -17"><span class='ocrx_word' id='word_1_36' title='bbox 623 624 809 693; x_wconf 89' lang='lat' dir='ltr'><strong>itaque</strong></span> <span class='ocrx_word' id='word_1_37' title='bbox 865 639 962 695; x_wconf 91' lang='lat' dir='ltr'><strong>spe</strong></span> <span class='ocrx_word' id='word_1_38' title='bbox 999 625 1199 695; x_wconf 89' lang='lat' dir='ltr'><strong>plenus</strong></span> <span class='ocrx_word' id='word_1_39' title='bbox 1230 628 1288 683; x_wconf 86' lang='lat' dir='ltr'><strong>in</strong></span> <span class='ocrx_word' id='word_1_40' title='bbox 1346 605 1550 685; x_wconf 72' lang='lat' dir='ltr'><strong>omium</strong></span> <span class='ocrx_word' id='word_1_41' title='bbox 1588 628 1906 693; x_wconf 89' lang='lat' dir='ltr'><strong>intendens,</strong></span> <span class='ocrx_word' id='word_1_42' title='bbox 1954 636 2016 681; x_wconf 94' lang='lat' dir='ltr'><strong>ut</strong></span> <span class='ocrx_word' id='word_1_43' title='bbox 2068 624 2204 680; x_wconf 91' lang='lat' dir='ltr'><strong>inde</strong></span> 
     </span>
    </p>
   </div>
   <div class='ocr_carea' id='block_1_9' title="bbox 2323 605 3831 695">
    <p class='ocr_par' dir='ltr' id='par_1_9' title="bbox 2323 605 3831 686">
     <span class='ocr_line' id='line_1_9' title="bbox 2323 605 3831 686; baseline -0.001 -19"><span class='ocrx_word' id='word_1_44' title='bbox 2323 614 2516 685; x_wconf 68' lang='grc' dir='ltr'><strong>πλῆρες</strong></span> <span class='ocrx_word' id='word_1_45' title='bbox 2566 611 2778 674; x_wconf 78' lang='grc' dir='ltr'><strong>ἐλπίδος</strong></span> <span class='ocrx_word' id='word_1_46' title='bbox 2830 607 2976 674; x_wconf 85' lang='grc' dir='ltr'><strong>ίδὼν,</strong></span> <span class='ocrx_word' id='word_1_47' title='bbox 3024 607 3111 660; x_wconf 86' lang='grc' dir='ltr'><strong>ἶνα</strong></span> <span class='ocrx_word' id='word_1_48' title='bbox 3152 608 3247 660; x_wconf 70' lang='grc' dir='ltr'><strong>καὶ</strong></span> <span class='ocrx_word' id='word_1_49' title='bbox 3294 605 3394 676; x_wconf 80' lang='grc' dir='ltr'><strong>τὴν</strong></span> <span class='ocrx_word' id='word_1_50' title='bbox 3437 608 3632 661; x_wconf 84' lang='grc' dir='ltr'><strong>ἐκεῖθεν</strong></span> <span class='ocrx_word' id='word_1_51' title='bbox 3674 611 3831 686; x_wconf 71' lang='grc' dir='ltr'><strong>ἐλκύσῃ</strong></span> 
     </span>
    </p>
   </div>
   <div class='ocr_carea' id='block_1_10' title="bbox 623 715 2206 790">
    <p class='ocr_par' dir='ltr' id='par_1_10' title="bbox 623 715 2206 790">
     <span class='ocr_line' id='line_1_10' title="bbox 623 715 2206 790; baseline 0 -20"><span class='ocrx_word' id='word_1_52' title='bbox 623 715 890 770; x_wconf 77' lang='lat' dir='ltr'><strong>auxilium</strong></span> <span class='ocrx_word' id='word_1_53' title='bbox 938 716 1271 785; x_wconf 85' lang='lat' dir='ltr'><strong>advocaret;</strong></span> <span class='ocrx_word' id='word_1_54' title='bbox 1301 726 1357 774; x_wconf 90' lang='lat' dir='ltr'><strong>et</strong></span> <span class='ocrx_word' id='word_1_55' title='bbox 1388 719 1893 790; x_wconf 89' lang='lat' dir='ltr'><strong>digitum.alterius</strong></span> <span class='ocrx_word' id='word_1_56' title='bbox 1921 716 2029 780; x_wconf 90' lang='lat' dir='ltr'><strong>ori,</strong></span> <span class='ocrx_word' id='word_1_57' title='bbox 2066 716 2206 770; x_wconf 87' lang='lat' dir='ltr'><strong>alte-</strong></span> 
     </span>
    </p>
   </div>
   <div class='ocr_carea' id='block_1_11' title="bbox 624 806 2208 879">
    <p class='ocr_par' dir='ltr' id='par_1_11' title="bbox 624 806 2208 879">
     <span class='ocr_line' id='line_1_11' title="bbox 624 806 2208 879; baseline 0.001 -19"><span class='ocrx_word' id='word_1_58' title='bbox 624 806 743 861; x_wconf 79' lang='lat' dir='ltr'><strong>rius</strong></span> <span class='ocrx_word' id='word_1_59' title='bbox 770 807 1000 864; x_wconf 85' lang='lat' dir='ltr'><strong>auribus</strong></span> <span class='ocrx_word' id='word_1_60' title='bbox 1048 808 1397 879; x_wconf 89' lang='lat' dir='ltr'><strong>immittens;</strong></span> <span class='ocrx_word' id='word_1_61' title='bbox 1442 812 1593 866; x_wconf 90' lang='lat' dir='ltr'><strong>illius</strong></span> <span class='ocrx_word' id='word_1_62' title='bbox 1647 810 1914 867; x_wconf 91' lang='lat' dir='ltr'><strong>continuo</strong></span> <span class='ocrx_word' id='word_1_63' title='bbox 1961 808 2208 879; x_wconf 87' lang='lat' dir='ltr'><strong>linguam</strong></span> 
     </span>
    </p>
   </div>
   <div class='ocr_carea' id='block_1_12' title="bbox 624 898 2209 973">
    <p class='ocr_par' dir='ltr' id='par_1_12' title="bbox 624 898 2209 973">
     <span class='ocr_line' id='line_1_12' title="bbox 624 898 2209 973; baseline 0 -20"><span class='ocrx_word' id='word_1_64' title='bbox 624 898 811 965; x_wconf 78' lang='lat' dir='ltr'><strong>solvit,</strong></span> <span class='ocrx_word' id='word_1_65' title='bbox 843 900 1011 973; x_wconf 85' lang='lat' dir='ltr'><strong>hujus</strong></span> <span class='ocrx_word' id='word_1_66' title='bbox 1034 916 1169 957; x_wconf 90' lang='lat' dir='ltr'><strong>vero</strong></span> <span class='ocrx_word' id='word_1_67' title='bbox 1194 918 1359 959; x_wconf 84' lang='lat' dir='ltr'><strong>aures</strong></span> <span class='ocrx_word' id='word_1_68' title='bbox 1388 903 1631 973; x_wconf 88' lang='lat' dir='ltr'><strong>aperuit,</strong></span> <span class='ocrx_word' id='word_1_69' title='bbox 1658 903 1734 957; x_wconf 91' lang='lat' dir='ltr'><strong>ita</strong></span> <span class='ocrx_word' id='word_1_70' title='bbox 1770 915 1830 956; x_wconf 89' lang='lat' dir='ltr'><strong>ut</strong></span> <span class='ocrx_word' id='word_1_71' title='bbox 1860 909 1918 955; x_wconf 90' lang='lat' dir='ltr'><strong>et</strong></span> <span class='ocrx_word' id='word_1_72' title='bbox 1948 901 2209 970; x_wconf 86' lang='lat' dir='ltr'><strong>loquere-</strong></span> 
     </span>
    </p>
   </div>
   <div class='ocr_carea' id='block_1_13' title="bbox 626 993 1939 1067">
    <p class='ocr_par' dir='ltr' id='par_1_13' title="bbox 626 993 1939 1067">
     <span class='ocr_line' id='line_1_13' title="bbox 626 993 1939 1067; baseline 0.004 -23"><span class='ocrx_word' id='word_1_73' title='bbox 626 1000 719 1045; x_wconf 88' lang='lat' dir='ltr'><strong>tur</strong></span> <span class='ocrx_word' id='word_1_74' title='bbox 754 1001 811 1048; x_wconf 91' lang='lat' dir='ltr'><strong>et</strong></span> <span class='ocrx_word' id='word_1_75' title='bbox 839 993 1059 1050; x_wconf 89' lang='lat' dir='ltr'><strong>audiret</strong></span> <span class='ocrx_word' id='word_1_76' title='bbox 1089 1004 1325 1067; x_wconf 87' lang='lat' dir='ltr'><strong>utraque</strong></span> <span class='ocrx_word' id='word_1_77' title='bbox 1355 996 1476 1052; x_wconf 88' lang='lat' dir='ltr'><strong>sine</strong></span> <span class='ocrx_word' id='word_1_78' title='bbox 1522 994 1939 1066; x_wconf 89' lang='lat' dir='ltr'><strong>impedimento.</strong></span> 
     </span>
    </p>
   </div>
   <div class='ocr_carea' id='block_1_14' title="bbox 704 1182 2210 1255">
    <p class='ocr_par' dir='ltr' id='par_1_14' title="bbox 704 1182 2210 1255">
     <span class='ocr_line' id='line_1_14' title="bbox 704 1182 2210 1255; baseline -0.002 -16"><span class='ocrx_word' id='word_1_79' title='bbox 704 1184 824 1239; x_wconf 72' lang='lat'><strong>166.</strong></span> <span class='ocrx_word' id='word_1_80' title='bbox 857 1184 997 1239; x_wconf 91' lang='lat' dir='ltr'><strong>Illud</strong></span> <span class='ocrx_word' id='word_1_81' title='bbox 1034 1198 1256 1255; x_wconf 91' lang='lat' dir='ltr'><strong>quoque</strong></span> <span class='ocrx_word' id='word_1_82' title='bbox 1281 1182 1505 1239; x_wconf 89' lang='lat' dir='ltr'><strong>silentio</strong></span> <span class='ocrx_word' id='word_1_83' title='bbox 1544 1182 1939 1238; x_wconf 81' lang='lat' dir='ltr'><strong>involvendum</strong></span> <span class='ocrx_word' id='word_1_84' title='bbox 1967 1197 2078 1236; x_wconf 89' lang='lat' dir='ltr'><strong>non</strong></span> <span class='ocrx_word' id='word_1_85' title='bbox 2104 1191 2210 1243; x_wconf 87' lang='lat' dir='ltr'><strong>est,</strong></span> 
     </span>
    </p>
   </div>
   <div class='ocr_carea' id='block_1_15' title="bbox 630 1275 2213 1345">
    <p class='ocr_par' dir='ltr' id='par_1_15' title="bbox 630 1275 2213 1345">
     <span class='ocr_line' id='line_1_15' title="bbox 630 1275 2213 1345; baseline -0.001 -17"><span class='ocrx_word' id='word_1_86' title='bbox 630 1284 822 1345; x_wconf 85' lang='lat' dir='ltr'><strong>utpote</strong></span> <span class='ocrx_word' id='word_1_87' title='bbox 850 1276 1235 1332; x_wconf 84' lang='lat' dir='ltr'><strong>demonstrans</strong></span> <span class='ocrx_word' id='word_1_88' title='bbox 1264 1275 1521 1331; x_wconf 88' lang='lat' dir='ltr'><strong>similiter</strong></span> <span class='ocrx_word' id='word_1_89' title='bbox 1544 1275 1647 1330; x_wconf 91' lang='lat' dir='ltr'><strong>viri</strong></span> <span class='ocrx_word' id='word_1_90' title='bbox 1699 1275 1878 1331; x_wconf 87' lang='lat' dir='ltr'><strong>sancti</strong></span> <span class='ocrx_word' id='word_1_91' title='bbox 1925 1284 1982 1329; x_wconf 90' lang='lat' dir='ltr'><strong>et</strong></span> <span class='ocrx_word' id='word_1_92' title='bbox 2014 1281 2213 1344; x_wconf 86' lang='lat' dir='ltr'><strong>poten-</strong></span> 
     </span>
    </p>
   </div>
   <div class='ocr_carea' id='block_1_16' title="bbox 632 1367 2212 1439">
    <p class='ocr_par' dir='ltr' id='par_1_16' title="bbox 632 1367 2212 1439">
     <span class='ocr_line' id='line_1_16' title="bbox 632 1367 2212 1439; baseline -0.001 -17"><span class='ocrx_word' id='word_1_93' title='bbox 632 1368 762 1422; x_wconf 88' lang='lat' dir='ltr'><strong>tiam</strong></span> <span class='ocrx_word' id='word_1_94' title='bbox 795 1368 941 1438; x_wconf 88' lang='lat' dir='ltr'><strong>apud</strong></span> <span class='ocrx_word' id='word_1_95' title='bbox 971 1370 1167 1434; x_wconf 90' lang='lat' dir='ltr'><strong>Deum,</strong></span> <span class='ocrx_word' id='word_1_96' title='bbox 1202 1379 1259 1423; x_wconf 93' lang='lat' dir='ltr'><strong>et</strong></span> <span class='ocrx_word' id='word_1_97' title='bbox 1294 1368 1694 1439; x_wconf 91' lang='lat' dir='ltr'><strong>benignitatem</strong></span> <span class='ocrx_word' id='word_1_98' title='bbox 1755 1384 1883 1439; x_wconf 90' lang='lat' dir='ltr'><strong>erga</strong></span> <span class='ocrx_word' id='word_1_99' title='bbox 1932 1367 2212 1432; x_wconf 85' lang='lat' dir='ltr'><strong>homines,</strong></span> 
     </span>
    </p>
   </div>
   <div class='ocr_carea' id='block_1_17' title="bbox 631 1459 2214 1531">
    <p class='ocr_par' dir='ltr' id='par_1_17' title="bbox 631 1459 2214 1531">
     <span class='ocr_line' id='line_1_17' title="bbox 631 1459 2214 1531; baseline -0.003 -15"><span class='ocrx_word' id='word_1_100' title='bbox 631 1461 753 1531; x_wconf 84' lang='lat' dir='ltr'><strong>Opis</strong></span> <span class='ocrx_word' id='word_1_101' title='bbox 778 1461 1137 1531; x_wconf 81' lang='lat' dir='ltr'><strong>indigos.Vir</strong></span> <span class='ocrx_word' id='word_1_102' title='bbox 1159 1460 1384 1530; x_wconf 90' lang='lat' dir='ltr'><strong>quidam</strong></span> <span class='ocrx_word' id='word_1_103' title='bbox 1424 1461 1626 1516; x_wconf 89' lang='lat' dir='ltr'><strong>allatus</strong></span> <span class='ocrx_word' id='word_1_104' title='bbox 1672 1459 1800 1525; x_wconf 87' lang='lat' dir='ltr'><strong>fuit,</strong></span> <span class='ocrx_word' id='word_1_105' title='bbox 1861 1468 2024 1515; x_wconf 58' lang='lat' dir='ltr'><strong>aetate</strong></span> <span class='ocrx_word' id='word_1_106' title='bbox 2080 1474 2214 1529; x_wconf 83' lang='lat' dir='ltr'><strong>pro-</strong></span> 
     </span>
    </p>
   </div>
   <div class='ocr_carea' id='block_1_18' title="bbox 631 1550 2216 1622">
    <p class='ocr_par' dir='ltr' id='par_1_18' title="bbox 631 1550 2216 1622">
     <span class='ocr_line' id='line_1_18' title="bbox 631 1550 2216 1622; baseline -0.001 -16"><span class='ocrx_word' id='word_1_107' title='bbox 631 1562 823 1608; x_wconf 86' lang='lat' dir='ltr'><strong>vectus</strong></span> <span class='ocrx_word' id='word_1_108' title='bbox 850 1553 1147 1607; x_wconf 90' lang='lat' dir='ltr'><strong>admodum</strong></span> <span class='ocrx_word' id='word_1_109' title='bbox 1177 1562 1234 1607; x_wconf 89' lang='lat' dir='ltr'><strong>et</strong></span> <span class='ocrx_word' id='word_1_110' title='bbox 1281 1552 1496 1622; x_wconf 87' lang='lat' dir='ltr'><strong>capillis</strong></span> <span class='ocrx_word' id='word_1_111' title='bbox 1519 1568 1712 1617; x_wconf 87' lang='lat' dir='ltr'><strong>canus,</strong></span> <span class='ocrx_word' id='word_1_112' title='bbox 1742 1551 1834 1622; x_wconf 76' lang='lat' dir='ltr'><strong>qui</strong></span> <span class='ocrx_word' id='word_1_113' title='bbox 1882 1559 1996 1614; x_wconf 88' lang='lat' dir='ltr'><strong>tua,</strong></span> <span class='ocrx_word' id='word_1_114' title='bbox 2028 1550 2216 1605; x_wconf 90' lang='lat' dir='ltr'><strong>invide</strong></span> 
     </span>
    </p>
   </div>
   <div class='ocr_carea' id='block_1_19' title="bbox 633 1643 2218 1715">
    <p class='ocr_par' dir='ltr' id='par_1_19' title="bbox 633 1643 2218 1715">
     <span class='ocr_line' id='line_1_19' title="bbox 633 1643 2218 1715; baseline 0.001 -19"><span class='ocrx_word' id='word_1_115' title='bbox 633 1645 857 1699; x_wconf 81' lang='lat' dir='ltr'><strong>humani</strong></span> <span class='ocrx_word' id='word_1_116' title='bbox 914 1646 1134 1715; x_wconf 76' lang='lat' dir='ltr'><strong>generis</strong></span> <span class='ocrx_word' id='word_1_117' title='bbox 1180 1645 1405 1700; x_wconf 90' lang='lat' dir='ltr'><strong>inimice</strong></span> <span class='ocrx_word' id='word_1_118' title='bbox 1448 1654 1504 1700; x_wconf 89' lang='lat' dir='ltr'><strong>et</strong></span> <span class='ocrx_word' id='word_1_119' title='bbox 1538 1646 1736 1700; x_wconf 90' lang='lat' dir='ltr'><strong>salutis</strong></span> <span class='ocrx_word' id='word_1_120' title='bbox 1785 1654 1989 1700; x_wconf 64' lang='lat' dir='ltr'><strong>nostra:</strong></span> <span class='ocrx_word' id='word_1_121' title='bbox 2037 1643 2218 1698; x_wconf 91' lang='lat' dir='ltr'><strong>hostis</strong></span> 
     </span>
    </p>
   </div>
   <div class='ocr_carea' id='block_1_20' title="bbox 633 1736 2214 1808">
    <p class='ocr_par' dir='ltr' id='par_1_20' title="bbox 633 1736 2214 1808">
     <span class='ocr_line' id='line_1_20' title="bbox 633 1736 2214 1808; baseline -0.001 -17"><span class='ocrx_word' id='word_1_122' title='bbox 633 1736 865 1801; x_wconf 85' lang='lat' dir='ltr'><strong>infense,</strong></span> <span class='ocrx_word' id='word_1_123' title='bbox 899 1746 1015 1801; x_wconf 88' lang='lat' dir='ltr'><strong>tua,</strong></span> <span class='ocrx_word' id='word_1_124' title='bbox 1049 1738 1299 1808; x_wconf 88' lang='lat' dir='ltr'><strong>inquam,</strong></span> <span class='ocrx_word' id='word_1_125' title='bbox 1325 1747 1590 1808; x_wconf 85' lang='lat' dir='ltr'><strong>operante</strong></span> <span class='ocrx_word' id='word_1_126' title='bbox 1619 1738 1674 1792; x_wconf 91' lang='lat' dir='ltr'><strong>in</strong></span> <span class='ocrx_word' id='word_1_127' title='bbox 1698 1753 1766 1793; x_wconf 91' lang='lat' dir='ltr'><strong>eo</strong></span> <span class='ocrx_word' id='word_1_128' title='bbox 1816 1737 2026 1792; x_wconf 90' lang='lat' dir='ltr'><strong>malitia</strong></span> <span class='ocrx_word' id='word_1_129' title='bbox 2076 1736 2214 1790; x_wconf 89' lang='lat' dir='ltr'><strong>nihil</strong></span> 
     </span>
    </p>
   </div>
   <div class='ocr_carea' id='block_1_21' title="bbox 633 1827 2217 1899">
    <p class='ocr_par' dir='ltr' id='par_1_21' title="bbox 633 1827 2217 1899">
     <span class='ocr_line' id='line_1_21' title="bbox 633 1827 2217 1899; baseline -0.001 -17"><span class='ocrx_word' id='word_1_130' title='bbox 633 1844 744 1884; x_wconf 90' lang='lat' dir='ltr'><strong>non</strong></span> <span class='ocrx_word' id='word_1_131' title='bbox 773 1829 968 1899; x_wconf 83' lang='lat' dir='ltr'><strong>agebat</strong></span> <span class='ocrx_word' id='word_1_132' title='bbox 992 1830 1263 1884; x_wconf 86' lang='lat' dir='ltr'><strong>absonum</strong></span> <span class='ocrx_word' id='word_1_133' title='bbox 1291 1829 1685 1899; x_wconf 89' lang='lat' dir='ltr'><strong>indecensque.</strong></span> <span class='ocrx_word' id='word_1_134' title='bbox 1740 1829 1877 1884; x_wconf 89' lang='lat' dir='ltr'><strong>Nam</strong></span> <span class='ocrx_word' id='word_1_135' title='bbox 1902 1829 1947 1883; x_wconf 90' lang='lat' dir='ltr'><strong>si</strong></span> <span class='ocrx_word' id='word_1_136' title='bbox 1992 1827 2217 1898; x_wconf 86' lang='lat' dir='ltr'><strong>quando</strong></span> 
     </span>
    </p>
   </div>
   <div class='ocr_carea' id='block_1_22' title="bbox 633 1920 2219 1991">
    <p class='ocr_par' dir='ltr' id='par_1_22' title="bbox 633 1920 2219 1991">
     <span class='ocr_line' id='line_1_22' title="bbox 633 1920 2219 1991; baseline 0 -17"><span class='ocrx_word' id='word_1_137' title='bbox 633 1937 665 1974; x_wconf 92' lang='lat' dir='ltr'><strong>a</strong></span> <span class='ocrx_word' id='word_1_138' title='bbox 688 1921 998 1986; x_wconf 72' lang='lat' dir='ltr'><strong>daemoniis,</strong></span> <span class='ocrx_word' id='word_1_139' title='bbox 1026 1921 1207 1990; x_wconf 92' lang='lat' dir='ltr'><strong>ipsum</strong></span> <span class='ocrx_word' id='word_1_140' title='bbox 1242 1936 1467 1990; x_wconf 87' lang='lat' dir='ltr'><strong>semper</strong></span> <span class='ocrx_word' id='word_1_141' title='bbox 1497 1920 1927 1991; x_wconf 80' lang='lat' dir='ltr'><strong>exagitantibus,</strong></span> <span class='ocrx_word' id='word_1_142' title='bbox 1948 1920 2219 1990; x_wconf 90' lang='lat' dir='ltr'><strong>impulsus</strong></span> 
     </span>
    </p>
   </div>
   <div class='ocr_carea' id='block_1_23' title="bbox 635 2012 2221 2083">
    <p class='ocr_par' dir='ltr' id='par_1_23' title="bbox 635 2012 2221 2083">
     <span class='ocr_line' id='line_1_23' title="bbox 635 2012 2221 2083; baseline 0.001 -17"><span class='ocrx_word' id='word_1_143' title='bbox 635 2022 805 2067; x_wconf 88' lang='lat' dir='ltr'><strong>totam</strong></span> <span class='ocrx_word' id='word_1_144' title='bbox 834 2022 1147 2083; x_wconf 89' lang='lat' dir='ltr'><strong>pererraret</strong></span> <span class='ocrx_word' id='word_1_145' title='bbox 1175 2014 1489 2079; x_wconf 85' lang='lat' dir='ltr'><strong>civitatem,</strong></span> <span class='ocrx_word' id='word_1_146' title='bbox 1545 2028 1686 2083; x_wconf 89' lang='lat' dir='ltr'><strong>quas</strong></span> <span class='ocrx_word' id='word_1_147' title='bbox 1746 2028 1857 2067; x_wconf 88' lang='lat' dir='ltr'><strong>non</strong></span> <span class='ocrx_word' id='word_1_148' title='bbox 1926 2012 2221 2067; x_wconf 79' lang='lat' dir='ltr'><strong>eﬂ‘utiebat</strong></span> 
     </span>
    </p>
   </div>
   <div class='ocr_carea' id='block_1_24' title="bbox 634 2104 2221 2175">
    <p class='ocr_par' dir='ltr' id='par_1_24' title="bbox 634 2104 2221 2175">
     <span class='ocr_line' id='line_1_24' title="bbox 634 2104 2221 2175; baseline 0.001 -17"><span class='ocrx_word' id='word_1_149' title='bbox 634 2104 1035 2175; x_wconf 88' lang='lat' dir='ltr'><strong>blasphemias!</strong></span> <span class='ocrx_word' id='word_1_150' title='bbox 1064 2122 1229 2175; x_wconf 89' lang='lat' dir='ltr'><strong>quam</strong></span> <span class='ocrx_word' id='word_1_151' title='bbox 1252 2105 1655 2175; x_wconf 87' lang='lat' dir='ltr'><strong>turpitudinem</strong></span> <span class='ocrx_word' id='word_1_152' title='bbox 1675 2106 1924 2160; x_wconf 87' lang='lat' dir='ltr'><strong>inausam</strong></span> <span class='ocrx_word' id='word_1_153' title='bbox 1948 2104 2221 2173; x_wconf 88' lang='lat' dir='ltr'><strong>relinque-</strong></span> 
     </span>
    </p>
   </div>
   <div class='ocr_carea' id='block_1_25' title="bbox 634 2194 2220 2264">
    <p class='ocr_par' dir='ltr' id='par_1_25' title="bbox 634 2194 2220 2264">
     <span class='ocr_line' id='line_1_25' title="bbox 634 2194 2220 2264; baseline 0 -15"><span class='ocrx_word' id='word_1_154' title='bbox 634 2194 755 2249; x_wconf 85' lang='lat' dir='ltr'><strong>bat!</strong></span> <span class='ocrx_word' id='word_1_155' title='bbox 788 2194 893 2261; x_wconf 85' lang='lat' dir='ltr'><strong>Qui</strong></span> <span class='ocrx_word' id='word_1_156' title='bbox 924 2210 1058 2249; x_wconf 86' lang='lat' dir='ltr'><strong>vero</strong></span> <span class='ocrx_word' id='word_1_157' title='bbox 1082 2196 1136 2249; x_wconf 92' lang='lat' dir='ltr'><strong>in</strong></span> <span class='ocrx_word' id='word_1_158' title='bbox 1169 2195 1348 2264; x_wconf 83' lang='lat' dir='ltr'><strong>ipsum</strong></span> <span class='ocrx_word' id='word_1_159' title='bbox 1374 2194 1583 2250; x_wconf 79' lang='lat' dir='ltr'><strong>infelici</strong></span> <span class='ocrx_word' id='word_1_160' title='bbox 1607 2210 1843 2251; x_wconf 88' lang='lat' dir='ltr'><strong>occursu</strong></span> <span class='ocrx_word' id='word_1_161' title='bbox 1876 2210 1974 2249; x_wconf 92' lang='lat' dir='ltr'><strong>seu</strong></span> <span class='ocrx_word' id='word_1_162' title='bbox 1999 2194 2089 2248; x_wconf 90' lang='lat' dir='ltr'><strong>die</strong></span> <span class='ocrx_word' id='word_1_163' title='bbox 2119 2208 2220 2249; x_wconf 90' lang='lat' dir='ltr'><strong>seu</strong></span> 
     </span>
    </p>
   </div>
   <div class='ocr_carea' id='block_1_26' title="bbox 634 2286 2217 2358">
    <p class='ocr_par' dir='ltr' id='par_1_26' title="bbox 634 2286 2217 2358">
     <span class='ocr_line' id='line_1_26' title="bbox 634 2286 2217 2358; baseline -0.001 -17"><span class='ocrx_word' id='word_1_164' title='bbox 634 2294 796 2341; x_wconf 89' lang='lat' dir='ltr'><strong>nocte</strong></span> <span class='ocrx_word' id='word_1_165' title='bbox 856 2286 1196 2350; x_wconf 85' lang='lat' dir='ltr'><strong>incidebant,</strong></span> <span class='ocrx_word' id='word_1_166' title='bbox 1256 2288 1507 2356; x_wconf 85' lang='lat' dir='ltr'><strong>proxime</strong></span> <span class='ocrx_word' id='word_1_167' title='bbox 1553 2303 1584 2342; x_wconf 93' lang='lat' dir='ltr'><strong>a</strong></span> <span class='ocrx_word' id='word_1_168' title='bbox 1629 2287 1881 2358; x_wconf 90' lang='lat' dir='ltr'><strong>periculo</strong></span> <span class='ocrx_word' id='word_1_169' title='bbox 1945 2287 2217 2342; x_wconf 89' lang='lat' dir='ltr'><strong>aberant:</strong></span> 
     </span>
    </p>
   </div>
   <div class='ocr_carea' id='block_1_27' title="bbox 633 2378 2221 2450">
    <p class='ocr_par' dir='ltr' id='par_1_27' title="bbox 633 2378 2221 2450">
     <span class='ocr_line' id='line_1_27' title="bbox 633 2378 2221 2450; baseline 0.003 -21"><span class='ocrx_word' id='word_1_170' title='bbox 633 2378 882 2433; x_wconf 81' lang='lat' dir='ltr'><strong>violento</strong></span> <span class='ocrx_word' id='word_1_171' title='bbox 905 2378 1053 2432; x_wconf 91' lang='lat' dir='ltr'><strong>enim</strong></span> <span class='ocrx_word' id='word_1_172' title='bbox 1084 2393 1149 2431; x_wconf 90' lang='lat' dir='ltr'><strong>ac</strong></span> <span class='ocrx_word' id='word_1_173' title='bbox 1182 2378 1378 2433; x_wconf 89' lang='lat' dir='ltr'><strong>insano</strong></span> <span class='ocrx_word' id='word_1_174' title='bbox 1400 2378 1613 2450; x_wconf 89' lang='lat' dir='ltr'><strong>impetu</strong></span> <span class='ocrx_word' id='word_1_175' title='bbox 1662 2394 1761 2434; x_wconf 90' lang='lat' dir='ltr'><strong>eos</strong></span> <span class='ocrx_word' id='word_1_176' title='bbox 1806 2378 2095 2442; x_wconf 89' lang='lat' dir='ltr'><strong>invadens,</strong></span> <span class='ocrx_word' id='word_1_177' title='bbox 2123 2393 2221 2433; x_wconf 89' lang='lat' dir='ltr'><strong>ve-</strong></span> 
     </span>
    </p>
   </div>
   <div class='ocr_carea' id='block_1_28' title="bbox 635 2469 2222 2542">
    <p class='ocr_par' dir='ltr' id='par_1_28' title="bbox 635 2469 2222 2542">
     <span class='ocr_line' id='line_1_28' title="bbox 635 2469 2222 2542; baseline 0.003 -20"><span class='ocrx_word' id='word_1_178' title='bbox 635 2469 896 2524; x_wconf 90' lang='lat' dir='ltr'><strong>stimenta</strong></span> <span class='ocrx_word' id='word_1_179' title='bbox 964 2469 1242 2525; x_wconf 84' lang='lat' dir='ltr'><strong>frustatim</strong></span> <span class='ocrx_word' id='word_1_180' title='bbox 1281 2471 1644 2536; x_wconf 90' lang='lat' dir='ltr'><strong>dilacerabat,</strong></span> <span class='ocrx_word' id='word_1_181' title='bbox 1693 2473 1946 2542; x_wconf 92' lang='lat' dir='ltr'><strong>colloque</strong></span> <span class='ocrx_word' id='word_1_182' title='bbox 1997 2471 2222 2540; x_wconf 87' lang='lat' dir='ltr'><strong>injectis</strong></span> 
     </span>
    </p>
   </div>
   <div class='ocr_carea' id='block_1_29' title="bbox 635 2560 2221 2632">
    <p class='ocr_par' dir='ltr' id='par_1_29' title="bbox 635 2560 2221 2632">
     <span class='ocr_line' id='line_1_29' title="bbox 635 2560 2221 2632; baseline 0.004 -20"><span class='ocrx_word' id='word_1_183' title='bbox 635 2560 892 2615; x_wconf 80' lang='lat' dir='ltr'><strong>manibus</strong></span> <span class='ocrx_word' id='word_1_184' title='bbox 947 2560 1291 2631; x_wconf 83' lang='lat' dir='ltr'><strong>improvidos</strong></span> <span class='ocrx_word' id='word_1_185' title='bbox 1342 2563 1619 2619; x_wconf 68' lang='lat' dir='ltr'><strong>suffocare</strong></span> <span class='ocrx_word' id='word_1_186' title='bbox 1672 2564 1981 2619; x_wconf 88' lang='lat' dir='ltr'><strong>nitebatur.</strong></span> <span class='ocrx_word' id='word_1_187' title='bbox 2024 2563 2221 2632; x_wconf 82' lang='lat' dir='ltr'><strong>Neque</strong></span> 
     </span>
    </p>
   </div>
   <div class='ocr_carea' id='block_1_30' title="bbox 635 2646 2222 2723">
    <p class='ocr_par' dir='ltr' id='par_1_30' title="bbox 635 2646 2222 2723">
     <span class='ocr_line' id='line_1_30' title="bbox 635 2646 2222 2723; baseline 0.006 -24"><span class='ocrx_word' id='word_1_188' title='bbox 635 2646 728 2702; x_wconf 90' lang='lat' dir='ltr'><strong>hic</strong></span> <span class='ocrx_word' id='word_1_189' title='bbox 785 2646 945 2703; x_wconf 68' lang='lat' dir='ltr'><strong>furia:</strong></span> <span class='ocrx_word' id='word_1_190' title='bbox 994 2657 1303 2705; x_wconf 89' lang='lat' dir='ltr'><strong>steterunt:</strong></span> <span class='ocrx_word' id='word_1_191' title='bbox 1355 2653 1640 2722; x_wconf 87' lang='lat' dir='ltr'><strong>propriam</strong></span> <span class='ocrx_word' id='word_1_192' title='bbox 1681 2668 1840 2707; x_wconf 88' lang='lat' dir='ltr'><strong>suam</strong></span> <span class='ocrx_word' id='word_1_193' title='bbox 1893 2668 2119 2708; x_wconf 89' lang='lat' dir='ltr'><strong>carnem</strong></span> <span class='ocrx_word' id='word_1_194' title='bbox 2166 2652 2222 2723; x_wconf 91' lang='grc' dir='ltr'><strong>(ο</strong></span> 
     </span>
    </p>
   </div>
   <div class='ocr_carea' id='block_1_31' title="bbox 634 2738 2222 2812">
    <p class='ocr_par' dir='ltr' id='par_1_31' title="bbox 634 2738 2222 2812">
     <span class='ocr_line' id='line_1_31' title="bbox 634 2738 2222 2812; baseline 0.006 -22"><span class='ocrx_word' id='word_1_195' title='bbox 634 2738 945 2808; x_wconf 82' lang='lat' dir='ltr'><strong>miserum!)</strong></span> <span class='ocrx_word' id='word_1_196' title='bbox 974 2739 1236 2795; x_wconf 86' lang='lat' dir='ltr'><strong>dentibus</strong></span> <span class='ocrx_word' id='word_1_197' title='bbox 1257 2742 1544 2812; x_wconf 90' lang='lat' dir='ltr'><strong>abreptam</strong></span> <span class='ocrx_word' id='word_1_198' title='bbox 1574 2744 1836 2800; x_wconf 90' lang='lat' dir='ltr'><strong>mandere</strong></span> <span class='ocrx_word' id='word_1_199' title='bbox 1885 2761 1950 2800; x_wconf 91' lang='lat' dir='ltr'><strong>ae</strong></span> <span class='ocrx_word' id='word_1_200' title='bbox 1987 2746 2222 2800; x_wconf 89' lang='lat' dir='ltr'><strong>commi-</strong></span> 
     </span>
    </p>
   </div>
   <div class='ocr_carea' id='block_1_32' title="bbox 634 2834 2221 2908">
    <p class='ocr_par' dir='ltr' id='par_1_32' title="bbox 634 2834 2221 2908">
     <span class='ocr_line' id='line_1_32' title="bbox 634 2834 2221 2908; baseline 0.006 -24"><span class='ocrx_word' id='word_1_201' title='bbox 634 2846 807 2885; x_wconf 91' lang='lat' dir='ltr'><strong>nuere</strong></span> <span class='ocrx_word' id='word_1_202' title='bbox 836 2834 1153 2901; x_wconf 88' lang='lat' dir='ltr'><strong>spectaculo</strong></span> <span class='ocrx_word' id='word_1_203' title='bbox 1186 2834 1491 2890; x_wconf 89' lang='lat' dir='ltr'><strong>miserabili</strong></span> <span class='ocrx_word' id='word_1_204' title='bbox 1537 2837 1690 2891; x_wconf 89' lang='lat' dir='ltr'><strong>visus</strong></span> <span class='ocrx_word' id='word_1_205' title='bbox 1741 2837 1869 2903; x_wconf 85' lang='lat' dir='ltr'><strong>fuit,</strong></span> <span class='ocrx_word' id='word_1_206' title='bbox 1928 2849 2094 2908; x_wconf 77' lang='lat' dir='ltr'><strong>atque</strong></span> <span class='ocrx_word' id='word_1_207' title='bbox 2135 2838 2221 2893; x_wconf 90' lang='lat' dir='ltr'><strong>his</strong></span> 
     </span>
    </p>
   </div>
   <div class='ocr_carea' id='block_1_33' title="bbox 634 2923 2223 3000">
    <p class='ocr_par' dir='ltr' id='par_1_33' title="bbox 634 2923 2223 3000">
     <span class='ocr_line' id='line_1_33' title="bbox 634 2923 2223 3000; baseline 0.005 -24"><span class='ocrx_word' id='word_1_208' title='bbox 634 2923 799 2977; x_wconf 92' lang='lat' dir='ltr'><strong>etiam</strong></span> <span class='ocrx_word' id='word_1_209' title='bbox 849 2940 960 2979; x_wconf 89' lang='lat' dir='ltr'><strong>non</strong></span> <span class='ocrx_word' id='word_1_210' title='bbox 1008 2925 1173 2995; x_wconf 92' lang='lat' dir='ltr'><strong>paulo</strong></span> <span class='ocrx_word' id='word_1_211' title='bbox 1249 2926 1576 2983; x_wconf 89' lang='lat' dir='ltr'><strong>immaniora</strong></span> <span class='ocrx_word' id='word_1_212' title='bbox 1648 2939 1889 2998; x_wconf 88' lang='lat' dir='ltr'><strong>patrare.</strong></span> <span class='ocrx_word' id='word_1_213' title='bbox 1943 2930 2223 3000; x_wconf 83' lang='lat' dir='ltr'><strong>Agebatur</strong></span> 
     </span>
    </p>
   </div>
   <div class='ocr_carea' id='block_1_34' title="bbox 636 3012 2222 3090">
    <p class='ocr_par' dir='ltr' id='par_1_34' title="bbox 636 3012 2222 3090">
     <span class='ocr_line' id='line_1_34' title="bbox 636 3012 2222 3090; baseline 0.007 -24"><span class='ocrx_word' id='word_1_214' title='bbox 636 3012 755 3068; x_wconf 90' lang='lat' dir='ltr'><strong>dies</strong></span> <span class='ocrx_word' id='word_1_215' title='bbox 779 3014 932 3070; x_wconf 85' lang='lat' dir='ltr'><strong>Jovis</strong></span> <span class='ocrx_word' id='word_1_216' title='bbox 959 3025 1149 3071; x_wconf 89' lang='lat' dir='ltr'><strong>sancta</strong></span> <span class='ocrx_word' id='word_1_217' title='bbox 1185 3032 1250 3072; x_wconf 88' lang='lat' dir='ltr'><strong>ac</strong></span> <span class='ocrx_word' id='word_1_218' title='bbox 1278 3018 1619 3084; x_wconf 90' lang='lat' dir='ltr'><strong>veneranda,</strong></span> <span class='ocrx_word' id='word_1_219' title='bbox 1674 3036 1784 3090; x_wconf 88' lang='lat' dir='ltr'><strong>qua</strong></span> <span class='ocrx_word' id='word_1_220' title='bbox 1817 3021 2086 3076; x_wconf 74' lang='lat' dir='ltr'><strong>Dominus</strong></span> <span class='ocrx_word' id='word_1_221' title='bbox 2118 3036 2222 3076; x_wconf 89' lang='lat' dir='ltr'><strong>no-</strong></span> 
     </span>
    </p>
   </div>
   <div class='ocr_carea' id='block_1_35' title="bbox 635 3108 2290 3187">
    <p class='ocr_par' dir='ltr' id='par_1_35' title="bbox 635 3108 2290 3187">
     <span class='ocr_line' id='line_1_35' title="bbox 635 3108 2290 3187; baseline 0.007 -28"><span class='ocrx_word' id='word_1_222' title='bbox 635 3118 749 3161; x_wconf 89' lang='lat' dir='ltr'><strong>ster</strong></span> <span class='ocrx_word' id='word_1_223' title='bbox 779 3122 904 3161; x_wconf 92' lang='lat' dir='ltr'><strong>cum</strong></span> <span class='ocrx_word' id='word_1_224' title='bbox 940 3108 1233 3179; x_wconf 87' lang='lat' dir='ltr'><strong>discipulis</strong></span> <span class='ocrx_word' id='word_1_225' title='bbox 1254 3119 1529 3177; x_wconf 69' lang='lat' dir='ltr'><strong>coenatus,</strong></span> <span class='ocrx_word' id='word_1_226' title='bbox 1564 3112 1636 3166; x_wconf 90' lang='lat' dir='ltr'><strong>ab</strong></span> <span class='ocrx_word' id='word_1_227' title='bbox 1661 3113 1884 3167; x_wconf 89' lang='lat' dir='ltr'><strong>illorum</strong></span> <span class='ocrx_word' id='word_1_228' title='bbox 1912 3130 2024 3169; x_wconf 92' lang='lat' dir='ltr'><strong>uno</strong></span> <span class='ocrx_word' id='word_1_229' title='bbox 2049 3115 2221 3169; x_wconf 86' lang='lat' dir='ltr'><strong>tradi-</strong></span> <span class='ocrx_word' id='word_1_230' title='bbox 2249 3132 2290 3187; x_wconf 65' lang='grc' dir='ltr'><strong>ς</strong></span> 
     </span>
    </p>
   </div>
   <div class='ocr_carea' id='block_1_36' title="bbox 637 3198 2217 3278">
    <p class='ocr_par' dir='ltr' id='par_1_36' title="bbox 637 3198 2217 3278">
     <span class='ocr_line' id='line_1_36' title="bbox 637 3198 2217 3278; baseline 0.006 -26"><span class='ocrx_word' id='word_1_231' title='bbox 637 3208 726 3253; x_wconf 87' lang='lat' dir='ltr'><strong>tus</strong></span> <span class='ocrx_word' id='word_1_232' title='bbox 758 3198 894 3266; x_wconf 89' lang='lat' dir='ltr'><strong>fuit;</strong></span> <span class='ocrx_word' id='word_1_233' title='bbox 930 3216 1055 3256; x_wconf 91' lang='lat' dir='ltr'><strong>eum</strong></span> <span class='ocrx_word' id='word_1_234' title='bbox 1086 3204 1255 3257; x_wconf 69' lang='lat' dir='ltr'><strong>asinae</strong></span> <span class='ocrx_word' id='word_1_235' title='bbox 1306 3203 1447 3259; x_wconf 87' lang='lat' dir='ltr'><strong>forte</strong></span> <span class='ocrx_word' id='word_1_236' title='bbox 1498 3219 1821 3269; x_wconf 89' lang='lat' dir='ltr'><strong>occursans,</strong></span> <span class='ocrx_word' id='word_1_237' title='bbox 1861 3207 2106 3278; x_wconf 82' lang='lat' dir='ltr'><strong>linguam</strong></span> <span class='ocrx_word' id='word_1_238' title='bbox 2165 3210 2217 3263; x_wconf 92' lang='lat' dir='ltr'><strong>ei</strong></span> 
     </span>
    </p>
   </div>
   <div class='ocr_carea' id='block_1_37' title="bbox 635 3293 2218 3373">
    <p class='ocr_par' dir='ltr' id='par_1_37' title="bbox 635 3293 2218 3373">
     <span class='ocr_line' id='line_1_37' title="bbox 635 3293 2218 3373; baseline 0.008 -28"><span class='ocrx_word' id='word_1_239' title='bbox 635 3293 893 3357; x_wconf 78' lang='lat' dir='ltr'><strong>extraxit,</strong></span> <span class='ocrx_word' id='word_1_240' title='bbox 928 3293 1269 3366; x_wconf 84' lang='lat' dir='ltr'><strong>firmiterquc</strong></span> <span class='ocrx_word' id='word_1_241' title='bbox 1300 3297 1562 3355; x_wconf 89' lang='lat' dir='ltr'><strong>dentibus</strong></span> <span class='ocrx_word' id='word_1_242' title='bbox 1585 3300 1701 3355; x_wconf 91' lang='lat' dir='ltr'><strong>suis</strong></span> <span class='ocrx_word' id='word_1_243' title='bbox 1732 3301 2063 3370; x_wconf 90' lang='lat' dir='ltr'><strong>prehensam</strong></span> <span class='ocrx_word' id='word_1_244' title='bbox 2092 3303 2218 3373; x_wconf 89' lang='lat' dir='ltr'><strong>(vah</strong></span> 
     </span>
    </p>
   </div>
   <div class='ocr_carea' id='block_1_38' title="bbox 638 3386 2221 3457">
    <p class='ocr_par' dir='ltr' id='par_1_38' title="bbox 638 3386 2221 3457">
     <span class='ocr_line' id='line_1_38' title="bbox 638 3386 2221 3457; baseline 0.007 -21"><span class='ocrx_word' id='word_1_245' title='bbox 638 3386 1060 3453; x_wconf 80' lang='lat' dir='ltr'><strong>spectaculum!)</strong></span> <span class='ocrx_word' id='word_1_246' title='bbox 1099 3389 1372 3457; x_wconf 61' lang='lat' dir='ltr'><strong>praecidit,</strong></span> <span class='ocrx_word' id='word_1_247' title='bbox 1399 3406 1463 3445; x_wconf 93' lang='lat' dir='ltr'><strong>ac</strong></span> <span class='ocrx_word' id='word_1_248' title='bbox 1505 3391 1771 3447; x_wconf 88' lang='lat' dir='ltr'><strong>dentibus</strong></span> <span class='ocrx_word' id='word_1_249' title='bbox 1821 3394 2221 3449; x_wconf 89' lang='lat' dir='ltr'><strong>comminulam</strong></span> 
     </span>
    </p>
   </div>
   <div class='ocr_carea' id='block_1_39' title="bbox 636 3476 2225 3551">
    <p class='ocr_par' dir='ltr' id='par_1_39' title="bbox 636 3476 2225 3551">
     <span class='ocr_line' id='line_1_39' title="bbox 636 3476 2225 3551; baseline 0.009 -22"><span class='ocrx_word' id='word_1_250' title='bbox 636 3476 920 3544; x_wconf 81' lang='lat' dir='ltr'><strong>laceravit,</strong></span> <span class='ocrx_word' id='word_1_251' title='bbox 956 3482 1281 3551; x_wconf 84' lang='lat' dir='ltr'><strong>sanguinem</strong></span> <span class='ocrx_word' id='word_1_252' title='bbox 1318 3483 1529 3538; x_wconf 91' lang='lat' dir='ltr'><strong>circum</strong></span> <span class='ocrx_word' id='word_1_253' title='bbox 1566 3500 1630 3540; x_wconf 91' lang='lat' dir='ltr'><strong>os</strong></span> <span class='ocrx_word' id='word_1_254' title='bbox 1669 3485 2007 3542; x_wconf 85' lang='lat' dir='ltr'><strong>deﬂuentem</strong></span> <span class='ocrx_word' id='word_1_255' title='bbox 2026 3487 2225 3543; x_wconf 89' lang='lat' dir='ltr'><strong>bibens</strong></span> 
     </span>
    </p>
   </div>
   <div class='ocr_carea' id='block_1_40' title="bbox 638 3569 2224 3646">
    <p class='ocr_par' dir='ltr' id='par_1_40' title="bbox 638 3569 2224 3646">
     <span class='ocr_line' id='line_1_40' title="bbox 638 3569 2224 3646; baseline 0.008 -26"><span class='ocrx_word' id='word_1_256' title='bbox 638 3583 701 3622; x_wconf 84' lang='lat' dir='ltr'><strong>ac</strong></span> <span class='ocrx_word' id='word_1_257' title='bbox 732 3569 981 3641; x_wconf 80' lang='lat' dir='ltr'><strong>lingens,</strong></span> <span class='ocrx_word' id='word_1_258' title='bbox 1049 3572 1217 3643; x_wconf 89' lang='lat' dir='ltr'><strong>idque</strong></span> <span class='ocrx_word' id='word_1_259' title='bbox 1254 3575 1311 3629; x_wconf 91' lang='lat' dir='ltr'><strong>in</strong></span> <span class='ocrx_word' id='word_1_260' title='bbox 1362 3576 1569 3632; x_wconf 88' lang='lat' dir='ltr'><strong>canitie</strong></span> <span class='ocrx_word' id='word_1_261' title='bbox 1622 3586 1732 3633; x_wconf 90' lang='lat' dir='ltr'><strong>tam</strong></span> <span class='ocrx_word' id='word_1_262' title='bbox 1776 3580 2107 3646; x_wconf 84' lang='lat' dir='ltr'><strong>venerabili,</strong></span> <span class='ocrx_word' id='word_1_263' title='bbox 2166 3587 2224 3635; x_wconf 91' lang='lat' dir='ltr'><strong>et</strong></span> 
     </span>
    </p>
   </div>
   <div class='ocr_carea' id='block_1_41' title="bbox 638 3662 2223 3743">
    <p class='ocr_par' dir='ltr' id='par_1_41' title="bbox 638 3662 2223 3743">
     <span class='ocr_line' id='line_1_41' title="bbox 638 3662 2223 3743; baseline 0.01 -30"><span class='ocrx_word' id='word_1_264' title='bbox 638 3662 831 3731; x_wconf 83' lang='lat' dir='ltr'><strong>grandi</strong></span> <span class='ocrx_word' id='word_1_265' title='bbox 857 3674 1110 3733; x_wconf 89' lang='lat' dir='ltr'><strong>senecta;</strong></span> <span class='ocrx_word' id='word_1_266' title='bbox 1165 3676 1331 3738; x_wconf 91' lang='lat' dir='ltr'><strong>atque</strong></span> <span class='ocrx_word' id='word_1_267' title='bbox 1378 3668 1482 3725; x_wconf 90' lang='lat' dir='ltr'><strong>sub</strong></span> <span class='ocrx_word' id='word_1_268' title='bbox 1538 3686 1797 3727; x_wconf 88' lang='lat' dir='ltr'><strong>occasum</strong></span> <span class='ocrx_word' id='word_1_269' title='bbox 1856 3674 2019 3728; x_wconf 69' lang='lat' dir='ltr'><strong>vitae:</strong></span> <span class='ocrx_word' id='word_1_270' title='bbox 2074 3673 2223 3743; x_wconf 90' lang='lat' dir='ltr'><strong>quod</strong></span> 
     </span>
    </p>
   </div>
   <div class='ocr_carea' id='block_1_42' title="bbox 640 3755 2224 3837">
    <p class='ocr_par' dir='ltr' id='par_1_42' title="bbox 640 3755 2224 3837">
     <span class='ocr_line' id='line_1_42' title="bbox 640 3755 2224 3837; baseline 0.008 -27"><span class='ocrx_word' id='word_1_271' title='bbox 640 3755 779 3810; x_wconf 91' lang='lat' dir='ltr'><strong>adeo</strong></span> <span class='ocrx_word' id='word_1_272' title='bbox 813 3756 1143 3813; x_wconf 89' lang='lat' dir='ltr'><strong>intuentium</strong></span> <span class='ocrx_word' id='word_1_273' title='bbox 1167 3762 1361 3817; x_wconf 92' lang='lat' dir='ltr'><strong>oculos</strong></span> <span class='ocrx_word' id='word_1_274' title='bbox 1384 3764 1527 3818; x_wconf 89' lang='lat' dir='ltr'><strong>male</strong></span> <span class='ocrx_word' id='word_1_275' title='bbox 1550 3764 1812 3833; x_wconf 88' lang='lat' dir='ltr'><strong>habebat,</strong></span> <span class='ocrx_word' id='word_1_276' title='bbox 1843 3776 1904 3821; x_wconf 95' lang='lat' dir='ltr'><strong>ut</strong></span> <span class='ocrx_word' id='word_1_277' title='bbox 1954 3766 2224 3837; x_wconf 79' lang='lat' dir='ltr'><strong>lacrymas</strong></span> 
     </span>
    </p>
   </div>
   <div class='ocr_carea' id='block_1_43' title="bbox 640 3849 2223 3929">
    <p class='ocr_par' dir='ltr' id='par_1_43' title="bbox 640 3849 2223 3929">
     <span class='ocr_line' id='line_1_43' title="bbox 640 3849 2223 3929; baseline 0.007 -28"><span class='ocrx_word' id='word_1_278' title='bbox 640 3849 1003 3917; x_wconf 71' lang='lat' dir='ltr'><strong>exprimeret;</strong></span> <span class='ocrx_word' id='word_1_279' title='bbox 1043 3860 1101 3906; x_wconf 89' lang='lat' dir='ltr'><strong>et</strong></span> <span class='ocrx_word' id='word_1_280' title='bbox 1133 3852 1400 3908; x_wconf 89' lang='lat' dir='ltr'><strong>miserum</strong></span> <span class='ocrx_word' id='word_1_281' title='bbox 1428 3870 1723 3929; x_wconf 84' lang='lat' dir='ltr'><strong>superesse</strong></span> <span class='ocrx_word' id='word_1_282' title='bbox 1760 3857 1815 3911; x_wconf 93' lang='lat' dir='ltr'><strong>in</strong></span> <span class='ocrx_word' id='word_1_283' title='bbox 1844 3857 1983 3912; x_wconf 90' lang='lat' dir='ltr'><strong>vivis</strong></span> <span class='ocrx_word' id='word_1_284' title='bbox 2028 3857 2223 3912; x_wconf 89' lang='lat' dir='ltr'><strong>dolen-</strong></span> 
     </span>
    </p>
   </div>
   <div class='ocr_carea' id='block_1_44' title="bbox 643 3941 2222 4016">
    <p class='ocr_par' dir='ltr' id='par_1_44' title="bbox 643 3941 2222 4016">
     <span class='ocr_line' id='line_1_44' title="bbox 643 3941 2222 4016; baseline 0.006 -25"><span class='ocrx_word' id='word_1_285' title='bbox 643 3946 746 4003; x_wconf 84' lang='lat' dir='ltr'><strong>tes,</strong></span> <span class='ocrx_word' id='word_1_286' title='bbox 774 3950 1009 3995; x_wconf 91' lang='lat' dir='ltr'><strong>mortem</strong></span> <span class='ocrx_word' id='word_1_287' title='bbox 1042 3941 1119 3996; x_wconf 90' lang='lat' dir='ltr'><strong>illi</strong></span> <span class='ocrx_word' id='word_1_288' title='bbox 1149 3959 1249 4013; x_wconf 92' lang='lat' dir='ltr'><strong>pro</strong></span> <span class='ocrx_word' id='word_1_289' title='bbox 1278 3943 1552 3999; x_wconf 83' lang='lat' dir='ltr'><strong>beneficio</strong></span> <span class='ocrx_word' id='word_1_290' title='bbox 1610 3954 1999 4016; x_wconf 88' lang='lat' dir='ltr'><strong>precarentur.</strong></span> <span class='ocrx_word' id='word_1_291' title='bbox 2052 3946 2222 4001; x_wconf 85' lang='lat' dir='ltr'><strong>Asina</strong></span> 
     </span>
    </p>
   </div>
   <div class='ocr_carea' id='block_1_45' title="bbox 642 4031 2223 4108">
    <p class='ocr_par' dir='ltr' id='par_1_45' title="bbox 642 4031 2223 4108">
     <span class='ocr_line' id='line_1_45' title="bbox 642 4031 2223 4108; baseline 0.005 -24"><span class='ocrx_word' id='word_1_292' title='bbox 642 4031 889 4097; x_wconf 87' lang='lat' dir='ltr'><strong>interim,</strong></span> <span class='ocrx_word' id='word_1_293' title='bbox 935 4033 1066 4089; x_wconf 89' lang='lat' dir='ltr'><strong>licet</strong></span> <span class='ocrx_word' id='word_1_294' title='bbox 1098 4042 1205 4089; x_wconf 90' lang='lat' dir='ltr'><strong>tam</strong></span> <span class='ocrx_word' id='word_1_295' title='bbox 1256 4036 1564 4092; x_wconf 89' lang='lat' dir='ltr'><strong>crudeliter</strong></span> <span class='ocrx_word' id='word_1_296' title='bbox 1614 4038 1683 4093; x_wconf 92' lang='lat' dir='ltr'><strong>ab</strong></span> <span class='ocrx_word' id='word_1_297' title='bbox 1722 4039 1842 4108; x_wconf 90' lang='lat' dir='ltr'><strong>ipso</strong></span> <span class='ocrx_word' id='word_1_298' title='bbox 1879 4046 2111 4093; x_wconf 89' lang='lat' dir='ltr'><strong>tractata</strong></span> <span class='ocrx_word' id='word_1_299' title='bbox 2166 4046 2223 4093; x_wconf 91' lang='lat' dir='ltr'><strong>et</strong></span> 
     </span>
    </p>
   </div>
   <div class='ocr_carea' id='block_1_46' title="bbox 2310 701 3831 780">
    <p class='ocr_par' dir='ltr' id='par_1_46' title="bbox 2310 701 3831 780">
     <span class='ocr_line' id='line_1_46' title="bbox 2310 701 3831 780; baseline -0.004 -16"><span class='ocrx_word' id='word_1_300' title='bbox 2310 708 2585 780; x_wconf 84' lang='grc' dir='ltr'><strong>βοήθειαν,</strong></span> <span class='ocrx_word' id='word_1_301' title='bbox 2635 704 2731 759; x_wconf 69' lang='grc' dir='ltr'><strong>καὶ</strong></span> <span class='ocrx_word' id='word_1_302' title='bbox 2778 703 2870 757; x_wconf 79' lang='grc' dir='ltr'><strong>τὸν</strong></span> <span class='ocrx_word' id='word_1_303' title='bbox 2914 701 3178 756; x_wconf 79' lang='grc' dir='ltr'><strong>δάκτυλον</strong></span> <span class='ocrx_word' id='word_1_304' title='bbox 3226 701 3499 773; x_wconf 78' lang='grc' dir='ltr'><strong>ἐμϐαλὼν,</strong></span> <span class='ocrx_word' id='word_1_305' title='bbox 3532 704 3620 772; x_wconf 75' lang='grc' dir='ltr'><strong>τῆς</strong></span> <span class='ocrx_word' id='word_1_306' title='bbox 3660 706 3742 775; x_wconf 80' lang='grc' dir='ltr'><strong>μὲν</strong></span> <span class='ocrx_word' id='word_1_307' title='bbox 3773 710 3831 779; x_wconf 83' lang='grc' dir='ltr'><strong>τῷ</strong></span> 
     </span>
    </p>
   </div>
   <div class='ocr_carea' id='block_1_47' title="bbox 2312 794 3833 871">
    <p class='ocr_par' dir='ltr' id='par_1_47' title="bbox 2312 794 3833 871">
     <span class='ocr_line' id='line_1_47' title="bbox 2312 794 3833 871; baseline -0.003 -17"><span class='ocrx_word' id='word_1_308' title='bbox 2312 801 2565 871; x_wconf 85' lang='grc' dir='ltr'><strong>στόματι,</strong></span> <span class='ocrx_word' id='word_1_309' title='bbox 2619 798 2720 869; x_wconf 81' lang='grc' dir='ltr'><strong>τῆς</strong></span> <span class='ocrx_word' id='word_1_310' title='bbox 2777 796 2835 850; x_wconf 87' lang='grc' dir='ltr'><strong>δέ</strong></span> <span class='ocrx_word' id='word_1_311' title='bbox 2873 797 2987 858; x_wconf 88' lang='grc' dir='ltr'><strong>τοῖς</strong></span> <span class='ocrx_word' id='word_1_312' title='bbox 3020 794 3145 860; x_wconf 76' lang='grc' dir='ltr'><strong>ὠσὶ,</strong></span> <span class='ocrx_word' id='word_1_313' title='bbox 3176 796 3242 865; x_wconf 74' lang='grc' dir='ltr'><strong>τῇ</strong></span> <span class='ocrx_word' id='word_1_314' title='bbox 3297 795 3397 863; x_wconf 90' lang='grc' dir='ltr'><strong>μέν</strong></span> <span class='ocrx_word' id='word_1_315' title='bbox 3434 794 3587 859; x_wconf 73' lang='grc' dir='ltr'><strong>εὐθὺς</strong></span> <span class='ocrx_word' id='word_1_316' title='bbox 3625 796 3724 849; x_wconf 83' lang='grc' dir='ltr'><strong>λύει</strong></span> <span class='ocrx_word' id='word_1_317' title='bbox 3759 801 3833 871; x_wconf 70' lang='grc' dir='ltr'><strong>τὴν</strong></span> 
     </span>
    </p>
   </div>
   <div class='ocr_carea' id='block_1_48' title="bbox 2309 885 3832 962">
    <p class='ocr_par' dir='ltr' id='par_1_48' title="bbox 2309 885 3832 962">
     <span class='ocr_line' id='line_1_48' title="bbox 2309 885 3832 962; baseline -0.001 -19"><span class='ocrx_word' id='word_1_318' title='bbox 2309 892 2576 962; x_wconf 85' lang='grc' dir='ltr'><strong>γλῶτταν,</strong></span> <span class='ocrx_word' id='word_1_319' title='bbox 2618 892 2687 961; x_wconf 82' lang='grc' dir='ltr'><strong>τῇ</strong></span> <span class='ocrx_word' id='word_1_320' title='bbox 2742 890 2799 943; x_wconf 71' lang='grc' dir='ltr'><strong>δὲ</strong></span> <span class='ocrx_word' id='word_1_321' title='bbox 2857 886 3067 955; x_wconf 79' lang='grc' dir='ltr'><strong>ἀνοίγει</strong></span> <span class='ocrx_word' id='word_1_322' title='bbox 3131 885 3231 947; x_wconf 80' lang='grc' dir='ltr'><strong>τὰς</strong></span> <span class='ocrx_word' id='word_1_323' title='bbox 3284 886 3475 952; x_wconf 82' lang='grc' dir='ltr'><strong>ἀκοὰς,</strong></span> <span class='ocrx_word' id='word_1_324' title='bbox 3524 886 3593 950; x_wconf 82' lang='grc' dir='ltr'><strong>ὡς</strong></span> <span class='ocrx_word' id='word_1_325' title='bbox 3644 889 3726 959; x_wconf 75' lang='grc' dir='ltr'><strong>τὴν</strong></span> <span class='ocrx_word' id='word_1_326' title='bbox 3761 894 3832 959; x_wconf 75' lang='grc' dir='ltr'><strong>μὲν</strong></span> 
     </span>
    </p>
   </div>
   <div class='ocr_carea' id='block_1_49' title="bbox 2311 978 3833 1055">
    <p class='ocr_par' dir='ltr' id='par_1_49' title="bbox 2311 978 3833 1055">
     <span class='ocr_line' id='line_1_49' title="bbox 2311 978 3833 1055; baseline -0.005 -16"><span class='ocrx_word' id='word_1_327' title='bbox 2311 985 2691 1055; x_wconf 78' lang='grc' dir='ltr'><strong>φθέγγεσθαι,</strong></span> <span class='ocrx_word' id='word_1_328' title='bbox 2731 983 2830 1054; x_wconf 81' lang='grc' dir='ltr'><strong>τὴν</strong></span> <span class='ocrx_word' id='word_1_329' title='bbox 2891 982 2949 1035; x_wconf 86' lang='grc' dir='ltr'><strong>δὲ</strong></span> <span class='ocrx_word' id='word_1_330' title='bbox 3015 978 3269 1045; x_wconf 82' lang='grc' dir='ltr'><strong>ἀκούειν,</strong></span> <span class='ocrx_word' id='word_1_331' title='bbox 3336 978 3645 1050; x_wconf 77' lang='grc' dir='ltr'><strong>ἐλευθερίως</strong></span> <span class='ocrx_word' id='word_1_332' title='bbox 3688 984 3833 1052; x_wconf 42' lang='grc' dir='ltr'><strong>ἀμβό-</strong></span> 
     </span>
    </p>
   </div>
   <div class='ocr_carea' id='block_1_50' title="bbox 2311 1096 2467 1151">
    <p class='ocr_par' dir='ltr' id='par_1_50' title="bbox 2311 1096 2467 1151">
     <span class='ocr_line' id='line_1_50' title="bbox 2311 1096 2467 1151; baseline 0 -18"><span class='ocrx_word' id='word_1_333' title='bbox 2311 1096 2467 1151; x_wconf 85' lang='grc' dir='ltr'><strong>τερα.</strong></span> 
     </span>
    </p>
   </div>
   <div class='ocr_carea' id='block_1_51' title="bbox 2389 1166 3834 1241">
    <p class='ocr_par' dir='ltr' id='par_1_51' title="bbox 2389 1166 3834 1241">
     <span class='ocr_line' id='line_1_51' title="bbox 2389 1166 3834 1241; baseline -0.008 -12"><span class='ocrx_word' id='word_1_334' title='bbox 2389 1170 2531 1241; x_wconf 77' lang='grc' dir='ltr'><strong>ρξς·’.</strong></span> <span class='ocrx_word' id='word_1_335' title='bbox 2580 1169 2703 1223; x_wconf 79' lang='grc' dir='ltr'><strong>Ἐπὶ</strong></span> <span class='ocrx_word' id='word_1_336' title='bbox 2740 1170 2950 1233; x_wconf 80' lang='grc' dir='ltr'><strong>τούτοις</strong></span> <span class='ocrx_word' id='word_1_337' title='bbox 2997 1170 3175 1223; x_wconf 85' lang='grc' dir='ltr'><strong>ἐκεῖνο</strong></span> <span class='ocrx_word' id='word_1_338' title='bbox 3231 1167 3478 1237; x_wconf 85' lang='grc' dir='ltr'><strong>λεγέσθω</strong></span> <span class='ocrx_word' id='word_1_339' title='bbox 3502 1208 3518 1233; x_wconf 89' lang='grc'><strong>,</strong></span> <span class='ocrx_word' id='word_1_340' title='bbox 3540 1166 3631 1236; x_wconf 82' lang='grc' dir='ltr'><strong>τῆς</strong></span> <span class='ocrx_word' id='word_1_341' title='bbox 3660 1168 3759 1238; x_wconf 83' lang='grc' dir='ltr'><strong>ῐσης</strong></span> <span class='ocrx_word' id='word_1_342' title='bbox 3792 1169 3834 1222; x_wconf 67' lang='grc' dir='ltr'><strong>ἓν</strong></span> 
     </span>
    </p>
   </div>
   <div class='ocr_carea' id='block_1_52' title="bbox 2313 1256 3835 1335">
    <p class='ocr_par' dir='ltr' id='par_1_52' title="bbox 2313 1256 3835 1335">
     <span class='ocr_line' id='line_1_52' title="bbox 2313 1256 3835 1335; baseline -0.001 -18"><span class='ocrx_word' id='word_1_343' title='bbox 2313 1262 2408 1317; x_wconf 89' lang='grc' dir='ltr'><strong>τοῦ</strong></span> <span class='ocrx_word' id='word_1_344' title='bbox 2439 1264 2632 1335; x_wconf 76' lang='grc' dir='ltr'><strong>ἀνδρὸς</strong></span> <span class='ocrx_word' id='word_1_345' title='bbox 2659 1263 2755 1316; x_wconf 78' lang='grc' dir='ltr'><strong>καὶ</strong></span> <span class='ocrx_word' id='word_1_346' title='bbox 2780 1263 2936 1334; x_wconf 86' lang='grc' dir='ltr'><strong>παρά</strong></span> <span class='ocrx_word' id='word_1_347' title='bbox 2964 1262 3083 1332; x_wconf 83' lang='grc' dir='ltr'><strong>Θεῷ</strong></span> <span class='ocrx_word' id='word_1_348' title='bbox 3114 1256 3461 1323; x_wconf 86' lang='grc' dir='ltr'><strong>δυναστείας,</strong></span> <span class='ocrx_word' id='word_1_349' title='bbox 3493 1262 3580 1312; x_wconf 75' lang='grc' dir='ltr'><strong>καὶ</strong></span> <span class='ocrx_word' id='word_1_350' title='bbox 3611 1263 3720 1328; x_wconf 78' lang='grc' dir='ltr'><strong>περὶ</strong></span> <span class='ocrx_word' id='word_1_351' title='bbox 3743 1264 3835 1323; x_wconf 78' lang='grc' dir='ltr'><strong>τοὺς</strong></span> 
     </span>
    </p>
   </div>
   <div class='ocr_carea' id='block_1_53' title="bbox 2316 1353 3837 1426">
    <p class='ocr_par' dir='ltr' id='par_1_53' title="bbox 2316 1353 3837 1426">
     <span class='ocr_line' id='line_1_53' title="bbox 2316 1353 3837 1426; baseline -0.002 -17"><span class='ocrx_word' id='word_1_352' title='bbox 2316 1356 2502 1409; x_wconf 74' lang='grc' dir='ltr'><strong>οἴκτου</strong></span> <span class='ocrx_word' id='word_1_353' title='bbox 2559 1355 2855 1426; x_wconf 81' lang='grc' dir='ltr'><strong>δεομένους</strong></span> <span class='ocrx_word' id='word_1_354' title='bbox 2918 1354 3354 1426; x_wconf 84' lang='grc' dir='ltr'><strong>φιλανθρωπίας.</strong></span> <span class='ocrx_word' id='word_1_355' title='bbox 3388 1353 3714 1423; x_wconf 67' lang='grc' dir='ltr'><strong>Προσηνέχθη</strong></span> <span class='ocrx_word' id='word_1_356' title='bbox 3758 1356 3837 1423; x_wconf 77' lang='grc' dir='ltr'><strong>γάρ</strong></span> 
     </span>
    </p>
   </div>
   <div class='ocr_carea' id='block_1_54' title="bbox 2317 1443 3838 1521">
    <p class='ocr_par' dir='ltr' id='par_1_54' title="bbox 2317 1443 3838 1521">
     <span class='ocr_line' id='line_1_54' title="bbox 2317 1443 3838 1521; baseline -0.002 -19"><span class='ocrx_word' id='word_1_357' title='bbox 2317 1466 2401 1512; x_wconf 90' lang='grc' dir='ltr'><strong>τις</strong></span> <span class='ocrx_word' id='word_1_358' title='bbox 2464 1448 2602 1521; x_wconf 81' lang='grc' dir='ltr'><strong>ἀνὴρ</strong></span> <span class='ocrx_word' id='word_1_359' title='bbox 2661 1447 2833 1516; x_wconf 80' lang='grc' dir='ltr'><strong>αὐτῷ,</strong></span> <span class='ocrx_word' id='word_1_360' title='bbox 2865 1448 2965 1518; x_wconf 77' lang='grc' dir='ltr'><strong>τὴν</strong></span> <span class='ocrx_word' id='word_1_361' title='bbox 3024 1446 3124 1518; x_wconf 83' lang='grc' dir='ltr'><strong>μὲν</strong></span> <span class='ocrx_word' id='word_1_362' title='bbox 3182 1446 3401 1517; x_wconf 76' lang='grc' dir='ltr'><strong>ἡλικίαν</strong></span> <span class='ocrx_word' id='word_1_363' title='bbox 3447 1443 3838 1516; x_wconf 74' lang='grc' dir='ltr'><strong>πρεσϐύτη;,καὶ</strong></span> 
     </span>
    </p>
   </div>
   <div class='ocr_carea' id='block_1_55' title="bbox 2318 1536 3840 1613">
    <p class='ocr_par' dir='ltr' id='par_1_55' title="bbox 2318 1536 3840 1613">
     <span class='ocr_line' id='line_1_55' title="bbox 2318 1536 3840 1613; baseline -0.003 -20"><span class='ocrx_word' id='word_1_364' title='bbox 2318 1540 2415 1613; x_wconf 86' lang='grc' dir='ltr'><strong>τὴν</strong></span> <span class='ocrx_word' id='word_1_365' title='bbox 2447 1540 2611 1613; x_wconf 87' lang='grc' dir='ltr'><strong>τρίχα</strong></span> <span class='ocrx_word' id='word_1_366' title='bbox 2644 1541 2747 1611; x_wconf 73' lang='grc' dir='ltr'><strong>ἤδη</strong></span> <span class='ocrx_word' id='word_1_367' title='bbox 2801 1540 3019 1602; x_wconf 77' lang='grc' dir='ltr'><strong>λευκὸς,</strong></span> <span class='ocrx_word' id='word_1_368' title='bbox 3060 1541 3127 1609; x_wconf 83' lang='grc' dir='ltr'><strong>σῇ</strong></span> <span class='ocrx_word' id='word_1_369' title='bbox 3180 1538 3238 1591; x_wconf 82' lang='grc' dir='ltr'><strong>δὲ</strong></span> <span class='ocrx_word' id='word_1_370' title='bbox 3267 1538 3484 1599; x_wconf 87' lang='grc' dir='ltr'><strong>πάντως</strong></span> <span class='ocrx_word' id='word_1_371' title='bbox 3512 1536 3745 1605; x_wconf 72' lang='grc' dir='ltr'><strong>ἐνεργείᾳ,</strong></span> <span class='ocrx_word' id='word_1_372' title='bbox 3772 1538 3840 1606; x_wconf 73' lang='grc' dir='ltr'><strong>βά-</strong></span> 
     </span>
    </p>
   </div>
   <div class='ocr_carea' id='block_1_56' title="bbox 2321 1631 3840 1703">
    <p class='ocr_par' dir='ltr' id='par_1_56' title="bbox 2321 1631 3840 1703">
     <span class='ocr_line' id='line_1_56' title="bbox 2321 1631 3840 1703; baseline -0.003 -16"><span class='ocrx_word' id='word_1_373' title='bbox 2321 1652 2486 1689; x_wconf 82' lang='grc' dir='ltr'><strong>σκανε</strong></span> <span class='ocrx_word' id='word_1_374' title='bbox 2539 1635 2633 1688; x_wconf 88' lang='grc' dir='ltr'><strong>τοῦ</strong></span> <span class='ocrx_word' id='word_1_375' title='bbox 2681 1635 2793 1688; x_wconf 80' lang='grc' dir='ltr'><strong>τῶν</strong></span> <span class='ocrx_word' id='word_1_376' title='bbox 2842 1633 3143 1703; x_wconf 82' lang='grc' dir='ltr'><strong>ἀνθρώπων</strong></span> <span class='ocrx_word' id='word_1_377' title='bbox 3196 1632 3386 1701; x_wconf 80' lang='grc' dir='ltr'><strong>γένους</strong></span> <span class='ocrx_word' id='word_1_378' title='bbox 3449 1631 3601 1701; x_wconf 85' lang='grc' dir='ltr'><strong>ἐχορέ</strong></span> <span class='ocrx_word' id='word_1_379' title='bbox 3642 1632 3721 1683; x_wconf 78' lang='grc' dir='ltr'><strong>καὶ</strong></span> <span class='ocrx_word' id='word_1_380' title='bbox 3769 1632 3840 1701; x_wconf 73' lang='grc' dir='ltr'><strong>τῆς</strong></span> 
     </span>
    </p>
   </div>
   <div class='ocr_carea' id='block_1_57' title="bbox 2322 1720 3839 1798">
    <p class='ocr_par' dir='ltr' id='par_1_57' title="bbox 2322 1720 3839 1798">
     <span class='ocr_line' id='line_1_57' title="bbox 2322 1720 3839 1798; baseline -0.005 -18"><span class='ocrx_word' id='word_1_381' title='bbox 2322 1728 2599 1798; x_wconf 82' lang='grc' dir='ltr'><strong>ἡμετέρας</strong></span> <span class='ocrx_word' id='word_1_382' title='bbox 2655 1725 2863 1781; x_wconf 83' lang='grc' dir='ltr'><strong>ἄνωθεν</strong></span> <span class='ocrx_word' id='word_1_383' title='bbox 2916 1724 3187 1794; x_wconf 79' lang='grc' dir='ltr'><strong>σωτηρίας</strong></span> <span class='ocrx_word' id='word_1_384' title='bbox 3245 1722 3495 1791; x_wconf 84' lang='grc' dir='ltr'><strong>πολέμιε,</strong></span> <span class='ocrx_word' id='word_1_385' title='bbox 3528 1720 3627 1775; x_wconf 82' lang='grc' dir='ltr'><strong>τῶν</strong></span> <span class='ocrx_word' id='word_1_386' title='bbox 3672 1720 3839 1773; x_wconf 75' lang='grc' dir='ltr'><strong>ἀτόπων</strong></span> 
     </span>
    </p>
   </div>
   <div class='ocr_carea' id='block_1_58' title="bbox 2322 1813 3841 1889">
    <p class='ocr_par' dir='ltr' id='par_1_58' title="bbox 2322 1813 3841 1889">
     <span class='ocr_line' id='line_1_58' title="bbox 2322 1813 3841 1889; baseline -0.003 -17"><span class='ocrx_word' id='word_1_387' title='bbox 2322 1820 2659 1889; x_wconf 74' lang='grc' dir='ltr'><strong>ἀπεχόμενος</strong></span> <span class='ocrx_word' id='word_1_388' title='bbox 2689 1818 2926 1879; x_wconf 79' lang='grc' dir='ltr'><strong>οὐδενός.</strong></span> <span class='ocrx_word' id='word_1_389' title='bbox 2981 1815 3069 1878; x_wconf 80' lang='grc' dir='ltr'><strong>Ὠς</strong></span> <span class='ocrx_word' id='word_1_390' title='bbox 3095 1815 3203 1886; x_wconf 84' lang='grc' dir='ltr'><strong>γὰρ</strong></span> <span class='ocrx_word' id='word_1_391' title='bbox 3250 1814 3359 1867; x_wconf 82' lang='grc' dir='ltr'><strong>ὑπὸ</strong></span> <span class='ocrx_word' id='word_1_392' title='bbox 3388 1813 3495 1866; x_wconf 82' lang='grc' dir='ltr'><strong>τῶν</strong></span> <span class='ocrx_word' id='word_1_393' title='bbox 3531 1813 3743 1881; x_wconf 86' lang='grc' dir='ltr'><strong>ἀγόντων</strong></span> <span class='ocrx_word' id='word_1_394' title='bbox 3779 1816 3841 1867; x_wconf 73' lang='grc' dir='ltr'><strong>ἀεὶ</strong></span> 
     </span>
    </p>
   </div>
   <div class='ocr_carea' id='block_1_59' title="bbox 2321 1905 3839 1981">
    <p class='ocr_par' dir='ltr' id='par_1_59' title="bbox 2321 1905 3839 1981">
     <span class='ocr_line' id='line_1_59' title="bbox 2321 1905 3839 1981; baseline -0.005 -17"><span class='ocrx_word' id='word_1_395' title='bbox 2321 1911 2592 1981; x_wconf 78' lang='grc' dir='ltr'><strong>δαιμόνων</strong></span> <span class='ocrx_word' id='word_1_396' title='bbox 2630 1909 2793 1964; x_wconf 74' lang='grc' dir='ltr'><strong>αὐτὸν</strong></span> <span class='ocrx_word' id='word_1_397' title='bbox 2874 1908 3255 1978; x_wconf 75' lang='grc' dir='ltr'><strong>ἐλαυνόμενος,</strong></span> <span class='ocrx_word' id='word_1_398' title='bbox 3318 1908 3495 1960; x_wconf 83' lang='grc' dir='ltr'><strong>πᾶσαν</strong></span> <span class='ocrx_word' id='word_1_399' title='bbox 3540 1905 3730 1976; x_wconf 75' lang='grc' dir='ltr'><strong>περιῄει</strong></span> <span class='ocrx_word' id='word_1_400' title='bbox 3770 1907 3839 1975; x_wconf 72' lang='grc' dir='ltr'><strong>τὴν</strong></span> 
     </span>
    </p>
   </div>
   <div class='ocr_carea' id='block_1_60' title="bbox 2322 1998 3837 2073">
    <p class='ocr_par' dir='ltr' id='par_1_60' title="bbox 2322 1998 3837 2073">
     <span class='ocr_line' id='line_1_60' title="bbox 2322 1998 3837 2073; baseline -0.005 -16"><span class='ocrx_word' id='word_1_401' title='bbox 2322 2004 2493 2068; x_wconf 77' lang='grc' dir='ltr'><strong>πόλιν,</strong></span> <span class='ocrx_word' id='word_1_402' title='bbox 2525 2002 2576 2054; x_wconf 92' lang='grc' dir='ltr'><strong>τί</strong></span> <span class='ocrx_word' id='word_1_403' title='bbox 2620 2002 2719 2073; x_wconf 84' lang='grc' dir='ltr'><strong>μὲν</strong></span> <span class='ocrx_word' id='word_1_404' title='bbox 2774 2001 2885 2054; x_wconf 85' lang='grc' dir='ltr'><strong>τῶν</strong></span> <span class='ocrx_word' id='word_1_405' title='bbox 2926 2000 3265 2071; x_wconf 78' lang='grc' dir='ltr'><strong>βλασφήμων</strong></span> <span class='ocrx_word' id='word_1_406' title='bbox 3286 1998 3349 2051; x_wconf 86' lang='grc' dir='ltr'><strong>οὐ</strong></span> <span class='ocrx_word' id='word_1_407' title='bbox 3382 1998 3551 2063; x_wconf 84' lang='grc' dir='ltr'><strong>λέγων</strong></span> <span class='ocrx_word' id='word_1_408' title='bbox 3579 2013 3593 2063; x_wconf 91' lang='lat'><strong>;</strong></span> <span class='ocrx_word' id='word_1_409' title='bbox 3623 2000 3668 2049; x_wconf 86' lang='grc' dir='ltr'><strong>τί</strong></span> <span class='ocrx_word' id='word_1_410' title='bbox 3696 1998 3741 2051; x_wconf 85' lang='grc' dir='ltr'><strong>δέ</strong></span> <span class='ocrx_word' id='word_1_411' title='bbox 3762 2000 3837 2051; x_wconf 68' lang='grc' dir='ltr'><strong>τιῖιν</strong></span> 
     </span>
    </p>
   </div>
   <div class='ocr_carea' id='block_1_61' title="bbox 2321 2088 3837 2167">
    <p class='ocr_par' dir='ltr' id='par_1_61' title="bbox 2321 2088 3837 2167">
     <span class='ocr_line' id='line_1_61' title="bbox 2321 2088 3837 2167; baseline -0.005 -17"><span class='ocrx_word' id='word_1_412' title='bbox 2321 2097 2622 2167; x_wconf 80' lang='grc' dir='ltr'><strong>αἰσχίστων</strong></span> <span class='ocrx_word' id='word_1_413' title='bbox 2650 2096 2711 2149; x_wconf 80' lang='grc' dir='ltr'><strong>ού</strong></span> <span class='ocrx_word' id='word_1_414' title='bbox 2748 2095 2893 2165; x_wconf 80' lang='grc' dir='ltr'><strong>δρῶν</strong></span> <span class='ocrx_word' id='word_1_415' title='bbox 2922 2111 2939 2161; x_wconf 88' lang='lat'><strong>;</strong></span> <span class='ocrx_word' id='word_1_416' title='bbox 2974 2088 3070 2157; x_wconf 83' lang='grc' dir='ltr'><strong>Οἷς</strong></span> <span class='ocrx_word' id='word_1_417' title='bbox 3104 2094 3169 2148; x_wconf 89' lang='grc' dir='ltr'><strong>ἂν</strong></span> <span class='ocrx_word' id='word_1_418' title='bbox 3204 2093 3421 2164; x_wconf 74' lang='grc' dir='ltr'><strong>ἡμέρας</strong></span> <span class='ocrx_word' id='word_1_419' title='bbox 3448 2092 3480 2154; x_wconf 81' lang='grc' dir='ltr'>ἦ</span> <span class='ocrx_word' id='word_1_420' title='bbox 3511 2090 3687 2154; x_wconf 79' lang='grc' dir='ltr'><strong>νυκτὸς</strong></span> <span class='ocrx_word' id='word_1_421' title='bbox 3718 2108 3837 2159; x_wconf 54' lang='lat' dir='ltr'><strong>novt,-</strong></span> 
     </span>
    </p>
   </div>
   <div class='ocr_carea' id='block_1_62' title="bbox 2326 2184 3836 2261">
    <p class='ocr_par' dir='ltr' id='par_1_62' title="bbox 2326 2184 3836 2261">
     <span class='ocr_line' id='line_1_62' title="bbox 2326 2184 3836 2261; baseline -0.005 -18"><span class='ocrx_word' id='word_1_422' title='bbox 2326 2193 2415 2261; x_wconf 70' lang='grc' dir='ltr'><strong>ρδν</strong></span> <span class='ocrx_word' id='word_1_423' title='bbox 2448 2190 2680 2260; x_wconf 84' lang='grc' dir='ltr'><strong>συνάντη</strong></span> <span class='ocrx_word' id='word_1_424' title='bbox 2692 2208 2767 2261; x_wconf 90' lang='grc' dir='ltr'><strong>μα</strong></span> <span class='ocrx_word' id='word_1_425' title='bbox 2793 2190 3026 2256; x_wconf 86' lang='grc' dir='ltr'><strong>γένοιτο,</strong></span> <span class='ocrx_word' id='word_1_426' title='bbox 3066 2188 3128 2241; x_wconf 85' lang='grc' dir='ltr'><strong>ού</strong></span> <span class='ocrx_word' id='word_1_427' title='bbox 3160 2187 3298 2241; x_wconf 82' lang='grc' dir='ltr'><strong>πολὺ</strong></span> <span class='ocrx_word' id='word_1_428' title='bbox 3328 2187 3514 2257; x_wconf 76' lang='grc' dir='ltr'><strong>πόρῤω</strong></span> <span class='ocrx_word' id='word_1_429' title='bbox 3541 2184 3737 2247; x_wconf 84' lang='grc' dir='ltr'><strong>τούτους</strong></span> <span class='ocrx_word' id='word_1_430' title='bbox 3759 2202 3836 2237; x_wconf 86' lang='grc' dir='ltr'><strong>κιν-</strong></span> 
     </span>
    </p>
   </div>
   <div class='ocr_carea' id='block_1_63' title="bbox 2320 2277 3836 2352">
    <p class='ocr_par' dir='ltr' id='par_1_63' title="bbox 2320 2277 3836 2352">
     <span class='ocr_line' id='line_1_63' title="bbox 2320 2277 3836 2352; baseline -0.005 -18"><span class='ocrx_word' id='word_1_431' title='bbox 2320 2281 2478 2335; x_wconf 90' lang='grc' dir='ltr'><strong>δύνου</strong></span> <span class='ocrx_word' id='word_1_432' title='bbox 2526 2281 2760 2352; x_wconf 77' lang='grc' dir='ltr'><strong>καθίστη</strong></span> <span class='ocrx_word' id='word_1_433' title='bbox 2790 2296 2804 2311; x_wconf 75' lang='grc'><strong><em>⁸</em></strong></span> <span class='ocrx_word' id='word_1_434' title='bbox 2839 2281 3021 2350; x_wconf 75' lang='grc' dir='ltr'><strong>φόνιόν</strong></span> <span class='ocrx_word' id='word_1_435' title='bbox 3055 2297 3109 2333; x_wconf 89' lang='grc' dir='ltr'><strong>τι</strong></span> <span class='ocrx_word' id='word_1_436' title='bbox 3137 2278 3245 2349; x_wconf 66' lang='grc' dir='ltr'><strong>γὰρ</strong></span> <span class='ocrx_word' id='word_1_437' title='bbox 3296 2277 3478 2331; x_wconf 84' lang='grc' dir='ltr'><strong>αύτῶν</strong></span> <span class='ocrx_word' id='word_1_438' title='bbox 3541 2278 3629 2329; x_wconf 77' lang='grc' dir='ltr'><strong>καὶ</strong></span> <span class='ocrx_word' id='word_1_439' title='bbox 3667 2277 3836 2346; x_wconf 68' lang='grc' dir='ltr'><strong>μανικὸν</strong></span> 
     </span>
    </p>
   </div>
   <div class='ocr_carea' id='block_1_64' title="bbox 2321 2369 3838 2446">
    <p class='ocr_par' dir='ltr' id='par_1_64' title="bbox 2321 2369 3838 2446">
     <span class='ocr_line' id='line_1_64' title="bbox 2321 2369 3838 2446; baseline -0.005 -19"><span class='ocrx_word' id='word_1_440' title='bbox 2321 2374 2702 2446; x_wconf 80' lang='grc' dir='ltr'><strong>δραττόμενος,</strong></span> <span class='ocrx_word' id='word_1_441' title='bbox 2735 2374 2805 2427; x_wconf 85' lang='grc' dir='ltr'><strong>τά</strong></span> <span class='ocrx_word' id='word_1_442' title='bbox 2832 2391 2891 2427; x_wconf 87' lang='grc' dir='ltr'><strong>τε</strong></span> <span class='ocrx_word' id='word_1_443' title='bbox 2946 2371 3138 2443; x_wconf 80' lang='grc' dir='ltr'><strong>ἱμάτιά</strong></span> <span class='ocrx_word' id='word_1_444' title='bbox 3189 2387 3347 2440; x_wconf 80' lang='grc' dir='ltr'><strong>σφισι</strong></span> <span class='ocrx_word' id='word_1_445' title='bbox 3396 2369 3838 2440; x_wconf 75' lang='grc' dir='ltr'><strong>παριεῤῥήγνυ,χ;ιὶ</strong></span> 
     </span>
    </p>
   </div>
   <div class='ocr_carea' id='block_1_65' title="bbox 2322 2464 3837 2539">
    <p class='ocr_par' dir='ltr' id='par_1_65' title="bbox 2322 2464 3837 2539">
     <span class='ocr_line' id='line_1_65' title="bbox 2322 2464 3837 2539; baseline -0.005 -19"><span class='ocrx_word' id='word_1_446' title='bbox 2322 2467 2413 2520; x_wconf 73' lang='grc' dir='ltr'><strong>τὸν</strong></span> <span class='ocrx_word' id='word_1_447' title='bbox 2446 2466 2717 2539; x_wconf 79' lang='grc' dir='ltr'><strong>τράχηλον</strong></span> <span class='ocrx_word' id='word_1_448' title='bbox 2746 2465 3028 2539; x_wconf 81' lang='grc' dir='ltr'><strong>περιάγων</strong></span> <span class='ocrx_word' id='word_1_449' title='bbox 3058 2465 3251 2536; x_wconf 81' lang='grc' dir='ltr'><strong>ἄγχειν</strong></span> <span class='ocrx_word' id='word_1_450' title='bbox 3291 2464 3489 2527; x_wconf 78' lang='grc' dir='ltr'><strong>αὐτοὺς</strong></span> <span class='ocrx_word' id='word_1_451' title='bbox 3519 2464 3769 2532; x_wconf 83' lang='grc' dir='ltr'><strong>ἐπειρᾶτο,</strong></span> <span class='ocrx_word' id='word_1_452' title='bbox 3796 2464 3837 2513; x_wconf 68' lang='grc' dir='ltr'><strong>οὐ</strong></span> 
     </span>
    </p>
   </div>
   <div class='ocr_carea' id='block_1_66' title="bbox 2328 2556 3839 2630">
    <p class='ocr_par' dir='ltr' id='par_1_66' title="bbox 2328 2556 3839 2630">
     <span class='ocr_line' id='line_1_66' title="bbox 2328 2556 3839 2630; baseline -0.004 -19"><span class='ocrx_word' id='word_1_453' title='bbox 2328 2560 2435 2630; x_wconf 77' lang='grc' dir='ltr'><strong>μὴν</strong></span> <span class='ocrx_word' id='word_1_454' title='bbox 2469 2559 2602 2612; x_wconf 71' lang='grc' dir='ltr'><strong>ἀλλὰ</strong></span> <span class='ocrx_word' id='word_1_455' title='bbox 2629 2560 2726 2613; x_wconf 74' lang='grc' dir='ltr'><strong>καὶ</strong></span> <span class='ocrx_word' id='word_1_456' title='bbox 2755 2559 2863 2611; x_wconf 84' lang='grc' dir='ltr'><strong>τῶν</strong></span> <span class='ocrx_word' id='word_1_457' title='bbox 2893 2559 3062 2625; x_wconf 77' lang='grc' dir='ltr'><strong>ἰδίων,</strong></span> <span class='ocrx_word' id='word_1_458' title='bbox 3092 2559 3240 2628; x_wconf 78' lang='grc' dir='ltr'><strong>οἴμοι</strong></span> <span class='ocrx_word' id='word_1_459' title='bbox 3264 2558 3277 2612; x_wconf 79' lang='grc' dir='ltr'><strong>ί</strong></span> <span class='ocrx_word' id='word_1_460' title='bbox 3320 2556 3539 2627; x_wconf 86' lang='grc' dir='ltr'><strong>σαρκῶν</strong></span> <span class='ocrx_word' id='word_1_461' title='bbox 3567 2556 3745 2625; x_wconf 73' lang='grc' dir='ltr'><strong>ἥπτετο</strong></span> <span class='ocrx_word' id='word_1_462' title='bbox 3774 2556 3839 2607; x_wconf 72' lang='grc' dir='ltr'><strong>καὶ</strong></span> 
     </span>
    </p>
   </div>
   <div class='ocr_carea' id='block_1_67' title="bbox 2322 2646 3840 2723">
    <p class='ocr_par' dir='ltr' id='par_1_67' title="bbox 2322 2646 3840 2723">
     <span class='ocr_line' id='line_1_67' title="bbox 2322 2646 3840 2723; baseline -0.003 -21"><span class='ocrx_word' id='word_1_463' title='bbox 2322 2651 2526 2705; x_wconf 89' lang='grc' dir='ltr'><strong>τούτων</strong></span> <span class='ocrx_word' id='word_1_464' title='bbox 2556 2651 2803 2715; x_wconf 73' lang='grc' dir='ltr'><strong>ἐλεεινῶς</strong></span> <span class='ocrx_word' id='word_1_465' title='bbox 2837 2652 3218 2723; x_wconf 84' lang='grc' dir='ltr'><strong>παρατρώγων</strong></span> <span class='ocrx_word' id='word_1_466' title='bbox 3250 2651 3457 2720; x_wconf 78' lang='grc' dir='ltr'><strong>ὼρᾱτο,</strong></span> <span class='ocrx_word' id='word_1_467' title='bbox 3482 2649 3575 2700; x_wconf 73' lang='grc' dir='ltr'><strong>καὶ</strong></span> <span class='ocrx_word' id='word_1_468' title='bbox 3616 2648 3728 2701; x_wconf 70' lang='grc' dir='ltr'><strong>ἄλλα</strong></span> <span class='ocrx_word' id='word_1_469' title='bbox 3751 2646 3840 2699; x_wconf 78' lang='grc' dir='ltr'><strong>τοὺ-</strong></span> 
     </span>
    </p>
   </div>
   <div class='ocr_carea' id='block_1_68' title="bbox 2321 2737 3841 2814">
    <p class='ocr_par' dir='ltr' id='par_1_68' title="bbox 2321 2737 3841 2814">
     <span class='ocr_line' id='line_1_68' title="bbox 2321 2737 3841 2814; baseline -0.003 -21"><span class='ocrx_word' id='word_1_470' title='bbox 2321 2761 2429 2796; x_wconf 81' lang='grc' dir='ltr'><strong>των</strong></span> <span class='ocrx_word' id='word_1_471' title='bbox 2478 2743 2579 2796; x_wconf 92' lang='grc' dir='ltr'><strong>ούκ</strong></span> <span class='ocrx_word' id='word_1_472' title='bbox 2639 2743 2804 2814; x_wconf 76' lang='grc' dir='ltr'><strong>ὀλίγῳ</strong></span> <span class='ocrx_word' id='word_1_473' title='bbox 2854 2742 3212 2814; x_wconf 81' lang='grc' dir='ltr'><strong>χαλεπώτερα</strong></span> <span class='ocrx_word' id='word_1_474' title='bbox 3256 2741 3411 2811; x_wconf 71' lang='grc' dir='ltr'><strong>ἕδρα.</strong></span> <span class='ocrx_word' id='word_1_475' title='bbox 3462 2739 3591 2792; x_wconf 83' lang='grc' dir='ltr'><strong>Ποτέ</strong></span> <span class='ocrx_word' id='word_1_476' title='bbox 3622 2737 3732 2807; x_wconf 84' lang='grc' dir='ltr'><strong>γοῦν</strong></span> <span class='ocrx_word' id='word_1_477' title='bbox 3766 2738 3841 2807; x_wconf 69' lang='grc' dir='ltr'><strong>όνῳ</strong></span> 
     </span>
    </p>
   </div>
   <div class='ocr_carea' id='block_1_69' title="bbox 2326 2830 3838 2907">
    <p class='ocr_par' dir='ltr' id='par_1_69' title="bbox 2326 2830 3838 2907">
     <span class='ocr_line' id='line_1_69' title="bbox 2326 2830 3838 2907; baseline -0.004 -19"><span class='ocrx_word' id='word_1_478' title='bbox 2326 2834 2719 2906; x_wconf 83' lang='grc' dir='ltr'><strong>περιτυχὼν,ὴ</strong></span> <span class='ocrx_word' id='word_1_479' title='bbox 2758 2836 3031 2907; x_wconf 80' lang='grc' dir='ltr'><strong>σεδασμία</strong></span> <span class='ocrx_word' id='word_1_480' title='bbox 3078 2835 3121 2888; x_wconf 87' lang='grc' dir='ltr'><strong>δ’</strong></span> <span class='ocrx_word' id='word_1_481' title='bbox 3157 2830 3223 2907; x_wconf 80' lang='grc' dir='ltr'><strong>ἦν</strong></span> <span class='ocrx_word' id='word_1_482' title='bbox 3257 2835 3355 2887; x_wconf 78' lang='grc' dir='ltr'><strong>καὶ</strong></span> <span class='ocrx_word' id='word_1_483' title='bbox 3410 2833 3612 2903; x_wconf 79' lang='grc' dir='ltr'><strong>μεγάλη</strong></span> <span class='ocrx_word' id='word_1_484' title='bbox 3641 2832 3838 2901; x_wconf 74' lang='grc' dir='ltr'><strong>πέμπτη,</strong></span> 
     </span>
    </p>
   </div>
   <div class='ocr_carea' id='block_1_70' title="bbox 2326 2926 3843 3001">
    <p class='ocr_par' dir='ltr' id='par_1_70' title="bbox 2326 2926 3843 3001">
     <span class='ocr_line' id='line_1_70' title="bbox 2326 2926 3843 3001; baseline -0.003 -20"><span class='ocrx_word' id='word_1_485' title='bbox 2326 2927 2449 2981; x_wconf 79' lang='grc' dir='ltr'><strong>καθ’</strong></span> <span class='ocrx_word' id='word_1_486' title='bbox 2480 2929 2559 2999; x_wconf 65' lang='grc' dir='ltr'><strong>ἢν»</strong></span> <span class='ocrx_word' id='word_1_487' title='bbox 2581 2930 2609 2981; x_wconf 86' lang='grc' dir='ltr'>ὁ</span> <span class='ocrx_word' id='word_1_488' title='bbox 2643 2928 2849 2999; x_wconf 82' lang='grc' dir='ltr'><strong>Κύριος</strong></span> <span class='ocrx_word' id='word_1_489' title='bbox 2886 2929 3044 3001; x_wconf 82' lang='grc' dir='ltr'><strong>ἡμῶν</strong></span> <span class='ocrx_word' id='word_1_490' title='bbox 3074 2928 3168 2981; x_wconf 73' lang='grc' dir='ltr'><strong>καὶ</strong></span> <span class='ocrx_word' id='word_1_491' title='bbox 3196 2927 3329 2991; x_wconf 81' lang='grc' dir='ltr'><strong>Θεὸς</strong></span> <span class='ocrx_word' id='word_1_492' title='bbox 3355 2930 3465 2990; x_wconf 82' lang='grc' dir='ltr'><strong>τοῖς</strong></span> <span class='ocrx_word' id='word_1_493' title='bbox 3495 2926 3732 2997; x_wconf 77' lang='grc' dir='ltr'><strong>μαθηταῖς</strong></span> <span class='ocrx_word' id='word_1_494' title='bbox 3759 2942 3843 2976; x_wconf 70' lang='grc' dir='ltr'><strong>σννο</strong></span> 
     </span>
    </p>
   </div>
   <div class='ocr_carea' id='block_1_71' title="bbox 2324 3015 3841 3089">
    <p class='ocr_par' dir='ltr' id='par_1_71' title="bbox 2324 3015 3841 3089">
     <span class='ocr_line' id='line_1_71' title="bbox 2324 3015 3841 3089; baseline -0.003 -20"><span class='ocrx_word' id='word_1_495' title='bbox 2324 3017 2645 3089; x_wconf 79' lang='grc' dir='ltr'><strong>δειπνήσας,</strong></span> <span class='ocrx_word' id='word_1_496' title='bbox 2682 3018 2773 3088; x_wconf 81' lang='grc' dir='ltr'><strong>ὑφ’</strong></span> <span class='ocrx_word' id='word_1_497' title='bbox 2804 3018 2923 3082; x_wconf 83' lang='grc' dir='ltr'><strong>ἐνὸς</strong></span> <span class='ocrx_word' id='word_1_498' title='bbox 2956 3018 3136 3071; x_wconf 85' lang='grc' dir='ltr'><strong>αύτῶν</strong></span> <span class='ocrx_word' id='word_1_499' title='bbox 3168 3016 3503 3088; x_wconf 80' lang='grc' dir='ltr'><strong>παραδέδοτο</strong></span> <span class='ocrx_word' id='word_1_500' title='bbox 3524 3015 3614 3087; x_wconf 80' lang='grc' dir='ltr'><strong>τὴν</strong></span> <span class='ocrx_word' id='word_1_501' title='bbox 3652 3015 3841 3083; x_wconf 78' lang='grc' dir='ltr'><strong>γλῶτταν</strong></span> 
     </span>
    </p>
   </div>
   <div class='ocr_carea' id='block_1_72' title="bbox 2324 3107 3840 3183">
    <p class='ocr_par' dir='ltr' id='par_1_72' title="bbox 2324 3107 3840 3183">
     <span class='ocr_line' id='line_1_72' title="bbox 2324 3107 3840 3183; baseline -0.004 -19"><span class='ocrx_word' id='word_1_502' title='bbox 2324 3113 2530 3175; x_wconf 83' lang='grc' dir='ltr'><strong>ἐκεῖνος</strong></span> <span class='ocrx_word' id='word_1_503' title='bbox 2574 3112 2873 3178; x_wconf 76' lang='grc' dir='ltr'><strong>ἐξελκύσας</strong></span> <span class='ocrx_word' id='word_1_504' title='bbox 2910 3112 3011 3183; x_wconf 81' lang='grc' dir='ltr'><strong>τῆς</strong></span> <span class='ocrx_word' id='word_1_505' title='bbox 3067 3111 3189 3165; x_wconf 74' lang='grc' dir='ltr'><strong>ὄνου</strong></span> <span class='ocrx_word' id='word_1_506' title='bbox 3216 3151 3231 3177; x_wconf 91' lang='grc'><strong>,</strong></span> <span class='ocrx_word' id='word_1_507' title='bbox 3261 3109 3443 3164; x_wconf 80' lang='grc' dir='ltr'><strong>όδοῦσί</strong></span> <span class='ocrx_word' id='word_1_508' title='bbox 3497 3127 3553 3162; x_wconf 91' lang='grc' dir='ltr'><strong>τε</strong></span> <span class='ocrx_word' id='word_1_509' title='bbox 3588 3110 3716 3171; x_wconf 79' lang='grc' dir='ltr'><strong>ἰδίοις</strong></span> <span class='ocrx_word' id='word_1_510' title='bbox 3740 3107 3840 3177; x_wconf 76' lang='grc' dir='ltr'><strong>(φεῦ</strong></span> 
     </span>
    </p>
   </div>
   <div class='ocr_carea' id='block_1_73' title="bbox 2324 3203 3841 3277">
    <p class='ocr_par' dir='ltr' id='par_1_73' title="bbox 2324 3203 3841 3277">
     <span class='ocr_line' id='line_1_73' title="bbox 2324 3203 3841 3277; baseline -0.001 -21"><span class='ocrx_word' id='word_1_511' title='bbox 2324 3204 2420 3258; x_wconf 90' lang='grc' dir='ltr'><strong>τοῦ</strong></span> <span class='ocrx_word' id='word_1_512' title='bbox 2474 3204 2831 3276; x_wconf 77' lang='grc' dir='ltr'><strong>θεάματοςί)</strong></span> <span class='ocrx_word' id='word_1_513' title='bbox 2865 3205 3177 3275; x_wconf 84' lang='grc' dir='ltr'><strong>ἁπτόμενος</strong></span> <span class='ocrx_word' id='word_1_514' title='bbox 3244 3205 3456 3277; x_wconf 88' lang='grc' dir='ltr'><strong>ταύτης</strong></span> <span class='ocrx_word' id='word_1_515' title='bbox 3511 3205 3601 3259; x_wconf 73' lang='grc' dir='ltr'><strong>καὶ</strong></span> <span class='ocrx_word' id='word_1_516' title='bbox 3655 3203 3841 3273; x_wconf 80' lang='grc' dir='ltr'><strong>παρατέ-</strong></span> 
     </span>
    </p>
   </div>
   <div class='ocr_carea' id='block_1_74' title="bbox 2328 3294 3840 3366">
    <p class='ocr_par' dir='ltr' id='par_1_74' title="bbox 2328 3294 3840 3366">
     <span class='ocr_line' id='line_1_74' title="bbox 2328 3294 3840 3366; baseline -0.004 -19"><span class='ocrx_word' id='word_1_517' title='bbox 2328 3313 2499 3366; x_wconf 88' lang='grc' dir='ltr'><strong>μνων,</strong></span> <span class='ocrx_word' id='word_1_518' title='bbox 2560 3295 2877 3366; x_wconf 81' lang='grc' dir='ltr'><strong>διεμασᾶτο,</strong></span> <span class='ocrx_word' id='word_1_519' title='bbox 2930 3295 3102 3349; x_wconf 89' lang='grc' dir='ltr'><strong>πίνων</strong></span> <span class='ocrx_word' id='word_1_520' title='bbox 3162 3294 3369 3360; x_wconf 82' lang='grc' dir='ltr'><strong>ἀθλίως</strong></span> <span class='ocrx_word' id='word_1_521' title='bbox 3428 3298 3518 3350; x_wconf 80' lang='grc' dir='ltr'><strong>καὶ</strong></span> <span class='ocrx_word' id='word_1_522' title='bbox 3587 3294 3840 3364; x_wconf 75' lang='grc' dir='ltr'><strong>περιλείχων</strong></span> 
     </span>
    </p>
   </div>
   <div class='ocr_carea' id='block_1_75' title="bbox 2325 3386 3840 3460">
    <p class='ocr_par' dir='ltr' id='par_1_75' title="bbox 2325 3386 3840 3460">
     <span class='ocr_line' id='line_1_75' title="bbox 2325 3386 3840 3460; baseline -0.003 -19"><span class='ocrx_word' id='word_1_523' title='bbox 2325 3389 2419 3441; x_wconf 91' lang='grc' dir='ltr'><strong>τοῦ</strong></span> <span class='ocrx_word' id='word_1_524' title='bbox 2448 3388 2708 3459; x_wconf 81' lang='grc' dir='ltr'><strong>αἵματος,</strong></span> <span class='ocrx_word' id='word_1_525' title='bbox 2734 3390 2829 3442; x_wconf 75' lang='grc' dir='ltr'><strong>καὶ</strong></span> <span class='ocrx_word' id='word_1_526' title='bbox 2868 3387 3038 3441; x_wconf 85' lang='grc' dir='ltr'><strong>ταῦτα</strong></span> <span class='ocrx_word' id='word_1_527' title='bbox 3073 3392 3129 3442; x_wconf 89' lang='grc' dir='ltr'><strong>ἐν</strong></span> <span class='ocrx_word' id='word_1_528' title='bbox 3182 3389 3325 3443; x_wconf 74' lang='grc' dir='ltr'><strong>οὕτω</strong></span> <span class='ocrx_word' id='word_1_529' title='bbox 3370 3391 3538 3460; x_wconf 80' lang='grc' dir='ltr'><strong>σεμνῇ</strong></span> <span class='ocrx_word' id='word_1_530' title='bbox 3600 3388 3749 3457; x_wconf 71' lang='grc' dir='ltr'><strong>πολιᾷ,</strong></span> <span class='ocrx_word' id='word_1_531' title='bbox 3776 3386 3840 3437; x_wconf 73' lang='grc' dir='ltr'><strong>καὶ</strong></span> 
     </span>
    </p>
   </div>
   <div class='ocr_carea' id='block_1_76' title="bbox 2330 3479 3840 3553">
    <p class='ocr_par' dir='ltr' id='par_1_76' title="bbox 2330 3479 3840 3553">
     <span class='ocr_line' id='line_1_76' title="bbox 2330 3479 3840 3553; baseline -0.003 -21"><span class='ocrx_word' id='word_1_532' title='bbox 2330 3479 2488 3550; x_wconf 86' lang='grc' dir='ltr'><strong>βαθεῖ</strong></span> <span class='ocrx_word' id='word_1_533' title='bbox 2520 3481 2689 3552; x_wconf 80' lang='grc' dir='ltr'><strong>γήρᾳ,</strong></span> <span class='ocrx_word' id='word_1_534' title='bbox 2727 3482 2821 3533; x_wconf 74' lang='grc' dir='ltr'><strong>καὶ</strong></span> <span class='ocrx_word' id='word_1_535' title='bbox 2850 3480 2967 3549; x_wconf 88' lang='grc' dir='ltr'><strong>βίου</strong></span> <span class='ocrx_word' id='word_1_536' title='bbox 3001 3481 3236 3553; x_wconf 83' lang='grc' dir='ltr'><strong>δυσμαῖς</strong></span> <span class='ocrx_word' id='word_1_537' title='bbox 3267 3497 3281 3515; x_wconf 77' lang='grc' dir='ltr'><strong><em>ο</em></strong></span> <span class='ocrx_word' id='word_1_538' title='bbox 3318 3480 3348 3533; x_wconf 82' lang='grc' dir='ltr'>ὃ</span> <span class='ocrx_word' id='word_1_539' title='bbox 3380 3482 3474 3535; x_wconf 63' lang='grc' dir='ltr'><strong>καῖ⁸</strong></span> <span class='ocrx_word' id='word_1_540' title='bbox 3498 3479 3840 3548; x_wconf 74' lang='grc' dir='ltr'><strong>φιλανθρώπους</strong></span> 
     </span>
    </p>
   </div>
   <div class='ocr_carea' id='block_1_77' title="bbox 2330 3570 3839 3646">
    <p class='ocr_par' dir='ltr' id='par_1_77' title="bbox 2330 3570 3839 3646">
     <span class='ocr_line' id='line_1_77' title="bbox 2330 3570 3839 3646; baseline -0.003 -22"><span class='ocrx_word' id='word_1_541' title='bbox 2330 3572 2646 3643; x_wconf 74' lang='grc' dir='ltr'><strong>ὀφθαλμοὺς</strong></span> <span class='ocrx_word' id='word_1_542' title='bbox 2705 3574 2873 3626; x_wconf 81' lang='grc' dir='ltr'><strong>ἐκίνει</strong></span> <span class='ocrx_word' id='word_1_543' title='bbox 2932 3573 3071 3646; x_wconf 77' lang='grc' dir='ltr'><strong>πρὸς</strong></span> <span class='ocrx_word' id='word_1_544' title='bbox 3115 3573 3350 3645; x_wconf 84' lang='grc' dir='ltr'><strong>δάκρυα,</strong></span> <span class='ocrx_word' id='word_1_545' title='bbox 3392 3576 3483 3627; x_wconf 83' lang='grc' dir='ltr'><strong>καὶ</strong></span> <span class='ocrx_word' id='word_1_546' title='bbox 3516 3572 3600 3625; x_wconf 85' lang='grc' dir='ltr'><strong>τὸν</strong></span> <span class='ocrx_word' id='word_1_547' title='bbox 3641 3570 3839 3638; x_wconf 76' lang='grc' dir='ltr'><strong>δύστηνον</strong></span> 
     </span>
    </p>
   </div>
   <div class='ocr_carea' id='block_1_78' title="bbox 2330 3662 3840 3740">
    <p class='ocr_par' dir='ltr' id='par_1_78' title="bbox 2330 3662 3840 3740">
     <span class='ocr_line' id='line_1_78' title="bbox 2330 3662 3840 3740; baseline -0.003 -21"><span class='ocrx_word' id='word_1_548' title='bbox 2330 3666 2598 3738; x_wconf 79' lang='grc' dir='ltr'><strong>ὠδύροντο</strong></span> <span class='ocrx_word' id='word_1_549' title='bbox 2642 3668 2739 3737; x_wconf 78' lang='grc' dir='ltr'><strong>τῆς</strong></span> <span class='ocrx_word' id='word_1_550' title='bbox 2771 3667 2940 3738; x_wconf 79' lang='grc' dir='ltr'><strong>ζωῆς,</strong></span> <span class='ocrx_word' id='word_1_551' title='bbox 2976 3668 3071 3721; x_wconf 72' lang='grc' dir='ltr'><strong>καὶ</strong></span> <span class='ocrx_word' id='word_1_552' title='bbox 3123 3668 3355 3723; x_wconf 83' lang='grc' dir='ltr'><strong>θάνατον</strong></span> <span class='ocrx_word' id='word_1_553' title='bbox 3413 3668 3558 3740; x_wconf 84' lang='grc' dir='ltr'><strong>αύτῷ</strong></span> <span class='ocrx_word' id='word_1_554' title='bbox 3581 3665 3749 3738; x_wconf 74' lang='grc' dir='ltr'><strong>μᾶλλον</strong></span> <span class='ocrx_word' id='word_1_555' title='bbox 3787 3662 3840 3723; x_wconf 82' lang='grc' dir='ltr'><strong>ὡς</strong></span> 
     </span>
    </p>
   </div>
   <div class='ocr_carea' id='block_1_79' title="bbox 2328 3754 3841 3831">
    <p class='ocr_par' dir='ltr' id='par_1_79' title="bbox 2328 3754 3841 3831">
     <span class='ocr_line' id='line_1_79' title="bbox 2328 3754 3841 3831; baseline -0.003 -20"><span class='ocrx_word' id='word_1_556' title='bbox 2328 3759 2623 3830; x_wconf 83' lang='grc' dir='ltr'><strong>εὐεργέτην</strong></span> <span class='ocrx_word' id='word_1_557' title='bbox 2647 3759 2673 3811; x_wconf 85' lang='grc' dir='ltr'><strong>ἐ</strong></span> <span class='ocrx_word' id='word_1_558' title='bbox 2688 3759 2972 3829; x_wconf 85' lang='grc' dir='ltr'><strong>πηύχοντο.</strong></span> <span class='ocrx_word' id='word_1_559' title='bbox 2991 3759 3053 3814; x_wconf 84' lang='grc' dir='ltr'><strong>Ἠ</strong></span> <span class='ocrx_word' id='word_1_560' title='bbox 3071 3762 3255 3831; x_wconf 84' lang='grc' dir='ltr'><strong>μέντοι</strong></span> <span class='ocrx_word' id='word_1_561' title='bbox 3271 3762 3418 3828; x_wconf 70' lang='grc' dir='ltr'><strong>ὄνος,</strong></span> <span class='ocrx_word' id='word_1_562' title='bbox 3446 3763 3683 3827; x_wconf 72' lang='grc' dir='ltr'><strong>καίτοι³γε</strong></span> <span class='ocrx_word' id='word_1_563' title='bbox 3700 3754 3841 3810; x_wconf 76' lang='grc' dir='ltr'><strong>τοιαῦ-</strong></span> 
     </span>
    </p>
   </div>
   <div class='ocr_carea' id='block_1_80' title="bbox 2326 3850 3842 3924">
    <p class='ocr_par' dir='ltr' id='par_1_80' title="bbox 2326 3850 3842 3924">
     <span class='ocr_line' id='line_1_80' title="bbox 2326 3850 3842 3924; baseline -0.003 -21"><span class='ocrx_word' id='word_1_564' title='bbox 2326 3868 2396 3904; x_wconf 87' lang='grc' dir='ltr'><strong>τα</strong></span> <span class='ocrx_word' id='word_1_565' title='bbox 2425 3851 2555 3921; x_wconf 76' lang='grc' dir='ltr'><strong>παρ’</strong></span> <span class='ocrx_word' id='word_1_566' title='bbox 2588 3850 2750 3904; x_wconf 84' lang='grc' dir='ltr'><strong>αὑτοῦ</strong></span> <span class='ocrx_word' id='word_1_567' title='bbox 2784 3852 3071 3923; x_wconf 87' lang='grc' dir='ltr'><strong>πάσχουσα</strong></span> <span class='ocrx_word' id='word_1_568' title='bbox 3090 3891 3106 3916; x_wconf 84' lang='grc'><strong>,</strong></span> <span class='ocrx_word' id='word_1_569' title='bbox 3138 3854 3234 3908; x_wconf 79' lang='grc' dir='ltr'><strong>καὶ</strong></span> <span class='ocrx_word' id='word_1_570' title='bbox 3258 3854 3359 3924; x_wconf 83' lang='grc' dir='ltr'><strong>τὴν</strong></span> <span class='ocrx_word' id='word_1_571' title='bbox 3389 3854 3629 3923; x_wconf 84' lang='grc' dir='ltr'><strong>γλῶσσαν</strong></span> <span class='ocrx_word' id='word_1_572' title='bbox 3653 3853 3842 3903; x_wconf 70' lang='grc' dir='ltr'><strong>δαπανω-</strong></span> 
     </span>
    </p>
   </div>
   <div class='ocr_carea' id='block_1_81' title="bbox 2330 3940 3843 4017">
    <p class='ocr_par' dir='ltr' id='par_1_81' title="bbox 2330 3940 3843 4017">
     <span class='ocr_line' id='line_1_81' title="bbox 2330 3940 3843 4017; baseline -0.007 -18"><span class='ocrx_word' id='word_1_573' title='bbox 2330 3942 2490 4013; x_wconf 84' lang='grc' dir='ltr'><strong>μένη,</strong></span> <span class='ocrx_word' id='word_1_574' title='bbox 2519 3943 2664 4013; x_wconf 84' lang='grc' dir='ltr'><strong>ὅμως</strong></span> <span class='ocrx_word' id='word_1_575' title='bbox 2698 3945 3000 4014; x_wconf 80' lang='grc' dir='ltr'><strong>ἐνεργείαις</strong></span> <span class='ocrx_word' id='word_1_576' title='bbox 3032 3944 3141 3997; x_wconf 86' lang='grc' dir='ltr'><strong>τῶν</strong></span> <span class='ocrx_word' id='word_1_577' title='bbox 3173 3946 3230 3997; x_wconf 85' lang='grc' dir='ltr'><strong>ἐν</strong></span> <span class='ocrx_word' id='word_1_578' title='bbox 3258 3945 3411 4017; x_wconf 80' lang='grc' dir='ltr'><strong>αὐτῷ</strong></span> <span class='ocrx_word' id='word_1_579' title='bbox 3443 3940 3843 4015; x_wconf 68' lang='grc' dir='ltr'><strong>δαιμόνωνείετή-</strong></span> 
     </span>
    </p>
   </div>
   <div class='ocr_carea' id='block_1_82' title="bbox 2327 4033 3587 4108">
    <p class='ocr_par' dir='ltr' id='par_1_82' title="bbox 2327 4033 3587 4108">
     <span class='ocr_line' id='line_1_82' title="bbox 2327 4033 3587 4108; baseline 0.002 -22"><span class='ocrx_word' id='word_1_580' title='bbox 2327 4050 2434 4096; x_wconf 91' lang='grc' dir='ltr'><strong>κει,</strong></span> <span class='ocrx_word' id='word_1_581' title='bbox 2472 4033 2699 4103; x_wconf 77' lang='grc' dir='ltr'><strong>μηδενὸς</strong></span> <span class='ocrx_word' id='word_1_582' title='bbox 2731 4033 2919 4105; x_wconf 82' lang='grc' dir='ltr'><strong>ὥσπερ</strong></span> <span class='ocrx_word' id='word_1_583' title='bbox 2951 4035 3204 4103; x_wconf 81' lang='grc' dir='ltr'><strong>ἀλγεινοῦ</strong></span> <span class='ocrx_word' id='word_1_584' title='bbox 3228 4038 3587 4108; x_wconf 55' lang='grc' dir='ltr'><strong>πειρωμένη,</strong></span> 
     </span>
    </p>
   </div>
   <div class='ocr_carea' id='block_1_83' title="bbox 642 4123 3839 4204">
    <p class='ocr_par' dir='ltr' id='par_1_83' title="bbox 642 4123 3839 4204">
     <span class='ocr_line' id='line_1_83' title="bbox 642 4123 3839 4204; baseline 0.001 -25"><span class='ocrx_word' id='word_1_585' title='bbox 642 4128 893 4182; x_wconf 84' lang='lat' dir='ltr'><strong>mutilata</strong></span> <span class='ocrx_word' id='word_1_586' title='bbox 926 4129 1188 4199; x_wconf 86' lang='lat' dir='ltr'><strong>linguam,</strong></span> <span class='ocrx_word' id='word_1_587' title='bbox 1219 4131 1606 4199; x_wconf 81' lang='lat' dir='ltr'><strong>nihilominus,</strong></span> <span class='ocrx_word' id='word_1_588' title='bbox 1650 4133 1899 4189; x_wconf 61' lang='lat' dir='ltr'><strong>daemone</strong></span> <span class='ocrx_word' id='word_1_589' title='bbox 1962 4133 2056 4204; x_wconf 91' lang='lat' dir='ltr'><strong>qui</strong></span> <span class='ocrx_word' id='word_1_590' title='bbox 2108 4132 2290 4189; x_wconf 91' lang='lat' dir='ltr'><strong>virum</strong></span> <span class='ocrx_word' id='word_1_591' title='bbox 2331 4130 2609 4188; x_wconf 85' lang='lat' dir='ltr'><strong>insidebat</strong></span> <span class='ocrx_word' id='word_1_592' title='bbox 2655 4140 2879 4201; x_wconf 87' lang='lat' dir='ltr'><strong>agente,</strong></span> <span class='ocrx_word' id='word_1_593' title='bbox 2941 4146 3051 4186; x_wconf 90' lang='lat' dir='ltr'><strong>non</strong></span> <span class='ocrx_word' id='word_1_594' title='bbox 3115 4132 3279 4188; x_wconf 88' lang='lat' dir='ltr'><strong>aliter</strong></span> <span class='ocrx_word' id='word_1_595' title='bbox 3351 4132 3597 4188; x_wconf 86' lang='lat' dir='ltr'><strong>substitit</strong></span> <span class='ocrx_word' id='word_1_596' title='bbox 3638 4145 3769 4200; x_wconf 84' lang='lat' dir='ltr'><strong>quam</strong></span> <span class='ocrx_word' id='word_1_597' title='bbox 3809 4123 3839 4177; x_wconf 81' lang='lat' dir='ltr'><strong>si</strong></span> 
     </span>
    </p>
   </div>
   <div class='ocr_carea' id='block_1_84' title="bbox 642 4220 1411 4291">
    <p class='ocr_par' dir='ltr' id='par_1_84' title="bbox 642 4220 1411 4291">
     <span class='ocr_line' id='line_1_84' title="bbox 642 4220 1411 4291; baseline 0.005 -18"><span class='ocrx_word' id='word_1_598' title='bbox 642 4220 779 4274; x_wconf 75' lang='lat' dir='ltr'><strong>nihil</strong></span> <span class='ocrx_word' id='word_1_599' title='bbox 804 4236 978 4291; x_wconf 66' lang='lat' dir='ltr'><strong>paenae</strong></span> <span class='ocrx_word' id='word_1_600' title='bbox 1012 4237 1167 4290; x_wconf 87' lang='lat' dir='ltr'><strong>passa</strong></span> <span class='ocrx_word' id='word_1_601' title='bbox 1198 4221 1411 4279; x_wconf 88' lang='lat' dir='ltr'><strong>fuisset.</strong></span> 
     </span>
    </p>
   </div>
   <div class='ocr_carea' id='block_1_85' title="bbox 714 4312 2219 4384">
    <p class='ocr_par' dir='ltr' id='par_1_85' title="bbox 714 4312 2219 4384">
     <span class='ocr_line' id='line_1_85' title="bbox 714 4312 2219 4384; baseline 0.005 -19"><span class='ocrx_word' id='word_1_602' title='bbox 714 4314 837 4366; x_wconf 68' lang='lat'><strong>167.</strong></span> <span class='ocrx_word' id='word_1_603' title='bbox 891 4312 1201 4366; x_wconf 87' lang='lat' dir='ltr'><strong>Adducitur</strong></span> <span class='ocrx_word' id='word_1_604' title='bbox 1234 4329 1368 4384; x_wconf 91' lang='lat' dir='ltr'><strong>ergo</strong></span> <span class='ocrx_word' id='word_1_605' title='bbox 1412 4330 1579 4369; x_wconf 81' lang='lat' dir='ltr'><strong>senex</strong></span> <span class='ocrx_word' id='word_1_606' title='bbox 1609 4315 1678 4370; x_wconf 90' lang='lat' dir='ltr'><strong>ad</strong></span> <span class='ocrx_word' id='word_1_607' title='bbox 1742 4316 1925 4371; x_wconf 86' lang='lat' dir='ltr'><strong>virum</strong></span> <span class='ocrx_word' id='word_1_608' title='bbox 1966 4326 2219 4373; x_wconf 87' lang='lat' dir='ltr'><strong>sanctum</strong></span> 
     </span>
    </p>
   </div>
   <div class='ocr_carea' id='block_1_86' title="bbox 642 4404 2227 4503">
    <p class='ocr_par' dir='ltr' id='par_1_86' title="bbox 642 4404 2227 4503">
     <span class='ocr_line' id='line_1_86' title="bbox 642 4404 2227 4503; baseline 0.004 -44"><span class='ocrx_word' id='word_1_609' title='bbox 642 4404 1030 4503; x_wconf 61' lang='lat' dir='ltr'><strong>statimque.ab</strong></span> <span class='ocrx_word' id='word_1_610' title='bbox 1058 4406 1429 4462; x_wconf 88' lang='lat' dir='ltr'><strong>incolentibus</strong></span> <span class='ocrx_word' id='word_1_611' title='bbox 1449 4422 1577 4462; x_wconf 92' lang='lat' dir='ltr'><strong>eum</strong></span> <span class='ocrx_word' id='word_1_612' title='bbox 1622 4408 1911 4464; x_wconf 70' lang='lat' dir='ltr'><strong>daunoniis</strong></span> <span class='ocrx_word' id='word_1_613' title='bbox 1934 4426 2034 4480; x_wconf 89' lang='lat' dir='ltr'><strong>per</strong></span> <span class='ocrx_word' id='word_1_614' title='bbox 2061 4420 2227 4479; x_wconf 92' lang='lat' dir='ltr'><strong>caput</strong></span> 
     </span>
    </p>
   </div>
   <div class='ocr_carea' id='block_1_87' title="bbox 640 4498 2221 4572">
    <p class='ocr_par' dir='ltr' id='par_1_87' title="bbox 640 4498 2221 4572">
     <span class='ocr_line' id='line_1_87' title="bbox 640 4498 2221 4572; baseline 0.004 -21"><span class='ocrx_word' id='word_1_615' title='bbox 640 4498 1018 4567; x_wconf 70' lang='grc' dir='ltr'><strong>ειιςιιθιιιιίιῦτ,</strong></span> <span class='ocrx_word' id='word_1_616' title='bbox 1052 4498 1222 4553; x_wconf 90' lang='lat' dir='ltr'><strong>veluti</strong></span> <span class='ocrx_word' id='word_1_617' title='bbox 1256 4515 1367 4554; x_wconf 92' lang='lat' dir='ltr'><strong>non</strong></span> <span class='ocrx_word' id='word_1_618' title='bbox 1392 4500 1708 4556; x_wconf 89' lang='lat' dir='ltr'><strong>ferentibus</strong></span> <span class='ocrx_word' id='word_1_619' title='bbox 1756 4502 1931 4557; x_wconf 91' lang='lat' dir='ltr'><strong>sancti</strong></span> <span class='ocrx_word' id='word_1_620' title='bbox 1979 4518 2221 4572; x_wconf 81' lang='lat' dir='ltr'><strong>conspe-</strong></span> 
     </span>
    </p>
   </div>
   <div class='ocr_carea' id='block_1_88' title="bbox 642 4589 2227 4661">
    <p class='ocr_par' dir='ltr' id='par_1_88' title="bbox 642 4589 2227 4661">
     <span class='ocr_line' id='line_1_88' title="bbox 642 4589 2227 4661; baseline 0.003 -17"><span class='ocrx_word' id='word_1_621' title='bbox 642 4599 791 4644; x_wconf 87' lang='lat' dir='ltr'><strong>ctum</strong></span> <span class='ocrx_word' id='word_1_622' title='bbox 815 4606 828 4643; x_wconf 90' lang='lat'><strong>:</strong></span> <span class='ocrx_word' id='word_1_623' title='bbox 852 4605 962 4660; x_wconf 88' lang='lat' dir='ltr'><strong>quo</strong></span> <span class='ocrx_word' id='word_1_624' title='bbox 988 4589 1111 4644; x_wconf 90' lang='lat' dir='ltr'><strong>illos</strong></span> <span class='ocrx_word' id='word_1_625' title='bbox 1165 4601 1592 4661; x_wconf 86' lang='lat' dir='ltr'><strong>percunctante,</strong></span> <span class='ocrx_word' id='word_1_626' title='bbox 1630 4610 1732 4648; x_wconf 89' lang='lat' dir='ltr'><strong>cur</strong></span> <span class='ocrx_word' id='word_1_627' title='bbox 1795 4594 2019 4649; x_wconf 88' lang='lat' dir='ltr'><strong>tandem</strong></span> <span class='ocrx_word' id='word_1_628' title='bbox 2056 4594 2135 4649; x_wconf 88' lang='lat' dir='ltr'><strong>ita</strong></span> <span class='ocrx_word' id='word_1_629' title='bbox 2172 4594 2227 4649; x_wconf 89' lang='lat' dir='ltr'><strong>in</strong></span> 
     </span>
    </p>
   </div>
   <div class='ocr_carea' id='block_1_89' title="bbox 641 4682 2225 4751">
    <p class='ocr_par' dir='ltr' id='par_1_89' title="bbox 641 4682 2225 4751">
     <span class='ocr_line' id='line_1_89' title="bbox 641 4682 2225 4751; baseline 0.004 -15"><span class='ocrx_word' id='word_1_630' title='bbox 641 4697 828 4737; x_wconf 89' lang='lat' dir='ltr'><strong>senem</strong></span> <span class='ocrx_word' id='word_1_631' title='bbox 886 4682 1213 4738; x_wconf 89' lang='lat' dir='ltr'><strong>debacchati</strong></span> <span class='ocrx_word' id='word_1_632' title='bbox 1272 4683 1544 4751; x_wconf 84' lang='lat' dir='ltr'><strong>fuissent,</strong></span> <span class='ocrx_word' id='word_1_633' title='bbox 1616 4687 1693 4741; x_wconf 89' lang='lat' dir='ltr'><strong>illi</strong></span> <span class='ocrx_word' id='word_1_634' title='bbox 1764 4703 1951 4743; x_wconf 87' lang='lat' dir='ltr'><strong>amare</strong></span> <span class='ocrx_word' id='word_1_635' title='bbox 2028 4686 2225 4743; x_wconf 82' lang='lat' dir='ltr'><strong>[lentes</strong></span> 
     </span>
    </p>
   </div>
   <div class='ocr_carea' id='block_1_90' title="bbox 644 4775 2228 4851">
    <p class='ocr_par' dir='ltr' id='par_1_90' title="bbox 644 4775 2228 4851">
     <span class='ocr_line' id='line_1_90' title="bbox 644 4775 2228 4851; baseline 0.004 -22"><span class='ocrx_word' id='word_1_636' title='bbox 644 4775 902 4843; x_wconf 83' lang='lat' dir='ltr'><strong>(dixisses</strong></span> <span class='ocrx_word' id='word_1_637' title='bbox 931 4775 1037 4829; x_wconf 89' lang='lat' dir='ltr'><strong>viri</strong></span> <span class='ocrx_word' id='word_1_638' title='bbox 1078 4778 1374 4846; x_wconf 77' lang='lat' dir='ltr'><strong>przcsentia</strong></span> <span class='ocrx_word' id='word_1_639' title='bbox 1426 4780 1583 4849; x_wconf 89' lang='lat' dir='ltr'><strong>quasi</strong></span> <span class='ocrx_word' id='word_1_640' title='bbox 1617 4795 1761 4835; x_wconf 77' lang='lat' dir='ltr'><strong>saevo</strong></span> <span class='ocrx_word' id='word_1_641' title='bbox 1801 4780 2017 4851; x_wconf 83' lang='lat' dir='ltr'><strong>flagello</strong></span> <span class='ocrx_word' id='word_1_642' title='bbox 2066 4796 2228 4836; x_wconf 83' lang='lat' dir='ltr'><strong>exce-</strong></span> 
     </span>
    </p>
   </div>
   <div class='ocr_carea' id='block_1_91' title="bbox 643 4869 2225 4941">
    <p class='ocr_par' dir='ltr' id='par_1_91' title="bbox 643 4869 2225 4941">
     <span class='ocr_line' id='line_1_91' title="bbox 643 4869 2225 4941; baseline 0.004 -19"><span class='ocrx_word' id='word_1_643' title='bbox 643 4877 766 4937; x_wconf 88' lang='lat' dir='ltr'><strong>ptos</strong></span> <span class='ocrx_word' id='word_1_644' title='bbox 796 4870 963 4935; x_wconf 90' lang='lat' dir='ltr'><strong>esse),</strong></span> <span class='ocrx_word' id='word_1_645' title='bbox 990 4870 1071 4924; x_wconf 76' lang='lat' dir='ltr'><strong>Ad</strong></span> <span class='ocrx_word' id='word_1_646' title='bbox 1094 4869 1217 4934; x_wconf 90' lang='lat' dir='ltr'><strong>hoc,</strong></span> <span class='ocrx_word' id='word_1_647' title='bbox 1258 4871 1536 4941; x_wconf 89' lang='lat' dir='ltr'><strong>inquiunt,</strong></span> <span class='ocrx_word' id='word_1_648' title='bbox 1586 4873 1738 4928; x_wconf 93' lang='lat' dir='ltr'><strong>missi</strong></span> <span class='ocrx_word' id='word_1_649' title='bbox 1791 4889 2004 4940; x_wconf 89' lang='lat' dir='ltr'><strong>sumus,</strong></span> <span class='ocrx_word' id='word_1_650' title='bbox 2032 4882 2094 4929; x_wconf 92' lang='lat' dir='ltr'><strong>ut</strong></span> <span class='ocrx_word' id='word_1_651' title='bbox 2139 4874 2225 4929; x_wconf 88' lang='lat' dir='ltr'><strong>vel</strong></span> 
     </span>
    </p>
   </div>
   <div class='ocr_carea' id='block_1_92' title="bbox 643 4960 2222 5035">
    <p class='ocr_par' dir='ltr' id='par_1_92' title="bbox 643 4960 2222 5035">
     <span class='ocr_line' id='line_1_92' title="bbox 643 4960 2222 5035; baseline 0.006 -23"><span class='ocrx_word' id='word_1_652' title='bbox 643 4960 699 5012; x_wconf 92' lang='lat' dir='ltr'><strong>in</strong></span> <span class='ocrx_word' id='word_1_653' title='bbox 723 4975 921 5029; x_wconf 92' lang='lat' dir='ltr'><strong>aquam</strong></span> <span class='ocrx_word' id='word_1_654' title='bbox 972 4961 1060 5017; x_wconf 90' lang='lat' dir='ltr'><strong>vel</strong></span> <span class='ocrx_word' id='word_1_655' title='bbox 1115 4962 1172 5017; x_wconf 92' lang='lat' dir='ltr'><strong>in</strong></span> <span class='ocrx_word' id='word_1_656' title='bbox 1224 4962 1405 5033; x_wconf 87' lang='lat' dir='ltr'><strong>ignem</strong></span> <span class='ocrx_word' id='word_1_657' title='bbox 1459 4963 1641 5035; x_wconf 91' lang='lat' dir='ltr'><strong>ipsum</strong></span> <span class='ocrx_word' id='word_1_658' title='bbox 1702 4965 2222 5035; x_wconf 68' lang='lat' dir='ltr'><strong>praecipitaremus:</strong></span> 
     </span>
    </p>
   </div>
   <div class='ocr_carea' id='block_1_93' title="bbox 644 5052 2223 5129">
    <p class='ocr_par' dir='ltr' id='par_1_93' title="bbox 644 5052 2223 5129">
     <span class='ocr_line' id='line_1_93' title="bbox 644 5052 2223 5129; baseline 0.004 -25"><span class='ocrx_word' id='word_1_659' title='bbox 644 5052 835 5106; x_wconf 88' lang='lat' dir='ltr'><strong>talium</strong></span> <span class='ocrx_word' id='word_1_660' title='bbox 878 5054 1027 5108; x_wconf 91' lang='lat' dir='ltr'><strong>enim</strong></span> <span class='ocrx_word' id='word_1_661' title='bbox 1065 5070 1251 5109; x_wconf 88' lang='lat' dir='ltr'><strong>rerum</strong></span> <span class='ocrx_word' id='word_1_662' title='bbox 1284 5056 1374 5111; x_wconf 88' lang='lat' dir='ltr'><strong>isti</strong></span> <span class='ocrx_word' id='word_1_663' title='bbox 1400 5056 1551 5128; x_wconf 91' lang='lat' dir='ltr'><strong>(hem</strong></span> <span class='ocrx_word' id='word_1_664' title='bbox 1605 5058 1929 5129; x_wconf 87' lang='lat' dir='ltr'><strong>insaniaml)</strong></span> <span class='ocrx_word' id='word_1_665' title='bbox 1982 5058 2223 5113; x_wconf 90' lang='lat' dir='ltr'><strong>ministri</strong></span> 
     </span>
    </p>
   </div>
   <div class='ocr_carea' id='block_1_94' title="bbox 645 5144 2225 5219">
    <p class='ocr_par' dir='ltr' id='par_1_94' title="bbox 645 5144 2225 5219">
     <span class='ocr_line' id='line_1_94' title="bbox 645 5144 2225 5219; baseline 0.004 -21"><span class='ocrx_word' id='word_1_666' title='bbox 645 5144 822 5198; x_wconf 88' lang='lat' dir='ltr'><strong>seduli</strong></span> <span class='ocrx_word' id='word_1_667' title='bbox 850 5152 905 5198; x_wconf 89' lang='lat' dir='ltr'><strong>et</strong></span> <span class='ocrx_word' id='word_1_668' title='bbox 954 5157 1312 5203; x_wconf 78' lang='lat' dir='ltr'><strong>exsecutores</strong></span> <span class='ocrx_word' id='word_1_669' title='bbox 1346 5157 1495 5203; x_wconf 91' lang='lat' dir='ltr'><strong>sunt.</strong></span> <span class='ocrx_word' id='word_1_670' title='bbox 1550 5149 1679 5203; x_wconf 90' lang='lat' dir='ltr'><strong>Dies</strong></span> <span class='ocrx_word' id='word_1_671' title='bbox 1724 5150 1891 5219; x_wconf 90' lang='lat' dir='ltr'><strong>igitur</strong></span> <span class='ocrx_word' id='word_1_672' title='bbox 1937 5159 1995 5205; x_wconf 90' lang='lat' dir='ltr'><strong>et</strong></span> <span class='ocrx_word' id='word_1_673' title='bbox 2030 5158 2225 5205; x_wconf 87' lang='lat' dir='ltr'><strong>noctes</strong></span> 
     </span>
    </p>
   </div>
   <div class='ocr_carea' id='block_1_95' title="bbox 644 5236 2225 5308">
    <p class='ocr_par' dir='ltr' id='par_1_95' title="bbox 644 5236 2225 5308">
     <span class='ocr_line' id='line_1_95' title="bbox 644 5236 2225 5308; baseline 0.004 -18"><span class='ocrx_word' id='word_1_674' title='bbox 644 5236 851 5306; x_wconf 87' lang='lat' dir='ltr'><strong>pariter</strong></span> <span class='ocrx_word' id='word_1_675' title='bbox 881 5239 1125 5308; x_wconf 89' lang='lat' dir='ltr'><strong>quinque</strong></span> <span class='ocrx_word' id='word_1_676' title='bbox 1170 5240 1528 5295; x_wconf 86' lang='lat' dir='ltr'><strong>multifariam</strong></span> <span class='ocrx_word' id='word_1_677' title='bbox 1567 5241 1636 5295; x_wconf 92' lang='lat' dir='ltr'><strong>ab</strong></span> <span class='ocrx_word' id='word_1_678' title='bbox 1681 5241 1769 5295; x_wconf 90' lang='lat' dir='ltr'><strong>his</strong></span> <span class='ocrx_word' id='word_1_679' title='bbox 1801 5241 1999 5296; x_wconf 91' lang='lat' dir='ltr'><strong>incolis</strong></span> <span class='ocrx_word' id='word_1_680' title='bbox 2044 5251 2225 5296; x_wconf 89' lang='lat' dir='ltr'><strong>tortus</strong></span> 
     </span>
    </p>
   </div>
   <div class='ocr_carea' id='block_1_96' title="bbox 642 5330 2223 5406">
    <p class='ocr_par' dir='ltr' id='par_1_96' title="bbox 642 5330 2223 5406">
     <span class='ocr_line' id='line_1_96' title="bbox 642 5330 2223 5406; baseline 0.003 -21"><span class='ocrx_word' id='word_1_681' title='bbox 642 5330 1155 5402; x_wconf 83' lang='lat' dir='ltr'><strong>fueratacerbeque</strong></span> <span class='ocrx_word' id='word_1_682' title='bbox 1182 5344 1451 5394; x_wconf 79' lang='lat' dir='ltr'><strong>vexatus:</strong></span> <span class='ocrx_word' id='word_1_683' title='bbox 1504 5350 1630 5389; x_wconf 92' lang='lat' dir='ltr'><strong>cum</strong></span> <span class='ocrx_word' id='word_1_684' title='bbox 1676 5336 1801 5389; x_wconf 89' lang='lat' dir='ltr'><strong>illos</strong></span> <span class='ocrx_word' id='word_1_685' title='bbox 1844 5335 2084 5406; x_wconf 83' lang='lat' dir='ltr'><strong>graviter</strong></span> <span class='ocrx_word' id='word_1_686' title='bbox 2130 5350 2223 5389; x_wconf 88' lang='lat' dir='ltr'><strong>ca-</strong></span> 
     </span>
    </p>
   </div>
   <div class='ocr_carea' id='block_1_97' title="bbox 620 5423 2223 5498">
    <p class='ocr_par' dir='ltr' id='par_1_97' title="bbox 620 5423 2223 5498">
     <span class='ocr_line' id='line_1_97' title="bbox 620 5423 2223 5498; baseline 0.003 -22"><span class='ocrx_word' id='word_1_687' title='bbox 620 5423 872 5494; x_wconf 81' lang='lat' dir='ltr'><strong>stigatos</strong></span> <span class='ocrx_word' id='word_1_688' title='bbox 894 5424 1164 5481; x_wconf 87' lang='lat' dir='ltr'><strong>facessere</strong></span> <span class='ocrx_word' id='word_1_689' title='bbox 1187 5426 1339 5490; x_wconf 88' lang='lat' dir='ltr'><strong>inde,</strong></span> <span class='ocrx_word' id='word_1_690' title='bbox 1360 5436 1417 5482; x_wconf 93' lang='lat' dir='ltr'><strong>et</strong></span> <span class='ocrx_word' id='word_1_691' title='bbox 1439 5443 1725 5498; x_wconf 89' lang='lat' dir='ltr'><strong>nunquam</strong></span> <span class='ocrx_word' id='word_1_692' title='bbox 1750 5428 2011 5498; x_wconf 92' lang='lat' dir='ltr'><strong>deinceps</strong></span> <span class='ocrx_word' id='word_1_693' title='bbox 2036 5428 2223 5484; x_wconf 92' lang='lat' dir='ltr'><strong>sedem</strong></span> 
     </span>
    </p>
   </div>
   <div class='ocr_carea' id='block_1_98' title="bbox 644 5516 2223 5591">
    <p class='ocr_par' dir='ltr' id='par_1_98' title="bbox 644 5516 2223 5591">
     <span class='ocr_line' id='line_1_98' title="bbox 644 5516 2223 5591; baseline 0.004 -20"><span class='ocrx_word' id='word_1_694' title='bbox 644 5516 807 5571; x_wconf 87' lang='lat' dir='ltr'><strong>istam</strong></span> <span class='ocrx_word' id='word_1_695' title='bbox 835 5526 1086 5588; x_wconf 88' lang='lat' dir='ltr'><strong>repetere</strong></span> <span class='ocrx_word' id='word_1_696' title='bbox 1109 5518 1267 5591; x_wconf 82' lang='lat' dir='ltr'><strong>jubet</strong></span> <span class='ocrx_word' id='word_1_697' title='bbox 1294 5538 1306 5574; x_wconf 87' lang='lat'><strong>:</strong></span> <span class='ocrx_word' id='word_1_698' title='bbox 1336 5536 1439 5576; x_wconf 90' lang='lat' dir='ltr'><strong>nec</strong></span> <span class='ocrx_word' id='word_1_699' title='bbox 1475 5530 1817 5591; x_wconf 55' lang='lat' dir='ltr'><strong>praeceptum</strong></span> <span class='ocrx_word' id='word_1_700' title='bbox 1870 5531 2073 5577; x_wconf 89' lang='lat' dir='ltr'><strong>eventu</strong></span> <span class='ocrx_word' id='word_1_701' title='bbox 2128 5538 2223 5577; x_wconf 89' lang='lat' dir='ltr'><strong>ca-</strong></span> 
     </span>
    </p>
   </div>
   <div class='ocr_carea' id='block_1_99' title="bbox 644 5608 2226 5683">
    <p class='ocr_par' dir='ltr' id='par_1_99' title="bbox 644 5608 2226 5683">
     <span class='ocr_line' id='line_1_99' title="bbox 644 5608 2226 5683; baseline 0.004 -20"><span class='ocrx_word' id='word_1_702' title='bbox 644 5608 778 5664; x_wconf 87' lang='lat' dir='ltr'><strong>ruit.</strong></span> <span class='ocrx_word' id='word_1_703' title='bbox 801 5610 945 5665; x_wconf 89' lang='lat' dir='ltr'><strong>Jussi</strong></span> <span class='ocrx_word' id='word_1_704' title='bbox 980 5626 1244 5683; x_wconf 89' lang='lat' dir='ltr'><strong>namque,</strong></span> <span class='ocrx_word' id='word_1_705' title='bbox 1269 5614 1503 5669; x_wconf 92' lang='lat' dir='ltr'><strong>multum</strong></span> <span class='ocrx_word' id='word_1_706' title='bbox 1525 5614 1896 5671; x_wconf 83' lang='lat' dir='ltr'><strong>vociferantes</strong></span> <span class='ocrx_word' id='word_1_707' title='bbox 1916 5615 2226 5671; x_wconf 83' lang='lat' dir='ltr'><strong>hominem-</strong></span> 
     </span>
    </p>
   </div>
   <div class='ocr_carea' id='block_1_100' title="bbox 644 5700 2224 5777">
    <p class='ocr_par' dir='ltr' id='par_1_100' title="bbox 644 5700 2224 5777">
     <span class='ocr_line' id='line_1_100' title="bbox 644 5700 2224 5777; baseline 0.003 -22"><span class='ocrx_word' id='word_1_708' title='bbox 644 5717 751 5771; x_wconf 91' lang='lat' dir='ltr'><strong>que</strong></span> <span class='ocrx_word' id='word_1_709' title='bbox 779 5702 1051 5773; x_wconf 89' lang='lat' dir='ltr'><strong>jactantes</strong></span> <span class='ocrx_word' id='word_1_710' title='bbox 1074 5719 1105 5758; x_wconf 93' lang='lat' dir='ltr'><strong>e</strong></span> <span class='ocrx_word' id='word_1_711' title='bbox 1124 5700 1367 5777; x_wconf 76' lang='lat' dir='ltr'><strong>&#39;vestigio</strong></span> <span class='ocrx_word' id='word_1_712' title='bbox 1396 5714 1763 5770; x_wconf 89' lang='lat' dir='ltr'><strong>evanuerunt,</strong></span> <span class='ocrx_word' id='word_1_713' title='bbox 1791 5721 1904 5761; x_wconf 92' lang='lat' dir='ltr'><strong>non</strong></span> <span class='ocrx_word' id='word_1_714' title='bbox 1957 5706 2076 5761; x_wconf 87' lang='lat' dir='ltr'><strong>ausi</strong></span> <span class='ocrx_word' id='word_1_715' title='bbox 2139 5706 2224 5759; x_wconf 83' lang='lat' dir='ltr'><strong>in-</strong></span> 
     </span>
    </p>
   </div>
   <div class='ocr_carea' id='block_1_101' title="bbox 644 5796 2221 5864">
    <p class='ocr_par' dir='ltr' id='par_1_101' title="bbox 644 5796 2221 5864">
     <span class='ocr_line' id='line_1_101' title="bbox 644 5796 2221 5864; baseline 0.001 -15"><span class='ocrx_word' id='word_1_716' title='bbox 644 5802 927 5864; x_wconf 86' lang='lat' dir='ltr'><strong>posterum</strong></span> <span class='ocrx_word' id='word_1_717' title='bbox 962 5796 1092 5852; x_wconf 89' lang='lat' dir='ltr'><strong>illuc</strong></span> <span class='ocrx_word' id='word_1_718' title='bbox 1118 5797 1321 5853; x_wconf 79' lang='lat' dir='ltr'><strong>reverti</strong></span> <span class='ocrx_word' id='word_1_719' title='bbox 1351 5814 1364 5851; x_wconf 90' lang='lat'><strong>:</strong></span> <span class='ocrx_word' id='word_1_720' title='bbox 1397 5812 1565 5854; x_wconf 77' lang='lat' dir='ltr'><strong>senex</strong></span> <span class='ocrx_word' id='word_1_721' title='bbox 1595 5807 1785 5854; x_wconf 87' lang='lat' dir='ltr'><strong>autem</strong></span> <span class='ocrx_word' id='word_1_722' title='bbox 1832 5798 2078 5855; x_wconf 92' lang='lat' dir='ltr'><strong>violento</strong></span> <span class='ocrx_word' id='word_1_723' title='bbox 2124 5798 2221 5852; x_wconf 91' lang='lat' dir='ltr'><strong>illo</strong></span> 
     </span>
    </p>
   </div>
   <div class='ocr_carea' id='block_1_102' title="bbox 2408 4306 3841 4386">
    <p class='ocr_par' dir='ltr' id='par_1_102' title="bbox 2408 4306 3841 4386">
     <span class='ocr_line' id='line_1_102' title="bbox 2408 4306 3841 4386; baseline -0.019 -1"><span class='ocrx_word' id='word_1_724' title='bbox 2408 4314 2541 4386; x_wconf 72' lang='grc' dir='ltr'><strong>ρξξν.</strong></span> <span class='ocrx_word' id='word_1_725' title='bbox 2580 4306 2806 4383; x_wconf 76' lang='grc' dir='ltr'><strong>’Δγεται</strong></span> <span class='ocrx_word' id='word_1_726' title='bbox 2857 4313 3148 4386; x_wconf 81' lang='grc' dir='ltr'><strong>τοιγαροῦν</strong></span> <span class='ocrx_word' id='word_1_727' title='bbox 3179 4315 3332 4386; x_wconf 86' lang='grc' dir='ltr'><strong>παρά</strong></span> <span class='ocrx_word' id='word_1_728' title='bbox 3384 4315 3478 4368; x_wconf 67' lang='grc' dir='ltr'><strong>τὸν</strong></span> <span class='ocrx_word' id='word_1_729' title='bbox 3510 4314 3639 4366; x_wconf 83' lang='grc' dir='ltr'><strong>θεῖον</strong></span> <span class='ocrx_word' id='word_1_730' title='bbox 3678 4307 3841 4380; x_wconf 77' lang='grc' dir='ltr'><strong>ἀνδραὸ</strong></span> 
     </span>
    </p>
   </div>
   <div class='ocr_carea' id='block_1_103' title="bbox 2334 4396 3840 4479">
    <p class='ocr_par' dir='ltr' id='par_1_103' title="bbox 2334 4396 3840 4479">
     <span class='ocr_line' id='line_1_103' title="bbox 2334 4396 3840 4479; baseline -0.007 -18"><span class='ocrx_word' id='word_1_731' title='bbox 2334 4409 2584 4479; x_wconf 75' lang='grc' dir='ltr'><strong>γηραιὸς,</strong></span> <span class='ocrx_word' id='word_1_732' title='bbox 2610 4407 2669 4470; x_wconf 85' lang='grc' dir='ltr'><strong>ὃς</strong></span> <span class='ocrx_word' id='word_1_733' title='bbox 2696 4408 2833 4478; x_wconf 85' lang='grc' dir='ltr'><strong>ὁμοῦ</strong></span> <span class='ocrx_word' id='word_1_734' title='bbox 2862 4424 2919 4459; x_wconf 87' lang='grc' dir='ltr'><strong>τε</strong></span> <span class='ocrx_word' id='word_1_735' title='bbox 2950 4403 3089 4460; x_wconf 77' lang='grc' dir='ltr'><strong>εἶδεν</strong></span> <span class='ocrx_word' id='word_1_736' title='bbox 3120 4407 3303 4470; x_wconf 78' lang='grc' dir='ltr'><strong>αὑτὸν,</strong></span> <span class='ocrx_word' id='word_1_737' title='bbox 3341 4409 3438 4461; x_wconf 80' lang='grc' dir='ltr'><strong>καὶ</strong></span> <span class='ocrx_word' id='word_1_738' title='bbox 3478 4396 3605 4477; x_wconf 82' lang='grc' dir='ltr'><strong>ὁμοῦ</strong></span> <span class='ocrx_word' id='word_1_739' title='bbox 3634 4404 3722 4458; x_wconf 68' lang='grc' dir='ltr'><strong>ὑπ’)</strong></span> <span class='ocrx_word' id='word_1_740' title='bbox 3763 4400 3840 4451; x_wconf 75' lang='grc' dir='ltr'><strong>τῶν</strong></span> 
     </span>
    </p>
   </div>
   <div class='ocr_carea' id='block_1_104' title="bbox 2330 4499 3838 4573">
    <p class='ocr_par' dir='ltr' id='par_1_104' title="bbox 2330 4499 3838 4573">
     <span class='ocr_line' id='line_1_104' title="bbox 2330 4499 3838 4573; baseline -0.008 -19"><span class='ocrx_word' id='word_1_741' title='bbox 2330 4501 2683 4555; x_wconf 78' lang='grc' dir='ltr'><strong>ἐνοικούντων</strong></span> <span class='ocrx_word' id='word_1_742' title='bbox 2741 4500 2889 4573; x_wconf 88' lang='grc' dir='ltr'><strong>αύτῷ</strong></span> <span class='ocrx_word' id='word_1_743' title='bbox 2921 4502 3194 4571; x_wconf 82' lang='grc' dir='ltr'><strong>δαιμόνων</strong></span> <span class='ocrx_word' id='word_1_744' title='bbox 3228 4500 3371 4555; x_wconf 84' lang='grc' dir='ltr'><strong>κατά</strong></span> <span class='ocrx_word' id='word_1_745' title='bbox 3404 4500 3634 4570; x_wconf 73' lang='grc' dir='ltr'><strong>κεφαλῆς</strong></span> <span class='ocrx_word' id='word_1_746' title='bbox 3667 4499 3838 4567; x_wconf 56' lang='grc' dir='ltr'><strong>ἤρτητο.</strong></span> 
     </span>
    </p>
   </div>
   <div class='ocr_carea' id='block_1_105' title="bbox 2330 4584 3841 4665">
    <p class='ocr_par' dir='ltr' id='par_1_105' title="bbox 2330 4584 3841 4665">
     <span class='ocr_line' id='line_1_105' title="bbox 2330 4584 3841 4665; baseline -0.005 -19"><span class='ocrx_word' id='word_1_747' title='bbox 2330 4593 2582 4664; x_wconf 87' lang='grc' dir='ltr'><strong>καθάπερ</strong></span> <span class='ocrx_word' id='word_1_748' title='bbox 2640 4594 2738 4647; x_wconf 81' lang='grc' dir='ltr'><strong>οὐκ</strong></span> <span class='ocrx_word' id='word_1_749' title='bbox 2787 4593 3121 4663; x_wconf 73' lang='grc' dir='ltr'><strong>ἐνεγκόντων</strong></span> <span class='ocrx_word' id='word_1_750' title='bbox 3193 4593 3292 4665; x_wconf 79' lang='grc' dir='ltr'><strong>τὴν</strong></span> <span class='ocrx_word' id='word_1_751' title='bbox 3349 4594 3498 4647; x_wconf 89' lang='grc' dir='ltr'><strong>θέαν.</strong></span> <span class='ocrx_word' id='word_1_752' title='bbox 3552 4592 3605 4643; x_wconf 86' lang='lat'><strong>&#39;0</strong></span> <span class='ocrx_word' id='word_1_753' title='bbox 3662 4590 3742 4659; x_wconf 83' lang='grc' dir='ltr'><strong>μὲν</strong></span> <span class='ocrx_word' id='word_1_754' title='bbox 3774 4584 3841 4637; x_wconf 64' lang='grc' dir='ltr'><strong>οὖν</strong></span> 
     </span>
    </p>
   </div>
   <div class='ocr_carea' id='block_1_106' title="bbox 2329 4678 3840 4759">
    <p class='ocr_par' dir='ltr' id='par_1_106' title="bbox 2329 4678 3840 4759">
     <span class='ocr_line' id='line_1_106' title="bbox 2329 4678 3840 4759; baseline -0.009 -18"><span class='ocrx_word' id='word_1_755' title='bbox 2329 4688 2484 4756; x_wconf 78' lang='grc' dir='ltr'><strong>ἅγιος</strong></span> <span class='ocrx_word' id='word_1_756' title='bbox 2539 4687 2871 4742; x_wconf 85' lang='grc' dir='ltr'><strong>ἐπυνθάνετο</strong></span> <span class='ocrx_word' id='word_1_757' title='bbox 2928 4688 3129 4753; x_wconf 81' lang='grc' dir='ltr'><strong>αὐτῶν,</strong></span> <span class='ocrx_word' id='word_1_758' title='bbox 3191 4686 3246 4740; x_wconf 88' lang='grc' dir='ltr'><strong>τί</strong></span> <span class='ocrx_word' id='word_1_759' title='bbox 3282 4686 3347 4759; x_wconf 79' lang='grc' dir='ltr'><strong>δή</strong></span> <span class='ocrx_word' id='word_1_760' title='bbox 3383 4703 3512 4739; x_wconf 88' lang='grc' dir='ltr'><strong>ποτε</strong></span> <span class='ocrx_word' id='word_1_761' title='bbox 3568 4682 3761 4737; x_wconf 81' lang='grc' dir='ltr'><strong>τοιαῦτα</strong></span> <span class='ocrx_word' id='word_1_762' title='bbox 3784 4678 3840 4744; x_wconf 80' lang='grc' dir='ltr'><strong>τῷ</strong></span> 
     </span>
    </p>
   </div>
   <div class='ocr_carea' id='block_1_107' title="bbox 2327 4765 3839 4852">
    <p class='ocr_par' dir='ltr' id='par_1_107' title="bbox 2327 4765 3839 4852">
     <span class='ocr_line' id='line_1_107' title="bbox 2327 4765 3839 4852; baseline -0.007 -19"><span class='ocrx_word' id='word_1_763' title='bbox 2327 4781 2545 4851; x_wconf 80' lang='grc' dir='ltr'><strong>γέροντι</strong></span> <span class='ocrx_word' id='word_1_764' title='bbox 2597 4781 3011 4852; x_wconf 81' lang='grc' dir='ltr'><strong>παροινήσειαν.</strong></span> <span class='ocrx_word' id='word_1_765' title='bbox 3065 4780 3128 4833; x_wconf 78' lang='lat' dir='ltr'><strong>Ol</strong></span> <span class='ocrx_word' id='word_1_766' title='bbox 3158 4779 3216 4832; x_wconf 84' lang='grc' dir='ltr'><strong>δὲ</strong></span> <span class='ocrx_word' id='word_1_767' title='bbox 3260 4780 3457 4850; x_wconf 79' lang='grc' dir='ltr'><strong>πικρὸν</strong></span> <span class='ocrx_word' id='word_1_768' title='bbox 3492 4765 3839 4835; x_wconf 76' lang='grc' dir='ltr'><strong>κλαίοντες,οἷς</strong></span> 
     </span>
    </p>
   </div>
   <div class='ocr_carea' id='block_1_108' title="bbox 2329 4864 3837 4942">
    <p class='ocr_par' dir='ltr' id='par_1_108' title="bbox 2329 4864 3837 4942">
     <span class='ocr_line' id='line_1_108' title="bbox 2329 4864 3837 4942; baseline -0.009 -17"><span class='ocrx_word' id='word_1_769' title='bbox 2329 4873 2423 4925; x_wconf 80' lang='grc' dir='ltr'><strong>καὶ</strong></span> <span class='ocrx_word' id='word_1_770' title='bbox 2453 4874 2519 4942; x_wconf 83' lang='grc' dir='ltr'><strong>τῇ</strong></span> <span class='ocrx_word' id='word_1_771' title='bbox 2548 4872 2777 4941; x_wconf 85' lang='grc' dir='ltr'><strong>μάστιγι</strong></span> <span class='ocrx_word' id='word_1_772' title='bbox 2812 4871 2911 4941; x_wconf 82' lang='grc' dir='ltr'><strong>τῆς</strong></span> <span class='ocrx_word' id='word_1_773' title='bbox 2948 4870 3162 4923; x_wconf 84' lang='grc' dir='ltr'><strong>ἐκείνου</strong></span> <span class='ocrx_word' id='word_1_774' title='bbox 3189 4870 3499 4941; x_wconf 87' lang='grc' dir='ltr'><strong>παρουσίας</strong></span> <span class='ocrx_word' id='word_1_775' title='bbox 3554 4865 3719 4924; x_wconf 83' lang='grc' dir='ltr'><strong>δεινῶς</strong></span> <span class='ocrx_word' id='word_1_776' title='bbox 3744 4864 3837 4913; x_wconf 74' lang='grc' dir='ltr'><strong>ἑτι-</strong></span> 
     </span>
    </p>
   </div>
   <div class='ocr_carea' id='block_1_109' title="bbox 2306 4950 3838 5036">
    <p class='ocr_par' dir='ltr' id='par_1_109' title="bbox 2306 4950 3838 5036">
     <span class='ocr_line' id='line_1_109' title="bbox 2306 4950 3838 5036; baseline -0.003 -17"><span class='ocrx_word' id='word_1_777' title='bbox 2306 4950 2567 5036; x_wconf 73' lang='grc' dir='ltr'><strong>¹ιζόμενοι,</strong></span> <span class='ocrx_word' id='word_1_778' title='bbox 2627 4966 2820 5036; x_wconf 80' lang='grc' dir='ltr'><strong>Ἡμεῖς</strong></span> <span class='ocrx_word' id='word_1_779' title='bbox 2875 4966 2968 5018; x_wconf 69' lang='grc' dir='ltr'><strong>ἐπὶ</strong></span> <span class='ocrx_word' id='word_1_780' title='bbox 3027 4964 3208 5027; x_wconf 85' lang='grc' dir='ltr'><strong>τοῦτο,</strong></span> <span class='ocrx_word' id='word_1_781' title='bbox 3265 4965 3419 5034; x_wconf 75' lang='grc' dir='ltr'><strong>φησὶ,</strong></span> <span class='ocrx_word' id='word_1_782' title='bbox 3478 4954 3838 5026; x_wconf 70' lang='grc' dir='ltr'><strong>ἐπεστάλμεθα,</strong></span> 
     </span>
    </p>
   </div>
   <div class='ocr_carea' id='block_1_110' title="bbox 2328 5044 3840 5125">
    <p class='ocr_par' dir='ltr' id='par_1_110' title="bbox 2328 5044 3840 5125">
     <span class='ocr_line' id='line_1_110' title="bbox 2328 5044 3840 5125; baseline -0.007 -16"><span class='ocrx_word' id='word_1_783' title='bbox 2328 5054 2469 5109; x_wconf 85' lang='grc' dir='ltr'><strong>ὥστε</strong></span> <span class='ocrx_word' id='word_1_784' title='bbox 2528 5058 2621 5110; x_wconf 77' lang='grc' dir='ltr'><strong>καὶ</strong></span> <span class='ocrx_word' id='word_1_785' title='bbox 2681 5056 2804 5110; x_wconf 85' lang='grc' dir='ltr'><strong>καθ’</strong></span> <span class='ocrx_word' id='word_1_786' title='bbox 2840 5056 3033 5120; x_wconf 74' lang='grc' dir='ltr'><strong>ὓδατος</strong></span> <span class='ocrx_word' id='word_1_787' title='bbox 3077 5055 3259 5125; x_wconf 85' lang='grc' dir='ltr'><strong>βαλεῖν</strong></span> <span class='ocrx_word' id='word_1_788' title='bbox 3308 5054 3524 5124; x_wconf 83' lang='grc' dir='ltr'><strong>αὑτὸνῆ</strong></span> <span class='ocrx_word' id='word_1_789' title='bbox 3553 5051 3704 5121; x_wconf 83' lang='grc' dir='ltr'><strong>πυρός</strong></span> <span class='ocrx_word' id='word_1_790' title='bbox 3727 5064 3739 5077; x_wconf 92' lang='grc'><strong>·</strong></span> <span class='ocrx_word' id='word_1_791' title='bbox 3763 5044 3840 5094; x_wconf 81' lang='grc' dir='ltr'><strong>τῶν</strong></span> 
     </span>
    </p>
   </div>
   <div class='ocr_carea' id='block_1_111' title="bbox 2327 5141 3838 5219">
    <p class='ocr_par' dir='ltr' id='par_1_111' title="bbox 2327 5141 3838 5219">
     <span class='ocr_line' id='line_1_111' title="bbox 2327 5141 3838 5219; baseline -0.006 -19"><span class='ocrx_word' id='word_1_792' title='bbox 2327 5148 2438 5219; x_wconf 81' lang='grc' dir='ltr'><strong>γὰρ</strong></span> <span class='ocrx_word' id='word_1_793' title='bbox 2490 5148 2751 5202; x_wconf 86' lang='grc' dir='ltr'><strong>τοιούτων</strong></span> <span class='ocrx_word' id='word_1_794' title='bbox 2809 5150 3008 5201; x_wconf 87' lang='grc' dir='ltr'><strong>ἐκεῖνοι</strong></span> <span class='ocrx_word' id='word_1_795' title='bbox 3043 5146 3168 5217; x_wconf 81' lang='grc' dir='ltr'><strong>(φεῦ</strong></span> <span class='ocrx_word' id='word_1_796' title='bbox 3219 5147 3319 5217; x_wconf 85' lang='grc' dir='ltr'><strong>τῆς</strong></span> <span class='ocrx_word' id='word_1_797' title='bbox 3374 5147 3565 5217; x_wconf 88' lang='grc' dir='ltr'><strong>μανίας</strong></span> <span class='ocrx_word' id='word_1_798' title='bbox 3594 5142 3628 5213; x_wconf 82' lang='lat' dir='ltr'><strong>l)</strong></span> <span class='ocrx_word' id='word_1_799' title='bbox 3656 5141 3838 5193; x_wconf 79' lang='grc' dir='ltr'><strong>διάκονοι</strong></span> 
     </span>
    </p>
   </div>
   <div class='ocr_carea' id='block_1_112' title="bbox 2330 5227 3838 5311">
    <p class='ocr_par' dir='ltr' id='par_1_112' title="bbox 2330 5227 3838 5311">
     <span class='ocr_line' id='line_1_112' title="bbox 2330 5227 3838 5311; baseline -0.01 -18"><span class='ocrx_word' id='word_1_800' title='bbox 2330 5241 2608 5294; x_wconf 84' lang='grc' dir='ltr'><strong>σπουδαῖοι</strong></span> <span class='ocrx_word' id='word_1_801' title='bbox 2639 5242 2733 5294; x_wconf 74' lang='grc' dir='ltr'><strong>καὶ</strong></span> <span class='ocrx_word' id='word_1_802' title='bbox 2762 5240 3054 5311; x_wconf 82' lang='grc' dir='ltr'><strong>ὑπηρέται.</strong></span> <span class='ocrx_word' id='word_1_803' title='bbox 3094 5241 3336 5311; x_wconf 83' lang='grc' dir='ltr'><strong>Ἡμέρας</strong></span> <span class='ocrx_word' id='word_1_804' title='bbox 3371 5240 3468 5311; x_wconf 87' lang='grc' dir='ltr'><strong>μέν</strong></span> <span class='ocrx_word' id='word_1_805' title='bbox 3494 5233 3582 5290; x_wconf 79' lang='grc' dir='ltr'><strong>οὗν</strong></span> <span class='ocrx_word' id='word_1_806' title='bbox 3609 5236 3747 5287; x_wconf 81' lang='grc' dir='ltr'><strong>πέντε</strong></span> <span class='ocrx_word' id='word_1_807' title='bbox 3770 5227 3838 5280; x_wconf 66' lang='grc' dir='ltr'><strong>καὶ</strong></span> 
     </span>
    </p>
   </div>
   <div class='ocr_carea' id='block_1_113' title="bbox 2329 5320 3840 5403">
    <p class='ocr_par' dir='ltr' id='par_1_113' title="bbox 2329 5320 3840 5403">
     <span class='ocr_line' id='line_1_113' title="bbox 2329 5320 3840 5403; baseline -0.011 -18"><span class='ocrx_word' id='word_1_808' title='bbox 2329 5332 2530 5396; x_wconf 90' lang='grc' dir='ltr'><strong>νύκτας</strong></span> <span class='ocrx_word' id='word_1_809' title='bbox 2587 5334 2732 5398; x_wconf 80' lang='grc' dir='ltr'><strong>ἴσας,</strong></span> <span class='ocrx_word' id='word_1_810' title='bbox 2772 5333 3033 5396; x_wconf 86' lang='grc' dir='ltr'><strong>ποικίλως</strong></span> <span class='ocrx_word' id='word_1_811' title='bbox 3105 5332 3529 5403; x_wconf 75' lang='grc' dir='ltr'><strong>βασανιζόμενος</strong></span> <span class='ocrx_word' id='word_1_812' title='bbox 3578 5327 3659 5381; x_wconf 81' lang='grc' dir='ltr'><strong>ὑπ’</strong></span> <span class='ocrx_word' id='word_1_813' title='bbox 3704 5320 3840 5376; x_wconf 81' lang='grc' dir='ltr'><strong>αὐτῶν</strong></span> 
     </span>
    </p>
   </div>
   <div class='ocr_carea' id='block_1_114' title="bbox 2327 5411 3840 5496">
    <p class='ocr_par' dir='ltr' id='par_1_114' title="bbox 2327 5411 3840 5496">
     <span class='ocr_line' id='line_1_114' title="bbox 2327 5411 3840 5496; baseline -0.007 -14"><span class='ocrx_word' id='word_1_814' title='bbox 2327 5420 2415 5495; x_wconf 76' lang='grc' dir='ltr'><strong>ἦν,</strong></span> <span class='ocrx_word' id='word_1_815' title='bbox 2447 5426 2541 5480; x_wconf 78' lang='grc' dir='ltr'><strong>καὶ</strong></span> <span class='ocrx_word' id='word_1_816' title='bbox 2592 5426 2819 5496; x_wconf 84' lang='grc' dir='ltr'><strong>πάσχων</strong></span> <span class='ocrx_word' id='word_1_817' title='bbox 2874 5426 3061 5489; x_wconf 84' lang='grc' dir='ltr'><strong>κακῶς</strong></span> <span class='ocrx_word' id='word_1_818' title='bbox 3087 5442 3100 5455; x_wconf 87' lang='grc'><strong>·</strong></span> <span class='ocrx_word' id='word_1_819' title='bbox 3135 5420 3257 5479; x_wconf 78' lang='grc' dir='ltr'><strong>εἶτα</strong></span> <span class='ocrx_word' id='word_1_820' title='bbox 3293 5424 3635 5494; x_wconf 80' lang='grc' dir='ltr'><strong>σφοδρότερον</strong></span> <span class='ocrx_word' id='word_1_821' title='bbox 3661 5411 3840 5472; x_wconf 70' lang='grc' dir='ltr'><strong>αὐτοῖςὸ</strong></span> 
     </span>
    </p>
   </div>
   <div class='ocr_carea' id='block_1_115' title="bbox 2326 5504 3838 5589">
    <p class='ocr_par' dir='ltr' id='par_1_115' title="bbox 2326 5504 3838 5589">
     <span class='ocr_line' id='line_1_115' title="bbox 2326 5504 3838 5589; baseline -0.006 -18"><span class='ocrx_word' id='word_1_822' title='bbox 2326 5522 2420 5572; x_wconf 86' lang='grc' dir='ltr'><strong>τοῦ</strong></span> <span class='ocrx_word' id='word_1_823' title='bbox 2452 5518 2586 5571; x_wconf 84' lang='grc' dir='ltr'><strong>Θεοῦ</strong></span> <span class='ocrx_word' id='word_1_824' title='bbox 2603 5517 2855 5589; x_wconf 86' lang='grc' dir='ltr'><strong>θεράπων</strong></span> <span class='ocrx_word' id='word_1_825' title='bbox 2879 5519 3208 5589; x_wconf 79' lang='grc' dir='ltr'><strong>ἐπιτιμήσας</strong></span> <span class='ocrx_word' id='word_1_826' title='bbox 3238 5517 3467 5584; x_wconf 84' lang='grc' dir='ltr'><strong>ἐξελθεῖν</strong></span> <span class='ocrx_word' id='word_1_827' title='bbox 3492 5533 3549 5568; x_wconf 87' lang='grc' dir='ltr'><strong>τε</strong></span> <span class='ocrx_word' id='word_1_828' title='bbox 3571 5512 3655 5566; x_wconf 85' lang='grc' dir='ltr'><strong>τοῦ</strong></span> <span class='ocrx_word' id='word_1_829' title='bbox 3673 5504 3838 5575; x_wconf 50' lang='grc' dir='ltr'><strong>ἀνδρὸς.</strong></span> 
     </span>
    </p>
   </div>
   <div class='ocr_carea' id='block_1_116' title="bbox 2328 5600 3836 5682">
    <p class='ocr_par' dir='ltr' id='par_1_116' title="bbox 2328 5600 3836 5682">
     <span class='ocr_line' id='line_1_116' title="bbox 2328 5600 3836 5682; baseline -0.011 -17"><span class='ocrx_word' id='word_1_830' title='bbox 2328 5612 2423 5665; x_wconf 78' lang='grc' dir='ltr'><strong>καὶ</strong></span> <span class='ocrx_word' id='word_1_831' title='bbox 2474 5612 2677 5682; x_wconf 80' lang='grc' dir='ltr'><strong>μηκέτι</strong></span> <span class='ocrx_word' id='word_1_832' title='bbox 2724 5610 2887 5664; x_wconf 76' lang='grc' dir='ltr'><strong>πάλιν</strong></span> <span class='ocrx_word' id='word_1_833' title='bbox 2941 5612 3021 5674; x_wconf 86' lang='grc' dir='ltr'><strong>είς</strong></span> <span class='ocrx_word' id='word_1_834' title='bbox 3069 5610 3229 5665; x_wconf 75' lang='grc' dir='ltr'><strong>αὐτὸν</strong></span> <span class='ocrx_word' id='word_1_835' title='bbox 3261 5609 3571 5664; x_wconf 87' lang='grc' dir='ltr'><strong>ἐπανελθεῖν</strong></span> <span class='ocrx_word' id='word_1_836' title='bbox 3598 5600 3836 5658; x_wconf 68' lang='grc' dir='ltr'><strong>ἐπιτάττει·</strong></span> 
     </span>
    </p>
   </div>
   <div class='ocr_carea' id='block_1_117' title="bbox 2328 5688 3838 5775">
    <p class='ocr_par' dir='ltr' id='par_1_117' title="bbox 2328 5688 3838 5775">
     <span class='ocr_line' id='line_1_117' title="bbox 2328 5688 3838 5775; baseline -0.009 -17"><span class='ocrx_word' id='word_1_837' title='bbox 2328 5705 2423 5760; x_wconf 73' lang='grc' dir='ltr'><strong>καὶ</strong></span> <span class='ocrx_word' id='word_1_838' title='bbox 2470 5704 2529 5757; x_wconf 88' lang='grc' dir='ltr'><strong>τὸ</strong></span> <span class='ocrx_word' id='word_1_839' title='bbox 2573 5703 2903 5775; x_wconf 80' lang='grc' dir='ltr'><strong>πρόσταγμα</strong></span> <span class='ocrx_word' id='word_1_840' title='bbox 2932 5704 3094 5774; x_wconf 76' lang='grc' dir='ltr'><strong>ἔργον</strong></span> <span class='ocrx_word' id='word_1_841' title='bbox 3121 5698 3210 5775; x_wconf 78' lang='grc' dir='ltr'><strong>ἦν.</strong></span> <span class='ocrx_word' id='word_1_842' title='bbox 3241 5704 3350 5757; x_wconf 73' lang='grc' dir='ltr'><strong>Καὶ</strong></span> <span class='ocrx_word' id='word_1_843' title='bbox 3378 5704 3425 5755; x_wconf 92' lang='grc' dir='ltr'><strong>οἱ</strong></span> <span class='ocrx_word' id='word_1_844' title='bbox 3452 5700 3548 5772; x_wconf 82' lang='grc' dir='ltr'><strong>μὲν</strong></span> <span class='ocrx_word' id='word_1_845' title='bbox 3571 5693 3719 5751; x_wconf 82' lang='grc' dir='ltr'><strong>πολλά</strong></span> <span class='ocrx_word' id='word_1_846' title='bbox 3741 5688 3838 5757; x_wconf 73' lang='grc' dir='ltr'><strong>κρά-</strong></span> 
     </span>
    </p>
   </div>
   <div class='ocr_carea' id='block_1_118' title="bbox 2328 5780 3834 5869">
    <p class='ocr_par' dir='ltr' id='par_1_118' title="bbox 2328 5780 3834 5869">
     <span class='ocr_line' id='line_1_118' title="bbox 2328 5780 3834 5869; baseline -0.021 -5"><span class='ocrx_word' id='word_1_847' title='bbox 2328 5797 2519 5864; x_wconf 75' lang='grc' dir='ltr'><strong>ξαντες</strong></span> <span class='ocrx_word' id='word_1_848' title='bbox 2566 5796 3105 5869; x_wconf 58' lang='grc' dir='ltr'><strong>καὶισπαράξαντες,</strong></span> <span class='ocrx_word' id='word_1_849' title='bbox 3158 5796 3362 5861; x_wconf 78' lang='grc' dir='ltr'><strong>εὐθέως</strong></span> <span class='ocrx_word' id='word_1_850' title='bbox 3418 5790 3664 5863; x_wconf 79' lang='grc' dir='ltr'><strong>ἀπῆλθον,</strong></span> <span class='ocrx_word' id='word_1_851' title='bbox 3694 5780 3834 5837; x_wconf 69' lang='grc' dir='ltr'><strong>οὐκέτι</strong></span> 
     </span>
    </p>
   </div>
  </div>
