3988 6480
150 272 283 339 3141

1167 284 1344 345 VITA
1382 287 1429 346 A
1466 285 1909 352 NICEPHORO
1948 290 2433 359 CONSCRIPTA.

3289 310 3436 377 3152

150 385 526 456 τολμήσαντες
556 382 714 452 αὖθις
748 389 826 455 εἰς
854 391 1017 445 αὑτὸν
1051 391 1393 465 ἀναστρέψαι
1426 413 1441 428 ·
1477 398 1506 450 ὁ
1534 398 1590 451 δέ
1631 399 1724 453 τοῦ

1833 404 2058 461 turbine
2097 422 2162 462 ac
2202 418 2532 479 tempestate
2561 411 2856 481 liberatus,
2903 414 3086 475 stabat
3113 419 3283 492 plane
3340 443 3433 484 re-

148 478 390 549 χαλεποῦ
417 479 688 545 κλύδωνος
714 482 928 537 ἐκείνου
950 487 1043 540 καὶ
1063 486 1165 554 τῆς
1195 488 1364 559 ζάλης
1381 490 1738 562 ἀπαλλαγεὶς,

150 570 513 641 καθεστηκὼς
568 575 815 646 εἱστήκει
868 579 963 630 καὶ
1012 579 1200 649 νήφων
1230 620 1245 645 ,
1306 582 1590 655 ἀναλόχως
1642 585 1741 655 τῆς

151 663 285 735 πρὶν
315 664 710 737 ἀσχημοσύνης
749 668 843 722 καὶ
882 670 1155 740 ἀκοσμίας
1178 675 1244 743 τῇ
1278 676 1613 729 καταστάσει
1646 677 1739 729 καὶ

148 756 445 827 σεμνότητι
477 759 776 828 χρώμενος.
813 760 892 830 Τῇ
930 762 1113 831 μέντοι
1146 762 1276 834 ὄνῳ,
1309 766 1584 840 οὐδὲγὰρ,
1618 768 1741 823 ούδέ

144 846 303 900 τοῦτο
328 849 660 919 παραλιπεῖν
675 851 852 917 ἀξιον,
878 853 1007 923 χοῦς
1039 856 1103 907 ἐκ
1145 855 1239 910 τοῦ
1271 858 1493 930 Συμεὼν
1537 861 1737 930 ὀλίγος,

147 936 415 1007 θεραπεία
445 938 547 1010 τῆς
575 940 822 1015 γλώττης
854 945 1055 1001 αὐτίκα
1083 948 1316 1016 γίνεται.

216 1027 358 1099 ρεηκ
388 1030 545 1084 Μετὰ
574 1032 747 1085 ταῦτα
779 1036 1155 1103 προσάγονται
1184 1056 1328 1103 τινες
1364 1041 1558 1113 ἄνδρες
1586 1044 1739 1116 αὐτῷ

142 1118 257 1182 δύο,
292 1120 387 1175 τὸν
429 1120 616 1192 ἕτερον
657 1126 768 1177 τοῖν
796 1126 978 1181 ποδοῖν
1008 1128 1269 1202 ἑκάτερος
1304 1134 1483 1188 αὐτῶν
1521 1138 1738 1210 ἰαθῆναι

143 1212 396 1283 δεόμενος
419 1231 433 1244 ·
460 1210 533 1286 ἦν
574 1215 684 1288 γάρ
718 1219 905 1288 ἕτερος
936 1221 1143 1291 ἀμφοῖν
1192 1227 1469 1297 σεσηπὼς,
1510 1232 1606 1283 καὶ
1649 1230 1740 1285 τέ·-

146 1321 278 1371 χνης
315 1305 517 1375 ἰατρῶν
543 1307 911 1379 ίσχυρότερος,
945 1312 1161 1385 θατέρῳ
1186 1316 1242 1369 δέ
1282 1320 1398 1372 τοῖν
1423 1321 1638 1391 ἀνδροῖν
1679 1322 1740 1375 τὸ

148 1392 319 1459 πάθος
349 1395 537 1465 σχεδὸν
585 1398 681 1451 καὶ
713 1397 1013 1470 σύντροφον
1040 1398 1131 1474 ἦν,
1160 1412 1597 1478 τεσσαρακοστὸν
1636 1415 1737 1466 αὐ⁴

145 1487 233 1540 τὸν
276 1488 534 1552 ἐκπιέζον
582 1489 725 1554 ετος.
779 1490 943 1547 Ἀλλά
971 1493 1050 1565 τῷ
1087 1496 1187 1566 μὲν
1220 1499 1353 1570 χοῦς
1383 1502 1483 1572 τῆς
1527 1504 1737 1558 ἐκείνου

143 1578 247 1650 γῆς
270 1582 495 1653 κραθεὶς
523 1581 698 1648 ὕδατι,
730 1583 808 1654 τῷ
833 1584 889 1638 δὲ
920 1587 1034 1658 ἀφὴ
1071 1588 1381 1662 σύμμικτος
1409 1592 1541 1667 εὒχῇ
1574 1596 1737 1667 θερα-

145 1672 275 1727 πεία
305 1674 542 1745 κατέστη
565 1690 576 1705 ·
608 1674 703 1728 καὶ
736 1673 829 1728 τὸν
864 1680 1065 1734 οἰκεῖον
1100 1682 1360 1754 ἑκάτερος
1382 1685 1521 1740 πόδα
1543 1691 1737 1761 νεαρὸν

1842 495 2072 553 stitutus
2096 499 2200 553 sibi
2230 502 2546 572 mentisque
2570 520 2818 577 compos,
2852 518 2910 564 et
2944 521 3100 567 tanto
3149 516 3435 574 ferebatur

1841 598 2166 645 mansuetus
2209 596 2669 667 verecundusque
2701 640 2715 663 ,
2752 616 2919 670 quam
2977 613 3104 661 ante
3152 607 3432 666 violentus

1841 682 2346 753 atqueimpudens.
2369 686 2515 753 Quid
2567 700 2753 746 autem
2804 694 3003 750 asina?
3042 677 3226 769 neque
3274 702 3426 757 enim

1844 771 1961 842 ipsa
1984 774 2148 846 digna
2202 788 2288 831 est
2346 781 2645 847 praeteriri.
2710 784 3016 841 Pauxillum
3062 792 3333 861 pulveris,
3395 811 3427 850 a

1841 875 2036 921 sancto
2065 876 2377 939 acceptum,
2405 870 2703 927 sanitatem
2748 874 2950 947 linguae
2972 880 3094 952 ejus
3127 883 3431 941 confestim

1839 959 2043 1015 attulit.

1913 1051 2036 1106 168.
2062 1052 2192 1108 Post
2222 1053 2339 1110 haec
2376 1055 2692 1113 afferuntur
2731 1059 2835 1115 viri
2865 1063 3113 1133 quipiam
3144 1067 3433 1136 duo,uter-

1839 1157 1949 1213 que
1980 1144 2106 1214 pedi
2143 1161 2245 1201 suo
2270 1148 2446 1203 altero
2468 1149 2669 1206 affecto
2725 1155 3038 1211 remedium
3090 1172 3429 1229 poscentes:

1840 1236 2006 1291 unius
2035 1254 2271 1311 namque
2297 1241 2410 1312 jam
2448 1245 2817 1313 putrefactus,
2880 1258 3060 1306 artem
3124 1258 3432 1325 respuebat

1839 1330 2223 1401 medicorum;
2286 1336 2459 1391 alium
2509 1338 2747 1396 acerbus
2772 1340 2953 1410 dolor,
3014 1344 3132 1401 fere
3192 1348 3262 1403 ab
3312 1349 3433 1421 ipso

1839 1432 1964 1477 ortu
2036 1427 2415 1494 continuatus,
2483 1431 2849 1503 quadraginta
2908 1436 3023 1506 jam
3092 1455 3268 1496 annos
3328 1458 3431 1498 ex-

1839 1513 2148 1570 cruciabat.
2191 1515 2413 1573 lllorum
2438 1520 2600 1576 alteri
2635 1524 3003 1582 nihilominus
3027 1531 3215 1599 pulvis
3266 1542 3432 1591 terrae

1840 1602 2009 1669 illius,
2057 1620 2200 1675 aqua
2252 1608 2549 1676 subactus;
2584 1613 2744 1668 alteri
2813 1626 3126 1687 contactus,
3174 1624 3429 1681 oratione

1840 1694 2085 1763 adjutus,
2134 1698 2419 1753 salutifera
2460 1702 2739 1759 medicina
2795 1709 3045 1766 exstitit:
3101 1721 3159 1767 et
3201 1714 3428 1771 domum

142 1764 334 1834 ῶσπερ
364 1766 672 1836 ἀπολαϐὼν,
706 1770 804 1843 οὐχ
829 1772 905 1837 ώς
932 1773 1124 1846 πρώην
1153 1775 1484 1847 οἰμώζοντες
1517 1781 1611 1834 καὶ
1636 1799 1724 1850 φε-

1834 1802 1989 1842 suam
2014 1797 2248 1860 uterque
2274 1791 2461 1860 rediit,
2478 1794 2590 1865 jam
2612 1813 2724 1852 non
2752 1801 2978 1868 portati,
3003 1815 3289 1873 gementes
3308 1810 3429 1878 plo-

143 1856 384 1926 ρόμενοι,
424 1857 559 1911 ἀλλὰ
602 1861 934 1933 σκιρτῶντες
984 1864 1077 1918 καὶ
1106 1867 1393 1937 χαίροντες
1435 1871 1729 1941 ἐπανῆκον.

144 1949 375 2002 Ἔπειτα
409 1950 595 2022 τυφλῷ
625 1969 732 2006 τινι
763 1955 1200 2027 προσενεχθέντι,
1244 1958 1475 2029 γλυκεῖά
1502 1979 1584 2026 τις
1611 1963 1734 2034 ὄψις

139 2041 165 2093 ὁ
182 2041 337 2109 ἀγιος
363 2043 591 2112 γίνεται.
611 2046 765 2100 Κατὰ
784 2050 894 2119 γὰρ
923 2049 1021 2121 τὴν
1046 2050 1270 2123 πρώτην
1296 2053 1488 2119 νύκτα,
1520 2056 1644 2110 καθ’
1666 2059 1733 2129 ἦν

138 2152 279 2205 προσ
297 2134 397 2209 [εν]
415 2138 632 2208 ήνεκτο,
652 2139 828 2194 ἐδόκει
855 2142 1073 2198 νεανίαν
1099 2146 1126 2198 ὁ
1149 2145 1346 2215 τυφλὸς
1373 2149 1525 2220 ὁρᾷν,
1552 2150 1732 2221 τρίχι-

139 2243 229 2279 νον
284 2227 487 2299 ἔνδυμα
533 2229 942 2302 περικείμενον,
985 2234 1082 2305 τὴν
1127 2236 1248 2306 ὄψιν
1297 2238 1571 2310 λαμπρὸν,
1604 2244 1732 2305 τοὺς

138 2318 306 2383 πόδας
355 2323 581 2391 γυμνὸν,
626 2323 861 2395 φέροντα
909 2326 1102 2396 ῥάϐδον
1138 2333 1201 2399 τῇ
1246 2330 1434 2403 δεξιᾷ·
1472 2333 1628 2403 βαΐνη
1672 2335 1730 2387 δὲ

137 2406 299 2480 αῦτη,
325 2409 419 2473 Δὸς
443 2411 621 2477 δόξαν,
650 2412 902 2480 λέγοντα,
924 2414 1001 2485 τῷ
1024 2415 1162 2488 Θεῷ.
1195 2420 1260 2472 'H
1283 2421 1384 2491 μὲν
1408 2418 1501 2476 οὖν
1520 2439 1729 2491 φαντα-

137 2502 227 2554 σία
257 2501 400 2555 οὖτω
422 2504 519 2575 τὴν
545 2504 807 2576 ἀλήθειαν
836 2509 1108 2580 ἐμιμεῖτο,
1140 2512 1216 2576 ὼς
1245 2515 1338 2567 καὶ
1358 2515 1727 2570 διυπνισθέντι

135 2598 215 2668 τῷ
236 2598 423 2671 τυφλῷ
459 2601 635 2655 δοκεῖν
656 2601 880 2674 ἔχεσθαι
900 2604 1002 2675 τῆς
1019 2608 1114 2659 τοῦ
1142 2606 1401 2674 φανέντος
1423 2606 1498 2660 ἔτι
1523 2606 1726 2679 χειρὸς,

137 2689 313 2754 φιλεῖν
346 2709 406 2744 τε
451 2694 618 2764 αὐτὴν
665 2695 935 2767 ἐμφύντα,
983 2698 1075 2750 καὶ
1126 2699 1263 2768 μηδὲ
1303 2698 1726 2767 ἀποσπασθῆναι

134 2781 339 2854 ταύτης
381 2784 447 2838 τά
490 2786 644 2857 χείλη
696 2788 1011 2858 βούλεσθαιο
1050 2790 1349 2860 ὑπεδήλουν
1378 2791 1488 2861 γάρ
1531 2807 1585 2843 τι
1630 2790 1727 2844 καὶ

134 2873 375 2927 τοιοῦτον
413 2877 460 2928 οί
486 2874 667 2933 ὕπνοι.
705 2877 793 2943 Ὠς
820 2879 878 2933 δὲ
906 2880 1042 2951 πρὸς
1077 2880 1169 2935 τὸν
1226 2879 1381 2949 ἅγιον
1408 2881 1507 2951 τῆς
1535 2879 1723 2934 ἐπιού-

137 2980 236 3032 σης
266 2968 392 3035 περὶ
420 2967 644 3039 πρώτην
684 2969 761 3023 ἕω
786 2972 1038 3041 εἰσήχθη,
1068 2972 1472 3043 σφραγίσαντος
1512 2971 1723 3027 ἐκείνου

134 3058 261 3120 τοὺς
289 3057 598 3128 ὀφθαλμοὺς
643 3063 833 3131 αὐτοῦ,
867 3063 1067 3134 βλέψας
1104 3065 1222 3137 (τῆς
1267 3066 1581 3138 ἀπορρήτου
1625 3083 1721 3118 σου

135 3151 336 3221 Χριστέ
373 3155 466 3206 καὶ
495 3153 716 3225 βασιλεῖ)
750 3158 1192 3230 χρηστότητοςί)
1233 3137 1393 3224 εὐθὺς
1438 3137 1480 3214 ὀί
1498 3157 1720 3229 τυφλὸς,
1749 3137 1794 3199 C

134 3243 225 3294 τόν
255 3261 317 3296 τε
345 3244 490 3299 θεῖον
528 3246 648 3300 ἰδών
679 3248 927 3320 Συμεὼν,
957 3252 1051 3306 καὶ
1080 3252 1217 3323 πρὸς
1240 3252 1339 3324 τὴν
1366 3252 1579 3306 ἐκείνου
1606 3251 1729 3323 ὄψιν

134 3335 430 3401 ἐκκαυθεὶς
479 3341 577 3412 τὴν
614 3342 862 3413 καρδίαν,
895 3344 1060 3398 αὐτὸν
1112 3344 1301 3415 ἔλεγεν
1340 3340 1481 3401 εἶναι
1529 3346 1619 3401 τὸν
1669 3346 1728 3400 ἐν

132 3429 329 3502 ὀνείρῳ
355 3432 615 3501 φανέντα,
650 3439 745 3489 καὶ
773 3436 874 3508 τῆς
908 3437 1093 3510 χειρὸς
1122 3438 1307 3509 ἐζήτει
1336 3438 1624 3507 λαϐέσθαι,
1658 3434 1729 3511 ἦς

131 3520 283 3592 αύτῷ
333 3524 526 3588 νυκτὸς
572 3524 694 3596 ὄψις
732 3527 1115 3601 ἐμφορηθῆναι
1148 3530 1395 3601 παρέσχε
1423 3546 1438 3561 ο
1489 3530 1586 3583 καὶ
1629 3529 1723 3584 τὸν

130 3613 342 3686 ὄνειρον
388 3616 585 3687 ἡδονῆς
632 3617 774 3684 ὅλοις
824 3619 1052 3692 χείλεσι,
1093 3623 1216 3686 ταῖς
1265 3620 1374 3675 τῶν
1431 3619 1721 3692 παρόντων

129 3707 325 3773 ἀκοαῖς
360 3710 603 3783 ἐπεξῄει.

1837 1886 2159 1950 rantesque,
2195 1892 2257 1937 ut
2289 1885 2479 1953 prius;
2510 1888 2603 1942 sed
2642 1889 2950 1959 gaudentes
2982 1902 3039 1949 et
3060 1898 3424 1965 exsultantes,

1835 1982 2059 2041 recepto
2090 1989 2191 2028 usu
2226 1976 2388 2044 pedis
2417 1979 2635 2047 qualem
2665 1982 2905 2051 juvenes
2943 1985 3277 2044 habuerant.
3296 1991 3428 2047 Per-

1835 2064 2044 2119 sanatis
2076 2064 2166 2131 iis,
2217 2066 2457 2138 Symeon
2486 2071 2651 2127 allato
2681 2074 2902 2130 cuidam
2931 2093 3077 2135 caeco
3103 2082 3418 2152 jucundum

1833 2169 1934 2224 per
1958 2171 2016 2210 se
2044 2160 2430 2227 spectaculum
2456 2162 2581 2217 fuit.
2617 2164 2835 2221 Etenim
2865 2169 3044 2238 prima
3064 2172 3134 2227 ab
3178 2174 3425 2233 adventu

1830 2257 1995 2303 nocte
2024 2249 2179 2306 visus
2209 2252 2314 2307 sibi
2346 2254 2941 2327 estviderejuvenem,
2972 2261 3196 2319 cilicino
3217 2266 3425 2323 amictu

1831 2336 2259 2409 circumdatum,
2302 2344 2461 2399 vultu
2491 2346 2839 2416 splendidum
2864 2393 2878 2416 ,
2925 2353 3134 2409 nudum
3161 2358 3422 2426 pedibus,

1829 2428 2101 2486 ferentem
2175 2433 2403 2491 dextera
2466 2437 2676 2509 virgam
2726 2441 3016 2511 (palmeam
3070 2447 3221 2503 illam
3268 2455 3425 2523 puta)

1829 2523 2261 2600 dicentemque:
2299 2532 2377 2586 Da
2423 2533 2655 2603 gloriam
2704 2535 2840 2591 Deo.
2886 2538 3029 2595 Haec
3060 2557 3427 2612 repraesenta-

1830 2615 1908 2670 tio
1965 2627 2073 2672 tam
2122 2620 2369 2689 perfecte
2415 2622 2739 2680 imitabatur
2773 2628 3089 2697 veritatem,
3142 2642 3203 2688 ut
3248 2638 3426 2707 evigi-

1828 2706 1948 2763 lans
1972 2724 2150 2764 caecus
2175 2711 2561 2782 arbitraretur,
2585 2715 2892 2773 etiamnum
2919 2735 2979 2775 se
3003 2737 3227 2778 manum
3252 2726 3421 2792 illius,

1830 2799 1927 2868 qui
1976 2812 2332 2870 apparuerat,
2368 2813 2583 2862 tentare
2642 2810 2906 2877 osculari,
2949 2828 3052 2869 nec
3097 2814 3243 2871 labia
3296 2819 3426 2875 inde

1829 2892 1993 2947 avelli
2026 2896 2350 2962 permittere
2372 2913 2385 2951 :
2406 2899 2614 2969 aliquid
2642 2902 2791 2957 enim
2814 2904 3126 2961 istiusmodi
3152 2918 3426 2964 monstra--

1831 2993 1947 3039 tum
1989 2986 2174 3042 fuerat
2217 2989 2273 3043 in
2314 2991 2547 3046 somnis.
2586 2991 2725 3046 Cum
2757 3009 2892 3049 vero
2920 3006 3140 3065 postera
3171 2998 3261 3054 die
3314 3001 3421 3055 sub

1828 3075 2133 3131 diluculum
2188 3078 2462 3134 adductus
2507 3088 2592 3135 est
2626 3080 2696 3135 ad
2737 3090 3011 3150 sanctum,
3050 3085 3320 3155 impresso
3352 3088 3422 3144 ab

1830 3168 2029 3222 eodem
2077 3170 2255 3224 oculis
2305 3172 2490 3225 crucis
2535 3172 2714 3243 signo,
2762 3173 2905 3228 vidit
2934 3177 3199 3232 continuo
3240 3193 3423 3235 czecus

1829 3264 1885 3327 (υ
1946 3258 2285 3315 ineffabilem
2350 3260 2557 3317 Christi
2631 3263 2936 3319 bonitatem
2973 3266 3014 3333 l)
3071 3268 3421 3340 intuitusque

1828 3361 2078 3406 sanctum
2112 3361 2278 3422 atque
2308 3352 2428 3422 ipso
2459 3353 2662 3408 intuitu
2693 3370 2998 3413 succensus
3030 3369 3087 3414 et
3114 3360 3420 3418 inflamma—

1830 3453 1962 3510 tus,
2010 3444 2166 3499 illum
2210 3446 2465 3502 eumdem
2517 3462 2640 3503 esse
2703 3451 3049 3512 exclamavit.
3100 3469 3263 3524 quem
3322 3471 3420 3525 per

1826 3536 2071 3607 quietem
2133 3547 2528 3608 conspexerat,
2566 3542 2723 3612 cujus
2768 3557 2992 3597 manum
3024 3546 3264 3600 retinere
3293 3555 3416 3601 ten-

1831 3635 2063 3693 taverat,
2089 3636 2148 3682 et
2186 3630 2425 3684 osculari
2456 3640 2714 3701 potuerat
2753 3632 2821 3687 ad
2849 3635 3156 3689 satietatem
3194 3656 3206 3691 :
3236 3653 3417 3707 neque.

1827 3719 2081 3774 cessabat
2112 3720 2391 3775 somnium
2422 3730 2529 3776 tam
2555 3723 2866 3794 jucundum
2892 3725 3072 3796 plenis
3118 3727 3309 3783 buccis
3356 3730 3413 3784 iu

1824 3825 1992 3866 aures
2040 3812 2399 3883 praesentium
2439 3813 2764 3872 immittere.

1559 3938 1788 3996 CAPUT
1827 3940 1996 3997 XXII.

125 4056 386 4128 Injuriosi
431 4056 483 4110 in
523 4064 770 4110 sanctum
799 4057 1017 4127 ejusque
1054 4058 1339 4131 imaginem
1388 4058 1646 4183 miriqcufo
1665 4068 1731 4184 (ft
1762 4061 2256 4185 judiciovprcedicto
2298 4066 2473 4137 puniti
2502 4082 2522 4123 :
2558 4066 2913 4140 indulgentia,
2950 4070 3277 4124 misericordi
3323 4088 3412 4126 reo

854 4178 875 4185 _
1514 4147 1661 4185 acum
1703 4149 1758 4185 a:
1801 4149 1983 4185 praem
2011 4151 2064 4185 α.

1514 4147 1758 4199 aeteuaa;
1801 4147 2064 4200 praeacuti.

197 4266 331 4339 ρξθ’.
376 4267 466 4320 Ἑν
508 4265 687 4338 τούτῳ
730 4267 788 4321 δέ
838 4285 982 4331 τινες
1030 4267 1221 4338 ἄνδρες
1267 4267 1369 4338 τῆς
1415 4268 1715 4340 Ἀντιόχου,

1896 4268 2019 4325 169.
2044 4269 2260 4327 Interea
2285 4270 2392 4326 viri
2420 4272 2644 4343 quidam
2666 4272 2999 4331 Antiocheni
3025 4292 3093 4333 eo
3110 4277 3411 4349 impietatis

124 4361 370 4431 χαλεπὴν
429 4359 714 4424 νοσοῦντες
769 4359 1047 4426 ἀσέϐειαν,
1089 4360 1164 4424 ώς
1221 4361 1358 4432 μήτε
1410 4378 1464 4414 τι
1514 4361 1716 4431 σαρκὸς

1831 4360 2193 4430 devenerunt,
2225 4372 2287 4419 ut
2315 4373 2671 4433 peccatorum
2711 4367 2898 4423 carnis
2943 4369 3213 4425 rationem
3247 4373 3301 4426 in
3319 4374 3412 4444 ju-

120 4452 435 4523 ἁμάρτημα
490 4452 550 4504 ἐν
598 4450 831 4522 εὐθύνης
883 4450 1130 4505 τίθεσθαι
1185 4451 1353 4522 λόγῳ,
1410 4453 1549 4523 μήτε
1603 4451 1714 4505 τῶν

121 4540 487 4614 ἀνθρωπίνων
520 4540 791 4612 σωμάτων
816 4541 1113 4595 ἀνάστασιν
1140 4543 1446 4615 προσδοκᾷν
1463 4543 1496 4610 ἦ
1524 4542 1714 4608 ἐξέτα-

120 4650 229 4700 σιν,
270 4635 366 4687 καὶ
392 4634 500 4687 τῶν
542 4634 667 4705 τῇδε
702 4633 1051 4704 βεϐιωμένων
1077 4633 1344 4689 ἀντίδοσιν
1368 4651 1383 4665 ο
1425 4634 1562 4690 ἀλλά
1585 4635 1715 4699 τοὺς

122 4730 225 4798 μὲν
254 4730 320 4798 τῇ
356 4728 467 4782 τῶν
505 4725 753 4797 ἀστέρων
787 4728 932 4798 φορᾷ
965 4726 1151 4798 νέμειν
1188 4726 1252 4781 τὸ
1294 4729 1435 4794 πᾶν,
1466 4728 1561 4782 καὶ
1598 4731 1713 4793 τοῖς

118 4820 352 4873 ἐκείνων
401 4819 644 4891 σχήμασι
686 4817 783 4873 καὶ
821 4819 1087 4890 κινήμασι
1123 4819 1265 4874 κατά
1307 4820 1409 4891 τῆς
1455 4820 1713 4890 προνοίας

116 4912 370 4982 ἀνοήτως
394 4911 768 4984 παραχωρεῖν,
802 4910 930 4975 τοὺς
956 4911 1015 4964 δὲ
1037 4909 1210 4984 τύχην
1242 4911 1593 4982 δογματίζειν
1615 4912 1711 4965 καὶ

115 5002 178 5056 τὸ
260 5001 600 5074 αὐτόματονο
653 5002 783 5069 τοὺς
825 5001 882 5057 δὲ
938 5001 1360 5073 μετεμψύχωσίν
1402 5020 1525 5056 τινα
1576 5020 1711 5071 πρε·

118 5094 341 5147 σϐεύειν
370 5094 465 5147 καὶ
492 5095 857 5167 εἱμαρμένην.
888 5087 1048 5151 Οὗτοι
1082 5094 1214 5165 γοῦν
1254 5096 1407 5167 παρὰ
1440 5095 1532 5149 τὸν
1566 5095 1709 5150 θεῖον

114 5185 352 5257 Συμεὼν
387 5186 651 5254 ἀνιόντες,
682 5187 916 5255 διαλέξει
947 5188 1087 5257 πρὸς
1117 5188 1281 5242 αὐτὸν
1322 5187 1586 5259 ἐχρῶντο,
1613 5193 1710 5242 καὶ

114 5279 476 5351 ἀποδεικτικῇ
503 5280 685 5352 σοφίᾳ,
775 5281 869 5334 κα)⁸
895 5280 1096 5351 μᾶλλον
1125 5281 1405 5352 ἐφρόνουν,
1432 5280 1526 5335 καὶ
1550 5281 1709 5334 πιθα-

112 5373 238 5437 ναῖς
283 5371 640 5427 ἀντιθέοεσιν.
680 5373 821 5427 Ἀλλ’
851 5368 920 5445 ἦν
964 5375 1174 5429 ἐκείνου
1217 5374 1317 5446 μὲν
1351 5376 1445 5429 καὶ
1476 5374 1595 5429 θεία
1623 5391 1707 5439 τις

111 5463 498 5537 ἐπικαθημένη
529 5465 699 5520 πειθὼ
728 5469 841 5531 τοῖς
867 5467 1124 5539 χείλεσιν,
1231 5466 1340 5521 τῶν
1373 5466 1707 5538 λογολεσχῶν

111 5556 344 5621 τούτων,
385 5556 480 5612 καὶ
512 5556 780 5630 περιττῶν
804 5558 902 5631 τὴν
949 5558 1148 5630 μανίαν
1188 5558 1389 5631 μᾶλλον
1415 5558 1449 5628 ἢ
1487 5558 1582 5629 τὴν
1618 5575 1707 5613 σου

112 5647 273 5715 φίαν,
324 5647 498 5713 οὐδεὶς
544 5648 779 5718 ἠδύνατο
835 5648 1163 5719 ἀντιλέγειν.
1200 5650 1272 5703 Τὸ
1311 5648 1369 5704 δέ
1414 5650 1577 5703 πλέον
1609 5650 1709 5723 τῆς

112 5743 240 5800 κατ’
272 5742 451 5798 αὐτῶν
483 5743 685 5816 ἰσχύος,
723 5745 817 5800 καὶ
852 5746 884 5817 ἡ
918 5745 1028 5798 τῶν
1077 5745 1320 5818 σημείων
1367 5745 1637 5816 ἐνέργεια,
1676 5744 1705 5797 ὃ

1822 4453 1971 4509 dicio
1993 4470 2105 4510 non
2153 4456 2569 4526 reposcendam,
2594 4461 2965 4527 sustinerent;
2988 4476 3091 4518 nec
3112 4478 3408 4534 corporum

1820 4555 2139 4601 nostrorum
2186 4549 2673 4613 resurrectionem,
2704 4560 2801 4606 aut
2829 4561 3111 4623 gestorum
3149 4572 3403 4625 examen,

1817 4653 2123 4709 eorumque
2158 4640 2583 4697 retributionem
2606 4642 2771 4697 ullam
2797 4654 3215 4715 exspectarent;
3239 4648 3404 4703 dicti-

1820 4737 2003 4785 tantes
2033 4730 2130 4785 alii
2156 4731 2404 4801 quidem,
2439 4742 2714 4789 astrorum
2748 4750 2915 4791 cursu
2958 4737 3254 4807 gubernari
3283 4754 3405 4794 om-

1818 4824 1934 4890 nia,
1967 4839 2276 4896 eorumque
2328 4824 2520 4895 ﬁguris
2563 4842 2629 4883 ac
2683 4828 2924 4884 motibus
2974 4838 3167 4884 contra
3218 4831 3405 4900 provi-

1819 4915 2062 4971 dentiam
2096 4916 2293 4972 insano
2327 4918 2494 4972 modo
2536 4934 2761 4989 parere;
2810 4919 2904 4974 alii
2934 4935 3088 4987 vere,
3123 4920 3403 4978 fortunam

1816 5018 1983 5078 atque
2018 5022 2208 5062 casum
2236 5007 2579 5075 decernere;
2612 5010 2704 5064 alii
2755 5009 3016 5079 denique,
3047 5013 3405 5084 transmigra-

1817 5099 2025 5154 tionem
2077 5099 2389 5153 animarum
2422 5098 2707 5169 fatumque
2752 5100 2958 5170 primas
3003 5101 3276 5158 obtinere.
3307 5104 3402 5159 lsti

1817 5191 2146 5266 Symeonem
2173 5190 2416 5263 aggressi
2435 5191 2792 5262 disputando,
2816 5193 3264 5262 demonstrativa,
3294 5214 3404 5268 qua

1814 5284 2173 5354 praestabant,
2204 5292 2327 5339 arte
2364 5290 2421 5339 et
2456 5284 2921 5354 persuasibilibus
2947 5290 3405 5346 contentionibus

1816 5374 2138 5429 utebantur.
2173 5375 2377 5430 Verum
2427 5372 2703 5430 insidebat
2730 5376 2907 5431 sancti
2942 5375 3105 5432 labiis
3143 5378 3226 5431 vis
3254 5394 3405 5448 qure-

1815 5466 1940 5522 dam
1989 5466 2362 5537 persuadendi
2423 5465 2631 5533 divina,
2678 5467 2769 5522 cui
2819 5469 3135 5539 loquacium
3172 5471 3402 5527 iStm‘um

1814 5567 1872 5613 et
1932 5557 2158 5613 infamia
2207 5561 2393 5629 potius
2446 5574 2609 5629 quam
2667 5560 2941 5630 sapientia
2995 5550 3401 5619 abundantiuin

1814 5650 2002 5706 nullus
2045 5660 2262 5723 poterat
2294 5653 2699 5711 contradicere.
2738 5653 2955 5721 Quanto
3001 5668 3183 5713 autem
3230 5659 3405 5730 major

1812 5745 2076 5815 potentiae
2120 5760 2185 5829 ac
2249 5746 2529 5816 signorum
2604 5757 2797 5809 contra
2848 5748 2972 5804 illos
3020 5749 3199 5806 virtus
3246 5761 3399 5815 erat.
