3988 6478
561 319 703 385 3143

1774 322 1840 383 8.
1882 315 2266 380 SYMEONIS
2304 313 2671 378 JUNlORlS

3700 301 3821 364 3144

563 442 717 492 tanto
766 420 1031 505 majorem
1078 440 1273 487 contra
1318 430 1468 486 hunc
1530 430 1897 504 adigebantur
1951 432 2020 487 ad
2070 431 2151 485 in-

2288 430 2355 481 ιαὶ
2388 426 2511 481 κατ’
2536 424 2706 480 αὑτοῦ
2777 420 2981 490 μᾶλλον
3046 417 3302 490 ἐξέμαινε
3369 416 3497 480 τοὺς
3568 414 3821 486 ἀνοήτους.

562 540 774 583 saluam
783 564 798 579 .

639 617 763 674 170.
800 615 1057 685 Denique
1102 614 1339 686 contigit
1367 613 1479 683 (45)
1526 614 1744 671 cuidam
1783 614 2155 679 Antiocheno,

546 698 781 767 ‘homini
823 708 1041 780 plebeio
1092 722 1156 763 ac
1206 706 1412 778 opiﬁci,
1445 707 1521 763 ita
1566 707 1783 763 obstrui
1818 716 2032 762 meatus
2060 722 2159 776 per

567 820 708 877 quos
758 804 992 876 spiritus
1025 815 1343 857 commeans
1383 800 1692 871 ingreditur
1734 799 2155 871 egrediturque,

568 910 652 966 ut,
702 898 999 958 accedente
1046 896 1210 952 etiam
1252 893 1488 965 longiori
1534 893 1801 963 temporis
1842 891 2157 957 intervallo,

570 1007 683 1062 quo
719 990 899 1045 tenuit
933 988 1161 1053 malum,
1198 985 1530 1041 sullocatum
1568 984 1635 1037 iri
1673 998 1732 1037 se
1764 989 2005 1053 putaret.
2058 980 2161 1036 llic

571 1099 632 1139 se
680 1085 904 1137 tandem
935 1076 1171 1134 contulit
1202 1076 1271 1131 ad
1299 1082 1552 1131 sanctum
1580 1075 1930 1147 Symeonem,
1961 1073 2159 1128 obten-

573 1181 739 1245 taque
790 1170 1047 1234 sanitate,
1095 1169 1319 1222 domum
1369 1180 1651 1231 reversus,
1696 1166 1752 1219 in
1803 1165 1943 1237 grati
1990 1164 2161 1219 animi

574 1267 959 1323 testimonium
1001 1278 1066 1317 ac
1114 1260 1252 1316 tanti
1303 1260 1561 1316 beneﬁcii
1593 1259 1938 1324 memoriam,
1969 1258 2163 1314 statuit

575 1364 766 1413 saneto
793 1370 896 1426 pro
920 1354 1137 1408 foribus
1168 1353 1286 1407 suis
1316 1352 1553 1415 iconem,
1580 1366 1813 1421 eamque
1842 1367 1952 1407 non
1984 1351 2163 1406 solum

574 1448 965 1512 luminaribus,
991 1446 1088 1503 sed
1121 1446 1289 1501 etiam
1327 1445 1515 1500 aulwis
1550 1444 1883 1515 tapetiisque
1908 1443 2162 1499 ornabat.

575 1543 734 1612 Quod
760 1541 914 1612 impii
954 1539 1263 1610 nefariique
1286 1539 1543 1593 homines
1566 1538 1892 1608 conspicati,
1920 1546 2162 1594 aestuan-

577 1646 663 1692 tes
711 1634 944 1700 invidia,
996 1642 1506 1703 congregantesque
1560 1632 1845 1687 cohortem
1912 1646 2163 1695 suorum,

579 1727 865 1785 turmatim
915 1734 1299 1790 aecurrerunt,
1348 1741 1543 1795 magna
1578 1740 1711 1779 voce
1764 1723 2069 1778 clamantes
2114 1723 2169 1794 (ο

2332 608 2428 679 po’.
2477 607 2697 677 ’Δμέλει
2728 606 2821 659 καὶ
2850 602 3065 673 συμϐάν
3090 620 3197 655 τινι
3230 600 3340 653 τῶν
3375 598 3480 653 ἀνά
3508 598 3608 671 τὴν
3647 600 3825 656 Ἀντιό-

2257 718 2379 771 χου,
2410 700 2564 770 ἀνδρὶ
2606 698 2863 770 βαναύσῳ
2899 697 2994 750 καὶ
3034 693 3306 764 ἀγοραίῳ,
3334 693 3464 755 τοὺς
3492 692 3823 747 ἀναπνευστι-

2258 794 2390 857 κοὺς
2419 792 2819 864 ἀποφραγῆναι
2866 789 3091 860 πόρους,
3120 786 3188 841 δι’
3210 778 3287 838 ὧν
3332 785 3393 838 τὸ
3426 783 3645 855 πνεῦμα
3681 786 3827 857 είσρεῖ

2258 901 2320 938 τε
2364 885 2461 937 καὶ
2506 885 2659 955 ἐκρεῖ
2690 880 3068 954 διηθούμενον.
3109 880 3311 948 Συχνὸν
3348 879 3561 941 ἐκεῖνος
3587 878 3661 949 τῷ
3692 879 3825 934 πάθει

2263 976 2621 1047 συνεχόμενον
2650 976 2865 1045 χρόνον.
2893 972 2989 1027 καὶ
3020 968 3421 1039 ἀποπνίγεσθαι
3458 969 3564 1041 ἤδη
3601 970 3823 1037 νομίζων,

2262 1068 2540 1140 προσῆλθε
2579 1066 2657 1137 τῷ
2689 1067 2762 1120 Συ
2773 1065 2949 1137 μεώνο
2980 1062 3283 1133 θεραπείας
3314 1078 3373 1115 τε
3408 1062 3545 1132 παρ’
3570 1061 3726 1114 αὑτοῦ
3750 1081 3824 1116 τυ-

2265 1155 2398 1228 χὼν,
2449 1157 2545 1209 καὶ⁸
2595 1153 2777 1208 οἴκαδε
2831 1150 2989 1216 αὖθις
3035 1150 3373 1213 ἐπανελθὼν,
3433 1151 3826 1220 εὐγνωμοσύνης

2262 1247 2425 1303 οἱονεί
2450 1264 2504 1302 τι
2529 1248 2749 1317 δεῖγμα,
2780 1247 2874 1301 καὶ
2897 1243 3233 1316 τηλικαύτης
3256 1242 3585 1313 εὐεργεσίας
3612 1244 3827 1313 timeam-

2268 1339 2536 1410 μόνευμα,
2565 1337 2750 1391 εἰκόνα
2775 1336 2882 1408 πρὸ
2919 1337 3021 1405 τῆς
3056 1333 3223 1388 αὑτοῦ
3267 1333 3457 1403 φιλιᾶς
3490 1332 3742 1401 ἀνέστησε
3766 1334 3828 1404 τῷ

2271 1430 2436 1501 ἁγίῳ,
2473 1428 2775 1499 φιλοτίμως
2828 1428 2890 1481 οὐ
2923 1427 3118 1497 φωτῶν
3155 1426 3336 1497 μόνον,
3368 1424 3512 1478 ἀλλά
3555 1424 3646 1476 καὶ
3682 1441 3831 1494 παρα-

2267 1522 2635 1593 πετασμάτων
2680 1522 2933 1591 ἔχουσαν.
2988 1521 3168 1590 Ὅπερ
3215 1518 3423 1581 ἰδόντας
3467 1516 3596 1578 τοὺς
3623 1517 3829 1581 ἀσεϐεῖς,

2269 1619 2365 1671 καὶ
2395 1617 2575 1687 φθόνῳ
2600 1618 2699 1680 τὰς
2724 1615 2906 1685 ψυχὰς
2938 1613 3333 1676 ἀναξέσαντας,
3366 1609 3429 1663 τὸ
3456 1612 3658 1664 οἰκεῖον
3680 1611 3832 1681 ἀθροῖ-

2273 1726 2363 1764 σαι
2388 1709 2700 1778 σύνταγμα,
2726 1707 2823 1763 καὶ
2858 1706 3001 1761 κατά
3030 1705 3236 1775 πλῆθος
3265 1704 3602 1765 ἐπελθόντας
3634 1702 3679 1772 (ὁ
3702 1703 3830 1768 Θεὸς,

578 1818 747 1879 Deus,
779 1824 983 1886 quanta
1014 1815 1203 1871 hostes
1242 1814 1509 1870 adversus
1550 1824 1802 1870 sanetum
1845 1824 1998 1869 tuum
2054 1830 2169 1868 ma-

2288 1803 2371 1856 5σα
2410 1799 2850 1871 ἐπονηρεύσαντο
2895 1799 2946 1852 οί
2973 1797 3159 1870 ἐχθροὶ
3189 1796 3331 1849 κατά
3361 1795 3458 1848 τοῦ
3485 1794 3642 1863 ἁγίου
3671 1812 3752 1848 σου
3771 1798 3830 1863 υ·

580 1909 788 1966 chinati
818 1909 993 1977 sunt!)
1020 1926 1035 1963 :
1069 1907 1225 1963 Tolle
1253 1908 1428 1974 illum,
1457 1909 1551 1978 qui
1592 1909 1721 1963 talia
1747 1910 1911 1977 fecit;
1949 1910 2167 1982 signum

581 2001 733 2056 illico
753 2000 1104 2056 deturbetur.
1137 1998 1331 2069 Opifex
1379 2006 1566 2053 autem
1601 1999 1712 2063 ille,
1749 2000 1937 2055 divina
1975 2001 2169 2071 procul

583 2094 756 2149 dubio
782 2092 1167 2164 dispositione,
1202 2092 1396 2147 aberat
1430 2091 1537 2147 hoc
1567 2092 1688 2163 ipso
1722 2101 1968 2164 tempore
1996 2094 2065 2148 ab
2091 2093 2171 2148 of-

585 2185 784 2250 ficina;
847 2183 1052 2253 alioqui
1094 2183 1243 2238 enim
1298 2182 1757 2238 tumultuantium
1817 2200 2015 2239 manus
2059 2200 2171 2240 non

584 2278 852 2333 evasisset
893 2276 1212 2331 incolumis.

660 2370 784 2423 171.
824 2367 1056 2424 Omnem
1110 2368 1296 2436 itaque
1328 2366 1597 2424 adversus
1647 2369 1864 2425 iconem
1893 2377 2175 2427 vertentes

590 2460 956 2525 iracundiam,
990 2469 1377 2530 praeceperunt
1412 2461 1509 2515 uni
1563 2460 1825 2528 militum,
1876 2462 2073 2517 similis
2096 2462 2177 2517 fa-

593 2555 731 2607 rina:
778 2567 844 2606 ac
890 2550 1233 2607 infidelitatis
1277 2551 1513 2617 homini,
1565 2561 1627 2606 ut
1660 2552 1809 2606 illam
1857 2554 2177 2609 conscensis

593 2644 757 2699 scalis
776 2643 1095 2697 deturbaret
1123 2660 1136 2696 :
1157 2642 1249 2712 qui
1270 2658 1396 2697 eum
1416 2643 1472 2697 in
1490 2643 1662 2697 altum
1681 2645 1969 2706 evasisset,
1992 2646 2181 2715 utjus—

591 2751 688 2791 sus
702 2742 842 2796 erat.
856 2735 1077 2805 jamque
1110 2743 1409 2789 conaretur
1424 2750 1619 2790 manus
1639 2735 1894 2807 injicere;
1926 2737 2180 2792 manibus

596 2827 725 2890 illis,
755 2841 893 2896 quas
918 2836 998 2893 tu,
1025 2824 1267 2892 Christe,
1298 2842 1466 2897 super
1500 2811 1721 2883 illorum
1744 2831 2056 2899 superbiam
2086 2847 2182 2887 ex-

598 2916 796 2978 tulisri,
835 2916 1248 2987 dejicientibus,
1301 2926 1531 2986 repente
1571 2918 1723 2989 gravi
1753 2934 1882 2974 casu
1914 2929 2077 2976 terra;
2106 2922 2184 2976 al-

596 3010 735 3065 lisus
766 3018 868 3064 est.
895 3007 1053 3075 Quod
1087 3024 1214 3063 cum
1251 3008 1483 3064 aliorum
1509 3010 1734 3081 quidem
1766 3013 2047 3067 mentibus
2072 3029 2180 3068 non

595 3101 881 3171 vulgarem
909 3098 1234 3154 incussisset
1280 3108 1513 3165 metum,
1545 3100 1844 3172 impiorum
1887 3102 2027 3157 iram
2072 3119 2184 3159 non

597 3207 795 3263 parum
823 3190 1067 3246 adauxit.
1092 3191 1273 3245 Alium
1293 3206 1426 3264 ergo
1448 3206 1515 3248 eo
1536 3192 1812 3250 adducere
1830 3195 2013 3250 conati
2036 3205 2185 3260 sunt,

600 3282 873 3353 ignaviam
924 3280 1130 3350 prioris
1164 3280 1484 3337 incusantes
1520 3298 1535 3336 :
1578 3299 1745 3355 quem
1799 3300 1927 3339 mox
1985 3286 2191 3341 similia

603 3371 908 3443 patientem
931 3370 1139 3441 potius,
1183 3386 1350 3439 quam
1409 3369 1707 3426 facientem
1756 3381 2187 3443 conspexerunt,

602 3471 797 3534 utpote
830 3462 954 3533 pari
978 3477 1111 3517 casu
1140 3461 1444 3532 dejectum.
1494 3463 1689 3533 Neque
1728 3464 1810 3518 sic
1874 3472 2058 3519 tamen
2107 3464 2190 3519 in-

605 3556 726 3611 sani
759 3555 851 3610 isti
878 3554 1292 3617 intellexerunt,
1320 3553 1417 3610 sed
1447 3555 1643 3611 oculos
1664 3555 1734 3610 ad
1761 3556 2055 3611 veritatem
2082 3565 2190 3611 tam

606 3647 955 3703 manifestam
990 3645 1818 3718 claudentesemeutientesque,
1855 3647 2194 3704 addiderunt

606 3740 777 3795 etiam
804 3738 1064 3794 tertium:
1111 3739 1202 3793 cui
1239 3739 1407 3793 etiam
1448 3740 1601 3810 paria
1628 3741 1741 3811 jam
1784 3727 1948 3797 dictis
1993 3757 2194 3798 evene-

608 3844 764 3887 runt.
789 3832 929 3887 Cum
955 3832 1103 3887 enim
1129 3832 1474 3887 extendissct
1518 3849 1716 3889 manus
1762 3833 2027 3890 adversus
2076 3836 2190 3891 ico-

609 3939 758 3988 nem,
797 3923 1021 3978 neseius
1054 3922 1247 3978 iisdem
1277 3938 1336 3978 se
1382 3934 1577 3981 contra
1622 3941 1683 3981 se
1714 3927 1901 3997 potius
1937 3929 2045 3993 uti,
2097 3929 2195 3984 de—

612 4012 870 4067 turbatus
894 4012 1152 4067 similiter
1189 4022 1297 4078 est,
1335 4014 1621 4086 jaeuitque
1654 4026 1965 4088 prostratus
1987 4020 2195 4083 ;multo

612 4104 807 4175 majori
852 4103 1101 4158 ludibrio
1158 4104 1445 4174 prioribus
1498 4107 1719 4178 dignus,
1770 4110 1922 4179 quod
1972 4112 2194 4166 illorum

610 4196 868 4265 exemplo
930 4196 1107 4250 nihilo
1138 4195 1414 4266 sapuisset
1452 4199 1647 4267 magis.
1702 4200 1843 4254 Tum
1910 4218 2048 4257 vero
2083 4220 2196 4274 prae

612 4286 828 4357 pudore
853 4287 1102 4341 velantes
1130 4286 1327 4341 faciem
1372 4288 1687 4354 abiverunt,
1717 4290 2019 4347 miserandi
2070 4309 2198 4363 pro-

614 4389 739 4449 pter
761 4378 1226 4448 experimentum,
1256 4377 1427 4448 magis
1447 4394 1580 4433 vero
1606 4388 1829 4450 propter
1858 4381 2192 4439 infortunia:

2274 1894 2407 1965 Αἶρε
2428 1894 2518 1948 τὸν
2546 1893 2705 1948 τοῦτο
2737 1892 3035 1966 δράσαντα,
3067 1890 3211 1960 μέγα
3242 1888 3371 1960 βοᾷν
3392 1906 3404 1919 ·
3438 1892 3472 1959 ἡ
3508 1888 3667 1942 εἰκὼν
3689 1889 3743 1941 τὸ
3760 1892 3833 1945 τά·

2276 2006 2367 2059 χος
2405 1987 2856 2058 καταϐεϐλήσθω.
2905 1986 2964 2038 '0
3004 1984 3102 2055 μὲν
3129 1978 3225 2037 οὖν
3257 1981 3619 2053 χειροτέχνης
3642 1983 3829 2048 ἐκεῖνος,

2278 2080 2528 2152 θειοτέρα
2569 2080 2627 2134 δὲ
2662 2080 2884 2142 πάντως
2919 2076 3205 2147 οἰκονομίᾳ
3236 2074 3299 2128 τὸ
3325 2077 3589 2147 πρᾶγμα,
3630 2069 3688 2128 οὗ
3710 2074 3831 2143 ἔτυχε

2277 2173 2582 2245 τηνικαῦτα
2623 2173 2704 2244 τῷ
2734 2170 3085 2245 ἐργαστηρίῳ
3126 2170 3318 2240 παρών
3339 2184 3354 2200 °
3393 2167 3429 2239 ἢ
3459 2168 3574 2239 γὰρ
3620 2167 3682 2221 ἂν
3714 2168 3830 2222 οὐδὲν

2279 2267 2374 2320 τοῦ
2403 2266 2633 2338 θορύϐου
2666 2264 2904 2337 χρηστὸν
2925 2263 3225 2319 ἀπέλαυσε.

2354 2360 2488 2432 ροα’.
2594 2359 2776 2412 Πάντα
2836 2357 2892 2411 δὲ
2947 2357 3087 2411 κατά
3146 2358 3245 2425 τῆς
3271 2355 3487 2418 εἰκόνος
3539 2355 3727 2407 ἐκεῖνοι
3762 2363 3830 2407 τον

2285 2454 2458 2525 θυμὸν
2483 2453 2807 2525 τρέψαντες,
2825 2451 3133 2521 ἐπέτρεψαν
3167 2452 3247 2502 ἑνὶ
3272 2449 3381 2502 τῶν
3410 2449 3515 2520 τῆς
3542 2449 3657 2516 ίσης
3686 2449 3832 2510 αὐτοῖς

2284 2543 2543 2607 ἀπιστίας
2584 2542 2954 2613 στρατιωτῶν,
2984 2542 3072 2596 διά
3119 2558 3265 2604 τινος
3316 2539 3622 2593 ἀνελθόντα
3674 2537 3834 2608 κλίμα-

2286 2651 2402 2698 κος,
2437 2632 2602 2686 αὐτὸν
2635 2632 2910 2686 καθελεῖν.
2956 2632 3018 2684 ’0
3056 2632 3113 2684 δέ
3157 2632 3256 2701 τὴν
3297 2630 3490 2685 ἄνοδον
3532 2630 3608 2690 ὡς
3643 2629 3833 2697 προσώ

2286 2743 2454 2779 τακτο
2483 2725 2731 2795 θέμενος,
2757 2726 2832 2789 ὡς
2862 2725 2962 2797 ἤδη
3002 2726 3096 2778 καὶ
3135 2727 3325 2794 χεῖρας
3352 2724 3636 2777 ἐπιὸαλεῖν
3664 2721 3836 2790 ἐπιχεί-

2293 2818 2614 2891 ρει,χειρῶν
2644 2818 2891 2885 ἐκείνων,
2916 2817 2982 2882 ἃς
3005 2820 3091 2885 σὺ,
3125 2818 3329 2888 Χριστέ
3362 2818 3616 2887 βασιλεῦ,
3664 2816 3835 2885 Eripe;

2292 2910 2386 2963 ἐπὶ
2414 2908 2515 2968 τὰς
2563 2909 2944 2980 ὑπερηφανίας
2974 2908 3176 2975 αὐτῶν,
3211 2908 3411 2979 ἀθρόον
3443 2908 3652 2961 ἐκεῖθεν
3676 2905 3836 2974 πτῶμα

2289 3002 2525 3073 χαλεπὸν
2567 3001 2881 3073 κατηνέχθη
2910 3017 2924 3030 ·
2963 3001 2992 3055 ὃ
3021 3003 3142 3065 ταῖς
3186 3001 3285 3071 μὲν
3334 3000 3449 3054 τῶν
3482 3000 3653 3054 ἄλλων
3678 3000 3837 3069 dolui;

2291 3094 2352 3147 οὐ
2383 3093 2583 3164 μικρὸν
2615 3094 2841 3146 ἐνέπεσε
2885 3092 3004 3156 δέος
3040 3133 3056 3156 ,
3088 3095 3202 3156 τοῖς
3236 3092 3291 3146 δέ
3320 3090 3583 3145 ἀσεϐέσιν
3615 3092 3699 3143 ἐπὶ
3733 3090 3837 3160 μᾶλ-

2291 3183 2381 3237 λον
2412 3182 2502 3236 τὸν
2534 3183 2730 3253 φθόνον
2758 3181 2987 3256 ηὔξησε.
3020 3184 3129 3237 Καὶ
3173 3182 3433 3254 δεύτερον
3488 3182 3643 3236 ἀλλον
3672 3182 3836 3248 ἀναγα-

2291 3277 2409 3344 γεῖν
2435 3275 2859 3347 πειρασθέντες,
2917 3270 3005 3328 οἷα
3046 3272 3139 3328 τοῦ
3192 3274 3468 3345 προτέρου
3514 3272 3706 3327 δειλία-θ
3733 3288 3834 3323 κατα

2292 3369 2616 3438 εγνωκότες,
2657 3367 2734 3432 ὡς
2764 3369 2835 3422 τά
2864 3368 2955 3421 ἴσα
2997 3367 3241 3421 παθόντα
3277 3367 3488 3437 μᾶλλον
3523 3367 3616 3421 καὶ
3656 3362 3833 3433 αὑτόνῆ

2293 3460 2567 3532 δράσαντα
2616 3454 2777 3521 εἶδον,
2816 3459 3201 3531 παραπλήσιόν
3232 3477 3291 3512 τε
3325 3458 3404 3530 τῷ
3439 3459 3685 3530 προτέρῳ
3714 3456 3828 3509 mdi-

2299 3570 2378 3624 μα
2435 3551 2833 3622 κατενεχθέντα
2865 3568 2881 3583 ·
2928 3552 3003 3623 μὴ
3046 3552 3347 3625 καὶταύτῃ
3378 3550 3520 3621 γοῦν
3552 3554 3599 3605 oi
3639 3550 3832 3606 ἀσύνετοί

2296 3644 2591 3709 συνιέντες,
2614 3643 2751 3699 ἀλλά
2777 3645 2914 3716 πρὸς
2934 3643 3077 3697 οὕτω
3102 3644 3343 3715 φανερὰν
3369 3643 3631 3716 ἀλήθειαν
3655 3643 3831 3714 μύοντες

2294 3739 2329 3810 ἢ
2377 3738 2813 3807 τυφλώττοντες,
2848 3739 3179 3809 προσέθεντο
3206 3740 3302 3793 καὶ
3349 3742 3542 3811 τρίτον
3570 3740 3831 3807 ἀναγαγεῖν.

2308 3830 2462 3883 Ἐπεὶ
2491 3830 2548 3883 δὲ
2578 3830 2752 3885 ταῦτα
2781 3834 2893 3895 τοῖς
2925 3830 3295 3902 προσλαὸοὖσι
3346 3833 3445 3885 καὶ
3490 3831 3637 3903 αὐτῷ
3662 3830 3834 3897 συνεεη,

2296 3924 2392 3977 καὶ
2414 3923 2512 3986 τὰς
2542 3926 2729 3995 χεῖρας
2753 3925 2896 3978 κατά
2922 3924 3025 3993 τῆς
3042 3925 3252 3988 εἰκόνος
3274 3925 3549 3990 ἐκτείνας,
3573 3926 3716 3979 ἔλαθε
3737 3922 3827 3975 καθ’

2296 4015 2492 4069 ἑαυτοῦ
2524 4016 2725 4085 μᾶλλον
2747 4018 2940 4085 ὥσπερ
2979 4016 3169 4080 αὑταῖς
3200 4017 3570 4088 χρησάμενος,
3599 4018 3685 4070 καὶ
3706 4031 3835 4068 κατα-

2298 4104 2720 4175 6ληθεὶς,ἔκειτο
2741 4107 2836 4160 καὶ
2863 4100 3039 4168 οὗτος,
3069 4106 3269 4176 πτῶμα
3299 4106 3408 4159 τῶν
3452 4108 3718 4179 προτέρων
3737 4104 3833 4157 πολὺ

2298 4198 2855 4267 καταγελαστότερον,
2904 4198 3003 4251 ὅσα
3030 4197 3164 4266 μηδέ
3191 4200 3587 4270 σωφρονισθείς
3619 4198 3753 4267 ὤφθη
3780 4195 3835 4263 τῷ

2298 4291 2678 4361 ὑποδείγματι.
2705 4293 2768 4344 Οἱ
2794 4293 2896 4361 μέν
2927 4294 3163 4364 ἐντροπῇ
3197 4291 3577 4363 καλυψάμενοι
3607 4292 3696 4356 τὰς
3722 4292 3833 4358 wit;

2299 4383 2564 4453 ἀπῆλθον,
2594 4383 2820 4436 ἐλεεινοί
2862 4383 2962 4452 τῆς
2993 4385 3206 4454 πείρας,
3239 4384 3594 4455 ἐλεεινότεροι
3624 4383 3708 4452 τῆς
3731 4384 3833 4433 ἁπο-

615 4471 805 4525 lideles
822 4479 1005 4525 autem
1031 4470 1221 4536 laetati,
1246 4469 1513 4542 gaudium
1534 4486 1655 4539 ore,
1686 4480 1742 4528 et
1768 4475 2181 4531 exsultationen‘

2302 4476 2525 4547 τυχίας·
2567 4477 2695 4538 τοὺς
2728 4473 2785 4527 δὲ
2825 4476 3052 4538 πιστοὺς
3092 4474 3387 4546 φαιδρότης
3426 4471 3563 4546 εἶχε,
3595 4476 3680 4528 καὶ
3703 4473 3834 4542 χαρᾶς

613 4564 800 4636 lingua
832 4563 1200 4619 testabantur.

692 4756 815 4813 172.
844 4756 1009 4812 Hisce
1035 4758 1375 4814 renuntiatis
1404 4759 1689 4833 Symeoni,
1726 4777 2051 4832 perparvam
2103 4763 2198 4819 ille

614 4851 704 4907 sui
736 4851 1064 4922 injurimque
1089 4850 1195 4906 sibi
1235 4851 1401 4907 illata:
1457 4853 1728 4907 rationem
1784 4853 2018 4922 habens,
2081 4865 2199 4912 toto

614 4950 804 4997 autem
830 4942 952 4996 zelo
976 4949 1176 4997 contra
1200 4942 1574 5013 hlasphemias
1616 4944 1672 4998 in
1702 4945 1998 5000 Dominum
2036 4962 2198 5002 suum

617 5036 860 5106 prolatas
887 5036 1278 5101 exardescens,
1304 5036 1683 5093 indesinenter
1706 5039 1943 5095 orationi
1974 5042 2203 5099 vacabat

617 5127 1011 5198 perstabatque
1043 5128 1099 5182 in
1135 5138 1403 5184 consueto
1425 5129 1632 5193 cordis,
1665 5132 1781 5187 oris
1817 5147 1881 5187 ac
1926 5134 2200 5191 labiorum

616 5220 909 5276 exercitio.
950 5220 1098 5277 Deus
1129 5237 1283 5289 vero,
1306 5223 1491 5293 justus
1527 5223 1876 5294 dispensator
1900 5228 2200 5299 aclegislae

620 5322 732 5379 tor,
768 5315 1000 5371 ultionis
1053 5316 1347 5370 immemor
1385 5332 1494 5370 non
1558 5317 1684 5372 fuit.
1736 5319 1949 5390 Raptus
1994 5324 2202 5394 quippe

620 5404 861 5476 Symeon
886 5406 1106 5477 spiritu,
1139 5405 1463 5475 conspicere
1493 5406 1611 5462 haec
1644 5409 1797 5465 visus
1819 5412 2199 5478 est.Putabat,

620 5496 1099 5570 ConstantinOpoli
1137 5514 1195 5553 se
1230 5498 1285 5552 in
1319 5499 1524 5569 palatio
1566 5499 1919 5571 imperatoris
1970 5508 2201 5574 versari,

623 5606 688 5647 ac
716 5591 900 5646 virum
930 5591 1248 5662 quemdam,
1277 5592 1367 5647 cui
1400 5608 1599 5664 magna
1623 5604 1867 5664 potestas
1915 5596 1969 5651 in
2020 5609 2204 5668 partes

2303 4572 2488 4633 αὐτοῖς
2539 4569 2847 4642 ἐπληροῦτο
2878 4569 2936 4623 τὸ
2971 4570 3169 4641 στόμα,
3201 4573 3298 4624 καὶ
3340 4572 3374 4640 ἡ
3415 4570 3638 4640 γλῶσσα
3682 4567 3835 4640 μᾶλλον

2302 4663 2702 4733 ἀγαλλιάσεως.

2375 4755 2512 4826 ροβ’.
2549 4755 2768 4810 Τούτων
2803 4755 2884 4827 τῷ
2913 4754 3140 4827 Συμεὼν
3183 4756 3586 4825 ἀγγελθέντων,
3608 4755 3740 4819 ὀλίγα
3764 4749 3835 4820 μὲν

2306 4849 2503 4903 ἐαυτοῦ
2527 4851 2621 4904 καὶ
2649 4850 2747 4920 τῆς
2774 4853 2854 4914 είς
2904 4851 3069 4904 αὑτὸν
3100 4849 3311 4922 ὕϐρεως
3340 4852 3551 4913 ἐκεῖνος
3580 4851 3831 4919 ᾳροντὶσιςι

2307 4944 2382 5015 τῷ
2413 4942 2475 4998 δὲ
2500 4947 2664 4997 παντὶ
2686 4944 2835 5015 ζήλῳ
2870 4945 3000 5016 περὶ
3028 4944 3129 5013 τῆς
3163 4945 3244 5008 είς
3267 4944 3358 4997 τὸν
3384 4944 3588 4997 οἰκεῖον
3616 4938 3834 5004 Δεσπότην

2311 5037 2662 5108 βλασφημίας
2710 5038 3012 5109 χρώμενος,
3048 5038 3181 5108 εὐχῇ
3216 5034 3660 5107 προσαδολεσχῶν
3693 5029 3833 5095 εἱστή-

2310 5149 2396 5185 κει
2446 5130 2525 5204 τῷ
2579 5132 2799 5204 συνήθει
2851 5132 2945 5185 καὶ
2994 5131 3224 5202 καρδίας
3258 5129 3405 5203 ἔργῳ
3444 5134 3541 5182 καὶ
3573 5124 3748 5198 χειρῶν
3769 5119 3835 5173 καὶ

2312 5224 2537 5297 Χειλέων
2558 5243 2572 5257 ⁶
2594 5226 2725 5288 Θεδς
2753 5225 2829 5293 δὲ,
2870 5227 2900 5279 ὁ
2936 5225 3029 5278 τοῦ
3061 5225 3272 5279 δικαίου
3302 5224 3505 5294 ταμίας
3540 5222 3632 5275 καὶ
3662 5214 3835 5287 νομοθέ-

2308 5337 2429 5391 τηςν
2460 5320 2560 5373 οὐκ
2614 5318 2808 5390 ἡμέλει
2867 5319 2968 5389 τῆς
3015 5318 3195 5389 δίκης,
3245 5314 3363 5373 ἀλλ’
3426 5313 3690 5386 ἁρπαγεὶς
3735 5304 3836 5361 κατὰ

2310 5413 2531 5484 πνεῦμα
2563 5414 2592 5466 ό
2652 5412 2902 5485 Συμεὼν,
2930 5413 3062 5484 όρᾷν
3113 5409 3307 5464 ἐαυτὸν
3349 5409 3523 5464 ἐδόκει
3556 5405 3775 5471 καθάπερ
3799 5402 3836 5449 ἰν

2311 5508 2887 5562 Κωνσταυτινουπόλει
2917 5509 2975 5561 ἐν
3028 5505 3106 5577 τῷ
3139 5505 3407 5577 βασιλικῴ
3441 5502 3682 5571 παλατίῳ
3721 5493 3835 5567 γενό-

2318 5618 2501 5671 μενον,
2538 5602 2765 5657 ἐστάναι
2799 5619 2856 5655 τε
2917 5600 3111 5673 ἄνδρα,
3211 5599 3455 5671 μεγάλην
3505 5594 3737 5664 ἐξουσίαν
3773 5582 3836 5639 ἐπὶ

701 5762 814 5835 (44)
844 5763 952 5818 Hoc
995 5766 1311 5823 miraculum
1367 5770 1525 5823 etiam
1584 5780 1709 5826 ante
1768 5771 1936 5829 l’ilam
1970 5776 1996 5845 §
2031 5776 2060 5827 7
2115 5792 2177 5829 ca:
2216 5775 2547 5833 Dumasccno
2582 5778 2876 5834 retulimus.
