3988 6500
234 339 376 401 3145

1239 339 1411 397 νιΤΑ
1456 346 1500 397 Α
1540 339 1978 400 NICEPHORO
2013 340 2496 400 CONSCRIPTA.

3347 340 3485 405 3H6

230 453 331 519 τὴν
362 450 435 503 ἕω
456 449 542 502 διὰ
565 447 657 501 τοῦ
688 447 993 519 πνεύματος
1024 448 1279 513 δίδοσθαι,
1305 452 1397 504 ναὶ
1426 452 1588 505 αὐτὸν
1615 454 1672 504 ἐν
1694 453 1801 514 ταῖς

1916 452 2223 508 Orientales
2268 470 2296 507 a
2354 454 2548 522 spiritu
2607 453 2973 516 tribuebatur,
3026 452 3233 522 plateas
3290 456 3483 510 Antio-

229 541 514 604 πλατείαις
547 540 815 611 περιιέναι
848 539 947 609 τῆς
988 539 1280 611 ’Λντιόχου,
1310 540 1401 593 τόν
1428 559 1484 593 τε
1531 541 1803 613 Ἰορδάνην

229 634 481 704 ποταμὸν
530 632 679 704 αύτῷ
718 632 967 697 ἕπεσθαι,
1002 634 1099 686 καὶ
1129 633 1219 687 τὸν
1245 635 1302 685 ἐν
1349 633 1512 704 Ἐδὲμ
1539 633 1800 704 παράδει-

229 742 325 777 σον
354 725 543 795 ὧσπερ
589 723 1073 779 ἀποκαλύπτεσθαι
1102 740 1116 755 ·
1147 725 1240 778 καλ⁸
1281 723 1357 787 ὡς
1410 725 1648 795 πονηρὸν
1708 727 1802 796 θη-

229 817 347 888 ρίον
407 818 464 871 ἒν
502 835 609 871 τινι
664 817 915 889 σπηλαίῳ
942 815 1319 888 κρυπτόμενον
1346 817 1556 869 ἐκεῖθεν
1585 816 1799 886 ἐξενεχ-

227 910 321 962 Οὲν
345 909 432 963 διὰ
469 908 639 979 μέσης
665 908 852 976 ἄγοιτο
882 909 980 978 τῆς
1020 908 1226 971 πόλεως
1258 906 1615 978 ὑϐριζόμενον
1654 925 1667 939 ·
1702 908 1797 961 καὶ

221 1000 302 1063 ὡς
366 999 578 1064 πολλοῖς
634 1000 741 1052 τῶν
791 999 1093 1070 ἀνθρώπων
1146 998 1478 1051 διαταθεῖσιν
1534 1001 1562 1051 6
1620 998 1804 1069 ἄρχων

225 1092 435 1156 ἐκεῖνος
480 1090 695 1161 ἐπιθείη
755 1091 968 1161 πληγὰς
1022 1092 1082 1144 ού
1136 1090 1323 1164 πόρρω
1364 1091 1630 1157 θανάτου,
1662 1091 1801 1145 ὥστε

226 1184 411 1253 σάρκα
436 1185 615 1236 πᾶσαν
636 1183 892 1247 ἐπιεικῶς
917 1182 1284 1252 καταπτῆξαι·
1310 1183 1402 1235 καὶ
1423 1182 1497 1245 ὼς
1522 1182 1628 1235 τῶν
1656 1181 1803 1252 αὐτῷ

224 1275 521 1345 γνωρίμων
559 1293 640 1339 τις
695 1275 775 1346 τῷ
818 1276 1039 1346 ἄρχοντι
1085 1273 1372 1346 παρεστὼς
1417 1276 1496 1337 είς
1535 1275 1800 1341 ἐξέτασιν,

225 1354 449 1437 ἀπαθὴς
478 1367 662 1422 κακῶν
691 1368 783 1422 ὑπ’
821 1367 988 1421 αὑτοῦ
1019 1367 1267 1437 ἀφεθείη.

308 1632 443 1697 ρογ¹.
476 1625 661 1679 Ταῦτα
694 1628 721 1680 6
745 1626 847 1695 μὲν
882 1625 1024 1689 ἰδὼν,
1046 1627 1158 1689 τοῖς
1183 1626 1452 1697 μαθηταῖς
1475 1627 1801 1697 ἐξηγήσατο·

224 1719 356 1788 ἑξῆς
385 1719 442 1771 δὲ
476 1720 571 1772 καὶ
595 1718 623 1771 ὃ
663 1717 715 1770 τί
774 1736 904 1770 ποτε
933 1718 999 1771 τὰ
1057 1717 1289 1786 ὀφθέντα
1329 1718 1578 1789 βούλεται
1620 1719 1806 1785 σαφῶς

1905 544 2109 598 cbenas
2128 544 2304 607 obire,
2342 544 2568 597 fluvium
2594 558 2727 598 vero
2750 541 3041 598 Jordanetn
3065 544 3292 613 vestigia
3312 546 3484 615 ipsius

1904 631 2080 699 sequi,
2113 639 2169 683 et
2195 631 2535 700 paradisum,
2562 631 2657 701 qui
2698 631 2754 685 in
2809 632 2982 687 Edem
3043 638 3149 697 est,
3183 634 3336 688 velut
3380 636 3481 689 de-

1906 722 2013 793 tegi
2043 738 2106 777 ac
2138 723 2366 777 revelari
2394 741 2409 778 :
2434 732 2550 777 tum
2575 738 2708 778 vero
2741 723 2910 778 feram
2943 726 3260 794 pessimam,
3313 743 3481 797 specu

1904 814 2143 883 quadam
2176 814 2462 879 latentem,
2508 813 2636 869 inde
2658 814 2860 879 emitti,
2896 824 3185 885 actamque
3236 833 3335 887 per
3364 833 3479 872 me-

1905 904 2053 959 diam
2102 904 2401 969 civitatem,
2438 904 2651 959 cladem
2722 919 2836 957 non
2902 905 3173 959 modicam
3233 906 3478 972 inferre;

1904 995 2161 1050 homines
2202 1011 2367 1066 porro
2398 995 2600 1050 multos
2657 994 2828 1049 feram
2867 994 3222 1064 insequentes
3265 996 3334 1049 ab
3383 996 3477 1050 illo

1904 1086 2157 1157 principe
2190 1087 2365 1157 plagis
2397 1087 2539 1141 male
2586 1086 2837 1140 mulctari
2873 1085 2987 1140 fere
3020 1100 3195 1154 usque
3236 1087 3303 1139 ad
3334 1103 3483 1140 mor-

1907 1189 2037 1246 tem,
2062 1181 2201 1235 adeo
2247 1190 2307 1235 ut
2335 1180 2515 1236 omnis
2542 1196 2669 1237 caro
2690 1178 2985 1233 admodum
3008 1186 3478 1245 consternaretur;

1908 1269 2149 1340 denique
2179 1287 2209 1326 e
2256 1271 2401 1325 notis
2460 1287 2523 1326 ac
2574 1270 2937 1325 familiaribus
3002 1268 3117 1323 suis
3166 1269 3480 1337 quempiam

1914 1362 2067 1417 dicto
2094 1362 2330 1432 principi
2361 1371 2543 1418 astare
2565 1361 3014 1419 examinandum.
3045 1359 3115 1413 ab
3147 1374 3325 1430 eoque
3359 1376 3478 1415 om-

1906 1451 1995 1505 nis
2027 1452 2359 1508 calamitatis
2415 1467 2479 1508 ac
2516 1452 2750 1524 periculi
2797 1452 3121 1515 immunem,
3183 1448 3479 1503 dimissum

1904 1558 2046 1597 esse.

1982 1634 2104 1689 175.
2140 1634 2266 1691 Haec
2297 1636 2371 1691 ita
2404 1644 2464 1690 ut
2493 1635 2711 1691 viderat
2759 1636 3048 1706 discipulis
3096 1640 3341 1695 narravit
3376 1639 3480 1710 Sy-

1906 1741 2107 1793 meon;
2160 1726 2361 1783 deinde
2412 1728 2602 1791 etiam,
2646 1727 2780 1797 quid
2832 1727 2938 1782 sibi
2976 1738 3191 1784 ostenta
3249 1731 3476 1793 vellent,

225 1810 474 1881 ὲπεξῄει,
507 1809 582 1872 ὼς
613 1809 722 1878 ἄρα
760 1808 987 1879 φοϐερὸς
1029 1807 1307 1863 ἐλεύσεται
1342 1810 1546 1881 ἄρχων,
1583 1812 1677 1863 καὶ
1707 1811 1801 1874 τὰς

1906 1819 2221 1888 explicavit.
2300 1820 2587 1886 Quomodo
2636 1835 2836 1889 nempe
2904 1821 3168 1876 terribilis
3218 1823 3479 1892 princeps

233 1897 492 1960 ἀσεϐείας
513 1896 694 1950 αὐτῶν
725 1897 955 1964 ἐλέγξει,
986 1897 1094 1950 τῶν
1123 1898 1180 1951 δὲ
1212 1899 1308 1952 καὶ
1337 1898 1566 1952 θανάτου
1601 1900 1801 1969 τρόπον

234 1990 590 2044 καταδικάσει
630 1989 953 2061 βαρύτατον.
991 1991 1160 2044 Τοῦτο
1207 1992 1317 2063 γὰρ
1353 1992 1619 2063 ἑπόμενος
1660 1993 1800 2045 ὐπο-

229 2083 410 2153 φαίνει
436 2084 465 2136 6
502 2082 795 2155 Ἰορδάνης,
824 2083 905 2136 ὅτι
928 2085 1108 2137 πᾶσαν
1135 2084 1314 2138 αὐτῶν
1354 2085 1648 2138 καταδύσει
1678 2086 1798 2139 θεο-

230 2176 455 2245 μαχίαν,
486 2174 676 2247 ὥσπερ
705 2175 733 2227 6
764 2175 1276 2246 άνακαλυπτόμενος
1322 2177 1655 2248 παράδεισος
1699 2179 1800 2231 πά-

226 2264 333 2331 λιν,
371 2266 469 2328 τὰς
497 2265 711 2334 ἀγαθάς
759 2265 868 2319 τῶν
905 2265 1132 2318 δικαίων
1180 2264 1533 2319 ὑποδείκνυσι
1576 2270 1797 2340 παρρη-

229 2359 623 2430 σιασθήσεσθαι
678 2357 925 2429 πράξεις.
982 2357 1055 2411 Τὸ
1147 2357 1332 2428 μέντοι
1404 2360 1801 2430 περιαγόμενον

225 2449 437 2520 θηρίον,
463 2452 496 2517 ἠ
530 2447 621 2502 τοῦ
667 2448 913 2502 διαϐόλου
942 2448 1009 2503 ἂν
1041 2448 1129 2519 εἴη
1151 2450 1349 2519 πλάνη,
1376 2450 1442 2521 ἢν
1473 2451 1522 2503 ot
1581 2451 1801 2518 μάταιοι

224 2542 321 2596 ἐπὶ
351 2545 464 2606 τοῖς
497 2541 734 2606 εἰδώλοις
754 2540 1150 2612 πεπλάνηνται,
1181 2543 1216 2614 ἢ
1255 2547 1350 2598 καὶ
1377 2544 1802 2613 δημοσιευθεῖσα

222 2636 528 2706 οἰχήσεται,
561 2634 900 2688 λανθάνουσα
932 2634 1001 2687 τά
1044 2635 1216 2688 πολλά
1244 2636 1381 2699 τέως
1425 2636 1521 2689 καὶ
1554 2653 1797 2707 κρυπτο-

228 2727 387 2798 μένη.
425 2726 779 2797 Παρεδήλωσε
818 2726 874 2780 δὲ
908 2733 1003 2780 καὶ
1031 2726 1110 2797 τῷ
1138 2727 1219 2789 εις
1256 2727 1503 2791 ἐξέτασιν
1552 2728 1659 2799 πρὸ
1702 2726 1798 2780 τοῦ

228 2820 489 2889 ἄρχοντος
530 2817 867 2888 παρεστάναι
911 2817 1150 2887 φανέντι,
1183 2817 1519 2886 φυλάξασθαι
1564 2817 1664 2881 τάς
1692 2817 1802 2871 τῶν

224 2910 448 2979 φαύλων
476 2909 709 2979 ὁμιλίας,
746 2909 925 2979 ἑαυτῷ
956 2909 1049 2963 τοῦ
1083 2909 1272 2963 λοιποῦ
1294 2912 1386 2963 ἐπὶ
1417 2910 1579 2964 πλέον
1632 2928 1803 2980 προσ-

226 3006 445 3071 σχόντα.
483 3005 638 3073 Ἀρτι
668 3003 765 3073 μὲν
794 2997 887 3056 οὖν
923 3002 1096 3056 ταῦτα
1124 3004 1153 3057 6
1184 3002 1410 3073 Συμεὼν
1438 3005 1759 3074 προειρήκει
1786 3018 1800 3033 ·

222 3094 381 3146 οὔπω
404 3093 461 3146 δὲ
486 3093 743 3162 τέταρτος
782 3090 1027 3161 παρῆλθε
1062 3089 1264 3158 μεταξὺ
1299 3089 1429 3159 μὴν,
1465 3088 1558 3142 καί
1585 3105 1669 3149 τις
1697 3105 1797 3157 με·

1902 1920 2196 1975 venturus,
2234 1920 2643 1982 arguturusque
2690 1911 2813 1965 illos
2875 1911 3198 1983 impietatis,
3258 1913 3476 1982 aliquos

1901 2002 2066 2057 etiam
2093 2002 2257 2057 morti
2298 2003 2611 2058 szevissimae
2637 2002 2966 2057 addicturus
2994 2012 3159 2057 esset.
3200 2004 3333 2058 Nam
3358 2004 3478 2059 Jor-

1902 2093 2069 2147 danes
2092 2093 2188 2163 qui
2227 2094 2581 2163 sequebatur,
2623 2102 3006 2164 praemonstrat
3039 2093 3156 2147 fore
3188 2102 3246 2147 ut
3290 2094 3476 2147 omnis

1903 2181 2119 2236 illorum
2151 2193 2341 2238 contra
2372 2186 2543 2239 Deum
2570 2185 2823 2253 impietas
2862 2199 2925 2238 ac
2972 2183 3199 2238 rebellio
3252 2185 3476 2253 penitus

1903 2272 2264 2341 obrueretur;
2297 2274 2389 2345 qui
2419 2290 2552 2330 vero
2579 2274 2939 2344 detegebatur
2963 2274 3274 2343 paradisus,
3326 2275 3476 2343 quod

1901 2361 2201 2429 proborum
2227 2370 2373 2417 recte
2398 2361 2540 2417 facta
2573 2361 2751 2431 palam
2784 2376 2849 2415 ac
2900 2360 3074 2415 libere
3124 2361 3475 2430 praedicanda

1901 2460 2110 2507 essent.
2160 2452 2294 2519 Qua:
2333 2461 2517 2507 autem
2569 2451 3062 2506 circumferebatur
3110 2451 3317 2518 bellua,
3354 2452 3475 2505 dia-

1902 2550 2015 2605 boli
2047 2551 2318 2607 fallaciam
2352 2562 2517 2622 atque
2545 2552 2904 2622 imposturam
2945 2568 3067 2608 esse
3116 2551 3319 2616 aiebat,
3376 2565 3475 2620 per

1902 2655 2069 2709 quam
2093 2641 2216 2694 vani
2240 2642 2513 2706 homines,
2544 2642 2599 2695 in
2628 2641 2791 2697 idolis
2833 2657 2986 2719 spem
3020 2652 3312 2711 ponentes,
3368 2643 3476 2697 cir-

1902 2730 2395 2785 cumveniebantur
2424 2747 2692 2801 ;qua:que
2707 2747 2774 2787 eo
2797 2748 2970 2802 usque
2998 2741 3057 2787 ut
3079 2733 3378 2802 plurimum
3398 2733 3477 2786 la-

1903 2819 2090 2884 titans,
2150 2820 2370 2875 tandem
2421 2822 2476 2875 in
2528 2823 2708 2877 lucem
2764 2822 3033 2893 producta
3090 2830 3472 2879 evanesceret.

1902 2910 2172 2965 Indieavit
2210 2912 2375 2965 etiam
2410 2928 2509 2982 per
2534 2929 2685 2979 eum,
2722 2913 2817 2983 qui
2840 2914 2907 2968 ad
2934 2914 3293 2983 quaestionem
3325 2913 3476 2968 acci-

1906 3011 1994 3057 tus
2022 3012 2201 3058 astare
2226 3004 2464 3074 principi
2497 3005 2787 3061 videbatur
2816 3007 3028 3061 moneri
3069 3022 3149 3070 se,
3183 3014 3246 3059 ut
3290 3006 3343 3060 in
3374 3020 3475 3075 po-

1904 3104 2113 3149 sterum
2150 3112 2180 3150 a
2212 3112 2507 3166 pravorum
2537 3098 2798 3168 alloquiis
2819 3115 2875 3154 se
2908 3099 3234 3161 custodiret,
3254 3099 3472 3167 sibique

223 3182 399 3253 γάλην
420 3184 500 3245 εις
550 3180 616 3234 τά
664 3180 798 3251 πρὸς
843 3180 918 3232 ἕω
961 3178 1140 3233 λαϐὼν
1188 3177 1383 3248 ἀρχὴν,
1404 3177 1668 3248 ἐπεδήμει
1725 3179 1792 3246 τῇ

1906 3163 2619 3244 studiosiusattendendum
2643 3163 2765 3246 esse
2794 3193 2979 3246 sciret.
2999 3192 3067 3246 Et
3091 3202 3221 3246 tunc
3244 3163 3470 3261 quidem

235 3274 535 3343 Ἀντιόχου,
602 3272 887 3342 Ἀμάντιος
936 3271 1144 3341 ὄνομα,
1201 3269 1337 3339 ἀνὴρ
1402 3269 1749 3334 παιδευτικὸς
1780 3311 1793 3333 ,

222 3364 471 3435 ἀρχικὸς,
514 3362 758 3433 λογισμῷ
794 3363 1092 3433 χρώμενος,
1120 3361 1368 3433 ἀῤῥεπὴς
1410 3361 1510 3431 τὴν
1544 3360 1796 3429 γνώμην.

223 3458 509 3529 ἐλεύθερος
535 3457 634 3526 τὴν
662 3455 860 3525 ψυχὴν,
888 3453 1052 3523 ζυγοῦ
1080 3453 1209 3522 περὶ
1236 3453 1297 3505 τὸ
1328 3453 1537 3506 δίκαιον
1571 3451 1792 3523 εεικριϐἐ⁴

225 3567 439 3621 στερος,
478 3548 713 3602 τοσαῦτα
754 3547 929 3619 ζηλῶν
972 3547 1110 3618 ὑπὲρ
1135 3546 1355 3619 ἀρετῆς,
1390 3545 1490 3598 ὅσα
1530 3545 1627 3599 καὶ
1658 3545 1801 3598 κατὰ

221 3643 325 3714 τῆς
366 3643 581 3707 κακίας,
617 3642 711 3695 καλ⁵
739 3641 818 3705 εἰς
845 3641 1010 3710 ἄκρον
1042 3639 1307 3710 ἑκάτερα·
1343 3637 1400 3701 ὃς
1439 3638 1533 3690 καὶ
1562 3637 1668 3707 πρὸ
1701 3636 1794 3690 τοῦ

220 3738 325 3807 τὴν
368 3735 637 3805 Ἀντιόχου
666 3732 1015 3797 καταλαϐεῖν,
1042 3733 1221 3786 πᾶσαν
1241 3731 1316 3796 ὡς
1340 3729 1452 3784 οἷόν
1476 3748 1535 3783 τε
1558 3746 1797 3800 κακουρ-

219 3828 353 3901 γίαν
398 3827 668 3901 περιεῖλεν
703 3826 805 3880 ἀνὰ
842 3825 942 3897 τὴν
983 3824 1097 3877 Ἕω
1120 3840 1134 3855 ο
1170 3823 1484 3895 τομωτέραν
1515 3822 1652 3875 κατὰ
1692 3822 1799 3874 τῶν

220 3920 482 3976 τοιούτων
538 3919 636 3991 τὴν
698 3919 970 3989 μάχαιραν
1029 3916 1251 3985 ἐπάγων
1313 3915 1406 3969 τοῦ
1466 3914 1798 3985 ἀξιώματος,

222 4012 366 4066 ὥστε
407 4011 634 4065 δεδιέναι
674 4009 881 4070 πάντας
929 4008 1023 4062 καὶ
1061 4008 1282 4078 τρέμειν
1324 4008 1459 4077 πρὸς
1498 4007 1596 4079 τὴν
1629 4005 1797 4062 αὑτοῦ

224 4102 553 4174 παρουσίαν,
601 4102 660 4154 ού
738 4100 973 4169 φαύλους
1027 4099 1208 4171 μόνον,
1268 4099 1388 4152 οὐδὲ
1440 4099 1800 4171 κακούργους,

224 4195 361 4248 ἀλλὰ
392 4195 485 4248 καὶ
514 4188 592 4258 οἷς
618 4194 679 4247 τὸ
708 4192 949 4256 ἐπιεικὲς
973 4193 1002 4245 ὀ
1028 4192 1142 4263 βίος
1176 4193 1311 4246 πολὺ
1358 4194 1452 4247 καὶ
1493 4194 1551 4247 τὸ
1585 4194 1803 4266 μέτριον

224 4282 361 4355 εἶχε.
402 4286 652 4357 Τοσαύτη
701 4303 783 4349 τις
823 4281 892 4355 ἦν
934 4286 1031 4355 τῆς
1068 4284 1371 4355 παρουσίας
1414 4282 1509 4337 τοῦ
1551 4285 1741 4356 ἀνδρὸς
1768 4287 1803 4356 ἡ

226 4377 586 4445 κατάπληξις.

1897 3278 2085 3333 isthaec
2117 3280 2557 3348 praedicebantur
2582 3297 2612 3336 a
2633 3282 2937 3353 Symeone:
2985 3296 3091 3337 nec
3140 3282 3471 3338 intercesse-

1896 3381 2031 3424 runt
2059 3386 2277 3426 menses
2301 3381 2559 3441 quatuor,
2606 3389 2729 3429 cum
2758 3373 2983 3444 quidam
3042 3376 3332 3430 Amantius
3370 3390 3473 3430 no-

1896 3459 2044 3514 mine
2079 3459 2209 3530 (45),
2245 3476 2343 3530 per
2367 3460 2649 3517 Orientem
2684 3479 2881 3534 magno
2925 3472 3194 3533 occupato
3217 3464 3470 3534 imperio.

1897 3550 2246 3607 Antiochiam
2301 3555 2553 3609 accessit.
2606 3555 2696 3611 Vir
2750 3566 2869 3612 erat
2929 3557 3254 3623 litteratus,
3312 3565 3476 3627 aptus

1903 3641 2160 3712 imperio,
2194 3644 2482 3699 ratiocinio
2506 3644 2738 3714 pollens,
2764 3654 3021 3703 constans
3060 3648 3267 3711 animo,
3290 3656 3476 3703 mente

1904 3737 2066 3805 liber,
2103 3739 2330 3810 iustitia:
2355 3740 2411 3793 in
2446 3740 2639 3809 primis
2674 3739 2989 3808 studiosus;
3030 3743 3127 3812 qui
3182 3751 3335 3797 tanto
3375 3758 3476 3812 pro

1905 3833 2133 3895 virtute,
2171 3841 2377 3902 quanto
2408 3840 2601 3888 contra
2622 3832 2974 3903 iniquitatem
3006 3836 3147 3899 zelo,
3180 3835 3475 3905 utrobique

1906 3934 2143 3983 summo,
2193 3920 2491 3991 agebatur:
2523 3920 2621 3990 qui
2664 3922 2819 3992 prius
2847 3922 3011 3976 etiam
3054 3936 3220 3991 quam
3263 3922 3479 3977 veniret

1906 4010 2277 4073 Antiochiam.
2333 4026 2552 4068 omnem
2608 4021 2876 4083 quantum
2940 4013 3124 4081 potuit
3171 4014 3475 4082 nequitiam

1904 4120 2002 4174 per
2035 4102 2316 4159 Orientem
2379 4103 2700 4170 sustulerat,
2755 4102 2994 4158 acutiori
3035 4104 3203 4158 etiam
3252 4104 3309 4156 in
3354 4104 3478 4157 illos

1903 4196 2098 4251 stricto
2121 4195 2324 4266 gladio,
2365 4194 2458 4264 qui
2510 4203 2668 4249 erant
2712 4192 2769 4247 in
2825 4192 3095 4263 dignitate
3149 4193 3474 4257 constituti;

1904 4289 1985 4343 sic
2011 4297 2072 4343 ut
2097 4289 2385 4343 universos
2428 4289 2591 4342 timor
2634 4301 2698 4342 ac
2751 4293 2958 4341 tremor
3002 4285 3312 4353 invaderet,
3357 4286 3477 4356 ipso

1904 4380 2273 4434 adventante:
2334 4394 2435 4433 nec
2468 4379 2646 4433 solum
2702 4376 2864 4431 nihili
2911 4376 3163 4431 homines
3197 4391 3263 4430 ac
3306 4377 3478 4430 male-

226 4471 359 4532 voli.
391 4470 486 4526 sed
514 4472 549 4526 ii
577 4485 817 4542 quoque,
847 4487 1084 4541 quorum
1120 4471 1229 4525 vita
1270 4486 1393 4526 cum
1429 4470 1702 4541 probitate
1769 4486 1835 4527 ac
1874 4472 2035 4528 bonis
2066 4472 2314 4527 moribus
2347 4473 2640 4541 conjuncta
2703 4477 2845 4535 erat,
2875 4467 3318 4533 reformidarent,
3343 4468 3478 4521 adeo

229 4563 503 4621 terribilis
530 4572 651 4617 erat
680 4564 802 4634 ejus
832 4561 1146 4633 praesentia.

304 4655 428 4726 ροδ¹.
457 4646 625 4715 Οὗτος
650 4652 876 4716 πολλοὺς
897 4653 998 4706 ἀνὰ
1024 4651 1123 4723 τὴν
1160 4651 1430 4721 Ἀντιόχου
1466 4652 1575 4706 τῶν
1613 4652 1801 4723 Ἐλλη-

1977 4652 2096 4705 174.
2128 4649 2227 4706 Hie
2257 4650 2460 4704 multos
2490 4649 2777 4719 gentilium
2808 4659 2865 4704 et
2887 4650 3178 4706 atheorum
3210 4651 3483 4708 siderum-

232 4746 432 4803 νιστῶν
461 4746 553 4799 καὶ⁸
580 4745 776 4808 ἀθέων,
795 4744 902 4797 τῶν
927 4761 985 4796 τε
1012 4746 1138 4814 περὶ
1159 4744 1224 4797 τά
1250 4745 1504 4814 σχήματα
1525 4744 1634 4798 τῶν
1654 4745 1806 4797 ἀστέ-

231 4858 343 4911 ρων
373 4839 467 4893 καὶ
487 4838 584 4902 τὰς
607 4837 811 4899 πλοκὰς
832 4837 1159 4907 κεχηνότων,
1184 4836 1326 4905 άπερ
1348 4838 1528 4901 αὐτοῖς
1550 4838 1693 4890 κατά
1714 4838 1811 4906 τῆς

228 4933 491 5004 προνοίας
534 4931 868 5000 ὲπινενόητο,
923 4927 1248 4982 καὶτούτων
1279 4930 1391 5003 ὅσοι
1440 4929 1813 5001 διαφερόντως

227 5027 341 5082 τῶν
399 5025 573 5081 ἄλλων
626 5022 1034 5093 ὲπισημότεροι,
1088 5020 1328 5091 ἀνευρὼν
1373 5021 1677 5089 φιλοπόνως
1713 5020 1811 5073 καὶ

231 5115 649 5185 συλλαϐόμενος,
671 5114 765 5167 καὶ
796 5112 993 5174 αὐτοὺς
1029 5110 1126 5179 μὲν
1156 5111 1235 5172 είς
1263 5111 1612 5183 δεσμωτήρια
1642 5128 1811 5164 κατα-

230 5205 475 5270 κλείσας,
507 5203 684 5267 πάσας
718 5202 774 5255 δὲ
821 5202 917 5265 τὰς
949 5201 1129 5255 αὐτῶν
1163 5200 1396 5270 βίϐλους,
1439 5200 1498 5266 ἐξ
1536 5196 1612 5255 ὧν
1662 5202 1807 5255 ὲκεί-

308 5360 418 5431 (45)
443 5359 493 5414 Is
520 5377 624 5412 non
653 5358 811 5422 alius,
844 5359 1019 5431 credo,
1047 5358 1224 5431 fuerit,
1248 5358 1494 5431 quamde
1518 5375 1619 5427 quo
1646 5357 1810 5431 Theo-

270 5428 433 5485 himés
493 5431 560 5483 ad
603 5445 803 5482 annum
851 5429 921 5483 ‘29
960 5429 1254 5481 Justiniani
1284 5428 1415 5497 imp.
1468 5430 1562 5481 hoc
1608 5430 1805 5481 modo:

281 5501 505 5569 rzecepit
526 5500 801 5563 Amantio,
834 5499 1041 5553 militiae
1075 5498 1358 5569 magistro,
1378 5499 1431 5552 in
1466 5498 1807 5569 Palmstinam

233 5567 490 5625 missode
519 5569 783 5639 Stephani
809 5569 955 5623 caede
982 5570 1260 5639 inquirere
1294 5567 1492 5639 (fuerat
1518 5570 1598 5621 hic
1626 5568 1806 5639 Cresa-

234 5657 341 5695 rea:
367 5637 644 5723 prwfcctus
678 5649 834 5707 atque
870 5656 902 5691 a
933 5638 1594 5723 tumultuantibusndurir‘tzis
1625 5648 1673 5691 et
1700 5637 1802 5692 Sa-

233 5706 602 5774 maritis,iuna
632 5706 753 5763 cum
788 5724 1005 5763 numero
1038 5724 1139 5759 non
1165 5723 1327 5773 parvo
1357 5706 1798 5773 Christianorum,

138 5826 147 5833 .
230 5783 585 5852 interfectus),
626 5782 718 5850 qui
741 5795 880 5849 quos
912 5777 1118 5847 reperit
1138 5786 1347 5843 sontes,
1384 5778 1519 5833 alios
1569 5796 1801 5848 suspen-

517 5876 787 5938 Punoe.
840 5872 956 5933 Gn.
1006 5869 1349 5932 LXXXVI.

1910 4760 2017 4815 quc
2048 4743 2365 4814 aspectibus
2393 4747 2450 4796 et
2479 4742 2964 4812 conjunctionibus
2997 4745 3348 4814 speculandis
3384 4746 3482 4799 de-

1911 4834 2175 4899 ditorum,
2211 4848 2276 4888 ac
2312 4833 2483 4886 multa
2516 4831 2641 4886 inde
2674 4840 2867 4886 contra
2900 4833 3308 4888 Providentiam
3338 4834 3482 4888 divi-

1908 4942 2033 4981 nam
2063 4925 2453 4992 astruenlium,
2490 4925 2793 4995 prazsertim
2842 4925 3194 4991 illustriores,
3236 4926 3480 4981 studiose

1908 5018 2245 5087 conquisitos
2296 5016 2803 5086 comprehendebat
2860 5017 3355 5088 compingebatque
3425 5019 3482 5072 in

1909 5126 2183 5166 carcerem
2216 5128 2229 5164 :
2262 5110 2431 5165 libros
2481 5118 2663 5163 autem
2710 5109 2930 5164 illorum
2976 5125 3188 5175 omnes,
3245 5125 3312 5164 ex
3362 5110 3484 5180 qui-

1909 5203 2013 5257 bus
2034 5202 2166 5257 l‘alsa
2193 5202 2461 5273 sapientia
2486 5210 2542 5257 et
2564 5215 2716 5255 nova:
2742 5210 2935 5257 contra
2958 5200 3247 5257 veritatem
3269 5200 3484 5270 Opinio-

1919 5357 2033 5420 dio,
2060 5357 2196 5412 alios
2214 5358 2407 5427 capitis
2438 5358 2799 5417 abscissione.
2824 5358 3169 5413 truncatione
3211 5354 3484 5411 membro-

1914 5443 2035 5481 rum
2070 5429 2383 5488 nonnullos.
2446 5430 2741 5499 plerosque
2792 5429 3114 5483 facultatum
3184 5428 3483 5481 amissione

1910 5499 2181 5568 multavit.
2235 5499 2310 5552 Ex
2364 5515 2476 5567 quo
2496 5508 2679 5554 metus
2733 5500 2926 5568 ingens
2966 5500 3019 5552 in
3046 5505 3233 5568 partes
3289 5511 3483 5550 omnes

1907 5566 2215 5622 Orientales
2256 5566 2528 5625 incubuit.
2580 5568 2717 5623 Hinc
2750 5566 2907 5638 porro
2960 5566 3233 5638 colligitur
3279 5568 3480 5626 omnia,

1904 5654 2021 5706 qua:
2046 5638 2108 5691 ab
2132 5639 2279 5692 initio
2303 5641 2490 5709 capitis
2523 5641 2590 5694 l3
2622 5641 2722 5693 huc
2752 5637 2936 5707 rusque
3005 5654 3096 5708 per
3128 5637 3483 5709 70.numeros

1904 5716 2217 5773 narrantur,
2250 5706 2391 5763 intra
2444 5711 2599 5763 unius
2632 5718 2723 5763 aut
2772 5718 2825 5761 ut
2854 5706 3139 5771 stum-num
3177 5706 3483 5779 sesquianni

1900 5782 2070 5849 spatio
2096 5781 2357 5834 accidisse.

3036 5870 3114 5930 99
