3988 6480
514 371 658 436 CH7

513 576 606 629 sed
652 573 797 627 idola
826 570 1081 626 similiter
1118 567 1323 630 omnia,
1358 566 1413 619 in
1445 564 1646 633 quibus
1677 569 1935 632 tanquam
1983 562 2091 614 diis

515 664 866 719 conﬁdebant
895 679 908 715 :
934 661 1224 731 Argentum
1254 659 1447 728 quippe
1466 672 1619 710 suum
1644 663 1693 709 et
1724 670 1915 708 aurum
1936 669 2089 706 suum

518 756 750 825 fecerunt
775 755 871 809 sibi
899 752 1041 807 idola
1067 752 1131 805 ³².
1174 751 1242 805 Ει
1277 768 1289 804 :
1326 749 1694 804 Adoraverunt
1723 764 1785 803 ea
1817 760 1934 817 qua:
1957 747 2091 816 [ece-

519 855 641 902 rant
662 848 811 918 digiti
840 848 1075 917 ipsorum
1100 843 1167 910 ⁸³,
1199 850 1260 897 ut
1289 858 1415 897 cum
1439 842 1579 897 Osca
1607 850 1772 911 atque
1811 839 1949 895 Isaia
1971 853 2095 909 pro-

519 941 703 1010 phetis
735 940 946 1008 loquar.
983 936 1053 991 Et
1089 946 1158 991 ex
1198 934 1357 991 libris
1394 935 1617 1005 quidem
1663 948 1777 988 non
1820 932 2091 987 modicam

518 1029 780 1086 excitavit
813 1029 1108 1092 ﬂammam,
1149 1022 1333 1081 medio
1362 1026 1481 1080 foro
1513 1025 1568 1079 in
1609 1025 1790 1096 ignem
1839 1022 2089 1094 injectis;

520 1123 793 1177 idolorum
827 1134 959 1174 vero
992 1117 1373 1188 impotentiam
1400 1133 1465 1172 ac
1496 1116 1933 1172 imbecillitatem
1977 1130 2093 1170 ma-

519 1213 719 1269 nifeste
754 1210 1171 1277 demonstravit,
1211 1209 1597 1280 suspendenda
1630 1209 1721 1263 illa
1752 1209 1806 1263 in
1836 1208 2093 1280 compitis

520 1320 583 1359 ac
624 1303 840 1373 plateis,
872 1301 1321 1371 ostendendoque
1344 1299 1483 1353 nihil
1516 1313 1637 1354 esse
1668 1298 1902 1369 amplius
1925 1314 2090 1368 quam

520 1395 668 1465 quod
697 1395 974 1458 videntur,
1000 1408 1169 1463 opera
1202 1406 1465 1446 manuum
1488 1400 1544 1446 et
1569 1391 1735 1458 artis;
1769 1391 1910 1446 nihil
1942 1391 2091 1446 aliud

521 1502 682 1556 quam
710 1485 853 1555 quod
884 1500 1004 1540 esse
1034 1485 1149 1554 ipsa
1174 1486 1366 1539 volunt
1388 1483 1650 1547 artifices,
1680 1492 1741 1537 ut
1762 1483 1944 1539 denuo
1967 1500 2094 1539 ver-

521 1575 607 1630 bis
639 1574 1035 1645 prophetarum
1062 1582 1206 1628 utar.
1240 1572 1429 1627 Stabat
1459 1588 1679 1644 quoque
1709 1573 1822 1639 ille,
1857 1575 1950 1645 qui
1978 1576 2090 1645 jam

522 1662 732 1733 pridem
756 1661 1013 1733 Symeoni
1042 1662 1098 1716 in
1118 1660 1332 1716 visione
1358 1672 1709 1731 apparuerat,
1731 1677 1916 1718 coram
1942 1665 2093 1735 prin-

522 1753 643 1823 cipe
695 1753 747 1807 in
791 1752 1149 1822 quaestionem
1181 1760 1408 1805 vocatus
1450 1770 1463 1806 :
1500 1752 1596 1807 sed
1640 1754 1942 1809 monachus
1970 1756 2091 1825 qui-

1728 363 1783 419 S.
1828 357 2202 419 SYMEONIS
2241 356 2605 419 JUNIORIS

514 502 612 539 nos
667 480 1159 552 depromehantur,
1202 475 1453 546 collegit;
1501 489 1681 543 neque
1739 475 1862 527 illos
1906 473 2090 533 modo,

2208 486 2308 533 νοις
2354 470 2388 539 ή
2430 467 2731 539 ψευδομένη
2773 468 2934 538 σοφία
2980 469 3072 521 καὶ
3109 468 3171 521 τὸ
3216 467 3357 521 κατὰ
3386 467 3485 537 τῆς
3520 469 3778 539 ἀληθείας

3637 356 3776 425 3148

3783 456 3789 485 1

2197 518 2683 625 νέέιέηέὶςεέςὸείζᾌζς
2706 518 3091 631 nam;
3120 518 3188 613 ἑὰ
3215 518 3410 613 ξεττ,
3438 518 3790 616 ἓξάᾆέἆηᾷῖί

2198 652 2442 723 αγαγὼν,
2475 648 2554 716 οἷς
2598 653 2699 707 ὅσα
2741 652 2834 706 καὶ
2878 652 3020 716 θεοῖς
3053 651 3418 707 ἐπεποίθεσαν
3460 652 3564 722 (Τύ
3597 640 3789 722 apro:

2190 760 2327 816 ριον
2356 746 2464 816 γὰρ
2497 744 2697 800 αὐτῶν
2729 744 2829 800 καὶ
2866 747 2933 799 τὸ
2962 747 3218 815 χρυσίον
3246 745 3447 800 αὐτῶν
3483 746 3780 814 ἐποίησαν

2198 837 2436 903 ἑαυτοῖς
2464 836 2705 901 sidat/ta,
2737 836 2835 890 καὶ
2865 838 3336 904 προσεκύνησαν
3364 832 3456 903 οἷς
3481 837 3779 904 ἐποίησαν

2198 931 2251 983 οἱ
2277 926 2563 981 δάκτυλοι
2592 924 2812 992 αὐτῶν,
2840 925 2928 980 ἵνα
2956 925 3050 980 καὶ
3084 925 3244 997 Ὠσηὲ
3276 928 3394 996 ἅμα
3421 928 3517 980 καὶ
3553 927 3778 981 Ἡσαΐαν

2198 1019 2306 1090 ἔχω
2345 1016 2886 1089 συμφθεγγομένους)
2946 1018 3055 1071 τῶν
3110 1018 3210 1088 μὲν
3265 1017 3327 1071 οὐ
3376 1020 3587 1088 μικρὰν
3640 1022 3776 1089 αἴρει

2199 1110 2395 1180 φλόγα,
2449 1110 2563 1181 πῦρ
2618 1109 2756 1163 κατὰ
2805 1109 2979 1179 μέσην
3018 1108 3224 1179 ἀγορὰν
3259 1108 3444 1173 αὐτοῖς
3484 1110 3773 1180 ἐμϐαλών·

2198 1206 2308 1259 τῶν
2357 1206 2415 1260 δὲ
2472 1204 2788 1276 δημοσιεύει
2835 1204 3084 1276 φανερῶς
3143 1204 3246 1274 τὴν
3294 1205 3604 1270 ἀσθένειαν,
3660 1209 3775 1260 κατ’

2199 1298 2459 1368 ὰμφόδων
2502 1298 2597 1351 καὶ
2637 1297 2910 1350 πλατειῶν
2954 1297 3240 1368 κρεμάσας
3269 1298 3430 1362 αὐτὰ,
3461 1299 3559 1352 καὶ
3599 1296 3776 1363 δείξᾶς

2203 1389 2371 1460 μηδὲν
2395 1389 2555 1443 πλέον
2586 1389 2717 1445 ὄντα
2742 1390 2851 1443 τῶν
2872 1389 3185 1461 δρωμένων,
3210 1390 3346 1443 ἀλλὰ
3367 1390 3515 1444 τοῦτ’
3536 1393 3774 1462 αὐτοχείο

2202 1503 2311 1557 ρων
2341 1484 2480 1556 ἔργα
2502 1487 2597 1538 καὶ
2633 1485 2852 1555 τέχνης,
2885 1485 3035 1538 οὐδὲν
3070 1484 3263 1550 ἄλλως,
3294 1486 3327 1557 ἢ
3355 1485 3382 1538 ὃ
3415 1485 3695 1554 βούλονται
3724 1487 3772 1538 ei

2198 1579 2438 1646 τεχνῖται
2468 1576 2607 1629 αὐτὰ
2637 1576 2912 1643 γενέσθαι,
2949 1575 3034 1628 ἴνα
3074 1578 3187 1639 τοῖς
3214 1576 3323 1628 τῶν
3352 1576 3649 1645 προφητῶν
3682 1577 3775 1629 καὶ

2198 1668 2293 1721 νῦν
2322 1669 2634 1739 χρήσωμαι.
2661 1669 2915 1737 Είστήκει
2952 1668 3009 1721 δὲ
3054 1669 3148 1721 καὶ
3193 1670 3222 1721 6
3263 1668 3342 1738 τῷ
3382 1667 3552 1738 Ἀγίῳ
3586 1669 3775 1739 πρώην

2200 1760 2291 1814 διὰ
2327 1761 2562 1832 θεωρίας
2610 1760 2819 1830 ὀφθεὶς,
2851 1762 2957 1832 πρὸ
2981 1759 3076 1813 τοῦ
3105 1760 3365 1831 ἄρχοντος
3396 1763 3476 1824 είς
3510 1759 3775 1825 ἐξέτασιν,

522 1844 683 1909 dam,
737 1843 1033 1899 admodum
1089 1842 1345 1914 Symeoni
1396 1843 1631 1909 similis,
1693 1846 1872 1915 ipsum
1928 1862 2094 1901 manu

2208 1853 2433 1924 μοναχὸς
2481 1853 2537 1906 δέ
2576 1870 2683 1919 τις,
2723 1852 2802 1923 τῷ
2853 1853 3079 1920 Συμεὼν
3122 1852 3611 1923 προσεικασμένος,
3657 1855 3776 1906 κατ’

524 1935 886 2005 apprehensa,
940 1933 1164 1989 instanti
1193 1932 1402 2003 judicio
1431 1934 1659 2004 eripuit,
1689 1935 1936 2006 principe
1984 1938 2097 1992 cle-

524 2036 737 2083 menter
777 2026 983 2082 factum
1018 2025 1251 2082 ferente.

598 2251 717 2306 175.
757 2247 973 2304 Accidit
1016 2262 1114 2318 per
1161 2247 1301 2302 idem
1334 2258 1569 2316 tempus,
1614 2261 1806 2301 eorum
1840 2248 1933 2316 qui
1974 2247 2101 2301 istic

527 2353 656 2399 sunt
696 2341 1075 2397 mendicorum
1108 2338 1399 2409 quemdam
1467 2339 1535 2393 ad
1570 2338 1895 2409 Symeonem
1945 2354 2101 2394 acce-

527 2438 679 2499 dere,
724 2442 889 2504 atque
923 2449 989 2489 ex
1023 2432 1196 2503 ipsius
1237 2440 1385 2487 terra
1427 2429 1636 2501 aliquid
1686 2440 1964 2502 petentem
2011 2448 2102 2488 ac-

528 2529 751 2596 cipere,
810 2524 1161 2581 Antiochiam
1213 2522 1412 2578 deinde
1478 2524 1534 2579 in
1594 2524 1873 2595 tugurium
1938 2540 2099 2579 suum

530 2630 839 2681 reversum,
906 2612 1189 2669 offendere
1248 2612 1416 2667 alium
1451 2612 1744 2682 quemdam
1793 2614 2100 2668 vicinorum

531 2723 780 2771 suorum,
830 2715 887 2761 et
934 2706 1113 2776 ipsum
1163 2705 1499 2770 mendicum,
1532 2705 1767 2775 pedibus
1821 2705 2104 2759 manibus-

531 2815 637 2868 que
678 2797 907 2868 paralysi
949 2796 1110 2851 tactis
1165 2795 1624 2861 decumbentem;
1661 2795 1778 2865 qui,
1822 2795 1890 2849 ab
1930 2796 2104 2851 altero

532 2890 626 2943 illo
671 2888 897 2958 pulvere
939 2887 1051 2957 jam
1120 2885 1268 2940 dicto
1316 2900 1591 2955 aspersus,
1669 2884 1825 2939 visus
1874 2885 1979 2940 sibi
2020 2895 2104 2940 est

530 2980 721 3035 videre
783 2979 1113 3033 monachum
1164 2977 1480 3048 quemdam,
1532 2978 1689 3033 vultu
1733 2987 1897 3049 atque
1948 2995 2102 3034 coma

532 3071 790 3141 Symeoni
819 3070 1179 3140 persimilem,
1215 3070 1421 3140 jacenti
1453 3069 1559 3124 sibi
1586 3070 1957 3141 porrigentem
1988 3086 2104 3125 ma-

2200 1946 2510 2016 ὀφθαλμοὺς
2546 1945 2765 1999 πάντων
2798 1945 3093 2016 λαϐόμενος
3125 1945 3291 2000 αὐτοῦ
3332 1946 3431 2016 τῆς
3458 1946 3663 2017 χειρὸς,
3693 1930 3789 2010 ἐξον

2200 2037 2370 2090 είλετο
2414 2039 2513 2107 τῆς
2541 2036 2839 2109 μελλούσης
2866 2038 3114 2108 εὐθύνης,
3147 2037 3337 2107 πράως
3378 2037 3475 2091 τοῦ
3522 2038 3773 2108 ἄρχοντος

2199 2132 2263 2181 τὸ
2285 2129 2524 2197 γεγονὼς
2557 2129 2891 2198 ἐνεγκόντος.

2274 2270 2397 2335 ροε’.
2445 2263 2691 2331 Ἐγένετο
2735 2263 2792 2316 δέ
2837 2280 2958 2317 τινα
3002 2264 3300 2334 τηνικαῦτα
3340 2267 3665 2338 προσαίτην,
3700 2269 3774 2341 τῷ

2203 2355 2333 2425 θείῳ
2362 2354 2587 2425 Συμεὼν
2620 2355 3006 2425 προσελθόντα,
3040 2357 3139 2426 τῆς
3166 2358 3377 2411 ἐκείνου
3405 2376 3465 2412 τε
3494 2361 3603 2429 γῆς
3632 2363 3775 2430 αἰτή-

2205 2465 2373 2501 σαντα
2415 2449 2509 2501 καὶ
2546 2447 2800 2511 λαϐόντα,
2836 2448 2916 2511 είς
2954 2465 3012 2500 τε
3051 2449 3150 2517 τὴν
3190 2449 3465 2521 Ἀντιόχου
3514 2453 3653 2523 πρὸς
3684 2454 3776 2521 τὴν

2203 2540 2411 2593 οἰκείαν
2442 2539 2598 2603 αὖθις
2626 2539 2867 2608 καλύδην
2897 2538 3283 2605 ἐπανελθόντα,
3314 2544 3628 2611 παράλυτόν
3663 2563 3774 2599 τινα

2204 2634 2393 2702 χεῖρας
2420 2631 2515 2684 καὶ
2547 2632 2732 2697 πόδας,
2766 2633 3064 2704 προσαίτην
3096 2635 3192 2687 καὶ⁹
3225 2636 3406 2701 αὐτὸν,
3437 2639 3503 2690 ἐκ
3526 2646 3777 2705 γειτόνων

2205 2722 2599 2791 κατακείμενον
2631 2721 2777 2791 ἔχειν
2798 2737 2810 2752 ⁸
2850 2722 2908 2775 ὃν
2950 2723 3119 2777 αὐτοῦ
3157 2725 3558 2797 φιλανθρώπως
3593 2729 3779 2799 ἐκείνῳ

2204 2813 2470 2881 χρίσαντα.
2497 2811 2574 2881 τῷ
2601 2812 2705 2883 χοῖ,
2733 2813 2878 2878 ἔδοξέ
2905 2832 3026 2868 τινα
3059 2815 3137 2885 τῷ
3168 2820 3492 2889 παρειμένῳ
3524 2822 3773 2891 μοναχὸν,

2204 2903 2443 2956 τοιοῦτον
2486 2900 2598 2967 οἷος
2647 2905 2676 2957 6
2732 2903 2955 2974 Συμεὼν
3012 2906 3110 2976 τὴν
3162 2908 3285 2976 ἂψιν
3327 2910 3421 2963 καὶ
3447 2910 3550 2981 τὴν
3586 2914 3778 2982 κόμην,

2208 2992 2335 3048 ίδεῖν
2369 2992 2632 3065 ὀρέξαντα
2679 2998 2840 3065 χεῖρα
2883 2999 3139 3069 κειμένῳ,
3190 3000 3284 3054 καὶ
3316 3000 3509 3074 ὥσπερ
3540 3006 3651 3058 ἀπὸ
3691 3024 3778 3058 κε-

2204 3085 2508 3156 λεύσματος
2557 3087 2719 3142 αὑτὸν
2762 3090 3165 3161 ἀναστήσαντα,
3200 3094 3295 3146 καὶ
3334 3097 3686 3166 παραχρῆμα
3721 3098 3784 3167 (ὦ

532 3178 689 3227 num,
734 3177 800 3217 ac
826 3161 998 3216 veluti
1020 3176 1088 3216 ex
1115 3161 1373 3216 mandato
1397 3161 1577 3231 ipsum
1602 3161 1906 3231 erigentem
1937 3171 2100 3231 atque

2209 3177 2326 3241 πῶς
2376 3195 2491 3244 σου,
2534 3180 2771 3250 Χριστέ,
2818 3182 3036 3254 λαλήσω
3075 3185 3173 3247 τὰς
3206 3161 3782 3261 δυναστείας-ςλ-ὐγιής

530 3269 660 3310 ecce
705 3254 820 3324 (qui
849 3253 1099 3322 eloquar,
1141 3252 1396 3318 Domine,
1427 3252 1727 3323 potentiam
1758 3252 1966 3323 tuam!)
1996 3261 2104 3308 sta-

534 3347 630 3399 tim
677 3344 1008 3416 paralyticus
1036 3359 1200 3398 sanus
1235 3344 1468 3407 exstitit,
1494 3359 1755 3399 manuum
1791 3345 2103 3415 pedumque

532 3436 944 3506 expeditissimo
989 3450 1093 3489 usu
1125 3444 1368 3505 recepto.

608 3567 733 3622 176.
768 3566 944 3622 Judex
982 3578 1163 3622 autem
1189 3581 1285 3621 seu
1318 3566 1574 3636 princeps
1608 3567 1719 3632 ille,
1752 3568 1819 3622 de
1849 3583 1959 3638 quo
1985 3568 2105 3639 egi-

534 3674 660 3715 mus
707 3657 1081 3731 (progreditur
1113 3659 1258 3713 enim
1285 3658 1353 3713 ad
1402 3659 1613 3730 reliqua
1646 3659 1823 3715 oratio
1867 3661 2101 3731 nostra),

534 3768 638 3823 pro
691 3752 919 3823 iustitia:
971 3751 1233 3806 tribunali
1272 3766 1491 3805 rursum
1532 3751 1846 3816 considens,
1905 3752 2104 3808 vinctis

535 3842 849 3915 singulatim
875 3857 938 3897 ac
972 3842 1223 3913 pluribus
1257 3842 1417 3896 simul
1448 3842 1562 3897 sisti
1591 3843 1776 3915 jussis,
1817 3844 1873 3898 in
1902 3860 2102 3899 unum-

534 3950 808 4007 quemque
837 3950 1027 3990 eorum
1064 3933 1484 3989 convenientem
1511 3949 1611 4004 pro
1640 3934 1851 3990 meritis
1886 3945 2107 3991 senten-

536 4029 667 4083 tiam
695 4025 1173 4082 condemnationis
1207 4025 1334 4080 tulit
1366 4041 1379 4078 :
1413 4040 1582 4079 unum
1610 4040 1761 4093 vero,
1804 4026 1953 4097 quod
1979 4043 2106 4097 gra-

534 4123 689 4178 viora
747 4120 1091 4191 deliquisset,
1141 4119 1537 4190 seditionisque
1593 4121 1873 4191 popularis
1916 4133 2108 4178 auctor

536 4216 894 4282 incentorque
940 4210 1367 4266 novissimorum
1418 4211 1755 4265 tumultuum
1794 4212 2009 4278 fuisset,
2051 4214 2107 4268 in

535 4318 757 4360 carcere
788 4302 1108 4371 reliquerat,
1137 4299 1476 4372 gravissimis
1510 4301 1795 4357 tormentis
1825 4317 2108 4363 reservan-

535 4397 687 4451 dum.
718 4395 935 4449 Interea
976 4393 1283 4447 monachus
1329 4391 1553 4462 quidam
1609 4408 1839 4463 pauper,
1885 4394 2107 4467 Symeo—

536 4504 661 4542 nem
691 4485 1048 4549 conveniens,
1082 4484 1309 4555 injecta,
1340 4492 1403 4538 ut
1448 4484 1673 4550 assolet,
1706 4485 1907 4554 captivi
1961 4486 2108 4541 illius

537 4576 835 4641 mentione,
884 4575 1250 4646 precabantur
1282 4590 1606 4645 prosperum
1637 4576 1736 4641 illi,
1774 4576 1885 4632 Deo
1918 4578 2107 4647 propi-

536 4670 635 4748 tio,
685 4677 942 4724 eventum
980 4684 993 4721 :
1026 4666 1295 4734 Quoniam
1347 4668 1593 4739 precanti
1623 4668 1778 4734 mihi,
1813 4669 2012 4740 inquit,
2048 4670 2105 4725 in

533 4763 766 4818 ecclesia
814 4762 996 4833 (cujus
1046 4776 1252 4815 nomen
1278 4776 1499 4831 quoque
1555 4762 1870 4833 adjiciebat)
1912 4764 2104 4830 astitit,

536 4867 586 4906 et
616 4869 740 4907 cum
768 4852 1057 4917 audiisset,
1082 4850 1216 4920 quid
1243 4860 1508 4920 peterem,
1528 4861 1737 4906 vestem
1766 4852 1906 4908 hanc
1937 4852 2108 4908 cilici-

538 4960 661 4997 nam
708 4943 931 5007 coemit,
970 4942 1127 5012 cujus
1157 4956 1306 4995 eram
1354 4941 1625 5010 imprimis
1658 4952 1888 5012 urgente
1921 4958 2111 4998 neces-

536 5034 697 5087 sitate
734 5032 972 5103 indigus.
1009 5031 1164 5087 Alius
1196 5046 1415 5102 quoque
1453 5033 1759 5099 mendicus,
1788 5034 1923 5087 mihi
1954 5049 2103 5098 vero,

536 5122 736 5192 inquit,
791 5138 890 5191 per
940 5121 1084 5175 viam
1122 5136 1438 5185 occurrens,
1485 5122 1753 5193 insignem
1803 5123 1998 5193 stipem
2039 5124 2106 5177 ad

536 5214 992 5269 sustentationem
1008 5214 1236 5284 largitus
1251 5222 1355 5269 est.
1374 5215 1612 5270 Rursum
1636 5215 1777 5270 alius
1794 5216 2105 5286 excipiens;

535 5306 683 5362 Idem
722 5305 835 5371 ille,
868 5305 1171 5376 inquiebat,
1210 5304 1472 5360 infantem
1514 5321 1544 5359 a
1580 5315 1754 5361 matre
1796 5308 2106 5377 expositum

485 5454 489 5457 .
536 5412 600 5453 ac
622 5398 931 5469 vagientem
966 5396 1217 5464 sustulit;
1256 5411 1319 5451 ac
1351 5396 1541 5452 sedula
1574 5397 1935 5467 inquisitione
1986 5415 2108 5453 mu-

536 5491 750 5553 lierem,
788 5506 910 5560 quat
954 5504 1149 5546 recens
1198 5498 1511 5560 pepererat,
1572 5490 1879 5554 inveniens,
1927 5492 2109 5547 eidem

535 5582 849 5639 lactandum
887 5592 1051 5654 atque
1078 5582 1471 5638 enutriendum
1506 5583 1816 5649 commisit;
1856 5584 1995 5640 duos
2038 5585 2107 5640 si-

608 5775 655 5807 ”
692 5774 796 5830 Ose
838 5791 949 5843 vm,
978 5776 1031 5830 4.
1108 5777 1153 5811 ³³
1187 5778 1288 5833 Isa.
1333 5794 1390 5843 ιι,
1439 5776 1491 5831 8.

2205 3269 2234 3321 6
2264 3268 2575 3340 παράλυτος
2617 3266 2706 3341 ἦν,
2739 3274 2897 3326 ποσὶν
2934 3274 3075 3344 ὁμοῦ
3111 3275 3205 3328 καὶ
3237 3278 3426 3346 χερσὶν
3463 3279 3781 3353 ἐλευθερίως

2206 3359 2506 3433 χρώμενοςο

2281 3583 2421 3649 ρος-⁸.
2468 3578 2527 3633 '0
2554 3579 2733 3650 μέντοι
2772 3580 3032 3653 δικαστής
3072 3583 3274 3655 (ἔχεται
3300 3586 3409 3658 γὰρ
3427 3588 3509 3642 ἔτι
3540 3590 3641 3661 τῆς
3664 3591 3784 3647 ἀκο-

2207 3670 2424 3735 λουθίας
2446 3673 2475 3724 6
2508 3672 2688 3741 λόγος)
2714 3672 2807 3725 ἐπὶ
2837 3672 3081 3744 βήματος
3110 3672 3267 3743 αὖθις
3302 3680 3626 3736 δικαστικοῦ
3655 3702 3779 3755 προ-

2208 3762 2461 3825 καθίσας,
2508 3762 2635 3827 τούς
2685 3780 2743 3815 τε
2792 3763 3076 3835 δεσμώτας
3116 3768 3237 3823 καθ’
3278 3771 3372 3824 ἕνα
3422 3775 3520 3826 καὶ
3572 3776 3781 3840 πλείους

2210 3853 2726 3924 παραστησάμενος,
2773 3858 2866 3910 καὶ
2898 3858 2997 3931 τὴν
3040 3861 3255 3931 ἑκάστῳ
3284 3866 3676 3935 προσήκουσαν
3705 3868 3782 3933 ἐξ·

2207 3941 2447 4012 ενεγκὼν
2477 3946 2796 4018 καταδίκην,
2817 3948 2915 4002 ἕνα
2939 3950 3143 4005 τούτων
3169 3952 3248 4021 (ὃς
3283 3956 3377 4008 καὶ
3408 3954 3693 4025 βαρύτατα
3720 3955 3781 4031 ἦν

2208 4036 2629 4109 ἐξημαρτηκὼς,
2661 4042 2755 4093 καὶ
2780 4042 2998 4106 στάσεις
3023 4043 3321 4114 δημοτικὰς
3350 4048 3665 4121 ἀνεγείρας,
3695 4055 3780 4106 καὶ

2209 4128 2488 4199 νεωτέρων
2544 4128 2789 4201 θορύϐων
2840 4132 3135 4204 ἁψάμενος)
3188 4137 3245 4188 ἐν
3291 4136 3369 4207 τῷ
3423 4138 3781 4213 δεσμωτηρίῳ

2210 4220 2612 4289 καταλελοίπει,
2657 4222 2990 4294 βαρυτάταις
3029 4227 3192 4280 αὐτὸν
3236 4230 3333 4283 καὶ
3365 4235 3664 4304 τιμωρίαις
3696 4254 3779 4289 τα-

2214 4310 2553 4380 μιευόμενος.
2600 4313 2690 4367 Ἐν
2720 4314 2957 4385 τοσούτῳ
3000 4316 3058 4372 δέ
3101 4335 3185 4382 τις
3218 4319 3402 4392 ἐνδεὴς
3433 4325 3672 4394 μοναχὸς
3709 4327 3781 4396 τῷ

2211 4402 2434 4471 Συμεὼν
2456 4404 2789 4475 προσελθὼν,
2823 4408 2917 4461 καί
2945 4424 3090 4474 τινος
3120 4411 3332 4465 ἐκείνοι.
3375 4414 3468 4468 τοῦ
3508 4416 3779 4488 δεσμώτου

2214 4495 2458 4565 μνήμης,
2504 4490 2594 4549 οἷα
2628 4498 2792 4563 φιλεῖ,
2830 4501 3154 4572 γενομένης,
3206 4504 3479 4575 ἐπηύχετο
3532 4504 3593 4562 εὖ
3644 4510 3781 4579 αὐτῷ

2211 4583 2465 4650 γενέσθαι
2498 4587 2651 4657 παρά
2694 4588 2850 4653 Θεοῦ,
2878 4590 3000 4643 Ὀτι
3052 4608 3143 4659 μοι
3185 4596 3665 4669 κατακεκλιμὲνῳ,
3692 4617 3782 4671 φη-

2214 4677 2318 4743 σὶν,
2352 4679 2411 4731 ἐν
2444 4678 2572 4749 ἱερῷ
2607 4678 2689 4750 (τὸ
2719 4678 2814 4733 τοῦ
2863 4682 2991 4735 ναοῦ
3040 4684 3296 4754 προσθεὶς
3342 4686 3534 4759 ὄνομα)
3561 4691 3783 4755 ἐπιστὰς

2212 4769 2305 4820 καὶ
2340 4768 2641 4839 πυθόμενος
2673 4771 2797 4824 ὅτου
2841 4772 3095 4845 δεοίμην,
3131 4777 3345 4847 ἱμάτιον
3388 4780 3641 4849 ὠνήσατο
3676 4785 3782 4855 τρί-

2212 4872 2380 4925 χινοψ
2414 4858 2607 4911 τούτου
2658 4860 2765 4931 γὰρ
2818 4855 2887 4931 ἦν
2933 4878 3024 4932 μοι
3079 4863 3216 4934 πρὸς
3257 4866 3505 4939 ἀνάγκης
3540 4872 3575 4941 ή
3614 4872 3779 4943 χρεία.

2216 4944 2446 5015 Ἕτερος
2485 4946 2543 5000 δέ
2574 4965 2657 5011 τις
2682 4949 2981 5021 προσαίτης
3008 4954 3103 5006 καὶ
3133 4950 3308 5021 οὗτος,
3350 4957 3505 5028 Ἐμοὶ⁷
3523 4959 3604 5024 δέ,
3636 4965 3779 5033 φησὶ,

2212 5036 2487 5107 ἐπιτυχὼν
2538 5040 2660 5093 καθ’
2685 5041 2823 5106 ὁδὸν,
2875 5042 3095 5112 δαψιλὲς
3140 5046 3221 5109 είς
3269 5047 3568 5122 διατροφήν
3613 5056 3783 5124 κέρμα

2211 5129 2451 5186 δεδώκει.
2482 5132 2675 5197 Ἀλλος
2697 5134 2754 5186 δὲ
2779 5135 2873 5187 καὶ
2899 5135 3061 5191 πάλιν
3091 5137 3397 5207 ὑπολαϐὼν,
3437 5143 3680 5208 Ἐκεῖνος
3700 5148 3783 5199 καὶ

2215 5222 2413 5292 βρέφος
2453 5223 2558 5276 ὑπὸ
2590 5224 2692 5293 τῆς
2734 5226 3061 5297 γειναμένης
3102 5230 3348 5296 ἐκτεθὲν,
3379 5232 3505 5303 ἔφη,
3541 5236 3637 5287 καὶ
3668 5254 3785 5288 κνυ-

2215 5311 2476 5383 ζούμενον
2512 5314 2854 5385 ἀνελόμενος,
2903 5318 3101 5391 ἐρεύνῃ
3155 5336 3213 5372 τε
3264 5320 3535 5397 φιλοπόνῳ
3563 5328 3784 5392 γυναίκι

2214 5403 2461 5456 νεοτόκον
2505 5404 2705 5474 εὑρὼν,
2748 5407 3110 5478 παρατίθησιν
3142 5412 3279 5481 αὐτῇ
3328 5412 3563 5482 θηλάσαι
3592 5430 3652 5467 τε
3681 5415 3784 5482 ἅμα

2218 5495 2309 5547 καὶ
2352 5495 2613 5565 ἐκθρέψαι
2658 5497 2721 5551 τὸ
2763 5496 2981 5568 βρέφος,
3005 5500 3100 5554 δύο
3123 5502 3359 5572 χρυσοῦς
3394 5503 3529 5569 τέως
3554 5504 3784 5559 καταδα-

2216 5582 2346 5650 λὼν,
2408 5585 2503 5638 καὶ
2559 5584 2612 5637 εί
2664 5602 2716 5638 τι
2777 5586 2907 5641 ἄλλο
2968 5587 3068 5658 τῆς
3134 5590 3264 5661 περὶ
3325 5591 3425 5660 τὴν
3482 5590 3783 5662 ἀνατροφήν
