3944 6508
92 373 168 435 31
180 370 258 432 49

1111 368 1285 427 VlTA
1323 367 1370 424 Α
1408 362 1846 427 NICEPlIORO
1886 364 2376 423 CONSSRIPTA.

3244 363 3384 429 3150

99 486 450 558 μισθαρνίας
515 482 938 539 ἐπικαταεαλεῖν
1006 484 1099 535 καὶ
1163 483 1322 537 τοῦτο
1388 482 1690 553 βεϐαιωσάο

1805 481 1909 535 mul
1954 480 2274 551 dependens
2306 497 2530 547 aureos,
2580 494 2881 555 sancteque
2944 484 3223 556 spondens
3262 503 3387 558 per-

99 596 303 650 μενος.

182 756 320 829 ροζκ
345 756 485 828 Πρὸς
500 755 693 820 ταῦτα,
718 753 917 807 πλείων
934 748 1113 817 οἶκτος
1138 753 1304 807 αὖτοῦ
1324 750 1701 822 λαμδάνειτδν

98 848 363 919 Συμεὼν,
382 848 591 917 καὶτῆς
610 846 817 902 ἀνωθεν
836 848 974 917 ὑπὲρ
991 845 1157 899 αὐτοῦ
1180 845 1341 899 πάλιν
1360 845 1567 905 ἐκεῖνος
1583 841 1702 911 φιλ-

98 939 431 1010 ανθρωπίας
462 938 649 992 ἐδεῖτο.
680 937 770 1008 Τῷ
806 938 906 1013 μὲν
931 936 1023 990 οὖν
1055 937 1283 1007 δικαστῇ
1310 935 1527 988 δέδοκτο
1553 933 1655 1005 ἤδη
1680 974 1696 1000 ,

99 1032 200 1103 νηῒ
255 1033 347 1086 τὸν
388 1031 557 1103 ἀνδρα
603 1030 800 1101 φόρτον
854 1029 1137 1098 ἐμϐαλεῖν,
1174 1028 1270 1082 καὶ
1318 1026 1523 1099 ταύτην
1560 1027 1695 1081 ἀνά-

99 1126 295 1193 ψαντα
332 1124 476 1179 κατά
526 1124 794 1192 πελάγους
828 1124 1067 1192 ἀφεῖναι,
1126 1119 1267 1174 ὥστε
1321 1120 1415 1173 τὸν
1462 1118 1699 1173 δείλαιον

106 1220 351 1282 ἐκεῖνον,
385 1220 454 1271 τά
486 1216 580 1271 δύο
608 1216 806 1281 ταῦτα,
848 1214 960 1287 πῦρ
992 1214 1110 1286 ἅμα
1140 1215 1235 1267 καὶ
1281 1212 1427 1284 ὕδωρ
1465 1211 1695 1283 μερίσα-

106 1310 267 1363 σθαι.
303 1310 529 1362 Δέδοκτο
561 1308 753 1371 ταῦτα,
790 1307 885 1361 καὶ
918 1309 952 1379 ἡ
986 1305 1164 1378 ψῆφος
1190 1304 1435 1376 ἐκράτει,
1480 1303 1576 1357 καὶ
1605 1303 1697 1355 τὸν

108 1402 217 1470 μὲν
277 1399 561 1471 δεσμώτην
592 1400 872 1469 λάνάλογον
906 1402 964 1453 ἐν
1003 1401 1070 1471 τῇ
1123 1398 1337 1468 φυλακῇ
1372 1396 1696 1468 τηλικούτου

107 1493 445 1564 προσδοκίας
498 1491 670 1546 κα.κοῦ
726 1492 844 1554 δέος
877 1486 991 1563 εἶχε
1023 1507 1037 1520 ·
1070 1490 1161 1543 τὸν
1195 1486 1422 1561 Συμεὼν
1466 1489 1523 1542 δὲ
1563 1504 1700 1559 χρη-

107 1586 345 1655 στότερα
376 1584 502 1653 περὶ
524 1582 686 1636 αὐτού
721 1583 924 1653 μᾶλλον
950 1583 983 1654 ἥ
1006 1584 1136 1654 περὶ
1156 1583 1283 1645 τοὺς
1312 1581 1514 1645 ἐνδεεῖς
1547 1580 1695 1633 ἐκεί-

105 1693 206 1728 νου
260 1676 407 1737 ἐλεος
436 1675 675 1739 ἐλπίζειν
716 1673 911 1738 ἐποίει,
945 1674 1082 1745 πρὸς
1120 1672 1271 1726 ἔλεον
1295 1672 1457 1726 πάλιν
1486 1672 1697 1742 ὁρῶντα

109 1767 276 1832 Θεοῦ,
304 1767 398 1820 τοῦ
472 1767 566 1820 καὶ
624 1766 886 1836 ποτήριον
939 1765 1149 1836 ψυχροῦ
1212 1765 1545 1835 δεχομένου,
1602 1766 1697 1818 καὶ

1803 571 2115 627 soluturum
2163 574 2389 644 insuper
2417 574 2687 645 quidquid
2734 576 2837 646 pro
2866 577 3195 634 educatione
3227 579 3386 649 pueri

1801 662 2232 732 expenderetur.

1875 756 1997 809 177.
2040 755 2256 811 Auditis
2282 757 2456 821 hisce,
2483 757 2691 828 majore
2720 757 2958 829 Symeon
2988 760 3207 830 capitur
3231 776 3387 816 com-

1804 845 2159 901 miseratione
2188 846 2318 910 viri,
2365 846 2720 917 divinamque
2750 865 2850 918 pro
2891 865 2960 905 eo
2989 851 3386 922 benignitatem

1803 939 2035 1009 supplex
2058 938 2408 1009 deprecatur.
2434 938 2662 1011 Jamque
2684 940 2852 995 ﬁxum
2876 957 2942 997 ac
2972 951 3240 998 statutum
3267 954 3390 999 erat

1797 1031 1974 1103 judici
2026 1031 2312 1087 hominem
2347 1032 2472 1086 navi
2524 1031 2834 1101 imponere,
2881 1049 3115 1104 eamque
3168 1035 3386 1105 injectis

1802 1121 2037 1177 ﬂammis
2060 1137 2346 1177 accensam
2373 1122 2718 1178 committere
2748 1124 2975 1194 pelago;
3014 1133 3075 1178 ut
3120 1126 3387 1181 miserum

1801 1213 1915 1267 duo
1950 1212 2241 1277 elementa,
2274 1214 2416 1285 ignis
2442 1223 2498 1270 et
2524 1230 2686 1285 aqua,
2732 1217 3074 1285 partirentur
3114 1218 3387 1287 quodam-

1799 1305 1969 1360 modo
1998 1305 2146 1361 inter
2185 1321 2263 1361 se.
2294 1307 2393 1371 lta,
2427 1306 2675 1376 inquam,
2725 1306 2895 1362 ﬁxum
2936 1308 3109 1379 judici
3152 1319 3273 1365 erat
3320 1324 3387 1365 ac

1802 1396 1984 1451 stabat
2013 1398 2287 1452 sententia
2309 1416 2323 1464 ;
2345 1400 2704 1470 vinctumque
2738 1400 2795 1454 in
2824 1400 3073 1455 custodia
3106 1401 3226 1471 pari
3257 1418 3385 1472 pro-

1801 1489 2058 1557 portione
2119 1498 2301 1544 metus
2364 1491 2497 1545 tanti
2544 1492 2769 1563 jamjam
2828 1491 3085 1547 instantis
3133 1492 3262 1546 mali
3290 1507 3383 1549 oo-

1801 1589 2118 1651 cupaverat.
2150 1582 2354 1637 Verum
2394 1584 2838 1647 mitioragomnia
2889 1600 3109 1655 sperare
3156 1585 3383 1658 Symeo-

1801 1686 1930 1725 nem
1970 1670 2199 1742 jubebat
2229 1673 2631 1739 misericordia,
2664 1689 2829 1743 quam
2872 1690 2998 1745 erga
3032 1675 3247 1747 indigos
3288 1677 3383 1733 ille

1802 1774 2152 1827 exercuerat,
2181 1767 2371 1822 oculos
2416 1767 2656 1823 vicissim
2690 1767 2745 1822 in
2784 1767 3223 1824 misericordiam
3281 1770 3380 1825 Dei

108 1854 387 1917 πλουσίως
452 1856 797 1925 ἀντιμετρείν
855 1854 1059 1919 εἰδότος
1128 1854 1363 1924 ἀγαθαῖς
1422 1854 1686 1926 προαιρέ-

1805 1864 2234 1922 convertentem,
2289 1857 2383 1927 qui
2440 1872 2596 1926 aquae
2651 1859 2817 1913 etiam
2872 1857 3084 1928 frigidae
3148 1858 3379 1913 calicem

111 1961 288 2001 σεσιν.

186 2123 323 2196 ροη’.
342 2123 665 2195 Γεωργοῦδέ
696 2144 837 2189 τινος
858 2129 913 2179 ἐν
937 2126 1110 2199 τούτῳ
1141 2124 1251 2181 τῶν
1274 2127 1484 2181 ἐκείνου
1511 2128 1698 2198 ἀγρῶν

112 2219 268 2287 παρά
301 2217 393 2271 τὸν
430 2218 618 2287 Ἀγιον
644 2220 992 2283 ἀπελθόντος,
1018 2220 1271 2274 κάκείνου
1304 2224 1433 2292 περὶ
1467 2221 1561 2274 τοῦ
1595 2223 1693 2275 άν-

109 2309 242 2379 δρὸς
294 2311 577 2381 ἐρομένου,
614 2312 733 2381 ἥτις
772 2311 901 2365 ποτὲ
934 2312 967 2383 ἡ
1012 2313 1135 2366 κατ’
1160 2311 1326 2367 αὐτοῦ
1374 2313 1555 2385 ψῆφος
1586 2315 1697 2385 εἴη,

112 2401 191 2466 ὡς
224 2403 429 2465 ἐκεῖνος
457 2402 525 2455 τὰ
549 2407 679 2474 περὶ
710 2403 874 2457 αὐτοῦ
922 2403 1220 2475 δεδογμένα
1250 2406 1448 2475 φράσοι
1493 2422 1505 2436 ·
1539 2408 1567 2459 ό
1596 2406 1696 2459 Συ-

117 2495 267 2567 μεὼν
302 2496 636 2559 πεποιθότως
666 2496 972 2562 ὑπολαϐὼν,
1024 2498 1160 2551 ossa
1204 2498 1325 2569 θρὶξ
1361 2500 1424 2552 ἐκ
1473 2498 1574 2569 τῆς
1604 2517 1699 2553 κε-

116 2589 292 2657 φαλῆς
319 2588 482 2642 αὐτοῦ
523 2591 791 2651 πεσεῖται,
824 2584 1001 2653 εἶπεν,
1028 2591 1137 2644 οὐδ’
1170 2591 1218 2643 εἰ
1264 2591 1466 2654 πάντες
1505 2594 1553 2645 οί
1589 2592 1695 2662 γῆς

114 2683 375 2752 ἄρχοντες
398 2683 516 2735 κατ’
545 2682 708 2736 αὑτοῦ
738 2683 1097 2755 άθροισθεῖεν.
1117 2684 1190 2737 Οὐ
1220 2685 1327 2755 γὰρ
1347 2683 1382 2739 ἀ
1402 2684 1479 2755 τῷ
1509 2686 1700 2755 ἄρχον-

117 2791 169 2826 τι
204 2776 337 2845 περὶ
380 2774 475 2827 τοῦ
524 2775 734 2847 ἀνδρὸς,
767 2776 904 2830 ἀλλά
936 2780 1002 2848 τῇ
1040 2776 1248 2831 ἀνωθεν
1279 2779 1446 2848 ψήφῳ
1479 2784 1701 2849 κέκριτο

120 2865 326 2935 μᾶλλον
340 2866 531 2937 ἐκείνῳ
554 2868 678 2936 περὶ
699 2867 863 2921 αὑτοῦ
888 2870 1250 2941 προφητεύειν
1276 2871 1699 2943 ἐπῄει.Ἐπειτα

118 2959 305 3027 μέντοι
335 2960 427 3012 καὶ
455 2960 530 3022 ὡς
559 2961 592 3030 ἡ
624 2962 744 3031 χεὶρ
774 2960 887 3031 ἔχει
908 2961 1175 3016 διακονεῖν
1212 2963 1308 3016 ἐπὶ
1330 2965 1428 3035 τῆς
1453 2962 1699 3034 φυλακῆς

113 3049 267 3120 αὐτῷ
298 3051 529 3122 παρῄνει
558 3052 651 3105 τὸν
686 3054 951 3123 γεωργόν.
978 3053 1087 3107 Ἶν’
1117 3048 1177 3107 εὖ
1216 3070 1297 3108 σοι
1331 3055 1469 3125 μετά
1503 3053 1697 3116 ταῦτα,

118 3142 279 3212 φησι,
312 3141 536 3212 γένηται
559 3145 689 3213 παρ’
721 3144 907 3210 αὐτοῦ,
951 3145 1009 3199 '0
1038 3145 1095 3199 δὲ
1134 3146 1288 3216 παρά
1322 3146 1384 3200 τὸ
1411 3146 1699 3218 δεσμωτή-

1802 1959 2073 2019 acccptat,
2100 1949 2371 2020 bonisque
2416 1952 2717 2021 propositis
2756 1952 2962 2008 aﬂatim
3014 1952 3155 2007 solet
3198 1968 3383 2008 remu-

1802 2043 2005 2097 nerari.

1891 2135 2013 2190 178.
2040 2134 2251 2190 Interea
2271 2133 2492 2204 quidam
2523 2134 2763 2205 agricola
2804 2151 2866 2189 ex
2901 2136 3049 2191 illius
3083 2138 3228 2208 agris
3286 2138 3383 2193 ad-

1802 2225 2033 2280 veniens
2073 2225 2139 2279 ad
2200 2234 2474 2287 sanctum.
2535 2226 2849 2280 sciscitatur
2906 2242 3095 2297 ecqua:
3157 2229 3378 2283 tandem

1802 2330 1994 2376 contra
2018 2322 2293 2391 captivum
2320 2321 2592 2376 sententia
2610 2321 3091 2391 pronuntiaretur,
3113 2330 3380 2393 rogatque

1803 2420 1865 2467 ut
1888 2413 2202 2482 eloquetur,
2242 2411 2376 2481 quid
2400 2411 2547 2465 circa
2599 2411 2779 2482 ipsum
2802 2412 3166 2467 constitutum
3199 2430 3263 2469 ac
3284 2413 3381 2469 dc-

1802 2513 2017 2561 cretum
2048 2503 2455 2573 sit.Excipiens
2480 2511 2725 2566 sanctus,
2751 2502 3096 2559 conﬁdenter
3121 2504 3337 2573 reponit
3362 2522 3377 2558 :

1801 2598 1881 2652 Ne
1916 2596 2146 2667 capillus
2196 2594 2421 2666 quidem
2450 2594 2519 2650 de
2572 2595 2749 2665 capite
2800 2596 2921 2666 ejus
2965 2594 3144 2661 cadet,
3190 2610 3302 2649 nou
3329 2597 3377 2650 si

1802 2703 1996 2743 omnes
2023 2686 2193 2741 totius
2217 2696 2378 2741 terrae
2411 2684 2696 2755 principes
2754 2674 3022 2739 adversus
3060 2686 3240 2754 ipsum
3280 2701 3379 2741 co-

1802 2779 1910 2833 acti
1940 2776 2148 2832 fuerint
2175 2794 2188 2829 :
2222 2791 2333 2829 non
2358 2775 2505 2829 enim
2531 2790 2651 2843 quae
2675 2774 2949 2844 principis
2985 2776 3221 2841 calculo,
3284 2777 3380 2831 sed

1804 2869 1989 2940 potius
2021 2883 2144 2938 qua:
2182 2866 2369 2921 divino
2407 2865 2652 2937 judicata
2688 2874 2912 2935 rataque
2954 2877 3136 2929 erant,
3187 2868 3381 2923 vatici-

1803 2959 2059 3013 nabatur.
2104 2956 2314 3012 Deinde
2366 2957 2534 3009 etiam
2589 2955 2916 3009 hortabatur
2957 2957 3273 3026 agricolam,
3320 2968 3380 3013 ut

1804 3050 1905 3121 ipsi
1934 3056 2200 3120 quantum
2222 3057 2408 3118 posset
2436 3047 2490 3101 in
2520 3042 2768 3102 custodia
2818 3048 3210 3104 famularctur:
3238 3050 3380 3117 Quo.

1804 3141 2110 3211 inquiebat,
2137 3140 2373 3210 benigne
2407 3138 2508 3193 tibi
2542 3134 2912 3210 liatdeinceps
2944 3141 3013 3195 ab
3035 3142 3174 3211 ipso.
3196 3136 3383 3199 Currit

111 3252 235 3305 ριον
262 3236 523 3307 δρομαῖος
553 3236 744 3301 ἐλθὼν,
777 3237 996 3307 κομίζει
1026 3237 1104 3310 τῷ
1136 3239 1416 3311 καταδίκῳ
1456 3216 1557 3311 τῆς
1590 3257 1697 3293 σω-

1807 3234 1898 3289 ille
1928 3232 2209 3287 curriculo
2231 3230 2300 3285 ad
2321 3246 2625 3296 carcerem,
2668 3230 3070 3287 faustissimum
3119 3232 3381 3290 damnato

108 3326 311 3397 τηρίας
340 3327 406 3380 τά
458 3328 769 3395 εύαγγέλια’
803 3329 920 3401 ᾔδει
960 3330 1094 3402 γάρ,
1144 3331 1259 3401 ᾔδει
1290 3333 1437 3402 σοιφῆ
1485 3349 1700 3402 προφη-

113 3420 273 3472 τείαν
327 3414 468 3473 εἶναι
522 3419 591 3473 τά
642 3420 747 3474 ὑπὸ
798 3420 892 3474 τοῦ
948 3420 1127 3477 Ὀσίου
1160 3421 1453 3493 λεγόμενα,
1484 3425 1699 3488 πολλοῖς

112 3510 509 3581 προλαϐοῦσιν,
534 3508 670 3565 ἀλλὰ
732 3514 827 3567 καὶ
884 3514 1065 3584 πολλῷ
1123 3515 1389 3586 μείζοσιν,
1425 3515 1566 3586 ἔχων
1606 3517 1699 3568 καὶ

113 3602 254 3674 περὶ
286 3602 395 3655 τῶν
428 3604 716 3675 παρόντων
759 3604 1007 3676 θαρρεῖν.
1061 3606 1172 3676 Τῆς
1208 3606 1254 3658 δ’
1310 3605 1570 3676 ἐπιούσης
1602 3608 1698 3659 ἐπὶ

114 3696 366 3765 βήματος
416 3690 574 3760 αὖθις
627 3694 721 3749 τοῦ
755 3696 1014 3767 ἄρχοντος
1075 3697 1541 3767 προκαθίσαντος,
1605 3699 1700 3751 καὶ

112 3786 228 3840 ἀπὸ
260 3785 362 3855 τῆς
389 3786 634 3856 φυλακῆς
679 3785 1190 3857 μεταστειλαμένου,
1218 3788 1267 3838 οἱ
1304 3786 1403 3857 μὲν
1436 3790 1700 3855 παρόντες

112 3878 421 3947 ἀνήρτηντο
446 3879 567 3941 ταῖς
594 3878 721 3947 περὶ
754 3877 921 3931 αὑτοῦ
949 3876 1164 3930 ἐλπίσιν
1197 3894 1210 3909 ·
1250 3876 1278 3928 ό
1319 3878 1377 3930 δέ
1413 3877 1697 3947 συμπαθές

112 3989 168 4024 τι
203 3971 301 4023 καὶ
328 3971 539 4041 ἥμερον
571 3974 652 4034 είς
702 3971 864 4024 αὑτὸν
916 3970 1058 4036 ἰδὼν,
1091 3971 1271 4041 ἀφῆκε
1319 3970 1501 4039 πάσης
1538 3970 1701 4022 αὐτὸν

114 4062 272 4133 παρὰ
329 4064 512 4116 πᾶσαν
574 4061 903 4133 προσδοκίαν
938 4062 1171 4131 εὐθύνης
1203 4075 1215 4090 ⁸
1260 4061 1356 4114 καί
1410 4060 1563 4130 παρά
1605 4060 1697 4111 τὸν

118 4154 312 4221 Ἀγιον
336 4151 598 4216 ἀνελθὼν,
628 4155 696 4207 τὰ
726 4154 823 4223 τῆς
863 4156 1007 4225 ζωῆς
1042 4154 1189 4226 αὐτῷ
1223 4155 1559 4226 χαριστήρια
1595 4170 1693 4207 πε-

120 4245 363 4317 ριφανῶς
388 4245 677 4317 ὡμολόγει,
706 4243 795 4299 οἷα
818 4247 1071 4309 θανάτου,
1105 4246 1205 4316 φεύ
1237 4249 1249 4301 l
1286 4246 1569 4318 αἰσχίστου
1599 4246 1692 4298 καὶ

1803 3326 1998 3381 salutis
2030 3324 2286 3379 nuntium
2320 3331 2583 3392 portans:
2618 3334 2849 3378 noverat
2903 3325 3073 3391 enim,
3104 3337 3163 3381 et
3207 3325 3381 3397 probe

1802 3424 2034 3471 noverat
2086 3424 2295 3470 certam
2326 3430 2448 3471 esse
2484 3415 2863 3486 prOpbetiam;
2900 3432 2968 3471 ex
3026 3418 3217 3472 multis
3263 3421 3379 3491 jam

1802 3516 1929 3562 ante
1963 3506 2304 3571 memoratis,
2339 3506 2451 3561 imo
2469 3515 2525 3561 et
2557 3507 2719 3578 longe
2776 3507 3031 3577 pluribus
3081 3525 3380 3579 persuasus

1802 3600 1871 3655 de
1916 3599 2279 3671 praesentibus
2330 3600 2471 3654 bene
2504 3614 2749 3669 sperare.
2801 3600 3029 3654 Postero
3065 3600 3155 3655 die
3188 3642 3201 3665 ,
3228 3601 3381 3671 prin-

1802 3692 1925 3762 cipe
1944 3706 2044 3762 pro
2069 3690 2332 3746 tribunali
2351 3690 2535 3745 denuo
2550 3691 2801 3757 sedente,
2833 3692 3192 3761 vinetumque
3217 3709 3248 3748 e
3280 3709 3383 3748 cu-

1801 3784 1978 3839 stodia
2032 3783 2241 3839 accersi
2294 3780 2547 3853 jubente,
2619 3782 2936 3853 pendebant
2978 3778 3381 3854 animis,spem

1802 3879 1949 3931 inter
1980 3884 2037 3930 et
2065 3884 2275 3929 metum
2300 3873 2476 3938 dubii,
2500 3884 2773 3945 quotquot
2799 3876 3029 3929 aderant
3052 3869 3250 3947 :judcx
3288 3895 3385 3931 au—

1802 3977 1910 4023 tem
1970 3968 2207 4038 benigno
2258 3967 2585 4038 placidoque
2643 3968 2798 4023 vultu
2870 3968 3046 4038 ipsum
3125 3969 3377 4036 intuitus,

1800 4064 2003 4130 praeter
2030 4060 2275 4113 omnium
2331 4063 2798 4128 exspectationem
2830 4062 2979 4114 omni
3028 4061 3262 4116 liberum
3283 4062 3376 4134 ju-

1800 4146 1948 4207 dicio
1972 4151 2216 4206 dimisit:
2252 4151 2347 4221 qui
2374 4150 2442 4205 ad
2491 4159 2741 4205 sanctum
2783 4167 3110 4221 properans,
3156 4168 3384 4208 conser-

1800 4257 1983 4302 vatam
2014 4244 2207 4311 vitam,
2241 4259 2441 4298 munus
2495 4242 2670 4313 ipsius
2719 4259 2841 4299 esse
2895 4245 3073 4314 palam
3120 4247 3380 4301 omnibus

1801 4334 2089 4391 confessus
2108 4346 2212 4399 est,
2239 4342 2394 4389 ratus
2428 4334 2761 4405 turpissima:
2787 4345 2951 4406 atque
3007 4336 3377 4393 acerbissima:

1801 4428 1966 4482 morti
2000 4428 2263 4498 precibus
2286 4428 2436 4483 illius
2464 4442 2527 4483 ac
2550 4428 2949 4483 intercessione
2980 4444 3038 4483 se
3061 4441 3379 4500 exemptum

118 4339 455 4410 πικροτάτου
484 4340 669 4409 εὐχαῖς
692 4338 902 4393 ἐκείνου
934 4340 1027 4393 καὶ
1064 4339 1387 4410 πρεσϐείαις
1416 4338 1699 4407 ἀπηλλαγ-

118 4431 306 4501 μένος.
343 4429 499 4484 Οὖτω
561 4432 662 4501 μὲν
717 4427 813 4484 οὖν
869 4431 1020 4485 οὐδὲν
1073 4432 1182 4483 τῶν
1235 4432 1340 4484 ὑπὸ
1390 4429 1483 4483 τοῦ
1519 4430 1698 4481 ὐσίου

115 4521 538 4591 προειρημένων
576 4521 972 4590 διαπεπτώκει,
998 4523 1135 4576 ἀλλά
1187 4523 1479 4591 σύμφωνον
1530 4526 1696 4577 πᾶσιν

1805 4534 1946 4574 esse.
1974 4518 2066 4574 Sic
2096 4519 2264 4590 igitur
2289 4519 2428 4572 nihil
2458 4535 2673 4585 eorum,
2695 4536 2816 4590 qua:
2849 4530 3077 4577 sanctus
3118 4523 3383 4593 praedice-

112 4615 301 4676 αύτοῖς
342 4616 407 4665 ἐκ
461 4612 557 4666 τοῦ
602 4614 788 4675 τέλους
818 4616 917 4667 καὶ
964 4614 1026 4668 τδ
1078 4614 1236 4684 ἔργον
1270 4615 1484 4682 ἀπήντα
1513 4630 1528 4645 ο
1566 4613 1697 4683 ἡμῖν

1806 4610 1922 4675 bat,
1959 4611 2113 4664 exitu
2143 4610 2537 4675 frustrabatur,
2570 4611 2663 4665 sed
2701 4613 2854 4681 paria
2875 4613 3155 4669 vaticiniis
3195 4616 3377 4669 omni-

110 4705 171 4757 δὲ
207 4706 303 4758 καὶ
329 4705 401 4759 τὰ
427 4706 552 4778 ἑξῆς
571 4706 679 4760 τῶν
717 4706 882 4761 αὑτοῦ
915 4706 1211 4775 θαυμάτων
1240 4705 1548 4768 ἀκολούθως
1576 4706 1695 4758 δια-

1805 4702 1908 4756 bus
1932 4700 2049 4771 ipso
2067 4708 2267 4755 eventu
2303 4701 2713 4771 respondebant
2737 4718 2924 4773 opera.
2957 4702 3156 4760 Verum
3183 4717 3382 4761 cetera

111 4797 369 4867 ληπτέον,
1804 4795 1979 4865 ipsius
2012 4788 2285 4847 mirabilia
2316 4792 2629 4849 successive
2663 4796 3046 4865 prosequenda
3087 4808 3236 4851 sunt.

1533 4935 1758 4993 CAPUT
1799 4934 1993 4989 XXIII.

684 5055 937 5112 Tormina
979 5067 1257 5121 curantur,
1291 5056 1590 5111 inobcdiens
1629 5055 1846 5125 punitur
1875 5068 1892 5105 :
1923 5052 2157 5104 absentia
2210 5046 2457 5121 Symeom'
2500 5050 2856 5108 innotescunt;

192 5171 320 5243 ροθ¹ο
356 5170 537 5242 Γέρων
559 5188 642 5234 τις
673 5170 1084 5243 ἀμπελουργὸς,
1107 5170 1215 5223 ἀπὸ
1238 5169 1439 5240 χωρίου
1477 5168 1697 5239 Σάμϐου

1876 5164 1996 5218 179.
2033 5163 2211 5217 Senex
2250 5163 2499 5233 quidam,
2546 5165 2729 5220 cultor
2774 5168 2972 5235 vineas,
3028 5187 3095 5227 ex
3133 5173 3255 5228 loco
3284 5176 3380 5245 qui

112 5262 455 5329 καλουμένου
491 5262 658 5328 τινὸς,
686 5264 807 5327 ταῖς
837 5262 1104 5332 ἀμπέλοις
1143 5260 1486 5329 ἐγκεκυφὼς,
1520 5260 1697 5325 ἔδοξεν

1805 5255 2038 5311 Sambus
2073 5256 2313 5319 dicitur,
2361 5255 2611 5312 colendis
2646 5257 2854 5314 vitibus
2897 5278 3107 5318 navans
3136 5279 3383 5334 operam,

110 5355 189 5418 ὡς
221 5353 331 5425 ἄρα
365 5355 669 5423 φωνήσειεν
723 5353 947 5423 αὑτὸνή
997 5351 1155 5423 γυνὴ,
1193 5353 1288 5405 καὶ
1335 5350 1532 5421 ἀθρόον
1580 5352 1697 5401 ἑπι-

1805 5348 2036 5419 putabat
2083 5348 2152 5402 ab
2208 5363 2379 5403 uxore
2442 5365 2542 5404 sua
2577 5365 2635 5405 se
2688 5353 2899 5417 vocari,
2945 5368 3008 5408 ac
3043 5364 3270 5424 repente
3316 5374 3386 5412 eo

114 5444 384 5512 στραφεὶς
413 5442 631 5512 ἐκείνην
658 5444 758 5512 μὲν
791 5443 890 5512 οὐχ
917 5443 1021 5512 ὁρᾷ
1049 5442 1266 5512 (φάσμα
1292 5442 1401 5511 γάρ
1424 5457 1475 5492 τι
1505 5439 1695 5508 δαιμό-

1805 5455 2127 5503 conversus,
2153 5456 2377 5496 uxorem
2404 5442 2613 5497 nullam
2636 5444 2805 5510 videt,
2827 5445 3154 5514 phantasma
3178 5448 3385 5519 quippe

111 5553 230 5589 νιον
260 5530 331 5606 ἦν
362 5534 462 5604 τῆς
491 5534 748 5603 γυναικὸς
775 5536 914 5587 οίκοι
949 5534 1272 5607 μενούσης),
1311 5534 1469 5596 αὐτὸς
1499 5533 1555 5586 δὲ
1597 5532 1697 5585 ὑπ-

1806 5532 2071 5587 daemonis
2093 5533 2369 5603 quoddam
2405 5544 2545 5601 erat,
2580 5536 2868 5610 mulierem
2899 5538 3049 5593 domi
3070 5547 3386 5595 manentem

114 5626 369 5697 εσπάσθη
404 5627 475 5679 τά
512 5626 657 5679 ἔνδον
678 5665 693 5691 ,
734 5630 827 5680 κα)⁸
868 5626 1065 5697 φόρτος
1098 5625 1248 5696 αὐτῷ
1282 5625 1493 5694 γεγόνει
1525 5622 1697 5676 ταῦτα

1810 5624 1982 5694 probe
2011 5626 2352 5681 simulantis:
2374 5634 2430 5681 at
2450 5628 2566 5697 ipse
2586 5628 2895 5683 visceribus
2912 5630 3246 5701 distorqueri
3272 5648 3387 5689 cm-

114 5717 374 5779 ἐλεεινὸς.
428 5717 586 5789 ἄχρις
627 5717 807 5771 αὐτῶν
852 5716 1177 5788 καθειμένος
1206 5716 1471 5785 γονάτων.
1507 5716 1564 5765 ’1)
1602 5714 1697 5784 μὲν

1809 5716 1912 5787 pit,
1942 5733 2064 5787 quae
2088 5717 2436 5788 importabile
2458 5719 2595 5774 adeo
2614 5734 2678 5774 ac
2698 5719 3017 5776 miserabile
3039 5737 3183 5778 onus
3239 5721 3384 5779 facta

113 5811 181 5881 δη
226 5812 459 5881 καμάτῳ
506 5811 684 5883 πολλῷ
716 5812 808 5866 καὶ
858 5811 1043 5883 μόχθῳ
1094 5813 1229 5883 πρὸς
1267 5810 1358 5866 τὸν
1395 5810 1538 5865 θεῖον
1600 5810 1696 5863 ἁν-

1809 5820 1991 5879 erant,
2027 5821 2086 5867 ut
2113 5811 2228 5882 ipsa
2259 5827 2436 5884 genua
2467 5811 2841 5869 subsiderent.
2890 5813 3064 5886 Igitur
3101 5814 3389 5872 laboribus
