3988 6474
508 379 644 447 3151

1715 374 1775 432 S.
1817 370 2195 433 SYMEONIS
2232 369 2593 431 JUNIORIS

3639 366 3777 432 3152

506 507 669 566 atque
687 490 950 548 aerumnis
975 488 1172 559 impar,
1194 484 1261 541 ad
1286 491 1539 540 sanctum
1563 482 1893 556 Symeonem
1920 483 2089 538 addu-

2225 480 2437 552 νεχθεὶς
2468 478 2714 551 Συμεὼν,
2744 477 2849 549 πρὸ
2873 476 2972 547 τῆς
3006 475 3174 532 αὐτοῦ
3207 474 3453 540 στάσεως
3486 475 3781 531 ἐκυλινδείο

504 599 648 653 ctus,
668 590 797 640 ante
833 582 1145 638 columnam
1179 578 1381 633 misere
1404 576 1799 631 volutabatur:
1834 574 1984 647 quod
2011 576 2092 630 fa-

508 660 660 734 ctum
674 676 987 742 fuerat,non
1002 672 1189 728 verbis
1206 670 1379 741 magis
1392 685 1555 739 quam
1572 670 1835 741 lacrymis
1851 669 2091 723 ubertim

508 778 607 833 per
620 770 822 817 terram
838 757 1208 821 ﬂuitantibus,
1236 755 1558 818 enuntians,
1580 763 1747 824 atque
1764 752 2097 808 calamitatis

506 868 623 914 sua:
643 853 976 907 levationem
1001 850 1358 920 precabatur.
1418 847 1520 904 Cui
1559 862 1799 918 surgens
1836 855 2094 901 sanctus:

510 943 682 1009 Vade,
718 942 921 1012 inquit,
945 941 1123 995 donec
1138 949 1400 1009 superato
1423 940 1618 1003 tluvw,
1655 936 1947 991 adversum
1962 950 2098 990 con-

512 1035 802 1092 scenderis
828 1041 1111 1099 montem;
1137 1039 1194 1087 et
1224 1031 1295 1087 da
1336 1031 1567 1102 gloriam
1602 1030 1716 1083 Deo
1762 1044 1863 1099 per
1896 1044 2003 1084 me.
2047 1027 2101 1083 Is

512 1135 697 1182 autem
719 1125 889 1179 verba
920 1122 1107 1179 haecin
1140 1128 1291 1176 terra
1314 1120 1481 1184 bona,
1506 1117 1673 1173 veluti
1708 1133 1896 1173 semen
1920 1118 2100 1189 quod.

514 1216 863 1283 dam,cordis
889 1215 1016 1271 sinu
1049 1213 1354 1284 excipiens,
1382 1226 1507 1266 cum
1525 1212 1637 1281 jam
1669 1211 1725 1264 in
1754 1218 1998 1265 montem
2027 1226 2096 1264 ex

514 1310 769 1382 opposito
790 1310 957 1365 situm
984 1306 1184 1362 enixus
1209 1311 1377 1368 esset,
1407 1302 1474 1357 ad
1510 1302 1613 1356 viri
1647 1302 1745 1357 Dei
1784 1302 2098 1356 columnam

514 1415 840 1466 conversus,
874 1398 1151 1463 manibus,
1181 1395 1347 1451 simul
1377 1410 1502 1449 cum
1529 1408 1624 1463 spe
1646 1403 1701 1449 et
1732 1393 1971 1448 cordein
1986 1408 2101 1448 co:-

514 1497 601 1552 los
616 1494 831 1560 levatis,
865 1493 1098 1565 genibus
1116 1506 1181 1546 ac
1192 1491 1349 1545 vultu
1369 1490 1424 1544 in
1444 1497 1643 1543 terram
1663 1488 1913 1559 dejectis,
1928 1489 2101 1543 Deum

515 1604 617 1659 per
658 1586 1019 1642 mediatorem
1052 1583 1384 1655 Symeonem
1414 1597 1515 1652 pro
1548 1581 1878 1636 liberatione
1919 1580 2104 1649 depri-

517 1680 721 1736 mentis
749 1694 807 1734 se
838 1677 967 1733 mali
1007 1676 1325 1744 invocabat,
1371 1684 1429 1730 et
1458 1674 1723 1729 continuo
1752 1672 1899 1743 (quis
1947 1669 2103 1726 audi-

2199 589 2280 635 το,
2314 571 2375 625 τὸ
2408 571 2633 640 γεγονὸς
2665 568 3030 638 ἀπαγγέλλων
3068 570 3128 622 οὐ
3157 570 3364 639 ῥήμασι
3397 568 3601 639 μᾶλλον
3629 570 3662 637 ἦ
3694 569 3784 623 δά·

2200 663 2473 737 κρυσιν,ά
2501 663 2566 732 δὴ
2598 663 2769 715 πολλά
2814 661 3079 731 κατέχεεν
3120 660 3215 713 τοῦ
3262 660 3518 727 ἐδάφους,
3550 662 3647 712 καὶ
3686 660 3784 729 τῆς

2202 754 2495 824 συμφορᾶς
2527 753 2913 822 ἀπαλλαγῆναι
2951 752 3227 822 δεόμενος.
3270 750 3330 804 '0
3358 750 3417 804 δὲ
3462 750 3780 817 διαναστὰς,

2202 847 2466 919 Πορεύου,
2513 846 2617 917 ἔφη
2648 861 2661 873 ·
2693 846 2781 899 ἐπ’
2818 845 2885 899 ἂν
2924 849 3106 915 μέντοι
3148 844 3239 897 τὸν
3268 844 3518 912 ποταμὸν
3550 860 3787 913 περαιω-

2200 938 2313 1001 θεὶς
2342 936 2438 990 τοῦ
2469 936 2768 1009 ἀντιπέρας
2802 936 3001 1006 ἐπιϐῇς
3024 934 3218 1006 ὅρους,
3240 933 3330 999 δὸς
3359 934 3524 1001 δόξαν
3557 934 3626 986 δι’
3657 935 3783 1004 ἐμοῦ

2200 1030 2278 1101 τῷ
2307 1030 2447 1102 Θεῷ.
2487 1030 2545 1084 Ὀ
2578 1030 2634 1084 δὲ
2658 1030 2749 1084 τὸν
2780 1029 2937 1098 λόγον
2958 1028 3101 1082 κατὰ
3134 1027 3235 1095 τὴν
3275 1027 3494 1097 ἀγαθὴν
3531 1027 3660 1096 γῆν,
3684 1028 3788 1078 οἱο-

2201 1123 2281 1176 νεί
2313 1140 2436 1178 τινα
2484 1123 2707 1194 σπόρον,
2736 1124 2794 1176 ἐν
2821 1124 2934 1185 τοῖς
2972 1123 3073 1192 τῆς
3100 1121 3330 1192 καρδίας
3374 1122 3601 1185 κόλποις
3634 1121 3784 1185 6551'-

2206 1233 2388 1286 μενος,
2420 1216 2495 1279 ὡς
2533 1215 2633 1287 ἤδη
2663 1213 2760 1268 τοῦ
2809 1213 2936 1268 κατ’
2970 1213 3201 1285 ἀντικρὺ
3233 1214 3397 1285 ὅρους
3422 1213 3624 1284 ἐπέϐη,
3655 1218 3785 1285 πρὶς

2199 1310 2293 1361 τὸν
2335 1308 2525 1362 στύλον
2567 1308 2661 1361 τοῦ
2708 1308 2900 1380 ἀνδρὸς
2944 1308 3306 1379 ἐπιστρέψας,
3342 1306 3571 1371 καὶτὰς
3598 1310 3785 1378 χεῖρας

2205 1399 2346 1470 μετὰ
2370 1399 2479 1453 τῶν
2507 1399 2740 1454 ἐλπίδων
2768 1400 2861 1453 καὶ
2892 1404 2990 1469 τῆς
3014 1400 3241 1471 καρδίας
3271 1401 3352 1463 είς
3374 1400 3641 1473 οὐρανοὺς
3666 1401 3791 1452 ἀναο

2203 1493 2405 1558 τείνας,
2442 1493 2647 1561 γόνατά
2690 1510 2749 1546 τε
2794 1492 2889 1546 καὶ
2918 1492 3070 1563 ὄψεις
3110 1495 3179 1563 γῇ
3205 1492 3474 1557 δεδωκὼς,
3516 1494 3612 1546 τὸν
3662 1492 3790 1545 Θεὸν

2205 1584 2310 1638 ὑπὸ
2341 1584 2533 1658 μεσίτῃ
2567 1585 2645 1656 τῷ
2674 1585 2904 1657 Συμεὼν
2932 1585 3013 1648 είς
3042 1584 3365 1656 ἀπαλλαγὴν
3395 1586 3499 1656 τῆς
3530 1588 3789 1657 κατεχού-

2207 1695 2309 1750 σης
2337 1678 2503 1733 αὐτὸν
2530 1679 2777 1748 ἀνάγκης
2810 1678 3150 1732 ἐπεκαλεῖτο.
3181 1678 3290 1731 Καὶ
3318 1678 3667 1750 παραχρῆμα
3690 1681 3793 1747 (τίς

521 1772 673 1828 tione
726 1771 861 1826 tanti
906 1768 1155 1825 miraculi
1188 1783 1300 1823 non
1330 1766 1744 1837 obstupescet?)
1794 1774 1979 1819 tumor
2011 1764 2101 1818 ille

2220 1770 2309 1824 οὐκ
2341 1769 2407 1825 ἂν
2436 1770 2574 1841 ἀκοῇ
2600 1770 2661 1824 τὺ
2690 1770 2873 1841 θαῦμα
2914 1770 3369 1841 καταπλαγείη;)
3416 1771 3446 1823 ὁ
3478 1771 3794 1842 τηλικοῦτος

519 1865 825 1920 immensus
856 1860 1102 1927 evanuit,
1149 1858 1409 1915 omnibus
1437 1859 1611 1928 ipsius
1665 1857 1929 1911 membris
1957 1864 2107 1910 recte

2220 1863 2488 1917 Βιαλέλυτο
2510 1863 2694 1932 ὄγκος,
2720 1864 2889 1932 ὑγιῶς
2910 1863 3059 1934 αὐτῷ
3086 1863 3304 1917 πάντων
3334 1863 3431 1917 καὶ
3459 1865 3603 1919 κατά
3639 1864 3793 1933 φύσιν

518 1972 584 2013 ac
604 1962 975 2027 congruenter
1001 1963 1212 2011 naturaa
1244 1967 1303 2009 se
1331 1949 1981 2019 habentibus.Quotquot
2004 1949 2107 2003 ita-

2220 1955 2462 2025 ἐχόντων.
2491 1953 2631 2018 Τοὺς
2665 1956 2955 2019 κοινωνοὺς
2995 1956 3174 2010 τοίνυν
3203 1956 3302 2026 τῆς
3334 1958 3643 2029 συμφορᾶς,
3686 1959 3791 2012 ὅσοι

519 2066 629 2121 que
652 2049 859 2105 conscii
892 2045 1223 2103 calamitatis
1249 2044 1399 2100 illius
1420 2043 1668 2106 fuerunt,
1699 2042 1737 2096 ii
1762 2056 1962 2112 nempe
1985 2055 2107 2095 om-

2220 2044 2409 2117 Βηλαδὴ
2448 2046 2542 2099 καὶ
2584 2046 3103 2118 συνεπιϐοηθοϐντες
3148 2047 3299 2119 αὑτῷ
3346 2048 3791 2114 διαϐαστάζοντες

520 2157 623 2197 nes
655 2141 751 2213 qui
800 2154 1023 2197 manum
1059 2136 1389 2209 adjutricem
1432 2134 1794 2190 admoventes
1819 2132 2001 2203 ipsum
2051 2131 2108 2186 in

2220 2130 2350 2207 ἦσαν
2377 2134 2516 2207 πρὸς
2543 2134 2642 2207 τὴν
2668 2138 2916 2209 πορείαν,
2943 2141 3237 2205 κοινωνοὺς
3267 2142 3363 2194 καὶ
3390 2141 3486 2195 τοῦ
3516 2140 3788 2213 θαύματος

523 2241 768 2289 montem
829 2230 1263 2294 transtulerant,
1316 2227 1542 2284 eosdem
1597 2224 1833 2296 prodigii
1888 2238 2108 2294 quoque

2220 2230 2479 2283 ἐποιεῖτο·
2517 2229 2611 2284 καὶ
2647 2230 2796 2295 ὅπως
2841 2230 2936 2285 τοῦ
2984 2231 3190 2296 πάθους
3234 2234 3557 2304 ἀπήλλακτο
3596 2236 3785 2302 δείξας,

523 2327 777 2383 conscios
804 2323 966 2391 fecit;
996 2337 1233 2392 cumque
1260 2324 1624 2376 monstrasset
1646 2333 1756 2388 quo
1773 2324 1934 2388 pacto
1951 2312 2111 2371 malis

522 2424 813 2486 exemptus
841 2422 1008 2479 esset,
1031 2413 1194 2469 simul
1217 2412 1282 2466 ad
1303 2418 1551 2467 sanctum
1593 2408 1899 2473 redierunt,
1944 2405 2111 2462 simul

524 2506 855 2562 beneficium
908 2503 1145 2557 confessi
1184 2509 1547 2571 agnoverunt.

599 2707 725 2763 l80.
765 2705 954 2776 Magna
979 2704 1200 2773 quidem
1225 2709 1282 2755 et
1305 2699 1591 2765 mirabilis,
1621 2699 1759 2762 scio,
1787 2696 1988 2753 accidit
2008 2696 2116 2766 piis

526 2799 758 2854 auribus
781 2797 898 2851 haec
924 2793 1191 2858 narratio,
1224 2793 1389 2846 habet
1417 2800 1599 2845 tamen
1625 2790 1793 2845 etiam
1818 2804 2112 2860 supparem

529 2892 704 2954 illam,
740 2902 862 2958 quae
893 2886 1167 2956 sequitur.
1214 2883 1373 2938 Alius
1412 2883 1661 2953 quidam,
1688 2880 1933 2937 Caesarea
1976 2881 2115 2953 Cap-

528 2982 776 3054 padocia:
802 2978 1095 3043 oriundus,
1128 2993 1159 3032 a
1186 2992 1244 3033 re
1268 2975 1525 3031 familiari
1562 2976 1771 3031 aﬂatim
1801 2991 1904 3031 nec
1932 2976 2117 3033 minus

529 3092 561 3131 a
588 3075 809 3148 generis
839 3073 1128 3129 nobilitate
1162 3073 1490 3135 instructus,
1512 3068 1707 3125 iisdem
1729 3068 1934 3134 quibus
1957 3084 2117 3140 supe-

2210 2321 2365 2392 κοινὴ
2393 2322 2528 2393 πρὸς
2556 2322 2647 2376 τὸν
2669 2323 2860 2391 Ἀγιον
2904 2324 3213 2397 ἐπανῄεσαν
3244 2325 3421 2395 αὖθις,
3457 2327 3556 2382 καὶ
3590 2328 3660 2382 τά
3697 2329 3786 2399 τῆς

2214 2415 2535 2486 εὐεργεσίας
2561 2416 2965 2488 ἀνωμολόγουν.

2288 2707 2396 2773 ρπθ.
2430 2701 2591 2770 Μέγα
2645 2702 2743 2772 μὲν
2790 2700 2882 2755 οὖν
2914 2696 3033 2756 οῐδα
3078 2701 3346 2770 φιλοθέοις
3386 2702 3577 2767 ἀκοαῖς
3609 2701 3672 2756 sb
3715 2702 3791 2757 6t-

2216 2795 2431 2866 ήγημα,
2482 2795 2710 2865 ἀδελφὸν
2746 2795 2803 2848 δέ
2846 2796 2998 2865 ὅμως
3043 2795 3138 2848 καὶ
3177 2795 3239 2849 τὸ
3285 2797 3627 2866 ἐπαγόμενον
3665 2797 3791 2868 ἔχει.

2220 2889 2447 2961 Ἕτερος
2478 2890 2707 2960 γάρῗτις,
2749 2888 3171 2961 ἐκζΚαισαρείας
3200 2888 3257 2941 δέ
3280 2890 3669 2943 Καππαδοκῶν
3693 2890 3795 2961 ὠρ-

2221 2980 2483 3050 μημένος,
2525 2977 2639 3048 βίου
2688 2977 2787 3049 μὲν
2831 2976 3034 3041 ίκανῶς
3072 2977 3176 3030 οὒκ
3218 2978 3450 3049 ἀσήμως
3492 2979 3550 3033 δὲ
3586 2980 3682 3035 καὶ
3713 2981 3796 3048 γέν

2217 3088 2342 3135 νους
2369 3070 2529 3143 ἔχων,
2558 3070 2721 3125 πάθει
2745 3071 2838 3124 καὶ
2865 3070 3121 3143 βάρειτῷ
3152 3071 3300 3142 αὑτῷ
3330 3073 3680 3143 πιεζόμενος,
3710 3078 3798 3129 καὶ

530 3168 650 3221 rior
703 3164 1037 3220 torminibus
1085 3164 1408 3234 ventrisque
1451 3171 1667 3218 tumore
1697 3160 2110 3229 afﬂictabatur;

2220 3164 2316 3234 τὴν
2348 3163 2448 3234 μὲν
2474 3164 2663 3217 ουσίαν
2702 3164 2920 3235 τέχναις
2951 3163 3155 3236 ἰατρῶν
3199 3164 3622 3236 ἐκδαπανηθεὶς,
3655 3166 3797 3219 οζδὲν

528 3260 749 3331 jamque
773 3256 1080 3313 substantia
1106 3255 1256 3311 omni
1280 3257 1336 3310 in
1360 3253 1701 3310 medicorum
1726 3262 1900 3308 artem
1918 3268 2117 3323 expen-

533 3368 614 3418 sa,
646 3349 795 3405 aliud
828 3348 967 3404 nihil
994 3346 1357 3403 emolumenti
1384 3356 1626 3417 ceperat,
1652 3362 1815 3415 quam
1844 3345 1992 3416 quod
2030 3345 2119 3400 di-

534 3444 732 3498 dicerit
782 3441 1122 3497 curationem
1156 3439 1454 3493 humanam
1486 3453 1605 3494 esse
1628 3452 2116 3508 supervacaneam,

534 3534 773 3604 ideoque
803 3531 1142 3603 ad‘divinam
1176 3529 1350 3585 divini
1387 3529 1618 3601 hujusce
1656 3529 1759 3583 viri
1792 3543 1953 3599 opem
1988 3542 2121 3582 con-

533 3625 758 3698 fugerit.
788 3626 867 3680 Eo
897 3625 1084 3695 itaque
1106 3637 1232 3678 cum
1264 3621 1598 3686 advenisset,
1620 3636 1835 3692 preces,
1858 3621 2116 3692 gemitus,

534 3718 823 3789 lacrymas,
859 3726 916 3772 et
954 3716 1000 3772 si
1030 3714 1164 3786 quid
1200 3723 1465 3785 praeterea
1511 3723 1598 3769 est
1629 3712 1777 3783 quod
1827 3711 2120 3767 commise-

536 3808 809 3863 rationem
860 3806 1007 3861 ciere
1058 3805 1167 3876 piis
1211 3804 1503 3859 animabus
1544 3804 1738 3873 possit,
1773 3818 1873 3873 pro
1906 3802 2120 3857 incolu-

538 3900 729 3954 mitate
759 3908 814 3954 et
854 3897 1105 3953 dolorum
1144 3896 1472 3967 depulsione
1503 3895 1822 3950 exhibebat.
1849 3894 1947 3949 llis
1988 3907 2123 3947 vero

541 3992 780 4064 Symeou
810 3990 880 4046 ad
929 3989 1310 4046 miserandum
1364 3998 1576 4050 motus.
1605 4003 1801 4043 versus
1844 3987 1992 4041 illam
2021 3986 2124 4041 mi-

540 4080 899 4137 sericordiam
932 4080 1125 4135 oculos
1150 4080 1399 4139 sustulit,
1434 4094 1557 4149 qua:
1583 4076 1852 4147 quidquid
1884 4076 2124 4146 petimus

541 4188 761 4242 semper
784 4172 981 4226 tribuit
1013 4189 1026 4225 :
1068 4172 1427 4240 sentiensque
1459 4169 1787 4223 diviniorem
1823 4167 2121 4237 quamdam

543 4265 599 4319 in
622 4281 679 4319 se
701 4264 927 4336 gratiam
948 4262 1314 4327 :Ascendens,
1336 4261 1537 4331 inquit,
1562 4261 1941 4330 appropinqua
1964 4260 2119 4315 mihi.

542 4353 648 4420 Qui
675 4369 801 4409 cum
822 4354 972 4424 jussa
996 4367 1123 4407 mox
1144 4366 1463 4421 capescens,
1486 4351 1709 4420 jamque
1732 4350 1978 4420 proxime
2005 4367 2124 4406 san—

545 4444 957 4500 ctum.veniens
978 4443 1123 4516 (quis
1144 4442 1361 4497 Domini
1386 4441 1799 4497 misericordias
1822 4443 2119 4515 cantabit?)

2216 3258 2274 3312 δέ
2312 3258 2439 3313 άλλο
2475 3257 2679 3312 τούτων
2730 3257 2993 3328 ὀνάμενος
3030 3258 3115 3313 ὅτι
3156 3258 3234 3330 μὴ
3270 3258 3369 3330 τὴν
3408 3257 3470 3323 ἐξ
3500 3258 3795 3328 ἀνθρώπων

2218 3350 2317 3419 τῆς
2365 3348 2663 3420 θεραπείας
2697 3349 3032 3418 ἀπόγνωσιν,
3080 3350 3174 3403 καὶ
3216 3349 3305 3403 διὰ
3332 3348 3494 3403 τοῦτο
3540 3350 3681 3421 πρὸς
3714 3351 3795 3404 τὸν

2220 3439 2361 3495 θεῖον
2409 3441 2577 3512 ἄνδρα
2606 3439 2797 3494 τοῦτον
2860 3440 2958 3495 καὶ
3004 3440 3104 3512 τὴν
3151 3440 3212 3508 ἐξ
3257 3441 3421 3495 αὐτοῦ
3470 3440 3799 3510 καταφυγὼν

2220 3534 2371 3589 θείαν
2406 3533 2709 3605 ἐνέργειαν.
2780 3527 2948 3597 Οὗτος
2984 3531 3137 3602 παρά
3173 3533 3265 3587 τὸν
3305 3532 3533 3603 Συμεὼν
3568 3534 3796 3589 ἀνελθὼν

2219 3626 2454 3697 δεήσεις,
2485 3627 2749 3697 οἰμωγὰς,
2778 3625 3007 3696 δάκρυα,
3034 3627 3146 3679 πᾶν
3187 3625 3242 3679 εί
3266 3644 3319 3681 τι
3346 3626 3479 3680 ἄλλο
3507 3627 3797 3698 δυνάμενον

2221 3720 2302 3782 είς
2326 3714 2505 3773 οῐκτον
2538 3718 2766 3773 έλκῦσαι
2800 3718 2997 3791 ψυχὴν,
3032 3719 3170 3790 ὺπέρ
3202 3719 3300 3789 τῆς
3336 3719 3430 3772 τοῦ
3459 3720 3670 3783 πάθους
3698 3722 3794 3774 ἀπ-

2221 3809 2464 3882 αλλαγῆς
2496 3809 2777 3865 ἐπεδείκνυ
2798 3826 2815 3842 ⁶
2848 3811 2985 3882 πρὸς
3013 3811 3158 3881 ἅπερ
3189 3812 3396 3875 ἐκεῖνος
3417 3810 3490 3865 τά
3524 3813 3795 3883 σπλάγχνα

2221 3901 2432 3966 παθὼν,
2488 3903 2567 3966 είς
2615 3903 2932 3974 οἰκτιρμοὺς
3001 3900 3197 3972 ἔϐλεψε
3246 3902 3430 3966 πάλιν,
3500 3906 3631 3969 τοὺς
3685 3905 3797 3958 ὅσον

2222 3993 2481 4063 αἰτοῦμεν
2507 3993 2594 4046 ἀεὶ
2621 3993 2889 4059 διδόντας,
2911 3992 3006 4047 καί
3034 4010 3178 4056 τινος
3201 3991 3529 4063 αἰσθόμενος
3552 3995 3611 4047 ὲν
3631 3995 3793 4063 ἑαυπῇ

2222 4088 2442 4155 χάριτος
2473 4083 2772 4155 θειοτέρας,
2806 4083 3057 4149 Ἀναϐὰς,
3078 4086 3264 4156 φησὶν,
3300 4084 3521 4154 ἑγγισόν
3555 4104 3669 4156 μοι.
3700 4086 3795 4141 Τοῦ

2221 4176 2278 4229 δέ
2320 4175 2395 4240 ὡς
2428 4176 2750 4230 κεκέλευστο
2776 4176 3099 4248 δράσαντος,
3141 4177 3376 4249 ἐπείπερ
3427 4178 3659 4247 ἔγγιστα
3704 4180 3791 4252 ἢδη

2222 4268 2315 4322 τοῦ
2350 4268 2531 4338 Ἀγίου
2564 4268 2705 4322 ἔλθοι
2736 4269 2842 4341 (τίς
2873 4268 3085 4341 ᾅσεται,
3110 4270 3338 4343 Χριστέ,
3362 4271 3433 4325 τὰ
3472 4272 3602 4341 euq
3634 4290 3724 4326 σου
3746 4272 3796 4342 ;)

2221 4361 2316 4415 τοῦ
2342 4360 2548 4423 πάθους
2581 4361 2783 4425 εὐθέως
2809 4360 3264 4433 θεραπευθέντος,
3307 4364 3337 4417 ὁ
3385 4363 3615 4434 Συμεὼν
3653 4364 3797 4434 ίλαρᾷ

2224 4454 2319 4508 καὶ
2345 4454 2575 4524 δψεικαὶ
2599 4453 2835 4526 γλώττῃ,
2871 4454 3181 4527 Ἄνθρωπε,
3210 4455 3379 4522 ἴασαι,
3409 4456 3643 4526 ἔφη.Ὠς
3670 4458 3724 4511 δὲ
3748 4456 3801 4510 τὸ

546 4538 694 4593 illico
718 4544 1016 4608 persanata
1047 4535 1239 4591 morbo
1278 4535 1573 4590 incolumis
1598 4543 1831 4601 astaret;
1861 4535 2115 4607 Symeon,

2225 4546 2420 4617 ἀθρόον
2458 4547 2634 4600 ἐκεῖνο
2666 4548 2764 4617 τῆς
2794 4546 3112 4616 θεραπείας,
3139 4546 3234 4599 καὶ
3263 4546 3437 4617 αὐτὴν
3484 4547 3682 4617 ἔϐλεψε
3712 4548 3800 4617 τὴν

545 4629 943 4685 animadversis
978 4630 1091 4701 jam
1121 4635 1179 4684 et
1207 4628 1497 4698 repentina
1532 4627 1776 4682 hominis
1816 4629 2121 4693 sanatione,

545 4730 603 4777 et
630 4722 779 4794 gravi
808 4721 965 4792 quasi
991 4720 1173 4776 adhuc
1204 4721 1469 4791 patientis
1496 4736 1684 4783 sensu,
1716 4720 1793 4775 ait
1835 4721 1936 4784 illi,
1970 4722 2124 4776 vultu

488 4812 503 4884 Τ
546 4821 712 4884 atque
742 4827 837 4869 ore
877 4812 1154 4868 renidenti
1184 4830 1196 4865 :
1228 4812 1299 4866 Mi
1334 4813 1520 4876 homo,
1553 4820 1778 4867 sanatus
1799 4827 1878 4867 es.
1912 4812 2127 4882 Nequa-

490 4902 510 4936 "
545 4920 734 4975 quam,
762 4912 950 4960 sancte
972 4904 1091 4969 Dei,
1116 4904 1195 4959 ait
1218 4904 1358 4959 alter
1382 4902 1522 4958 ﬂens
1550 4911 1714 4972 atque
1738 4902 2127 4974 ingemiscens,

545 4996 642 5052 sed
662 5005 905 5052 extrema
931 4995 1181 5066 quaedam
1204 4993 1508 5048 necessitas
1530 5008 1617 5047 me
1643 4993 1867 5063 premit,
1888 4993 2128 5064 facitque

466 5090 473 5095 ’
547 5099 611 5144 ut
641 5104 791 5143 mors
822 5089 957 5142 mihi
992 5089 1151 5158 longe
1188 5086 1395 5158 gratior
1422 5085 1515 5140 tali
1550 5086 1663 5140 vita
1691 5087 1782 5141 sit.
1817 5086 1972 5142 Tunc
2000 5104 2128 5143 san-

548 5191 671 5237 ctus
711 5180 875 5236 tacite
907 5179 1246 5251 subjiciens:
1279 5177 1559 5242 Scrutare,
1597 5178 1798 5249 inquit,
1818 5179 2126 5253 temetipse,

544 5272 922 5344 etcomperies
933 5289 999 5328 ex
1015 5281 1127 5327 toto
1140 5271 1507 5327 convaluisse.
1527 5269 1663 5326 Cum
1696 5282 1880 5327 autem
1898 5274 1944 5327 is
1965 5290 2128 5328 manu

544 5367 855 5439 periculum
890 5366 1009 5438 ejus
1040 5365 1121 5420 rei
1152 5364 1397 5431 fecisset,
1429 5378 1488 5420 se
1529 5363 1861 5419 incolumem
1902 5367 2128 5435 reperit,

498 5464 501 5467 ‘
546 5457 741 5513 tubere
757 5457 907 5513 omni
935 5456 1161 5512 omnino
1177 5455 1425 5511 emollito
1455 5464 1511 5510 et
1530 5454 1782 5525 depulso.
1811 5454 1946 5510 Cum
1966 5457 2132 5527 igitur

544 5550 681 5605 nihil
700 5549 1023 5621 quidquam,
1046 5550 1192 5620 quod
1211 5566 1241 5605 a
1269 5557 1464 5603 natura
1486 5548 1727 5604 alienum
1748 5559 1913 5613 esset,
1933 5550 2131 5621 depre—

544 5640 837 5709 henderet,
860 5650 997 5697 aestu
1020 5641 1187 5696 animi
1208 5641 1451 5712 repletus
1469 5655 1534 5695 ac
1552 5639 1821 5711 vertigine
1837 5641 2001 5711 (quod
2022 5658 2132 5697 non

545 5734 714 5789 modo
730 5734 1007 5807 repentini
1028 5736 1234 5801 luctus,
1255 5750 1451 5791 verum
1476 5734 1642 5790 etiam
1667 5734 1851 5806 gaudii
1875 5750 2133 5792 excessus

544 5840 659 5883 non
688 5842 815 5883 raro
846 5828 1136 5885 consuevit
1163 5826 1403 5896 efﬁcere,
1434 5842 1562 5883 cum
1592 5843 1651 5884 rc
1677 5828 1934 5900 quapiam
1974 5828 2131 5885 inex-

2226 4636 2321 4689 τοῦ
2370 4636 2671 4706 πάσχοντος
2702 4635 2979 4707 αἴσθησιν,
3034 4635 3321 4706 Οὐδαμῶς,
3370 4636 3494 4705 ἅγιε
3531 4636 3625 4690 τοῦ
3654 4636 3800 4701 Θεοῦ,

2227 4727 2477 4799 δακρύων
2509 4727 2604 4782 καὶ
2638 4727 2841 4781 στένων
2866 4722 3040 4791 εἶπεν,
3071 4726 3208 4780 ἀλλά
3244 4726 3454 4797 χαλεπή
3481 4743 3569 4791 τις
3598 4728 3801 4796 ἀνάγκη

2230 4818 2407 4882 πιέζει
2455 4835 2545 4889 με,
2577 4818 2727 4888 ἥδιον
2756 4816 2938 4887 πολλῷ
2984 4816 3078 4870 τοῦ
3110 4816 3209 4888 ζῇν
3251 4815 3425 4880 οὕτως
3468 4817 3805 4888 ἐργαζομένη

2233 4927 2324 4979 μοι
2373 4910 2435 4964 τδ
2468 4909 2668 4964 θανεῖν.
2712 4909 2771 4963 '0
2809 4910 2866 4964 δὲ
2917 4909 3102 4981 ἠρέμα
3153 4909 3433 4980 προσθεὶς,
3486 4908 3802 4981 Ἐρεύνησον

2231 5003 2444 5068 ἑαυτὸν,
2477 4990 2605 5073 ἔφη,
2635 5002 2730 5056 καὶ
2747 5002 2872 5075 εἴσῃ
2892 5002 3080 5071 σαφῶς
3109 5002 3190 5055 ὅτι
3220 5000 3314 5055 τοῦ
3337 5001 3545 5065 πάθους
3574 5001 3803 5072 ἀπήλλα·

2232 5093 2341 5160 ξαι.
2395 5093 2485 5157 Ὠς
2532 5094 2589 5146 δὲ
2625 5097 2691 5166 τῇ
2730 5096 2875 5166 χειρὶ
2911 5094 3010 5164 τὴν
3055 5094 3279 5164 ἔρευναν
3313 5092 3639 5165 ἐπιτρέψας,
3678 5094 3804 5161 έγνω

2232 5188 2426 5242 ἐαυτὸν
2474 5187 2685 5258 ἀπαθῆ,
2716 5186 2812 5241 τοῦ
2848 5188 3014 5256 ὄγκου
3057 5189 3407 5242 παντάπασιν
3455 5187 3804 5241 ὑπολεανθὲνο

2230 5298 2343 5346 τος,
2386 5279 2463 5343 ὡς
2506 5280 2628 5351 μηδ’
2670 5280 2754 5333 ότι
2791 5275 2885 5333 οὖν
2921 5281 3306 5350 ἐπισημαίνειν
3327 5281 3423 5333 τοῦ
3455 5280 3599 5333 κατά
3630 5281 3805 5350 φύσιν,

2236 5371 2443 5440 ἰλίγγου
2471 5369 2774 5441 πληροῦται
2816 5371 2912 5425 καὶ
2938 5371 3086 5442 δίνης
3113 5386 3126 5400 ⁸
3158 5372 3295 5442 ὅπερ
3322 5372 3384 5424 οὐ
3419 5369 3598 5441 λύπης
3641 5373 3808 5440 αἰφνι-

2232 5464 2344 5518 δίου
2383 5453 2567 5534 μόνον,
2601 5463 2738 5519 ἀλλά
2769 5465 2863 5518 καὶ
2896 5466 3071 5535 χαρᾶς
3102 5463 3376 5535 ὑπερϐολὴ
3421 5463 3686 5527 πολλάκις
3719 5464 3805 5518 πέ-

2234 5573 2371 5622 φυκε
2397 5557 2551 5627 δρᾷν,
2580 5556 2659 5628 τῷ
2685 5556 2935 5628 ἀδοκήτῳ
2968 5556 3063 5610 τοῦ
3101 5556 3426 5626 πράγματος
3455 5554 3517 5608 τὸ
3543 5555 3647 5624 τῆς
3679 5572 3807 5624 καρο

2233 5648 2350 5711 δίας
2405 5648 2607 5720 θερμὸν
2663 5649 3024 5713 συστείλασα,
3078 5648 3172 5702 καὶ
3232 5647 3428 5718 νεκρὰς
3483 5647 3675 5718 ὥσπερ
3723 5645 3805 5700 τώ

2238 5739 2487 5809 σώματος
2530 5738 2631 5804 τὰς
2670 5740 2953 5811 ἐνεργείας
2986 5737 3351 5793 ἀπολιποῦσα.
3393 5736 3451 5791 '0
3481 5737 3580 5809 μὲν
3620 5732 3711 5791 οὖν
3737 5736 3806 5805 τῷ

2238 5830 2333 5884 τοῦ
2383 5831 2708 5903 πράγματος
2742 5829 3035 5904 παραδόξῳ
3065 5828 3461 5899 καταπλαγεὶς,
3500 5830 3686 5899 ὀλίγου
3707 5829 3805 5883 δεῖν
