3988 6498
214 389 359 455 3153

1227 397 1406 458 VITA
1446 398 1492 455 A
1526 398 1962 463 NICEPHORO
1998 403 2484 466 CONSCRIPTA.

3338 404 3480 469 3151

208 500 402 569 ἔμελλε
452 500 828 573 περιτρέπειν,
872 502 920 555 εἰ
968 504 1043 575 μὴ
1081 504 1268 575 χεῖρας
1306 505 1456 576 αύτῷ
1501 524 1647 574 τινες
1693 509 1796 564 τῶν

1908 520 2146 582 spectata
2178 514 2330 569 calor
2350 513 2535 569 cordis
2556 513 2925 580 contrahitur,
2949 522 3005 569 et
3021 515 3271 585 corporis
3286 532 3481 587 opera-

207 592 501 663 παρόντων
532 592 789 663 ὑπέσχον.

1902 605 2081 659 tiones
2108 604 2262 659 velut
2290 614 2555 661 emortua:
2587 607 2899 673 desinunt),
2942 607 3209 677 repletus,
3232 608 3480 678 inquam.

206 696 440 758 stupore
464 689 536 744 ob
565 688 643 743 rei
674 704 785 743 non
814 690 1051 760 opinatae
1082 691 1589 762 admirabilitatem,
1655 712 1826 767 prope
1865 697 1968 753 fuit
2014 710 2074 755 ut
2104 710 2409 766 corrueret,
2444 700 2551 756 nisi
2587 702 2815 773 quidam
2877 703 3233 772 praesentium
3267 703 3487 775 injectis

207 785 479 841 manibus
504 787 943 856 prohibuissent.

281 885 435 950 ρπα’.
457 880 1016 952 Καταπεπληγμένων
1034 882 1090 936 δὲ
1112 884 1306 955 κομιδῇ
1329 883 1424 937 καὶ
1443 885 1660 940 πάντων
1680 886 1798 941 ὅσοι

205 973 433 1026 τοσοῦδε
464 973 741 1045 θαύματος
772 975 1068 1045 ἐτύγχανον
1099 977 1310 1042 θεαταὶ,
1341 977 1403 1032 16
1446 976 1675 1033 παλαιὸν
1704 977 1797 1033 τοῦ

211 1064 455 1136 πονηροῦ
483 1066 619 1137 πρὸς
649 1066 848 1121 κακίαν
865 1068 1097 1137 ὄργανον
1119 1071 1146 1123 6
1184 1070 1506 1139 Ἀγγουλᾶς,
1539 1072 1603 1124 ἐκ
1632 1070 1798 1141 μέσου

204 1158 419 1212 τούτων
466 1158 782 1224 ὑπολαϐὼν,
841 1160 900 1213 '0
942 1159 1041 1231 μὲν
1082 1158 1176 1216 οὖν
1227 1162 1412 1231 ὄγκος,
1446 1162 1523 1225 ὡς
1559 1162 1796 1233 ὁρῶμεν,

204 1250 405 1320 ῷχετο,
458 1250 602 1321 ἔφη·
653 1251 709 1304 τί
761 1251 819 1305 δὲ
856 1252 951 1306 καλ⁸
990 1253 1019 1305 6
1080 1253 1336 1317 τοσοῦτος
1387 1254 1483 1308 τοῦ
1528 1254 1799 1325 δέρματος

208 1341 433 1408 κόλπος,
459 1342 559 1396 εἰτ’
583 1342 676 1397 οὖν
700 1343 761 1397 16
786 1344 1279 1417 ὑποπεπλησμένον
1307 1344 1401 1398 τοῦ
1428 1345 1593 1414 ὄγκου
1622 1346 1799 1416 δέρμα

207 1436 464 1504 γεγόνει;
524 1438 623 1507 ἐμὲ
676 1438 786 1510 γὰρ
840 1439 901 1493 ού
935 1438 1173 1511 μετρίως
1224 1438 1293 1493 τὰ
1318 1437 1545 1493 τοιαῦτα
1585 1438 1798 1507 πέφυκε

210 1529 612 1594 σκανδαλίζειν.
668 1531 840 1596 Εἰδὼς
900 1532 1079 1585 τοίνυν
1112 1534 1141 1585 6
1192 1532 1383 1599 Μέγας
1424 1532 1621 1601 πεῖραν
1659 1524 1796 1583 εἶναι

1970 884 2095 940 181.
2137 886 2249 942 Nec
2268 887 2450 942 minor
2480 903 2695 952 omnes,
2718 888 2813 958 qui
2841 888 2979 944 tanti
3004 889 3241 960 prodigii
3267 900 3484 962 specta-

1899 986 2049 1032 tores
2072 978 2347 1045 astabant,
2377 986 2571 1049 stupor
2608 979 2855 1034 incessit.
2882 980 3038 1036 Unus
3071 981 3334 1053 Angulas,
3367 984 3481 1054 jam

1897 1070 2112 1140 pridem
2148 1072 2416 1127 daemonis
2462 1071 2531 1127 ad
2564 1073 2707 1126 mala
2745 1073 3110 1142 perpetranda
3133 1074 3480 1131 instrumen-

1900 1170 2037 1228 tum,
2069 1180 2099 1219 e
2130 1164 2311 1219 media
2346 1165 2505 1219 turba
2547 1165 2896 1235 proclamans
2942 1182 2956 1219 :
2999 1164 3205 1219 Tumor
3236 1166 3483 1236 quidem,

1904 1255 2105 1325 inquit,
2140 1256 2303 1323 abiit,
2343 1266 2404 1312 ut
2445 1257 2701 1313 videmus
2731 1275 2746 1312 :
2775 1274 2969 1313 verum
3003 1258 3133 1329 quid
3171 1265 3355 1314 tantus
3381 1259 3485 1315 iste

1902 1346 2061 1414 pellis
2091 1346 2287 1403 sinus?
2308 1348 2454 1419 [quid
2480 1349 2526 1404 si
2550 1355 2767 1403 tumore
2793 1348 2977 1403 denuo
3001 1349 3379 1418 compleatur?
3403 1349 3486 1403 Me

1901 1440 2186 1495 enimvero
2208 1457 2322 1497 non
2343 1441 2703 1497 mediocriter
2727 1441 2906 1497 solent
2935 1442 3062 1495 talia
3085 1442 3482 1497 scandalizarc.

1897 1531 2003 1586 Pro
2033 1540 2318 1602 comperto
2340 1542 2524 1590 autem
2549 1533 2762 1589 habens
2800 1548 3033 1604 magnus
3059 1534 3300 1605 Symeon
3358 1542 3483 1589 ten-

209 1621 373 1676 τοῦτο
400 1623 495 1677 τοῦ
524 1624 794 1696 βασκάνου
822 1625 915 1679 καὶ
944 1625 1130 1688 πάλιν,
1151 1625 1326 1681 ὁπόσα
1352 1624 1448 1679 καὶ
1473 1622 1691 1697 γλώττῃ
1720 1620 1797 1693 τῷ

1908 1622 2170 1679 tationem
2202 1640 2325 1681 esse
2371 1626 2544 1681 invidi
2601 1627 2774 1683 hostis
2806 1627 3005 1693 nostri,
3048 1643 3150 1698 per
3186 1641 3252 1683 os
3292 1626 3485 1684 miseri

208 1712 385 1785 ἀθλίῳ
417 1716 588 1787 τούτῳ
618 1717 924 1789 χρωμένου,
957 1718 1282 1789 ἐμφυσήσεις
1319 1718 1398 1790 τῷ
1429 1716 1791 1787 ἀναισχύντῳ,

1908 1715 2066 1772 istius
2098 1718 2400 1788 loquentis,
2438 1718 2739 1774 insufllavit
2776 1720 2833 1774 in
2871 1697 3271 1790 impudentem,
3315 1729 3486 1793 utque

210 1807 301 1857 ἴνα
327 1807 422 1860 καὶ
444 1807 542 1878 τὴν
569 1809 819 1865 ἐναντίαν
852 1811 1099 1883 ἀπελάσῃ
1125 1810 1377 1881 δύναμιν,
1412 1810 1471 1863 Ὀ
1501 1808 1594 1862 τὸν
1616 1807 1803 1862 τοσοῦ-

210 1916 326 1965 τον,
354 1900 482 1971 ἔφη,
506 1901 701 1967 λεάνας
718 1903 882 1972 ὄγκον
907 1904 1003 1957 καὶ
1021 1903 1298 1969 διαλύσας,
1321 1903 1422 1957 ούκ
1448 1903 1556 1974 ἄρα
1576 1902 1802 1966 δυνατὸς

208 1986 369 2054 οὗτος
399 1994 494 2047 καλ⁹
522 1994 583 2048 16
614 1995 792 2067 δέρμα
828 1997 1053 2064 συνάξαι
1081 1995 1242 2050 πάλιν
1284 1996 1379 2051 καὶ
1406 1996 1796 2061 καταστεῖλαις

221 2083 368 2136 Ἀλλ’
418 2087 447 2138 6
497 2085 598 2156 μὲν
650 2088 747 2158 τὴν
795 2088 891 2143 τοῦ
934 2088 1166 2144 παλαιοῦ
1194 2088 1454 2160 πολεμίου
1490 2088 1800 2161 προσϐολήν

209 2175 387 2249 ταύτῃ
406 2179 501 2231 καὶ
528 2178 622 2232 νῦν
644 2180 1017 2253 διεκρούσατο,
1038 2184 1200 2254 ἡμεῖς
1222 2182 1278 2235 δὲ
1302 2182 1438 2255 πρὸς
1463 2182 1531 2237 τὰ
1550 2181 1679 2254 ἑξῆς
1701 2180 1797 2235 τοῦ

207 2266 371 2336 λόγου
399 2270 730 2341 τρεψόμεθα.
1058 2326 1069 2334 .

284 2358 429 2429 ρπβ’.
470 2362 721 2433 Μοναχός
775 2381 858 2425 τις
911 2363 1056 2418 κατά
1096 2363 1417 2419 Λαοδίκειαν
1457 2364 1558 2435 τῆς
1594 2363 1797 2436 Συρίας

209 2450 690 2523 ἐγκεκλεισμένος,
728 2453 865 2525 πρός
894 2472 955 2508 τε
985 2455 1085 2526 τὴν
1130 2456 1351 2527 χρονίαν
1392 2455 1673 2527 κάθειρξιν
1700 2458 1798 2512 καὶ

210 2544 310 2615 τὴν
375 2545 576 2617 συχνὴν
629 2547 867 2617 ἐρημίαν
921 2547 1247 2618 ἀκηδιάσας,
1286 2548 1546 2620 ἀφορμὴν
1604 2549 1795 2622 ὥσπερ

206 2639 312 2690 οὔκ
341 2638 547 2693 ἐλάττω
569 2642 669 2711 τῆς
686 2640 917 2711 ἡσυχίας
932 2642 1031 2714 τὴν
1054 2636 1135 2705 είς
1171 2642 1263 2696 τὸν
1283 2641 1425 2695 θεῖον
1451 2641 1677 2713 Συμεὼν
1696 2644 1794 2698 ἄν-

207 2731 330 2783 οδον
359 2731 604 2801 θέμενος,
639 2734 914 2803 ἐμήνυσεν
941 2733 1088 2804 αὐτῷ
1120 2734 1321 2805 θερμὸν
1351 2734 1532 2803 ἔρωτα
1565 2735 1664 2806 τῆς
1694 2736 1793 2790 αύ-

207 2820 306 2873 τοῦ
332 2823 757 2894 προσκυνήσεως
792 2823 959 2895 ἔχειν,
996 2826 1090 2878 καὶ
1120 2825 1219 2896 ήδη
1249 2824 1535 2896 βούλεσθαι
1557 2826 1789 2880 ἀνιέναι.

220 2916 283 2967 '0
313 2915 370 2969 δὲ
407 2915 469 2970 16
502 2916 858 2989 μικροψύχως
891 2918 984 2973 ὑπ’
1007 2917 1175 2973 αὐτοῦ
1218 2919 1505 2989 γινόμενον
1535 2917 1637 2971 οὐκ
1685 2922 1791 2987 ἀγ-

1903 1808 2113 1865 inimici
2159 1819 2489 1881 potestatem
2519 1813 2587 1867 ab
2627 1828 2695 1869 eo
2742 1814 3075 1884 repelleret:
3110 1814 3239 1881 Qui,
3279 1814 3484 1886 inquit,

1905 1902 2232 1959 mollescere
2256 1910 2420 1974 atque
2437 1920 2768 1961 evanescere
2791 1905 2923 1962 fecit
2950 1913 3220 1961 tumorem
3247 1913 3488 1975 tantum,

1900 2009 2085 2050 nonne
2110 1995 2258 2052 idem
2290 1997 2469 2068 possit
2501 2014 2722 2069 quoque
2753 1999 2954 2069 pellem
2981 1998 3243 2071 colligere
3270 2014 3337 2055 ac
3353 2014 3486 2056 eon-

1901 2085 2123 2141 trahere
2146 2086 2562 2160 denuo?Atque
2588 2089 2681 2145 ille
2703 2090 2928 2161 quidem
2949 2092 3031 2146 sic
3052 2091 3317 2162 impetum
3343 2091 3487 2147 anti-

1900 2177 1995 2247 qui
2017 2177 2193 2233 hostis
2213 2181 2381 2235 etiam
2406 2190 2537 2236 tunc
2565 2183 2868 2253 repressit:
2896 2198 2998 2239 nos
3024 2199 3158 2239 vero
3179 2183 3246 2239 ad
3273 2183 3482 2255 reliqua

1900 2272 2236 2340 perterenda
2268 2275 2665 2330 convertimur.

1972 2385 2092 2441 182.
2119 2386 2349 2453 Quidam
2380 2391 2686 2446 monachus
2711 2391 2995 2448 Laodiceae
3015 2392 3185 2464 Syriae
3214 2394 3483 2459 inclusus,

1898 2476 2264 2535 diuturnioris
2314 2481 2584 2537 clausura:
2619 2498 2682 2538 ac
2717 2483 3033 2539 solitudinis
3083 2494 3364 2556 perpetua:
3395 2495 3487 2542 tac-

1898 2570 2014 2636 dio,
2064 2573 2435 2629 meditabatur
2484 2576 2697 2630 aditum
2741 2578 2810 2632 ad
2850 2587 3104 2634 sanctum
3136 2578 3484 2652 Symeonem,

1896 2664 2069 2718 veluti
2115 2666 2460 2721 occasionem
2501 2684 2612 2723 non
2647 2670 2833 2727 minus
2858 2670 3031 2742 quieti
3071 2680 3435 2743 opportunam
3466 2690 3482 2726 :

1894 2754 2119 2825 jamque
2145 2756 2554 2827 significaverat
2583 2773 2748 2829 quam
2782 2759 2998 2815 ardenti
3030 2758 3308 2814 desiderio
3336 2768 3487 2814 tene—

1898 2849 2269 2919 retur,ipsum
2287 2851 2578 2916 adorandi,
2604 2851 2865 2923 quodque
2896 2852 2949 2907 in
2979 2852 3268 2923 procinctu
3296 2850 3366 2907 ad
3385 2851 3490 2907 iter

1897 2947 2086 2995 staret.
2120 2941 2226 2997 Sed
2250 2942 2342 2997 ille
2404 2942 2459 2997 in
2506 2942 3020 3013 pusillanimitatem
3068 2942 3331 2997 incidisse
3358 2957 3485 2998 eum

210 3009 415 3080 νοήσας
437 3052 452 3076 ,
473 3013 596 3082 ,Οὐχ
645 3012 791 3066 ὅσιον
829 3013 953 3067 οὐδὲ
983 3014 1215 3086 πρέπον,
1258 3013 1385 3085 ἔφη,
1419 3014 1790 3067 καταλιπόντα

1908 3032 2223 3102 neutiquam
2259 3035 2539 3104 ignorans,
2570 3033 2859 3103 respondit
2886 3052 2898 3086 :
2936 3032 3049 3087 Nec
3079 3033 3232 3103 pium
3272 3042 3358 3088 est
3386 3049 3490 3089 nec

211 3103 275 3156 τὸ
312 3107 638 3175 προσκυνεῖν
664 3106 783 3179 Θεῷ
824 3107 883 3160 ὲν
912 3107 1048 3179 αὐλῇ
1084 3106 1222 3179 ἀγίᾳ
1268 3106 1457 3173 αὐτοῦ,
1484 3106 1612 3177 ἥτις
1650 3108 1797 3159 ἐστὶν

210 3196 242 3247 ὁ
272 3197 366 3250 τοῦ
407 3197 642 3269 μοναχοῦ
674 3200 912 3263 οἰκίσκος
944 3200 1168 3270 ἀρεταῖς
1219 3199 1461 3262 ἁπάσαις
1512 3199 1796 3269 καταλαμ-

214 3289 454 3359 τέμενός
483 3308 543 3344 τε
578 3292 672 3345 καὶ
709 3293 1138 3363 πλατυνόμενος,
1166 3293 1247 3356 είς
1294 3291 1586 3362 ἀνθρώπου
1630 3307 1802 3361 προσ-

213 3383 444 3452 κύνησιν
464 3377 639 3455 ἥκεινο
689 3387 1044 3457 Ὑπόμεινον
1073 3385 1204 3457 γὰρ,
1233 3386 1388 3457 φησὶ,
1415 3384 1524 3440 τὸν
1555 3386 1798 3453 Κύριον,

213 3481 244 3531 6
278 3477 422 3542 θεῖος
474 3477 673 3543 Aetoli,
729 3480 826 3533 καὶ
884 3480 1163 3549 φύλαξον
1218 3478 1335 3547 τὴν
1396 3476 1543 3533 ὁδὸν
1590 3476 1798 3532 αὐτοῦ.

214 3568 406 3622 Ταῦτα
429 3571 731 3641 τηνικαῦτα
764 3570 860 3641 μὲν
896 3571 1094 3641 ἐπέσχε
1135 3570 1227 3623 τὸν
1258 3570 1493 3639 μοναχόν
1520 3584 1533 3600 '
1570 3567 1663 3622 τοῦ
1693 3569 1803 3623 πά-

215 3662 346 3726 θους
378 3662 435 3714 δὲ
468 3663 608 3733 μετὰ
637 3663 832 3735 μικρὸν
859 3662 1346 3728 δυναστεύσαντος,
1374 3662 1593 3728 ἔξεισιν,
1614 3664 1675 3715 ού
1699 3661 1802 3731 τὴν

214 3755 452 3826 ἡσυχίαν
493 3756 622 3824 παρ’
649 3755 802 3808 οὐδὲν
834 3754 994 3825 μόνον
1022 3753 1144 3806 οὐδὲ
1191 3753 1290 3824 τὴν
1325 3752 1603 3824 κάθειρξιν
1640 3752 1803 3821 θέμε-

217 3864 330 3910 νος,
374 3848 511 3901 ἀλλά
563 3849 658 3901 καὶ
707 3849 787 3911 είς
855 3847 1134 3917 πορνείαν,
1185 3848 1376 3917 οἴμοιι
1434 3845 1802 3916 κατενεχθεὶς,

218 3939 425 4010 πτῶμα
485 3939 647 3993 τίνων
712 3940 774 3992 ού
830 3940 1123 4012 δακρύων,
1171 3941 1341 3994 ποίων
1400 3940 1502 3993 οὐκ
1553 3939 1806 4011 ὀδυρμῶν

216 4034 369 4099 ἄξιον
390 4035 403 4087 l

290 4131 441 4195 9117'.
477 4127 708 4179 Ἔπειτα
762 4127 948 4196 μέντοι
1007 4126 1284 4199 παρέϐαλε
1342 4126 1421 4198 τῷ
1485 4126 1674 4199 Ἀγίῳ,
1707 4128 1808 4199 τῆς

219 4218 322 4286 μὲν
352 4217 626 4287 ἁμαρτίας
665 4218 785 4271 οὐδὲ
834 4218 1013 4290 ψυχὴν
1054 4220 1192 4284 ὅλως
1236 4219 1559 4291 ποιούμενος
1588 4221 1808 4290 μνήμην

216 4306 329 4381 (οἷα
365 4311 435 4363 τὰ
479 4310 574 4363 τοῦ
627 4312 871 4383 πονηροῦ
924 4313 1298 4384 τεχνάσματα,
1346 4314 1491 4382 καὶὴ
1523 4312 1661 4382 πρὸς
1714 4311 1808 4379 τὴν

1901 3123 2081 3191 decet,
2118 3126 2163 3179 si
2183 3124 2399 3180 desinat
2428 3126 2555 3195 quis
2586 3126 2758 3181 Deum
2778 3124 3012 3179 adorare
3052 3125 3106 3179 in
3148 3124 3272 3179 aula
3298 3134 3488 3180 sancta

1902 3231 2027 3282 sua,
2077 3217 2257 3286 qualis
2307 3224 2392 3270 est
2440 3216 2576 3271 cella
2618 3214 2898 3280 monachi,
2938 3214 3205 3269 virtutum
3238 3215 3488 3269 omnium

1903 3306 2195 3377 splendore
2223 3305 2505 3376 refulgens
2540 3320 2605 3360 ac
2629 3304 2850 3369 referta,
2885 3304 3186 3374 veniatque
3212 3303 3281 3359 ad
3304 3303 3489 3358 homi-

1902 3411 2031 3450 nem
2053 3395 2417 3450 adorandum.
2442 3395 2709 3466 Exspecta
2731 3394 3039 3461 Dominum,
3064 3394 3288 3450 divinus
3308 3394 3491 3465 inquit

1902 3487 2096 3553 David,
2123 3494 2171 3541 et
2188 3488 2391 3542 custodi
2419 3488 2560 3542 viam
2583 3487 2697 3559 ejus
2721 3486 2788 3539 ³⁵.
2811 3483 2938 3541 Haec
2956 3494 3069 3540 tum
3091 3484 3318 3556 quidem
3346 3484 3493 3539 inhi-

1904 3580 2157 3636 buerunt
2183 3580 2558 3647 monachum;
2592 3596 2787 3636 verum
2825 3579 2989 3650 paulo
3023 3587 3167 3648 post,
3189 3576 3486 3649 praadomi-

1904 3682 2071 3729 nante
2099 3674 2293 3730 eadem
2311 3674 2480 3728 animi
2510 3673 2957 3744 perturbatione,
2975 3672 3132 3735 exiit,
3170 3671 3494 3742 relinquens

1906 3781 2019 3820 non
2052 3766 2227 3820 solum
2263 3765 2507 3835 quietem
2532 3782 2687 3821 suam
2716 3763 2899 3836 atque‘
2923 3766 3253 3827 claustrum,
3303 3763 3399 3818 sed
3430 3764 3486 3817 in

1905 3856 2330 3911 fornicationem
2365 3872 2612 3926 quoque,
2676 3858 2785 3912 heu
2838 3858 2960 3911 mel
3027 3854 3305 3918 incidens,
3355 3870 3487 3910 casu

1906 3947 2114 4018 quibus
2136 3963 2249 4003 non
2284 3948 2568 4019 lacrymis,
2616 3949 2820 4019 quibus
2875 3964 2987 4003 non
3039 3946 3359 4017 planctibus
3407 3947 3493 4003 di-

1907 4053 2015 4108 gno
2039 4040 2052 4093 l

1982 4130 2104 4186 l85.
2134 4132 2343 4187 Deinde
2380 4141 2564 4188 tamen
2603 4132 2777 4187 sancti
2805 4143 3093 4205 aspectum
3128 4134 3323 4200 subiit,
3356 4134 3484 4188 nul-

1909 4224 2016 4277 lam
2043 4225 2129 4278 vel
2172 4225 2558 4281 tenuissimam
2606 4223 2811 4293 (qualia
2839 4227 3323 4298 malignispiritus
3366 4226 3497 4281 arti-

1911 4315 2067 4371 ficia!
2100 4319 2281 4386 qualis
2310 4319 2646 4375 verecundia
2679 4318 2746 4375 ad
2802 4318 3179 4374 confitendum
3222 4319 3491 4374 malitiam

216 4403 610 4476 ἐξομολόγησιν
644 4404 738 4459 τοῦ
771 4407 943 4459 κακοῦ
980 4409 1101 4470 ταῖς
1130 4406 1239 4460 τῶν
1270 4405 1368 4460 ἀνθ
1378 4406 1581 4477 ρώπων
1606 4405 1799 4475 ψυχαῖς

1912 4423 2092 4475 suam,
2139 4409 2399 4466 humanis
2441 4411 2721 4466 mentibus
2781 4410 3087 4482 ingenita!)
3140 4410 3355 4482 peccati
3407 4410 3493 4465 sui

215 4499 552 4569 ἐγγινομένη
603 4496 765 4561 αἰδώς
792 4500 859 4566 ί),
889 4497 985 4568 τὴν
1019 4497 1075 4550 δὲ
1104 4498 1203 4566 τῆς
1258 4497 1523 4565 συνήθους
1571 4498 1801 4568 ἡσυχίας

214 4589 497 4644 ἔκπτωσιν
574 4591 788 4661 πικρῶς
846 4581 1190 4661 ὀδυρόμενος.
1258 4591 1315 4643 '0
1383 4590 1439 4642 δὲ
1486 4590 1803 4660 ,ὀφθαλμοῖς

214 4679 471 4743 ἀθεάτοις
530 4681 597 4735 τὰ
657 4683 1017 4752 κεκρυμμένα
1051 4682 1215 4753 ὁρῶν,
1267 4682 1361 4734 καλ¹
1394 4680 1504 4743 ,τοῦ
1564 4680 1802 4751 χαλεποῦ

219 4769 427 4839 μύσους
463 4770 674 4823 ἐκείνου
720 4772 812 4824 τὸν
851 4771 1085 4843 μοναχὸν
1135 4773 1488 4839 ἀποκαθᾶραι
1542 4771 1802 4842 βουλόμε-

216 4874 327 4919 νος.
357 4857 431 4909 Ού
473 4859 799 4930 συναλγὴσω
839 4877 941 4926 σοι,
978 4861 1163 4932 φησὶν,
1194 4863 1276 4914 ὅτι
1318 4862 1409 4915 τὸν
1434 4861 1528 4915 τοῦ
1556 4864 1801 4917 οίκίσκου

218 4951 519 5021 διέρῤηξας
571 4956 769 5025 τοῖχον,
800 4954 920 5008 ἐπεί
983 4972 1065 5009 σοι
1103 4954 1198 5008 καὶ
1229 4953 1492 5009 εἰσελθεῖν
1543 4954 1701 5019 αὖθις
1734 4956 1803 5011 δι’

220 5044 390 5097 αὑτοῦ
425 5047 576 5118 ῥᾷον,
608 5049 705 5102 καὶ
754 5049 884 5102 είσω
932 5048 1187 5119 γενέσθαι
1219 5048 1382 5103 πάλιν
1424 5049 1800 5104 ἐπανελθόντιο

217 5138 336 5193 ἀλλ’
367 5141 447 5193 ὅτι
473 5143 565 5195 τὸν
595 5144 698 5212 τῆς
737 5143 918 5214 ψυχῆς
945 5143 1271 5205 κατέσεισας
1313 5142 1544 5214 πύργον,
1580 5144 1676 5196 καὶ
1729 5145 1805 5217 τῷ

216 5234 424 5305 ἐχθρῷ,
481 5236 614 5304 cpe-:6!
645 5237 992 5307 αἰχμάλωτος
1020 5236 1363 5308 άπηνέχθης,
1409 5240 1490 5301 εἰς
1546 5239 1803 5309 πορνείαν

218 5328 643 5399 κατολισθήσας.
674 5329 861 5383 Ταῦτα
923 5330 1015 5385 τὸν
1071 5330 1305 5402 μοναχὸν
1367 5330 1712 5400 καταπλῆξαι
1744 5349 1802 5384 τε

217 5420 337 5489 ἅμα
371 5421 467 5473 καὶ
501 5422 839 5489 καταιδὲσαι,
867 5423 930 5477 16
968 5423 1067 5494 μὲν
1113 5428 1178 5496 τῇ
1223 5425 1331 5477 τῶν
1365 5423 1604 5494 ἐλέγχων
1650 5423 1803 5476 ἐλευ-

219 5515 380 5586 θερίᾳ
414 5518 506 5569 ἐπὶ
540 5520 649 5581 τοῖς
680 5518 914 5589 ἀδήλως,
949 5516 1025 5581 ὡς
1081 5518 1241 5584 αὐτὸς
1293 5515 1450 5588 ᾤετο,
1493 5518 1803 5590 διαπεπρα·

216 5612 464 5680 γμένοις,
515 5611 575 5665 τὸ
626 5612 682 5666 δὲ
713 5613 792 5683 τῷ
834 5613 1056 5683 μεγέθει
1106 5614 1203 5685 τῆς
1251 5614 1484 5685 ὕϐρεως,
1533 5614 1599 5683 ἣν
1640 5613 1803 5678 αὐτὸς

216 5705 302 5769 εἰς
365 5703 558 5757 ἑαυτὸν
619 5704 819 5769 ἀθλίως
880 5705 1175 5775 ἐνύϐρισε*
1242 5706 1337 5761 καὶ
1378 5707 1557 5779 πρηνῆ
1608 5707 1801 5760 ἑαυτὸν

291 5885 335 5917 ⁸⁸
370 5884 513 5940 Psal.
556 5900 733 5953 xxxvi,
768 5884 854 5938 54.

1906 4497 2115 4554 faciens
2170 4503 2544 4567 mentionem,
2611 4502 2708 4558 sed
2778 4503 3161 4558 indesinenter
3232 4503 3494 4573 plorans,

1905 4593 2054 4661 quod
2095 4595 2325 4663 pristina
2387 4595 2571 4665 quiete
2621 4595 2935 4651 excidisset.
2994 4596 3196 4650 Verum
3246 4608 3495 4658 sanctus,

1909 4685 2270 4741 interioribus
2290 4687 2467 4742 oculis
2497 4688 2823 4743 abscondita
2850 4688 3216 4758 perspiciens,
3241 4702 3305 4742 ac
3329 4687 3495 4741 tertia

1907 4777 2118 4847 peccati
2170 4780 2381 4833 macula
2438 4781 2772 4835 monachum
2826 4779 3168 4835 emundandi
3216 4777 3491 4848 cupidus:

1909 4868 2033 4924 Non
2060 4884 2164 4941 ego
2192 4869 2294 4924 tibi
2326 4871 2658 4941 compatior,
2703 4871 2905 4942 inquit,
2928 4870 3077 4942 quod
3124 4870 3351 4925 claustri
3411 4868 3493 4922 tui

1907 4977 2099 5017 muros
2142 4962 2458 5034 perfregisti
2520 4964 2808 5035 (quoniam
2860 4964 3022 5019 facile
3056 4962 3157 5018 tibi
3216 4972 3302 5018 est
3337 4971 3493 5033 post.

1908 5054 2122 5109 liminio
2193 5057 2420 5121 reverti,
2471 5073 2534 5112 ac
2602 5073 2830 5113 reverso
2893 5057 3150 5128 intrare),
3191 5055 3287 5112 sed
3343 5052 3491 5126 quod

1908 5147 2236 5203 aniinzetua:
2282 5151 2703 5221 propugnaculo
2750 5150 3056 5215 destructo,
3115 5148 3368 5220 captivus
3414 5146 3484 5202 ah

1910 5239 2065 5294 hoste
2090 5240 2360 5297 abductus
2387 5243 2648 5315 (pudori!)
2672 5244 2727 5299 in
2745 5243 3167 5300 fornicationem
3200 5242 3490 5312 prolapsus

1907 5332 2003 5387 sis.
2035 5333 2540 5391 Pcrculerunthzec
2568 5336 2899 5392 monachum
2934 5335 3141 5407 pariter
3188 5349 3254 5388 ac
3288 5332 3488 5388 confu—

1910 5424 2154 5493 derunt;
2209 5435 2326 5482 tum
2386 5437 2616 5499 propter
2664 5430 2981 5485 libertatem
3036 5424 3487 5498 reprehendendi

1909 5518 1999 5573 illa
2053 5535 2176 5590 qum
2228 5520 2345 5590 ipse
2372 5523 2603 5592 putabat
2660 5523 2801 5578 clam
2858 5520 3033 5585 facta;
3080 5531 3197 5574 tum
3262 5524 3491 5588 propter

1910 5620 2107 5667 tetram
2139 5613 2456 5685 ignominia:
2479 5625 2851 5685 notamquam
2896 5612 2999 5666 sibi
3056 5612 3172 5681 ipse
3217 5610 3491 5665 inusserat

1908 5703 2128 5759 infelix:
2168 5707 2574 5778 prostravitque
2600 5724 2655 5765 se
2688 5720 2917 5777 pronus,
2957 5712 3228 5774 quantum
3287 5699 3487 5772 potuit,
