  <div class='ocr_page' id='page_1' title='image "/cluster/home/n/w/nwhite01/storage/ocr_20150623/86:2/hvd.32044012719696/707.png"; bbox 0 0 3988 6482; ppageno 0'>
   <div class='ocr_carea' id='block_1_1' title="bbox 539 411 682 481">
    <p class='ocr_par' dir='ltr' id='par_1_1' title="bbox 539 411 682 481">
     <span class='ocr_line' id='line_1_1' title="bbox 539 411 682 481; baseline 0.007 -4"><span class='ocrx_word' id='word_1_1' title='bbox 539 411 682 481; x_wconf 80' lang='grc'><strong>3155</strong></span> 
     </span>
    </p>
   </div>
   <div class='ocr_carea' id='block_1_2' title="bbox 1758 400 2648 474">
    <p class='ocr_par' dir='ltr' id='par_1_2' title="bbox 1758 400 2648 474">
     <span class='ocr_line' id='line_1_2' title="bbox 1758 400 2648 474; baseline -0.002 0"><span class='ocrx_word' id='word_1_2' title='bbox 1758 416 1819 474; x_wconf 90' lang='lat' dir='ltr'><strong>S.</strong></span> <span class='ocrx_word' id='word_1_3' title='bbox 1862 410 2239 474; x_wconf 73' lang='lat' dir='ltr'><strong>SYMEON.S</strong></span> <span class='ocrx_word' id='word_1_4' title='bbox 2276 400 2648 473; x_wconf 16' lang='lat' dir='ltr'>JUNIORISV</span> 
     </span>
    </p>
   </div>
   <div class='ocr_carea' id='block_1_3' title="bbox 3643 419 3757 485">
    <p class='ocr_par' dir='ltr' id='par_1_3' title="bbox 3643 419 3757 485">
     <span class='ocr_line' id='line_1_3' title="bbox 3643 419 3757 485; baseline 0.035 -4"><span class='ocrx_word' id='word_1_5' title='bbox 3643 419 3757 485; x_wconf 76' lang='grc'><strong>3156</strong></span> 
     </span>
    </p>
   </div>
   <div class='ocr_carea' id='block_1_4' title="bbox 546 516 2134 597">
    <p class='ocr_par' dir='ltr' id='par_1_4' title="bbox 546 522 2120 594">
     <span class='ocr_line' id='line_1_4' title="bbox 546 522 2120 594; baseline -0.006 -12"><span class='ocrx_word' id='word_1_6' title='bbox 546 542 614 585; x_wconf 84' lang='lat' dir='ltr'><strong>ac</strong></span> <span class='ocrx_word' id='word_1_7' title='bbox 645 526 848 582; x_wconf 87' lang='lat' dir='ltr'><strong>calenti</strong></span> <span class='ocrx_word' id='word_1_8' title='bbox 876 526 1168 582; x_wconf 90' lang='lat' dir='ltr'><strong>oculorum</strong></span> <span class='ocrx_word' id='word_1_9' title='bbox 1193 526 1370 582; x_wconf 83' lang='lat' dir='ltr'><strong>imbre</strong></span> <span class='ocrx_word' id='word_1_10' title='bbox 1403 536 1607 581; x_wconf 90' lang='lat' dir='ltr'><strong>terram</strong></span> <span class='ocrx_word' id='word_1_11' title='bbox 1655 522 1942 594; x_wconf 86' lang='lat' dir='ltr'><strong>irrigavit;</strong></span> <span class='ocrx_word' id='word_1_12' title='bbox 1980 529 2120 575; x_wconf 86' lang='lat' dir='ltr'><strong>tem-</strong></span> 
     </span>
    </p>
   </div>
   <div class='ocr_carea' id='block_1_5' title="bbox 2240 516 3759 597">
    <p class='ocr_par' dir='ltr' id='par_1_5' title="bbox 2240 516 3759 597">
     <span class='ocr_line' id='line_1_5' title="bbox 2240 516 3759 597; baseline 0.006 -24"><span class='ocrx_word' id='word_1_13' title='bbox 2240 522 2303 585; x_wconf 68' lang='grc' dir='ltr'><strong>ὺς</strong></span> <span class='ocrx_word' id='word_1_14' title='bbox 2334 516 2445 592; x_wconf 73' lang='grc' dir='ltr'><strong>εἶχε</strong></span> <span class='ocrx_word' id='word_1_15' title='bbox 2474 519 2821 587; x_wconf 69' lang='grc' dir='ltr'><strong>καταϐαλὼν,</strong></span> <span class='ocrx_word' id='word_1_16' title='bbox 2856 522 2948 574; x_wconf 76' lang='grc' dir='ltr'><strong>καὶ</strong></span> <span class='ocrx_word' id='word_1_17' title='bbox 2978 520 3157 593; x_wconf 77' lang='grc' dir='ltr'><strong>θερμά</strong></span> <span class='ocrx_word' id='word_1_18' title='bbox 3190 520 3400 591; x_wconf 83' lang='grc' dir='ltr'><strong>δάκρυα</strong></span> <span class='ocrx_word' id='word_1_19' title='bbox 3439 520 3531 575; x_wconf 79' lang='grc' dir='ltr'><strong>τοῦ</strong></span> <span class='ocrx_word' id='word_1_20' title='bbox 3563 525 3759 597; x_wconf 73' lang='grc' dir='ltr'><strong>ἐδάφους</strong></span> 
     </span>
    </p>
   </div>
   <div class='ocr_carea' id='block_1_6' title="bbox 550 611 2115 689">
    <p class='ocr_par' dir='ltr' id='par_1_6' title="bbox 550 611 2115 689">
     <span class='ocr_line' id='line_1_6' title="bbox 550 611 2115 689; baseline -0.006 -15"><span class='ocrx_word' id='word_1_21' title='bbox 550 634 654 689; x_wconf 87' lang='lat' dir='ltr'><strong>pus</strong></span> <span class='ocrx_word' id='word_1_22' title='bbox 682 634 903 689; x_wconf 89' lang='lat' dir='ltr'><strong>quoque</strong></span> <span class='ocrx_word' id='word_1_23' title='bbox 934 633 1044 688; x_wconf 90' lang='lat' dir='ltr'><strong>quo</strong></span> <span class='ocrx_word' id='word_1_24' title='bbox 1067 617 1254 688; x_wconf 89' lang='lat' dir='ltr'><strong>lapsus</strong></span> <span class='ocrx_word' id='word_1_25' title='bbox 1276 616 1455 672; x_wconf 91' lang='lat' dir='ltr'><strong>fuerat</strong></span> <span class='ocrx_word' id='word_1_26' title='bbox 1503 614 1778 677; x_wconf 90' lang='lat' dir='ltr'><strong>indicans,</strong></span> <span class='ocrx_word' id='word_1_27' title='bbox 1804 611 2115 677; x_wconf 75' lang='lat' dir='ltr'><strong>dictitabat,</strong></span> 
     </span>
    </p>
   </div>
   <div class='ocr_carea' id='block_1_7' title="bbox 547 702 2121 781">
    <p class='ocr_par' dir='ltr' id='par_1_7' title="bbox 547 702 2121 781">
     <span class='ocr_line' id='line_1_7' title="bbox 547 702 2121 781; baseline -0.007 -16"><span class='ocrx_word' id='word_1_28' title='bbox 547 711 799 781; x_wconf 75' lang='lat' dir='ltr'><strong>quintam</strong></span> <span class='ocrx_word' id='word_1_29' title='bbox 826 710 973 765; x_wconf 83' lang='lat' dir='ltr'><strong>illam</strong></span> <span class='ocrx_word' id='word_1_30' title='bbox 1003 717 1129 779; x_wconf 91' lang='lat' dir='ltr'><strong>post</strong></span> <span class='ocrx_word' id='word_1_31' title='bbox 1155 723 1341 763; x_wconf 91' lang='lat' dir='ltr'><strong>casum</strong></span> <span class='ocrx_word' id='word_1_32' title='bbox 1368 706 1453 777; x_wconf 90' lang='lat' dir='ltr'><strong>agi</strong></span> <span class='ocrx_word' id='word_1_33' title='bbox 1477 704 1655 770; x_wconf 90' lang='lat' dir='ltr'><strong>diem;</strong></span> <span class='ocrx_word' id='word_1_34' title='bbox 1681 702 2121 771; x_wconf 85' lang='lat' dir='ltr'><strong>obsecrabatque</strong></span> 
     </span>
    </p>
   </div>
   <div class='ocr_carea' id='block_1_8' title="bbox 548 792 2123 872">
    <p class='ocr_par' dir='ltr' id='par_1_8' title="bbox 548 792 2123 872">
     <span class='ocr_line' id='line_1_8' title="bbox 548 792 2123 872; baseline -0.008 -15"><span class='ocrx_word' id='word_1_35' title='bbox 548 801 777 858; x_wconf 90' lang='lat' dir='ltr'><strong>liberari</strong></span> <span class='ocrx_word' id='word_1_36' title='bbox 812 818 841 856; x_wconf 91' lang='lat' dir='ltr'><strong>a</strong></span> <span class='ocrx_word' id='word_1_37' title='bbox 862 810 1075 867; x_wconf 88' lang='lat' dir='ltr'><strong>sancto,</strong></span> <span class='ocrx_word' id='word_1_38' title='bbox 1106 802 1219 872; x_wconf 89' lang='lat' dir='ltr'><strong>jam</strong></span> <span class='ocrx_word' id='word_1_39' title='bbox 1242 798 1426 871; x_wconf 70' lang='lat' dir='ltr'><strong>praada</strong></span> <span class='ocrx_word' id='word_1_40' title='bbox 1465 796 1610 851; x_wconf 93' lang='lat' dir='ltr'><strong>hosti</strong></span> <span class='ocrx_word' id='word_1_41' title='bbox 1642 796 1843 850; x_wconf 81' lang='lat' dir='ltr'><strong>factus.</strong></span> <span class='ocrx_word' id='word_1_42' title='bbox 1872 792 1976 859; x_wconf 86' lang='lat' dir='ltr'><strong>Qui</strong></span> <span class='ocrx_word' id='word_1_43' title='bbox 1998 808 2123 846; x_wconf 82' lang='lat' dir='ltr'><strong>ora-</strong></span> 
     </span>
    </p>
   </div>
   <div class='ocr_carea' id='block_1_9' title="bbox 548 883 2121 965">
    <p class='ocr_par' dir='ltr' id='par_1_9' title="bbox 548 883 2121 965">
     <span class='ocr_line' id='line_1_9' title="bbox 548 883 2121 965; baseline -0.009 -15"><span class='ocrx_word' id='word_1_44' title='bbox 548 896 699 953; x_wconf 81' lang='lat' dir='ltr'><strong>tione</strong></span> <span class='ocrx_word' id='word_1_45' title='bbox 723 904 779 950; x_wconf 88' lang='lat' dir='ltr'><strong>et</strong></span> <span class='ocrx_word' id='word_1_46' title='bbox 809 894 992 951; x_wconf 90' lang='lat' dir='ltr'><strong>crucis</strong></span> <span class='ocrx_word' id='word_1_47' title='bbox 1018 896 1176 965; x_wconf 88' lang='lat' dir='ltr'><strong>signo</strong></span> <span class='ocrx_word' id='word_1_48' title='bbox 1214 894 1395 964; x_wconf 88' lang='lat' dir='ltr'><strong>ipsum</strong></span> <span class='ocrx_word' id='word_1_49' title='bbox 1453 890 1733 952; x_wconf 86' lang='lat' dir='ltr'><strong>muniens,</strong></span> <span class='ocrx_word' id='word_1_50' title='bbox 1771 883 2121 955; x_wconf 86' lang='lat' dir='ltr'><strong>insuperabi-</strong></span> 
     </span>
    </p>
   </div>
   <div class='ocr_carea' id='block_1_10' title="bbox 554 981 2123 1060">
    <p class='ocr_par' dir='ltr' id='par_1_10' title="bbox 554 981 2123 1060">
     <span class='ocr_line' id='line_1_10' title="bbox 554 981 2123 1060; baseline -0.011 -14"><span class='ocrx_word' id='word_1_51' title='bbox 554 992 662 1045; x_wconf 91' lang='lat' dir='ltr'><strong>lem</strong></span> <span class='ocrx_word' id='word_1_52' title='bbox 688 990 951 1060; x_wconf 88' lang='lat' dir='ltr'><strong>deinceps</strong></span> <span class='ocrx_word' id='word_1_53' title='bbox 984 990 1138 1045; x_wconf 87' lang='lat' dir='ltr'><strong>hosti</strong></span> <span class='ocrx_word' id='word_1_54' title='bbox 1186 988 1361 1055; x_wconf 86' lang='lat' dir='ltr'><strong>fecit;</strong></span> <span class='ocrx_word' id='word_1_55' title='bbox 1393 985 1527 1042; x_wconf 89' lang='lat' dir='ltr'><strong>fecit</strong></span> <span class='ocrx_word' id='word_1_56' title='bbox 1577 983 1743 1039; x_wconf 87' lang='lat' dir='ltr'><strong>etiam</strong></span> <span class='ocrx_word' id='word_1_57' title='bbox 1782 981 2123 1047; x_wconf 87' lang='lat' dir='ltr'><strong>cireumspe-</strong></span> 
     </span>
    </p>
   </div>
   <div class='ocr_carea' id='block_1_11' title="bbox 552 1069 2120 1151">
    <p class='ocr_par' dir='ltr' id='par_1_11' title="bbox 552 1069 2120 1151">
     <span class='ocr_line' id='line_1_11' title="bbox 552 1069 2120 1151; baseline -0.01 -14"><span class='ocrx_word' id='word_1_58' title='bbox 552 1082 760 1137; x_wconf 90' lang='lat' dir='ltr'><strong>ctiores</strong></span> <span class='ocrx_word' id='word_1_59' title='bbox 786 1081 1087 1151; x_wconf 80' lang='lat' dir='ltr'><strong>discipulos</strong></span> <span class='ocrx_word' id='word_1_60' title='bbox 1124 1094 1277 1146; x_wconf 90' lang='lat' dir='ltr'><strong>suos,</strong></span> <span class='ocrx_word' id='word_1_61' title='bbox 1322 1079 1429 1134; x_wconf 88' lang='lat' dir='ltr'><strong>hoc</strong></span> <span class='ocrx_word' id='word_1_62' title='bbox 1478 1074 1729 1145; x_wconf 82' lang='lat' dir='ltr'><strong>exemplo</strong></span> <span class='ocrx_word' id='word_1_63' title='bbox 1782 1069 2120 1134; x_wconf 89' lang='lat' dir='ltr'><strong>admonitos,</strong></span> 
     </span>
    </p>
   </div>
   <div class='ocr_carea' id='block_1_12' title="bbox 552 1166 2117 1239">
    <p class='ocr_par' dir='ltr' id='par_1_12' title="bbox 552 1166 2117 1239">
     <span class='ocr_line' id='line_1_12' title="bbox 552 1166 2117 1239; baseline -0.009 -9"><span class='ocrx_word' id='word_1_64' title='bbox 552 1175 717 1239; x_wconf 86' lang='lat' dir='ltr'><strong>nihil,</strong></span> <span class='ocrx_word' id='word_1_65' title='bbox 743 1175 875 1230; x_wconf 90' lang='lat' dir='ltr'><strong>licet</strong></span> <span class='ocrx_word' id='word_1_66' title='bbox 903 1175 956 1229; x_wconf 93' lang='lat' dir='ltr'><strong>in</strong></span> <span class='ocrx_word' id='word_1_67' title='bbox 977 1174 1197 1230; x_wconf 92' lang='lat' dir='ltr'><strong>occulto</strong></span> <span class='ocrx_word' id='word_1_68' title='bbox 1230 1171 1459 1236; x_wconf 89' lang='lat' dir='ltr'><strong>factum,</strong></span> <span class='ocrx_word' id='word_1_69' title='bbox 1489 1184 1599 1224; x_wconf 92' lang='lat' dir='ltr'><strong>non</strong></span> <span class='ocrx_word' id='word_1_70' title='bbox 1623 1166 1968 1237; x_wconf 79' lang='lat' dir='ltr'><strong>exploratum</strong></span> <span class='ocrx_word' id='word_1_71' title='bbox 1997 1178 2117 1218; x_wconf 92' lang='lat' dir='ltr'><strong>esse</strong></span> 
     </span>
    </p>
   </div>
   <div class='ocr_carea' id='block_1_13' title="bbox 551 1264 834 1337">
    <p class='ocr_par' dir='ltr' id='par_1_13' title="bbox 551 1264 834 1337">
     <span class='ocr_line' id='line_1_13' title="bbox 551 1264 834 1337; baseline 0 -16"><span class='ocrx_word' id='word_1_72' title='bbox 551 1264 834 1337; x_wconf 82' lang='lat' dir='ltr'><strong>Symeoni.</strong></span> 
     </span>
    </p>
   </div>
   <div class='ocr_carea' id='block_1_14' title="bbox 623 1343 2123 1426">
    <p class='ocr_par' dir='ltr' id='par_1_14' title="bbox 623 1343 2123 1426">
     <span class='ocr_line' id='line_1_14' title="bbox 623 1343 2123 1426; baseline -0.01 -13"><span class='ocrx_word' id='word_1_73' title='bbox 623 1357 747 1413; x_wconf 72' lang='grc'><strong>184.</strong></span> <span class='ocrx_word' id='word_1_74' title='bbox 781 1357 849 1412; x_wconf 89' lang='lat' dir='ltr'><strong>Et</strong></span> <span class='ocrx_word' id='word_1_75' title='bbox 878 1356 985 1411; x_wconf 87' lang='lat' dir='ltr'><strong>hoc</strong></span> <span class='ocrx_word' id='word_1_76' title='bbox 1026 1355 1250 1426; x_wconf 90' lang='lat' dir='ltr'><strong>quidem</strong></span> <span class='ocrx_word' id='word_1_77' title='bbox 1302 1355 1663 1413; x_wconf 80' lang='lat' dir='ltr'><strong>demonstrat,</strong></span> <span class='ocrx_word' id='word_1_78' title='bbox 1720 1349 1869 1419; x_wconf 88' lang='lat' dir='ltr'><strong>quod</strong></span> <span class='ocrx_word' id='word_1_79' title='bbox 1931 1343 2123 1417; x_wconf 86' lang='lat' dir='ltr'><strong>procul</strong></span> 
     </span>
    </p>
   </div>
   <div class='ocr_carea' id='block_1_15' title="bbox 552 1444 2123 1519">
    <p class='ocr_par' dir='ltr' id='par_1_15' title="bbox 552 1444 2123 1519">
     <span class='ocr_line' id='line_1_15' title="bbox 552 1444 2123 1519; baseline -0.01 -15"><span class='ocrx_word' id='word_1_80' title='bbox 552 1456 763 1504; x_wconf 88' lang='lat' dir='ltr'><strong>remota</strong></span> <span class='ocrx_word' id='word_1_81' title='bbox 796 1448 1052 1519; x_wconf 84' lang='lat' dir='ltr'><strong>Symeoni</strong></span> <span class='ocrx_word' id='word_1_82' title='bbox 1078 1448 1231 1502; x_wconf 85' lang='lat' dir='ltr'><strong>velut</strong></span> <span class='ocrx_word' id='word_1_83' title='bbox 1258 1454 1385 1500; x_wconf 85' lang='lat' dir='ltr'><strong>ante</strong></span> <span class='ocrx_word' id='word_1_84' title='bbox 1401 1444 1592 1499; x_wconf 92' lang='lat' dir='ltr'><strong>oculos</strong></span> <span class='ocrx_word' id='word_1_85' title='bbox 1614 1452 1765 1513; x_wconf 90' lang='lat' dir='ltr'><strong>gesta</strong></span> <span class='ocrx_word' id='word_1_86' title='bbox 1789 1449 1954 1509; x_wconf 89' lang='lat' dir='ltr'><strong>atque</strong></span> <span class='ocrx_word' id='word_1_87' title='bbox 1986 1451 2123 1508; x_wconf 57' lang='lat' dir='ltr'><strong>prae-</strong></span> 
     </span>
    </p>
   </div>
   <div class='ocr_carea' id='block_1_16' title="bbox 553 1528 2124 1602">
    <p class='ocr_par' dir='ltr' id='par_1_16' title="bbox 553 1528 2124 1602">
     <span class='ocr_line' id='line_1_16' title="bbox 553 1528 2124 1602; baseline -0.011 -4"><span class='ocrx_word' id='word_1_88' title='bbox 553 1542 731 1598; x_wconf 88' lang='lat' dir='ltr'><strong>sentia</strong></span> <span class='ocrx_word' id='word_1_89' title='bbox 769 1540 1208 1602; x_wconf 79' lang='lat' dir='ltr'><strong>exhiberentur;</strong></span> <span class='ocrx_word' id='word_1_90' title='bbox 1242 1537 1340 1593; x_wconf 88' lang='lat' dir='ltr'><strong>sed</strong></span> <span class='ocrx_word' id='word_1_91' title='bbox 1381 1536 1559 1592; x_wconf 85' lang='lat' dir='ltr'><strong>oratio</strong></span> <span class='ocrx_word' id='word_1_92' title='bbox 1610 1542 1802 1589; x_wconf 87' lang='lat' dir='ltr'><strong>nostra</strong></span> <span class='ocrx_word' id='word_1_93' title='bbox 1851 1530 1970 1585; x_wconf 88' lang='lat' dir='ltr'><strong>vult</strong></span> <span class='ocrx_word' id='word_1_94' title='bbox 2018 1528 2124 1582; x_wconf 90' lang='lat' dir='ltr'><strong>alia</strong></span> 
     </span>
    </p>
   </div>
   <div class='ocr_carea' id='block_1_17' title="bbox 550 1622 2125 1705">
    <p class='ocr_par' dir='ltr' id='par_1_17' title="bbox 550 1622 2125 1705">
     <span class='ocr_line' id='line_1_17' title="bbox 550 1622 2125 1705; baseline -0.01 -15"><span class='ocrx_word' id='word_1_95' title='bbox 550 1649 793 1705; x_wconf 85' lang='lat' dir='ltr'><strong>quoque,</strong></span> <span class='ocrx_word' id='word_1_96' title='bbox 824 1632 1071 1701; x_wconf 85' lang='lat' dir='ltr'><strong>eiusdem</strong></span> <span class='ocrx_word' id='word_1_97' title='bbox 1111 1646 1238 1686; x_wconf 92' lang='lat' dir='ltr'><strong>cum</strong></span> <span class='ocrx_word' id='word_1_98' title='bbox 1268 1631 1379 1702; x_wconf 90' lang='lat' dir='ltr'><strong>jam</strong></span> <span class='ocrx_word' id='word_1_99' title='bbox 1411 1629 1561 1683; x_wconf 90' lang='lat' dir='ltr'><strong>dicto</strong></span> <span class='ocrx_word' id='word_1_100' title='bbox 1593 1626 1817 1681; x_wconf 89' lang='lat' dir='ltr'><strong>virtutis</strong></span> <span class='ocrx_word' id='word_1_101' title='bbox 1838 1631 1893 1679; x_wconf 90' lang='lat' dir='ltr'><strong>et</strong></span> <span class='ocrx_word' id='word_1_102' title='bbox 1942 1622 2125 1677; x_wconf 81' lang='lat' dir='ltr'><strong>elIica-</strong></span> 
     </span>
    </p>
   </div>
   <div class='ocr_carea' id='block_1_18' title="bbox 551 1717 2128 1795">
    <p class='ocr_par' dir='ltr' id='par_1_18' title="bbox 551 1717 2128 1795">
     <span class='ocr_line' id='line_1_18' title="bbox 551 1717 2128 1795; baseline -0.01 -15"><span class='ocrx_word' id='word_1_103' title='bbox 551 1725 655 1781; x_wconf 79' lang='lat' dir='ltr'><strong>ciae</strong></span> <span class='ocrx_word' id='word_1_104' title='bbox 676 1724 919 1795; x_wconf 77' lang='lat' dir='ltr'><strong>adiungi.</strong></span> <span class='ocrx_word' id='word_1_105' title='bbox 958 1722 1196 1787; x_wconf 86' lang='lat' dir='ltr'><strong>Accidit,</strong></span> <span class='ocrx_word' id='word_1_106' title='bbox 1228 1731 1475 1790; x_wconf 91' lang='lat' dir='ltr'><strong>tempore</strong></span> <span class='ocrx_word' id='word_1_107' title='bbox 1506 1734 1617 1789; x_wconf 90' lang='lat' dir='ltr'><strong>quo</strong></span> <span class='ocrx_word' id='word_1_108' title='bbox 1668 1717 1854 1788; x_wconf 77' lang='lat' dir='ltr'><strong>fruges</strong></span> <span class='ocrx_word' id='word_1_109' title='bbox 1898 1722 2128 1768; x_wconf 66' lang='lat' dir='ltr'><strong>matura:</strong></span> 
     </span>
    </p>
   </div>
   <div class='ocr_carea' id='block_1_19' title="bbox 550 1806 2126 1886">
    <p class='ocr_par' dir='ltr' id='par_1_19' title="bbox 550 1806 2126 1886">
     <span class='ocr_line' id='line_1_19' title="bbox 550 1806 2126 1886; baseline -0.01 -13"><span class='ocrx_word' id='word_1_110' title='bbox 550 1828 703 1880; x_wconf 87' lang='lat' dir='ltr'><strong>sunt,</strong></span> <span class='ocrx_word' id='word_1_111' title='bbox 728 1814 1018 1886; x_wconf 86' lang='lat' dir='ltr'><strong>quemdam</strong></span> <span class='ocrx_word' id='word_1_112' title='bbox 1044 1814 1325 1869; x_wconf 85' lang='lat' dir='ltr'><strong>hominem</strong></span> <span class='ocrx_word' id='word_1_113' title='bbox 1361 1828 1419 1868; x_wconf 86' lang='lat' dir='ltr'><strong>se</strong></span> <span class='ocrx_word' id='word_1_114' title='bbox 1445 1812 1513 1866; x_wconf 88' lang='lat' dir='ltr'><strong>ad</strong></span> <span class='ocrx_word' id='word_1_115' title='bbox 1544 1819 1788 1865; x_wconf 90' lang='lat' dir='ltr'><strong>montem</strong></span> <span class='ocrx_word' id='word_1_116' title='bbox 1814 1806 2126 1862; x_wconf 87' lang='lat' dir='ltr'><strong>mirabilem</strong></span> 
     </span>
    </p>
   </div>
   <div class='ocr_carea' id='block_1_20' title="bbox 2234 612 3761 685">
    <p class='ocr_par' dir='ltr' id='par_1_20' title="bbox 2234 612 3761 685">
     <span class='ocr_line' id='line_1_20' title="bbox 2234 612 3761 685; baseline -0.003 -18"><span class='ocrx_word' id='word_1_117' title='bbox 2234 612 2658 685; x_wconf 79' lang='grc' dir='ltr'><strong>καταχεόμενος,</strong></span> <span class='ocrx_word' id='word_1_118' title='bbox 2690 612 2770 666; x_wconf 79' lang='grc' dir='ltr'><strong>ἔτι</strong></span> <span class='ocrx_word' id='word_1_119' title='bbox 2798 612 3007 667; x_wconf 73' lang='grc' dir='ltr'><strong>καὶτὸν</strong></span> <span class='ocrx_word' id='word_1_120' title='bbox 3038 614 3229 683; x_wconf 83' lang='grc' dir='ltr'><strong>χρόνον</strong></span> <span class='ocrx_word' id='word_1_121' title='bbox 3258 612 3345 665; x_wconf 78' lang='grc' dir='ltr'><strong>τοῦ</strong></span> <span class='ocrx_word' id='word_1_122' title='bbox 3390 614 3665 684; x_wconf 76' lang='grc' dir='ltr'><strong>πτώματος</strong></span> <span class='ocrx_word' id='word_1_123' title='bbox 3693 622 3761 685; x_wconf 74' lang='grc' dir='ltr'><strong>ἐξ.</strong></span> 
     </span>
    </p>
   </div>
   <div class='ocr_carea' id='block_1_21' title="bbox 2229 695 3761 775">
    <p class='ocr_par' dir='ltr' id='par_1_21' title="bbox 2229 695 3761 775">
     <span class='ocr_line' id='line_1_21' title="bbox 2229 695 3761 775; baseline 0.007 -22"><span class='ocrx_word' id='word_1_124' title='bbox 2229 698 2564 768; x_wconf 84' lang='grc' dir='ltr'><strong>ομολογεῖτο,</strong></span> <span class='ocrx_word' id='word_1_125' title='bbox 2592 700 2848 770; x_wconf 78' lang='grc' dir='ltr'><strong>πέμπτην</strong></span> <span class='ocrx_word' id='word_1_126' title='bbox 2872 698 3021 768; x_wconf 78' lang='grc' dir='ltr'><strong>αὐτῷ</strong></span> <span class='ocrx_word' id='word_1_127' title='bbox 3048 698 3255 770; x_wconf 89' lang='grc' dir='ltr'><strong>ταύτην</strong></span> <span class='ocrx_word' id='word_1_128' title='bbox 3283 695 3422 754; x_wconf 75' lang='grc' dir='ltr'><strong>εἶναι</strong></span> <span class='ocrx_word' id='word_1_129' title='bbox 3452 703 3620 770; x_wconf 87' lang='grc' dir='ltr'><strong>λέγων</strong></span> <span class='ocrx_word' id='word_1_130' title='bbox 3650 712 3761 775; x_wconf 73' lang='grc' dir='ltr'><strong>μετὰ</strong></span> 
     </span>
    </p>
   </div>
   <div class='ocr_carea' id='block_1_22' title="bbox 2230 790 3765 871">
    <p class='ocr_par' dir='ltr' id='par_1_22' title="bbox 2230 790 3765 871">
     <span class='ocr_line' id='line_1_22' title="bbox 2230 790 3765 871; baseline -0.001 -27"><span class='ocrx_word' id='word_1_131' title='bbox 2230 792 2292 844; x_wconf 78' lang='grc' dir='ltr'><strong>τὸ</strong></span> <span class='ocrx_word' id='word_1_132' title='bbox 2332 790 2505 853; x_wconf 85' lang='grc' dir='ltr'>πάθος</span> <span class='ocrx_word' id='word_1_133' title='bbox 2534 791 2771 861; x_wconf 82' lang='grc' dir='ltr'><strong>ἡμέραν,</strong></span> <span class='ocrx_word' id='word_1_134' title='bbox 2800 792 2895 844; x_wconf 75' lang='grc' dir='ltr'><strong>καὶ</strong></span> <span class='ocrx_word' id='word_1_135' title='bbox 2924 790 3190 862; x_wconf 82' lang='grc' dir='ltr'><strong>ρυσθῆναι</strong></span> <span class='ocrx_word' id='word_1_136' title='bbox 3223 791 3314 844; x_wconf 82' lang='grc' dir='ltr'><strong>ὑπ’</strong></span> <span class='ocrx_word' id='word_1_137' title='bbox 3340 793 3507 845; x_wconf 75' lang='grc' dir='ltr'><strong>αὐτοῦ</strong></span> <span class='ocrx_word' id='word_1_138' title='bbox 3532 796 3659 863; x_wconf 65' lang='grc' dir='ltr'><strong>ᾔτει,</strong></span> <span class='ocrx_word' id='word_1_139' title='bbox 3688 801 3765 871; x_wconf 54' lang='lat' dir='ltr'><strong>ap.</strong></span> 
     </span>
    </p>
   </div>
   <div class='ocr_carea' id='block_1_23' title="bbox 2232 876 3764 950">
    <p class='ocr_par' dir='ltr' id='par_1_23' title="bbox 2232 876 3764 950">
     <span class='ocr_line' id='line_1_23' title="bbox 2232 876 3764 950; baseline 0.008 -21"><span class='ocrx_word' id='word_1_140' title='bbox 2232 893 2428 947; x_wconf 86' lang='grc' dir='ltr'><strong>παγμα</strong></span> <span class='ocrx_word' id='word_1_141' title='bbox 2480 877 2581 947; x_wconf 69' lang='grc' dir='ltr'><strong>ἤδη</strong></span> <span class='ocrx_word' id='word_1_142' title='bbox 2635 877 2713 947; x_wconf 87' lang='grc' dir='ltr'><strong>τῷ</strong></span> <span class='ocrx_word' id='word_1_143' title='bbox 2770 876 3036 950; x_wconf 80' lang='grc' dir='ltr'><strong>ἀλλοτρίῳ</strong></span> <span class='ocrx_word' id='word_1_144' title='bbox 3086 882 3473 950; x_wconf 77' lang='grc' dir='ltr'><strong>γεγενημένος.</strong></span> <span class='ocrx_word' id='word_1_145' title='bbox 3508 884 3657 939; x_wconf 77' lang='grc' dir='ltr'><strong>Ἀλλά</strong></span> <span class='ocrx_word' id='word_1_146' title='bbox 3694 891 3764 942; x_wconf 66' lang='grc' dir='ltr'><strong>τὸν</strong></span> 
     </span>
    </p>
   </div>
   <div class='ocr_carea' id='block_1_24' title="bbox 2233 970 3763 1043">
    <p class='ocr_par' dir='ltr' id='par_1_24' title="bbox 2233 970 3763 1043">
     <span class='ocr_line' id='line_1_24' title="bbox 2233 970 3763 1043; baseline 0.007 -20"><span class='ocrx_word' id='word_1_147' title='bbox 2233 971 2333 1040; x_wconf 87' lang='grc' dir='ltr'><strong>μὲν</strong></span> <span class='ocrx_word' id='word_1_148' title='bbox 2363 970 2495 1040; x_wconf 81' lang='grc' dir='ltr'><strong>εὐχῇ</strong></span> <span class='ocrx_word' id='word_1_149' title='bbox 2520 971 2616 1023; x_wconf 76' lang='grc' dir='ltr'><strong>καὶ</strong></span> <span class='ocrx_word' id='word_1_150' title='bbox 2652 971 2908 1041; x_wconf 76' lang='grc' dir='ltr'><strong>σφραγῖδι</strong></span> <span class='ocrx_word' id='word_1_151' title='bbox 2952 970 3205 1036; x_wconf 82' lang='grc' dir='ltr'><strong>ὁπλίσας,</strong></span> <span class='ocrx_word' id='word_1_152' title='bbox 3239 974 3670 1043; x_wconf 83' lang='grc' dir='ltr'><strong>ἀκαταγὼνιστον</strong></span> <span class='ocrx_word' id='word_1_153' title='bbox 3693 983 3763 1034; x_wconf 72' lang='grc' dir='ltr'><strong>τοῦ</strong></span> 
     </span>
    </p>
   </div>
   <div class='ocr_carea' id='block_1_25' title="bbox 2229 1062 3765 1139">
    <p class='ocr_par' dir='ltr' id='par_1_25' title="bbox 2229 1062 3765 1139">
     <span class='ocr_line' id='line_1_25' title="bbox 2229 1062 3765 1139; baseline 0.004 -21"><span class='ocrx_word' id='word_1_154' title='bbox 2229 1064 2421 1118; x_wconf 79' lang='grc' dir='ltr'><strong>λοιποῦ</strong></span> <span class='ocrx_word' id='word_1_155' title='bbox 2461 1063 2541 1134; x_wconf 88' lang='grc' dir='ltr'>τῷ</span> <span class='ocrx_word' id='word_1_156' title='bbox 2572 1062 2753 1134; x_wconf 89' lang='grc' dir='ltr'><strong>ἐχθρῷ</strong></span> <span class='ocrx_word' id='word_1_157' title='bbox 2786 1065 3082 1134; x_wconf 77' lang='grc' dir='ltr'>πεποιήκει</span> <span class='ocrx_word' id='word_1_158' title='bbox 3115 1080 3129 1094; x_wconf 88' lang='grc'><strong>·</strong></span> <span class='ocrx_word' id='word_1_159' title='bbox 3157 1064 3597 1139; x_wconf 84' lang='grc' dir='ltr'><strong>ἀσφαλεστέρους</strong></span> <span class='ocrx_word' id='word_1_160' title='bbox 3622 1069 3670 1122; x_wconf 87' lang='grc' dir='ltr'><strong>δέ</strong></span> <span class='ocrx_word' id='word_1_161' title='bbox 3692 1074 3765 1125; x_wconf 72' lang='grc' dir='ltr'><strong>καὶ</strong></span> 
     </span>
    </p>
   </div>
   <div class='ocr_carea' id='block_1_26' title="bbox 2229 1154 3767 1225">
    <p class='ocr_par' dir='ltr' id='par_1_26' title="bbox 2229 1154 3767 1225">
     <span class='ocr_line' id='line_1_26' title="bbox 2229 1154 3767 1225; baseline 0.003 -17"><span class='ocrx_word' id='word_1_162' title='bbox 2229 1156 2357 1218; x_wconf 81' lang='grc' dir='ltr'><strong>τοὺς</strong></span> <span class='ocrx_word' id='word_1_163' title='bbox 2388 1154 2658 1225; x_wconf 85' lang='grc' dir='ltr'><strong>μαθητὰς,</strong></span> <span class='ocrx_word' id='word_1_164' title='bbox 2699 1154 2909 1217; x_wconf 76' lang='grc' dir='ltr'><strong>εἰδότας</strong></span> <span class='ocrx_word' id='word_1_165' title='bbox 2938 1154 3086 1218; x_wconf 86' lang='grc' dir='ltr'><strong>ὅπως</strong></span> <span class='ocrx_word' id='word_1_166' title='bbox 3131 1155 3284 1209; x_wconf 88' lang='grc' dir='ltr'><strong>ούδὲν</strong></span> <span class='ocrx_word' id='word_1_167' title='bbox 3322 1157 3489 1210; x_wconf 75' lang='grc' dir='ltr'><strong>αὐτὸν</strong></span> <span class='ocrx_word' id='word_1_168' title='bbox 3537 1158 3649 1212; x_wconf 77' lang='grc' dir='ltr'><strong>οὐδὲ</strong></span> <span class='ocrx_word' id='word_1_169' title='bbox 3684 1161 3767 1213; x_wconf 82' lang='grc' dir='ltr'><strong>τῶν</strong></span> 
     </span>
    </p>
   </div>
   <div class='ocr_carea' id='block_1_27' title="bbox 2233 1247 3239 1319">
    <p class='ocr_par' dir='ltr' id='par_1_27' title="bbox 2233 1247 3239 1319">
     <span class='ocr_line' id='line_1_27' title="bbox 2233 1247 3239 1319; baseline 0.003 -20"><span class='ocrx_word' id='word_1_170' title='bbox 2233 1250 2291 1300; x_wconf 86' lang='grc' dir='ltr'><strong>ἐν</strong></span> <span class='ocrx_word' id='word_1_171' title='bbox 2326 1250 2511 1319; x_wconf 80' lang='grc' dir='ltr'>κρυφῇ</span> <span class='ocrx_word' id='word_1_172' title='bbox 2543 1248 2848 1319; x_wconf 85' lang='grc' dir='ltr'><strong>γινομένων</strong></span> <span class='ocrx_word' id='word_1_173' title='bbox 2875 1247 3239 1302; x_wconf 79' lang='grc' dir='ltr'><strong>διαλανθάνει.</strong></span> 
     </span>
    </p>
   </div>
   <div class='ocr_carea' id='block_1_28' title="bbox 2306 1335 3769 1409">
    <p class='ocr_par' dir='ltr' id='par_1_28' title="bbox 2306 1335 3769 1409">
     <span class='ocr_line' id='line_1_28' title="bbox 2306 1335 3769 1409; baseline 0.001 -18"><span class='ocrx_word' id='word_1_174' title='bbox 2306 1339 2448 1408; x_wconf 87' lang='grc' dir='ltr'><strong>ρπδ¹.</strong></span> <span class='ocrx_word' id='word_1_175' title='bbox 2482 1340 2592 1393; x_wconf 68' lang='grc' dir='ltr'><strong>Καὶ</strong></span> <span class='ocrx_word' id='word_1_176' title='bbox 2644 1338 2803 1392; x_wconf 79' lang='grc' dir='ltr'><strong>τοῦτο</strong></span> <span class='ocrx_word' id='word_1_177' title='bbox 2866 1338 2964 1409; x_wconf 78' lang='grc' dir='ltr'><strong>μὲν</strong></span> <span class='ocrx_word' id='word_1_178' title='bbox 3012 1338 3078 1408; x_wconf 82' lang='grc' dir='ltr'><strong>δὴ</strong></span> <span class='ocrx_word' id='word_1_179' title='bbox 3127 1338 3360 1405; x_wconf 86' lang='grc' dir='ltr'><strong>τοιοῦτο,</strong></span> <span class='ocrx_word' id='word_1_180' title='bbox 3394 1335 3493 1391; x_wconf 69' lang='grc' dir='ltr'><strong>καὶ</strong></span> <span class='ocrx_word' id='word_1_181' title='bbox 3548 1340 3676 1392; x_wconf 76' lang='grc' dir='ltr'><strong>οὕτω</strong></span> <span class='ocrx_word' id='word_1_182' title='bbox 3713 1344 3769 1393; x_wconf 70' lang='grc' dir='ltr'><strong>τὰ</strong></span> 
     </span>
    </p>
   </div>
   <div class='ocr_carea' id='block_1_29' title="bbox 2238 1429 3768 1502">
    <p class='ocr_par' dir='ltr' id='par_1_29' title="bbox 2238 1429 3768 1502">
     <span class='ocr_line' id='line_1_29' title="bbox 2238 1429 3768 1502; baseline 0.002 -20"><span class='ocrx_word' id='word_1_183' title='bbox 2238 1430 2455 1501; x_wconf 72' lang='grc' dir='ltr'><strong>μακράν</strong></span> <span class='ocrx_word' id='word_1_184' title='bbox 2510 1431 2603 1483; x_wconf 78' lang='grc' dir='ltr'><strong>καὶ</strong></span> <span class='ocrx_word' id='word_1_185' title='bbox 2650 1431 2840 1502; x_wconf 82' lang='grc' dir='ltr'><strong>πόρῤω</strong></span> <span class='ocrx_word' id='word_1_186' title='bbox 2870 1430 2949 1500; x_wconf 81' lang='grc' dir='ltr'><strong>τῷ</strong></span> <span class='ocrx_word' id='word_1_187' title='bbox 3003 1429 3229 1500; x_wconf 87' lang='grc' dir='ltr'><strong>Συμεὼν</strong></span> <span class='ocrx_word' id='word_1_188' title='bbox 3279 1432 3340 1483; x_wconf 88' lang='grc' dir='ltr'><strong>ἑν</strong></span> <span class='ocrx_word' id='word_1_189' title='bbox 3386 1430 3768 1500; x_wconf 83' lang='grc' dir='ltr'><strong>όφθαλμοῖς,ὡ;</strong></span> 
     </span>
    </p>
   </div>
   <div class='ocr_carea' id='block_1_30' title="bbox 2235 1522 3769 1594">
    <p class='ocr_par' dir='ltr' id='par_1_30' title="bbox 2235 1522 3769 1594">
     <span class='ocr_line' id='line_1_30' title="bbox 2235 1522 3769 1594; baseline 0.001 -19"><span class='ocrx_word' id='word_1_190' title='bbox 2235 1525 2480 1593; x_wconf 88' lang='grc' dir='ltr'><strong>παρόντα</strong></span> <span class='ocrx_word' id='word_1_191' title='bbox 2525 1522 2771 1577; x_wconf 88' lang='grc' dir='ltr'><strong>δεικνύον</strong></span> <span class='ocrx_word' id='word_1_192' title='bbox 2798 1538 2812 1552; x_wconf 76' lang='grc'><strong><em>⁸</em></strong></span> <span class='ocrx_word' id='word_1_193' title='bbox 2847 1524 2876 1574; x_wconf 77' lang='grc' dir='ltr'>ὁ</span> <span class='ocrx_word' id='word_1_194' title='bbox 2903 1523 2961 1577; x_wconf 86' lang='grc' dir='ltr'><strong>δέ</strong></span> <span class='ocrx_word' id='word_1_195' title='bbox 2992 1522 3151 1591; x_wconf 83' lang='grc' dir='ltr'><strong>λόγος</strong></span> <span class='ocrx_word' id='word_1_196' title='bbox 3194 1524 3289 1577; x_wconf 73' lang='grc' dir='ltr'><strong>καὶ</strong></span> <span class='ocrx_word' id='word_1_197' title='bbox 3333 1522 3470 1577; x_wconf 80' lang='grc' dir='ltr'><strong>ἀλλα</strong></span> <span class='ocrx_word' id='word_1_198' title='bbox 3502 1526 3598 1594; x_wconf 82' lang='grc' dir='ltr'><strong>τῆς</strong></span> <span class='ocrx_word' id='word_1_199' title='bbox 3634 1526 3769 1593; x_wconf 71' lang='grc' dir='ltr'><strong>αὐτῆς</strong></span> 
     </span>
    </p>
   </div>
   <div class='ocr_carea' id='block_1_31' title="bbox 2231 1614 3769 1688">
    <p class='ocr_par' dir='ltr' id='par_1_31' title="bbox 2231 1614 3769 1688">
     <span class='ocr_line' id='line_1_31' title="bbox 2231 1614 3769 1688; baseline 0.001 -20"><span class='ocrx_word' id='word_1_200' title='bbox 2231 1616 2310 1687; x_wconf 80' lang='grc' dir='ltr'><strong>τῷ</strong></span> <span class='ocrx_word' id='word_1_201' title='bbox 2337 1614 2614 1687; x_wconf 81' lang='grc' dir='ltr'><strong>εἰρημένῳ</strong></span> <span class='ocrx_word' id='word_1_202' title='bbox 2631 1615 2912 1687; x_wconf 88' lang='grc' dir='ltr'><strong>δυνάμεως</strong></span> <span class='ocrx_word' id='word_1_203' title='bbox 2936 1616 3251 1688; x_wconf 87' lang='grc' dir='ltr'><strong>προσθεῖναι</strong></span> <span class='ocrx_word' id='word_1_204' title='bbox 3280 1616 3552 1685; x_wconf 85' lang='grc' dir='ltr'><strong>βούλεται.</strong></span> <span class='ocrx_word' id='word_1_205' title='bbox 3570 1618 3769 1688; x_wconf 81' lang='grc' dir='ltr'><strong>Ἀνθρώ-</strong></span> 
     </span>
    </p>
   </div>
   <div class='ocr_carea' id='block_1_32' title="bbox 2234 1707 3773 1779">
    <p class='ocr_par' dir='ltr' id='par_1_32' title="bbox 2234 1707 3773 1779">
     <span class='ocr_line' id='line_1_32' title="bbox 2234 1707 3773 1779; baseline 0.001 -19"><span class='ocrx_word' id='word_1_206' title='bbox 2234 1726 2321 1777; x_wconf 85' lang='grc' dir='ltr'><strong>πῳ</strong></span> <span class='ocrx_word' id='word_1_207' title='bbox 2379 1707 2577 1777; x_wconf 71' lang='grc' dir='ltr'><strong>ωνέόη</strong></span> <span class='ocrx_word' id='word_1_208' title='bbox 2630 1708 2739 1760; x_wconf 70' lang='lat' dir='ltr'><strong>&#39;cwi</strong></span> <span class='ocrx_word' id='word_1_209' title='bbox 2794 1708 2923 1779; x_wconf 75' lang='grc' dir='ltr'><strong>περὶ</strong></span> <span class='ocrx_word' id='word_1_210' title='bbox 2974 1707 3121 1760; x_wconf 81' lang='grc' dir='ltr'><strong>σίτου</strong></span> <span class='ocrx_word' id='word_1_211' title='bbox 3168 1708 3355 1777; x_wconf 71' lang='grc' dir='ltr'><strong>ἀκμὴν</strong></span> <span class='ocrx_word' id='word_1_212' title='bbox 3392 1708 3454 1759; x_wconf 80' lang='grc' dir='ltr'><strong>τὸ</strong></span> <span class='ocrx_word' id='word_1_213' title='bbox 3502 1707 3773 1777; x_wconf 62' lang='grc' dir='ltr'><strong>θαυμαστὸν</strong></span> 
     </span>
    </p>
   </div>
   <div class='ocr_carea' id='block_1_33' title="bbox 2234 1799 3771 1877">
    <p class='ocr_par' dir='ltr' id='par_1_33' title="bbox 2234 1799 3771 1877">
     <span class='ocr_line' id='line_1_33' title="bbox 2234 1799 3771 1877; baseline 0.002 -23"><span class='ocrx_word' id='word_1_214' title='bbox 2234 1800 2437 1855; x_wconf 81' lang='grc' dir='ltr'><strong>ἀνιόντι</strong></span> <span class='ocrx_word' id='word_1_215' title='bbox 2468 1800 2594 1873; x_wconf 79' lang='grc' dir='ltr'><strong>ὅρος</strong></span> <span class='ocrx_word' id='word_1_216' title='bbox 2653 1801 2747 1853; x_wconf 74' lang='grc' dir='ltr'><strong>καὶ</strong></span> <span class='ocrx_word' id='word_1_217' title='bbox 2775 1799 2854 1870; x_wconf 82' lang='grc' dir='ltr'><strong>τῷ</strong></span> <span class='ocrx_word' id='word_1_218' title='bbox 2900 1817 2960 1854; x_wconf 90' lang='grc' dir='ltr'><strong>τε</strong></span> <span class='ocrx_word' id='word_1_219' title='bbox 3010 1801 3252 1854; x_wconf 85' lang='grc' dir='ltr'><strong>καύσωνι</strong></span> <span class='ocrx_word' id='word_1_220' title='bbox 3304 1804 3404 1873; x_wconf 78' lang='grc' dir='ltr'><strong>τῆς</strong></span> <span class='ocrx_word' id='word_1_221' title='bbox 3444 1804 3610 1877; x_wconf 81' lang='grc' dir='ltr'><strong>ὧρας,</strong></span> <span class='ocrx_word' id='word_1_222' title='bbox 3636 1803 3702 1873; x_wconf 85' lang='grc' dir='ltr'><strong>τῷ</strong></span> <span class='ocrx_word' id='word_1_223' title='bbox 3725 1822 3771 1857; x_wconf 87' lang='grc' dir='ltr'><strong>τε</strong></span> 
     </span>
    </p>
   </div>
   <div class='ocr_carea' id='block_1_34' title="bbox 552 1885 2134 1977">
    <p class='ocr_par' dir='ltr' id='par_1_34' title="bbox 552 1885 2127 1977">
     <span class='ocr_line' id='line_1_34' title="bbox 552 1885 2127 1977; baseline -0.01 -12"><span class='ocrx_word' id='word_1_224' title='bbox 552 1885 832 1970; x_wconf 83' lang='lat' dir='ltr'><strong>conferre.</strong></span> <span class='ocrx_word' id='word_1_225' title='bbox 868 1906 1317 1977; x_wconf 84' lang='lat' dir='ltr'><strong>tempestatisque</strong></span> <span class='ocrx_word' id='word_1_226' title='bbox 1347 1904 1546 1959; x_wconf 89' lang='lat' dir='ltr'><strong>ardore</strong></span> <span class='ocrx_word' id='word_1_227' title='bbox 1566 1913 1624 1958; x_wconf 88' lang='lat' dir='ltr'><strong>et</strong></span> <span class='ocrx_word' id='word_1_228' title='bbox 1665 1899 1976 1956; x_wconf 86' lang='lat' dir='ltr'><strong>acclivitate</strong></span> <span class='ocrx_word' id='word_1_229' title='bbox 2024 1896 2127 1951; x_wconf 76' lang='lat' dir='ltr'><strong>via:</strong></span> 
     </span>
    </p>
   </div>
   <div class='ocr_carea' id='block_1_35' title="bbox 2240 1885 3773 1977">
    <p class='ocr_par' dir='ltr' id='par_1_35' title="bbox 2240 1893 3773 1966">
     <span class='ocr_line' id='line_1_35' title="bbox 2240 1893 3773 1966; baseline 0.001 -18"><span class='ocrx_word' id='word_1_230' title='bbox 2240 1896 2329 1963; x_wconf 81' lang='grc' dir='ltr'><strong>τῆς</strong></span> <span class='ocrx_word' id='word_1_231' title='bbox 2360 1893 2481 1948; x_wconf 81' lang='grc' dir='ltr'><strong>όδοῦ</strong></span> <span class='ocrx_word' id='word_1_232' title='bbox 2514 1893 2750 1957; x_wconf 85' lang='grc' dir='ltr'><strong>ἀνάντει,</strong></span> <span class='ocrx_word' id='word_1_233' title='bbox 2790 1894 2925 1965; x_wconf 79' lang='grc' dir='ltr'><strong>πρὸς</strong></span> <span class='ocrx_word' id='word_1_234' title='bbox 2969 1895 3069 1964; x_wconf 81' lang='grc' dir='ltr'><strong>τὴν</strong></span> <span class='ocrx_word' id='word_1_235' title='bbox 3116 1895 3210 1948; x_wconf 80' lang='grc' dir='ltr'><strong>τοῦ</strong></span> <span class='ocrx_word' id='word_1_236' title='bbox 3266 1896 3456 1965; x_wconf 75' lang='grc' dir='ltr'><strong>δίψους</strong></span> <span class='ocrx_word' id='word_1_237' title='bbox 3499 1898 3773 1966; x_wconf 75' lang='grc' dir='ltr'><strong>ἀπαγορεύ-</strong></span> 
     </span>
    </p>
   </div>
   <div class='ocr_carea' id='block_1_36' title="bbox 550 1991 2130 2059">
    <p class='ocr_par' dir='ltr' id='par_1_36' title="bbox 550 1991 2130 2059">
     <span class='ocr_line' id='line_1_36' title="bbox 550 1991 2130 2059; baseline -0.009 -3"><span class='ocrx_word' id='word_1_238' title='bbox 550 2001 789 2057; x_wconf 81' lang='lat' dir='ltr'><strong>excitata</strong></span> <span class='ocrx_word' id='word_1_239' title='bbox 820 1999 943 2055; x_wconf 85' lang='lat' dir='ltr'><strong>sitis</strong></span> <span class='ocrx_word' id='word_1_240' title='bbox 962 1997 1313 2054; x_wconf 89' lang='lat' dir='ltr'><strong>vehementia</strong></span> <span class='ocrx_word' id='word_1_241' title='bbox 1370 1996 1741 2059; x_wconf 87' lang='lat' dir='ltr'><strong>deficientem,</strong></span> <span class='ocrx_word' id='word_1_242' title='bbox 1793 1991 1950 2046; x_wconf 89' lang='lat' dir='ltr'><strong>humi</strong></span> <span class='ocrx_word' id='word_1_243' title='bbox 1994 2004 2130 2045; x_wconf 87' lang='lat' dir='ltr'><strong>con-</strong></span> 
     </span>
    </p>
   </div>
   <div class='ocr_carea' id='block_1_37' title="bbox 552 2086 2129 2157">
    <p class='ocr_par' dir='ltr' id='par_1_37' title="bbox 552 2086 2129 2157">
     <span class='ocr_line' id='line_1_37' title="bbox 552 2086 2129 2157; baseline -0.009 -7"><span class='ocrx_word' id='word_1_244' title='bbox 552 2094 741 2150; x_wconf 82' lang='lat' dir='ltr'><strong>cidere</strong></span> <span class='ocrx_word' id='word_1_245' title='bbox 769 2104 827 2149; x_wconf 90' lang='lat' dir='ltr'><strong>et</strong></span> <span class='ocrx_word' id='word_1_246' title='bbox 851 2100 1061 2147; x_wconf 90' lang='lat' dir='ltr'><strong>tantum</strong></span> <span class='ocrx_word' id='word_1_247' title='bbox 1100 2107 1211 2145; x_wconf 87' lang='lat' dir='ltr'><strong>non</strong></span> <span class='ocrx_word' id='word_1_248' title='bbox 1246 2090 1432 2145; x_wconf 91' lang='lat' dir='ltr'><strong>animo</strong></span> <span class='ocrx_word' id='word_1_249' title='bbox 1478 2088 1677 2157; x_wconf 90' lang='lat' dir='ltr'><strong>linqui.</strong></span> <span class='ocrx_word' id='word_1_250' title='bbox 1713 2086 1943 2155; x_wconf 85' lang='lat' dir='ltr'><strong>Jamque</strong></span> <span class='ocrx_word' id='word_1_251' title='bbox 1990 2092 2129 2138; x_wconf 83' lang='lat' dir='ltr'><strong>lem—</strong></span> 
     </span>
    </p>
   </div>
   <div class='ocr_carea' id='block_1_38' title="bbox 551 2182 2131 2256">
    <p class='ocr_par' dir='ltr' id='par_1_38' title="bbox 551 2182 2131 2256">
     <span class='ocr_line' id='line_1_38' title="bbox 551 2182 2131 2256; baseline -0.009 -16"><span class='ocrx_word' id='word_1_252' title='bbox 551 2201 657 2256; x_wconf 84' lang='lat' dir='ltr'><strong>pus</strong></span> <span class='ocrx_word' id='word_1_253' title='bbox 680 2191 799 2239; x_wconf 87' lang='lat' dir='ltr'><strong>erat</strong></span> <span class='ocrx_word' id='word_1_254' title='bbox 825 2199 936 2254; x_wconf 89' lang='lat' dir='ltr'><strong>quo</strong></span> <span class='ocrx_word' id='word_1_255' title='bbox 995 2182 1328 2251; x_wconf 69' lang='lat' dir='ltr'><strong>vespertinae</strong></span> <span class='ocrx_word' id='word_1_256' title='bbox 1378 2189 1655 2235; x_wconf 86' lang='lat' dir='ltr'><strong>canuntur</strong></span> <span class='ocrx_word' id='word_1_257' title='bbox 1708 2191 1924 2248; x_wconf 88' lang='lat' dir='ltr'><strong>preces,</strong></span> <span class='ocrx_word' id='word_1_258' title='bbox 1993 2188 2131 2243; x_wconf 89' lang='lat' dir='ltr'><strong>quas</strong></span> 
     </span>
    </p>
   </div>
   <div class='ocr_carea' id='block_1_39' title="bbox 552 2265 2130 2347">
    <p class='ocr_par' dir='ltr' id='par_1_39' title="bbox 552 2265 2130 2347">
     <span class='ocr_line' id='line_1_39' title="bbox 552 2265 2130 2347; baseline -0.01 -13"><span class='ocrx_word' id='word_1_259' title='bbox 552 2287 780 2335; x_wconf 88' lang='lat' dir='ltr'><strong>sanctus</strong></span> <span class='ocrx_word' id='word_1_260' title='bbox 800 2292 902 2347; x_wconf 91' lang='lat' dir='ltr'><strong>pro</strong></span> <span class='ocrx_word' id='word_1_261' title='bbox 932 2291 1087 2330; x_wconf 89' lang='lat' dir='ltr'><strong>more</strong></span> <span class='ocrx_word' id='word_1_262' title='bbox 1128 2290 1228 2330; x_wconf 92' lang='lat' dir='ltr'><strong>suo</strong></span> <span class='ocrx_word' id='word_1_263' title='bbox 1265 2289 1388 2328; x_wconf 90' lang='lat' dir='ltr'><strong>cum</strong></span> <span class='ocrx_word' id='word_1_264' title='bbox 1429 2272 1721 2342; x_wconf 88' lang='lat' dir='ltr'><strong>discipulis</strong></span> <span class='ocrx_word' id='word_1_265' title='bbox 1781 2270 1894 2323; x_wconf 91' lang='lat' dir='ltr'><strong>Deo</strong></span> <span class='ocrx_word' id='word_1_266' title='bbox 1917 2265 2130 2337; x_wconf 89' lang='lat' dir='ltr'><strong>persol-</strong></span> 
     </span>
    </p>
   </div>
   <div class='ocr_carea' id='block_1_40' title="bbox 552 2357 2129 2435">
    <p class='ocr_par' dir='ltr' id='par_1_40' title="bbox 552 2357 2129 2435">
     <span class='ocr_line' id='line_1_40' title="bbox 552 2357 2129 2435; baseline -0.01 -10"><span class='ocrx_word' id='word_1_267' title='bbox 552 2371 751 2435; x_wconf 79' lang='lat' dir='ltr'><strong>vebat;</strong></span> <span class='ocrx_word' id='word_1_268' title='bbox 800 2383 928 2423; x_wconf 91' lang='lat' dir='ltr'><strong>cum</strong></span> <span class='ocrx_word' id='word_1_269' title='bbox 986 2368 1126 2423; x_wconf 90' lang='lat' dir='ltr'><strong>duos</strong></span> <span class='ocrx_word' id='word_1_270' title='bbox 1172 2366 1392 2421; x_wconf 89' lang='lat' dir='ltr'><strong>illorum</strong></span> <span class='ocrx_word' id='word_1_271' title='bbox 1433 2363 1502 2418; x_wconf 90' lang='lat' dir='ltr'><strong>ad</strong></span> <span class='ocrx_word' id='word_1_272' title='bbox 1551 2378 1611 2418; x_wconf 92' lang='lat' dir='ltr'><strong>se</strong></span> <span class='ocrx_word' id='word_1_273' title='bbox 1668 2369 1895 2415; x_wconf 88' lang='lat' dir='ltr'><strong>vocatos</strong></span> <span class='ocrx_word' id='word_1_274' title='bbox 1948 2357 2129 2429; x_wconf 85' lang='lat' dir='ltr'><strong>jubet,</strong></span> 
     </span>
    </p>
   </div>
   <div class='ocr_carea' id='block_1_41' title="bbox 2239 1982 3771 2056">
    <p class='ocr_par' dir='ltr' id='par_1_41' title="bbox 2239 1982 3771 2056">
     <span class='ocr_line' id='line_1_41' title="bbox 2239 1982 3771 2056; baseline -0.002 -18"><span class='ocrx_word' id='word_1_275' title='bbox 2239 2001 2393 2038; x_wconf 85' lang='grc' dir='ltr'><strong>σαντι</strong></span> <span class='ocrx_word' id='word_1_276' title='bbox 2430 1983 2550 2053; x_wconf 86' lang='grc' dir='ltr'><strong>βίαν</strong></span> <span class='ocrx_word' id='word_1_277' title='bbox 2578 1984 2671 2036; x_wconf 76' lang='grc' dir='ltr'><strong>ἐπὶ</strong></span> <span class='ocrx_word' id='word_1_278' title='bbox 2705 1984 2807 2055; x_wconf 75' lang='grc' dir='ltr'><strong>τὴν</strong></span> <span class='ocrx_word' id='word_1_279' title='bbox 2836 1984 2939 2053; x_wconf 81' lang='grc' dir='ltr'><strong>γῆν</strong></span> <span class='ocrx_word' id='word_1_280' title='bbox 2981 1982 3383 2056; x_wconf 81' lang='grc' dir='ltr'><strong>καταρῤεὖσαι,</strong></span> <span class='ocrx_word' id='word_1_281' title='bbox 3418 1985 3512 2038; x_wconf 78' lang='grc' dir='ltr'><strong>καὶ</strong></span> <span class='ocrx_word' id='word_1_282' title='bbox 3549 1988 3661 2037; x_wconf 80' lang='grc' dir='ltr'><strong>κατ’</strong></span> <span class='ocrx_word' id='word_1_283' title='bbox 3685 1986 3771 2036; x_wconf 72' lang='grc' dir='ltr'><strong>ἁλί.</strong></span> 
     </span>
    </p>
   </div>
   <div class='ocr_carea' id='block_1_42' title="bbox 2230 2071 3770 2148">
    <p class='ocr_par' dir='ltr' id='par_1_42' title="bbox 2230 2071 3770 2148">
     <span class='ocr_line' id='line_1_42' title="bbox 2230 2071 3770 2148; baseline -0.001 -19"><span class='ocrx_word' id='word_1_284' title='bbox 2230 2094 2327 2145; x_wconf 92' lang='grc' dir='ltr'><strong>γον</strong></span> <span class='ocrx_word' id='word_1_285' title='bbox 2385 2075 2804 2145; x_wconf 82' lang='grc' dir='ltr'><strong>ὑπολιμπάνειν.</strong></span> <span class='ocrx_word' id='word_1_286' title='bbox 2828 2071 2937 2129; x_wconf 83' lang='grc' dir='ltr'><strong>Ἦν</strong></span> <span class='ocrx_word' id='word_1_287' title='bbox 2974 2077 3072 2147; x_wconf 81' lang='grc' dir='ltr'><strong>μὲν</strong></span> <span class='ocrx_word' id='word_1_288' title='bbox 3106 2072 3198 2130; x_wconf 80' lang='grc' dir='ltr'><strong>οὖν</strong></span> <span class='ocrx_word' id='word_1_289' title='bbox 3230 2077 3332 2147; x_wconf 76' lang='grc' dir='ltr'><strong>ήδη</strong></span> <span class='ocrx_word' id='word_1_290' title='bbox 3390 2077 3520 2148; x_wconf 75' lang='grc' dir='ltr'><strong>περὶ</strong></span> <span class='ocrx_word' id='word_1_291' title='bbox 3550 2077 3643 2139; x_wconf 77' lang='grc' dir='ltr'><strong>τὰς</strong></span> <span class='ocrx_word' id='word_1_292' title='bbox 3678 2080 3770 2129; x_wconf 76' lang='grc' dir='ltr'><strong>ἐπι-</strong></span> 
     </span>
    </p>
   </div>
   <div class='ocr_carea' id='block_1_43' title="bbox 2232 2167 3771 2240">
    <p class='ocr_par' dir='ltr' id='par_1_43' title="bbox 2232 2167 3771 2240">
     <span class='ocr_line' id='line_1_43' title="bbox 2232 2167 3771 2240; baseline 0 -20"><span class='ocrx_word' id='word_1_293' title='bbox 2232 2169 2482 2239; x_wconf 76' lang='grc' dir='ltr'><strong>λυχνίους</strong></span> <span class='ocrx_word' id='word_1_294' title='bbox 2534 2167 2700 2239; x_wconf 84' lang='grc' dir='ltr'><strong>ᾠδὰς,</strong></span> <span class='ocrx_word' id='word_1_295' title='bbox 2729 2168 2825 2223; x_wconf 69' lang='grc' dir='ltr'><strong>καὶ</strong></span> <span class='ocrx_word' id='word_1_296' title='bbox 2871 2167 3095 2233; x_wconf 84' lang='grc' dir='ltr'><strong>ταύτας,</strong></span> <span class='ocrx_word' id='word_1_297' title='bbox 3124 2169 3199 2233; x_wconf 85' lang='grc' dir='ltr'><strong>ὡς</strong></span> <span class='ocrx_word' id='word_1_298' title='bbox 3233 2169 3489 2240; x_wconf 89' lang='grc' dir='ltr'><strong>σύνηθες,</strong></span> <span class='ocrx_word' id='word_1_299' title='bbox 3523 2170 3550 2221; x_wconf 86' lang='grc' dir='ltr'><strong>ό</strong></span> <span class='ocrx_word' id='word_1_300' title='bbox 3587 2169 3771 2237; x_wconf 76' lang='grc' dir='ltr'><strong>Συμεὼν</strong></span> 
     </span>
    </p>
   </div>
   <div class='ocr_carea' id='block_1_44' title="bbox 2232 2260 3771 2332">
    <p class='ocr_par' dir='ltr' id='par_1_44' title="bbox 2232 2260 3771 2332">
     <span class='ocr_line' id='line_1_44' title="bbox 2232 2260 3771 2332; baseline -0.001 -19"><span class='ocrx_word' id='word_1_301' title='bbox 2232 2260 2351 2331; x_wconf 84' lang='grc' dir='ltr'><strong>Θεῷ</strong></span> <span class='ocrx_word' id='word_1_302' title='bbox 2403 2260 2541 2331; x_wconf 87' lang='grc' dir='ltr'><strong>μετά</strong></span> <span class='ocrx_word' id='word_1_303' title='bbox 2583 2260 2691 2314; x_wconf 82' lang='grc' dir='ltr'><strong>τῶν</strong></span> <span class='ocrx_word' id='word_1_304' title='bbox 2725 2260 2981 2331; x_wconf 81' lang='grc' dir='ltr'><strong>μαθητῶν</strong></span> <span class='ocrx_word' id='word_1_305' title='bbox 3006 2261 3260 2315; x_wconf 84' lang='grc' dir='ltr'><strong>ἀπεδίδου</strong></span> <span class='ocrx_word' id='word_1_306' title='bbox 3289 2279 3302 2292; x_wconf 91' lang='grc'><strong>·</strong></span> <span class='ocrx_word' id='word_1_307' title='bbox 3340 2264 3401 2314; x_wconf 89' lang='grc' dir='ltr'><strong>ἑν</strong></span> <span class='ocrx_word' id='word_1_308' title='bbox 3433 2263 3602 2332; x_wconf 84' lang='grc' dir='ltr'><strong>τούτῳ</strong></span> <span class='ocrx_word' id='word_1_309' title='bbox 3624 2262 3674 2314; x_wconf 81' lang='grc' dir='ltr'><strong>δὲ</strong></span> <span class='ocrx_word' id='word_1_310' title='bbox 3702 2262 3771 2313; x_wconf 73' lang='grc' dir='ltr'><strong>δύο</strong></span> 
     </span>
    </p>
   </div>
   <div class='ocr_carea' id='block_1_45' title="bbox 2233 2350 3770 2422">
    <p class='ocr_par' dir='ltr' id='par_1_45' title="bbox 2233 2350 3770 2422">
     <span class='ocr_line' id='line_1_45' title="bbox 2233 2350 3770 2422; baseline 0 -18"><span class='ocrx_word' id='word_1_311' title='bbox 2233 2350 2386 2412; x_wconf 85' lang='grc' dir='ltr'><strong>τινὰς</strong></span> <span class='ocrx_word' id='word_1_312' title='bbox 2441 2350 2676 2415; x_wconf 80' lang='grc' dir='ltr'><strong>καλέσας</strong></span> <span class='ocrx_word' id='word_1_313' title='bbox 2727 2350 2907 2404; x_wconf 84' lang='grc' dir='ltr'><strong>αὐτῶν</strong></span> <span class='ocrx_word' id='word_1_314' title='bbox 2948 2350 3294 2421; x_wconf 72' lang='grc' dir='ltr'><strong>ἐπισκήπτει,</strong></span> <span class='ocrx_word' id='word_1_315' title='bbox 3338 2353 3603 2415; x_wconf 77' lang='grc' dir='ltr'><strong>λαὸόντας</strong></span> <span class='ocrx_word' id='word_1_316' title='bbox 3638 2353 3770 2422; x_wconf 82' lang='grc' dir='ltr'><strong>ἄρτου</strong></span> 
     </span>
    </p>
   </div>
   <div class='ocr_carea' id='block_1_46' title="bbox 2234 2439 3772 2514">
    <p class='ocr_par' dir='ltr' id='par_1_46' title="bbox 2234 2439 3772 2514">
     <span class='ocr_line' id='line_1_46' title="bbox 2234 2439 3772 2514; baseline -0.001 -19"><span class='ocrx_word' id='word_1_317' title='bbox 2234 2441 2330 2495; x_wconf 77' lang='grc' dir='ltr'><strong>καὶ</strong></span> <span class='ocrx_word' id='word_1_318' title='bbox 2359 2440 2572 2503; x_wconf 73' lang='grc' dir='ltr'><strong>ὓδατος,</strong></span> <span class='ocrx_word' id='word_1_319' title='bbox 2608 2440 2709 2513; x_wconf 80' lang='grc' dir='ltr'><strong>τήν</strong></span> <span class='ocrx_word' id='word_1_320' title='bbox 2739 2457 2798 2493; x_wconf 87' lang='grc' dir='ltr'><strong>τε</strong></span> <span class='ocrx_word' id='word_1_321' title='bbox 2827 2439 2920 2494; x_wconf 84' lang='grc' dir='ltr'><strong>τοῦ</strong></span> <span class='ocrx_word' id='word_1_322' title='bbox 2950 2442 3112 2511; x_wconf 77' lang='grc' dir='ltr'><strong>ὅρους</strong></span> <span class='ocrx_word' id='word_1_323' title='bbox 3137 2442 3252 2495; x_wconf 73' lang='grc' dir='ltr'><strong>ὁδὸν</strong></span> <span class='ocrx_word' id='word_1_324' title='bbox 3282 2444 3578 2514; x_wconf 82' lang='grc' dir='ltr'><strong>παριόντας</strong></span> <span class='ocrx_word' id='word_1_325' title='bbox 3627 2445 3772 2514; x_wconf 79' lang='grc' dir='ltr'>εὑρεῖν</span> 
     </span>
    </p>
   </div>
   <div class='ocr_carea' id='block_1_47' title="bbox 2234 2532 3773 2607">
    <p class='ocr_par' dir='ltr' id='par_1_47' title="bbox 2234 2532 3773 2607">
     <span class='ocr_line' id='line_1_47' title="bbox 2234 2532 3773 2607; baseline 0.001 -21"><span class='ocrx_word' id='word_1_326' title='bbox 2234 2551 2354 2587; x_wconf 88' lang='grc' dir='ltr'><strong>τινα</strong></span> <span class='ocrx_word' id='word_1_327' title='bbox 2382 2533 2524 2587; x_wconf 84' lang='grc' dir='ltr'><strong>κατά</strong></span> <span class='ocrx_word' id='word_1_328' title='bbox 2552 2532 2658 2604; x_wconf 82' lang='grc' dir='ltr'><strong>γῆς</strong></span> <span class='ocrx_word' id='word_1_329' title='bbox 2686 2534 3039 2606; x_wconf 76' lang='grc' dir='ltr'><strong>ἐρριμμένον,</strong></span> <span class='ocrx_word' id='word_1_330' title='bbox 3078 2535 3318 2589; x_wconf 82' lang='grc' dir='ltr'><strong>πνέοντα</strong></span> <span class='ocrx_word' id='word_1_331' title='bbox 3355 2535 3534 2607; x_wconf 84' lang='grc' dir='ltr'><strong>μικρά</strong></span> <span class='ocrx_word' id='word_1_332' title='bbox 3584 2536 3669 2587; x_wconf 71' lang='grc' dir='ltr'><strong>καὶ</strong></span> <span class='ocrx_word' id='word_1_333' title='bbox 3705 2538 3773 2587; x_wconf 81' lang='grc' dir='ltr'><strong>ὲκ-</strong></span> 
     </span>
    </p>
   </div>
   <div class='ocr_carea' id='block_1_48' title="bbox 554 2448 2133 2532">
    <p class='ocr_par' dir='ltr' id='par_1_48' title="bbox 554 2448 2133 2532">
     <span class='ocr_line' id='line_1_48' title="bbox 554 2448 2133 2532; baseline -0.01 -16"><span class='ocrx_word' id='word_1_334' title='bbox 554 2469 782 2532; x_wconf 88' lang='lat' dir='ltr'><strong>accepto</strong></span> <span class='ocrx_word' id='word_1_335' title='bbox 806 2473 948 2530; x_wconf 87' lang='lat' dir='ltr'><strong>pane</strong></span> <span class='ocrx_word' id='word_1_336' title='bbox 968 2466 1025 2514; x_wconf 89' lang='lat' dir='ltr'><strong>et</strong></span> <span class='ocrx_word' id='word_1_337' title='bbox 1058 2472 1221 2527; x_wconf 84' lang='lat' dir='ltr'><strong>aqua,</strong></span> <span class='ocrx_word' id='word_1_338' title='bbox 1244 2456 1333 2511; x_wconf 87' lang='lat' dir='ltr'><strong>via</strong></span> <span class='ocrx_word' id='word_1_339' title='bbox 1364 2454 1571 2511; x_wconf 91' lang='lat' dir='ltr'><strong>montis</strong></span> <span class='ocrx_word' id='word_1_340' title='bbox 1603 2460 1871 2509; x_wconf 89' lang='lat' dir='ltr'><strong>consueta</strong></span> <span class='ocrx_word' id='word_1_341' title='bbox 1902 2448 2133 2503; x_wconf 88' lang='lat' dir='ltr'><strong>descen-</strong></span> 
     </span>
    </p>
   </div>
   <div class='ocr_carea' id='block_1_49' title="bbox 557 2546 2130 2621">
    <p class='ocr_par' dir='ltr' id='par_1_49' title="bbox 557 2546 2130 2621">
     <span class='ocr_line' id='line_1_49' title="bbox 557 2546 2130 2621; baseline -0.01 -14"><span class='ocrx_word' id='word_1_342' title='bbox 557 2552 715 2621; x_wconf 86' lang='lat' dir='ltr'><strong>dere,</strong></span> <span class='ocrx_word' id='word_1_343' title='bbox 752 2552 1079 2613; x_wconf 87' lang='lat' dir='ltr'><strong>inventuros</strong></span> <span class='ocrx_word' id='word_1_344' title='bbox 1108 2546 1405 2621; x_wconf 88' lang='lat' dir='ltr'><strong>quemdam</strong></span> <span class='ocrx_word' id='word_1_345' title='bbox 1448 2546 1502 2600; x_wconf 93' lang='lat' dir='ltr'><strong>in</strong></span> <span class='ocrx_word' id='word_1_346' title='bbox 1526 2554 1730 2601; x_wconf 86' lang='lat' dir='ltr'><strong>terram</strong></span> <span class='ocrx_word' id='word_1_347' title='bbox 1763 2547 2130 2612; x_wconf 87' lang='lat' dir='ltr'><strong>prostratum,</strong></span> 
     </span>
    </p>
   </div>
   <div class='ocr_carea' id='block_1_50' title="bbox 553 2626 2134 2715">
    <p class='ocr_par' dir='ltr' id='par_1_50' title="bbox 553 2634 2130 2715">
     <span class='ocr_line' id='line_1_50' title="bbox 553 2634 2130 2715; baseline -0.009 -15"><span class='ocrx_word' id='word_1_348' title='bbox 553 2646 648 2700; x_wconf 79' lang='lat' dir='ltr'><strong>vix</strong></span> <span class='ocrx_word' id='word_1_349' title='bbox 686 2644 991 2715; x_wconf 88' lang='lat' dir='ltr'><strong>spirantem</strong></span> <span class='ocrx_word' id='word_1_350' title='bbox 1021 2643 1207 2697; x_wconf 90' lang='lat' dir='ltr'><strong>animo</strong></span> <span class='ocrx_word' id='word_1_351' title='bbox 1233 2642 1527 2696; x_wconf 90' lang='lat' dir='ltr'><strong>deficiente</strong></span> <span class='ocrx_word' id='word_1_352' title='bbox 1554 2657 1567 2692; x_wconf 90' lang='lat'>:</span> <span class='ocrx_word' id='word_1_353' title='bbox 1596 2639 1751 2692; x_wconf 85' lang='lat' dir='ltr'><strong>hisce</strong></span> <span class='ocrx_word' id='word_1_354' title='bbox 1770 2636 1972 2689; x_wconf 87' lang='lat' dir='ltr'><strong>fractas</strong></span> <span class='ocrx_word' id='word_1_355' title='bbox 2026 2634 2130 2703; x_wconf 90' lang='lat' dir='ltr'><strong>ipsi</strong></span> 
     </span>
    </p>
   </div>
   <div class='ocr_carea' id='block_1_51' title="bbox 2240 2626 3773 2715">
    <p class='ocr_par' dir='ltr' id='par_1_51' title="bbox 2240 2626 3773 2697">
     <span class='ocr_line' id='line_1_51' title="bbox 2240 2626 3773 2697; baseline -0.001 -17"><span class='ocrx_word' id='word_1_356' title='bbox 2240 2626 2542 2691; x_wconf 86' lang='grc' dir='ltr'><strong>λελοιπότα,</strong></span> <span class='ocrx_word' id='word_1_357' title='bbox 2582 2626 2795 2689; x_wconf 81' lang='grc' dir='ltr'><strong>τούτοις</strong></span> <span class='ocrx_word' id='word_1_358' title='bbox 2840 2627 2992 2697; x_wconf 83' lang='grc' dir='ltr'><strong>αύτῷ</strong></span> <span class='ocrx_word' id='word_1_359' title='bbox 3022 2627 3120 2696; x_wconf 87' lang='grc' dir='ltr'><strong>τὴν</strong></span> <span class='ocrx_word' id='word_1_360' title='bbox 3172 2628 3408 2693; x_wconf 85' lang='grc' dir='ltr'><strong>δύναμιν</strong></span> <span class='ocrx_word' id='word_1_361' title='bbox 3448 2629 3773 2697; x_wconf 72' lang='grc' dir='ltr'><strong>ἀπειρηκυῐαν</strong></span> 
     </span>
    </p>
   </div>
   <div class='ocr_carea' id='block_1_52' title="bbox 556 2715 2134 2797">
    <p class='ocr_par' dir='ltr' id='par_1_52' title="bbox 556 2724 2134 2797">
     <span class='ocr_line' id='line_1_52' title="bbox 556 2724 2134 2797; baseline -0.011 -3"><span class='ocrx_word' id='word_1_362' title='bbox 556 2737 707 2794; x_wconf 89' lang='lat' dir='ltr'><strong>vires</strong></span> <span class='ocrx_word' id='word_1_363' title='bbox 742 2734 1137 2790; x_wconf 89' lang='lat' dir='ltr'><strong>restituendas.</strong></span> <span class='ocrx_word' id='word_1_364' title='bbox 1167 2734 1373 2789; x_wconf 83' lang='lat' dir='ltr'><strong>Verum</strong></span> <span class='ocrx_word' id='word_1_365' title='bbox 1409 2731 1702 2786; x_wconf 76' lang='lat' dir='ltr'><strong>festinato‘</strong></span> <span class='ocrx_word' id='word_1_366' title='bbox 1724 2743 1865 2797; x_wconf 91' lang='lat' dir='ltr'><strong>opus</strong></span> <span class='ocrx_word' id='word_1_367' title='bbox 1896 2737 2000 2790; x_wconf 91' lang='lat' dir='ltr'><strong>est,</strong></span> <span class='ocrx_word' id='word_1_368' title='bbox 2057 2724 2134 2778; x_wconf 89' lang='lat' dir='ltr'><strong>in-</strong></span> 
     </span>
    </p>
   </div>
   <div class='ocr_carea' id='block_1_53' title="bbox 2240 2715 3775 2797">
    <p class='ocr_par' dir='ltr' id='par_1_53' title="bbox 2240 2715 3775 2789">
     <span class='ocr_line' id='line_1_53' title="bbox 2240 2715 3775 2789; baseline -0.004 -17"><span class='ocrx_word' id='word_1_369' title='bbox 2240 2716 2555 2772; x_wconf 76' lang='grc' dir='ltr'><strong>ἀναλαϐεῖν.</strong></span> <span class='ocrx_word' id='word_1_370' title='bbox 2600 2715 2762 2769; x_wconf 85' lang='grc' dir='ltr'><strong>Ἀλλά</strong></span> <span class='ocrx_word' id='word_1_371' title='bbox 2810 2716 3009 2787; x_wconf 83' lang='grc' dir='ltr'><strong>τάχους</strong></span> <span class='ocrx_word' id='word_1_372' title='bbox 3035 2715 3112 2788; x_wconf 82' lang='grc' dir='ltr'><strong>τῷ</strong></span> <span class='ocrx_word' id='word_1_373' title='bbox 3164 2718 3455 2789; x_wconf 81' lang='grc' dir='ltr'><strong>πράγματι</strong></span> <span class='ocrx_word' id='word_1_374' title='bbox 3502 2718 3688 2789; x_wconf 82' lang='grc' dir='ltr'><strong>χρεία,</strong></span> <span class='ocrx_word' id='word_1_375' title='bbox 3719 2722 3775 2788; x_wconf 67' lang='grc' dir='ltr'><strong>μὴ</strong></span> 
     </span>
    </p>
   </div>
   <div class='ocr_carea' id='block_1_54' title="bbox 558 2808 2134 2898">
    <p class='ocr_par' dir='ltr' id='par_1_54' title="bbox 558 2814 2133 2898">
     <span class='ocr_line' id='line_1_54' title="bbox 558 2814 2133 2898; baseline -0.008 -16"><span class='ocrx_word' id='word_1_376' title='bbox 558 2827 700 2898; x_wconf 83' lang='lat' dir='ltr'><strong>quit,</strong></span> <span class='ocrx_word' id='word_1_377' title='bbox 728 2842 798 2881; x_wconf 89' lang='lat' dir='ltr'><strong>ne</strong></span> <span class='ocrx_word' id='word_1_378' title='bbox 822 2840 975 2881; x_wconf 89' lang='lat' dir='ltr'><strong>mors</strong></span> <span class='ocrx_word' id='word_1_379' title='bbox 1004 2834 1344 2895; x_wconf 70' lang='lat' dir='ltr'><strong>praevertens</strong></span> <span class='ocrx_word' id='word_1_380' title='bbox 1371 2822 1585 2877; x_wconf 80' lang='lat' dir='ltr'><strong>auferat</strong></span> <span class='ocrx_word' id='word_1_381' title='bbox 1632 2818 1953 2890; x_wconf 81' lang='lat' dir='ltr'><strong>pauxillum,</strong></span> <span class='ocrx_word' id='word_1_382' title='bbox 1984 2814 2133 2885; x_wconf 91' lang='lat' dir='ltr'><strong>quod</strong></span> 
     </span>
    </p>
   </div>
   <div class='ocr_carea' id='block_1_55' title="bbox 2240 2808 3774 2898">
    <p class='ocr_par' dir='ltr' id='par_1_55' title="bbox 2240 2808 3774 2881">
     <span class='ocr_line' id='line_1_55' title="bbox 2240 2808 3774 2881; baseline -0.001 -18"><span class='ocrx_word' id='word_1_383' title='bbox 2240 2810 2487 2873; x_wconf 86' lang='grc' dir='ltr'><strong>θάνατος,</strong></span> <span class='ocrx_word' id='word_1_384' title='bbox 2516 2808 2673 2879; x_wconf 79' lang='grc' dir='ltr'><strong>φησὶ,</strong></span> <span class='ocrx_word' id='word_1_385' title='bbox 2706 2808 2997 2880; x_wconf 74' lang='grc' dir='ltr'><strong>προλαϐὼν</strong></span> <span class='ocrx_word' id='word_1_386' title='bbox 3050 2810 3143 2863; x_wconf 57' lang='grc' dir='ltr'><strong>καὶ⁵</strong></span> <span class='ocrx_word' id='word_1_387' title='bbox 3206 2810 3306 2881; x_wconf 81' lang='grc' dir='ltr'><strong>τὴν</strong></span> <span class='ocrx_word' id='word_1_388' title='bbox 3351 2810 3545 2881; x_wconf 79' lang='grc' dir='ltr'><strong>ὀλίγην</strong></span> <span class='ocrx_word' id='word_1_389' title='bbox 3596 2812 3774 2881; x_wconf 66' lang='grc' dir='ltr'><strong>ἐκείνην</strong></span> 
     </span>
    </p>
   </div>
   <div class='ocr_carea' id='block_1_56' title="bbox 557 2901 2134 2989">
    <p class='ocr_par' dir='ltr' id='par_1_56' title="bbox 557 2906 2133 2989">
     <span class='ocr_line' id='line_1_56' title="bbox 557 2906 2133 2989; baseline -0.01 -15"><span class='ocrx_word' id='word_1_390' title='bbox 557 2926 832 2989; x_wconf 90' lang='lat' dir='ltr'><strong>superest,</strong></span> <span class='ocrx_word' id='word_1_391' title='bbox 878 2915 1125 2987; x_wconf 91' lang='lat' dir='ltr'><strong>spiritus.</strong></span> <span class='ocrx_word' id='word_1_392' title='bbox 1186 2914 1271 2969; x_wconf 92' lang='lat' dir='ltr'><strong>llli</strong></span> <span class='ocrx_word' id='word_1_393' title='bbox 1322 2922 1507 2968; x_wconf 90' lang='lat' dir='ltr'><strong>autem</strong></span> <span class='ocrx_word' id='word_1_394' title='bbox 1569 2918 1860 2966; x_wconf 92' lang='lat' dir='ltr'><strong>currentes</strong></span> <span class='ocrx_word' id='word_1_395' title='bbox 1918 2915 1980 2962; x_wconf 93' lang='lat' dir='ltr'><strong>ut</strong></span> <span class='ocrx_word' id='word_1_396' title='bbox 2026 2906 2133 2961; x_wconf 80' lang='lat' dir='ltr'><strong>sibi</strong></span> 
     </span>
    </p>
   </div>
   <div class='ocr_carea' id='block_1_57' title="bbox 2240 2901 3774 2989">
    <p class='ocr_par' dir='ltr' id='par_1_57' title="bbox 2240 2901 3774 2974">
     <span class='ocr_line' id='line_1_57' title="bbox 2240 2901 3774 2974; baseline -0.001 -18"><span class='ocrx_word' id='word_1_397' title='bbox 2240 2903 2409 2972; x_wconf 86' lang='grc' dir='ltr'><strong>πνοὴν</strong></span> <span class='ocrx_word' id='word_1_398' title='bbox 2440 2901 2729 2972; x_wconf 82' lang='grc' dir='ltr'><strong>ἀφέληται.</strong></span> <span class='ocrx_word' id='word_1_399' title='bbox 2764 2903 2827 2953; x_wconf 80' lang='lat' dir='ltr'><strong>()i</strong></span> <span class='ocrx_word' id='word_1_400' title='bbox 2854 2902 2911 2954; x_wconf 78' lang='grc' dir='ltr'><strong>δέ</strong></span> <span class='ocrx_word' id='word_1_401' title='bbox 2942 2902 3239 2973; x_wconf 84' lang='grc' dir='ltr'><strong>δράσαντες</strong></span> <span class='ocrx_word' id='word_1_402' title='bbox 3270 2903 3417 2957; x_wconf 84' lang='grc' dir='ltr'><strong>κατά</strong></span> <span class='ocrx_word' id='word_1_403' title='bbox 3470 2904 3538 2955; x_wconf 81' lang='grc' dir='ltr'><strong>τὰ</strong></span> <span class='ocrx_word' id='word_1_404' title='bbox 3579 2920 3774 2974; x_wconf 77' lang='grc' dir='ltr'><strong>προστε-</strong></span> 
     </span>
    </p>
   </div>
   <div class='ocr_carea' id='block_1_58' title="bbox 559 2992 2134 3076">
    <p class='ocr_par' dir='ltr' id='par_1_58' title="bbox 559 2998 2134 3076">
     <span class='ocr_line' id='line_1_58' title="bbox 559 2998 2134 3076; baseline -0.008 -12"><span class='ocrx_word' id='word_1_405' title='bbox 559 3008 879 3065; x_wconf 88' lang='lat' dir='ltr'><strong>mandatum</strong></span> <span class='ocrx_word' id='word_1_406' title='bbox 907 3015 1047 3073; x_wconf 90' lang='lat' dir='ltr'><strong>erat,</strong></span> <span class='ocrx_word' id='word_1_407' title='bbox 1106 3004 1395 3076; x_wconf 91' lang='lat' dir='ltr'><strong>reperiunt</strong></span> <span class='ocrx_word' id='word_1_408' title='bbox 1437 3004 1709 3075; x_wconf 88' lang='lat' dir='ltr'><strong>jacentem</strong></span> <span class='ocrx_word' id='word_1_409' title='bbox 1744 3002 1798 3056; x_wconf 93' lang='lat' dir='ltr'><strong>in</strong></span> <span class='ocrx_word' id='word_1_410' title='bbox 1831 3000 1920 3055; x_wconf 88' lang='lat' dir='ltr'><strong>via</strong></span> <span class='ocrx_word' id='word_1_411' title='bbox 1956 2998 2134 3054; x_wconf 89' lang='lat' dir='ltr'><strong>homi-</strong></span> 
     </span>
    </p>
   </div>
   <div class='ocr_carea' id='block_1_59' title="bbox 2240 2992 3773 3076">
    <p class='ocr_par' dir='ltr' id='par_1_59' title="bbox 2240 2992 3773 3066">
     <span class='ocr_line' id='line_1_59' title="bbox 2240 2992 3773 3066; baseline 0.002 -21"><span class='ocrx_word' id='word_1_412' title='bbox 2240 2992 2503 3061; x_wconf 87' lang='grc' dir='ltr'><strong>ταγμένα,</strong></span> <span class='ocrx_word' id='word_1_413' title='bbox 2537 2992 2855 3061; x_wconf 84' lang='grc' dir='ltr'><strong>εὑρίσκουσι</strong></span> <span class='ocrx_word' id='word_1_414' title='bbox 2908 2994 3160 3064; x_wconf 86' lang='grc' dir='ltr'><strong>κείμενον</strong></span> <span class='ocrx_word' id='word_1_415' title='bbox 3204 2994 3367 3048; x_wconf 80' lang='grc' dir='ltr'><strong>αὐτὸν</strong></span> <span class='ocrx_word' id='word_1_416' title='bbox 3397 2996 3504 3048; x_wconf 85' lang='grc' dir='ltr'><strong>ἀνά</strong></span> <span class='ocrx_word' id='word_1_417' title='bbox 3551 2995 3641 3066; x_wconf 76' lang='grc' dir='ltr'><strong>τὴν</strong></span> <span class='ocrx_word' id='word_1_418' title='bbox 3664 2995 3773 3055; x_wconf 63' lang='grc' dir='ltr'><strong>ὁδὸν,</strong></span> 
     </span>
    </p>
   </div>
   <div class='ocr_carea' id='block_1_60' title="bbox 556 3083 2134 3171">
    <p class='ocr_par' dir='ltr' id='par_1_60' title="bbox 556 3094 2131 3171">
     <span class='ocr_line' id='line_1_60' title="bbox 556 3094 2131 3171; baseline -0.007 -15"><span class='ocrx_word' id='word_1_419' title='bbox 556 3116 709 3167; x_wconf 80' lang='lat' dir='ltr'><strong>nem,</strong></span> <span class='ocrx_word' id='word_1_420' title='bbox 734 3100 846 3171; x_wconf 90' lang='lat' dir='ltr'><strong>jam</strong></span> <span class='ocrx_word' id='word_1_421' title='bbox 869 3107 1081 3154; x_wconf 84' lang='lat' dir='ltr'><strong>tantum</strong></span> <span class='ocrx_word' id='word_1_422' title='bbox 1109 3112 1221 3151; x_wconf 92' lang='lat' dir='ltr'><strong>non</strong></span> <span class='ocrx_word' id='word_1_423' title='bbox 1253 3106 1556 3153; x_wconf 90' lang='lat' dir='ltr'><strong>mortuum.</strong></span> <span class='ocrx_word' id='word_1_424' title='bbox 1582 3094 1808 3149; x_wconf 92' lang='lat' dir='ltr'><strong>Tollunt</strong></span> <span class='ocrx_word' id='word_1_425' title='bbox 1832 3108 1962 3163; x_wconf 88' lang='lat' dir='ltr'><strong>ergo</strong></span> <span class='ocrx_word' id='word_1_426' title='bbox 1982 3105 2131 3157; x_wconf 88' lang='lat' dir='ltr'><strong>eum,</strong></span> 
     </span>
    </p>
   </div>
   <div class='ocr_carea' id='block_1_61' title="bbox 2240 3083 3773 3171">
    <p class='ocr_par' dir='ltr' id='par_1_61' title="bbox 2240 3083 3773 3157">
     <span class='ocr_line' id='line_1_61' title="bbox 2240 3083 3773 3157; baseline 0.001 -21"><span class='ocrx_word' id='word_1_427' title='bbox 2240 3084 2381 3155; x_wconf 82' lang='grc' dir='ltr'><strong>πλὴν</strong></span> <span class='ocrx_word' id='word_1_428' title='bbox 2409 3083 2503 3137; x_wconf 82' lang='grc' dir='ltr'><strong>τοῦ</strong></span> <span class='ocrx_word' id='word_1_429' title='bbox 2535 3086 2796 3138; x_wconf 83' lang='grc' dir='ltr'><strong>ἀναπνεῖν</strong></span> <span class='ocrx_word' id='word_1_430' title='bbox 2819 3086 3011 3155; x_wconf 79' lang='grc' dir='ltr'><strong>νεκρόν</strong></span> <span class='ocrx_word' id='word_1_431' title='bbox 3037 3102 3049 3113; x_wconf 94' lang='grc'>·</span> <span class='ocrx_word' id='word_1_432' title='bbox 3083 3086 3399 3157; x_wconf 78' lang='grc' dir='ltr'><strong>ἀνελόμενοι</strong></span> <span class='ocrx_word' id='word_1_433' title='bbox 3430 3088 3606 3140; x_wconf 84' lang='grc' dir='ltr'><strong>τοίνυν</strong></span> <span class='ocrx_word' id='word_1_434' title='bbox 3627 3088 3773 3150; x_wconf 74' lang='grc' dir='ltr'><strong>αὑτὸν,</strong></span> 
     </span>
    </p>
   </div>
   <div class='ocr_carea' id='block_1_62' title="bbox 560 3176 2134 3263">
    <p class='ocr_par' dir='ltr' id='par_1_62' title="bbox 560 3185 2133 3263">
     <span class='ocr_line' id='line_1_62' title="bbox 560 3185 2133 3263; baseline -0.008 -15"><span class='ocrx_word' id='word_1_435' title='bbox 560 3205 729 3263; x_wconf 76' lang='lat' dir='ltr'><strong>atque</strong></span> <span class='ocrx_word' id='word_1_436' title='bbox 770 3192 826 3246; x_wconf 92' lang='lat' dir='ltr'><strong>in</strong></span> <span class='ocrx_word' id='word_1_437' title='bbox 855 3197 1070 3261; x_wconf 84' lang='lat' dir='ltr'><strong>partem</strong></span> <span class='ocrx_word' id='word_1_438' title='bbox 1096 3187 1421 3253; x_wconf 82' lang='lat' dir='ltr'><strong>monasterii</strong></span> <span class='ocrx_word' id='word_1_439' title='bbox 1479 3185 1804 3241; x_wconf 86' lang='lat' dir='ltr'><strong>inferiorem</strong></span> <span class='ocrx_word' id='word_1_440' title='bbox 1874 3190 2133 3253; x_wconf 85' lang='lat' dir='ltr'><strong>portant:</strong></span> 
     </span>
    </p>
   </div>
   <div class='ocr_carea' id='block_1_63' title="bbox 2240 3176 3775 3263">
    <p class='ocr_par' dir='ltr' id='par_1_63' title="bbox 2241 3176 3775 3250">
     <span class='ocr_line' id='line_1_63' title="bbox 2241 3176 3775 3250; baseline 0.002 -21"><span class='ocrx_word' id='word_1_441' title='bbox 2241 3179 2337 3231; x_wconf 69' lang='grc' dir='ltr'><strong>καὶ</strong></span> <span class='ocrx_word' id='word_1_442' title='bbox 2394 3178 2474 3240; x_wconf 87' lang='grc' dir='ltr'><strong>είς</strong></span> <span class='ocrx_word' id='word_1_443' title='bbox 2527 3177 2626 3247; x_wconf 78' lang='grc' dir='ltr'><strong>τὴν</strong></span> <span class='ocrx_word' id='word_1_444' title='bbox 2677 3176 2973 3248; x_wconf 83' lang='grc' dir='ltr'><strong>κατωτέρω</strong></span> <span class='ocrx_word' id='word_1_445' title='bbox 3024 3179 3191 3249; x_wconf 79' lang='grc' dir='ltr'><strong>μονὴν</strong></span> <span class='ocrx_word' id='word_1_446' title='bbox 3242 3179 3564 3247; x_wconf 82' lang='grc' dir='ltr'><strong>ἀγαγόντες,</strong></span> <span class='ocrx_word' id='word_1_447' title='bbox 3596 3180 3681 3250; x_wconf 59' lang='grc' dir='ltr'><strong>ὀψὲ</strong></span> <span class='ocrx_word' id='word_1_448' title='bbox 3705 3184 3775 3233; x_wconf 63' lang='grc' dir='ltr'><strong>καὶ</strong></span> 
     </span>
    </p>
   </div>
   <div class='ocr_carea' id='block_1_64' title="bbox 561 3269 2134 3355">
    <p class='ocr_par' dir='ltr' id='par_1_64' title="bbox 561 3277 2134 3355">
     <span class='ocr_line' id='line_1_64' title="bbox 561 3277 2134 3355; baseline -0.008 -14"><span class='ocrx_word' id='word_1_449' title='bbox 561 3285 658 3343; x_wconf 90' lang='lat' dir='ltr'><strong>ubi</strong></span> <span class='ocrx_word' id='word_1_450' title='bbox 686 3285 776 3339; x_wconf 80' lang='lat' dir='ltr'><strong>vix</strong></span> <span class='ocrx_word' id='word_1_451' title='bbox 826 3283 1044 3339; x_wconf 91' lang='lat' dir='ltr'><strong>tandem</strong></span> <span class='ocrx_word' id='word_1_452' title='bbox 1102 3281 1495 3345; x_wconf 88' lang='lat' dir='ltr'><strong>abiturientcm</strong></span> <span class='ocrx_word' id='word_1_453' title='bbox 1557 3279 1817 3355; x_wconf 89' lang='lat' dir='ltr'><strong>spiritum</strong></span> <span class='ocrx_word' id='word_1_454' title='bbox 1870 3277 2134 3341; x_wconf 87' lang='lat' dir='ltr'><strong>retinere,</strong></span> 
     </span>
    </p>
   </div>
   <div class='ocr_carea' id='block_1_65' title="bbox 2240 3269 3774 3355">
    <p class='ocr_par' dir='ltr' id='par_1_65' title="bbox 2245 3269 3774 3344">
     <span class='ocr_line' id='line_1_65' title="bbox 2245 3269 3774 3344; baseline 0.002 -22"><span class='ocrx_word' id='word_1_455' title='bbox 2245 3269 2397 3340; x_wconf 89' lang='grc' dir='ltr'><strong>μόλις</strong></span> <span class='ocrx_word' id='word_1_456' title='bbox 2441 3270 2809 3337; x_wconf 76' lang='grc' dir='ltr'><strong>ἐπαναγαγεῖν</strong></span> <span class='ocrx_word' id='word_1_457' title='bbox 2857 3269 3013 3334; x_wconf 76' lang='grc' dir='ltr'><strong>αὖθις</strong></span> <span class='ocrx_word' id='word_1_458' title='bbox 3053 3270 3203 3342; x_wconf 85' lang='grc' dir='ltr'><strong>αύτῷ</strong></span> <span class='ocrx_word' id='word_1_459' title='bbox 3255 3272 3354 3343; x_wconf 79' lang='grc' dir='ltr'><strong>τὴν</strong></span> <span class='ocrx_word' id='word_1_460' title='bbox 3404 3273 3628 3344; x_wconf 88' lang='grc' dir='ltr'><strong>δύναμιν</strong></span> <span class='ocrx_word' id='word_1_461' title='bbox 3659 3275 3774 3344; x_wconf 75' lang='grc' dir='ltr'><strong>ἴσχυ-</strong></span> 
     </span>
    </p>
   </div>
   <div class='ocr_carea' id='block_1_66' title="bbox 560 3377 2362 3447">
    <p class='ocr_par' dir='ltr' id='par_1_66' title="bbox 560 3377 2362 3447">
     <span class='ocr_line' id='line_1_66' title="bbox 560 3377 2362 3447; baseline -0.009 -14"><span class='ocrx_word' id='word_1_462' title='bbox 560 3377 819 3447; x_wconf 90' lang='lat' dir='ltr'><strong>viresque</strong></span> <span class='ocrx_word' id='word_1_463' title='bbox 850 3390 1112 3430; x_wconf 84' lang='lat' dir='ltr'><strong>revocare</strong></span> <span class='ocrx_word' id='word_1_464' title='bbox 1137 3380 1462 3444; x_wconf 89' lang='lat' dir='ltr'><strong>potuerunt.</strong></span> <span class='ocrx_word' id='word_1_465' title='bbox 2242 3380 2362 3417; x_wconf 90' lang='grc' dir='ltr'><strong>σαν.</strong></span> 
     </span>
    </p>
   </div>
   <div class='ocr_carea' id='block_1_67' title="bbox 637 3456 2134 3534">
    <p class='ocr_par' dir='ltr' id='par_1_67' title="bbox 637 3461 2134 3534">
     <span class='ocr_line' id='line_1_67' title="bbox 637 3461 2134 3534; baseline -0.007 -11"><span class='ocrx_word' id='word_1_466' title='bbox 637 3467 756 3523; x_wconf 80' lang='grc'><strong>185.</strong></span> <span class='ocrx_word' id='word_1_467' title='bbox 784 3465 1132 3523; x_wconf 89' lang='lat' dir='ltr'><strong>Carbonibus</strong></span> <span class='ocrx_word' id='word_1_468' title='bbox 1154 3463 1450 3534; x_wconf 90' lang='lat' dir='ltr'><strong>aliquando</strong></span> <span class='ocrx_word' id='word_1_469' title='bbox 1478 3462 1869 3519; x_wconf 84' lang='lat' dir='ltr'><strong>deficientibus</strong></span> <span class='ocrx_word' id='word_1_470' title='bbox 1907 3461 1960 3515; x_wconf 93' lang='lat' dir='ltr'><strong>in</strong></span> <span class='ocrx_word' id='word_1_471' title='bbox 2022 3475 2134 3513; x_wconf 91' lang='lat' dir='ltr'><strong>mo-</strong></span> 
     </span>
    </p>
   </div>
   <div class='ocr_carea' id='block_1_68' title="bbox 2240 3456 3775 3534">
    <p class='ocr_par' dir='ltr' id='par_1_68' title="bbox 2316 3456 3775 3531">
     <span class='ocr_line' id='line_1_68' title="bbox 2316 3456 3775 3531; baseline 0.001 -22"><span class='ocrx_word' id='word_1_472' title='bbox 2316 3464 2454 3528; x_wconf 71' lang='grc' dir='ltr'><strong>ρπεῆ</strong></span> <span class='ocrx_word' id='word_1_473' title='bbox 2498 3456 2811 3526; x_wconf 82' lang='grc' dir='ltr'><strong>Ἀνοράκων</strong></span> <span class='ocrx_word' id='word_1_474' title='bbox 2856 3456 3082 3529; x_wconf 85' lang='grc' dir='ltr'><strong>ἀπύρων</strong></span> <span class='ocrx_word' id='word_1_475' title='bbox 3132 3457 3263 3511; x_wconf 67' lang='grc' dir='ltr'><strong>ποτε</strong></span> <span class='ocrx_word' id='word_1_476' title='bbox 3302 3458 3401 3530; x_wconf 74' lang='grc' dir='ltr'><strong>τὴν</strong></span> <span class='ocrx_word' id='word_1_477' title='bbox 3435 3465 3595 3531; x_wconf 74' lang='grc' dir='ltr'><strong>μονὴν</strong></span> <span class='ocrx_word' id='word_1_478' title='bbox 3634 3460 3775 3511; x_wconf 71' lang='grc' dir='ltr'><strong>ἐπιλε-</strong></span> 
     </span>
    </p>
   </div>
   <div class='ocr_carea' id='block_1_69' title="bbox 568 3547 2134 3627">
    <p class='ocr_par' dir='ltr' id='par_1_69' title="bbox 568 3554 2134 3627">
     <span class='ocr_line' id='line_1_69' title="bbox 568 3554 2134 3627; baseline -0.008 -9"><span class='ocrx_word' id='word_1_479' title='bbox 568 3560 838 3627; x_wconf 80' lang='lat' dir='ltr'><strong>nasterio,</strong></span> <span class='ocrx_word' id='word_1_480' title='bbox 867 3559 1228 3615; x_wconf 88' lang='lat' dir='ltr'><strong>contulerunt</strong></span> <span class='ocrx_word' id='word_1_481' title='bbox 1252 3557 1471 3627; x_wconf 84' lang='lat' dir='ltr'><strong>vesperi</strong></span> <span class='ocrx_word' id='word_1_482' title='bbox 1494 3555 1641 3611; x_wconf 88' lang='lat' dir='ltr'><strong>inter</strong></span> <span class='ocrx_word' id='word_1_483' title='bbox 1662 3571 1719 3611; x_wconf 88' lang='lat' dir='ltr'><strong>se</strong></span> <span class='ocrx_word' id='word_1_484' title='bbox 1746 3554 1925 3625; x_wconf 87' lang='lat' dir='ltr'><strong>capita</strong></span> <span class='ocrx_word' id='word_1_485' title='bbox 1942 3563 1997 3607; x_wconf 93' lang='lat' dir='ltr'><strong>et</strong></span> <span class='ocrx_word' id='word_1_486' title='bbox 2026 3568 2134 3607; x_wconf 93' lang='lat' dir='ltr'><strong>ser-</strong></span> 
     </span>
    </p>
   </div>
   <div class='ocr_carea' id='block_1_70' title="bbox 2240 3547 3774 3627">
    <p class='ocr_par' dir='ltr' id='par_1_70' title="bbox 2241 3547 3774 3622">
     <span class='ocr_line' id='line_1_70' title="bbox 2241 3547 3774 3622; baseline -0.001 -21"><span class='ocrx_word' id='word_1_487' title='bbox 2241 3547 2527 3609; x_wconf 81' lang='grc' dir='ltr'><strong>λοιπότων,</strong></span> <span class='ocrx_word' id='word_1_488' title='bbox 2563 3550 2675 3609; x_wconf 83' lang='grc' dir='ltr'><strong>τοῖς</strong></span> <span class='ocrx_word' id='word_1_489' title='bbox 2709 3547 2806 3617; x_wconf 86' lang='grc' dir='ltr'><strong>μὲν</strong></span> <span class='ocrx_word' id='word_1_490' title='bbox 2832 3547 3080 3618; x_wconf 76' lang='grc' dir='ltr'><strong>ἀδελφοῖς</strong></span> <span class='ocrx_word' id='word_1_491' title='bbox 3112 3550 3269 3617; x_wconf 91' lang='grc' dir='ltr'><strong>λόγος</strong></span> <span class='ocrx_word' id='word_1_492' title='bbox 3294 3552 3538 3622; x_wconf 78' lang='grc' dir='ltr'><strong>ἑσπέρας</strong></span> <span class='ocrx_word' id='word_1_493' title='bbox 3562 3552 3680 3621; x_wconf 67' lang='grc' dir='ltr'><strong>πρὸς</strong></span> <span class='ocrx_word' id='word_1_494' title='bbox 3706 3552 3774 3603; x_wconf 74' lang='grc' dir='ltr'><strong>ἀ),-</strong></span> 
     </span>
    </p>
   </div>
   <div class='ocr_carea' id='block_1_71' title="bbox 566 3638 2134 3717">
    <p class='ocr_par' dir='ltr' id='par_1_71' title="bbox 566 3645 2134 3717">
     <span class='ocr_line' id='line_1_71' title="bbox 566 3645 2134 3717; baseline -0.008 -9"><span class='ocrx_word' id='word_1_495' title='bbox 566 3668 765 3713; x_wconf 86' lang='lat' dir='ltr'><strong>mones</strong></span> <span class='ocrx_word' id='word_1_496' title='bbox 788 3650 1085 3706; x_wconf 92' lang='lat' dir='ltr'><strong>admodum</strong></span> <span class='ocrx_word' id='word_1_497' title='bbox 1137 3649 1283 3703; x_wconf 79' lang='lat' dir='ltr'><strong>anxii</strong></span> <span class='ocrx_word' id='word_1_498' title='bbox 1324 3648 1564 3708; x_wconf 89' lang='lat' dir='ltr'><strong>fratres:</strong></span> <span class='ocrx_word' id='word_1_499' title='bbox 1610 3646 1813 3717; x_wconf 91' lang='lat' dir='ltr'><strong>quibus</strong></span> <span class='ocrx_word' id='word_1_500' title='bbox 1859 3645 2134 3716; x_wconf 88' lang='lat' dir='ltr'><strong>Symeon:</strong></span> 
     </span>
    </p>
   </div>
   <div class='ocr_carea' id='block_1_72' title="bbox 2240 3638 3773 3717">
    <p class='ocr_par' dir='ltr' id='par_1_72' title="bbox 2242 3638 3773 3715">
     <span class='ocr_line' id='line_1_72' title="bbox 2242 3638 3773 3715; baseline 0.001 -22"><span class='ocrx_word' id='word_1_501' title='bbox 2242 3640 2435 3711; x_wconf 80' lang='grc' dir='ltr'><strong>λήλους</strong></span> <span class='ocrx_word' id='word_1_502' title='bbox 2483 3641 2583 3694; x_wconf 82' lang='grc' dir='ltr'><strong>οὐκ</strong></span> <span class='ocrx_word' id='word_1_503' title='bbox 2629 3642 2806 3711; x_wconf 79' lang='grc' dir='ltr'><strong>ὀλίγος</strong></span> <span class='ocrx_word' id='word_1_504' title='bbox 2852 3638 2955 3713; x_wconf 79' lang='grc' dir='ltr'><strong>ἦν·</strong></span> <span class='ocrx_word' id='word_1_505' title='bbox 3003 3644 3032 3695; x_wconf 88' lang='grc' dir='ltr'><strong>ό</strong></span> <span class='ocrx_word' id='word_1_506' title='bbox 3068 3642 3144 3708; x_wconf 82' lang='grc' dir='ltr'><strong>δὲ,</strong></span> <span class='ocrx_word' id='word_1_507' title='bbox 3179 3644 3268 3713; x_wconf 83' lang='grc' dir='ltr'><strong>Μὴ</strong></span> <span class='ocrx_word' id='word_1_508' title='bbox 3300 3645 3640 3715; x_wconf 82' lang='grc' dir='ltr'><strong>φροντίσητε,</strong></span> <span class='ocrx_word' id='word_1_509' title='bbox 3678 3644 3773 3711; x_wconf 62' lang='grc' dir='ltr'><strong>ἔφη·</strong></span> 
     </span>
    </p>
   </div>
   <div class='ocr_carea' id='block_1_73' title="bbox 564 3732 2134 3814">
    <p class='ocr_par' dir='ltr' id='par_1_73' title="bbox 564 3736 2134 3814">
     <span class='ocr_line' id='line_1_73' title="bbox 564 3736 2134 3814; baseline -0.008 -12"><span class='ocrx_word' id='word_1_510' title='bbox 564 3745 768 3810; x_wconf 86' lang='lat' dir='ltr'><strong>Nolite,</strong></span> <span class='ocrx_word' id='word_1_511' title='bbox 800 3743 1000 3814; x_wconf 90' lang='lat' dir='ltr'><strong>inquit,</strong></span> <span class='ocrx_word' id='word_1_512' title='bbox 1042 3741 1263 3798; x_wconf 91' lang='lat' dir='ltr'><strong>solliciti</strong></span> <span class='ocrx_word' id='word_1_513' title='bbox 1286 3756 1443 3807; x_wconf 87' lang='lat' dir='ltr'><strong>esse;</strong></span> <span class='ocrx_word' id='word_1_514' title='bbox 1488 3739 1746 3795; x_wconf 79' lang='lat' dir='ltr'><strong>adveniet</strong></span> <span class='ocrx_word' id='word_1_515' title='bbox 1775 3737 1982 3808; x_wconf 90' lang='lat' dir='ltr'><strong>quippe</strong></span> <span class='ocrx_word' id='word_1_516' title='bbox 2015 3736 2134 3791; x_wconf 83' lang='lat' dir='ltr'><strong>luce</strong></span> 
     </span>
    </p>
   </div>
   <div class='ocr_carea' id='block_1_74' title="bbox 2240 3732 3774 3814">
    <p class='ocr_par' dir='ltr' id='par_1_74' title="bbox 2243 3732 3774 3807">
     <span class='ocr_line' id='line_1_74' title="bbox 2243 3732 3774 3807; baseline 0 -20"><span class='ocrx_word' id='word_1_517' title='bbox 2243 3734 2495 3802; x_wconf 83' lang='grc' dir='ltr'><strong>ἀφίξεται</strong></span> <span class='ocrx_word' id='word_1_518' title='bbox 2538 3732 2647 3804; x_wconf 87' lang='grc' dir='ltr'><strong>γὰρ</strong></span> <span class='ocrx_word' id='word_1_519' title='bbox 2677 3733 2866 3805; x_wconf 77' lang='grc' dir='ltr'><strong>αὕριον</strong></span> <span class='ocrx_word' id='word_1_520' title='bbox 2910 3734 3113 3804; x_wconf 83' lang='grc' dir='ltr'><strong>πλῆθος</strong></span> <span class='ocrx_word' id='word_1_521' title='bbox 3159 3736 3360 3800; x_wconf 82' lang='grc' dir='ltr'><strong>αὐτῶν,</strong></span> <span class='ocrx_word' id='word_1_522' title='bbox 3410 3738 3537 3791; x_wconf 84' lang='grc' dir='ltr'><strong>ὅσον</strong></span> <span class='ocrx_word' id='word_1_523' title='bbox 3577 3740 3635 3806; x_wconf 80' lang='grc' dir='ltr'><strong>τῇ</strong></span> <span class='ocrx_word' id='word_1_524' title='bbox 3673 3739 3774 3807; x_wconf 66' lang='grc' dir='ltr'><strong>μονῇ</strong></span> 
     </span>
    </p>
   </div>
   <div class='ocr_carea' id='block_1_75' title="bbox 565 3826 2134 3904">
    <p class='ocr_par' dir='ltr' id='par_1_75' title="bbox 565 3828 2134 3904">
     <span class='ocr_line' id='line_1_75' title="bbox 565 3828 2134 3904; baseline -0.006 -11"><span class='ocrx_word' id='word_1_525' title='bbox 565 3837 809 3904; x_wconf 75' lang='lat' dir='ltr'><strong>crastina</strong></span> <span class='ocrx_word' id='word_1_526' title='bbox 839 3843 1026 3899; x_wconf 81' lang='lat' dir='ltr'><strong>tantus</strong></span> <span class='ocrx_word' id='word_1_527' title='bbox 1054 3834 1356 3901; x_wconf 77' lang='lat' dir='ltr'><strong>carbonum</strong></span> <span class='ocrx_word' id='word_1_528' title='bbox 1374 3848 1664 3894; x_wconf 86' lang='lat' dir='ltr'><strong>numerus.</strong></span> <span class='ocrx_word' id='word_1_529' title='bbox 1686 3840 1927 3902; x_wconf 88' lang='lat' dir='ltr'><strong>quantus</strong></span> <span class='ocrx_word' id='word_1_530' title='bbox 1948 3828 2134 3884; x_wconf 84' lang='lat' dir='ltr'><strong>usibus</strong></span> 
     </span>
    </p>
   </div>
   <div class='ocr_carea' id='block_1_76' title="bbox 2240 3826 3775 3904">
    <p class='ocr_par' dir='ltr' id='par_1_76' title="bbox 2244 3826 3775 3899">
     <span class='ocr_line' id='line_1_76' title="bbox 2244 3826 3775 3899; baseline -0.002 -18"><span class='ocrx_word' id='word_1_531' title='bbox 2244 3827 2383 3881; x_wconf 85' lang='grc' dir='ltr'><strong>κατὰ</strong></span> <span class='ocrx_word' id='word_1_532' title='bbox 2401 3826 2611 3897; x_wconf 72' lang='grc' dir='ltr'><strong>χρείαν*</strong></span> <span class='ocrx_word' id='word_1_533' title='bbox 2645 3826 2758 3897; x_wconf 86' lang='grc' dir='ltr'><strong>ὁρῶ</strong></span> <span class='ocrx_word' id='word_1_534' title='bbox 2786 3826 2896 3897; x_wconf 84' lang='grc' dir='ltr'><strong>γὰρ</strong></span> <span class='ocrx_word' id='word_1_535' title='bbox 2920 3826 3089 3897; x_wconf 81' lang='grc' dir='ltr'><strong>ἄνδρα</strong></span> <span class='ocrx_word' id='word_1_536' title='bbox 3111 3828 3231 3881; x_wconf 85' lang='grc' dir='ltr'><strong>τινὰ</strong></span> <span class='ocrx_word' id='word_1_537' title='bbox 3258 3826 3365 3881; x_wconf 85' lang='grc' dir='ltr'><strong>τῶν</strong></span> <span class='ocrx_word' id='word_1_538' title='bbox 3394 3828 3775 3899; x_wconf 79' lang='grc' dir='ltr'><strong>ἀγροικοτέρων,</strong></span> 
     </span>
    </p>
   </div>
   <div class='ocr_carea' id='block_1_77' title="bbox 566 3918 2134 3992">
    <p class='ocr_par' dir='ltr' id='par_1_77' title="bbox 566 3918 2134 3992">
     <span class='ocr_line' id='line_1_77' title="bbox 566 3918 2134 3992; baseline -0.007 -10"><span class='ocrx_word' id='word_1_539' title='bbox 566 3924 892 3983; x_wconf 89' lang='lat' dir='ltr'><strong>monasterii</strong></span> <span class='ocrx_word' id='word_1_540' title='bbox 923 3922 1156 3985; x_wconf 80' lang='lat' dir='ltr'><strong>sulliciat</strong></span> <span class='ocrx_word' id='word_1_541' title='bbox 1179 3941 1192 3976; x_wconf 89' lang='lat'><strong>:</strong></span> <span class='ocrx_word' id='word_1_542' title='bbox 1215 3938 1341 3977; x_wconf 88' lang='lat' dir='ltr'><strong>nam</strong></span> <span class='ocrx_word' id='word_1_543' title='bbox 1376 3923 1555 3978; x_wconf 90' lang='lat' dir='ltr'><strong>virum</strong></span> <span class='ocrx_word' id='word_1_544' title='bbox 1583 3920 1875 3992; x_wconf 87' lang='lat' dir='ltr'><strong>quemdam</strong></span> <span class='ocrx_word' id='word_1_545' title='bbox 1918 3918 2134 3991; x_wconf 89' lang='lat' dir='ltr'><strong>prospi-</strong></span> 
     </span>
    </p>
   </div>
   <div class='ocr_carea' id='block_1_78' title="bbox 2240 3918 3778 3992">
    <p class='ocr_par' dir='ltr' id='par_1_78' title="bbox 2243 3919 3778 3991">
     <span class='ocr_line' id='line_1_78' title="bbox 2243 3919 3778 3991; baseline -0.001 -18"><span class='ocrx_word' id='word_1_546' title='bbox 2243 3920 2396 3973; x_wconf 76' lang='grc' dir='ltr'><strong>δυσὶν</strong></span> <span class='ocrx_word' id='word_1_547' title='bbox 2423 3919 2609 3990; x_wconf 80' lang='grc' dir='ltr'><strong>ὥσπερ</strong></span> <span class='ocrx_word' id='word_1_548' title='bbox 2629 3919 2875 3990; x_wconf 77' lang='grc' dir='ltr'><strong>ἡμιόνοις</strong></span> <span class='ocrx_word' id='word_1_549' title='bbox 2900 3919 3263 3991; x_wconf 86' lang='grc' dir='ltr'><strong>προσάγοντα,</strong></span> <span class='ocrx_word' id='word_1_550' title='bbox 3289 3920 3523 3975; x_wconf 70' lang='grc' dir='ltr'><strong>τοιοῦτοι</strong></span> <span class='ocrx_word' id='word_1_551' title='bbox 3548 3921 3601 3974; x_wconf 85' lang='grc' dir='ltr'><strong>δὲ</strong></span> <span class='ocrx_word' id='word_1_552' title='bbox 3625 3921 3778 3989; x_wconf 79' lang='grc' dir='ltr'><strong>ἀνθρα·</strong></span> 
     </span>
    </p>
   </div>
   <div class='ocr_carea' id='block_1_79' title="bbox 566 4010 2140 4084">
    <p class='ocr_par' dir='ltr' id='par_1_79' title="bbox 566 4010 2140 4084">
     <span class='ocr_line' id='line_1_79' title="bbox 566 4010 2140 4084; baseline -0.006 -11"><span class='ocrx_word' id='word_1_553' title='bbox 566 4018 657 4073; x_wconf 89' lang='lat' dir='ltr'><strong>cio</strong></span> <span class='ocrx_word' id='word_1_554' title='bbox 680 4018 1045 4079; x_wconf 91' lang='lat' dir='ltr'><strong>rusticanum,</strong></span> <span class='ocrx_word' id='word_1_555' title='bbox 1073 4014 1212 4069; x_wconf 88' lang='lat' dir='ltr'><strong>duos</strong></span> <span class='ocrx_word' id='word_1_556' title='bbox 1239 4013 1420 4068; x_wconf 87' lang='lat' dir='ltr'><strong>mulos</strong></span> <span class='ocrx_word' id='word_1_557' title='bbox 1437 4014 1547 4067; x_wconf 92' lang='lat' dir='ltr'><strong>huc</strong></span> <span class='ocrx_word' id='word_1_558' title='bbox 1568 4021 1841 4084; x_wconf 84' lang='lat' dir='ltr'><strong>agentem,</strong></span> <span class='ocrx_word' id='word_1_559' title='bbox 1868 4010 2140 4082; x_wconf 82' lang='lat' dir='ltr'><strong>ejusmodi</strong></span> 
     </span>
    </p>
   </div>
   <div class='ocr_carea' id='block_1_80' title="bbox 572 4102 2141 4179">
    <p class='ocr_par' dir='ltr' id='par_1_80' title="bbox 572 4102 2141 4179">
     <span class='ocr_line' id='line_1_80' title="bbox 572 4102 2141 4179; baseline -0.005 -16"><span class='ocrx_word' id='word_1_560' title='bbox 572 4123 713 4179; x_wconf 83' lang='lat' dir='ltr'><strong>quos</strong></span> <span class='ocrx_word' id='word_1_561' title='bbox 754 4107 924 4171; x_wconf 86' lang='lat' dir='ltr'><strong>vultis</strong></span> <span class='ocrx_word' id='word_1_562' title='bbox 977 4106 1250 4161; x_wconf 88' lang='lat' dir='ltr'><strong>carbones</strong></span> <span class='ocrx_word' id='word_1_563' title='bbox 1299 4107 1629 4177; x_wconf 88' lang='lat' dir='ltr'><strong>bajulantes.</strong></span> <span class='ocrx_word' id='word_1_564' title='bbox 1688 4104 1841 4158; x_wconf 87' lang='lat' dir='ltr'><strong>Talia</strong></span> <span class='ocrx_word' id='word_1_565' title='bbox 1892 4104 1983 4157; x_wconf 91' lang='lat' dir='ltr'><strong>ille</strong></span> <span class='ocrx_word' id='word_1_566' title='bbox 2039 4102 2141 4157; x_wconf 94' lang='lat' dir='ltr'><strong>sub</strong></span> 
     </span>
    </p>
   </div>
   <div class='ocr_carea' id='block_1_81' title="bbox 570 4191 2144 4267">
    <p class='ocr_par' dir='ltr' id='par_1_81' title="bbox 570 4191 2144 4267">
     <span class='ocr_line' id='line_1_81' title="bbox 570 4191 2144 4267; baseline -0.006 -13"><span class='ocrx_word' id='word_1_567' title='bbox 570 4198 755 4254; x_wconf 92' lang='lat' dir='ltr'><strong>noctis</strong></span> <span class='ocrx_word' id='word_1_568' title='bbox 775 4196 1066 4253; x_wconf 82' lang='lat' dir='ltr'><strong>exordium</strong></span> <span class='ocrx_word' id='word_1_569' title='bbox 1100 4195 1430 4267; x_wconf 81' lang='lat' dir='ltr'><strong>discipulis:</strong></span> <span class='ocrx_word' id='word_1_570' title='bbox 1462 4202 1681 4264; x_wconf 91' lang='lat' dir='ltr'><strong>postera</strong></span> <span class='ocrx_word' id='word_1_571' title='bbox 1730 4208 1863 4247; x_wconf 86' lang='lat' dir='ltr'><strong>vero</strong></span> <span class='ocrx_word' id='word_1_572' title='bbox 1909 4192 2032 4246; x_wconf 90' lang='lat' dir='ltr'><strong>luce</strong></span> <span class='ocrx_word' id='word_1_573' title='bbox 2058 4191 2144 4245; x_wconf 86' lang='lat' dir='ltr'><strong>vir</strong></span> 
     </span>
    </p>
   </div>
   <div class='ocr_carea' id='block_1_82' title="bbox 569 4282 2145 4359">
    <p class='ocr_par' dir='ltr' id='par_1_82' title="bbox 569 4282 2145 4359">
     <span class='ocr_line' id='line_1_82' title="bbox 569 4282 2145 4359; baseline -0.006 -13"><span class='ocrx_word' id='word_1_574' title='bbox 569 4291 661 4346; x_wconf 87' lang='lat' dir='ltr'><strong>ille</strong></span> <span class='ocrx_word' id='word_1_575' title='bbox 690 4288 910 4344; x_wconf 81' lang='lat' dir='ltr'><strong>advexit</strong></span> <span class='ocrx_word' id='word_1_576' title='bbox 929 4302 1050 4359; x_wconf 51' lang='lat' dir='ltr'><strong>qua)</strong></span> <span class='ocrx_word' id='word_1_577' title='bbox 1063 4286 1391 4356; x_wconf 68' lang='lat' dir='ltr'><strong>prazdixerat</strong></span> <span class='ocrx_word' id='word_1_578' title='bbox 1411 4292 1654 4339; x_wconf 89' lang='lat' dir='ltr'><strong>sanctus.</strong></span> <span class='ocrx_word' id='word_1_579' title='bbox 1682 4284 2023 4352; x_wconf 78' lang='lat' dir='ltr'><strong>Praeceperat</strong></span> <span class='ocrx_word' id='word_1_580' title='bbox 2044 4282 2145 4337; x_wconf 87' lang='lat' dir='ltr'><strong>ali-</strong></span> 
     </span>
    </p>
   </div>
   <div class='ocr_carea' id='block_1_83' title="bbox 572 4374 2143 4453">
    <p class='ocr_par' dir='ltr' id='par_1_83' title="bbox 572 4374 2143 4453">
     <span class='ocr_line' id='line_1_83' title="bbox 572 4374 2143 4453; baseline -0.006 -16"><span class='ocrx_word' id='word_1_581' title='bbox 572 4381 794 4453; x_wconf 87' lang='lat' dir='ltr'><strong>quando</strong></span> <span class='ocrx_word' id='word_1_582' title='bbox 810 4380 946 4449; x_wconf 89' lang='lat' dir='ltr'><strong>suis,</strong></span> <span class='ocrx_word' id='word_1_583' title='bbox 971 4394 1042 4433; x_wconf 92' lang='lat' dir='ltr'><strong>ne</strong></span> <span class='ocrx_word' id='word_1_584' title='bbox 1059 4392 1224 4448; x_wconf 89' lang='lat' dir='ltr'><strong>quem</strong></span> <span class='ocrx_word' id='word_1_585' title='bbox 1255 4376 1485 4431; x_wconf 92' lang='lat' dir='ltr'><strong>omnino</strong></span> <span class='ocrx_word' id='word_1_586' title='bbox 1525 4377 1840 4432; x_wconf 62' lang='lat' dir='ltr'><strong>smeularem</strong></span> <span class='ocrx_word' id='word_1_587' title='bbox 1866 4374 2143 4428; x_wconf 90' lang='lat' dir='ltr'><strong>hominem</strong></span> 
     </span>
    </p>
   </div>
   <div class='ocr_carea' id='block_1_84' title="bbox 570 4466 2146 4540">
    <p class='ocr_par' dir='ltr' id='par_1_84' title="bbox 570 4466 2146 4540">
     <span class='ocr_line' id='line_1_84' title="bbox 570 4466 2146 4540; baseline -0.006 -10"><span class='ocrx_word' id='word_1_588' title='bbox 570 4474 951 4534; x_wconf 87' lang='lat' dir='ltr'><strong>convenirent,</strong></span> <span class='ocrx_word' id='word_1_589' title='bbox 998 4483 1178 4539; x_wconf 88' lang='lat' dir='ltr'><strong>neque</strong></span> <span class='ocrx_word' id='word_1_590' title='bbox 1229 4466 1501 4540; x_wconf 89' lang='lat' dir='ltr'><strong>colloquia</strong></span> <span class='ocrx_word' id='word_1_591' title='bbox 1566 4466 1673 4521; x_wconf 88' lang='lat' dir='ltr'><strong>ulla</strong></span> <span class='ocrx_word' id='word_1_592' title='bbox 1721 4474 1816 4521; x_wconf 89' lang='lat' dir='ltr'><strong>aut</strong></span> <span class='ocrx_word' id='word_1_593' title='bbox 1862 4480 2146 4521; x_wconf 88' lang='lat' dir='ltr'><strong>sermones</strong></span> 
     </span>
    </p>
   </div>
   <div class='ocr_carea' id='block_1_85' title="bbox 2245 4010 3778 4083">
    <p class='ocr_par' dir='ltr' id='par_1_85' title="bbox 2245 4010 3778 4083">
     <span class='ocr_line' id='line_1_85' title="bbox 2245 4010 3778 4083; baseline -0.003 -17"><span class='ocrx_word' id='word_1_594' title='bbox 2245 4030 2339 4075; x_wconf 86' lang='grc' dir='ltr'><strong>κες</strong></span> <span class='ocrx_word' id='word_1_595' title='bbox 2386 4013 2493 4083; x_wconf 78' lang='grc' dir='ltr'><strong>ἄρα</strong></span> <span class='ocrx_word' id='word_1_596' title='bbox 2546 4010 2753 4065; x_wconf 84' lang='grc' dir='ltr'><strong>τούτοιν</strong></span> <span class='ocrx_word' id='word_1_597' title='bbox 2797 4012 3080 4082; x_wconf 77' lang='grc' dir='ltr'><strong>ἑκατέροιν</strong></span> <span class='ocrx_word' id='word_1_598' title='bbox 3118 4014 3145 4065; x_wconf 87' lang='grc' dir='ltr'>ὁ</span> <span class='ocrx_word' id='word_1_599' title='bbox 3179 4013 3394 4081; x_wconf 80' lang='grc' dir='ltr'><strong>φόρτος.</strong></span> <span class='ocrx_word' id='word_1_600' title='bbox 3431 4013 3611 4066; x_wconf 82' lang='grc' dir='ltr'><strong>Ταῦτα</strong></span> <span class='ocrx_word' id='word_1_601' title='bbox 3651 4013 3778 4082; x_wconf 81' lang='grc' dir='ltr'><strong>ὁμὲν</strong></span> 
     </span>
    </p>
   </div>
   <div class='ocr_carea' id='block_1_86' title="bbox 2246 4100 3779 4176">
    <p class='ocr_par' dir='ltr' id='par_1_86' title="bbox 2246 4100 3779 4176">
     <span class='ocr_line' id='line_1_86' title="bbox 2246 4100 3779 4176; baseline -0.002 -19"><span class='ocrx_word' id='word_1_602' title='bbox 2246 4108 2356 4167; x_wconf 80' lang='grc' dir='ltr'><strong>τοῖς</strong></span> <span class='ocrx_word' id='word_1_603' title='bbox 2389 4103 2656 4174; x_wconf 80' lang='grc' dir='ltr'><strong>μαθηταῖς</strong></span> <span class='ocrx_word' id='word_1_604' title='bbox 2692 4105 2821 4172; x_wconf 77' lang='grc' dir='ltr'><strong>περὶ</strong></span> <span class='ocrx_word' id='word_1_605' title='bbox 2863 4103 3055 4166; x_wconf 78' lang='grc' dir='ltr'><strong>νυκτὸς</strong></span> <span class='ocrx_word' id='word_1_606' title='bbox 3081 4104 3255 4175; x_wconf 77' lang='grc' dir='ltr'><strong>ἀρχὰς</strong></span> <span class='ocrx_word' id='word_1_607' title='bbox 3288 4100 3466 4169; x_wconf 78' lang='grc' dir='ltr'><strong>εἶπεν,</strong></span> <span class='ocrx_word' id='word_1_608' title='bbox 3493 4106 3613 4176; x_wconf 75' lang='grc' dir='ltr'><strong>ἥκει</strong></span> <span class='ocrx_word' id='word_1_609' title='bbox 3649 4105 3695 4157; x_wconf 82' lang='grc' dir='ltr'><strong>δὲ</strong></span> <span class='ocrx_word' id='word_1_610' title='bbox 3719 4105 3779 4164; x_wconf 78' lang='grc' dir='ltr'><strong>εἰς</strong></span> 
     </span>
    </p>
   </div>
   <div class='ocr_carea' id='block_1_87' title="bbox 2245 4193 3779 4268">
    <p class='ocr_par' dir='ltr' id='par_1_87' title="bbox 2245 4193 3779 4268">
     <span class='ocr_line' id='line_1_87' title="bbox 2245 4193 3779 4268; baseline -0.003 -18"><span class='ocrx_word' id='word_1_611' title='bbox 2245 4197 2342 4267; x_wconf 80' lang='grc' dir='ltr'><strong>τὴν</strong></span> <span class='ocrx_word' id='word_1_612' title='bbox 2366 4195 2493 4265; x_wconf 77' lang='grc' dir='ltr'><strong>ἑξῆς</strong></span> <span class='ocrx_word' id='word_1_613' title='bbox 2532 4197 2560 4249; x_wconf 88' lang='grc' dir='ltr'><strong>ό</strong></span> <span class='ocrx_word' id='word_1_614' title='bbox 2588 4193 2848 4261; x_wconf 84' lang='grc' dir='ltr'><strong>τοιοῦτος,</strong></span> <span class='ocrx_word' id='word_1_615' title='bbox 2876 4195 3117 4266; x_wconf 75' lang='grc' dir='ltr'><strong>κομίζων</strong></span> <span class='ocrx_word' id='word_1_616' title='bbox 3150 4199 3215 4267; x_wconf 86' lang='grc' dir='ltr'><strong>τῇ</strong></span> <span class='ocrx_word' id='word_1_617' title='bbox 3250 4200 3383 4268; x_wconf 80' lang='grc' dir='ltr'><strong>μονῇ</strong></span> <span class='ocrx_word' id='word_1_618' title='bbox 3417 4198 3653 4259; x_wconf 81' lang='grc' dir='ltr'><strong>τούτους,</strong></span> <span class='ocrx_word' id='word_1_619' title='bbox 3680 4194 3779 4255; x_wconf 79' lang='grc' dir='ltr'><strong>ὼςὸ</strong></span> 
     </span>
    </p>
   </div>
   <div class='ocr_carea' id='block_1_88' title="bbox 2247 4287 3780 4360">
    <p class='ocr_par' dir='ltr' id='par_1_88' title="bbox 2247 4287 3780 4360">
     <span class='ocr_line' id='line_1_88' title="bbox 2247 4287 3780 4360; baseline -0.004 -17"><span class='ocrx_word' id='word_1_620' title='bbox 2247 4287 2474 4360; x_wconf 84' lang='grc' dir='ltr'><strong>Συμεὼν</strong></span> <span class='ocrx_word' id='word_1_621' title='bbox 2504 4288 2851 4359; x_wconf 82' lang='grc' dir='ltr'><strong>προειρήκει.</strong></span> <span class='ocrx_word' id='word_1_622' title='bbox 2894 4289 3211 4342; x_wconf 84' lang='grc' dir='ltr'><strong>Ἐντέταλτο</strong></span> <span class='ocrx_word' id='word_1_623' title='bbox 3238 4290 3369 4359; x_wconf 81' lang='grc' dir='ltr'><strong>παρ’</strong></span> <span class='ocrx_word' id='word_1_624' title='bbox 3391 4288 3558 4343; x_wconf 80' lang='grc' dir='ltr'><strong>αὑτοῦ</strong></span> <span class='ocrx_word' id='word_1_625' title='bbox 3581 4292 3679 4350; x_wconf 77' lang='grc' dir='ltr'><strong>τοῖς</strong></span> <span class='ocrx_word' id='word_1_626' title='bbox 3702 4304 3780 4357; x_wconf 75' lang='grc' dir='ltr'><strong>μι-</strong></span> 
     </span>
    </p>
   </div>
   <div class='ocr_carea' id='block_1_89' title="bbox 2248 4379 3779 4453">
    <p class='ocr_par' dir='ltr' id='par_1_89' title="bbox 2248 4379 3779 4453">
     <span class='ocr_line' id='line_1_89' title="bbox 2248 4379 3779 4453; baseline -0.004 -18"><span class='ocrx_word' id='word_1_627' title='bbox 2248 4382 2436 4452; x_wconf 86' lang='grc' dir='ltr'><strong>θηταίς</strong></span> <span class='ocrx_word' id='word_1_628' title='bbox 2472 4380 2659 4452; x_wconf 77' lang='grc' dir='ltr'><strong>μηδενὶ</strong></span> <span class='ocrx_word' id='word_1_629' title='bbox 2698 4379 2950 4450; x_wconf 79' lang='grc' dir='ltr'><strong>μηδαμοῦ</strong></span> <span class='ocrx_word' id='word_1_630' title='bbox 2981 4380 3230 4450; x_wconf 85' lang='grc' dir='ltr'><strong>κοσμικῷ</strong></span> <span class='ocrx_word' id='word_1_631' title='bbox 3259 4383 3575 4453; x_wconf 78' lang='grc' dir='ltr'><strong>παρρησίαν</strong></span> <span class='ocrx_word' id='word_1_632' title='bbox 3601 4380 3779 4443; x_wconf 82' lang='grc' dir='ltr'><strong>διδόναι,</strong></span> 
     </span>
    </p>
   </div>
   <div class='ocr_carea' id='block_1_90' title="bbox 2252 4473 3778 4545">
    <p class='ocr_par' dir='ltr' id='par_1_90' title="bbox 2252 4473 3778 4545">
     <span class='ocr_line' id='line_1_90' title="bbox 2252 4473 3778 4545; baseline -0.005 -16"><span class='ocrx_word' id='word_1_633' title='bbox 2252 4475 2374 4545; x_wconf 86' lang='grc' dir='ltr'><strong>μηδ’</strong></span> <span class='ocrx_word' id='word_1_634' title='bbox 2418 4475 2497 4536; x_wconf 86' lang='grc' dir='ltr'><strong>είς</strong></span> <span class='ocrx_word' id='word_1_635' title='bbox 2526 4473 2741 4544; x_wconf 81' lang='grc' dir='ltr'><strong>ὁμιλίαν</strong></span> <span class='ocrx_word' id='word_1_636' title='bbox 2774 4474 2958 4535; x_wconf 82' lang='grc' dir='ltr'><strong>αὐτοῖς</strong></span> <span class='ocrx_word' id='word_1_637' title='bbox 3000 4473 3068 4526; x_wconf 86' lang='grc' dir='ltr'><strong>τὰ</strong></span> <span class='ocrx_word' id='word_1_638' title='bbox 3093 4473 3263 4526; x_wconf 85' lang='grc' dir='ltr'><strong>πολλά</strong></span> <span class='ocrx_word' id='word_1_639' title='bbox 3291 4474 3385 4527; x_wconf 79' lang='grc' dir='ltr'><strong>καὶ</strong></span> <span class='ocrx_word' id='word_1_640' title='bbox 3416 4475 3605 4543; x_wconf 85' lang='grc' dir='ltr'><strong>λόγους</strong></span> <span class='ocrx_word' id='word_1_641' title='bbox 3636 4473 3778 4543; x_wconf 76' lang='grc' dir='ltr'><strong>ἥκειν,</strong></span> 
     </span>
    </p>
   </div>
   <div class='ocr_carea' id='block_1_91' title="bbox 570 4554 2134 4636">
    <p class='ocr_par' dir='ltr' id='par_1_91' title="bbox 570 4554 2134 4631">
     <span class='ocr_line' id='line_1_91' title="bbox 570 4554 2134 4631; baseline -0.005 -10"><span class='ocrx_word' id='word_1_642' title='bbox 570 4582 697 4622; x_wconf 88' lang='lat' dir='ltr'><strong>eum</strong></span> <span class='ocrx_word' id='word_1_643' title='bbox 734 4564 801 4620; x_wconf 94' lang='lat' dir='ltr'><strong>iis</strong></span> <span class='ocrx_word' id='word_1_644' title='bbox 830 4554 1149 4628; x_wconf 77' lang='lat' dir='ltr'><strong>miscerent,</strong></span> <span class='ocrx_word' id='word_1_645' title='bbox 1202 4560 1309 4616; x_wconf 90' lang='lat' dir='ltr'><strong>nisi</strong></span> <span class='ocrx_word' id='word_1_646' title='bbox 1349 4560 1405 4614; x_wconf 90' lang='lat' dir='ltr'><strong>in</strong></span> <span class='ocrx_word' id='word_1_647' title='bbox 1436 4559 1757 4631; x_wconf 89' lang='lat' dir='ltr'><strong>gravissima</strong></span> <span class='ocrx_word' id='word_1_648' title='bbox 1782 4560 2134 4626; x_wconf 74' lang='lat' dir='ltr'><strong>necessitate;</strong></span> 
     </span>
    </p>
   </div>
   <div class='ocr_carea' id='block_1_92' title="bbox 2240 4554 3779 4636">
    <p class='ocr_par' dir='ltr' id='par_1_92' title="bbox 2253 4562 3779 4636">
     <span class='ocr_line' id='line_1_92' title="bbox 2253 4562 3779 4636; baseline -0.002 -17"><span class='ocrx_word' id='word_1_649' title='bbox 2253 4567 2301 4619; x_wconf 81' lang='grc' dir='ltr'>εί</span> <span class='ocrx_word' id='word_1_650' title='bbox 2336 4566 2411 4636; x_wconf 83' lang='grc' dir='ltr'><strong>μὴ</strong></span> <span class='ocrx_word' id='word_1_651' title='bbox 2453 4565 2595 4618; x_wconf 79' lang='grc' dir='ltr'><strong>κατὰ</strong></span> <span class='ocrx_word' id='word_1_652' title='bbox 2623 4564 2759 4618; x_wconf 87' lang='grc' dir='ltr'><strong>πολύ</strong></span> <span class='ocrx_word' id='word_1_653' title='bbox 2789 4582 2840 4617; x_wconf 89' lang='grc' dir='ltr'><strong>τι</strong></span> <span class='ocrx_word' id='word_1_654' title='bbox 2874 4565 2935 4617; x_wconf 85' lang='grc' dir='ltr'><strong>τδ</strong></span> <span class='ocrx_word' id='word_1_655' title='bbox 2964 4566 3285 4632; x_wconf 67' lang='grc' dir='ltr'><strong>ἀναγκαῖον*</strong></span> <span class='ocrx_word' id='word_1_656' title='bbox 3335 4565 3426 4619; x_wconf 75' lang='grc' dir='ltr'><strong>καὶ</strong></span> <span class='ocrx_word' id='word_1_657' title='bbox 3477 4565 3628 4618; x_wconf 77' lang='grc' dir='ltr'><strong>τοῦτο</strong></span> <span class='ocrx_word' id='word_1_658' title='bbox 3651 4564 3699 4616; x_wconf 80' lang='grc' dir='ltr'><strong>δέ</strong></span> <span class='ocrx_word' id='word_1_659' title='bbox 3724 4562 3779 4631; x_wconf 75' lang='grc' dir='ltr'><strong>μὴ</strong></span> 
     </span>
    </p>
   </div>
   <div class='ocr_carea' id='block_1_93' title="bbox 572 4650 2134 4728">
    <p class='ocr_par' dir='ltr' id='par_1_93' title="bbox 572 4650 2134 4720">
     <span class='ocr_line' id='line_1_93' title="bbox 572 4650 2134 4720; baseline -0.005 -8"><span class='ocrx_word' id='word_1_660' title='bbox 572 4668 706 4712; x_wconf 88' lang='lat' dir='ltr'><strong>tunc</strong></span> <span class='ocrx_word' id='word_1_661' title='bbox 726 4670 857 4712; x_wconf 83' lang='lat' dir='ltr'><strong>vero</strong></span> <span class='ocrx_word' id='word_1_662' title='bbox 880 4655 1046 4710; x_wconf 90' lang='lat' dir='ltr'><strong>etiam</strong></span> <span class='ocrx_word' id='word_1_663' title='bbox 1079 4667 1188 4707; x_wconf 92' lang='lat' dir='ltr'><strong>non</strong></span> <span class='ocrx_word' id='word_1_664' title='bbox 1216 4651 1621 4706; x_wconf 90' lang='lat' dir='ltr'><strong>immorandum</strong></span> <span class='ocrx_word' id='word_1_665' title='bbox 1646 4650 1763 4716; x_wconf 92' lang='lat' dir='ltr'><strong>diu,</strong></span> <span class='ocrx_word' id='word_1_666' title='bbox 1795 4651 1889 4706; x_wconf 90' lang='lat' dir='ltr'><strong>sed</strong></span> <span class='ocrx_word' id='word_1_667' title='bbox 1918 4650 2134 4720; x_wconf 61' lang='lat' dir='ltr'><strong>priscis:</strong></span> 
     </span>
    </p>
   </div>
   <div class='ocr_carea' id='block_1_94' title="bbox 2240 4650 3783 4728">
    <p class='ocr_par' dir='ltr' id='par_1_94' title="bbox 2253 4652 3783 4728">
     <span class='ocr_line' id='line_1_94' title="bbox 2253 4652 3783 4728; baseline -0.002 -17"><span class='ocrx_word' id='word_1_668' title='bbox 2253 4656 2686 4728; x_wconf 81' lang='grc' dir='ltr'><strong>ἐνδιατρίϐοντας</strong></span> <span class='ocrx_word' id='word_1_669' title='bbox 2735 4660 2857 4718; x_wconf 83' lang='grc' dir='ltr'><strong>ταῖς</strong></span> <span class='ocrx_word' id='word_1_670' title='bbox 2912 4654 3049 4727; x_wconf 79' lang='grc' dir='ltr'><strong>πρὸς</strong></span> <span class='ocrx_word' id='word_1_671' title='bbox 3092 4657 3287 4720; x_wconf 80' lang='grc' dir='ltr'><strong>αὐτοὺς</strong></span> <span class='ocrx_word' id='word_1_672' title='bbox 3332 4656 3644 4723; x_wconf 79' lang='grc' dir='ltr'><strong>διαλέξεσιν,</strong></span> <span class='ocrx_word' id='word_1_673' title='bbox 3678 4652 3783 4708; x_wconf 69' lang='grc' dir='ltr'><strong>ἀλλὰ</strong></span> 
     </span>
    </p>
   </div>
   <div class='ocr_carea' id='block_1_95' title="bbox 573 4744 2134 4818">
    <p class='ocr_par' dir='ltr' id='par_1_95' title="bbox 573 4744 2134 4814">
     <span class='ocr_line' id='line_1_95' title="bbox 573 4744 2134 4814; baseline -0.006 -9"><span class='ocrx_word' id='word_1_674' title='bbox 573 4763 830 4805; x_wconf 90' lang='lat' dir='ltr'><strong>sermone</strong></span> <span class='ocrx_word' id='word_1_675' title='bbox 860 4744 1252 4803; x_wconf 89' lang='lat' dir='ltr'><strong>discedendum</strong></span> <span class='ocrx_word' id='word_1_676' title='bbox 1284 4760 1447 4814; x_wconf 90' lang='lat' dir='ltr'><strong>quam</strong></span> <span class='ocrx_word' id='word_1_677' title='bbox 1478 4759 1636 4807; x_wconf 83' lang='lat' dir='ltr'><strong>mox;</strong></span> <span class='ocrx_word' id='word_1_678' title='bbox 1670 4752 1727 4797; x_wconf 94' lang='lat' dir='ltr'><strong>ut</strong></span> <span class='ocrx_word' id='word_1_679' title='bbox 1765 4750 1956 4797; x_wconf 91' lang='lat' dir='ltr'><strong>noctes</strong></span> <span class='ocrx_word' id='word_1_680' title='bbox 1988 4752 2134 4812; x_wconf 68' lang='lat' dir='ltr'><strong>atqui</strong></span> 
     </span>
    </p>
   </div>
   <div class='ocr_carea' id='block_1_96' title="bbox 2240 4744 3781 4818">
    <p class='ocr_par' dir='ltr' id='par_1_96' title="bbox 2251 4746 3781 4818">
     <span class='ocr_line' id='line_1_96' title="bbox 2251 4746 3781 4818; baseline -0.001 -18"><span class='ocrx_word' id='word_1_681' title='bbox 2251 4748 2388 4818; x_wconf 79' lang='grc' dir='ltr'><strong>ταχὺ</strong></span> <span class='ocrx_word' id='word_1_682' title='bbox 2437 4746 2967 4816; x_wconf 81' lang='grc' dir='ltr'><strong>ἀπαλλαττομένους,</strong></span> <span class='ocrx_word' id='word_1_683' title='bbox 3022 4748 3191 4800; x_wconf 86' lang='grc' dir='ltr'><strong>νύκτα</strong></span> <span class='ocrx_word' id='word_1_684' title='bbox 3246 4748 3430 4818; x_wconf 84' lang='grc' dir='ltr'><strong>μέντοι</strong></span> <span class='ocrx_word' id='word_1_685' title='bbox 3482 4749 3569 4801; x_wconf 75' lang='grc' dir='ltr'><strong>καὶ</strong></span> <span class='ocrx_word' id='word_1_686' title='bbox 3610 4747 3781 4816; x_wconf 73' lang='grc' dir='ltr'><strong>ἡμέραν</strong></span> 
     </span>
    </p>
   </div>
   <div class='ocr_carea' id='block_1_97' title="bbox 574 4832 2134 4909">
    <p class='ocr_par' dir='ltr' id='par_1_97' title="bbox 574 4832 2134 4905">
     <span class='ocr_line' id='line_1_97' title="bbox 574 4832 2134 4905; baseline -0.002 -14"><span class='ocrx_word' id='word_1_687' title='bbox 574 4837 696 4901; x_wconf 85' lang='lat' dir='ltr'><strong>dies</strong></span> <span class='ocrx_word' id='word_1_688' title='bbox 734 4835 937 4891; x_wconf 90' lang='lat' dir='ltr'><strong>divinis</strong></span> <span class='ocrx_word' id='word_1_689' title='bbox 961 4834 1191 4905; x_wconf 88' lang='lat' dir='ltr'><strong>psalmis</strong></span> <span class='ocrx_word' id='word_1_690' title='bbox 1231 4849 1294 4887; x_wconf 90' lang='lat' dir='ltr'><strong>ac</strong></span> <span class='ocrx_word' id='word_1_691' title='bbox 1322 4834 1538 4904; x_wconf 76' lang='lat' dir='ltr'><strong>legibus</strong></span> <span class='ocrx_word' id='word_1_692' title='bbox 1576 4832 1909 4888; x_wconf 83' lang='lat' dir='ltr'><strong>meditandis</strong></span> <span class='ocrx_word' id='word_1_693' title='bbox 1947 4834 2134 4888; x_wconf 85' lang='lat' dir='ltr'><strong>transi-</strong></span> 
     </span>
    </p>
   </div>
   <div class='ocr_carea' id='block_1_98' title="bbox 2240 4832 3783 4909">
    <p class='ocr_par' dir='ltr' id='par_1_98' title="bbox 2251 4835 3783 4909">
     <span class='ocr_line' id='line_1_98' title="bbox 2251 4835 3783 4909; baseline -0.001 -21"><span class='ocrx_word' id='word_1_694' title='bbox 2251 4839 2363 4898; x_wconf 83' lang='grc' dir='ltr'><strong>τοῖς</strong></span> <span class='ocrx_word' id='word_1_695' title='bbox 2402 4836 2566 4899; x_wconf 87' lang='grc' dir='ltr'><strong>θείοις</strong></span> <span class='ocrx_word' id='word_1_696' title='bbox 2593 4835 2829 4906; x_wconf 74' lang='grc' dir='ltr'><strong>ψαλμοῖς</strong></span> <span class='ocrx_word' id='word_1_697' title='bbox 2862 4837 2957 4890; x_wconf 80' lang='grc' dir='ltr'><strong>καὶ</strong></span> <span class='ocrx_word' id='word_1_698' title='bbox 2984 4835 3169 4906; x_wconf 89' lang='grc' dir='ltr'><strong>νόμοις</strong></span> <span class='ocrx_word' id='word_1_699' title='bbox 3212 4836 3521 4909; x_wconf 81' lang='grc' dir='ltr'><strong>ἐμμελετᾷν</strong></span> <span class='ocrx_word' id='word_1_700' title='bbox 3558 4835 3642 4891; x_wconf 80' lang='grc' dir='ltr'><strong>τοῦ</strong></span> <span class='ocrx_word' id='word_1_701' title='bbox 3670 4835 3783 4888; x_wconf 82' lang='grc' dir='ltr'><strong>δεδο-</strong></span> 
     </span>
    </p>
   </div>
   <div class='ocr_carea' id='block_1_99' title="bbox 2256 4928 3781 5002">
    <p class='ocr_par' dir='ltr' id='par_1_99' title="bbox 2256 4928 3781 5002">
     <span class='ocr_line' id='line_1_99' title="bbox 2256 4928 3781 5002; baseline -0.002 -20"><span class='ocrx_word' id='word_1_702' title='bbox 2256 4928 2416 4999; x_wconf 79' lang='grc' dir='ltr'><strong>μένου</strong></span> <span class='ocrx_word' id='word_1_703' title='bbox 2440 4929 2662 4991; x_wconf 88' lang='grc' dir='ltr'><strong>κανόνος</strong></span> <span class='ocrx_word' id='word_1_704' title='bbox 2691 4929 2966 4999; x_wconf 74' lang='grc' dir='ltr'><strong>ἐπιμελῶς</strong></span> <span class='ocrx_word' id='word_1_705' title='bbox 2993 4930 3303 5002; x_wconf 82' lang='grc' dir='ltr'><strong>ἐχομένους.</strong></span> <span class='ocrx_word' id='word_1_706' title='bbox 3336 4930 3475 4985; x_wconf 79' lang='grc' dir='ltr'><strong>Ποτέ</strong></span> <span class='ocrx_word' id='word_1_707' title='bbox 3498 4929 3621 5000; x_wconf 80' lang='grc' dir='ltr'><strong>γοῦν</strong></span> <span class='ocrx_word' id='word_1_708' title='bbox 3646 4929 3781 4984; x_wconf 80' lang='grc' dir='ltr'><strong>ἐδόκει</strong></span> 
     </span>
    </p>
   </div>
   <div class='ocr_carea' id='block_1_100' title="bbox 2253 5019 3782 5095">
    <p class='ocr_par' dir='ltr' id='par_1_100' title="bbox 2253 5019 3782 5095">
     <span class='ocr_line' id='line_1_100' title="bbox 2253 5019 3782 5095; baseline -0.001 -20"><span class='ocrx_word' id='word_1_709' title='bbox 2253 5023 2329 5094; x_wconf 79' lang='grc' dir='ltr'><strong>τῷ</strong></span> <span class='ocrx_word' id='word_1_710' title='bbox 2358 5022 2600 5092; x_wconf 76' lang='grc' dir='ltr'><strong>Συμεὼν,</strong></span> <span class='ocrx_word' id='word_1_711' title='bbox 2637 5019 2863 5092; x_wconf 88' lang='grc' dir='ltr'><strong>πλησίον</strong></span> <span class='ocrx_word' id='word_1_712' title='bbox 2906 5020 3093 5092; x_wconf 79' lang='grc' dir='ltr'><strong>ὥσπερ</strong></span> <span class='ocrx_word' id='word_1_713' title='bbox 3144 5023 3305 5077; x_wconf 77' lang='grc' dir='ltr'><strong>αὑτὸν</strong></span> <span class='ocrx_word' id='word_1_714' title='bbox 3341 5024 3401 5078; x_wconf 82' lang='grc' dir='ltr'><strong>ἐν</strong></span> <span class='ocrx_word' id='word_1_715' title='bbox 3442 5026 3508 5095; x_wconf 77' lang='grc' dir='ltr'><strong>τῇ</strong></span> <span class='ocrx_word' id='word_1_716' title='bbox 3544 5022 3782 5091; x_wconf 64' lang='grc' dir='ltr'><strong>κατωτέρᾳ</strong></span> 
     </span>
    </p>
   </div>
   <div class='ocr_carea' id='block_1_101' title="bbox 2257 5112 3785 5185">
    <p class='ocr_par' dir='ltr' id='par_1_101' title="bbox 2257 5112 3785 5185">
     <span class='ocr_line' id='line_1_101' title="bbox 2257 5112 3785 5185; baseline 0 -21"><span class='ocrx_word' id='word_1_717' title='bbox 2257 5116 2391 5184; x_wconf 83' lang='grc' dir='ltr'><strong>μονῇ</strong></span> <span class='ocrx_word' id='word_1_718' title='bbox 2447 5115 2761 5182; x_wconf 87' lang='grc' dir='ltr'><strong>γενόμενον,</strong></span> <span class='ocrx_word' id='word_1_719' title='bbox 2808 5113 2994 5167; x_wconf 82' lang='grc' dir='ltr'><strong>ἐκεῖνα</strong></span> <span class='ocrx_word' id='word_1_720' title='bbox 3029 5115 3167 5184; x_wconf 81' lang='grc' dir='ltr'><strong>πρός</strong></span> <span class='ocrx_word' id='word_1_721' title='bbox 3214 5132 3365 5179; x_wconf 90' lang='grc' dir='ltr'><strong>τινας</strong></span> <span class='ocrx_word' id='word_1_722' title='bbox 3400 5116 3511 5169; x_wconf 84' lang='grc' dir='ltr'><strong>τῶν</strong></span> <span class='ocrx_word' id='word_1_723' title='bbox 3550 5112 3785 5185; x_wconf 77' lang='grc' dir='ltr'><strong>κοσμικῶν</strong></span> 
     </span>
    </p>
   </div>
   <div class='ocr_carea' id='block_1_102' title="bbox 2253 5202 3784 5273">
    <p class='ocr_par' dir='ltr' id='par_1_102' title="bbox 2253 5202 3784 5273">
     <span class='ocr_line' id='line_1_102' title="bbox 2253 5202 3784 5273; baseline -0.001 -17"><span class='ocrx_word' id='word_1_724' title='bbox 2253 5203 2473 5257; x_wconf 72' lang='grc' dir='ltr'><strong>ἀκούειν</strong></span> <span class='ocrx_word' id='word_1_725' title='bbox 2507 5202 2833 5269; x_wconf 89' lang='grc' dir='ltr'><strong>λαλούντων,</strong></span> <span class='ocrx_word' id='word_1_726' title='bbox 2866 5205 3010 5272; x_wconf 79' lang='grc' dir='ltr'><strong>ἅπερ</strong></span> <span class='ocrx_word' id='word_1_727' title='bbox 3040 5204 3188 5273; x_wconf 86' lang='grc' dir='ltr'><strong>αύτῴ</strong></span> <span class='ocrx_word' id='word_1_728' title='bbox 3217 5207 3273 5258; x_wconf 88' lang='grc' dir='ltr'><strong>αἱ</strong></span> <span class='ocrx_word' id='word_1_729' title='bbox 3296 5206 3507 5260; x_wconf 82' lang='grc' dir='ltr'><strong>ἐντολαὶ</strong></span> <span class='ocrx_word' id='word_1_730' title='bbox 3534 5208 3626 5259; x_wconf 87' lang='grc' dir='ltr'><strong>ούκ</strong></span> <span class='ocrx_word' id='word_1_731' title='bbox 3662 5202 3784 5257; x_wconf 63' lang='lat'><strong>£602}-</strong></span> 
     </span>
    </p>
   </div>
   <div class='ocr_carea' id='block_1_103' title="bbox 2254 5291 3786 5367">
    <p class='ocr_par' dir='ltr' id='par_1_103' title="bbox 2254 5291 3786 5367">
     <span class='ocr_line' id='line_1_103' title="bbox 2254 5291 3786 5367; baseline -0.003 -19"><span class='ocrx_word' id='word_1_732' title='bbox 2254 5297 2427 5349; x_wconf 91' lang='grc' dir='ltr'><strong>λοντο.</strong></span> <span class='ocrx_word' id='word_1_733' title='bbox 2500 5294 2752 5359; x_wconf 81' lang='grc' dir='ltr'><strong>Καλέσας</strong></span> <span class='ocrx_word' id='word_1_734' title='bbox 2806 5295 2985 5351; x_wconf 78' lang='grc' dir='ltr'><strong>τοίνυν</strong></span> <span class='ocrx_word' id='word_1_735' title='bbox 3052 5298 3280 5362; x_wconf 78' lang='grc' dir='ltr'><strong>αὐτοὺς,</strong></span> <span class='ocrx_word' id='word_1_736' title='bbox 3339 5298 3586 5367; x_wconf 86' lang='grc' dir='ltr'><strong>ἑρεύναις</strong></span> <span class='ocrx_word' id='word_1_737' title='bbox 3643 5310 3693 5346; x_wconf 85' lang='grc' dir='ltr'><strong>τε</strong></span> <span class='ocrx_word' id='word_1_738' title='bbox 3740 5291 3786 5344; x_wconf 81' lang='grc' dir='ltr'><strong>τὸ</strong></span> 
     </span>
    </p>
   </div>
   <div class='ocr_carea' id='block_1_104' title="bbox 2256 5384 3786 5459">
    <p class='ocr_par' dir='ltr' id='par_1_104' title="bbox 2256 5384 3786 5459">
     <span class='ocr_line' id='line_1_104' title="bbox 2256 5384 3786 5459; baseline 0.001 -20"><span class='ocrx_word' id='word_1_739' title='bbox 2256 5388 2487 5457; x_wconf 80' lang='grc' dir='ltr'><strong>πρᾶγμα</strong></span> <span class='ocrx_word' id='word_1_740' title='bbox 2511 5386 2605 5439; x_wconf 69' lang='grc' dir='ltr'><strong>καὶ</strong></span> <span class='ocrx_word' id='word_1_741' title='bbox 2631 5386 2721 5439; x_wconf 79' lang='grc' dir='ltr'><strong>τὸν</strong></span> <span class='ocrx_word' id='word_1_742' title='bbox 2746 5388 2934 5457; x_wconf 77' lang='grc' dir='ltr'><strong>καιρὸν</strong></span> <span class='ocrx_word' id='word_1_743' title='bbox 2955 5387 3221 5453; x_wconf 86' lang='grc' dir='ltr'><strong>δεδωκὼς,</strong></span> <span class='ocrx_word' id='word_1_744' title='bbox 3254 5384 3410 5459; x_wconf 71' lang='grc' dir='ltr'><strong>εὗρεν</strong></span> <span class='ocrx_word' id='word_1_745' title='bbox 3446 5388 3519 5452; x_wconf 83' lang='grc' dir='ltr'><strong>ὡς</strong></span> <span class='ocrx_word' id='word_1_746' title='bbox 3550 5386 3685 5453; x_wconf 77' lang='grc' dir='ltr'><strong>αὐτῷ</strong></span> <span class='ocrx_word' id='word_1_747' title='bbox 3701 5384 3786 5441; x_wconf 75' lang='grc' dir='ltr'><strong>τοῖς</strong></span> 
     </span>
    </p>
   </div>
   <div class='ocr_carea' id='block_1_105' title="bbox 2254 5475 3785 5550">
    <p class='ocr_par' dir='ltr' id='par_1_105' title="bbox 2254 5475 3785 5550">
     <span class='ocr_line' id='line_1_105' title="bbox 2254 5475 3785 5550; baseline 0.002 -19"><span class='ocrx_word' id='word_1_748' title='bbox 2254 5478 2347 5531; x_wconf 70' lang='grc' dir='ltr'><strong>τοῦ</strong></span> <span class='ocrx_word' id='word_1_749' title='bbox 2380 5478 2698 5548; x_wconf 79' lang='grc' dir='ltr'><strong>Πνεύματος</strong></span> <span class='ocrx_word' id='word_1_750' title='bbox 2720 5479 3015 5550; x_wconf 72' lang='grc' dir='ltr'><strong>ὀφθαλμοῖς</strong></span> <span class='ocrx_word' id='word_1_751' title='bbox 3043 5479 3237 5550; x_wconf 77' lang='grc' dir='ltr'><strong>ἐθεάθη</strong></span> <span class='ocrx_word' id='word_1_752' title='bbox 3259 5495 3273 5510; x_wconf 78' lang='grc' dir='ltr'><strong>ο</strong></span> <span class='ocrx_word' id='word_1_753' title='bbox 3295 5479 3324 5532; x_wconf 86' lang='grc' dir='ltr'><strong>ὃ</strong></span> <span class='ocrx_word' id='word_1_754' title='bbox 3350 5481 3442 5533; x_wconf 70' lang='grc' dir='ltr'><strong>καὶ</strong></span> <span class='ocrx_word' id='word_1_755' title='bbox 3469 5478 3623 5550; x_wconf 76' lang='grc' dir='ltr'><strong>φόὸον</strong></span> <span class='ocrx_word' id='word_1_756' title='bbox 3641 5475 3785 5534; x_wconf 76' lang='grc' dir='ltr'><strong>αὐτοῖς</strong></span> 
     </span>
    </p>
   </div>
   <div class='ocr_carea' id='block_1_106' title="bbox 2256 5566 3785 5642">
    <p class='ocr_par' dir='ltr' id='par_1_106' title="bbox 2256 5566 3785 5642">
     <span class='ocr_line' id='line_1_106' title="bbox 2256 5566 3785 5642; baseline 0.002 -19"><span class='ocrx_word' id='word_1_757' title='bbox 2256 5572 2356 5624; x_wconf 86' lang='grc' dir='ltr'><strong>ούκ</strong></span> <span class='ocrx_word' id='word_1_758' title='bbox 2410 5571 2589 5640; x_wconf 82' lang='grc' dir='ltr'><strong>ὀλίγον</strong></span> <span class='ocrx_word' id='word_1_759' title='bbox 2642 5572 2825 5641; x_wconf 77' lang='grc' dir='ltr'><strong>ἐνῆκε,</strong></span> <span class='ocrx_word' id='word_1_760' title='bbox 2868 5571 3168 5642; x_wconf 86' lang='grc' dir='ltr'><strong>μελλούσης</strong></span> <span class='ocrx_word' id='word_1_761' title='bbox 3214 5572 3510 5642; x_wconf 80' lang='grc' dir='ltr'><strong>ἀξιόχρεων</strong></span> <span class='ocrx_word' id='word_1_762' title='bbox 3555 5566 3785 5639; x_wconf 67' lang='grc' dir='ltr'><strong>ἐγγυητὴν</strong></span> 
     </span>
    </p>
   </div>
   <div class='ocr_carea' id='block_1_107' title="bbox 574 4927 2150 5004">
    <p class='ocr_par' dir='ltr' id='par_1_107' title="bbox 574 4927 2150 5004">
     <span class='ocr_line' id='line_1_107' title="bbox 574 4927 2150 5004; baseline -0.003 -18"><span class='ocrx_word' id='word_1_763' title='bbox 574 4940 788 5004; x_wconf 85' lang='lat' dir='ltr'><strong>gentes,</strong></span> <span class='ocrx_word' id='word_1_764' title='bbox 818 4929 995 4985; x_wconf 85' lang='lat' dir='ltr'><strong>seduli</strong></span> <span class='ocrx_word' id='word_1_765' title='bbox 1021 4927 1465 5000; x_wconf 69' lang='lat' dir='ltr'><strong>prazscriptarum</strong></span> <span class='ocrx_word' id='word_1_766' title='bbox 1498 4927 1807 4998; x_wconf 82' lang='lat' dir='ltr'><strong>regularum</strong></span> <span class='ocrx_word' id='word_1_767' title='bbox 1829 4927 2150 4981; x_wconf 89' lang='lat' dir='ltr'><strong>observato-</strong></span> 
     </span>
    </p>
   </div>
   <div class='ocr_carea' id='block_1_108' title="bbox 573 5018 2153 5091">
    <p class='ocr_par' dir='ltr' id='par_1_108' title="bbox 573 5018 2153 5091">
     <span class='ocr_line' id='line_1_108' title="bbox 573 5018 2153 5091; baseline -0.003 -14"><span class='ocrx_word' id='word_1_768' title='bbox 573 5038 666 5091; x_wconf 75' lang='lat' dir='ltr'><strong>res</strong></span> <span class='ocrx_word' id='word_1_769' title='bbox 685 5021 889 5083; x_wconf 76' lang='lat' dir='ltr'><strong>forent.</strong></span> <span class='ocrx_word' id='word_1_770' title='bbox 912 5019 1221 5091; x_wconf 82' lang='lat' dir='ltr'><strong>Aliquando</strong></span> <span class='ocrx_word' id='word_1_771' title='bbox 1242 5020 1429 5091; x_wconf 84' lang='lat' dir='ltr'><strong>igitur,</strong></span> <span class='ocrx_word' id='word_1_772' title='bbox 1449 5034 1572 5074; x_wconf 91' lang='lat' dir='ltr'><strong>cum</strong></span> <span class='ocrx_word' id='word_1_773' title='bbox 1594 5027 1817 5073; x_wconf 89' lang='lat' dir='ltr'><strong>sanctus</strong></span> <span class='ocrx_word' id='word_1_774' title='bbox 1838 5018 1905 5073; x_wconf 90' lang='lat' dir='ltr'><strong>ad</strong></span> <span class='ocrx_word' id='word_1_775' title='bbox 1925 5018 2153 5073; x_wconf 88' lang='lat' dir='ltr'><strong>inferius</strong></span> 
     </span>
    </p>
   </div>
   <div class='ocr_carea' id='block_1_109' title="bbox 576 5111 2154 5183">
    <p class='ocr_par' dir='ltr' id='par_1_109' title="bbox 576 5111 2154 5183">
     <span class='ocr_line' id='line_1_109' title="bbox 576 5111 2154 5183; baseline -0.003 -14"><span class='ocrx_word' id='word_1_776' title='bbox 576 5113 975 5170; x_wconf 87' lang='lat' dir='ltr'><strong>monasterium</strong></span> <span class='ocrx_word' id='word_1_777' title='bbox 1032 5112 1355 5168; x_wconf 82' lang='lat' dir='ltr'><strong>accessisset</strong></span> <span class='ocrx_word' id='word_1_778' title='bbox 1407 5112 1656 5183; x_wconf 90' lang='lat' dir='ltr'><strong>propius,</strong></span> <span class='ocrx_word' id='word_1_779' title='bbox 1710 5111 1862 5167; x_wconf 85' lang='lat' dir='ltr'><strong>visus</strong></span> <span class='ocrx_word' id='word_1_780' title='bbox 1910 5111 2015 5167; x_wconf 87' lang='lat' dir='ltr'><strong>sibi</strong></span> <span class='ocrx_word' id='word_1_781' title='bbox 2069 5121 2154 5166; x_wconf 92' lang='lat' dir='ltr'><strong>est</strong></span> 
     </span>
    </p>
   </div>
   <div class='ocr_carea' id='block_1_110' title="bbox 578 5201 2153 5274">
    <p class='ocr_par' dir='ltr' id='par_1_110' title="bbox 578 5201 2153 5274">
     <span class='ocr_line' id='line_1_110' title="bbox 578 5201 2153 5274; baseline -0.003 -15"><span class='ocrx_word' id='word_1_782' title='bbox 578 5203 772 5259; x_wconf 91' lang='lat' dir='ltr'><strong>audire</strong></span> <span class='ocrx_word' id='word_1_783' title='bbox 793 5202 1006 5274; x_wconf 84' lang='lat' dir='ltr'><strong>aliquos</strong></span> <span class='ocrx_word' id='word_1_784' title='bbox 1032 5202 1158 5264; x_wconf 87' lang='lat' dir='ltr'><strong>talia</strong></span> <span class='ocrx_word' id='word_1_785' title='bbox 1175 5217 1296 5256; x_wconf 92' lang='lat' dir='ltr'><strong>cum</strong></span> <span class='ocrx_word' id='word_1_786' title='bbox 1321 5201 1676 5257; x_wconf 80' lang='lat' dir='ltr'><strong>saecularibus</strong></span> <span class='ocrx_word' id='word_1_787' title='bbox 1694 5202 1999 5271; x_wconf 84' lang='lat' dir='ltr'><strong>loquentes,</strong></span> <span class='ocrx_word' id='word_1_788' title='bbox 2021 5217 2153 5271; x_wconf 89' lang='lat' dir='ltr'><strong>qua-</strong></span> 
     </span>
    </p>
   </div>
   <div class='ocr_carea' id='block_1_111' title="bbox 578 5293 2154 5367">
    <p class='ocr_par' dir='ltr' id='par_1_111' title="bbox 578 5293 2154 5367">
     <span class='ocr_line' id='line_1_111' title="bbox 578 5293 2154 5367; baseline -0.004 -15"><span class='ocrx_word' id='word_1_789' title='bbox 578 5296 651 5352; x_wconf 84' lang='lat' dir='ltr'><strong>lia</strong></span> <span class='ocrx_word' id='word_1_790' title='bbox 683 5310 794 5350; x_wconf 94' lang='lat' dir='ltr'><strong>non</strong></span> <span class='ocrx_word' id='word_1_791' title='bbox 825 5294 1025 5349; x_wconf 85' lang='lat' dir='ltr'><strong>licebat</strong></span> <span class='ocrx_word' id='word_1_792' title='bbox 1051 5309 1149 5364; x_wconf 88' lang='lat' dir='ltr'><strong>per</strong></span> <span class='ocrx_word' id='word_1_793' title='bbox 1176 5293 1299 5355; x_wconf 82' lang='lat' dir='ltr'><strong>data</strong></span> <span class='ocrx_word' id='word_1_794' title='bbox 1332 5302 1623 5362; x_wconf 59' lang='lat' dir='ltr'><strong>praecepta.</strong></span> <span class='ocrx_word' id='word_1_795' title='bbox 1657 5294 1960 5347; x_wconf 87' lang='lat' dir='ltr'><strong>Accersens</strong></span> <span class='ocrx_word' id='word_1_796' title='bbox 1988 5293 2154 5367; x_wconf 87' lang='lat' dir='ltr'><strong>igitur</strong></span> 
     </span>
    </p>
   </div>
   <div class='ocr_carea' id='block_1_112' title="bbox 580 5384 2155 5455">
    <p class='ocr_par' dir='ltr' id='par_1_112' title="bbox 580 5384 2155 5455">
     <span class='ocr_line' id='line_1_112' title="bbox 580 5384 2155 5455; baseline -0.001 -15"><span class='ocrx_word' id='word_1_797' title='bbox 580 5384 724 5451; x_wconf 88' lang='lat' dir='ltr'><strong>illos,</strong></span> <span class='ocrx_word' id='word_1_798' title='bbox 742 5384 1169 5454; x_wconf 78' lang='lat' dir='ltr'><strong>examinansque</strong></span> <span class='ocrx_word' id='word_1_799' title='bbox 1199 5392 1254 5438; x_wconf 92' lang='lat' dir='ltr'><strong>et</strong></span> <span class='ocrx_word' id='word_1_800' title='bbox 1285 5399 1398 5445; x_wconf 88' lang='lat' dir='ltr'><strong>rem</strong></span> <span class='ocrx_word' id='word_1_801' title='bbox 1425 5392 1479 5437; x_wconf 93' lang='lat' dir='ltr'><strong>et</strong></span> <span class='ocrx_word' id='word_1_802' title='bbox 1502 5391 1738 5455; x_wconf 89' lang='lat' dir='ltr'><strong>tempus,</strong></span> <span class='ocrx_word' id='word_1_803' title='bbox 1775 5384 1977 5439; x_wconf 89' lang='lat' dir='ltr'><strong>factum</strong></span> <span class='ocrx_word' id='word_1_804' title='bbox 2001 5401 2155 5439; x_wconf 88' lang='lat' dir='ltr'><strong>com-</strong></span> 
     </span>
    </p>
   </div>
   <div class='ocr_carea' id='block_1_113' title="bbox 533 5463 2151 5547">
    <p class='ocr_par' dir='ltr' id='par_1_113' title="bbox 533 5463 2151 5547">
     <span class='ocr_line' id='line_1_113' title="bbox 533 5463 2151 5547; baseline -0.001 -16"><span class='ocrx_word' id='word_1_805' title='bbox 533 5480 536 5481; x_wconf 64' lang='grc'><strong><em>⁷</em></strong></span> <span class='ocrx_word' id='word_1_806' title='bbox 579 5477 745 5547; x_wconf 89' lang='lat' dir='ltr'><strong>perit,</strong></span> <span class='ocrx_word' id='word_1_807' title='bbox 778 5477 921 5530; x_wconf 89' lang='lat' dir='ltr'><strong>sicut</strong></span> <span class='ocrx_word' id='word_1_808' title='bbox 949 5463 1332 5546; x_wconf 79' lang='lat' dir='ltr'><strong>spirituaiibus</strong></span> <span class='ocrx_word' id='word_1_809' title='bbox 1363 5475 1538 5530; x_wconf 88' lang='lat' dir='ltr'><strong>oculis</strong></span> <span class='ocrx_word' id='word_1_810' title='bbox 1569 5491 1599 5529; x_wconf 90' lang='lat' dir='ltr'><strong>a</strong></span> <span class='ocrx_word' id='word_1_811' title='bbox 1638 5491 1695 5529; x_wconf 91' lang='lat' dir='ltr'><strong>se</strong></span> <span class='ocrx_word' id='word_1_812' title='bbox 1723 5475 1898 5530; x_wconf 87' lang='lat' dir='ltr'><strong>visum</strong></span> <span class='ocrx_word' id='word_1_813' title='bbox 1932 5475 2151 5531; x_wconf 83' lang='lat' dir='ltr'><strong>fuerat:</strong></span> 
     </span>
    </p>
   </div>
   <div class='ocr_carea' id='block_1_114' title="bbox 580 5558 2154 5645">
    <p class='ocr_par' dir='ltr' id='par_1_114' title="bbox 580 5558 2154 5645">
     <span class='ocr_line' id='line_1_114' title="bbox 580 5558 2154 5645; baseline 0 -22"><span class='ocrx_word' id='word_1_814' title='bbox 580 5558 636 5623; x_wconf 86' lang='lat' dir='ltr'><strong>id</strong></span> <span class='ocrx_word' id='word_1_815' title='bbox 659 5567 804 5638; x_wconf 91' lang='lat' dir='ltr'><strong>quod</strong></span> <span class='ocrx_word' id='word_1_816' title='bbox 826 5584 935 5622; x_wconf 93' lang='lat' dir='ltr'><strong>non</strong></span> <span class='ocrx_word' id='word_1_817' title='bbox 965 5570 1137 5623; x_wconf 88' lang='lat' dir='ltr'><strong>levem</strong></span> <span class='ocrx_word' id='word_1_818' title='bbox 1163 5569 1394 5623; x_wconf 90' lang='lat' dir='ltr'><strong>incussit</strong></span> <span class='ocrx_word' id='word_1_819' title='bbox 1430 5568 1715 5645; x_wconf 86' lang='lat' dir='ltr'><strong>discipulis</strong></span> <span class='ocrx_word' id='word_1_820' title='bbox 1740 5569 2013 5633; x_wconf 88' lang='lat' dir='ltr'><strong>timorem,</strong></span> <span class='ocrx_word' id='word_1_821' title='bbox 2050 5567 2154 5623; x_wconf 87' lang='lat' dir='ltr'><strong>fide</strong></span> 
     </span>
    </p>
   </div>
   <div class='ocr_carea' id='block_1_115' title="bbox 583 5659 2134 5733">
    <p class='ocr_par' dir='ltr' id='par_1_115' title="bbox 583 5659 1927 5733">
     <span class='ocr_line' id='line_1_115' title="bbox 583 5659 1927 5733; baseline 0 -18"><span class='ocrx_word' id='word_1_822' title='bbox 583 5659 809 5730; x_wconf 84' lang='lat' dir='ltr'><strong>dignum</strong></span> <span class='ocrx_word' id='word_1_823' title='bbox 834 5662 1056 5733; x_wconf 88' lang='lat' dir='ltr'><strong>majoris</strong></span> <span class='ocrx_word' id='word_1_824' title='bbox 1086 5662 1137 5716; x_wconf 90' lang='lat' dir='ltr'><strong>in</strong></span> <span class='ocrx_word' id='word_1_825' title='bbox 1173 5662 1419 5716; x_wconf 86' lang='lat' dir='ltr'><strong>futurqu</strong></span> <span class='ocrx_word' id='word_1_826' title='bbox 1455 5662 1682 5716; x_wconf 75' lang='lat' dir='ltr'><strong>cautela:</strong></span> <span class='ocrx_word' id='word_1_827' title='bbox 1713 5661 1927 5715; x_wconf 90' lang='lat' dir='ltr'><strong>vadem.</strong></span> 
     </span>
    </p>
   </div>
   <div class='ocr_carea' id='block_1_116' title="bbox 2240 5659 2575 5733">
    <p class='ocr_par' dir='ltr' id='par_1_116' title="bbox 2258 5663 2575 5733">
     <span class='ocr_line' id='line_1_116' title="bbox 2258 5663 2575 5733; baseline -0.003 -17"><span class='ocrx_word' id='word_1_828' title='bbox 2258 5663 2575 5733; x_wconf 84' lang='grc' dir='ltr'><strong>ἀσφαλείας.</strong></span> 
     </span>
    </p>
   </div>
   <div class='ocr_carea' id='block_1_117' title="bbox 657 5750 2134 5829">
    <p class='ocr_par' dir='ltr' id='par_1_117' title="bbox 657 5751 2134 5824">
     <span class='ocr_line' id='line_1_117' title="bbox 657 5751 2134 5824; baseline 0 -17"><span class='ocrx_word' id='word_1_829' title='bbox 657 5751 779 5807; x_wconf 79' lang='grc'><strong>186.</strong></span> <span class='ocrx_word' id='word_1_830' title='bbox 822 5752 1012 5808; x_wconf 86' lang='lat' dir='ltr'><strong>Frater</strong></span> <span class='ocrx_word' id='word_1_831' title='bbox 1040 5754 1290 5824; x_wconf 86' lang='lat' dir='ltr'><strong>quidam,</strong></span> <span class='ocrx_word' id='word_1_832' title='bbox 1328 5753 1587 5808; x_wconf 90' lang='lat' dir='ltr'><strong>virtutem</strong></span> <span class='ocrx_word' id='word_1_833' title='bbox 1616 5753 1916 5823; x_wconf 86' lang='lat' dir='ltr'><strong>professus,</strong></span> <span class='ocrx_word' id='word_1_834' title='bbox 1956 5754 2134 5809; x_wconf 84' lang='lat' dir='ltr'><strong>missu:</strong></span> 
     </span>
    </p>
   </div>
   <div class='ocr_carea' id='block_1_118' title="bbox 2240 5750 3783 5829">
    <p class='ocr_par' dir='ltr' id='par_1_118' title="bbox 2336 5750 3783 5829">
     <span class='ocr_line' id='line_1_118' title="bbox 2336 5750 3783 5829; baseline -0.002 -21"><span class='ocrx_word' id='word_1_835' title='bbox 2336 5763 2485 5823; x_wconf 82' lang='grc' dir='ltr'><strong>ρπς’.</strong></span> <span class='ocrx_word' id='word_1_836' title='bbox 2535 5755 2785 5823; x_wconf 79' lang='grc' dir='ltr'><strong>Ἀδελφός</strong></span> <span class='ocrx_word' id='word_1_837' title='bbox 2843 5773 2925 5820; x_wconf 91' lang='grc' dir='ltr'><strong>τις</strong></span> <span class='ocrx_word' id='word_1_838' title='bbox 2974 5755 3174 5827; x_wconf 77' lang='grc' dir='ltr'><strong>ἀρετὴν</strong></span> <span class='ocrx_word' id='word_1_839' title='bbox 3236 5756 3683 5829; x_wconf 77' lang='grc' dir='ltr'><strong>μαρτυρούμενος,</strong></span> <span class='ocrx_word' id='word_1_840' title='bbox 3723 5750 3783 5805; x_wconf 78' lang='grc' dir='ltr'><strong>εἰς</strong></span> 
     </span>
    </p>
   </div>
   <div class='ocr_carea' id='block_1_119' title="bbox 584 5838 2134 5921">
    <p class='ocr_par' dir='ltr' id='par_1_119' title="bbox 584 5842 2134 5914">
     <span class='ocr_line' id='line_1_119' title="bbox 584 5842 2134 5914; baseline 0.003 -17"><span class='ocrx_word' id='word_1_841' title='bbox 584 5842 724 5909; x_wconf 79' lang='lat' dir='ltr'><strong>forte</strong></span> <span class='ocrx_word' id='word_1_842' title='bbox 759 5844 824 5899; x_wconf 88' lang='lat' dir='ltr'><strong>ad</strong></span> <span class='ocrx_word' id='word_1_843' title='bbox 854 5845 1263 5902; x_wconf 67' lang='lat' dir='ltr'><strong>diveneicndum</strong></span> <span class='ocrx_word' id='word_1_844' title='bbox 1290 5848 1480 5913; x_wconf 86' lang='lat' dir='ltr'><strong>salem,</strong></span> <span class='ocrx_word' id='word_1_845' title='bbox 1519 5846 1731 5907; x_wconf 82' lang='lat' dir='ltr'><strong>insidiis</strong></span> <span class='ocrx_word' id='word_1_846' title='bbox 1761 5846 1988 5914; x_wconf 88' lang='lat' dir='ltr'><strong>diaboli,</strong></span> <span class='ocrx_word' id='word_1_847' title='bbox 2025 5847 2134 5904; x_wconf 83' lang='lat' dir='ltr'><strong>tali:</strong></span> 
     </span>
    </p>
   </div>
   <div class='ocr_carea' id='block_1_120' title="bbox 2240 5838 3782 5921">
    <p class='ocr_par' dir='ltr' id='par_1_120' title="bbox 2261 5838 3782 5921">
     <span class='ocr_line' id='line_1_120' title="bbox 2261 5838 3782 5921; baseline -0.002 -19"><span class='ocrx_word' id='word_1_848' title='bbox 2261 5848 2452 5913; x_wconf 76' lang='grc' dir='ltr'><strong>ἂλατος</strong></span> <span class='ocrx_word' id='word_1_849' title='bbox 2484 5848 2739 5920; x_wconf 73' lang='grc' dir='ltr'><strong>ἐπέμφθη</strong></span> <span class='ocrx_word' id='word_1_850' title='bbox 2764 5848 3059 5917; x_wconf 73' lang='grc' dir='ltr'><strong>διακονίαν,</strong></span> <span class='ocrx_word' id='word_1_851' title='bbox 3083 5850 3199 5913; x_wconf 87' lang='grc' dir='ltr'><strong>ταῖς</strong></span> <span class='ocrx_word' id='word_1_852' title='bbox 3226 5848 3283 5907; x_wconf 83' lang='grc' dir='ltr'><strong>δὲ</strong></span> <span class='ocrx_word' id='word_1_853' title='bbox 3308 5848 3403 5904; x_wconf 82' lang='grc' dir='ltr'><strong>τοῦ</strong></span> <span class='ocrx_word' id='word_1_854' title='bbox 3432 5846 3653 5921; x_wconf 78' lang='grc' dir='ltr'><strong>πονηροῦ</strong></span> <span class='ocrx_word' id='word_1_855' title='bbox 3674 5838 3782 5899; x_wconf 67' lang='grc' dir='ltr'><strong>κατὰ</strong></span> 
     </span>
    </p>
   </div>
  </div>
