3988 6508
240 385 383 453 3157
1271 401 1447 464 vum
1482 404 1531 463 A
1568 402 2005 469 NICEPHORO
2044 409 2528 473 CJNSCRIPTA.
3037 366 3090 375 ”
3367 410 3509 477 3158

238 499 351 556 τῶν
372 500 630 558 τοιούτων
661 505 978 574 ἐπιϐουλαῖς
1024 509 1120 565 καὶ
1164 514 1277 578 τοῖς
1324 514 1535 568 ἐκείνου
1580 515 1813 581 πιθανοῖς

1937 520 2260 577 curantibus
2283 521 2608 587 infestioris,
2633 520 2896 592 falsisque
2912 520 3364 592 persuasionibus
3387 537 3512 592 spe-

240 594 562 666 δελεάμασι,
604 601 1028 671 παρακερδαίνει
1083 621 1138 656 τι
1188 605 1289 675 τῆς
1328 608 1520 661 τούτου
1564 610 1815 681 τιμῆς,ῆ

1933 608 2072 663 ciem
2097 610 2349 666 veritatis
2374 611 2796 681 praeferentibus
2818 612 3099 678 inductus,
3129 611 3337 682 aliquid
3359 613 3508 683 justo

241 685 540 756 ζημιοῦται
573 689 777 760 μᾶλλον
806 693 1070 763 ἐσχάτως,
1099 696 1198 749 ὅσα
1235 698 1329 751 καὶ
1357 698 1535 769 ψυχῆς
1565 700 1597 769 ή
1628 698 1816 771 ζημία.

1934 702 2168 772 amplius
2210 703 2373 769 lucri,
2424 712 2520 759 aut
2550 704 2735 773 potius
2771 705 3006 760 multum
3053 705 3241 759 damni
3278 704 3426 771 fecit,
3463 704 3509 759 si

238 775 417 869 Τοῦτο
471 778 651 834 τοίνυν
705 784 733 835 ό
790 783 1016 852 Συμεὼν
1060 786 1170 840 ἀπὸ
1205 788 1480 859 μακρόθεν
1508 790 1687 858 εἰδὼς,
1716 793 1813 854 τοῖς

1935 795 2171 849 animam
2201 803 2436 865 spectes.
2460 795 2615 859 Quod
2632 812 2755 851 cum
2787 808 3009 853 sanctus
3032 798 3265 869 Symeon
3293 797 3510 852 eminus

242 867 520 959 μαθηταῖς
550 873 883 942 ἀπαγγέλλει
907 893 920 907 ·
953 873 1070 930 εἶτα
1099 880 1519 948 μεταστέλλεται
1546 883 1682 955 πρὸς
1705 884 1817 938 ἑαυι

1937 896 2311 957 cognosceret,
2335 887 2623 957 discipulis
2642 904 2861 959 quoque
2886 867 3258 945 manifestavit
3278 906 3291 943 :
3310 887 3512 943 deinde

240 958 339 1051 τὸν
380 961 745 1034 ἐπανελθόντα
792 966 884 1019 τὸν
923 967 1172 1038 ἀδελφὸν,
1221 970 1432 1040 ἐλέγχει
1471 971 1532 1025 τὸ
1585 974 1815 1042 γεγονὸς

1938 978 2169 1033 accersit
2196 978 2424 1033 fratrem
2456 978 2613 1034 illum
2650 981 2763 1051 jam
2793 980 3075 1047 reducem,
3106 981 3174 1036 ad
3204 996 3263 1037 se
3295 979 3513 1051 :arguit

244 1050 480 1143 ἐπιτιμᾷ
514 1053 616 1122 τῆς
644 1055 849 1126 κλοπῆς
869 1073 882 1088 ·
909 1056 1100 1113 ἔπειτα
1132 1059 1316 1129 μέντοι
1358 1061 1575 1132 δέχεται
1621 1062 1721 1135 τὴν
1747 1063 1819 1129 ἐξ·

1939 1068 2160 1137 l‘actum,
2198 1070 2555 1140 reprehendit
2592 1050 2862 1136 fraudem,
2913 1082 3029 1127 tum
3061 1073 3268 1143 excipit
3299 1050 3514 1129 confes-

240 1142 593 1213 ομολόγησιν,
614 1146 798 1201 δίδωσι
819 1147 917 1219 τὴν
934 1148 1150 1218 ἄφεσιν,
1172 1151 1366 1219 ἐπάγει
1386 1152 1485 1225 τὴν
1510 1154 1809 1226 θεραπείαν

1934 1162 2169 1227 sionem,
2233 1162 2465 1219 remittit
2523 1174 2847 1234 peccatum,
2901 1166 3147 1221 restituit
3190 1142 3508 1221 sanitatem.

259 1235 519 1306 ’Λνῆλθόν
547 1239 690 1301 τινές
719 1256 849 1292 ποτε
889 1240 997 1294 τῶν
1036 1242 1388 1313 Ἰσραηλιτῶν
1416 1246 1558 1299 κατά
1592 1247 1834 1318 προσκύ-

1937 1254 2301 1311 Advenerunt
2339 1257 2635 1327 aliquando
2656 1259 2944 1315 lsmaelita:
2981 1260 3204 1330 quidam
3232 1259 3512 1315 adoraturi

246 1343 407 1421 νησιν
437 1329 548 1421 Ατοῦ
606 1329 789 1399 ’Δγίου
818 1350 830 1365 ·
866 1334 1064 1406 συνέϐη
1103 1336 1161 1390 δὲ
1204 1336 1304 1407 τὴν
1365 1338 1570 1393 τούτων
1613 1341 1821 1411 ἡμίονοι

1940 1358 2224 1414 sanctum;
2261 1364 2387 1405 cum
2424 1350 2645 1416 accidit,
2678 1352 2912 1407 solutam
2940 1366 3133 1406 eorum
3159 1353 3363 1407 mulam
3417 1366 3515 1421 per

247 1417 634 1484 ἀπολυθεῖσαν,
670 1425 763 1476 καὶ
789 1425 926 1494 πρός
950 1442 1074 1479 τινα
1115 1426 1211 1481 τοῦ
1241 1426 1403 1499 ὅρους
1431 1431 1678 1501 κρημνὸν
1707 1433 1822 1485 ὐπο-

1940 1442 2215 1512 quoddam
2272 1445 2478 1500 montis
2532 1445 2900 1516 praecipitium
2943 1444 3304 1506 descendere,
3351 1417 3515 1514 atque

248 1511 595 1607 καταϐᾶσαν,
622 1515 911 1585 προσδέσει
950 1516 1045 1571 τοῦ
1093 1518 1328 1590 ῥυτῆρος
1356 1521 1485 1592 περί
1517 1539 1645 1576 τινα
1678 1521 1823 1594 ὓλην,

1942 1535 2345 1591 adhaerescente
2391 1535 2549 1591 freno
2578 1536 2661 1607 (ut
2694 1535 2814 1592 ﬁeri
2849 1551 2962 1590 non
2987 1549 3113 1590 raro
3139 1544 3334 1605 sponte
3363 1548 3517 1589 asso-

246 1596 341 1653 οἴα
389 1600 536 1670 φιλεῖ
586 1602 846 1669 πολλάκις
885 1605 1211 1678 αὐτομάτως
1251 1609 1521 1677 γίνεσθαι,
1552 1612 1676 1683 τῇδε
1703 1616 1813 1667 ἀπο

1939 1625 2035 1695 let)
2082 1626 2149 1680 ad
2198 1625 2418 1681 arboris
2468 1635 2748 1693 truncum,
2795 1626 3003 1681 ibidem
3055 1626 3306 1683 retineri.
3341 1625 3514 1692 Quam

248 1693 541 1790 ληφθῆναι.
593 1695 681 1761 ὀς
735 1695 828 1751 οὖν
875 1698 1077 1771 πολλὴν
1118 1701 1290 1771 αὐτῆς
1337 1703 1555 1773 θέμενοι
1587 1703 1823 1776 ζήτησινἸ

1945 1734 2065 1774 cum
2093 1720 2341 1789 diligenti
2365 1736 2427 1775 ac
2453 1720 2711 1775 triduana
2735 1721 2902 1775 etiam
2931 1720 3293 1790 inquisitione
3324 1718 3520 1789 depre-

250 1782 410 1883 ἀλλὰ.
427 1785 522 1836 καὶ
555 1788 634 1848 είς
662 1788 854 1860 τρίτην
883 1788 1016 1860 ἑξῆς
1038 1792 1253 1861 ἡμέραν
1274 1793 1373 1863 οὐχ
1399 1788 1503 1847 οἶοί
1525 1812 1585 1848 τε
1609 1797 1825 1864 γεγόνα-

1944 1810 2190 1865 hendere
2221 1827 2331 1865 non
2364 1820 2618 1883 possent;
2666 1812 2873 1867 adeunt
2903 1823 3178 1875 sanctum,
3221 1818 3518 1866 manentes

253 1891 342 1928 σιν
385 1876 656 1948 ἀνευρεῖν,
705 1880 961 1950 προσίασι
997 1881 1075 1953 τῷ
1120 1883 1398 1956 Μεγάλῳ,
1442 1886 1699 1950 ἀλύοντες
1742 1889 1828 1941 καὶ

1942 1901 2361 1972 pendentesque
2399 1903 2617 1958 animis.
2658 1904 2708 1958 Is
2744 1913 2950 1971 autem,
2990 1904 3147 1974 quasi
3180 1903 3393 1958 videret
3424 1901 3517 1955 ubi

248 1968 358 2066 τὰς
398 1968 577 2066 ψυχὰς
623 1972 828 2044 σφόδρα
870 1973 1306 2047 διαπονούμενοι.
1372 1978 1434 2031 Ὀ
1478 1977 1555 2044 δὲ,
1585 1978 1823 2051 καθάπερ

1946 1968 2163 2063 alligata
2189 1968 2335 2048 esset
2360 1996 2530 2059 mula,
2564 1997 2772 2051 vocatis
2801 1968 3024 2052 duobus
3038 1996 3325 2066 discipulis
3350 1996 3521 2064 impe-

250 2061 400 2131 όρῶν
448 2056 505 2115 οἷ
525 2064 847 2132 προσδέδετο
882 2066 1045 2137 αῦτη,
1079 2069 1316 2134 καλέσας
1361 2069 1456 2124 δύο
1504 2072 1613 2125 τῶν
1659 2072 1825 2143 μαθη-

1946 2085 2106 2148 ravit,
2133 2100 2199 2139 eo
2231 2097 2291 2139 ut
2328 2086 2748 2152 contenderent,
2789 2088 3141 2157 solutumque
3182 2085 3383 2141 animal
3418 2083 3518 2139 do-

253 2153 385 2219 τῶν,
446 2155 699 2210 ἐκέλευσε
767 2161 884 2211 ἐκεῖ
932 2161 1279 2231 γενομένους,
1321 2165 1418 2217 καὶ
1471 2165 1570 2235 τὴν
1615 2165 1828 2237 ἡμίονοι.

1946 2175 2112 2228 minis
2146 2177 2501 2232 restituerent
2544 2178 2842 2232 incolume.
2878 2177 3033 2244 Quod
3051 2153 3136 2233 ita
3180 2177 3383 2232 factum
3415 2185 3516 2231 est.

252 2244 523 2310 λυσαντας
575 2250 963 2305 ἀνασώσασθαι
1004 2254 1116 2317 τοῖς
1165 2254 1473 2319 δεσπόταις.
1524 2258 1700 2330 Ὅπερ
1747 2253 1827 2311 οὖι

1947 2269 2028 2323 llli
2067 2278 2249 2324 autem
2282 2286 2407 2325 cum
2452 2279 2669 2340 recepta
2699 2272 2845 2326 mula
2900 2271 2967 2325 ad
3003 2287 3101 2327 sua
3134 2271 3339 2327 reversi
3370 2278 3519 2336 sunt.

252 2337 432 2439 ταύτῃ
494 2341 586 2393 καὶ
646 2343 889 2411 γεγονὸς,
958 2344 1328 2411 ἀπολαϐόντες
1384 2348 1556 2419 αὐτὴν
1619 2350 1827 2415 ἐκεῖνοι,

1834 2390 1840 2411 .
1950 2362 2323 2433 prodigiosum
2359 2364 2509 2421 illum
2550 2380 2669 2420 esse
2708 2364 2987 2422 hominem
3035 2364 3409 2439 praedicantes.

255 2426 397 2497 πρὸς
416 2428 516 2501 τὴν
539 2430 750 2485 ἑαυτῶν
777 2433 1108 2506 ἐπανῄεσαν,
1134 2436 1323 2509 θαῦμα
1351 2438 1441 2492 τὸν
1468 2440 1635 2511 ἄνδρα
1660 2440 1837 2494 ποιού-

258 2537 432 2589 μενοι.

1680 2668 1903 2726 CAPUT
1944 2669 2132 2726 XXIV.

1351 2781 1505 2835 Varia
1542 2784 1791 2852 prwvidet
1830 2801 1890 2838 ac
1940 2786 2179 2855 praedicit
2216 2786 2461 2856 Symeon.

336 2885 481 2955 91:3,".
512 2887 873 2959 Σχολαστικός
905 2910 1011 2959 τις,
1041 2893 1216 2966 ὄνομα
1264 2896 1537 2968 Ἰωάννης,
1580 2898 1719 2969 ἀνὴρ
1760 2898 1848 2951 εὐ-

2024 2900 2146 2955 187.
2185 2900 2501 2955 Advocatus
2556 2899 2804 2970 quidam,
2871 2900 3111 2955 Joannes
3155 2906 3526 2970 nuncupatus,

262 2978 453 3050 σεὸὴς,
495 2979 588 3033 καὶ
620 2983 686 3052 τῇ
729 2983 825 3052 τῆς
874 2984 1019 3054 ζωῆς
1047 2988 1197 3057 πηγῇ
1236 2985 1313 3057 τῷ
1341 2988 1435 3039 τοῦ
1468 2987 1604 3041 Θεοῦ
1646 2988 1837 3059 δηλαδίε

1954 2992 2035 3045 vir
2065 2990 2209 3061 pius,
2237 2998 2293 3046 et
2320 2989 2473 3045 fonte
2512 2990 2658 3057 vitae,
2690 2990 2786 3044 Dei
2827 2989 3038 3045 scilicet
3074 2988 3292 3056 timore,
3336 2988 3529 3043 admo-

262 3069 417 3140 φόϐῳ
441 3071 682 3140 τρυφῶν,
718 3071 782 3126 ἐκ
824 3090 969 3137 τινος
1003 3075 1101 3144 μὲν
1128 3076 1452 3147 ὁρμώμενος
1490 3077 1706 3149 κώμης,
1738 3079 1837 3131 τῶι

1958 3083 2083 3137 dum
2112 3082 2449 3147 delectatus;
2482 3098 2549 3137 ex
2584 3098 2723 3152 pago
2749 3081 2995 3150 quidem,
3024 3081 3147 3135 urbi
3178 3080 3533 3135 Antiochense

154 3214 159 3215 ,
263 3160 372 3212 ὑπὸ
405 3160 503 3231 τὴν
536 3163 810 3232 ’Λντιόχου
838 3166 1131 3235 κειμένων,
1160 3169 1283 3221 κατ’
1313 3167 1483 3240 αὐτὴν
1509 3169 1565 3222 δὲ
1594 3186 1729 3239 τηνιι

1956 3175 2226 3245 subjecto,
2259 3173 2558 3237 oriundus,
2593 3182 2726 3228 tunc
2758 3188 2890 3227 vero
2945 3172 3001 3226 in
3056 3172 3174 3241 ipsa
3211 3172 3349 3227 urbe
3382 3186 3531 3226 com-

263 3269 335 3306 τα
358 3255 457 3322 τὴν
491 3254 645 3308 πόλιν
678 3257 902 3325 διάγων,
930 3259 1082 3327 παρὰ
1110 3259 1201 3313 τὸν
1228 3260 1455 3331 Συμεὼν
1484 3261 1743 3327 ἀνελθὼν,
1782 3262 1838 3315 τὰ

1958 3280 2198 3327 morans,
2237 3264 2306 3319 ad
2342 3274 2594 3320 sanctum
2629 3264 2801 3328 venit,
2842 3278 2968 3318 cum
3006 3278 3187 3332 eoque
3220 3260 3533 3318 communi-

266 3346 390 3399 καθ’
418 3347 607 3400 ἑαυτὸν
654 3349 962 3403 ἐκοινοῦτο·
1008 3352 1084 3415 ὡς
1132 3352 1240 3421 ἄρα
1289 3352 1475 3423 μέλλοι
1520 3355 1779 3422 Δομνϊνος
1824 3356 1841 3407 ἐ

1959 3356 2102 3411 cavit
2140 3356 2391 3426 quasdam
2442 3355 2513 3410 ad
2559 3371 2616 3410 se
2667 3356 2969 3425 spectantia
3020 3372 3031 3408 :
3098 3370 3295 3424 nempe
3344 3363 3534 3408 utrum

266 3438 561 3508 ἱερώτατος
600 3442 944 3513 πατριάρχης
974 3444 1140 3497 αὑτὸν
1172 3444 1274 3512 τῆς
1314 3444 1425 3497 τῶν
1462 3443 1841 3516 πρεσϐυτέρων

1960 3448 2134 3517 ipsum
2184 3448 2565 3503 sanctissimus
2624 3447 2961 3518 patriarcha
2993 3447 3297 3501 Domninus
3362 3446 3535 3501 sacris

265 3530 499 3595 ἀξιῶσαι
541 3534 895 3604 χειροτονίας,
944 3535 1039 3588 καὶ
1082 3536 1234 3606 παρά
1279 3537 1379 3606 τὴν
1418 3535 1665 3606 βασιλίδα
1701 3536 1840 3589 πόλιι

1961 3538 2407 3610 presbyterorum
2459 3539 2750 3593 ordinibus
2791 3538 3138 3608 dignaturus,
3175 3545 3231 3592 et
3277 3553 3536 3607 quarum-

267 3620 412 3673 κατά
446 3621 510 3690 δή
536 3638 657 3675 τινα
681 3624 869 3694 χρείαν
896 3624 1004 3678 τῶν
1029 3626 1346 3693 ἀναγκαίων
1374 3626 1675 3696 ἐκπέμψαι,
1704 3625 1842 3681 ταῦτ

1961 3630 2082 3685 dam
2117 3629 2299 3699 magni
2343 3630 2607 3684 momenti
2645 3644 2827 3683 rerum
2869 3628 3335 3698 expediendarum
3373 3642 3536 3681 causa

268 3711 445 3780 ἔλεγε,
482 3714 574 3766 καὶ
612 3714 694 3768 ὅτι
735 3715 798 3769 τὸ
826 3716 946 3787 Θεῷ
974 3716 1164 3772 δοκοῦν
1194 3719 1313 3789 ⁴ᾔτει
1345 3718 1559 3788 μαθεῖν.
1599 3716 1657 3772 Ὀ
1689 3718 1748 3772 δὲ
1780 3716 1843 3789 τιῖ

1964 3720 2016 3775 in
2052 3722 2256 3793 regiam
2283 3720 2477 3776 urbem
2503 3722 2772 3776 missurus
2798 3731 2964 3776 esset.
2990 3720 3085 3774 llis
3105 3718 3387 3790 expositis,
3415 3734 3539 3773 ave-

270 3805 556 3876 Πνεύματι
591 3807 929 3873 πεποιθότως
957 3809 1262 3876 ὑπολαϐὼν,
1289 3811 1318 3863 ὃ
1350 3812 1445 3864 καὶ
1471 3810 1610 3879 δῆλα
1637 3813 1748 3875 τοῖς
1768 3811 1845 3863 αύ·

1965 3814 2074 3879 bat,
2111 3829 2235 3884 quae
2286 3814 2384 3869 Dei
2435 3814 2689 3869 voluntas
2721 3822 2889 3879 esset,
2931 3813 3253 3884 intelligere.
3306 3811 3540 3867 Sanctus

270 3897 366 3950 τοῦ
406 3896 704 3968 ὀφθαλμοῖς
735 3900 965 3971 καθίστη
996 3903 1066 3955 τά
1098 3902 1441 3972 ἔμπροσθεν,
1482 3901 1695 3964 Ἄπιθι,
1728 3902 1845 3972 ἐφτγ

1965 3906 2028 3960 ad
2046 3906 2162 3960 haec
2192 3904 2379 3959 animo
2404 3904 2724 3971 confidenti,
2747 3921 2856 3959 non
2875 3920 3036 3960 secus
3053 3920 3116 3959 ac
3132 3904 3177 3958 si
3206 3918 3390 3959 coram
3414 3914 3540 3957 ante

272 3989 586 4057 ἀφιέρωσαι
641 3993 748 4062 γὰρ
787 3992 890 4063 ἤδη
936 3994 1014 4064 τῷ
1074 3994 1266 4067 ὑψηλῷ
1306 3995 1458 4065 παρὰ
1498 3994 1633 4047 Θεοῦ
1686 3994 1847 4065 θρόνα

1963 3996 2155 4065 oculos
2178 3997 2363 4050 omnia
2414 3995 2651 4050 fuissent
2710 3996 2910 4066 posita,
2974 3994 3314 4064 respondens
3367 3992 3538 4056 :Abi,

270 4081 373 4149 τῆς
399 4083 1015 4138 Κωνσταντινοπολιτῶν
1056 4086 1403 4156 Ἐκκλησίας,
1438 4086 1466 4139 ὃ
1496 4086 1648 4157 παρὰ
1680 4085 1845 4155 cauet]

1968 4089 2172 4159 inquit;
2200 4089 2328 4159 .jam
2367 4102 2517 4142 nunc
2556 4087 2703 4140 enim
2754 4096 3108 4142 consecratus
3136 4102 3168 4140 a
3213 4083 3326 4140 Deo
3354 4100 3437 4144 es,
3483 4092 3543 4138 ut

272 4172 480 4226 κείσθω
540 4174 706 4245 μόνῳ,
766 4175 926 4245 ἄχρις
984 4175 1051 4229 ἂν
1113 4178 1209 4231 καὶ
1263 4180 1377 4242 τοῖς
1434 4178 1614 4242 ἄλλοις
1666 4180 1730 4231 ὲκ
1766 4178 1847 4231 τοί

1968 4184 2023 4236 in
2083 4197 2302 4237 summo
2343 4179 2604 4236 Ecclesiae
2661 4178 3286 4249 Constantinopolitanae
3343 4177 3543 4231 throno

274 4265 466 4330 τέλους
521 4265 796 4336 γνώριμον
844 4269 1109 4339 γένηται⁶
1162 4264 1279 4323 εἶτα
1327 4271 1423 4324 καὶ
1465 4272 1650 4325 ὁποῖον
1702 4270 1849 4324 αὺτδι

1968 4272 2302 4343 prazsideas;
2331 4271 2479 4342 quod
2509 4270 2672 4325 velim
2705 4268 2803 4324 tibi
2824 4268 2924 4323 soli
2955 4268 3116 4334 scias,
3138 4268 3315 4323 donec
3340 4272 3543 4322 eventu

275 4354 416 4412 εἶναι
440 4359 558 4413 δέον
591 4359 843 4431 παρῄνει,
877 4362 968 4415 καὶ
997 4361 1104 4417 ὅσα
1147 4360 1388 4433 τοσούτῳ
1427 4361 1699 4432 ἀξιώματι
1732 4361 1850 4433 πρέ·

1970 4364 2089 4434 ipso
2145 4364 2453 4419 innotescat
2502 4363 2644 4417 aliis.
2722 4359 2933 4415 Deinde
3003 4359 3262 4414 monebat
3325 4371 3544 4428 quoque

277 4470 454 4508 ποντα
483 4454 591 4525 είη.
1968 4463 2173 4524 quanta
2212 4453 2305 4508 illa
2344 4453 2583 4525 dignitas
2634 4460 2802 4515 esset,
2849 4466 2915 4506 ac
2965 4450 3156 4520 quales
3205 4464 3324 4505 eam
3366 4462 3550 4502 mores

1969 4547 2247 4602 decerent.

354 4634 504 4704 ρπη⁸.
550 4634 609 4689 '0
656 4634 715 4688 δὲ
764 4634 938 4706 ταύτῃ
1005 4634 1097 4689 τὸν
1158 4636 1350 4705 ’Ἂγιον
1423 4633 1851 4703 συγκαταϐάντα
1898 4649 1929 4705 ι]

2042 4634 2167 4690 188.
2218 4635 2480 4696 Joannes,
2543 4629 2954 4694 animadverso,
3008 4642 3173 4700 quam
3231 4626 3444 4681 facilem
3494 4626 3546 4680 in

285 4724 432 4791 ἰδὼν,
490 4727 584 4780 καί⁹
641 4726 790 4791 ὅστις
840 4726 1206 4798 Ἰουστινιοινῷ
1253 4726 1500 4796 διάδοχος
1556 4725 1710 4779 ἔσται
1765 4728 1860 4795 τῆς

1975 4734 2097 4779 vota
2122 4739 2219 4777 sua
2246 4724 2531 4777 habuisset
2552 4731 2826 4786 sanetum,
2852 4713 3076 4791 rogabat
3101 4735 3286 4791 porro,
3310 4728 3368 4772 ut
3389 4718 3550 4788 signi-

286 4818 568 4891 βασιλείας
620 4813 829 4890 (οῦτος
878 4820 993 4892 γὰρ
1063 4820 1135 4874 τά
1214 4819 1507 4890 Ῥωμαίων
1564 4818 1861 4889 τηνικαῦτα

1976 4817 2164 4872 ficaret
2197 4816 2324 4885 quis
2361 4814 2679 4870 Justiuiano
2731 4828 3024 4868 successor
3058 4812 3113 4865 in
3146 4810 3373 4880 imperio
3402 4810 3551 4864 futu-

284 4913 544 4985 σκῆπτρα
589 4913 797 4966 διεῖπεν
822 4913 862 4980 ),
900 4913 1053 4984 ἠξίου
1109 4911 1327 4983 μαθεῖν.
1364 4912 1472 4966 Καὶ
1498 4911 1583 4977 ὃς,
1621 4912 1859 4981 φυλακὴν

1975 4926 2072 4964 rus
2098 4916 2245 4963 esset
2279 4926 2292 4962 :
2329 4907 2418 4962 ille
2450 4908 2598 4961 enim
2632 4917 2767 4962 tunc
2821 4904 3213 4959 moderabatur
3258 4902 3550 4973 imperium

285 5006 439 5076 αὐτῷ
475 5006 569 5059 τοῦ
606 5007 906 5077 μυστηρίου
937 5006 1205 5077 πρότερον
1235 5005 1435 5069 ἱκανῶς
1471 5004 1860 5077 παραγγείλας,

1977 5003 2307 5058 Romanum.
2340 4999 2444 5055 Cui
2474 5009 2698 5056 sanctus
2753 4998 2966 5055 indicto
3012 4997 3168 5068 prius
3219 5012 3434 5051 arcana:
3471 4995 3552 5050 rei

300 5098 606 5163 ἰουστίνος,
639 5098 764 5169 ἔφη.
801 5100 855 5151 Ὁ
886 5098 985 5169 μὲν
1017 5097 1109 5152 οὖν
1136 5097 1290 5168 παρά
1327 5096 1422 5149 τοῦ
1460 5097 1605 5149 θείου
1647 5093 1871 5165 Συμεὼν

1976 5095 2233 5150 silentio:
2262 5092 2534 5157 Justinus,
2566 5092 2763 5162 inquit.
2792 5092 2955 5147 [Iisce
3013 5089 3183 5161 igitur
3232 5087 3551 5151 intellectis,

285 5188 463 5243 ταῦτα
496 5187 705 5260 μαθὼν,
736 5190 830 5243 καὶ
881 5193 1001 5254 ταῖς
1059 5188 1224 5243 αὑτοῦ
1289 5188 1475 5259 εὐχαῖς
1532 5187 1860 5257 ἐφοδιασθεὶς

1980 5185 2264 5255 sanctique
2323 5182 2582 5253 precibus
2612 5183 2767 5253 quasi
2815 5182 3023 5236 viatico
3059 5180 3201 5236 bene
3253 5178 3555 5235 instructus

287 5280 324 5352 ἢ
354 5280 762 5345 καθοπλισθεὶς,
791 5283 1047 5353 ἀσμένως
1080 5299 1142 5335 τε
1189 5282 1288 5352 τὴν
1344 5280 1437 5335 τοῦ
1496 5279 1862 5352 πρεσϐυτέρου

1981 5288 2143 5347 atque
2174 5283 2446 5340 armatus,
2480 5275 2693 5331 lubenti
2722 5275 2909 5330 animo
2961 5274 3256 5345 presbyter
3302 5270 3556 5325 initiatus

289 5374 629 5443 χειροτονίαν
682 5374 1016 5445 δεξάμενος,
1075 5374 1345 5447 προθύμῳ
1392 5376 1515 5429 ποδὶ
1565 5374 1715 5443 παρὰ
1775 5375 1864 5443 τὴι

1979 5380 2091 5437 est,
2125 5378 2182 5425 et
2217 5368 2355 5439 pede
2386 5367 2553 5422 alacri
2605 5366 2672 5421 ad
2721 5366 2927 5437 regiam
2950 5366 3151 5422 urbem
3204 5379 3263 5419 se
3297 5360 3553 5418 contulit.

293 5466 544 5536 βασιλίδα
565 5467 720 5520 πόλιν
750 5466 967 5539 ἐχώρει.
1022 5469 1111 5521 Ἐν
1137 5468 1273 5540 αὐτῇ
1308 5468 1364 5521 δὲ
1394 5468 1699 5539 γενομένῳ,
1734 5467 1868 5534 πρὸς

1981 5465 2080 5520 Hic
2114 5479 2238 5518 cum
2264 5470 2433 5526 esset,
2477 5460 2717 5515 habebat
2763 5459 2986 5528 quidem
3023 5456 3289 5511 omnibus
3338 5454 3554 5508 occulta

297 5559 398 5630 μὲν
423 5560 549 5622 τοὺς
569 5559 763 5622 ἄλλους
790 5560 1080 5631 ἀπόρρητα
1108 5556 1175 5632 ἦν
1206 5560 1349 5633 άπερ
1375 5560 1403 5612 ὁ
1433 5559 1525 5613 τοῦ
1556 5558 1691 5612 Θεοῦ
1717 5558 1872 5629 θερά-

1980 5555 2264 5619 vaticinia,
2295 5553 2401 5609 sibi
2429 5569 2459 5607 a
2492 5553 2700 5607 famulo
2737 5551 2832 5606 Dei
2864 5550 3136 5621 Symcone
3182 5545 3438 5609 reddita;
3468 5562 3554 5599 sa-

297 5665 417 5702 πων
477 5649 701 5719 Συμεὼν
759 5651 1106 5722 προειρήκει,
1143 5651 1279 5722 πρὸς
1340 5651 1396 5703 δὲ
1441 5652 1532 5703 τὸν
1595 5650 1872 5703 ’1ουστῖνον

1983 5647 2205 5718 tagebat
2234 5654 2416 5700 autem
2452 5644 2701 5699 studiose
2733 5642 2961 5712 (quanta
3009 5638 3349 5696 inhumanis
3406 5650 3557 5689 men-

297 5736 409 5811 (οἷα
434 5740 503 5794 τὰ
529 5743 627 5813 τῆς
658 5741 1007 5813 ἀνθρωπίνης
1041 5743 1428 5814 μικροψυχίας,
1448 5742 1481 5814 ἢ
1504 5742 1792 5814 φιλαυτίας
1815 5742 1872 5810 ε),

1984 5739 2131 5794 tibus
2158 5744 2254 5792 aut
2284 5733 2734 5807 pusillanimitas,
2767 5742 2981 5788 autsua
3020 5724 3554 5801 promovendicupi-

299 5832 367 5890 ἵν’
399 5830 613 5890 εὔνοιαν
657 5835 839 5908 ἑαυτῷ
872 5838 1003 5906 παρ’
1038 5836 1250 5893 ἐκείνου
1287 5837 1503 5901 πάντως
1540 5834 1874 5908 μνηστεύση-

1985 5827 2341 5901 dilasinest'.)
2375 5835 2436 5883 ut
2486 5828 2542 5883 in
2601 5825 2853 5884 notitiam
2924 5823 3123 5882 Justini
3160 5822 3386 5878 veniens
3438 5819 3558 5888 ejus
