4032 6502
180 388 319 451 3161

1233 381 1401 441 VITA
1444 381 1488 439 A
1528 376 1962 439 NICEPHORO
1999 377 2487 439 CONSCRIPTA.

3308 372 3452 440 3162

182 502 379 558 ἐαυτὸν
404 499 501 570 τὴν
532 496 783 569 βασιλίδα
816 497 971 551 πόλιν
1011 496 1388 551 καταλαϐόντα
1437 498 1532 550 καὶ
1571 495 1761 562 ὥσπερ

1872 493 1980 563 ejus
2003 508 2142 547 uxor
2164 493 2367 563 Sophia
2384 493 2518 562 (47),
2545 507 2657 546 ηοη
2686 499 2792 547 tam
2820 491 2921 546 viri
2952 505 3140 545 amore
3159 506 3322 561 quam
3346 510 3452 561 pu-

179 598 237 648 ἐν
258 594 336 664 τῷ
358 592 605 660 παλατίῳ
639 590 924 659 γεγονότα,
954 589 1050 641 καὶ
1095 588 1164 642 τὰ
1194 590 1346 658 παρὰ
1376 588 1470 640 τοῦ
1510 587 1762 641 Ἰουδαίου

177 686 526 757 γεγενημένα
572 683 870 753 θεώμενον,
926 682 1229 752 ἀχθόμενόν
1271 699 1332 734 τε
1387 682 1523 752 πρὸς
1565 681 1760 746 ταῦτα,

176 780 274 833 καὶ
300 774 411 833 οἷον
452 762 561 831 οὐκ
577 778 780 830 ἀνεκτὰ
818 775 1076 830 ποιοῦντα
1113 792 1128 805 ο
1173 773 1209 829 ἃ
1235 774 1329 828 καὶ
1363 775 1495 845 δῆλα
1536 774 1615 845 τῷ
1654 792 1763 829 πα-

174 875 418 945 τριάρχῃ
470 871 725 941 καθίστη,
756 871 850 923 καὶ
888 870 966 940 τῷ
1007 868 1238 940 βασιλεῖ,
1267 869 1343 933 ὡς
1378 871 1512 939 παρ’
1552 870 1763 923 ἐκείνου

172 962 696 1035 διαμαρτύρεσθαι,
750 963 846 1016 καὶ
900 962 1226 1033 παρεγγυᾷν
1264 961 1603 1034 ἀποσχέσθαι
1653 961 1764 1015 τῶν

172 1056 436 1109 τοιούτων
464 1054 640 1125 ἠξίου.

248 1322 396 1387 ρὶ.,α’⁸
427 1314 538 1369 Καὶ
565 1315 594 1368 6
637 1315 734 1385 μὲν
765 1314 1131 1385 ἀπήγγελλεν,
1154 1314 1216 1368 οὐ
1248 1314 1327 1385 τῷ
1358 1315 1570 1385 βασιλεῖ
1591 1315 1766 1371 ταῦτα

177 1411 363 1479 μόνον,
397 1408 532 1463 ἀλλὰ
570 1409 665 1462 καὶ
690 1410 755 1479 τῇ
791 1407 1032 1478 συζύγῳ,
1060 1400 1095 1481 ᾖ
1134 1409 1232 1462 καὶ
1265 1408 1468 1478 μᾶλλον
1500 1409 1768 1463 ἐσπουδά-

174 1502 301 1567 ζετο
319 1504 390 1556 τὰ
407 1500 633 1556 τοιαῦτα
652 1516 666 1531 ·
701 1501 752 1553 οι
774 1500 832 1554 δέ
858 1498 1115 1553 τοσοῦτον
1140 1499 1369 1572 ἐδέησαν
1399 1500 1763 1571 ἀποσχέσθαι,

173 1598 287 1669 ὅσῳ
327 1598 422 1650 καὶ
466 1595 698 1665 γυναῖκά
730 1612 852 1649 τινα
889 1593 999 1648 τῶν
1032 1594 1514 1666 ἐγγαστριμύθων,
1560 1595 1618 1650 αϊ
1659 1596 1767 1651 ἀπὸ

174 1688 391 1752 κοιλίας
455 1688 697 1759 φωνοῦσι
762 1686 1145 1756 κενολογοῦσαι
1165 1727 1180 1751 ,
1259 1688 1627 1759 ἐπεισήγαγον
1687 1688 1767 1761 τῷ

184 1782 450 1852 Ἑϐραίῳ,
480 1774 631 1850 ἐφ’ᾧ
671 1780 1005 1852 σαφέστερον
1059 1780 1187 1852 παρ’
1225 1782 1440 1851 ἐκείνης
1484 1782 1655 1852 αὐτῆς
1699 1782 1767 1837 τὰ

172 1872 276 1942 τῆς
321 1873 482 1927 νόσου
523 1873 722 1943 δηλαδὴ
770 1872 1159 1943 γνωρισθῆναι.
1211 1866 1308 1935 Ai;
1340 1872 1531 1926 σκοτία
1567 1872 1766 1944 μᾶλλον

172 1964 239 2015 ἐκ
274 1964 537 2032 μαντείας
570 1962 741 2024 ἐσται,
774 1961 872 2016 καὶ
904 1961 1152 2015 δύσεται
1177 1963 1211 2015 ὁ
1242 1960 1415 2029 ἣλιος
1442 1959 1763 2027 ἐπάὑτὰς,

172 2054 276 2107 καὶ
310 2053 687 2108 συσκοτάσει
711 2053 803 2106 ἐπ’
833 2051 1023 2119 αὐτὰς
1050 2052 1089 2121 ὴ
1118 2051 1328 2121 ἡμέρα,
1364 2051 1604 2121 Μιχαίας
1638 2051 1768 2122 περὶ

170 2147 361 2201 αὐτῶν
409 2150 436 2201 ό
476 2146 617 2209 θεῖος
647 2145 827 2208 καλῶς
861 2144 1291 2218 προηγόρευσεν.
1328 2145 1418 2199 Ἐν
1445 2144 1684 2216 τοσούτῳ
1710 2144 1767 2198 δὲ

170 2242 301 2310 ὄψις
346 2241 599 2309 φαίνεται
651 2240 811 2293 πάλιν
860 2239 1023 2310 ἐτέρα
1066 2237 1145 2309 τῷ
1181 2237 1437 2310 Συμεώντ
1489 2239 1523 2309 ἡ
1572 2237 1629 2291 δέ
1674 2234 1764 2309 ἦν’

167 2334 349 2397 Λύτδς
399 2333 499 2402 μὲν
537 2334 650 2395 τοῖς
693 2331 986 2401 βασιλείοις
1023 2330 1182 2394 αὖθις
1211 2330 1521 2400 ἐπιδημῶν,
1554 2330 1767 2386 καὶτὸν

170 2424 405 2493 βασιλέα
436 2423 600 2495 όρῶν,
632 2425 687 2477 ἐν
713 2417 864 2493 ᾧπερ
896 2422 1077 2476 εἰώθει
1104 2423 1257 2493 τόπῳ
1289 2424 1416 2487 τοὺς
1442 2423 1767 2493 προσιόντας

168 2516 489 2585 δεχόμενον.
543 2514 921 2583 Διανοιγέντας
968 2514 1024 2566 δὲ
1070 2513 1268 2568 αὐτίκα
1316 2515 1444 2579 τοὺς
1481 2514 1764 2584 οὐρανοὺς,

168 2608 266 2659 καί
299 2625 422 2662 τινα
446 2607 596 2661 θείαν
627 2607 837 2661 ἐκεῖθεν
865 2607 1095 2677 δύναμιν
1120 2605 1510 2674 κατελθοῦσαν,
1546 2609 1766 2677 περιδύ-

168 2700 424 2770 σασάνίτε
457 2700 630 2767 αὐτὴν
660 2700 758 2769 τὴν
786 2699 1074 2771 βασιλικὴν
1104 2698 1331 2769 ἐσθῆτα,
1360 2699 1421 2753 τό
1443 2717 1503 2753 τε
1528 2697 1766 2771 διάδημα

164 2793 265 2862 τῆς
304 2792 547 2862 κεφαλῆς
572 2791 896 2860 ἀφελοῦσαν,
933 2791 1066 2845 Ἔσο
1094 2792 1229 2862 πρὸς
1254 2792 1419 2846 αὐτὸν
1440 2792 1606 2861 φάναι
1626 2793 1767 2857 τέως

165 2883 411 2937 ἐνταῦθα
445 2884 592 2953 πάσῃ
636 2883 854 2954 γλώσσῃ
892 2885 1159 2954 διήγημα,
1188 2883 1385 2954 ψεῦδος
1432 2884 1531 2956 τὴν
1574 2886 1767 2941 ἐλπίδα

164 2976 422 3046 θέμενος,
466 2977 559 3029 καὶ
614 2976 689 3047 μὴ
736 2976 856 3046 Θεῷ
904 2976 973 3030 τὰ
1030 2975 1153 3029 καθ’
1201 2976 1394 3030 ἐαυτὸν
1442 2977 1763 3049 ἐπιτρέψας,

165 3068 314 3121 ἀλλὰ
334 3068 552 3139 δαίμοσι
582 3068 782 3138 μᾶλλον
823 3067 919 3122 καὶ
951 3068 1220 3138 δαιμόνων
1257 3069 1561 3139 ἐνεργείαις
1595 3085 1767 3139 προσ-

1866 584 2267 647 sillanimitate,
2305 592 2492 653 utpote
2522 583 2576 637 in
2604 584 2745 637 hanc
2782 600 2851 639 ex
2882 584 2972 638 illa
3001 582 3263 650 deducta)
3314 600 3451 637 con-

1867 676 2111 745 spicitse
2134 676 2249 746 ipse
2280 676 2520 746 Symeon
2552 676 2731 729 media
2755 676 2843 731 die
2883 677 2938 730 in
2992 677 3205 747 regiam
3256 678 3454 731 urbem

1867 766 2138 829 delatum,
2175 767 2232 819 in
2292 767 2412 836 ipso
2455 767 2629 820 veluti
2681 766 2884 835 palatio
2935 776 3138 833 astare,
3176 776 3341 837 atque
3370 768 3454 821 in-

1867 860 2081 929 spicere
2115 875 2237 930 quae
2287 875 2318 914 a
2365 859 2555 916 Judaao
2591 859 2833 925 ﬁebant;
2885 861 3137 917 indolere
3182 863 3348 917 etiam
3385 864 3454 917 ad

1866 953 2004 1017 visa,
2044 961 2101 1007 et
2160 966 2273 1006 non
2318 951 2546 1008 ferenda
2595 952 2848 1023 judicare
2897 971 2910 1007 :
2965 970 3087 1023 qua:
3128 955 3456 1024 patriarcha:

1865 1045 2033 1099 etiam
2058 1045 2347 1099 manifesta
2370 1060 2492 1100 esse
2510 1045 2706 1107 voluit,
2738 1044 3059 1116 rogavitque
3079 1057 3139 1101 ut
3160 1047 3456 1116 imperato-

1866 1150 1985 1191 rem
2011 1152 2041 1190 a
2076 1152 2135 1190 se
2170 1136 2542 1190 obtestaretur
2573 1144 2737 1205 atque
2766 1136 3108 1201 hortaretur,
3144 1136 3455 1191 istiusmodi

1866 1225 2203 1296 impietatem
2227 1224 2448 1281 missam
2471 1226 2692 1280 faceret.

1940 1314 2063 1368 191.
2119 1313 2270 1368 Tulit
2347 1314 2663 1384 patriarcha
2725 1331 2837 1370 non
2897 1316 3074 1370 solum
3131 1314 3454 1385 imperatori

1864 1406 2139 1478 ejusmodi
2185 1406 2465 1472 nuntium,
2496 1422 2688 1461 verum
2714 1408 2878 1463 etiam
2928 1410 3147 1479 conjugi
3177 1409 3318 1478 ejus,
3356 1408 3458 1462 im-

1866 1497 2094 1568 pensius
2151 1496 2462 1552 istiusmodi
2516 1496 2676 1567 nugis
2732 1497 2953 1553 deditze.
3018 1498 3123 1553 Sed
3198 1499 3273 1553 illi
3338 1506 3457 1552 tan-

1867 1595 1983 1643 tum
2047 1590 2205 1645 abest
2262 1598 2324 1644 ut
2378 1589 2773 1651 abstinuerint,
2824 1599 2885 1644 ut
2942 1590 3107 1646 etiam
3166 1591 3452 1645 mulierem

1867 1682 2164 1754 quamdam
2206 1697 2275 1736 ex
2321 1696 2514 1736 earum
2562 1697 2795 1737 numero
2842 1698 2965 1751 qua:
2995 1682 3064 1737 de
3092 1691 3285 1737 ventre
3333 1683 3451 1736 ina-

1868 1792 1997 1831 nem
2024 1792 2337 1832 sermonem
2366 1775 2604 1831 reddunt
2632 1776 2770 1845 (48),
2815 1776 2881 1830 ad
2930 1776 3218 1830 Hebraeum
3249 1776 3452 1847 allega-

1871 1869 2004 1931 rint,
2033 1877 2096 1924 ut
2126 1884 2225 1939 per
2266 1884 2386 1923 eam
2438 1869 2678 1923 certiora
2726 1868 2794 1923 de
2836 1869 3030 1923 morbo
3059 1883 3457 1938 cognosceren-

1875 1970 1987 2015 tur.
2038 1961 2242 2015 Verum
2289 1957 2359 2013 de
2424 1957 2627 2013 talibus
2694 1966 2843 2013 recte
2885 1957 3137 2028 praedixit
3182 1955 3457 2014 Michaeas.

1868 2051 2016 2122 quod
2080 2050 2322 2106 tenebrae
2375 2051 2459 2107 eis
2510 2064 2579 2105 ex
2629 2049 2966 2105 divinatione
3009 2058 3210 2112 erunt,
3269 2056 3321 2101 et
3372 2065 3459 2101 oc-

1868 2145 2070 2199 cumbat
2118 2143 2199 2200 sol
2253 2160 2413 2216 super
2443 2159 2554 2209 eas,
2607 2151 2657 2197 et
2713 2142 3125 2196 contenebrescet
3167 2158 3325 2211 super
3366 2156 3456 2193 cas

1824 2265 1833 2274 -
1868 2241 1976 2294 dies
1998 2241 2065 2296 ⁸⁸.
2094 2241 2310 2297 Interea
2334 2237 2595 2311 Symeoni
2617 2237 2723 2292 alia
2754 2252 2979 2290 rursum
3001 2236 3142 2289 visio
3166 2234 3456 2305 objicitur,

1868 2343 2102 2403 eratque
2128 2333 2276 2388 talis.
2307 2333 2429 2403 Ipse
2459 2332 2663 2387 iterum
2695 2331 2763 2385 ad
2796 2329 3060 2401 palatium
3102 2327 3457 2398 imperatoris

1867 2426 2107 2491 delatus,
2134 2426 2398 2482 cernebat
2417 2425 2619 2495 ipsum,
2646 2440 2757 2495 quo
2778 2430 3140 2478 consueverat
3162 2422 3303 2483 loco,
3327 2419 3459 2475 all‘a-

1869 2528 1984 2573 tum
2003 2526 2257 2589 petentes
2286 2518 2541 2588 excipere
2565 2532 2579 2571 :
2615 2516 2880 2571 cernebat
2906 2515 3073 2568 etiam
3098 2528 3223 2566 mox
3253 2511 3458 2581 apertis

1868 2610 2027 2665 ccelis
2069 2608 2351 2680 delapsam
2395 2608 2524 2663 inde
2569 2605 2862 2677 quamdam
2899 2606 3161 2659 virtutem
3190 2604 3457 2667 divinam,

1867 2715 1992 2770 qua:
2029 2715 2240 2756 exuens
2278 2700 2669 2769 imperatorem
2712 2707 2866 2752 veste
2898 2696 3088 2767 regali.
3118 2704 3174 2750 et
3202 2695 3461 2750 auferens

1867 2791 2067 2862 capitis
2097 2791 2373 2855 diadema,
2423 2790 2645 2846 dicebat
2686 2790 2811 2845 illi:
2860 2790 2992 2845 Esto
3045 2790 3228 2845 fabula
3273 2790 3329 2844 in
3362 2804 3461 2845 ore

1868 2885 2053 2940 omnis
2074 2885 2287 2955 pepuli,
2318 2885 2449 2955 quia
2473 2883 2707 2954 posuisti
2736 2884 3083 2939 mendacium
3110 2899 3263 2953 spem
3288 2892 3457 2951 tuam,

1867 2985 1924 3032 et
1956 2987 2007 3031 te
2037 2985 2242 3046 tuaque
2281 2992 2391 3031 non
2422 2976 2749 3031 commisisti
2782 2976 2917 3042 Deo,
2956 2976 3054 3031 sed
3091 2975 3327 3030 daemoni
3364 2991 3461 3045 po-

1876 3069 1987 3123 tius
2017 3071 2248 3138 ejusque
2290 3069 2505 3123 artibus
2531 3068 2814 3138 prabbuisti
2856 3083 3036 3122 aures.
3071 3067 3204 3133 Quae
3238 3076 3462 3123 sanctus

164 3159 421 3231 εσχηκώς
442 3177 457 3192 ο
488 3160 516 3213 ὃ
551 3160 689 3231 πρός
720 3178 779 3214 τε
814 3161 938 3223 τοὺς
961 3160 1244 3228 παρόντας
1280 3160 1309 3213 6
1338 3160 1563 3227 Συμεὼν
1592 3162 1649 3213 ἐν
1672 3159 1757 3213 δά-

1872 3179 1992 3219 cum
2032 3162 2289 3234 lacrymis
2312 3171 2369 3217 et
2393 3162 2584 3215 dolore
2617 3176 2741 3216 cum
2768 3161 3134 3231 prmsentibus
3153 3162 3462 3216 communi-

168 3265 369 3322 κρυσιν
399 3254 611 3325 εἰρήκει
642 3255 738 3308 καὶ
763 3254 992 3324 καρδίας
1021 3252 1184 3324 ὀδύνῃ
1210 3268 1224 3284 ⁶
1262 3252 1340 3324 τῷ
1363 3271 1421 3306 τε
1452 3255 1765 3327 πατριάρχῃ

164 3344 257 3401 τὸν
295 3345 458 3398 αὑτὸν
488 3347 752 3417 ἐγνώρισε
774 3347 998 3418 τρόπον,
1029 3348 1123 3400 καὶ
1154 3348 1249 3401 τοῦ
1281 3348 1478 3419 μηκέτι
1512 3348 1648 3418 πρὸς
1669 3348 1770 3401 αύ-

163 3439 256 3492 τδν
304 3439 432 3508 περὶ
470 3438 564 3491 τοῦ
601 3438 865 3509 βασιλέως
903 3440 1240 3507 προσθεῖναι.
1285 3442 1360 3494 Οὐ
1416 3440 1552 3494 πολὺ
1608 3441 1669 3493 τὸ
1708 3442 1766 3495 ἐν

168 3530 348 3600 μέσῳ,
381 3531 475 3583 καὶ
512 3532 666 3603 φήμη
701 3532 841 3586 κατὰ
883 3532 1064 3602 πάσης
1098 3531 1337 3602 ἡπείρου²
1363 3532 1457 3585 καὶ
1490 3532 1767 3603 θαλάσσης

164 3621 388 3693 ἐχώρει,
418 3624 741 3696 διεφθάρθαι
770 3624 859 3678 τὸν
894 3624 1122 3695 βασιλέα
1151 3624 1249 3689 τὰς
1282 3625 1505 3698 φρένας,
1535 3625 1767 3679 κατόπιν

166 3711 220 3765 δὲ
248 3712 353 3765 καὶ
386 3713 617 3777 θάνατος
640 3715 845 3770 εἵπετο.

237 3802 387 3872 ριιβ¹.
442 3802 745 3873 Εύξώμεθα
794 3804 923 3873 περὶ
974 3804 1074 3874 τῆς
1115 3804 1257 3859 κατὰ
1303 3806 1399 3875 τὴν
1436 3805 1766 3876 Ἀντιόχειαν

180 3896 541 3965 Ἐκκλησίας,
575 3896 814 3965 ἀδελφοὶ,
849 3896 984 3967 φησί
1017 3914 1145 3950 ποτε
1181 3897 1318 3969 πρὸς
1358 3899 1481 3961 τοὺς
1516 3898 1767 3970 μαθητὰς

165 3989 193 4040 ό
240 3986 392 4058 ἱερὸς
431 3988 676 4057 Συμεών.
719 3988 970 4041 Ἐδόκουν
1016 3988 1125 4060 γὰρ
1163 3992 1255 4042 τὸν
1272 3990 1568 4061 Δ,πρόεδρονλ
1594 3990 1765 4061 αὐτῆς

168 4081 433 4149 Δομνῖνον
478 4082 609 4151 όρᾷν
661 4080 754 4133 ἐπὶ
800 4083 861 4133 τὸ
896 4079 1283 4153 θυσιαστήριον
1327 4082 1626 4150 ἀναϐάντα,
1669 4086 1764 4137 καὶ

167 4172 300 4242 τῇδε
348 4172 633 4225 τεθεικότα
688 4173 899 4239 ἐαυτὸν,
948 4174 1042 4227 καὶ
1085 4176 1248 4227 οἱονεὶ
1310 4175 1596 4245 ῥέγχοντα,
1646 4172 1765 4229 εἶτα

170 4257 389 4316 ἐκεῖθεν
435 4264 875 4336 καταϐεϐηκότα,
911 4266 1008 4321 καὶ
1051 4266 1201 4337 δεξιᾷ
1242 4268 1337 4320 τοῦ
1375 4267 1765 4339 θυσιαστηρίου

170 4356 487 4425 ἱστάμενον.
513 4357 585 4409 Τὸ
614 4357 714 4428 μὲν
750 4352 843 4411 οὖν
874 4358 1097 4430 πλῆθος,
1125 4360 1221 4412 καὶ
1248 4360 1362 4413 ὅσοι
1394 4359 1489 4413 τοῦ
1526 4359 1766 4431 βήματος

166 4448 538 4517 ἀναμένοντες
572 4446 735 4520 ἦσαν,
769 4450 936 4522 εὐχὴν
958 4452 1229 4505 ἐπιτελεῖν
1260 4453 1350 4527 τὸν
1381 4454 1550 4524 ἄνδρα
1575 4455 1763 4525 οἰόμε-

1871 3256 2051 3321 cavit;
2083 3263 2139 3310 et
2164 3253 2529 3324 patriarcham
2555 3252 2626 3307 de
2654 3252 2823 3307 totius
2847 3252 2926 3307 rei
2956 3252 3154 3309 ordine
3178 3253 3458 3319 instruxit,

1872 3355 1933 3401 ut
1984 3360 2055 3400 ne
2099 3345 2229 3415 quid
2289 3344 2652 3413 imposterum
2713 3343 2769 3397 in
2824 3343 3069 3398 favorem
3110 3343 3463 3414 imperatoris

1870 3445 2203 3510 proponeret
2231 3437 2358 3492 sibi.
2396 3437 2670 3508 Exiguum
2714 3451 2881 3507 porro
2922 3437 3190 3507 temporis
3223 3437 3462 3508 spatium

1868 3532 2221 3603 interjectum
2251 3530 2377 3598 fuit,
2426 3547 2553 3586 cum
2600 3531 2745 3586 fama
2777 3546 2874 3601 per
2906 3539 3077 3585 totam
3112 3532 3340 3601 Epirum
3406 3541 3462 3585 et

1870 3640 2022 3680 mare
2074 3624 2375 3691 emanavit,
2409 3624 2801 3693 imperatorem
2828 3633 3012 3679 mente
3043 3632 3265 3694 captum
3297 3640 3459 3679 esse:

1867 3716 2014 3787 quod
2049 3716 2250 3772 deinde
2287 3724 2585 3772 consecuta
2632 3730 2785 3769 mors
2834 3723 2919 3769 est
2953 3715 3087 3785 (49).

1942 3808 2063 3864 192.
2103 3806 2337 3863 Oremus
2370 3822 2473 3877 pro
2525 3806 2778 3861 Ecclesia
2830 3806 3201 3869 Antiochena,
3251 3805 3464 3875 inquie-

1868 3899 1961 3955 bat
1994 3898 2291 3969 aliquando
2323 3898 2613 3968 discipulis
2644 3897 2761 3952 suis
2794 3906 3016 3952 sanctus
3044 3897 3279 3969 Symeon
3313 3914 3326 3950 ε
3381 3897 3463 3951 vi-

1868 3991 2039 4046 debar
2065 3991 2212 4046 enim
2237 3990 2375 4044 mihi
2399 3990 2611 4048 videre.
2638 3990 2942 4045 antistitem
2963 3989 3111 4044 illius
3130 3989 3463 4043 Domninum

1866 4083 2041 4138 altare
2078 4083 2474 4149 conscendere,
2523 4084 2728 4138 ibidem
2781 4098 2839 4138 se
2878 4082 3173 4144 collocare,
3209 4092 3265 4136 et
3290 4082 3463 4137 veluti

1867 4176 2111 4231 ronchos
2152 4176 2621 4246 ducere;postea
2668 4190 2802 4231 vero
2828 4174 2955 4229 inde
3005 4172 3366 4237 descendere,
3404 4184 3463 4227 et

1869 4268 2094 4324 dextera
2129 4267 2319 4324 altaris
2361 4276 2518 4339 parte
2545 4267 2874 4329 consistere,
2909 4265 3263 4321 existimante
3318 4263 3464 4320 inte-

1869 4361 1976 4415 rim
2009 4362 2309 4417 astantium
2344 4361 2506 4416 turba
2533 4361 2687 4414 illum
2720 4359 2971 4429 precari;
3018 4358 3213 4412 eodem
3250 4358 3303 4411 in
3342 4356 3466 4411 loco

1870 4468 2039 4524 porro
2093 4454 2271 4524 ipsum
2324 4453 2644 4523 aliquandiu
2701 4461 3169 4522 perseverantem,
3226 4449 3461 4505 dicere:

162 4556 273 4593 νοι.
313 4541 426 4593 Καὶ
453 4540 545 4594 τὸν
579 4542 698 4610 μὲν,
728 4544 793 4611 τῇ
823 4541 1003 4611 τοιᾷδε
1036 4544 1224 4596 στάσει
1263 4544 1426 4614 μέχρι
1464 4544 1611 4607 τινὸς
1643 4546 1764 4599 ἐπι-

1872 4548 2186 4604 Concedam
2236 4549 2303 4603 ad
2356 4550 2620 4604 lectulum
2659 4564 2840 4602 memn
2890 4565 2902 4600 :
2944 4548 3248 4602 monachos
3280 4556 3465 4602 autem

168 4633 457 4703 μείναντα,
485 4635 820 4705 υἱχήσομαι,
848 4634 1039 4702 φάναι,
1076 4635 1213 4705 πρὸς
1254 4636 1347 4689 τὸν
1376 4635 1613 4707 ἐμαυτοῦ
1645 4654 1764 4690 κοι-

164 4724 440 4778 τωνίσκον
465 4742 480 4757 ο
511 4727 905 4790 Παλαιστινοὺς
935 4727 990 4780 δέ
1025 4746 1178 4791 τινας
1202 4730 1467 4799 μοναχοὺς
1493 4730 1591 4798 τὴν
1614 4729 1763 4783 θείαν

164 4816 485 4870 ἐπιτελέσαι
511 4819 923 4887 μυσταγωγίαν.
961 4819 1121 4889 Ἑξῆς
1147 4820 1204 4873 δὲ
1236 4822 1333 4874 καὶ
1361 4821 1458 4891 τὴν
1480 4821 1634 4875 λύσιν
1663 4824 1763 4875 ἐπ-

165 4910 327 4978 ῆγεν,
390 4908 466 4973 ὡς
518 4909 627 4982 ἄρα
680 4912 995 4984 τελευτήσει
1053 4913 1153 4984 μὲν
1201 4916 1458 4985 Δομνῖνος
1498 4916 1589 4968 τὸν
1627 4916 1760 4986 βίον,

167 5002 408 5073 μοναχδς
456 5003 513 5057 δέ
566 5022 649 5068 τις
706 5004 767 5058 τὸ
820 5006 975 5075 γένος
1034 5008 1098 5061 ἐκ
1147 5007 1513 5079 Παλαιστίνης
1564 5009 1760 5075 ἕλκων,

243 5188 289 5220 ³⁵
332 5188 496 5244 Μίοιι.
545 5204 624 5254 ut,
666 5187 721 5243 6.

244 5348 358 5416 (47)
418 5346 502 5400 Ea:
560 5346 764 5414 Sophia
799 5348 1018 5417 conjuge
1064 5347 1265 5401 Justini
1307 5347 1479 5417 ﬁliam
1539 5350 1749 5402 unicam

168 5417 432 5488 Arajviam
477 5426 767 5488 agnoscunt
800 5417 1029 5471 Codinus
1065 5419 1284 5488 aliique,
1325 5419 1467 5488 apud
1492 5418 1753 5487 Cangium

167 5489 224 5560 i_n
256 5485 869 5560 Familiis'Byzantinis,
920 5485 1300 5560 conjectantem
1342 5485 1477 5542 lianc
1506 5485 1616 5542 esse
1639 5506 1756 5560 qua:

166 5556 447 5627 Badnario
476 5556 669 5627 juncta
703 5566 819 5611 erat
848 5575 967 5611 cum
1014 5556 1085 5611 ad
1128 5560 1410 5627 imperium
1440 5556 1759 5627 eveheretur

168 5625 449 5698 Justinus;
477 5625 662 5694 _quare
708 5630 789 5681 hic
824 5628 975 5681 illum
1017 5630 1115 5681 sibi
1161 5625 1281 5682 mox
1328 5631 1382 5681 in
1417 5626 1761 5698 Curopalatw

172 5697 349 5769 locum
381 5699 688 5752 substituit:
723 5699 815 5751 sed
841 5702 935 5752 hoc
970 5698 1081 5751 loco
1108 5700 1312 5752 videtur
1356 5700 1441 5769 agi
1484 5697 1762 5769 «Ie’puella

172 5768 346 5821 adhuc
398 5772 648 5839 innupta,
686 5770 837 5838 cujus
886 5772 1138 5839 memoria
1191 5771 1247 5823 in
1287 5768 1602 5829 hacsolum
1652 5769 1762 5823 Vita

172 5841 426 5905 supersit,
484 5837 670 5895 n’bmcn
722 5849 897 5893 autem
934 5838 1120 5895 oblivio
1167 5841 1433 5908 sepelivit;
1482 5840 1583 5895 nisi
1610 5840 1763 5894 mulis

1874 4638 2143 4708 quosdam
2189 4655 2256 4693 ex
2307 4639 2597 4693 Palaestina
2657 4646 3073 4692 sacrosanctum
3134 4638 3467 4692 sacrificium

1874 4730 2223 4801 persolvisse.
2243 4730 2452 4785 Deinde
2470 4738 2526 4784 et
2546 4730 2969 4799 explicationem
2991 4729 3223 4784 visionis
3244 4730 3465 4800 adjecit,

1873 4823 2150 4895 quomodo
2171 4838 2370 4893 nempe
2401 4822 2660 4876 [initurus
2688 4822 2854 4875 vitam
2906 4822 3232 4886 Domninus,
3262 4829 3319 4875 et
3353 4836 3469 4874 mo-

1875 4919 2086 4973 nachus
2116 4918 2363 4988 quidam,
2389 4935 2419 4973 e
2445 4917 2733 4972 Palzestina
2764 4932 2938 4986 genus
2970 4916 3201 4975 ducens,
3235 4915 3287 4967 in
3315 4914 3469 4967 thro-

1874 5026 2008 5065 num
2053 5010 2202 5065 illius
2250 5009 2598 5065 inducendus
2642 5019 2807 5063 esset.
2841 5006 2998 5074 Quod
3049 5022 3159 5061 non
3209 5006 3303 5062 diu
3348 5015 3472 5076 post.

1859 5348 2121 5404 Baduarii
2160 5366 2378 5404 uxorem
2421 5366 2745 5419 anonymam
2806 5348 3125 5419 relinquere,
3158 5355 3207 5399 et
3256 5345 3471 5419 Arabia:-

1864 5421 2034 5474 adhuc
2056 5421 2291 5490 innupta:
2322 5417 2759 5489 statuam—fuisse,
2790 5436 2907 5489 qua:
2931 5421 2979 5473 ei
3006 5417 3465 5490 Constantinopoli

1866 5508 1974 5545 una
2015 5508 2132 5544 cum
2165 5487 2446 5559 parentum
2485 5487 2674 5544 statuis
2719 5487 2889 5558 posita
2929 5506 3042 5542 esse
3077 5487 3346 5541 scribitur.

1937 5560 2049 5633 (48)
2083 5556 2543 5633 Ἐγγαστρίμυθοι
2586 5563 2641 5633 in
2687 5556 2906 5614 decretis
2952 5558 3207 5633 gratiani
3248 5556 3462 5611 ventri-

1870 5630 2045 5700 loqui,
2104 5632 2159 5684 in
2200 5629 2487 5703 Scripturis
2527 5632 2804 5702 I’ythones
2850 5648 2913 5685 ac
2952 5629 3319 5703 Pythonissw,
3374 5644 3468 5697 per

1874 5702 2619 5780 quorumnpenlrem‘dwmon
2666 5718 2915 5780 responsa
2947 5702 3075 5754 edit.
3134 5768 3167 5780 Α
3263 5770 3274 5780 ⁸
3326 5769 3333 5775 α

1945 5772 2055 5844 (49)
2088 5772 2227 5830 Obiit
2264 5772 2509 5829 Justinus
2554 5790 2695 5827 anno
2732 5768 2855 5837 578,
2908 5786 3082 5827 mense
3126 5768 3357 5827 Octobri.
