4006 6488
616 399 759 465 3163

1819 391 1881 451 S.
1925 380 2302 447 SYMEONIS
2339 378 2700 442 JUNIORIS

3750 374 3884 439 3164

610 509 951 583 "completum
984 517 1091 567 est,
1146 522 1293 568 cum,
1331 502 1604 557 Domnino
1632 500 1744 553 vita
1797 498 2009 558 functo,
2053 493 2189 548 Ana‘

2301 488 2383 551 εῑς
2444 488 2536 540 τὸν
2595 484 2804 539 ἐκείνου
2855 482 3043 556 θρόνον
3097 483 3555 555 ἀνενεχθήσεταιο
3599 484 3746 553 ὅπερ
3790 485 3881 538 οὔκ

621 602 824 659 stasius
857 600 1079 671 quidam
1116 599 1437 654 Palaestinus
1457 610 1683 650 vacuam
1712 591 1899 647 sedem
1928 602 2198 644 conscen-

621 693 704 749 dit
752 692 887 763 (50).

695 870 816 925 193.
859 866 1126 922 Militabat
1159 864 1343 919 Persis
1386 862 1645 917 tribunus
1693 859 1938 930 quidam,
1970 858 2200 911 Almun-

622 961 791 1017 darus
850 959 1121 1014 vocabulo
1178 956 1335 1026 (51),
1390 954 1659 1024 religione
1714 951 1970 1023 gentilis,
2034 964 2196 1003 manu

622 1061 903 1114 strenuus,
942 1048 1189 1118 corporis
1240 1048 1383 1102 mole
1432 1045 1745 1116 gigantibus
1782 1044 1896 1098 fere
1936 1040 2196 1112 xequalis:

621 1144 692 1198 de
730 1159 840 1213 quo
885 1142 1153 1212 propheta
1186 1141 1354 1195 Amos
1394 1138 1623 1193 dixisset
1675 1154 1688 1190 :
1720 1135 1871 1201 Quod
1917 1146 2031 1189 erat
2068 1134 2200 1187 sicut

622 1233 849 1287 altitudo
891 1233 1032 1286 cedri
1068 1230 1364 1285 sublimitas
1410 1229 1546 1297 ejus,
1593 1235 1641 1281 et
1690 1226 1838 1296 fortis
1882 1233 1997 1279 erat
2048 1223 2200 1293 quasi

621 1341 842 1395 quercus
888 1325 955 1378 ⁸⁸.
1011 1323 1111 1378 Hic
1163 1324 1537 1376 Romanorum
1578 1327 1752 1372 terras
1783 1315 2197 1372 continentibus

620 1415 1058 1487 depopulabatur
1092 1412 1530 1476 incursionibus,
1583 1426 1694 1464 non
1736 1408 1895 1463 aliter
1943 1422 2107 1477 quam
2152 1406 2199 1460 si

619 1508 794 1562 aleam
836 1523 1031 1578 pugnae
1079 1522 1205 1561 cum
1265 1505 1500 1559 barbaro
1556 1500 1961 1556 committenda!
2011 1498 2199 1557 subire

618 1598 808 1653 nullus
838 1610 1024 1668 posset
1051 1616 1067 1651 :
1096 1603 1367 1667 quotquot
1397 1602 1577 1649 autem
1613 1593 1857 1661 captivos
1884 1590 2201 1645 abduxisset

615 1686 987 1748 Christianos.
1019 1686 1169 1743 nulla
1224 1685 1441 1739 illorum
1487 1690 1665 1735 tactus
1698 1678 2196 1743 commiseratione,

617 1778 1016 1833 crudelissimis
1036 1778 1345 1847 quibusque
1369 1774 1658 1829 tormentis
1680 1772 1965 1828 enecabat.
1980 1772 2199 1826 Invase-

618 1877 705 1923 rat
754 1880 938 1924 autem
980 1885 1079 1939 per
1111 1868 1246 1922 illud
1294 1876 1512 1935 tempus
1539 1881 1663 1919 cum
1717 1864 1917 1919 infesto
1949 1864 2194 1919 exercitu

618 1960 925 2016 Romanum
974 1961 1303 2031 imperium;
1348 1969 1539 2012 contra
1585 1973 1712 2011 eum
1747 1973 1881 2011 vero
1924 1956 2197 2011 educebat

614 2053 803 2122 copias
832 2069 1077 2108 summus
1107 2053 1476 2106 Romanorum
1506 2050 1615 2103 dux
1644 2050 1879 2106 Arethas
1908 2048 2040 2119 (52).
2070 2047 2199 2103 0m-

616 2145 704 2198 nis
728 2143 896 2213 igitur
927 2144 1079 2214 plaga
1120 2143 1410 2200 orientalis
1452 2144 1767 2200 vehementi
1813 2150 1962 2197 metu
1994 2150 2197 2196 aestua-

616 2233 712 2289 bat
744 2254 756 2289 :
802 2243 860 2291 at
892 2235 1149 2307 Symeoni
1189 2238 1312 2293 talis
1342 2238 1591 2308 quaedam
1642 2237 1783 2291 visio
1822 2245 2045 2291 ostensa
2090 2241 2194 2300 est,

614 2328 1077 2397 quemadmodum
1117 2329 1186 2383 ab
1234 2346 1328 2385 ore
1358 2330 1533 2399 ipsius
1558 2345 1825 2398 excepere
1859 2328 2139 2397 discipuli.

688 2417 810 2471 194.
858 2417 1091 2472 Putabat
1147 2418 1201 2472 in
1232 2419 1489 2487 exiguum
1542 2418 1833 2488 quemdam
1874 2416 2091 2481 collem,
2141 2415 2196 2470 in

613 2507 871 2562 conﬁniis
902 2508 1134 2563 Romani
1185 2511 1497 2580 Pcrsicique
1549 2510 1789 2580 imperii,
1839 2508 2081 2564 delatum
2115 2524 2195 2573 se,

614 2601 917 2655 consistere
952 2600 1005 2655 in
1041 2602 1220 2656 media
1266 2603 1357 2656 illa
1390 2604 1532 2669 acie,
1573 2617 1738 2673 quam
1784 2618 1883 2671 pro
1937 2601 2198 2656 Romanis

616 2692 868 2747 Arcthas°
900 2692 1157 2747 ducebat.
1204 2694 1281 2747 Ex
1317 2696 1552 2750 adverso
1583 2694 1880 2750 invadebat
1905 2710 2031 2748 eum
2073 2708 2197 2747 cum

613 2784 955 2838 Almundaro
998 2784 1361 2839 barbarorum
1400 2787 1559 2840 turba
1600 2796 1705 2840 tam
1759 2785 2195 2851 innumerabilis,

620 2884 678 2926 ut
719 2874 1022 2926 exercitum
1054 2873 1274 2929 Arethze
1318 2874 1435 2928 viso
1468 2882 1679 2927 tantum
1726 2874 1883 2928 hoste
1932 2883 2111 2928 metus
2144 2874 2199 2927 in

611 2963 795 3035 fugam
828 2981 997 3034 prope
1027 2965 1350 3035 conjecerit.
1398 2965 1535 3021 Cum
1582 2975 1764 3020 autem
1804 2966 1869 3019 ad
1920 2982 2113 3020 manus
2144 2976 2200 3021 et

612 3069 850 3125 pugnam
876 3063 1202 3124 perventum
1225 3063 1392 3119 esset,
1418 3056 1794 3125 Arethanique
1824 3072 1931 3109 non
1956 3056 2194 3110 sustine-

2300 580 2381 643 εἰς
2434 579 2652 650 μακρὰν
2704 577 3013 648 ἠκολούθει,
3062 576 3157 630 καὶ
3187 576 3447 645 Δομνινου
3476 576 3570 629 τὸν
3607 576 3730 645 βίον
3753 578 3881 630 ἀπο-

2298 669 2568 733 λιπόντος,
2611 667 2963 732 Ἀναστάσιός
2991 684 3075 730 τις
3109 666 3464 730 Παλαιστινὸς
3496 665 3881 721 ἐπιϐαίνειτσῐ

2300 762 2512 834 θρόνου.

2374 852 2514 924 ριιγῖ
2540 849 2650 906 Ἦν
2682 869 2766 914 τις
2795 850 3068 922 φύλαρχος
3102 851 3252 922 παρά
3281 850 3550 920 Πέρσαις,
3576 852 3719 918 ἀνὴρ
3750 854 3881 903 κατὰ

2298 949 2457 1018 χεῖρα
2493 945 2763 1014 γενναῖος,
2810 943 3211 1014 Ἀλμούνδαρος
3254 941 3450 1011 ὄνομα,
3488 942 3592 1013 τὴν
3621 943 3729 1012 μὲν
3755 942 3878 1011 θρη-

2301 1038 2489 1091 σκείαν
2522 1035 2744 1106 Ἕλλην,
2774 1035 2834 1088 τὺ
2855 1034 2911 1088 δὲ
2938 1034 3032 1088 τοῦ
3067 1034 3319 1103 σώματος
3352 1032 3587 1102 μέγεθος
3613 1035 3879 1099 γιγάντων

2298 1131 2358 1184 οὐ
2396 1129 2530 1184 πολὺ
2559 1128 2881 1198 λειπόμενος
2901 1145 2915 1157 ·
2948 1122 3031 1182 Οὗ
3058 1108 3137 1195 ἦν
3163 1126 3356 1190 καθὼς
3388 1124 3551 1193 ὕψος
3576 1124 3795 1191 κέδρου
3822 1128 3878 1177 τὸ

2298 1223 2458 1291 ὕψος
2507 1220 2716 1285 αὑτοῦ,
2759 1219 2856 1273 καὶ
2898 1218 3148 1288 ἰσχυρὸς
3190 1213 3270 1287 ἦν
3304 1218 3386 1281 ὠς
3417 1216 3588 1285 δρῦς,
3622 1218 3772 1269 εἴποι
3820 1219 3877 1270 ἂν

2312 1310 2494 1383 Ἀμὼς
2532 1313 2619 1366 ἐπ’
2650 1310 2821 1381 αὐτῷ.
2860 1312 2954 1372 Ὃς
2984 1308 3083 1378 τὴν
3119 1308 3409 1377 Ῥωμαίων
3442 1308 3689 1377 συνεχῶς
3718 1325 3876 1360 κατα-

2298 1402 2530 1472 τρέχων,
2569 1397 2657 1454 οἷα
2722 1398 2845 1469 μηδ’
2896 1399 2977 1460 εἰς
3019 1396 3255 1465 πόλεμον
3294 1395 3763 1466 ἀντικαταστῆναι
3808 1399 3877 1467 τῷ

2302 1492 2560 1564 βαρϐάρῳ
2588 1490 2734 1553 τινὸς
2764 1489 3004 1560 εὐχερῶς
3032 1486 3353 1557 δυναμένου,
3388 1486 3484 1550 οὓς
3513 1488 3583 1541 ἂν
3606 1489 3877 1558 nexam.-

2298 1602 2428 1647 τους
2457 1583 2611 1637 λάϐοι
2666 1581 3030 1653 Χριστιανῶν,
3077 1581 3267 1633 οὐδένα
3295 1580 3428 1651 περὶ
3464 1579 3664 1641 αὐτοὺς
3706 1576 3875 1632 οἶκτον

2299 1675 2437 1747 ᾔδει,
2472 1675 2609 1729 ἀλλὰ
2645 1677 2714 1728 τὰ
2743 1674 2958 1726 πάντων
2999 1672 3257 1741 ὠμότατοι
3310 1671 3460 1741 ἔδρα.
3508 1663 3684 1734 Οὗτος
3732 1670 3875 1739 βαρεῖ

2298 1764 2602 1838 τηνικαῦτα
2648 1764 2862 1836 στρατῷ
2890 1767 2955 1834 τῇ
3001 1763 3284 1830 Ῥωμαίων
3322 1764 3515 1834 ἐπῄειξο
3542 1763 3871 1831 ἀντεπεξῆγε

2298 1860 2357 1914 δὲ
2385 1863 2482 1922 τὰς
2501 1859 2763 1929 δυνάμεις
2790 1855 2939 1925 αὐτῷ
2966 1856 3059 1909 καὶ
3099 1854 3351 1925 Ἀρέθας,
3389 1855 3451 1917 ὃς
3491 1856 3558 1924 τῇ
3599 1853 3873 1923 Ῥωμαίων

2302 1953 2531 2022 στρατιᾷ
2578 1950 2648 2003 τὰ
2703 1948 2894 2019 πρῶτα
2944 1949 3193 2001 τέτακτο.
3240 1948 3303 1999 Ἡ
3346 1947 3446 2017 μὲν
3487 1942 3583 2000 οὖν
3627 1948 3871 2016 Ἀνατολὴ

2300 2042 2449 2094 πᾶσα
2477 2040 2663 2102 δεινῶς
2685 2038 2789 2091 ὑπὸ
2808 2037 2958 2101 δέους
2985 2037 3210 2091 ἐσείετοο
3234 2036 3312 2107 τῷ
3333 2036 3388 2088 δὲ
3414 2035 3645 2106 Συμεὼν
3659 2038 3869 2105 τοιαύτη

2298 2148 2383 2194 τις
2414 2130 2688 2183 ἐδείκνυτο
2717 2129 2861 2200 ὄψις,
2890 2129 2966 2193 ὼς
2996 2128 3155 2192 αὐτὸς
3180 2128 3436 2200 τηνικάδε
3464 2131 3578 2192 τοῖς
3614 2128 3867 2198 μαθηταξ

2300 2220 2570 2292 ἐξηγεῖτο.

2376 2312 2732 2384 ρῑιδ’.Ἐδόκει
2764 2312 3018 2382 καθάπερ
3040 2310 3232 2364 ἐαυτὸν
3258 2311 3349 2364 ἐπί
3382 2328 3524 2375 τινος
3557 2311 3723 2378 λόφου
3756 2312 3865 2380 βρι-

2302 2406 2442 2476 χέως
2464 2406 2521 2459 ἐν
2548 2403 2784 2475 μεθορίῳ
2809 2403 3032 2473 Περσῶν
3052 2420 3111 2455 τε
3138 2404 3230 2456 καὶ
3252 2403 3544 2473 Ῥωμαίων
3582 2406 3867 2473 γεγεημέο

2300 2517 2390 2555 νον
2418 2499 2572 2569 όρᾷν,
2607 2497 2699 2551 καὶ
2733 2498 2809 2560 ὠς
2838 2495 2981 2549 κατὰ
3007 2498 3177 2567 μέσην
3208 2495 3305 2567 τὴν
3329 2497 3684 2566 παρεμϐολὴν
3712 2498 3865 2559 ἐστεῖις

2300 2594 2408 2663 εἴη,
2449 2587 2517 2663 ἦς
2555 2592 2821 2661 ἀφηγεῖτο
2850 2589 3144 2657 Ῥωμαίοις
3194 2588 3423 2660 Ἀρέθας
3446 2607 3459 2621 ·
3521 2592 3781 2661 ἀντεπῄει
3819 2593 3866 2643 ξε

2302 2688 2397 2740 σὺν
2414 2684 2790 2756 Ἀλμουνδάρῳ
2812 2682 3103 2752 βαρϐάρων
3125 2682 3328 2753 πλῆθος
3357 2683 3593 2753 ἀριθμοῦ
3616 2687 3865 2754 κρεῖττον,

2301 2778 2393 2833 καὶ
2409 2779 2489 2831 ὅτι
2510 2777 2605 2850 τὴν
2628 2778 2727 2848 μέν
2750 2778 2840 2831 ὑπ’
2857 2776 3055 2845 Ἀρέθα
3083 2776 3347 2846 στρατιὰν
3366 2778 3462 2829 καὶ
3481 2779 3629 2848 μόνῳ
3649 2778 3729 2847 τῷ
3756 2779 3863 2829 ἰδεῖν

2298 2871 2416 2934 δέος
2442 2866 2605 2924 εἷλεν.
2648 2867 2736 2933 Ὦς
2770 2868 2825 2921 δὲ
2862 2868 2955 2922 καὶ
3004 2871 3083 2931 εἰς
3124 2868 3442 2939 συμπλοκὴν
3488 2869 3589 2937 ήδη
3637 2872 3732 2921 καὶ
3766 2873 3865 2939 χεῖ·

2302 2979 2401 3033 ρας
2438 2957 2623 3032 ἦλθον,
2668 2960 2801 3013 οἵτε
2837 2961 2965 3030 περ)⁸
3013 2959 3241 3029 Ἀρέθαν
3293 2960 3392 3029 οὐχ
3428 2961 3726 3027 ὑφίσταντο
3777 2962 3862 3028 τὴν

2313 3052 2709 3122 Ἀλμουνδάρου
2740 3052 2937 3123 ὁρμὴν,
2969 3051 3125 3122 θυμῷ
3155 3052 3353 3122 μᾶλλον
3380 3053 3410 3122 ἢ
3441 3051 3686 3121 λογισμῷ
3713 3071 3862 3122 μαχο-

621 3154 746 3199 rent
777 3146 1040 3213 impetum
1073 3144 1413 3209 Almundari,
1446 3145 1526 3199 ira
1558 3146 1744 3215 potius
1770 3162 1934 3215 quam
1985 3147 2191 3201 ratione

2304 3144 2487 3215 μένου·
2528 3145 2721 3213 Ἔστη,
2746 3144 2901 3213 φησὶ,
2932 3144 3156 3212 Πνεῦμα
3181 3143 3462 3213 δυνάμεως
3499 3144 3731 3198 ἐνώπιόν
3750 3164 3859 3214 μον,

614 3237 905 3306 pugnantis
937 3254 949 3290 :
981 3235 1165 3302 Stetit,
1201 3236 1297 3303 ait,
1329 3237 1559 3306 spiritus
1585 3238 1869 3308 angelicus
1908 3248 2034 3291 ante
2083 3254 2192 3304 me,

616 3329 849 3398 ignitum
877 3329 1096 3398 globum
1127 3338 1357 3384 tenens:
1391 3344 1587 3397 meque
1622 3329 1878 3383 ardenter
1913 3337 2193 3398 precante,

611 3420 846 3491 projecit
878 3421 931 3474 in
958 3430 1124 3490 caput
1157 3421 1403 3484 barbari,
1428 3430 1484 3474 et
1513 3420 1661 3474 dicto
1684 3421 1851 3475 citius
1872 3421 2193 3490 iactantiam

612 3513 763 3568 illius
799 3513 1081 3581 repressit.
1110 3513 1185 3566 De
1242 3520 1442 3566 caetero
1492 3512 1682 3581 igitur,
1744 3510 1839 3564 ﬁlii
1886 3527 1950 3565 ac
2000 3512 2195 3566 fratres

614 3606 744 3669 mei,
777 3605 979 3660 hilares
1000 3613 1209 3670 estote;
1244 3604 1505 3674 quoniam
1537 3620 1567 3659 a
1599 3605 1712 3659 Deo
1745 3604 1910 3659 hodie
1967 3605 2193 3659 libertas

611 3696 824 3754 Orienti
862 3697 1076 3768 reddita
1107 3704 1211 3751 est.
1259 3696 1385 3751 llaec
1413 3696 1582 3751 aviro
1617 3696 1712 3751 Dei
1756 3696 1902 3750 dicta
1949 3695 2189 3761 fuerant,

611 3804 737 3843 cum
769 3786 1109 3857 interpositis
1142 3786 1345 3841 diebus
1374 3786 1624 3856 pauculis
1660 3787 1857 3840 allatus
1893 3794 1978 3841 est
1998 3786 2191 3841 Antio-

611 3880 735 3935 chia
763 3880 974 3935 faustus
993 3879 1253 3961 nuntius:
1290 3894 1455 3948 quem
1488 3878 1743 3948 discipuli
1770 3895 1895 3933 cum
1925 3879 2188 3933 vaticinio

613 3970 903 4041 Symeonis
915 3971 1288 4034 conferentes,
1312 3980 1701 4040 compererunt
1715 3970 1907 4025 eodem
1924 3981 2189 4041 tempore,

609 4075 722 4114 non
748 4060 908 4114 modo
932 4060 1065 4123 diei,
1094 4060 1190 4115 sed
1223 4061 1385 4115 etiam
1415 4061 1587 4125 bone,
1617 4077 1726 4131 quo
1754 4062 2021 4131 praedicta
2069 4062 2190 4117 fue-

613 4159 757 4215 rant,
790 4152 880 4207 illa
910 4152 1229 4223 contigisse.
1260 4152 1468 4209 Deinde
1502 4154 1707 4208 milites
1752 4169 1971 4223 quoque
1998 4169 2028 4207 e
2054 4169 2189 4208 con-

612 4241 766 4297 ﬂictu
791 4242 857 4297 ad
887 4243 1065 4312 ipsum
1101 4253 1395 4305 venerunt.
1430 4260 1552 4313 qua:
1577 4244 1644 4298 de
1690 4244 1827 4298 colle
1882 4259 1946 4297 ac
1988 4244 2190 4300 Barba-

610 4348 797 4387 rorum
820 4334 1108 4388 invasione
1136 4334 1299 4389 modo
1323 4334 1581 4397 diximus,
1617 4334 2034 4402 conﬁrmantes;
2080 4338 2191 4393 imo

606 4424 775 4478 etiam
805 4425 1238 4495 dicentequuod
1260 4427 1617 4496 conspicuum
1649 4441 1679 4480 a
1725 4427 1835 4481 Deo
1881 4428 2188 4483 subsidium

2301 3236 2471 3308 πυρδ;
2502 3239 2737 3307 σφαῖραν
2766 3236 3104 3306 διακατέχον·
3136 3238 3229 3289 καὶ
3257 3235 3477 3305 θερμῶς
3508 3238 3642 3307 ἐμοῦ
3665 3240 3859 3308 δεηθέν-

2297 3346 2411 3393 τος,
2438 3327 2659 3398 ἔρριψεν
2690 3328 2860 3397 αὐτὴν
2903 3328 2995 3379 ἐπὶ
3040 3326 3283 3397 κεφαλὴν
3317 3328 3508 3390 αὐτοῦ,
3553 3332 3647 3381 καὶ
3684 3329 3857 3381 αὐτίκα

2296 3418 2390 3471 τὸν
2426 3417 2661 3480 ἀλαζόνα
2694 3416 3119 3486 καταϐεϐλήκει.
3155 3418 3423 3487 Εὑθυμεῖν
3447 3419 3735 3488 τοιγαροῦν
3765 3420 3856 3470 λοι·

2297 3509 2419 3575 πὸν,
2449 3502 2493 3561 ὦ
2523 3508 2686 3562 τέκνα
2718 3510 2813 3562 καὶ
2840 3509 3080 3577 ἀδελφοὶ,
3113 3510 3187 3570 ὡς
3211 3514 3274 3578 τῇ
3304 3512 3439 3579 πρὸς
3465 3511 3541 3563 Em
3570 3513 3717 3581 παρᾶ
3739 3510 3853 3564 Θεοῦ

2298 3603 2540 3672 σήμερον
2586 3602 2899 3669 ἐλευθερίας
2933 3605 3329 3675 γεγενημένης.
3376 3605 3579 3675 Εἴρητο
3613 3606 3689 3676 τῷ
3720 3605 3852 3675 ἀνδρὶ

2293 3694 2490 3757 ταῦτα,
2522 3696 2617 3747 καὶ
2649 3694 2845 3762 ὀλίγων
2876 3696 3101 3763 ἡμερῶν
3131 3696 3261 3747 εἵσω
3292 3697 3605 3763 ἀφικνεῖται
3646 3702 3706 3765 τῇ
3749 3697 3850 3747 Ἀν·

2296 3787 2508 3858 τιοχείᾳ
2552 3786 2619 3839 τὰ
2647 3785 2962 3854 εὐαγγέλια,
3004 3786 3039 3840 ἃ.
3063 3789 3174 3849 τοῖς
3200 3787 3302 3839 ὑπὸ
3334 3787 3429 3840 τοῦ
3468 3788 3616 3840 ὁσίου
3657 3789 3852 3857 Συμεὼν

2295 3876 2609 3948 εἰρημένοις
2658 3877 2707 3929 οἱ
2754 3877 2880 3946 περὶ
2912 3877 3072 3929 αὑτὸν
3106 3877 3497 3945 συμϐαλόντες,
3541 3872 3691 3948 εὗρον
3730 3880 3851 3931 uti

2294 3968 2507 4032 ταυτὸν,
2543 3970 2604 4022 οὐ
2642 3968 2738 4039 τὴν
2769 3968 2982 4038 ἡμέραν
3031 3968 3212 4037 μόνον,
3246 3969 3385 4022 ἀλλὰ
3426 3971 3522 4022 καὶ
3550 3972 3714 4040 ὤραν,
3747 3973 3849 4022 zz"

2292 4062 2360 4132 ἢν
2413 4060 2583 4115 ταῦτα
2637 4062 2982 4132 προειρήκει,
3024 4062 3388 4131 γεγενημένα.
3434 4063 3662 4116 Ἔπειτα
3690 4065 3845 4132 μέντα

2296 4154 2392 4207 καὶ
2425 4153 2753 4225 στρατιῶται
2790 4154 2923 4224 παρ’
2944 4154 3106 4208 αὑτὸν
3132 4155 3195 4207 ἐκ
3224 4154 3317 4207 τού
3356 4155 3595 4224 πολέμου
3628 4157 3842 4224 φοιτῶν,

2294 4247 2363 4300 τά
2395 4264 2455 4299 τε
2494 4247 2624 4316 περὶ
2650 4246 2744 4299 τοῦ
2779 4246 2937 4316 λόγου
2964 4246 3059 4299 καὶ
3086 4247 3183 4317 τῆς
3211 4248 3319 4299 τῶν
3350 4248 3641 4318 βαρϐάρων
3668 4248 3842 4315 συμϐοο

2294 4337 2397 4407 λῆς
2422 4335 2877 4405 ἀπαγγέλλοντες,
2907 4338 3001 4390 καὶ
3029 4338 3111 4390 ὅτι
3139 4339 3380 4407 φανερᾶς
3408 4336 3621 4407 τύχοιεν
3649 4339 3705 4389 ἐκ
3728 4333 3840 4388 Θεοῦ

2300 4430 2471 4502 ῥοπῆς
2526 4431 2663 4501 πρὸς
2716 4430 2816 4501 τὴν
2854 4430 2949 4484 τοῦ
3007 4430 3283 4501 βαρϐάρου
3325 4430 3703 4501 καταστροφὴν
3746 4429 3841 4487 ταῖς

610 4516 677 4571 ad
748 4517 1075 4572 cvertendos
1139 4518 1324 4573 hostes
1374 4518 1519 4573 nacti
1578 4518 1809 4573 fuissent
1859 4535 1957 4588 per
2014 4522 2184 4577 sancti

2298 4518 2503 4571 ἐκείνου
2539 4519 2879 4589 πρεσϐείαις,
2914 4519 2963 4573 οἲ
2994 4520 3088 4571 καὶ
3121 4519 3467 4590 παρέμειναν
3500 4520 3648 4590 αὐτῷ
3669 4520 3747 4572 διὰ
3775 4521 3841 4569 τέ-

608 4607 895 4678 Symeonis
920 4608 1371 4663 intercessionem
1397 4608 1513 4663 :cui
1541 4608 1642 4677 ipsi
1675 4624 1893 4677 quoque
1924 4609 1991 4663 ad
2017 4626 2191 4680 usque

608 4699 904 4753 terminum
947 4701 1074 4754 vita:
1127 4700 1500 4765 adhaeserunt,
1556 4716 1613 4754 se
1667 4700 1813 4770 ipsos
1844 4703 2196 4771 gratitudinis

604 4806 737 4861 ergo
771 4808 870 4861 pro
906 4792 1141 4845 obtenta
1174 4793 1352 4846 salute
1385 4794 1703 4847 olferentes.

677 4882 799 4938 195.
828 4883 1205 4938 Antiochenus
1225 4883 1470 4953 quidam,
1500 4884 1587 4939 cui
1614 4883 1941 4940 Theodorus
1966 4900 2190 4950 nomen,

606 4989 641 5028 a
673 4974 988 5043 pernicioso
1032 4974 1281 5030 daemone
1331 4973 1596 5039 insessus,
1649 4991 1772 5030 cum
1830 4976 1896 5031 ad
1940 4984 2191 5031 sanctum

686 5110 731 5141 ³⁸
766 5112 933 5166 Amos
966 5128 1022 5174 ιι,
1065 5114 1119 5166 9.

675 5218 787 5291 (50)
806 5217 959 5273 Anno
987 5219 1108 5283 559,
1132 5220 1254 5273 obiit
1281 5220 1593 5286 Domninus,
1612 5222 1771 5291 juxta
1796 5222 2001 5276 tabulas
2021 5223 2185 5277 Theo~

603 5290 766 5360 phani
803 5291 1049 5353 insertas,
1085 5307 1203 5343 cum
1233 5292 1528 5360 praefuisset
1564 5290 1732 5346 annos
1765 5293 1969 5357 M;scd
1997 5295 2187 5346 harum

604 5360 926 5433 tabularum
951 5376 1114 5433 quam
1141 5364 1210 5414 sit
1238 5362 1440 5415 incerta
1469 5361 1600 5430 ﬁdes
1621 5363 1855 5416 diximus
1881 5365 1934 5417 in
1962 5363 2185 5433 Exegesi

609 5430 1037 5511 particular-inde
1071 5446 1129 5483 eo
1157 5440 1861 5511 argumentohantetomum
1890 5435 1923 5487 5
1961 5430 2144 5488 Martii
2168 5451 2186 5488 :

602 5500 815 5553 interim
827 5500 1353 5567 nihiloccurrit'unde
1372 5518 1445 5555 ea:
1466 5503 1547 5555 hic
1563 5504 1939 5556 convincuntur
1961 5520 2184 5569 errasse,

602 5578 652 5622 et
686 5572 1109 5641 Aordoﬁtemporis
1158 5573 1289 5625 satis
1335 5574 1557 5625 cohaeret
1594 5588 1712 5624 cum
1742 5574 1840 5626 hac
1871 5572 2007 5627 Vita.

674 5638 982 5709 (51)Notus
1035 5641 1251 5711 quidam
1286 5641 1708 5705 Alamundarus,
1760 5660 1861 5695 non
1921 5644 2177 5698 tribunus

605 5706 916 5781 Persarum,
941 5711 1033 5764 sed
1047 5706 1276 5780 regulus
1300 5712 1716 5775 Saracenorum,
1744 5715 1832 5781 qui
1868 5731 1962 5781 pro
2005 5713 2175 5767 Persis

602 5786 798 5851 contra?
821 5780 1084 5851 Romanos
1112 5781 1357 5851 militavit
1389 5781 1701 5851 temporibus
1730 5780 2041 5836 Iustiniani.
2074 5783 2175 5837 Sed

606 5845 758 5899 illum
780 5850 863 5902 hic
901 5866 1004 5904 non
1031 5850 1251 5917 intelligi
1283 5845 1786 5921 putem,'propterca
1816 5853 1953 5922 quod
1991 5866 2174 5908 auctor

2297 4608 2443 4671 λους,
2484 4607 2639 4671 ὅλους
2670 4608 2896 4673 ἑαυτοὺς
2931 4607 3199 4680 τοσαύτης
3229 4609 3565 4679 χαριστήρια
3606 4605 3839 4676 σωτηρίας

2296 4701 2776 4772 προσενεγκόντες.

2368 4852 2504 4952 ριπέν.
2580 4880 2886 4951 Ἀντιοχεύς
2938 4898 3020 4944 τις
3075 4881 3350 4952 Θεόδωρος
3393 4884 3566 4955 ὄνομα
3594 4924 3610 4947 ,
3658 4884 3839 4952 ouium:

2288 4972 2519 5043 ὀλεθρίῳ
2559 4971 3013 5042 κατειλημμένος,
3045 4974 3195 5045 παρὰ
3247 4974 3340 5027 τὸν
3372 4975 3569 5045 Ἀγιον
3612 4973 3839 5035 ἀνελθὼν,

2293 5232 2469 5277 noster
2490 5224 2771 5292 imperium
2797 5222 3088 5277 Iustiniani
3097 5223 3216 5291 jam
3241 5231 3605 5294 transgressus
3631 5226 3718 5278 sit.
3742 5224 3848 5277 Fu-

2294 5296 2361 5347 rit
2381 5310 2504 5362 ergo
2523 5295 2686 5358 alius,
2714 5294 2893 5346 eodem
2928 5309 3109 5363 revera
3140 5296 3348 5347 nomine
3372 5295 3679 5363 appellatus
3704 5313 3722 5349 :
3746 5312 3847 5345 nam

2292 5365 2347 5417 in
2381 5361 2655 5432 referenda
2701 5361 3231 5436 irrrruptione,-_Syrice
3277 5372 3325 5417 et
3362 5361 3658 5436 Antiochia:
3692 5368 3847 5436 perui-

2293 5436 2455 5491 ciosa.
2495 5436 2557 5487 de
2596 5451 2699 5503 qua
2736 5435 2818 5486 hic
2862 5434 2949 5502 agi
2973 5432 3179 5485 videtur
3213 5450 3435 5503 quisque
3461 5434 3671 5487 locatur
3693 5432 3849 5489 Baro.

2294 5505 2380 5557 nio
2411 5504 2480 5558 ad
2524 5520 2724 5558 annum
2762 5503 2886 5567 574,
2920 5519 3021 5555 non
3049 5504 3180 5556 satis
3218 5513 3427 5556 constat
3461 5506 3603 5556 inter
3630 5515 3847 5558 auctores

2284 5574 2348 5625 (te
2389 5575 2599 5627 nomine
2645 5575 2858 5643 proprio
2913 5573 3152 5643 Doctoris
3186 5572 3500 5643 Persarum
3551 5592 3570 5628 :
3609 5574 3845 5642 Euagrius

2283 5641 2704 5705 Adaarmanetn,
2752 5642 3017 5697 Ccdrenus
3048 5641 3387 5697 Artabanum
3426 5645 3722 5712 appellant.

2354 5714 2466 5782 (5'2)
2490 5713 2710 5766 Cirriter
2733 5714 2869 5766 idem
2888 5722 3088 5782 tempus
3099 5712 3335 5767 Arethas
3346 5714 3637 5782 quispiam,
3658 5714 3841 5767 .«Etltio-

2283 5800 2405 5855 pum
2436 5800 2551 5855 rex,
2579 5800 2672 5853 pro
2698 5782 2945 5855 Romanis
2966 5782 3291 5849 militaverit,
3319 5786 3382 5837 de
3405 5800 3509 5853 quo
3529 5784 3840 5855 Tampium

2283 5853 2514 5917 pluribus
2551 5871 2691 5908 anno
2717 5853 2835 5907 572.
