4032 6470
224 397 377 463 3165

1232 397 1406 458 VITA
1445 396 1494 455 A
1530 391 1970 455 NICEPHORO
2008 391 2496 453 CONSCRIPTA.

227 510 401 565 ὲῖεῖτο
426 508 591 563 αὑτοῦ
620 492 928 581 θερμότατα
965 506 1103 579 πρὸς
1144 506 1243 578 τὴν
1293 504 1455 559 ίασιν.
1487 502 1597 558 Τοῦ
1649 504 1707 558 δὲ
1734 490 1822 556 of?

1923 504 2265 567 accessisset,
2299 499 2492 555 orabat
2525 512 2689 569 quam
2720 495 3127 551 ferventissime
3180 510 3280 563 pro
3330 509 3489 550 sana-

226 600 360 653 καδε
379 600 605 668 πορείαν
626 597 772 669 αὐτῷ
793 595 1280 667 παραγγείλαντος,
1300 593 1447 647 Ἐκεῖ
1467 594 1598 663 γὰρ,
1617 594 1806 663 φησὶν,

228 695 382 765 ἡμᾶς
410 694 501 746 ἐπὶ
530 692 630 763 τῆς
681 690 875 744 ἑαυτοῦ
924 689 1114 759 κλίνης
1169 687 1627 756 ἀναπαυσάμενος
1660 687 1803 755 ὄψει,

224 784 382 837 οὐδὲν
417 782 579 836 πλέον
613 783 819 845 ἐκεῖνος
850 779 1108 851 προσθεὶς
1132 821 1146 844 ,
1201 779 1276 843 ὡς
1327 772 1473 847 εἶχεν
1516 776 1678 840 εὐθὺς
1721 779 1809 829 ὲπ-

225 874 403 945 ανῄει.
447 874 573 928 Ὅτε
604 872 783 926 τοίνυν
814 870 955 924 κατὰ
981 870 1069 923 τὸν
1094 869 1337 939 ποταμὸν
1368 868 1632 936 ἐγεγόνει,
1662 866 1809 919 ὑετοὶ

229 969 334 1039 μὲν
362 969 605 1040 ῥαγδαῖοι
626 965 1074 1039 καταρραγέντες
1109 964 1184 1035 τῷ
1212 965 1449 1018 Μέλαντι
1485 963 1666 1033 (τοῦτο
1699 962 1807 1034 γὰρ

225 1062 255 1114 6
276 1061 520 1129 ποταμὸς
544 1059 835 1127 ἐκαλεῖτο),
861 1059 921 1111 τὸ
943 1059 1154 1128 ῥεῖθρον
1177 1056 1443 1126 ηύξησαν.
1463 1055 1521 1108 Ὀ
1544 1055 1600 1108 δὲ
1615 1054 1808 1108 τοσαῦ-

229 1172 302 1208 τα
340 1154 418 1225 τῷ
455 1156 660 1224 ῥήματι
703 1152 797 1206 τοῦ
850 1152 1074 1221 Συμεὼν
1115 1150 1338 1222 θαρρεῖν
1387 1150 1547 1221 ἔχων,
1582 1150 1614 1220 ἢ
1667 1148 1809 1203 οὕτω

230 1246 436 1317 μᾶλλον
468 1245 597 1299 αὐτὸ
646 1243 889 1313 πληροῦν
937 1242 1309 1312 ἐπειγόμενος,
1342 1240 1404 1293 τὸ
1470 1240 1570 1311 μέν
1618 1259 1671 1294 τι
1721 1241 1809 1294 διὰ

228 1336 332 1405 τὴν
388 1334 607 1406 ἐντολὴν
665 1334 897 1399 ἐκείνου,
926 1332 987 1386 τὸ
1040 1333 1096 1385 δὲ
1145 1333 1395 1386 πλεῖστον
1418 1332 1683 1403 ἐπιθυμίᾳ
1712 1332 1811 1401 τῆς

232 1427 555 1498 θεραπείας,
590 1425 665 1490 ὡς
703 1425 836 1496 μηδὲ
871 1424 963 1478 τοῦ
995 1423 1246 1493 ποταμοῦ
1282 1424 1521 1494 μεγάλου
1548 1422 1767 1492 ῥυέντος
1792 1461 1809 1483 ,

235 1519 373 1591 μηδὲ
402 1520 512 1586 6ξεῖ
538 1518 839 1588 φερομένου
883 1516 962 1588 τῷ
1014 1515 1215 1588 ῥείθρῳ
1254 1514 1567 1585 φείσασθαι,
1600 1513 1813 1568 διαϐαίν

231 1630 347 1666 νειν
370 1612 529 1665 αὐτὸν
563 1611 840 1681 ἐπειρᾶτο.

309 1708 461 1775 ριιςκ
494 1702 600 1755 Καὶ
628 1703 655 1754 6
684 1701 783 1772 μὲν
815 1699 919 1753 ὑπὸ
950 1696 1043 1752 τοῦ
1082 1696 1329 1766 ποταμοῦ
1358 1697 1720 1767 παρασυρεὶς,
1745 1698 1805 1749 ὲν

233 1797 449 1867 ἐσχάτῳ
505 1794 859 1863 καθειστήκει
924 1790 1201 1862 κινδύνῳ·
1261 1792 1319 1843 ὲν
1380 1789 1554 1857 τούτῳ
1608 1788 1665 1840 δὲ
1714 1790 1813 1855 τὴν

236 1889 378 1959 πρὸς
433 1889 561 1951 τοὺς
630 1885 879 1957 μαθητὰς
933 1883 1152 1955 ὁμιλίαν
1183 1886 1210 1935 6
1261 1882 1488 1952 Συμεὼν
1544 1879 1814 1949 ἐπικύψας

238 1980 531 2050 (ἐτύγχανε
554 1978 663 2051 γὰρ
692 1978 760 2031 τὰ
793 1977 933 2049 πρὸς
961 1975 1234 2048 σωτηρίαν
1280 1974 1465 2037 αὐτοῖς
1510 1974 1817 2042 τηνικαῦτα

233 2071 663 2141 διαλεγόμενος),
696 2069 862 2138 εὐχῆς
889 2064 1312 2138 εἴχετοιμᾶλλον,
1339 2061 1457 2117 εἶτα
1488 2063 1819 2135 φαιδροτέρᾳ

231 2162 376 2234 πρὸς
404 2162 599 2223 αὐτοὺς
627 2160 747 2229 ὄψει
770 2159 837 2213 τὰ
870 2158 999 2229 περὶ
1029 2156 1124 2210 τοῦ
1160 2156 1353 2228 ἀνδρὸς
1399 2154 1639 2227 διεξῄει,
1671 2155 1818 2217 ὅπως

235 2270 298 2307 τε
353 2253 447 2308 τοῦ
496 2251 743 2323 ποταμοῦ
788 2250 988 2305 πολλοῦ
1015 2249 1230 2320 ῥέοντος
1254 2247 1549 2317 τολμήσειε
1576 2248 1675 2316 τὴν
1708 2246 1821 2300 διά-

236 2346 419 2409 ϐασιν,
455 2346 549 2399 καὶ
605 2346 755 2407 ὅπως
801 2344 963 2415 ἔργον
1003 2342 1103 2412 ήδη
1141 2341 1241 2411 τῆς
1272 2339 1482 2393 ἐκείνου
1516 2340 1689 2410 φορᾶς
1737 2354 1820 2405 γι-

234 2439 499 2507 νόμενον,
540 2436 715 2501 ἔδοξεν
772 2435 934 2498 αὐτὸς
989 2433 1286 2504 λαϐόμενος
1339 2433 1442 2500 τῆς
1498 2428 1681 2501 χειρὸς
1735 2428 1822 2497 ἐξο

238 2531 485 2583 ελκῦσαι.
528 2529 585 2582 '0
644 2528 743 2599 μὲν
801 2527 893 2581 οῦν
926 2526 962 2580 ἃ
1011 2527 1132 2579 κατ’
1181 2526 1358 2578 ἐκεῖνο
1415 2524 1517 2594 τῆς
1547 2522 1697 2592 ῶρας
1743 2519 1821 2591 τῷ

233 2624 392 2691 ἀνδρὶ
441 2622 681 2693 συμϐαίη
727 2625 839 2684 τοῖς
885 2620 1180 2691 μαθηταῖς,
1209 2619 1312 2671 ὅσα
1364 2616 1458 2670 καὶ
1500 2612 1692 2685 παρὼν
1725 2614 1822 2666 κα)⁸

238 2717 429 2786 σαφῶς
491 2717 701 2770 ἕκαστα
729 2715 890 2786 ὁρῶν,
948 2714 1196 2783 ἐξηγεῖτο
1222 2726 1239 2742 ο
1271 2712 1300 2763 6
1326 2710 1382 2762 δὲ
1433 2709 1561 2778 περὶ
1613 2708 1823 2777 λύχνων

236 2810 385 2877 ἁφὰς
417 2808 716 2871 ἀνασωθεὶς
748 2810 828 2870 εἰς
860 2806 952 2858 τὸν
975 2801 1237 2873 οἷκον,-τῇ
1267 2801 1424 2874 κλίνῃ
1453 2818 1509 2853 τε
1540 2816 1823 2870 προσανα-

237 2901 471 2966 κλιθεὶς,
501 2902 605 2972 ὁρᾷ
655 2899 995 2970 παραχρῆμα
1044 2898 1136 2950 τὸν
1183 2893 1429 2965 Συμεὼν,
1457 2892 1686 2963 φοϐερὸν
1712 2886 1823 2945 οἷον

235 2993 318 3065 τῷ
346 2993 560 3063 δαίμονι
593 2991 909 3063 προσιόντα,
934 2990 1026 3041 καί
1059 2987 1301 3058 χαλεπὰς
1332 2984 1484 3055 αὐτῷ
1549 2983 1820 3052 βασάνους

238 3087 540 3155 ἐπάγοντα.
587 3085 652 3137 ἸΙ
713 3084 809 3153 μὲν
858 3080 949 3135 οῦν
980 3079 1076 3143 νὺξ
1108 3079 1294 3145 ἐκείνη
1335 3078 1484 3130 πᾶσα
1542 3074 1744 3146 πικρόν
1770 3092 1825 3128 τι

240 3178 339 3231 καὶ
390 3176 582 3247 γοερὸν
632 3174 956 3239 ὀλολύζοντα
1010 3171 1100 3223 τὸν
1132 3169 1316 3223 ἄθλιον
1346 3165 1482 3237 εἶχε,
1512 3166 1643 3232 καὶ,
1684 3164 1823 3234 Ἤδη

238 3268 441 3338 ἔξειμι,
458 3267 705 3336 λέγοντα,
740 3267 815 3330 ὡς
831 3266 887 3318 δὲ
910 3265 1005 3318 καὶ
1021 3264 1203 3318 τέλεον
1215 3260 1543 3330 ἀπελήλατο,
1578 3257 1827 3310 ἐπάνεισι

238 3358 380 3427 πρὸς
432 3358 524 3411 τὸν
550 3359 739 3424 ’Λγιον
766 3358 794 3409 6
849 3355 1009 3427 ἀνὴρ,
1043 3355 1109 3407 τά
1137 3352 1262 3406 καθ’
1305 3351 1499 3404 ἑαυτὸν
1540 3347 1825 3416 ἀπαγγέλ-

239 3450 375 3515 λων,
399 3452 548 3514 ὅπως
574 3452 675 3505 οὐκ
708 3450 799 3503 ἐπὶ
829 3449 929 3517 τῆς
960 3448 1152 3516 κλίνης
1189 3446 1349 3517 μόνον
1387 3442 1536 3512 αύτῷ
1579 3442 1823 3511 παράδο-

241 3544 333 3611 ξος
375 3544 591 3614 ὀφθείη,
649 3542 787 3596 ἀλλὰ
842 3542 944 3594 κάν
979 3541 1056 3610 τῷ
1099 3538 1326 3607 ποταμῷ
1371 3536 1675 3606 πρότερον’
1739 3535 1825 3587 ὲν-

238 3634 418 3690 ταῦθι
479 3635 577 3705 μὲν
623 3632 862 3705 χαλεποῦ
918 3633 1172 3701 δαίμονος
1224 3627 1716 3695 άπαλλάξας,ὲκεῖ
1771 3625 1828 3679 δὲ

240 3728 628 3799 χαλεπωτέρου
658 3727 907 3780 κινδύνου
949 3725 1276 3796 ῥυσάμενος,
1304 3723 1399 3776 καὶ
1455 3722 1577 3785 δοὺς
1616 3719 1710 3772 τοῦ
1746 3721 1831 3772 αἱ-

242 3821 503 3888 τηθέντος
532 3820 683 3873 οὐδὲν
714 3815 899 3891 ἧττον,
936 3818 1018 3871 ὅτι
1042 3818 1117 3887 μὴ
1147 3815 1241 3870 καὶ
1280 3813 1483 3885 μᾶλλον
1526 3812 1587 3866 τὸ
1619 3812 1829 3881 ἀπροσ-

240 3913 494 3983 δόκητον.

1912 599 2087 654 tione.
2153 593 2421 666 Pratcepit
2478 594 2531 650 ei
2582 600 2804 649 sanctus
2863 592 3100 646 reditum
3156 590 3210 644 in
3265 590 3488 646 domum

1910 705 2097 755 suam;
2131 688 2206 742 ibi
2231 686 2399 751 enim,
2434 684 2634 754 inquit,
2662 683 2875 737 videbis
2911 699 3031 748 nos,
3066 681 3119 735 in
3168 690 3338 735 strato
3393 690 3488 734 tuo

1911 782 2221 853 quiescens.
2250 777 2363 831 Nec
2381 776 2551 831 verbo
2570 784 2771 845 prater
2791 772 3087 842 ea:addito,
3122 772 3492 826 daamoniacus

1910 873 2081 946 gradu
2123 886 2287 941 quam
2344 876 2557 939 poterat
2604 866 2871 922 citissimo
2932 864 3332 920 revertebatur.
3383 863 3490 917 Sed

1914 965 2135 1035 quando
2167 963 2232 1019 ad
2260 961 2486 1016 ﬂuvium
2522 968 2746 1014 ventum
2770 968 2907 1021 erat,
2944 954 3148 1012 imbres
3174 956 3399 1011 violenti
3436 956 3493 1009 in

1911 1058 2197 1112 Mclautcm
2257 1053 2435 1123 illapsi
2463 1051 2540 1121 (id
2602 1052 2749 1106 enim
2794 1050 2959 1104 ﬂuvio
3002 1049 3225 1115 nomen)
3278 1049 3491 1102 alveum

1910 1157 2173 1204 auxerant
2197 1146 2332 1216 (55).
2358 1143 2499 1210 Quid
2519 1143 2607 1197 hic
2634 1142 2757 1196 ille?
2792 1149 2995 1195 tantam
3025 1139 3081 1193 in
3106 1139 3291 1193 verbis
3318 1136 3493 1191 sancti

1913 1239 2109 1294 habuit
2148 1237 2425 1301 fiduciam,
2461 1242 2556 1288 aut
2591 1233 2776 1303 potius
2814 1239 3105 1300 tantopere
3161 1227 3495 1283 acceleravit

1911 1330 2135 1400 exsequi
2167 1329 2316 1382 illius
2358 1325 2635 1389 mandata,
2687 1334 2798 1379 tum
2827 1323 2956 1393 quia
2983 1322 3097 1391 ipse
3135 1326 3492 1391 praeceperat,

1915 1433 2029 1477 tum
2058 1421 2222 1475 etiam
2247 1419 2421 1489 magis
2442 1416 2594 1489 quod
2625 1417 2872 1486 impense
2907 1421 3136 1483 cuperet
3164 1410 3343 1465 sanari
3368 1426 3382 1475 ;
3414 1419 3496 1475 ut,

1913 1513 2062 1565 nulla
2091 1510 2303 1575 ﬂuenti,
2333 1510 2462 1564 licet
2512 1518 2645 1563 tunc
2698 1505 2880 1576 magni
2940 1503 3251 1574 rapidique,
3313 1500 3499 1553 habita

1916 1605 2168 1671 ratione_’,
2206 1603 2341 1656 illud
2366 1616 2626 1671 superare
2650 1598 2963 1653 tentaverit.

1988 1696 2114 1750 196.
2149 1695 2217 1749 Et
2250 1694 2339 1748 ille
2383 1692 2609 1763 quidem
2653 1690 2894 1745 ﬂuminis
2927 1690 3133 1759 impetu
3166 1687 3407 1749 ablatus,
3439 1684 3495 1738 in

1918 1800 2230 1845 extremum
2260 1788 2389 1841 vita:
2420 1786 2719 1840 devenerat
2745 1783 3077 1853 periculum;
3103 1781 3337 1852 Symeon
3368 1793 3501 1832 vero

1846 1858 1887 1911 Β
1917 1880 2112 1935 eodem
2150 1889 2397 1948 tempore
2430 1875 2626 1929 incidit
2658 1872 2895 1928 instituti
2934 1872 3078 1942 apud
3122 1872 3322 1925 fratres
3370 1882 3502 1922 ser-

1920 1973 2102 2028 monis
2128 1972 2278 2025 lilum
2309 1968 2652 2038 (conferebat
2682 1965 2829 2021 enim
2865 1974 2995 2019 tunc
3019 1979 3143 2018 cum
3182 1963 3296 2017 suis
3338 1976 3505 2030 super

1921 2064 2124 2122 salutis
2173 2062 2429 2134 negotiis)
2474 2069 2530 2115 ct
2582 2057 2816 2113 orationi
2863 2072 2921 2111 se
2952 2056 3126 2110 dedit.
3176 2055 3307 2109 Post
3340 2067 3502 2121 quam

1920 2160 2078 2214 vultu
2106 2156 2301 2212 laetiori
2336 2155 2403 2209 ad
2429 2154 2551 2209 illos
2586 2164 2906 2212 conversus,
2930 2145 3064 2217 quid
3109 2145 3228 2198 viro
3276 2144 3369 2198 illo
3394 2142 3531 2197 dae»

1920 2250 2181 2306 moniaco
2208 2247 2410 2303 factum
2444 2252 2611 2307 esset,
2650 2244 2704 2297 in
2737 2241 2979 2296 medium
3021 2237 3310 2308 produxit;
3362 2250 3505 2305 quo-

1923 2341 2087 2395 modo
2112 2339 2324 2394 scilicet
2348 2336 2499 2391 ﬂuvii
2521 2334 2734 2404 rapacis
2751 2312 3043 2386 transitum
3064 2337 3275 2383 tentare
3288 2340 3504 2391 ausum,

1917 2434 2141 2505 jamque
2167 2430 2428 2485 violentia
2459 2441 2724 2496 aquarum
2750 2424 3063 2493 abreptum,
3096 2421 3211 2489 ipse
3238 2417 3509 2488 prehensa

1924 2540 2087 2577 manu
2112 2537 2251 2592 pene
2275 2520 2549 2591 perditum
2573 2516 2857 2571 extrahere
2875 2513 2978 2569 sibi
3015 2511 3166 2566 visus
3198 2509 3413 2564 fuisset.
3438 2507 3508 2562 Et

1925 2614 2003 2668 sic
2029 2613 2120 2667 ille
2140 2610 2361 2681 quidem
2396 2608 2586 2663 eadem
2612 2607 2772 2670 hora,
2798 2619 2920 2674 qua:
2947 2601 3158 2657 homini
3189 2606 3507 2659 evenerant,

1924 2703 2081 2776 quasi
2114 2717 2299 2757 coram
2322 2709 2378 2755 et
2401 2699 2689 2769 perspicue
2717 2695 2968 2757 vidisset,
3001 2691 3303 2748 enarrabat
3339 2687 3511 2742 disci-

1924 2795 2107 2867 pulis:
2155 2793 2321 2847 homo
2363 2805 2496 2846 vero
2531 2790 2645 2858 ipse
2690 2787 2794 2842 sub
2852 2786 3078 2853 tempusi
3123 2798 3234 2852 quo
3283 2777 3511 2834 accendi

1924 2888 2169 2943 lucerna:
2195 2886 2395 2947 solent,
2434 2882 2661 2937 domum
2692 2894 2847 2934 suam
2880 2877 3066 2933 salvus
3089 2885 3253 2944 atque
3300 2872 3514 2929 incolu-

1927 2981 2033 3035 mis
2056 2978 2344 3051 pertingit,
2391 2974 2803 3041 rcclinatusque
2864 2969 2920 3023 in
2982 2969 3185 3023 lectum
3242 2965 3515 3035 conspicit

1928 3090 2053 3129 mox
2074 3080 2325 3127 sanctum
2347 3068 2699 3139 Symeonem,
2718 3061 2948 3117 daemoni
2970 3060 3267 3114 admodum
3295 3057 3517 3111 terribi-

1929 3167 2060 3229 lem,
2092 3159 2354 3216 advenire
2379 3169 2435 3212 et
2456 3155 2842 3211 acerbissimos
2874 3152 2951 3206 illi
2980 3148 3511 3212 cruciatusinlerrc;

1934 3256 2121 3326 itaque
2163 3263 2334 3308 totam
2370 3249 2541 3312 illam,
2576 3254 2779 3317 quanta
2806 3252 2911 3307 est,
2950 3249 3169 3297 noctem
3200 3240 3404 3294 acerbo
3450 3254 3516 3293 ac

1933 3347 2101 3404 ﬂebili
2128 3360 2250 3400 eum
2287 3343 2493 3414 eiulatu
2522 3339 2834 3408 transigens
2862 3334 3073 3397 infelix,
3100 3332 3513 3403 Jamegredior,

1935 3434 2230 3493 clamabat.
2285 3434 2543 3487 Dzemone
2596 3435 2780 3481 autem
2830 3423 3073 3495 perfecte
3132 3423 3311 3493 ejecto
3372 3420 3517 3474 redit

1933 3530 2101 3584 homo
2152 3528 2265 3597 jam
2296 3524 2537 3582 libenter
2578 3517 2644 3572 ad
2704 3526 2980 3575 sanctum,
3027 3513 3351 3568 renuntians
3397 3526 3519 3579 qua:

1936 3623 2043 3680 sibi
2067 3619 2411 3682 acciderant;
2449 3613 2730 3685 quomodo
2757 3610 2969 3665 scilicet
3002 3608 3107 3663 sibi
3149 3619 3372 3660 sanetus
3417 3619 3517 3671 ap-

1934 3720 2215 3786 paruerat,
2280 3725 2390 3764 non
2423 3706 2588 3761 modo
2639 3700 2991 3760 decumbenti
3026 3698 3079 3751 in
3131 3698 3296 3758 lecto,
3327 3707 3518 3748 verum

1936 3816 2095 3863 antea
2121 3803 2288 3859 etiam
2334 3798 2665 3870 periclitanti
2707 3797 2761 3850 in
2810 3792 3007 3857 ﬂuvio;
3054 3787 3333 3859 quomodo
3391 3786 3515 3839 istic

1937 3913 2160 3969 gravem
2225 3892 2621 3949 cxterminarat
2694 3888 3042 3947 darmonem,
3107 3880 3198 3934 bic
3278 3874 3516 3947 graviori

247 4005 416 4059 etiam
459 4003 811 4058 subduxisset
840 3999 1144 4057 discrimini
1176 3998 1610 4067 contulissetque
1647 3992 1978 4049 beneﬁcium
2010 4005 2124 4045 non
2164 3985 2418 4049 inferius,
2467 3996 2631 4053 quam
2682 3977 2827 4049 quod
2862 3975 3115 4046 petierat.
3158 3980 3521 4040 pratlerquam

245 4096 397 4167 quod
432 4097 602 4165 magis
628 4104 775 4150 esset
813 4094 1269 4162 inexspectatum.

318 4190 459 4262 911C.
506 4189 876 4261 Κοιμωμένων
931 4186 1176 4255 ἀδελφῶν
1230 4186 1289 4237 ὲν
1346 4180 1504 4253 ἀγρῷ
1560 4197 1691 4234 ποτε
1723 4178 1824 4249 τῆς

249 4283 555 4352 κατωτέρω
592 4282 780 4351 μονῆς,
813 4279 1016 4349 ἐτέρων
1043 4278 1098 4330 δὲ
1129 4277 1302 4346 μέσας
1334 4274 1539 4336 νύκτας
1564 4271 1823 4342 ἐξομολο-

246 4374 525 4445 γήσασθαι
576 4371 694 4443 Θεῷ
752 4372 880 4443 περὶ
932 4371 1022 4424 τὸν
1090 4367 1316 4440 Συμεὼν
1374 4365 1823 4436 ἀθροισθέντων,

257 4468 445 4537 Ὀρᾷν,
477 4468 659 4537 φησὶν,
694 4464 935 4528 ἐδόκουν,
981 4464 1185 4524 ἐκεῖνος
1207 4458 1569 4530 λεοπάρδαλιν
1591 4455 1829 4528 ἐξορμη-

248 4559 433 4613 θεῖσαν
462 4557 555 4610 τοῦ
592 4554 801 4626 φωλεοῦ
822 4597 835 4617 ,
867 4556 963 4609 καὶ
1008 4553 1143 4623 πρὸς
1191 4549 1435 4620 κεφαλῆς
1481 4548 1600 4611 ἑνὸς
1635 4547 1745 4600 τῶν
1771 4548 1830 4599 ὲν

247 4650 406 4721 ἀγρῷ
435 4648 680 4717 ἀδελφῶν
704 4646 1041 4717 ἐφεστῶσαν,
1070 4643 1211 4697 ὥστε
1241 4641 1695 4711 διασπασαμένην
1730 4638 1830 4691 αὐ-

246 4741 364 4804 τὸν,
390 4738 484 4791 τοῦ
514 4739 747 4809 αἵματος
794 4734 1176 4808 ἐμφορηθῆναι
1207 4734 1301 4787 καὶ
1319 4732 1428 4785 τῶν
1454 4729 1698 4801 σαρκῶν,
1739 4729 1834 4781 καὶ

246 4832 323 4894 ὡς
351 4830 462 4900 ἐγὼ
489 4832 561 4884 δι’
588 4830 757 4901 εὐχῆς
798 4830 940 4899 εἴην,
967 4826 1255 4881 ἀποσοϐῶν
1293 4825 1355 4878 τὸ
1407 4822 1616 4894 θηρίον.
1648 4820 1835 4875 Ταῦτα

244 4924 328 4997 τῷ
378 4925 476 4994 μὲν
521 4922 770 4995 Συμεὼν,
800 4923 1049 4992 διήγημα
1082 4919 1218 4991 πρὸς
1266 4918 1392 4980 τοὺς
1432 4913 1680 4987 μαθητάς
1710 4907 1778 4983 ἦν
1816 4927 1831 4943 ο

248 5017 486 5073 ἐτελεῖτο
557 5016 615 5069 δὲ
661 5017 741 5078 είς
776 5015 935 5085 ἔργον
978 5012 1057 5084 τῷ
1092 5009 1445 5081 κοιμωμένῳ,
1478 5007 1572 5060 καὶ
1625 5005 1835 5058 διυπνι-

251 5107 423 5173 σθεὶς,
450 5107 553 5178 ὁρᾷ
576 5108 712 5176 πρὸς
739 5106 986 5176 κεφαλῆς
1021 5105 1082 5157 τὸ
1110 5103 1317 5173 θηρίον.
1344 5101 1457 5154 Οὐκ
1486 5098 1623 5168 ἔχων
1649 5096 1830 5149 τοίνυν

246 5199 277 5251 ὃ
311 5213 362 5253 τι
407 5199 500 5250 καὶ
529 5198 717 5269 δράσει
746 5197 823 5269 τῷ
854 5197 1035 5268 ἀθρόῳ
1064 5194 1158 5249 τοῦ
1194 5192 1446 5247 κινδύνου
1472 5191 1568 5245 καὶ
1596 5189 1836 5261 παρ’,ὲλ-

247 5288 402 5355 πίδα,
432 5289 532 5361 τὴν
580 5290 798 5361 ἕτοιμον
852 5290 1052 5343 αὐτίκα
1095 5288 1189 5341 καὶ
1245 5286 1455 5356 ἄμαχον
1495 5283 1748 5353 δύναμιν,
1774 5281 1837 5335 τὸ

247 5378 344 5432 τοῦ
392 5379 538 5433 θείου
590 5380 817 5450 Συμεὼν
864 5380 1056 5449 ὄνομα,
1088 5379 1184 5431 καὶ
1225 5376 1323 5447 τὴν
1352 5374 1563 5429 ἐκεῖθεν
1613 5390 1836 5443 συμμα-

248 5472 377 5543 χίαν
418 5473 737 5531 ἐπεκαλεῖτο
768 5491 781 5504 ·
819 5473 877 5538 ὂς
933 5471 1083 5542 αὐτῷ
1125 5472 1219 5524 καὶ
1249 5468 1593 5539 παραχρῆμα
1622 5465 1831 5533 ὀφθεὶς,

250 5565 554 5620 ἀπελαύνει
594 5567 684 5621 τὸν
736 5566 903 5638 θῆρα.
945 5565 1004 5618 '0
1038 5564 1137 5635 μὲν
1159 5559 1253 5617 οὖν
1300 5560 1523 5629 ἁδελφὸς
1560 5558 1663 5628 ἤδη
1702 5558 1832 5627 περὶ⁹

326 5698 437 5768 (53)
474 5697 594 5758 Non
621 5698 827 5753 videtur
853 5699 950 5751 iste
987 5697 1152 5751 Melas
1176 5693 1400 5763 intelligi
1437 5692 1691 5768 possende
1734 5708 1835 5760 quo

255 5760 479 5838 ad‘ca'p.
515 5769 569 5835 9,
595 5770 647 5822 in
683 5778 869 5823 annot.
902 5777 1079 5837 utpote
1112 5768 1268 5819 nimis
1306 5760 1571 5838 remotus._
1592 5760 1835 5816 Fuerunt

256 5855 322 5893 ac
370 5835 709 5896 recensentur
743 5839 920 5909 plures
963 5835 1115 5893 istius
1160 5837 1383 5891 nominis
1427 5835 1611 5904 ﬂuvii;
1673 5840 1836 5903 potest

1934 4180 1956 4203 ‘
2007 4174 2133 4230 197.
2168 4166 2583 4226 Dormientibus
2621 4159 2919 4232 aliquando
2963 4157 3230 4213 fratribus
3290 4152 3523 4209 inferio-

1933 4268 2009 4323 ris
2041 4261 2357 4320 monasterii
2373 4261 2426 4315 in
2443 4256 2713 4329 agrodum
2735 4251 2919 4309 caeteri
2935 4251 3036 4306 sub
3051 4258 3267 4303 noctem
3285 4244 3520 4299 mediam

1934 4362 2271 4414 cumsancto
2296 4355 2566 4425 Symeone
2599 4349 2668 4403 ad
2704 4342 3079 4401 confitendum
3125 4338 3358 4395 Domino
3385 4352 3521 4391 con-

1934 4449 2243 4505 venissent:
2260 4444 2517 4508 Videbar,
2542 4439 2720 4509 inquit
2738 4447 2980 4502 sanctus,
3000 4433 3187 4488 videre
3200 4428 3521 4499 leopardum

1937 4555 1967 4595 e
2003 4539 2203 4608 spelzeo
2245 4549 2346 4589 suo
2376 4543 2755 4602 prorumpere,
2799 4536 2857 4580 et
2880 4523 3046 4594 capiti
3083 4520 3248 4575 unius
3277 4534 3307 4573 e
3334 4518 3521 4571 fratri-

1856 4598 1909 4658 D
1936 4598 2047 4685 bus
2082 4629 2136 4682 in
2164 4642 2295 4697 agro
2321 4598 2518 4678 infeste
2548 4619 2868 4683 imminere;
2909 4624 3021 4669 tum
3064 4611 3234 4668 veluti
3256 4609 3523 4664 dilaniare

1938 4739 2003 4777 ac
2022 4719 2259 4777 saturari
2276 4711 2878 4788 sanguineetcarnibus
2893 4709 3040 4764 illius
3060 4725 3075 4773 ;
3092 4705 3329 4773 denique
3351 4699 3524 4771 preci-

1930 4817 2035 4871 bus
2053 4812 2191 4867 meis
2206 4809 2380 4866 arceri
2410 4807 2671 4862 belluam.
2706 4803 2854 4857 Talis
2875 4808 2995 4855 erat
3019 4795 3262 4852 narratio
3296 4793 3523 4863 Symeo-

1930 4907 2038 4971 nis,
2066 4903 2209 4975 apud
2239 4897 2846 4971 discipulosinstituta:
2879 4909 2969 4947 res
2994 4892 3109 4961 ipsa
3135 4902 3266 4943 vero
3293 4886 3371 4941 sic
3390 4897 3520 4954 age-

1932 5000 2095 5055 batur
2122 5012 2245 5052 cum
2265 4992 2594 5056 dormiente,
2622 4989 2717 5059 qui
2748 4984 3186 5056 expergefactus,
3211 4978 3521 5050 deprehen-

1936 5093 2018 5148 dit
2045 5090 2114 5146 ad
2144 5096 2486 5159 caputsuum
2506 5084 2700 5139 feratn.
2724 5082 2951 5153 Ignarus
2973 5085 3155 5133 autem
3186 5073 3319 5145 quid
3334 5085 3520 5126 rerum

1938 5183 2193 5258 ageretin
2214 5192 2323 5237 tam
2340 5178 2630 5249 repentino
2645 5176 2950 5245 desperatae
2988 5170 3187 5227 salutis
3225 5165 3517 5237 periculo;

1945 5278 2206 5333 inclamat
2237 5281 2483 5344 paratam
2514 5269 2666 5325 illico
2709 5275 2765 5322 et
2807 5261 3288 5335 inexpugnabilem
3329 5265 3518 5326 poten-

1943 5369 2075 5423 tiam
2096 5366 2270 5422 sancti
2292 5361 2582 5436 Symeonis
2604 5365 2897 5424 nomen,ct
2921 5353 3064 5425 quod
3108 5348 3370 5419 consequi
3394 5346 3522 5400 inde

1942 5464 2083 5519 solet
2128 5458 2467 5515 subsidium:
2487 5454 2581 5525 qui
2607 5438 2872 5508 continuo
2900 5445 3154 5518 apparuit
3174 5438 3519 5503 inclamanti,

1939 5564 1996 5610 et
2025 5553 2260 5608 belluam
2293 5549 2494 5621 abegit.
2518 5547 2707 5603 Frater
2730 5543 2894 5615 igitur
2916 5542 3022 5595 iste
3058 5535 3303 5593 diluculo
3328 5546 3524 5587 versus

1945 5690 2104 5829 abiFin
2134 5685 2412 5757 ignobilior
2450 5683 2665 5755 quidam
2697 5697 2801 5736 non
2830 5674 3065 5749 procula
3099 5679 3272 5727 monte
3292 5667 3523 5725 Mirabili

1946 5778 1976 5813 α
2038 5774 2188 5813 uisse.
2524 5784 2527 5791 ·

1946 5774 2188 5813 αοιυιδδιθ.
2524 5784 2527 5791 ·

3347 382 3488 449 3166
3585 384 3597 397 “
