4032 6478
585 372 721 433 3ζ67

1790 371 1850 430 S.
1890 367 2269 431 SYMEONIS
2304 366 2668 429 JUNIORIS

3703 356 3832 422 3168

585 481 897 537 columnam
943 480 1215 546 ascendit,
1259 478 1626 534 admiratione
1678 477 1896 548 plenus,
1940 491 2167 532 narrans

2273 474 2470 546 ὄρθρον
2503 472 2674 542 ἀνέϐη
2728 469 2879 541 παρὰ
2921 468 3010 521 τὸν
3062 466 3275 530 στύλον,
3311 466 3593 536 θαύματος
3639 465 3831 535 γέμων,

587 588 714 628 cum
747 580 995 643 stupore,
1020 587 1143 641 quae
1164 570 1394 626 vidisset
1418 589 1431 625 :
1460 569 1559 627 sed
1591 570 1798 640 reperit
1817 570 1955 623 alios
1975 568 2165 638 majori

586 672 813 734 stupore
872 663 1196 733 completos,
1255 661 1402 733 quod
1457 662 1586 733 ipsi,
1635 675 1759 730 qua:
1818 659 1965 715 circa
2014 657 2169 711 illum

586 763 737 826 gesta
768 753 1009 818 fuerant,
1031 754 1145 824 jam
1174 763 1492 807 narrassent
1528 752 1673 806 inter
1701 766 1781 815 se,
1813 749 2041 804 alterius
2073 747 2171 801 ad-

587 857 813 902 ventum
841 855 1256 917 praevertentes.
1293 845 1370 900 Ita
1415 845 1637 899 divinus
1681 842 1938 914 Symeon,
1969 840 2171 897 crassi-

590 938 717 992 tiem
755 952 974 991 omnem
1006 937 1466 1004 all‘eetionemque
1492 934 1828 989 materialem
1862 943 2169 1002 transgres-

587 1045 701 1093 sus,
736 1028 1029 1099 bealisque
1056 1028 1164 1082 illis
1199 1028 1480 1082 mentibus
1510 1041 1568 1080 se
1599 1026 1827 1095 pr0pius
1865 1023 2169 1094 adjungens

584 1134 749 1195 atque
773 1139 936 1180 utens
970 1123 1339 1189 familiariter,
1392 1124 1561 1176 multa
1600 1130 1714 1175 tum
1754 1119 1939 1173 futura
1969 1118 2169 1188 prmvi-

586 1217 688 1281 dit.
718 1227 833 1272 tum
850 1217 1011 1286 longe
1036 1231 1066 1269 a
1086 1230 1143 1270 se
1174 1224 1380 1269 remota
1402 1212 1571 1267 veluti
1596 1210 1886 1280 praesentia
1906 1210 2166 1280 inspexit.

585 1309 692 1365 Sed
724 1317 942 1377 tempus
978 1313 1063 1362 est
1094 1306 1163 1361 ad
1210 1307 1316 1361 alia
1360 1304 1701 1360 transeundi.

664 1399 782 1454 I98.
822 1399 919 1452 Vir
952 1390 1175 1468 quidam
1203 1412 1234 1451 e
1257 1410 1490 1451 numero
1526 1395 1744 1449 illorum
1783 1393 1878 1464 qui
1910 1409 2012 1463 pro
2038 1392 2171 1449 aedi-

586 1488 732 1543 ﬁciis
776 1488 1019 1542 civitatis
1047 1487 1260 1555 lapides
1302 1486 1538 1549 caedunt,
1582 1484 1721 1538 mala
1757 1483 2024 1539 daemonis
2049 1494 2181 1545 arte,

584 1580 871 1634 mutilatus
901 1579 1127 1633 sinistro
1156 1578 1339 1643 oculo,
1374 1575 1631 1631 mercede
1657 1590 1822 1645 quam
1854 1589 1956 1644 pro
1981 1572 2168 1627 labore

583 1688 845 1727 manuum
861 1671 1161 1740 accepisset
1189 1669 1508 1740 privabatur
1532 1677 1880 1723 :eratautem
1901 1666 2166 1737 singulari

583 1764 639 1819 in
677 1773 927 1820 sanctum
956 1764 1154 1818 fiducia
1181 1764 1591 1828 corroboratus,
1625 1772 1820 1818 caetera
1854 1761 2045 1833 pingui
2079 1762 2167 1815 in-

2271 566 2367 621 καὶ
2400 567 2496 620 σὺν
2540 563 2801 633 ἐκπλήξει
2840 560 3228 631 ἀφηγούμενος
3256 558 3402 631 ἅπερ
3434 558 3537 612 ἴδοι
3556 574 3572 591 ο
3603 558 3834 627 εὑρίσκει

2269 659 2326 712 δὲ
2346 658 2473 722 τοὺς
2500 658 2721 720 λοιποὺς
2751 656 2957 727 μείζονι
2989 652 3190 724 θάμϐει
3212 651 3708 722 κατειλημμένους,
3730 652 3835 721 ὅσῳ

2268 750 2336 803 τὰ
2369 751 2447 815 εἰς
2476 749 2636 803 αὑτὸν
2666 748 2929 817 γεγονότα
2963 746 3259 816 φθάνοντες
3306 744 3510 815 μᾶλλον
3573 743 3724 795 αὐτοὶ
3755 742 3835 796 δι-

2278 842 2529 914 εξῄεσαν.
2554 840 2741 904 Οὕτως
2759 842 2788 894 6
2812 841 2952 905 θεῖος
2976 837 3203 909 Συμεὼν
3232 837 3525 908 παχύτητα
3554 837 3728 889 πᾶσαν
3751 838 3837 889 καὶ

2272 936 2456 1005 σχέσιν
2517 933 2706 1005 ὑλικὴν
2748 932 3123 1004 ὑπεραναὸἀς,
3155 933 3222 1001 τῇ
3270 946 3333 983 τε
3392 928 3645 1000 μακαρία
3686 928 3835 997 φύσει

2271 1025 2465 1078 ἐαυτὸν
2503 1024 2580 1087 ὡς
2613 1025 2741 1094 ἐνῆν
2782 1024 3026 1093 συνάψας
3056 1022 3153 1076 καὶ
3192 1020 3485 1085 οἰκειώσας
3505 1061 3522 1085 ,
3557 1020 3721 1073 πολλά
3752 1022 3838 1073 καὶ

2270 1116 2377 1169 τῶν
2431 1115 2731 1186 μελλόντων
2787 1115 3141 1186 προϐλέπειν,
3168 1114 3279 1167 τῶν
3336 1130 3398 1166 τε
3438 1112 3549 1166 ἀπὸ
3581 1110 3838 1183 μακρόθεν

2268 1208 2453 1280 διορᾷν
2477 1208 2551 1271 ὠς
2579 1208 2823 1278 παρόντα
2854 1207 3073 1277 ἠξίωτο.
3105 1206 3244 1275 Ὥρα
3270 1206 3327 1258 δέ
3357 1205 3458 1275 ήδη
3492 1204 3591 1257 καὶ
3622 1204 3753 1274 πρὸς
3776 1206 3839 1255 τὲ

2270 1299 2397 1370 ἐξῆς
2432 1299 2754 1368 μεταϐῆναι.

2343 1390 2487 1463 ρὶιηε
2528 1392 2691 1460 Ἀνήρ
2739 1408 2824 1455 τις
2874 1390 2982 1442 τῶν
3016 1390 3073 1440 ὲν
3096 1391 3216 1451 ταῖς
3243 1387 3557 1456 οἰκοδομαῖς
3600 1388 3696 1457 τῆς
3744 1387 3840 1441 πό-

2267 1484 2405 1547 λεως
2432 1481 2830 1552 λατομούντων,
2860 1482 2953 1535 τὸν
2984 1479 3263 1550 εὐώνυμον
3291 1479 3571 1550 ὀφθαλμὸν
3598 1479 3843 1550 δαίμονος

2269 1578 2505 1649 ἐπηρείᾳ
2536 1577 2962 1650 πεπηρωμένος,
2992 1577 3052 1631 τὸ
3086 1576 3349 1647 μίσθωμα
3392 1575 3485 1629 τοῦ
3514 1576 3624 1629 τῶν
3652 1576 3844 1647 χειρῶν

2270 1671 2430 1725 πόνου
2456 1671 2813 1743 διασεσύλητο
2834 1688 2849 1703 ο
2881 1671 2939 1735 ὃς
2966 1671 3036 1724 τά
3069 1670 3169 1741 μὲν
3190 1670 3328 1725 ἄλλα
3350 1672 3529 1741 παχὺς
3550 1666 3619 1739 ἦν
3646 1687 3729 1733 τις
3753 1670 3843 1723 καὶ

2268 1765 2577 1834 ἀγροικίας,
2602 1766 2701 1837 τὴν
2750 1764 2809 1817 δέ
2842 1766 2980 1835 πρὸς
3014 1765 3105 1818 τὸν
3134 1766 3328 1832 Ἀγιον
3355 1765 3543 1818 πίστιν
3572 1764 3672 1817 καὶ
3709 1764 3845 1833 μάλα

583 1857 748 1927 genio
780 1865 836 1911 et
865 1856 1087 1911 rusticis
1110 1856 1379 1911 moribus.
1406 1855 1567 1910 Venit
1595 1855 1684 1909 ille
1712 1854 1781 1908 ad
1813 1824 2165 1925 Symeonem,

2273 1824 2501 1930 ερρωτο,
2536 1824 2708 1922 δὺτος
2753 1858 2831 1928 τῷ
2889 1824 3120 1929 ξυνμεὼν
3179 1824 3521 1930 προσελθὼν,
3574 1824 3744 1918 πολὺς
3781 1851 3844 1927 ἦν

582 1959 639 2004 et
679 1957 826 2004 totus
851 1949 1005 2003 humi
1036 1950 1351 2019 procidcns,
1381 1949 1631 2018 pecuniae
1662 1949 1935 2019 jacturam
1961 1947 2169 2002 lamen-

584 2040 826 2095 tabatur.
857 2040 1095 2096 Sanctus
1118 2057 1252 2097 vero
1292 2040 1527 2113 Symeon
1552 2041 1643 2095 vix
1674 2041 1893 2096 tandem
1926 2042 2166 2096 levatum

582 2132 866 2187 hominem
911 2132 1355 2203 appropinquare
1402 2134 1597 2203 jussit,
1645 2148 1881 2203 cumque
1932 2133 2168 2203 inexpu-

581 2227 801 2296 gnabile
837 2226 1017 2281 crucis
1042 2226 1341 2280 Dominicae
1371 2225 1589 2296 signum
1631 2225 1737 2295 ipsi
1767 2224 2165 2295 impressisset;

580 2317 789 2386 ejulare
833 2318 1100 2372 continuo
1131 2316 1404 2385 malignus
1448 2315 1698 2384 spiritus,
1743 2315 2022 2369 hominem
2052 2313 2168 2369 fere

581 2407 872 2471 dilaniare,
928 2422 992 2461 ac
1036 2408 1319 2477 postulare
1364 2405 1705 2461 missionem.
1755 2404 1950 2460 Statim
2000 2404 2168 2474 igitur

579 2512 709 2553 cum
732 2498 1105 2567 increpatione
1130 2496 1450 2568 expellitur,
1474 2506 1531 2552 et
1562 2513 1707 2568 aegro
1739 2496 1981 2552 hominis
2009 2496 2168 2551 oculo

578 2589 956 2659 perspicaeius
992 2605 1155 2659 quam
1187 2599 1506 2659 speraverat
1550 2590 1738 2644 lumen
1772 2588 2057 2655 redditur;
2106 2600 2169 2645 ut

580 2680 756 2734 multo
787 2680 1147 2734 excellentius
1183 2680 1391 2735 donum
1440 2688 1587 2735 esset
1616 2696 1779 2750 quam
1807 2681 2059 2752 petierat,
2101 2696 2168 2739 eo

580 2772 701 2825 fere
728 2786 838 2840 quo
863 2772 1013 2826 Sauli
1037 2773 1267 2844 contigit
1297 2773 1481 2837 modo,
1509 2773 1639 2828 licet
1670 2774 1762 2829 ille
1789 2772 1994 2845 [asinas
2019 2792 2170 2847 quaa-

584 2860 732 2933 rens]
775 2877 1005 2932 regnum
1047 2862 1384 2929 obtinuerit;
1417 2864 1669 2934 quamvis
1695 2875 1752 2919 et
1782 2865 1930 2919 oculi
1980 2866 2167 2923 lumen

583 2956 703 3025 ipso
753 2971 923 3026 regno
974 2955 1134 3027 longe
1188 2957 1546 3027 praestantius
1582 2956 1674 3011 sit.
1718 2955 1834 3013 Hoc
1879 2957 1971 3013 ille
2005 2960 2168 3015 modo

581 3049 872 3103 sanitatem
895 3059 1251 3114 consecutus,
1278 3060 1425 3104 tanta
1446 3049 1813 3105 admiratione
1833 3060 2168 3123 stnporeque

2276 1950 2487 2020 ῥίπτων
2547 1949 2692 2003 κατά
2736 1950 2843 2020 γῆς
2888 1951 3100 2015 ἐαυτὸν,
3133 1952 3229 2005 καὶ
3282 1950 3382 2021 τὴν
3423 1948 3520 2002 τοῦ
3566 1950 3842 2020 χρήματος

2272 2040 2547 2096 ἀπώλειαν
2582 2042 2929 2112 ὀδυρόμενος.
2967 2042 3025 2096 '0
3051 2042 3109 2096 δὲ
3142 2042 3295 2111 μόλις
3318 2041 3482 2095 αὑτὸν
3514 2042 3841 2109 ἀναστήσας,

2272 2134 2509 2204 ἐγγίζειν
2539 2134 2849 2190 ἐκέλευσεν·
2887 2134 2962 2199 ὡς
2986 2135 3043 2189 δὲ
3073 2136 3170 2189 καὶ
3196 2135 3289 2188 τὸν
3330 2136 3546 2204 ἄμαχον
3577 2132 3729 2203 αὐτῷ
3759 2132 3843 2186 καὶ

2271 2226 2600 2280 Δεσποτικδν
2647 2226 2897 2282 ἐπιϐάλοι
2954 2226 3049 2281 τοῦ
3100 2227 3333 2294 σταυροῦ
3372 2228 3567 2291 τύπον,
3590 2227 3843 2297 ἠλάλαξεν

2270 2318 2465 2373 αὐτίκα
2494 2319 2555 2372 τὸ
2590 2319 2829 2391 πνεῦμα,
2850 2319 3057 2374 καὶτὸν
3081 2319 3368 2390 ἄνθρωπον
3402 2320 3605 2391 μικροῦ
3636 2321 3843 2391 διερρή-

2270 2428 2393 2477 γνυ,
2421 2412 2513 2463 καὶ
2535 2412 2872 2482 ἀπολυθῆναι
2899 2413 3087 2466 τούτου
3124 2414 3313 2468 ἐδεῖτο.
3340 2417 3450 2468 Καὶ
3476 2415 3537 2468 τὸ
3570 2415 3673 2485 μέν
3698 2416 3844 2478 εὐθὺς

2272 2502 2593 2574 ἐπιτιμηθέν
2636 2505 3003 2559 ἀπελαύνεται
3029 2521 3043 2535 ο
3075 2506 3153 2575 τῷ
3187 2506 3244 2560 δὲ
3292 2508 3387 2560 τοῦ
3419 2508 3726 2577 πάσχοντος
3758 2510 3844 2575 όφ-

2271 2596 2461 2669 θαλμῷ
2477 2600 2724 2669 κρεῖττον
2739 2596 2817 2670 [ἢ]
2841 2600 2960 2653 κατ’
2988 2600 3181 2654 ἐλπίδα
3204 2601 3265 2653 τὸ
3287 2599 3402 2670 φῶς
3425 2602 3761 2665 ἀποδίδοται,
3780 2602 3844 2664 ὡς

2270 2686 2409 2744 εἶναι
2433 2689 2527 2743 τοῦ
2555 2690 2869 2761 αἰτηθέντος
2900 2692 3082 2761 μεῖζον
3116 2692 3265 2763 παρά
3296 2693 3429 2746 πολὺ
3468 2694 3530 2746 τὸ
3561 2694 3740 2756 δοθὲν,
3762 2695 3846 2746 καὶ

2272 2783 2547 2854 πάρεργον
2595 2784 2758 2838 αὑτὸν
2816 2785 2958 2838 κατὰ
3006 2786 3099 2838 τὸν
3141 2785 3335 2847 Σαοὺλ,
3370 2788 3417 2839 εἰ
3449 2789 3547 2840 καὶ
3575 2788 3846 2858 βασιλείαν

2269 2875 2471 2944 εὑρεῖν,
2511 2874 2626 2929 ἀλλ’
2652 2874 2931 2945 ὀφθαλμοῦ
2960 2876 3099 2945 φῶς,
3142 2876 3172 2930 6
3211 2878 3307 2932 καὶ
3354 2878 3634 2947 βασιλείας
3678 2879 3846 2947 πολλῷ

2270 2964 2620 3036 τιμιώτερον.
2668 2966 2726 3019 Ὀ
2759 2965 2857 3036 μὲν
2882 2962 2975 3020 οῦν
3014 2967 3313 3038 θεραπείας
3360 2967 3619 3038 τοιαύτης
3654 2967 3843 3036 τυχὼν,

2269 3058 2441 3123 οῦτως
2472 3060 2575 3113 ὑπὸ
2606 3061 2700 3113 τοῦ
2729 3060 3004 3130 θαύματος
3029 3063 3479 3133 καταπέπληκτο,
3511 3061 3588 3125 ὼς
3613 3062 3711 3113 καὶ
3741 3078 3843 3127 φω-

580 3141 872 3209 pcrculsus
900 3141 1026 3206 fuit,
1055 3150 1114 3196 ut
1149 3142 1440 3197 deficiente
1467 3158 1601 3198 voce
1634 3143 2081 3201 obmutesceret:
2114 3155 2167 3201 at

2274 3150 2370 3220 νὴν
2400 3151 2563 3204 αὑτὸν
2588 3151 3020 3207 ἐπιλελοιπέναι·
3051 3154 3233 3223 ἠρέμα
3253 3154 3309 3206 δὲ
3341 3154 3477 3223 πρὸς
3502 3154 3672 3207 αὑτὸν
3696 3155 3723 3206 6
3754 3154 3844 3205 Συ-

581 3234 817 3304 Symeon
841 3244 1057 3290 secreto
1090 3235 1166 3290 ita
1192 3236 1344 3290 illum
1374 3237 1647 3292 allocutus
1677 3246 1790 3292 est:
1821 3238 2049 3293 Multum
2081 3255 2168 3294 in-

582 3332 753 3378 terest
785 3324 1131 3379 discriminis
1153 3325 1342 3380 lumen
1375 3326 1520 3380 inter
1548 3328 1938 3396 etpecuniam,
1968 3330 2170 3399 gratias

579 3432 679 3486 age
701 3417 834 3480 Deo,
860 3417 954 3486 qui
983 3416 1130 3486 quod
1153 3418 1353 3473 melius
1376 3419 1606 3489 largitus
1633 3418 1731 3473 tibi
1751 3426 1855 3482 est,
1879 3428 2169 3491 potestque

582 3509 749 3563 etiam
776 3509 925 3579 quod
946 3510 1114 3565 vilius
1136 3510 1344 3566 donare
1369 3529 1382 3564 :
1411 3512 1549 3566 vade
1577 3511 1763 3582 igitur,
1792 3520 1847 3567 et
1877 3512 2167 3581 pristinam

588 3610 743 3656 recte
772 3602 995 3657 vivendi
1036 3619 1286 3658 normam
1336 3612 1460 3658 tene
1498 3620 1511 3657 :
1549 3604 1631 3659 sic
1666 3620 1948 3672 nunquam
1980 3604 2167 3674 despi-

582 3694 693 3749 ciet
735 3701 788 3749 te
834 3694 1001 3759 Deus,
1044 3695 1140 3749 sed
1175 3695 1361 3749 subito
1398 3710 1593 3749 aurum
1643 3710 1863 3765 quoque
1895 3696 2165 3751 invenies.

581 3787 797 3853 Quibus
826 3786 1012 3851 dictis,
1036 3787 1261 3842 revertit
1289 3787 1379 3841 ille
1405 3786 1670 3857 gaudens,
1697 3802 1807 3841 non
1834 3786 1998 3841 modo
2020 3787 2165 3858 quod

582 3880 781 3935 melius
813 3896 871 3935 se
902 3879 1152 3945 haberet,
1180 3880 1357 3949 eiecto
1379 3880 1627 3935 daemone
1651 3889 1817 3951 atque
1844 3881 2005 3936 oculo
2028 3897 2169 3950 pra:-

480 3966 485 3969 ’
583 3981 667 4027 ter
698 3988 851 4042 spem
894 3971 1221 4035 illuminato,
1252 3988 1442 4027 verum
1483 3973 1649 4027 etiam
1690 3982 1913 4042 propter
1955 3973 2168 4041 pollici-

584 4065 845 4120 tationem
896 4063 1241 4118 invenienda:
1289 4065 1538 4133 pecunia:
1581 4081 1593 4117 :
1630 4079 1793 4133 quam
1833 4064 2027 4134 ipsam,
2071 4064 2164 4118 ubi

581 4154 811 4209 domum
844 4156 1123 4225 attigerat,
1161 4155 1218 4208 in
1264 4154 1407 4210 lecto
1455 4154 1685 4224 reperit,
1735 4155 1888 4209 velut
1932 4155 2163 4209 alterum

581 4246 868 4299 oculorum
913 4244 1101 4299 lumen
1158 4262 1174 4298 :
1230 4244 1680 4314 quandoquidem
1728 4245 1877 4299 illius
1918 4244 2167 4300 defectus

582 4346 810 4407 propter
854 4336 1114 4405 inopiam,
1154 4336 1333 4407 ipsum
1379 4353 1489 4391 non
1525 4336 1709 4392 minus
1753 4352 1916 4407 quam
1950 4338 2167 4394 erecitas

583 4429 807 4483 anxium
850 4427 1112 4482 habebat.

2275 3242 2444 3312 μεὼν,
2473 3244 2547 3296 Τὸ
2582 3243 2721 3311 φῶς,
2748 3243 2872 3314 ἔφη,
2902 3244 2995 3299 τοῦ
3020 3245 3242 3316 χρυσίου
3279 3246 3413 3299 πολὺ
3444 3246 3698 3317 διαφέρει
3721 3263 3735 3277 ο
3767 3247 3843 3299 εὑ-

2271 3336 2519 3405 χαρίστει
2551 3336 2731 3390 τοίνυν
2762 3336 2882 3406 Θεῷ
2921 3338 2999 3406 τῷ
3044 3338 3112 3390 τὰ
3147 3338 3317 3404 μείζω
3350 3341 3731 3409 χαρισαμένῳ,
3761 3340 3842 3392 καὶ

2270 3426 2496 3490 δυνατὸς
2527 3427 2689 3491 αὐτὸς
2731 3427 3063 3496 παρέξεσθαι
3107 3430 3201 3482 καὶ
3246 3429 3307 3481 τὸ
3336 3430 3580 3484 ἔλαττον.
3614 3430 3840 3500 Πορεύου

2270 3516 2558 3587 τοιγαροῦν
2581 3517 2836 3588 ἐχόμενος
2858 3516 2959 3586 τῆς
2986 3519 3178 3587 πρώην
3212 3516 3527 3587 εὐθύτητος,
3552 3519 3653 3571 καὶ
3675 3520 3839 3571 οὐκέτι

2271 3608 2574 3679 παρόψεται
2623 3625 2705 3673 σε,
2738 3608 2875 3662 ἀλλά
2911 3610 3047 3679 ταχὺ
3088 3610 3185 3663 καὶ⁸
3224 3610 3287 3663 τὸ
3314 3610 3541 3681 χρυσίον
3579 3611 3838 3681 εὑρήσεις.

2269 3700 2381 3754 Καὶ
2405 3702 2433 3753 ὁ
2459 3702 2557 3771 μὲν
2593 3702 2819 3774 ἐπανῄει
2846 3702 3072 3774 χαίρων,
3108 3701 3207 3772 οὑχ
3238 3695 3319 3765 οἷς
3342 3700 3404 3755 εὖ
3425 3702 3732 3771 τηνικαῦτα
3758 3719 3841 3763 πε-

2270 3789 2492 3845 πονθότι
2520 3792 2699 3862 μόνον,
2732 3795 2798 3864 τῇ
2822 3809 2882 3845 τε
2909 3792 3005 3846 τοῦ
3037 3792 3291 3863 δαίμονος
3314 3792 3609 3865 ἀπαλλαγῇ
3634 3794 3838 3864 δηλαδὴ,

2267 3881 2365 3935 καὶ
2389 3885 2454 3953 τῇ
2477 3882 2572 3935 τοῦ
2596 3882 2878 3953 ὀφθαλμοῦ
2906 3886 3036 3955 παρ’
3061 3883 3250 3937 ἐλπίδα
3280 3883 3468 3956 ῥώσει,
3500 3885 3641 3939 ἀλλά
3667 3886 3752 3938 καὶ
3772 3878 3842 3946 οἷς

2267 3972 2600 4041 ἐπαγγελίας
2632 3972 2730 4043 τῆς
2762 3972 2856 4027 τοῦ
2894 3976 3179 4045 χρήματος
3216 3976 3489 4048 εὑρέσεως
3539 3976 3695 4045 τύχοι
3715 3991 3729 4004 ’
3762 3976 3841 4028 καὶ

2267 4064 2364 4133 τὴν
2396 4063 2570 4118 οἰκίαν
2596 4064 2938 4130 καταλαὸὼν,
2970 4066 3085 4135 φῶς
3106 4066 3295 4138 ὥσπερ
3320 4067 3485 4121 αὑτοῦ
3516 4072 3631 4131 τοῖς
3662 4069 3842 4136 ὀφθαλ-

2271 4160 2392 4227 μοῖς
2438 4156 2595 4210 τοῦτο
2641 4156 2915 4227 δεύτερον,
2945 4158 3037 4211 ἐπὶ
3068 4158 3170 4228 τῆς
3201 4159 3389 4230 κλίνης
3433 4161 3703 4231 εὑρίσκει.
3735 4162 3841 4212 ἐπεὶ

2268 4250 2363 4301 καὶ
2396 4250 2493 4318 τῆς
2519 4249 2844 4318 τυφλώσεως
2865 4251 3027 4304 αὑτὸν
3058 4252 3208 4305 οὐδὲν
3242 4249 3403 4325 ἦττον
3448 4254 3481 4324 η
3513 4254 3612 4307 τοῦ
3634 4254 3839 4325 χρυσίου

2270 4343 2525 4412 στέρησις
2552 4342 2639 4395 διὰ
2664 4342 2858 4398 πενίαν
2884 4343 3092 4400 ἐλύπει.

654 4530 778 4585 199.
820 4530 1015 4585 Mulier
1036 4529 1286 4600 quadam
1318 4517 1681 4598 Antiocliena,
1708 4532 1889 4589 ablata
1914 4533 2061 4589 furto
2096 4550 2156 4589 re

2339 4520 2476 4590 ριιον.
2509 4521 2647 4591 Γυνή
2682 4540 2766 4587 τις
2814 4524 2879 4578 ἐκ
2904 4525 3006 4593 τῆς
3048 4525 3322 4597 Ἀντιόχου
3367 4530 3470 4600 τὴν
3498 4529 3694 4585 ούσίαν
3716 4533 3836 4587 ἀπο-

582 4623 861 4690 familiari,
892 4623 1053 4678 o'cius
1085 4622 1154 4677 ad
1188 4623 1501 4678 columnam
1542 4623 1858 4689 festinabat,
1895 4640 2158 4696 persuasa

2271 4614 2531 4685 σεσύλητο
2551 4631 2564 4645 ⁸
2596 4614 2733 4686 αῦτη
2775 4616 3010 4687 δρομαία
3058 4620 3209 4689 παρά
3250 4621 3342 4674 τὸν
3374 4624 3569 4680 στύλον
3598 4628 3837 4691 ἐλθοῦσα,

582 4716 915 4773 calamitatis
942 4732 1055 4771 sure
1075 4732 1135 4771 se
1163 4716 1288 4772 istic
1308 4717 1611 4773 remedium
1637 4717 2010 4783 inventuram,
2026 4734 2162 4789 quo-

2271 4714 2400 4767 ὅπου
2444 4719 2539 4769 καὶ
2581 4718 2680 4788 τῆς
2721 4722 3010 4789 συμφορᾶς
3052 4720 3229 4791 εὑρεῖν
3259 4720 3478 4790 ἐνόμιζε
3520 4719 3696 4785 λύσιν,
3731 4720 3837 4772 ἐπεὶ

583 4811 731 4865 niam
760 4810 1018 4880 praeclara
1040 4810 1092 4864 in
1113 4819 1363 4864 sanctum
1383 4809 1581 4865 fiducia
1604 4810 1915 4877 ferebatur;
1933 4822 1991 4867 et
2013 4812 2159 4882 quod

2272 4807 2621 4878 καὶξπίστεως
2648 4810 2729 4873 εἰς
2752 4809 2844 4863 τὸν
2871 4811 3061 4879 Ἂγιον
3078 4808 3191 4882 εἶχε
3208 4812 3593 4883 διαφερόντως,
3621 4812 3682 4865 τὸ
3705 4830 3837 4881 γεγο-

583 4902 788 4958 factum
814 4912 1076 4957 eratcum
1096 4903 1311 4972 ploratu
1329 4902 1659 4973 explicabat.
1682 4902 1783 4958 Cui
1800 4904 1886 4958 vir
1906 4913 2159 4959 sanctus:

584 4994 882 5060 Maleﬁeus,
919 4994 1119 5064 inquit,
1154 4995 1246 5049 illa
1276 4995 1493 5050 furatus
1525 5006 1610 5051 est
1640 5013 1655 5049 :
1683 4995 1780 5051 sed
1824 4996 1983 5061 vade,
2024 4997 2163 5052 nihil

586 5088 829 5142 animum
859 5087 1232 5157 despondens,
1262 5089 1372 5143 imo
1397 5088 1562 5143 etiam
1593 5089 1765 5159 magis
1796 5088 2023 5152 conlisa.
2044 5089 2164 5144 vel-

586 5180 687 5234 uti'
709 5180 754 5234 si
782 5180 849 5234 de
872 5181 1290 5250 recuperatione
1318 5191 1471 5235 certa
1492 5181 1658 5237 fores.
1687 5181 1887 5236 Audita
1908 5182 2011 5237 hac
2035 5197 2166 5251 pro-

586 5269 796 5339 phetia,
816 5269 912 5325 illo
932 5284 1028 5325 ore
1053 5272 1284 5340 prolata,
1304 5271 1447 5340 quod
1470 5271 1643 5341 gratia
1664 5280 1818 5327 certo
1833 5272 2164 5342 praedicendi

587 5362 774 5417 futura
817 5362 1080 5418 donatum
1114 5374 1253 5427 erat,
1300 5379 1398 5433 pro
1430 5364 1715 5433 explorato
1756 5364 1868 5435 jam
1931 5364 2167 5419 habebat

559 5464 677 5511 ‘rcs
701 5472 827 5511 suas
873 5456 1188 5526 deperditas
1251 5458 1528 5512 restitutas
1559 5472 1717 5523 esse;
1762 5467 1927 5528 atque
1969 5457 2043 5513 ita
2077 5474 2166 5513 re-

589 5547 796 5600 meavit
816 5547 1080 5617 gaudens,
1112 5547 1405 5617 animoque
1445 5562 1477 5601 a
1505 5547 1654 5601 curis
1696 5546 1896 5602 libero.
1924 5546 2168 5601 Interro-

591 5638 851 5707 gantibus
868 5648 1235 5695 revertentem
1262 5639 1479 5705 vicinis,
1496 5638 1629 5709 quid
1652 5638 1870 5693 tandem
1889 5638 2170 5691 enuntias-

595 5739 681 5783 set
706 5736 928 5784 sanctns
952 5729 1019 5784 de
1050 5730 1215 5784 rebus
1243 5730 1459 5795 ablatis,
1490 5746 1553 5785 ac
1580 5730 1854 5801 praecipue
1884 5729 2001 5799 ipso
2037 5728 2168 5783 furti

596 5827 842 5887 auctore,
871 5819 957 5875 cui
987 5820 1039 5877 id
1076 5821 1345 5892 imprimis
1370 5838 1517 5879 cum
1540 5830 1658 5879 erat
1690 5821 1834 5893 (nam
1858 5830 1912 5877 et
1940 5820 2053 5891 ipsc
2086 5821 2166 5874 vi-

2268 4902 2358 4962 νὸς
2408 4900 2755 4956 ἀπεκλαίετο.
2789 4903 2930 4971 Πρὸς
2962 4904 3029 4975 ἢν
3072 4906 3100 4957 6
3143 4903 3283 4967 θεῖος
3316 4906 3487 4974 ἀνὴρ,
3526 4905 3837 4975 Κακοῦργος

2272 4992 2369 5062 μὲν
2399 4993 2648 5062 ὑφείλετο
2675 4994 2869 5061 ταῦτα,
2905 4995 3031 5065 ἔφη,
3074 4995 3213 5050 ἀλλὰ
3241 4996 3475 5067 πορεύου
3514 4998 3683 5067 μηδὲν
3717 4996 3835 5049 ἀθυ-

2273 5084 2473 5154 μοῦσα,
2500 5085 2807 5139 τούναντίον
2834 5086 2932 5156 μὲν
2959 5080 3055 5139 οὖν
3083 5086 3178 5139 καὶ
3201 5086 3494 5139 πεποιθυῖα
3524 5085 3746 5156 μᾶλλον,
3769 5084 3836 5145 ὡς

2270 5179 2330 5231 οὗ
2352 5179 2451 5248 τῆς
2475 5178 2743 5248 εὑρέσεως
2768 5180 2947 5233 αὐτῶν
2974 5180 3320 5251 ἀστοχήσεις.
3354 5180 3418 5233 Ἢ
3442 5180 3502 5233 δὲ
3522 5180 3603 5250 τῷ
3628 5179 3836 5234 τοιαῦτα

2270 5272 2369 5341 τῆς
2399 5271 2735 5342 προφητείας
2765 5273 2977 5345 ἐκείνης
3004 5274 3236 5328 ἀκοῦσαι
3259 5272 3526 5343 γλώττης,
3549 5274 3647 5325 καὶ
3674 5273 3836 5340 λέγειν

2273 5361 2530 5430 ἀσφαλῶς
2582 5361 2643 5414 τὸ
2698 5361 2888 5431 μέλλον
2922 5361 3266 5433 ὴξιωμὲνης,
3299 5362 3595 5433 εὑρηκέναι
3639 5362 3737 5431 ἠδη
3776 5359 3837 5411 τὰ

2274 5453 2608 5517 ἀπολωλότα,
2641 5456 2737 5507 καὶ⁵
2774 5455 2905 5527 παρ’
2942 5457 3108 5526 ἑαυτῇ
3162 5454 3433 5527 νομίσασα
3471 5456 3640 5527 ἔχειν,
3680 5454 3837 5514 οὑτως

2276 5544 2500 5617 ἐπανῄει
2530 5545 2815 5617 χαίρουσα,
2854 5549 2949 5599 καὶ
2982 5546 3255 5616 μερίμνης
3284 5546 3371 5599 ἐπ’
3401 5546 3589 5608 αὐτοῖς
3613 5544 3714 5614 τὴν
3742 5544 3833 5615 ψυ-

2276 5638 2375 5707 χὴν
2406 5637 2687 5708 ἐλευθέρα.
2718 5637 2840 5690 Τῶν
2878 5633 2970 5691 οῦν
2998 5637 3274 5707 γειτόνων,
3298 5638 3327 5690 ὅ
3348 5638 3400 5689 τί
3423 5654 3553 5689 ποτε
3583 5636 3693 5708 ἄρα
3723 5633 3835 5702 περὶ

2277 5729 2454 5784 αὐτῶν
2473 5732 2502 5782 ό
2530 5730 2720 5798 ’Δγιος
2749 5731 2982 5800 εἰρήκεη,
3021 5728 3459 5800 πυνθανομένων,
3489 5728 3583 5780 καί
3616 5726 3835 5796 μάλιστα

2280 5819 2369 5874 τοῦ
2404 5820 2503 5891 τῆς
2532 5820 2736 5891 κλοπῆς
2772 5820 3097 5892 αὐτουργοῦ,
3132 5813 3176 5887 ᾧ
3206 5818 3517 5891 καὶμᾶλλον
3543 5815 3722 5873 αὐτῶν
3749 5814 3830 5884 pe-
