4032 6480
186 355 343 421 3163

1199 364 1375 427 VITA
1415 365 1463 421 A
1498 364 1937 426 NICEPHORO
1977 365 2460 430 CONSCRIPTA.

3323 368 3470 434 3170

187 470 292 524 λον
318 465 388 542 ἦν
412 468 733 542 (γειτόνημα
756 472 868 540 γὰρ
887 474 953 543 τῇ
982 472 1204 540 γυναικὶ
1244 472 1341 525 καὶ
1359 463 1515 534 οὗτος
1551 472 1613 523 οὐ
1644 488 1780 541 χρη-

1892 474 2053 535 cinus
2073 486 2194 534 eral.
2218 477 2437 533 mulieri
2469 494 2580 534 non
2606 479 2805 545 bonus)
2835 478 2925 534 illa
2951 478 3236 549 promissis
3270 480 3470 545 sancti,

189 564 328 617 στὸν
354 562 650 632 ἐτύγχανεν
679 563 801 633 ὢν),
836 565 1016 634 ἐκείνη
1045 567 1164 628 ταῖς
1185 563 1526 633 τοῦΣυμεὼν
1546 564 1782 633 ἐπαγγε-

186 655 347 719 λίαις
408 654 484 717 ὠς
527 654 625 726 ήδη
672 657 1067 726 γεγενημέναις
1096 655 1488 729 ἐπιθαρροῦσα,
1533 654 1780 727 Εῦρηκα,

192 747 378 815 ἔλεγε,
412 747 507 799 καὶ
536 747 604 800 τὰ
633 747 764 817 ἐμὰ.
793 748 895 801 κάν
915 747 993 819 τῷ
1018 748 1136 818 ἐμῷ
1150 748 1342 817 ιπάντα
1366 749 1461 802 νῦν
1488 748 1783 802 ἀπόκειται

185 825 457 909 ταμιείῳ.
497 838 556 892 '0
600 839 781 910 μέντοι
821 839 890 893 τὰ
927 840 1221 911 κλέμματα
1248 842 1410 912 ἔχων,
1447 840 1578 911 παρ’
1605 836 1783 908 ἐαυτῷ

186 928 419 981 κεῖσθαι
469 929 645 983 ταῦτα
705 928 909 999 μᾶλλον
957 930 1142 995 εἰδὼς,
1200 932 1310 1000 ὅσῳ
1360 930 1783 1003 περιεργότερον

186 1021 552 1087 ἐπυνθάνετο,
582 1020 822 1091 τοσούτῳ
848 1021 1009 1075 πλέον
1028 1017 1096 1093 ἦν
1123 1020 1489 1090 διαχλευάζων
1511 1020 1632 1074 καθ’
1658 1020 1785 1072 ἐαυ-

185 1113 290 1167 τὸν
320 1114 381 1167 τὸ
409 1117 642 1185 πρᾶγμα
681 1114 776 1167 καὶ
807 1115 1178 1186 μυκτηρίςων,
1211 1115 1304 1169 καὶ
1331 1115 1478 1187 σαφῆ
1503 1117 1786 1185 τιθέμενος

186 1206 436 1274 γέλωτα,
468 1206 584 1259 ἀλλ’
608 1207 688 1270 είς
714 1207 913 1276 μανίαν
942 1207 1103 1270 εὐθὺς
1131 1208 1159 1259 6
1201 1208 1419 1280 μυκτήρ
1454 1210 1782 1279 μετεϐάλλε-

185 1315 279 1361 το,
309 1300 405 1353 καὶ
425 1299 696 1353 διαπετῶν
719 1296 786 1371 ἦν
815 1302 842 1353 6
868 1299 1051 1363 ἄθλιος
1073 1301 1168 1363 τάς
1193 1304 1404 1372 χεῖρας,
1437 1304 1529 1356 καὶ
1550 1303 1779 1370 δάκνων,

189 1393 291 1445 καὶ
316 1393 617 1457 ἀλαλάζων,
653 1393 756 1465 τήν
783 1410 845 1445 τε
875 1393 1082 1463 κλοπὴν
1110 1393 1621 1464 ἐξομολογούμενος,
1648 1396 1782 1449 ὅπου

187 1500 255 1537 τε
280 1485 351 1537 τά
380 1483 559 1554 φώρια
602 1483 687 1554 είη
725 1483 966 1555 μηνύων,
997 1485 1092 1538 καὶ
1122 1485 1225 1539 ὅσα
1262 1485 1371 1539 τῶν
1404 1485 1784 1557 δαιμονῶντων

188 1577 409 1640 οὐδενὸς
446 1578 811 1647 ἀπεχόμενος.
853 1577 936 1630 Τὰ
985 1576 1083 1647 μὲν
1124 1572 1219 1632 οὖν
1257 1577 1547 1648 κλέμματα
1580 1579 1784 1651 ήνέχθη

187 1672 379 1725 πάντα
402 1673 467 1742 τῇ
501 1670 740 1739 γυναικὶ,
782 1669 880 1740 οὐχ
912 1669 948 1723 ἃ.
980 1670 1282 1741 τηνικαῦτα
1318 1673 1499 1742 μόνον,
1537 1672 1652 1725 ἁλλ’
1683 1674 1784 1726 ὅσα

187 1765 291 1817 καὶ
312 1763 506 1835 πρώην
530 1761 884 1816 ἀπολωλέκει.
924 1762 982 1815 Ὀ
1006 1761 1062 1815 δὲ
1082 1761 1256 1816 ταῦτα
1278 1763 1518 1834 συλήσας
1543 1764 1783 1832 ὑπέμενε

1888 581 2146 642 tanquam
2178 570 2436 626 effectum
2453 572 2563 641 jam
2585 578 2699 625 tum
2718 572 2952 637 sortitis,
2984 570 3470 641 confisazReperi,

1887 664 2085 734 inquit,
2109 677 2252 726 mea,
2282 670 2338 716 et
2365 661 2420 715 in
2445 662 2682 716 armario
2701 662 2810 732 jam
2833 677 2981 717 nunc
3008 661 3246 730 reposita
3269 661 3469 716 habeo.

1884 756 2004 826 Ipse
2022 770 2152 809 vero
2172 755 2266 823 qui
2290 752 2473 807 ablata
2494 752 2756 817 habebat,
2773 760 2829 807 et
2850 767 3017 821 penes
3032 768 3090 807 se
3110 753 3284 806 latere
3301 751 3472 821 probe

1886 846 2132 909 sciebat,
2174 852 2381 914 quanto
2416 843 2613 914 majori
2664 850 2780 896 tum
2826 842 3172 897 affectatione
3222 841 3472 909 sciscita-

1884 939 2070 1000 batur,
2116 945 2270 991 tanto
2294 937 2437 990 intra
2459 951 2518 990 se
2546 934 2887 1005 petulantius
2916 934 3235 988 ludificabat
3270 933 3469 987 mulie-

1886 1047 2001 1086 rem
2026 1046 2092 1086 ac
2118 1027 2407 1091 irridebat,
2432 1028 2541 1081 imo
2569 1027 2741 1081 risum
2769 1039 2989 1094 quoque
3012 1024 3190 1093 palam
3223 1023 3468 1079 tollebat.

1884 1124 2091 1179 Verum
2116 1122 2275 1178 ocius
2305 1122 2362 1175 in
2392 1119 2661 1173 insaniam
2694 1118 2889 1172 irrisor
2917 1132 3111 1172 versus
3141 1126 3254 1182 est;
3288 1125 3344 1171 et
3372 1134 3471 1172 ex-

1887 1216 2150 1270 tendebat
2176 1228 2373 1269 manus
2403 1211 2591 1266 infelix
2622 1210 3052 1279 arrodebatque,
3081 1219 3136 1265 et
3157 1210 3473 1265 clamitabat

1886 1309 2151 1364 miserum
2175 1308 2229 1361 in
2254 1305 2512 1371 modum;
2533 1305 2599 1358 ad
2624 1304 2740 1358 haec
2765 1303 3039 1357 fatebatur
3060 1302 3287 1364 furtum,
3308 1312 3365 1357 et
3389 1302 3472 1356 in-

1885 1400 2106 1455 dicabat
2132 1400 2227 1455 ubi
2257 1399 2594 1463 abdidisset;
2628 1386 2867 1466 denique
2897 1396 3035 1449 nihil
3074 1411 3181 1449 non
3210 1396 3471 1451 actitabat

1886 1509 2078 1549 eorum
2135 1509 2259 1564 quae
2324 1490 2647 1546 daemoniaci
2713 1489 2912 1544 solent.
2979 1486 3243 1543 Universa
3302 1488 3471 1557 igitur

1888 1585 2111 1640 mulieri
2152 1585 2324 1639 relata
2357 1593 2507 1645 sunt,
2534 1593 2641 1637 tam
2686 1596 2809 1652 quae
2840 1580 3051 1635 recenti
3092 1581 3240 1634 furto
3289 1580 3467 1636 ablata

1886 1688 2049 1742 quam
2067 1688 2187 1742 quae
2203 1673 2337 1727 alias
2365 1670 2672 1726 desiderata
2698 1677 2877 1723 erant.
2898 1670 3099 1724 Verum
3126 1668 3221 1738 qui
3256 1666 3465 1723 furtum

1887 1765 2263 1828 commiserat,
2292 1763 2559 1834 pergebat
2587 1762 2823 1817 insideri
2858 1777 2887 1815 a
2912 1761 3183 1825 daemone,
3215 1761 3469 1815 meritam

186 1851 488 1923 δαιμονῶν,
530 1853 625 1905 καὶ
655 1851 810 1915 δίκας
842 1850 1033 1923 ῶσπερ
1062 1853 1332 1924 τοσαύτης
1369 1853 1585 1917 ἀδικίας
1632 1853 1780 1908 ἐκτί-

1887 1855 2170 1926 iniustitia:
2195 1870 2310 1909 suae.
2329 1868 2548 1924 pinnam
2581 1852 2903 1923 persolvens
2930 1870 2945 1919 ;
2972 1852 3152 1907 donec
3174 1851 3469 1906 commise-

186 1962 336 2000 νων·
390 1944 494 2007 ἕως
543 1943 690 1996 ἔλεον
718 1943 883 1996 αὐτοῦ
926 1943 1202 2007 λαϐόντες,
1235 1946 1333 2016 οὐχ
1376 1946 1489 1999 ὅσοι
1514 1945 1783 2016 παρόντες

187 2032 361 2108 ἦσαν,
391 2034 530 2090 ἀλλὰ
565 2035 661 2088 καὶ
684 2036 821 2105 αὑτὴ
854 2036 951 2089 σὺν
977 2034 1205 2100 ἐκείνοις
1235 2038 1268 2107 ἡ
1298 2038 1396 2107 τήν
1419 2037 1626 2109 κλοπὴν
1653 2038 1784 2091 ὑπο-

193 2130 399 2187 στᾶσα,
424 2130 630 2190 κοιναῖς
658 2128 792 2196 πρὸς
823 2126 955 2180 Θεὸν
987 2127 1083 2181 καὶ
1113 2127 1205 2180 τὸν
1234 2127 1453 2199 ἔλεγχον
1483 2128 1577 2181 τοῦ
1608 2128 1781 2183 κακοῦ

191 2220 429 2291 Συμεὼν
459 2222 699 2291 ἐχρῶντο
715 2222 907 2285 λιταῖς,
931 2221 1128 2285 κοινοῖς
1148 2220 1407 2291 δάκρυσιν
1430 2237 1444 2252 ’
1473 2215 1555 2285 οἷς
1584 2222 1781 2275 αὐτίκα

188 2311 297 2364 καὶ
320 2310 382 2363 τὸ
407 2311 628 2382 αἰτηθὲν
652 2311 956 2381 ἠκολούθει,
990 2311 1086 2366 καὶ
1111 2312 1205 2365 τοῦ
1226 2313 1476 2383 δαίμονος
1501 2314 1530 2367 6
1556 2313 1781 2383 πάσχων

185 2411 531 2484 ἀπήλλακτο,
568 2411 746 2466 κοινὸν
805 2412 1079 2483 παίδευμα
1128 2413 1264 2468 πᾶσι
1314 2414 1452 2485 πρὸς
1492 2411 1781 2484 ἀποφυγὴν

188 2504 400 2566 κακίας
430 2504 820 2574 γεγενημένος.

270 2594 337 2651 σ’.
381 2595 729 2667 Ἐλυμαίνετό
772 2612 857 2659 τις
903 2595 1000 2659 σῦς
1033 2598 1097 2651 ἐκ
1141 2596 1350 2669 δρυμοῦ
1384 2599 1511 2661 τοὺς
1551 2598 1761 2670 ἀγροὺς

188 2688 298 2759 τῆς
359 2689 511 2743 κάτω
551 2688 742 2759 μονῆς,
774 2689 868 2743 καὶ
911 2692 992 2754 είς
1035 2690 1352 2761 ἀμηχανίαν
1398 2691 1595 2762 κομιδῇ
1642 2694 1774 2755 τοὺς

194 2782 469 2851 μοναχοὺς
515 2780 807 2852 περιίστη·
849 2780 1242 2853 προσελθόντες
1295 2782 1477 2835 τοίνυν
1517 2783 1595 2853 τῷ
1648 2782 1778 2854 ἱερῷ

190 2871 445 2941 Συμεὼν,
486 2872 695 2926 ἐδέοντο
745 2873 935 2928 τοῦτον
978 2875 1042 2927 ἐκ
1069 2874 1166 2928 τοῦ
1204 2873 1369 2945 μέσου
1402 2874 1680 2945 γενέσθαι.
1718 2875 1778 2929 '0

189 2967 275 3029 δὲ,
307 2966 434 3029 Τοῖς
483 2966 544 3034 ἐξ
604 2966 730 3037 ὂλης
769 2965 971 3037 ἰσχύος,
1014 2966 1141 3037 ἔφη,
1170 2967 1262 3021 τὸν
1317 2968 1450 3022 Θεὸν
1490 2967 1778 3037 ἀγαπῶσιν

191 3054 571 3108 ὑποτέτακται
622 3055 821 3119 πάντα,
850 3057 922 3120 ὡς
960 3056 1054 3108 καὶ
1085 3057 1191 3128 πρὸ
1217 3058 1315 3128 τῆς
1357 3060 1647 3129 παρακοῆς
1678 3061 1776 3113 τοῦ

204 3148 406 3217 Ἀδὰμ.
446 3148 633 3211 Οὕτως
678 3142 771 3202 οῦν
818 3149 1001 3219 ἔχουσι
1044 3149 1137 3202 καὶ
1177 3149 1305 3220 ὑμῖν
1360 3150 1647 3219 δοθήσεται
1696 3154 1777 3213 είς
1802 3178 1845 3236 c

193 3236 375 3309 θήραν
428 3238 609 3292 ὀδοῦσι
658 3239 825 3311 θηρὸς
865 3240 1057 3309 ἐτέρου
1118 3241 1278 3294 πάλιν
1319 3242 1347 3293 6
1390 3241 1590 3314 κείρων
1648 3243 1775 3307 τοὺς

195 3328 500 3398 ὑμετέρους
526 3330 756 3400 ἀγροὺς,
784 3330 880 3383 καὶ
920 3332 1114 3383 θᾶττον
1141 3330 1239 3401 τῆς
1274 3329 1334 3396 ἐξ
1364 3330 1531 3386 αὐτοῦ
1571 3332 1777 3403 βλάϐης

195 3420 677 3488 ἀπαλλαγήσεσθε.
704 3421 892 3475 Ταῦτα
932 3439 1026 3475 του
1068 3423 1295 3493 Συμεὼν
1337 3422 1644 3494 είρηκότος,
1677 3425 1779 3495 ὁρᾷ

194 3510 307 3565 τῶν
373 3511 619 3580 ἀδελφῶν
688 3530 773 3576 τις
821 3513 1041 3584 ἐκείνην
1102 3512 1203 3585 τὴν
1249 3513 1423 3568 νύκτα
1477 3514 1621 3569 κατά
1653 3517 1777 3579 τοὺς

196 3603 422 3668 ὕπνους,
448 3603 683 3674 ἀχθέντα
735 3607 859 3659 τινὰ
906 3606 1095 3659 λέοντα
1141 3608 1246 3661 ὑπὸ
1284 3607 1380 3661 τοῦ
1438 3608 1645 3677 Ἀγίου,
1683 3610 1779 3662 καὶ

196 3694 291 3747 τὸν
330 3696 506 3763 μέγαν
534 3695 742 3748 ἐκεῖνον
772 3695 871 3748 σῦν
903 3698 981 3759 είς
1006 3697 1180 3768 θήραν
1209 3698 1358 3771 αὑτῷ
1394 3700 1499 3753 ὑπὸ
1528 3701 1641 3763 τοῖς
1669 3700 1778 3754 τῶν

193 3787 443 3856 ἀδελφῶν
475 3788 636 3840 ποσὶν
663 3787 977 3844 ἐκδοθέντα.
1007 3790 1113 3842 Τοῦ
1146 3790 1319 3845 ῦπνου
1366 3791 1546 3845 τοίνυν
1596 3792 1778 3846 διανα-

197 3881 353 3943 στὰς,
385 3879 546 3951 ἔργον
586 3878 685 3951 τὴν
730 3879 832 3949 τῆς
891 3882 1081 3944 νυκτὸς
1132 3881 1254 3951 ὄψιν
1303 3882 1568 3954 εὑρίσκει,
1624 3883 1718 3936 καὶ
1751 3884 1779 3937 6

195 3969 337 4024 λέων
370 3970 465 4024 τὸν
502 3970 599 4023 σῦν
625 3971 1020 4041 κατεδηδοκὼς,
1052 3974 1306 4043 ἐχόμενος
1349 3978 1446 4046 τῆς
1477 3975 1599 4030 όδοῦ
1649 3977 1777 4030 ἀνα-

196 4060 504 4116 πεπτώκει.
535 4064 598 4116 Οἱ
631 4063 731 4132 μὲν
759 4058 852 4117 οὖν
879 4063 1046 4134 ὄχλοι,
1078 4066 1147 4119 τά
1175 4081 1235 4117 τε
1262 4064 1357 4118 τοῦ
1389 4066 1601 4129 λέοντος
1631 4066 1773 4136 ἴχνη,

193 4152 259 4206 τό
307 4169 369 4206 τε
413 4152 509 4206 τοῦ
537 4153 661 4217 συὸς
694 4153 799 4209 ἀνὰ
820 4154 917 4225 τήν
952 4156 1069 4209 ὁδὸν
1100 4150 1238 4227 αἷμα
1283 4156 1505 4221 ίδόντες,
1534 4160 1775 4229 προσέρ-

194 4260 384 4315 χονται
413 4244 716 4314 κατάφοὸοι
737 4245 815 4316 τῷ
862 4246 1030 4315 Ἀγίῳ
1063 4247 1307 4317 δεόμενοι
1330 4249 1523 4303 τοῦτον
1563 4250 1777 4303 ἐκεῖθεν

193 4332 560 4403 ἀπελαθῆναι.
605 4335 663 4387 '0
686 4336 743 4388 δέ
771 4335 880 4388 τῶν
918 4337 1173 4408 μαθητῶν
1208 4338 1306 4392 ἐνα
1336 4339 1594 4407 καλέσας,
1630 4341 1773 4411 Πορ-

1886 1946 2100 2001 ratione
2136 1946 2269 1999 tacti
2327 1951 2598 2015 quotquot
2646 1943 2900 2005 aderant,
2938 1951 3103 2012 atque
3168 1941 3306 1997 adeo
3366 1942 3464 1996 illa

1884 2036 2004 2107 ipsa
2029 2035 2233 2089 mulier
2258 2049 2381 2104 quae
2429 2034 2636 2088 furtum
2692 2049 2851 2103 passa
2910 2032 3108 2097 fuerat,
3155 2032 3466 2088 communi-

1882 2131 1988 2187 bus
2017 2129 2162 2201 apud
2188 2130 2363 2184 Deum
2427 2136 2483 2183 et
2524 2129 2757 2184 maleﬁci
2803 2128 3187 2198 castigatorem
3242 2126 3467 2199 Symeo—

1880 2239 2010 2279 nem
2031 2224 2173 2279 votis
2192 2232 2249 2279 et
2272 2222 2552 2294 lacrymis,
2578 2222 3014 2277 intercesserunt
3038 2240 3050 2275 :
3077 2236 3216 2291 quas
3245 2237 3276 2276 e
3308 2219 3468 2275 vesti-

1882 2318 1971 2389 gio
1998 2317 2053 2373 id
2080 2318 2226 2388 quod
2261 2316 2551 2387 petebatur
2578 2323 2937 2371 consecutum
2965 2323 3086 2380 est;
3124 2327 3181 2369 et
3228 2330 3465 2383 energu-

1881 2424 2077 2465 menus
2105 2409 2344 2480 maligno
2369 2408 2567 2479 spiritu
2615 2407 2904 2469 liberatus,
2952 2407 3269 2461 universale
3293 2405 3464 2461 docu-

1880 2515 2127 2559 mentum
2153 2502 2256 2557 fuit
2289 2502 2546 2557 omnibus
2567 2500 2633 2555 ad
2670 2500 2880 2555 srelera
2911 2499 3263 2555 declinanda.

1964 2593 2089 2647 200.
2123 2593 2382 2649 Vastabat
2412 2592 2635 2662 quidam
2667 2607 2799 2662 aper
2850 2590 3132 2646 inferioris
3180 2595 3464 2645 monaste-

1882 2685 1951 2740 rii
1985 2700 2165 2755 agros,
2207 2685 2481 2755 tantisque
2516 2683 2793 2755 allligebat
2821 2681 3123 2737 monachos
3151 2682 3460 2736 incommo-

1880 2774 1987 2839 dis,
2018 2774 2235 2845 utquid
2262 2774 2478 2829 consilii
2508 2782 2790 2842 caperent,
2820 2771 3159 2841 ignorarent.
3184 2769 3466 2825 Adeuntes

1880 2867 2050 2939 igitur
2074 2867 2402 2938 Symeonem
2449 2875 2662 2937 rogant,
2719 2866 2835 2935 ipse
2881 2874 2942 2919 ut
3005 2863 3279 2919 facessere
3335 2863 3463 2918 inde

1880 2960 2052 3016 feram
2078 2961 2290 3031 jubeat.
2322 2960 2417 3013 Ille
2443 2973 2574 3013 vero
2625 2976 2639 3011 :
2675 2958 2753 3012 Ex
2811 2958 2964 3025 totis,
3017 2957 3218 3027 inquit,
3248 2956 3465 3011 viribus

1881 3053 2244 3124 diligentibus
2277 3053 2453 3107 Deum
2477 3051 2663 3107 omnia
2700 3052 2946 3122 subjecta
2996 3060 3147 3117 sunt,
3195 3050 3467 3119 quemad-

1882 3147 2104 3202 modum
2135 3154 2263 3200 ante
2289 3145 2505 3215 lapsum
2535 3144 2731 3199 Adami
2760 3145 3029 3200 fuerunt:
3082 3143 3232 3214 quod
3284 3143 3330 3199 si
3367 3159 3469 3200 vos

1879 3253 2100 3309 quoque
2128 3239 2207 3292 sic
2237 3237 2504 3309 diligatis,
2545 3236 2770 3292 dabitur
2793 3235 2883 3291 illa
2919 3236 2974 3290 in
3022 3235 3264 3305 praedam
3312 3235 3453 3290 den-

1881 3329 2033 3384 tibus
2086 3328 2315 3384 alterius
2359 3328 2491 3385 ferze
2540 3344 2664 3399 qua:
2717 3342 2883 3398 agros
2931 3336 3149 3383 vestros
3212 3326 3467 3380 innoxios

1880 3421 2200 3491 relinquet,
2256 3429 2313 3476 et
2372 3421 2484 3476 cito
2539 3420 2727 3476 damni
2776 3419 3053 3474 immunes
3134 3418 3315 3474 eritis.
3369 3419 3466 3473 His

1880 3514 2066 3579 dictis,
2089 3513 2241 3568 videt
2268 3513 2469 3583 aliquis
2526 3511 2760 3566 fratrum
2794 3518 2958 3566 nocte
3007 3526 3108 3580 per
3162 3509 3461 3572 somnium,

1880 3610 1965 3682 agi
2020 3626 2051 3664 a
2110 3610 2378 3681 Symeone
2409 3609 2625 3663 leonem
2673 3607 2989 3677 quemdam,
3036 3606 3128 3661 cui
3173 3621 3308 3676 aper
3373 3605 3464 3659 ille

1878 3700 2102 3773 grandis
2125 3701 2229 3755 sub
2257 3699 2491 3755 fratrum
2525 3696 2762 3768 pedibus
2810 3697 2866 3751 in
2910 3696 3153 3766 praedam
3202 3696 3454 3751 cedebat.

1878 3792 2248 3862 Experrectus
2310 3787 2533 3849 deinde,
2584 3785 2734 3855 quod
2775 3794 2945 3839 noctu
2974 3784 3213 3851 viderat,
3257 3784 3463 3839 factum

1879 3880 2189 3951 comperit:
2220 3879 2308 3934 leo
2334 3892 2573 3948 namque
2596 3884 2793 3932 vorato
2817 3891 2953 3947 apro
2985 3876 3040 3930 in
3076 3875 3193 3946 ipsa
3239 3875 3326 3929 via
3361 3875 3463 3929 de-

1879 3973 2166 4029 cubuerat.
2198 3971 2398 4026 Turbae
2422 3970 2607 4040 itaque
2631 3978 2687 4025 et
2710 3970 2888 4023 leonis
2913 3968 3169 4039 vestigia,
3221 3976 3280 4023 et
3331 3983 3463 4022 san-

1879 4066 2100 4137 guinem
2154 4063 2275 4134 apri
2326 4080 2426 4134 per
2478 4064 2622 4118 viam
2663 4061 3183 4132 deprehendentes,
3232 4059 3463 4115 veniunt

1880 4158 2086 4213 turbati
2143 4157 2211 4211 ad
2270 4164 2546 4222 sanctum,
2594 4164 2898 4225 rogantque
2959 4161 3022 4207 ut
3069 4151 3197 4206 inde
3246 4152 3459 4206 leonem

1877 4250 2079 4322 abigat.
2132 4248 2236 4314 Qui
2293 4248 2694 4318 discipulorum
2759 4246 3073 4317 quempiam
3136 4259 3459 4299 accersens:

1882 4343 2053 4409 Vade,
2075 4340 2279 4411 inquit,
2301 4340 2367 4395 ad
2394 4340 2611 4394 leonem
2632 4348 2689 4394 et
2709 4338 2800 4394 dic
2820 4339 2957 4409 ipsi:
2988 4337 3116 4392 Hmc
3145 4335 3457 4391 renuntiari

194 4423 378 4488 ευθεὶς
410 4426 564 4497 παρά
610 4427 701 4480 τὸν
748 4428 960 4491 λέοντα,
996 4428 1100 4500 ἐφη
1126 4468 1142 4494 ,
1176 4432 1315 4487 Τάδε
1348 4431 1495 4501 λέγει
1526 4432 1772 4503 Συμεὼν,

1882 4436 2035 4506 iubet
2061 4433 2326 4505 Symeon:
2362 4433 2531 4487 Recte
2555 4431 2797 4487 ofﬁcium
2850 4439 3005 4484 tuum
3057 4428 3273 4493 fecisti;
3310 4442 3460 4481 nunc

194 4515 322 4569 είπέ
356 4517 491 4589 πρὸς
521 4518 703 4571 αὐτόν·
733 4520 931 4582 Καλῶς
959 4520 1443 4593 διακονησάμενος,
1465 4523 1622 4578 amet
1647 4525 1773 4595 τόγε

193 4608 295 4664 νῦν
346 4609 614 4680 ἐχον,ἐως
663 4611 730 4666 ἂν
761 4613 916 4677 αὖθις
963 4613 1124 4685 χρεία
1155 4632 1250 4668 σου
1295 4616 1545 4687 γένηται.
1574 4617 1682 4671 Τοῦ
1716 4618 1775 4672 δὲ

193 4701 276 4773 τῷ
332 4702 507 4757 λέοντι
557 4703 730 4757 ταῦτα
775 4705 1042 4771 είπόντος,
1084 4707 1324 4772 ἀναστὰς
1375 4709 1434 4762 ἐν
1479 4708 1776 4781 ὀφθαλμοῖς

196 4796 460 4850 ἁπάντων
497 4797 699 4862 εὐθέως
730 4801 936 4863 ἐκεῖνος
965 4801 1059 4854 ἐπὶ
1088 4800 1157 4854 τά
1184 4801 1283 4872 τῆς
1314 4802 1640 4866 Λαοδικείας
1663 4804 1764 4874 ὅρη

196 4885 397 4955 ἐχώρει
419 4902 436 4917 ο
460 4887 669 4941 ἐκεῖθεν
694 4889 803 4960 γὰρ
832 4890 1097 4961 ἐτύγχανε
1126 4892 1223 4946 καὶ
1252 4891 1495 4963 κληθεὶς,
1533 4894 1775 4963 παραδο-

199 4976 428 5046 ξοτέραν
484 4980 584 5049 τῆς
641 4980 890 5051 κλήσεως
934 4984 1035 5054 τὴν
1078 4983 1428 5057 ἀναχώρησιν
1463 4984 1771 5060 θέμενος,ἢ

198 5067 297 5119 καὶ
325 5068 390 5120 δι’
414 5069 617 5138 ἀμφοῖν
650 5070 873 5140 μᾶλλον.

1884 4528 2053 4600 igitur
2075 4526 2224 4582 abito
2243 4526 2393 4589 licet,
2420 4525 2597 4580 donec
2625 4526 2828 4579 iterum
2858 4538 2993 4578 usus
3016 4522 3096 4579 tui
3132 4522 3319 4576 fuerit.
3378 4522 3459 4575 Eo

1881 4620 1963 4676 sic
1989 4620 2205 4674 leonem
2235 4618 2496 4680 allocuto,
2525 4623 2842 4686 surgentem
2877 4614 3026 4669 illico
3040 4613 3227 4669 videre
3248 4612 3456 4675 cuncti,

1880 4720 2043 4781 atque
2067 4709 2361 4764 abeuntem
2388 4707 2443 4761 in
2473 4715 2688 4761 montes
2719 4704 3011 4761 Laodicea:
3040 4704 3190 4775 (inde
3220 4719 3456 4771 namque

1879 4809 2140 4857 evocatus
2167 4800 2366 4869 fuerat)
2426 4798 2668 4868 fecitque
2723 4812 3004 4853 recessum
3069 4794 3455 4851 admirabilio-

1880 4909 2020 4957 rem,
2079 4907 2242 4963 quam
2285 4890 2467 4945 fuerat
2518 4904 2799 4956 accessus,
2865 4902 3180 4960 quanquam
3224 4895 3459 4956 uterque

1882 4986 2245 5044 admirandus
2271 5000 2436 5055 quam
2468 4982 2725 5039 maxime.

1614 5193 1840 5250 CAPUT
1879 5194 2045 5249 XXV.

976 5300 1243 5357 lncreduli
1273 5305 1574 5375 puniuntur
1601 5321 1620 5359 :
1650 5307 1885 5361 conversi
1924 5317 2180 5361 curantur
2221 5323 2240 5361 :
2279 5307 2391 5362 alia
2416 5306 2687 5377 beneﬁcia.

276 5421 381 5471 σα¹.
417 5415 709 5487 Θαύματος
753 5413 994 5481 ἐξαισίου
1049 5418 1175 5481 τοὺς
1212 5419 1453 5491 ὁρῶντας
1491 5420 1778 5493 πληρῶσαι

201 5512 434 5584 πλησίον
491 5511 592 5583 τῆς
647 5511 946 5582 ’Δντιόχου,
1004 5512 1065 5565 ἐν
1118 5516 1185 5585 τῇ
1226 5513 1495 5587 λεγομένῃ
1548 5516 1777 5591 Ἀπάτη,

220 5605 477 5677 ’ίσαύρων
510 5604 875 5676 ἐργαστήριον
907 5598 996 5675 ἦν,
1028 5606 1512 5675 χειροτεχνούντων
1554 5608 1612 5661 ἐν
1660 5610 1781 5671 ταῖς

201 5696 537 5769 οἰκοδομίαις
578 5696 676 5750 καὶ
702 5696 989 5766 λατομίαις
1022 5697 1129 5751 τῶν
1153 5700 1251 5769 τῆς
1293 5700 1500 5763 πόλεως
1535 5699 1776 5769 τειχέων.

202 5789 424 5845 Τούτων
465 5785 569 5859 εἷς,
607 5788 731 5860 ἄρτι
765 5788 863 5859 τὴν
900 5788 1116 5859 ἡλικίαν
1161 5790 1362 5856 ἀνθῶν,
1409 5790 1476 5843 τὰ
1513 5790 1778 5860 Ἐλλήνων

1953 5424 2079 5478 201.
2112 5424 2208 5479 Est
2235 5439 2345 5478 non
2377 5424 2571 5495 procul
2600 5423 2913 5489 Antiochia,
2942 5422 2997 5476 in
3026 5421 3149 5478 loco
3174 5421 3346 5495 Apate
3368 5423 3459 5478 di-

1880 5526 1995 5593 cto,
2056 5518 2369 5573 Isaurorum
2429 5516 2679 5582 ofﬁcina,
2737 5513 3006 5571 mirabilis
3061 5515 3127 5570 ad
3179 5525 3459 5587 stuporem

1883 5609 2274 5678 spectantium,
2339 5608 2395 5662 in
2429 5623 2536 5678 qua
2600 5606 2875 5662 cmdendis
2926 5605 3201 5675 lapidibus
3248 5607 3312 5661 ad
3353 5606 3454 5660 do-

1882 5716 2073 5754 muum
2104 5715 2500 5769 murorumque
2530 5697 2772 5753 civitatis
2790 5713 2947 5753 usum
2973 5697 3231 5753 insudant
3264 5713 3459 5768 opera-

1884 5790 1974 5843 rii.
2006 5790 2214 5844 Horum
2245 5805 2411 5857 unus,
2446 5796 2605 5843 aetate
2636 5788 2861 5852 florens,
2896 5786 3119 5860 gentilis
3169 5789 3461 5859 religione,
