4032 6488
584 364 719 432 3171

1791 372 1849 430 S.
1891 368 2271 431 SYMEONIS
2308 366 2664 429 JUNIORIS

3700 364 3824 429 317?.

585 486 642 541 in
672 485 892 551 silvam,
914 499 1037 556 qua:
1054 493 1110 541 et
1128 483 1244 555 ipsa
1275 482 1485 538 domini
1508 482 1728 554 gentilis
1742 494 1883 550 erat,
1907 484 2173 555 lignatum

2278 482 2617 553 θρησκεύων,
2642 480 2796 551 παρά
2817 496 2869 531 τι
2893 478 3075 544 ἄλσος,
3100 478 3363 546 Ἕλληνος
3394 478 3488 531 καὶ⁵
3516 478 3647 531 αὐτὸ
3678 479 3852 535 δεσπο-

580 573 814 639 abierat,
863 574 1235 644 inipositoque
1266 587 1437 627 onere
1469 587 1638 642 supra
1688 574 1836 627 vires
1870 572 2045 644 gravi,
2096 573 2171 626 ita

584 663 768 717 subito
793 672 971 718 tactus
997 662 1241 733 paralysi
1265 670 1371 728 est,
1397 670 1458 717 ut
1477 662 1629 716 nullo
1650 660 1901 731 corporis
1923 660 2172 715 membro

584 753 663 806 uti
687 761 892 823 posset.
919 754 1154 809 Tollitur
1174 770 1206 809 a
1230 752 1536 819 sodalibus,
1573 752 1642 808 ad
1665 760 2032 821 sanctumque
2050 766 2181 821 por-

588 852 752 909 tatus,
793 845 1100 899 collocatur
1138 852 1268 899 ante
1318 844 1509 899 oculos
1555 843 1730 914 ipsius
1763 843 2035 913 benignos
2066 842 2176 907 ille,

588 942 648 987 ut
676 950 805 989 vere
836 934 1038 1000 dicam,
1071 933 1424 989 miserabilis.
1462 933 1665 1005 Tetigit
1709 933 1997 989 hominem
2024 948 2180 987 more

588 1038 688 1077 suo
714 1034 940 1079 sanctus
964 1032 1021 1078 et
1052 1023 1291 1094 signavit
1318 1042 1331 1077 ε
1359 1022 1454 1078 sed
1484 1038 1609 1078 cum
1630 1024 1968 1095 paralyticus
1992 1038 2181 1078 mane-

589 1123 695 1177 ret,
744 1115 883 1169 nihil
916 1114 1038 1184 opis
1091 1113 1359 1178 sentiens,
1400 1114 1660 1182 cognovit
1699 1114 1886 1168 statim
1933 1129 2177 1181 causam,

588 1206 834 1276 dixitque
864 1225 877 1259 :
912 1206 1055 1272 Quid
1096 1214 1179 1260 est
1213 1205 1361 1275 quod
1388 1206 1576 1276 gratia:
1602 1206 1801 1261 divinae
1834 1206 2090 1262 eﬂ‘ectum
2122 1208 2179 1263 in

590 1306 641 1351 te
675 1298 1001 1366 impediens,
1028 1296 1371 1351 sanationem
1394 1295 1619 1351 differt?
1648 1296 1906 1367 Nunquid
1938 1298 1993 1352 in
2018 1298 2181 1353 idolis

588 1405 739 1459 spem
764 1390 944 1460 ponis,
972 1403 1078 1443 non
1106 1387 1161 1441 in
1184 1388 1524 1458 Deo?Negat
1547 1388 1639 1442 ille
1664 1403 1722 1442 se
1746 1390 2027 1443 conscium
2054 1390 2180 1445 talis

588 1485 666 1536 rei
688 1483 811 1538 :sed
838 1497 964 1536 eum
996 1482 1287 1535 mentitum
1311 1481 1444 1535 etin
1467 1482 1726 1551 praesenti
1760 1481 1903 1536 malo
1932 1483 2177 1552 pertina-

586 1574 725 1627 citer
743 1573 978 1627 animam
1002 1571 1327 1627 obfirmasse
1352 1572 1536 1627 sciens
1563 1591 1575 1625 :
1598 1572 1756 1627 Nunc
1776 1574 1935 1638 vade,
1962 1575 2174 1643 inquit;

587 1664 787 1719 inviset
823 1675 873 1720 te
903 1665 1052 1719 domi
1090 1674 1196 1719 tuae
1226 1664 1457 1720 humani
1506 1663 1725 1734 generis
1761 1672 1975 1719 amator
2012 1663 2175 1720 Chri-

585 1766 724 1822 stus,
759 1772 884 1811 cum
919 1757 989 1810 ad
1021 1756 1192 1826 ipsius
1223 1755 1433 1809 cultum
1459 1763 1511 1809 te
1536 1755 1908 1809 transtuleris.

2275 573 2450 638 τείας,
2482 570 2624 626 κατὰ
2652 571 2715 641 δή
2740 587 2862 624 τινα
2888 570 3106 637 ξυλείαν
3140 569 3331 636 ἐλθὼν,
3358 569 3533 622 πλείω
3563 586 3619 622 τε
3644 571 3732 623 τοῦ
3762 591 3852 642 με-

2278 662 2432 733 τρίου
2471 660 2857 731 διαναθέμενος
2904 662 3125 731 φόρτον,
3159 658 3331 722 οὕτως
3373 657 3572 727 ἀθρόον
3608 659 3849 729 παρεῐθη,

2280 752 2357 817 ὡς
2405 751 2528 824 μηδ’
2562 752 2670 822 ὅτῳ
2701 746 2796 805 οὖν
2823 750 2933 804 τῶν
2964 750 3059 804 τοῦ
3094 750 3345 820 σώματος
3389 749 3570 820 μελῶν
3604 749 3851 804 δύνασθαι

2281 842 2542 914 χρῆσθαι.
2586 843 2926 914 ’Δνελόμενοι
2950 842 3131 895 τοίνυν
3194 842 3357 895 αὑτὸν
3409 845 3457 895 οἱ
3498 843 3721 910 ἑταῖροι,
3764 845 3851 897 καὶ

2280 937 2418 1009 πρὸς
2466 938 2560 990 τὸν
2606 936 2796 1004 ’Δγιον
2842 935 3229 1003 ἀναγαγόντες.
3281 934 3493 988 τιθέασι
3534 936 3635 1006 πρὸ
3668 934 3849 999 αὑτοῦ,

2280 1026 2685 1098 φιλανθρώποις
2736 1026 3035 1096 ὀφθαλμοῖς
3080 1026 3403 1094 αὐτόχρημα
3430 1021 3631 1077 οἶκτον.
3659 1025 3761 1077 Τοῦ
3798 1026 3853 1078 δὲ

2279 1114 2423 1168 κατά
2456 1114 2517 1167 τὸ
2545 1114 2775 1185 σύνηθες
2803 1115 3084 1185 ἁψαμένου
3113 1132 3173 1168 τε
3207 1116 3302 1168 καὶ
3331 1115 3753 1185 σφραγίσαντος,
3778 1115 3849 1179 ὡς

2277 1200 2347 1277 ἦν
2387 1203 2468 1258 ἔτι
2512 1206 2863 1275 παρειμένως
2922 1207 3129 1268 ἐκεῖνος
3166 1205 3339 1276 ἔχων,
3388 1206 3650 1274 οὐδεμιᾶς
3682 1206 3854 1258 αἰσθό-

2282 1315 2441 1368 μενος
2464 1298 2783 1368 θεραπείας,
2824 1298 3003 1361 συνεὶς
3028 1298 3225 1351 αὐτίκα
3248 1298 3348 1368 τὴν
3372 1298 3551 1351 αἰτίαν
3570 1301 3598 1350 ό
3620 1299 3850 1367 Συμεών·

2279 1389 2345 1442 Τί
2403 1391 2484 1443 ὅτι
2516 1388 2655 1461 [τὰς]
2696 1391 2793 1459 τῆς
2850 1390 3000 1452 θείας
3051 1390 3142 1442 ἐπὶ
3175 1389 3258 1442 σοὶ
3289 1390 3439 1458 παρὰ
3464 1389 3601 1441 Θεοῦ
3643 1390 3856 1459 χάριτος

2278 1481 2483 1535 ἄνωθεν
2513 1485 2612 1550 τὴν
2636 1483 2778 1536 ἴασιν
2803 1482 3099 1535 ἀνεϐάλετο
3126 1499 3141 1545 ;
3188 1477 3353 1551 ἦπου,
3394 1485 3583 1551 φησιν,
3609 1475 3654 1534 ὦ
3686 1475 3853 1549 οὗτος,

2279 1572 2517 1636 εἰδώλοις
2540 1569 2593 1626 εἴ
2612 1572 2882 1627 πιστεύων
2901 1575 2996 1627 καὶ
3026 1573 3085 1626 οὑ
3117 1572 3262 1642 ego;
3296 1571 3401 1626 T05
3420 1572 3476 1626 δὲ
3504 1572 3714 1625 τοιοῦτο
3738 1591 3856 1625 συν-

2278 1665 2475 1719 ειδέναι
2499 1665 2666 1737 μηδὲν
2682 1664 3109 1736 διατεινομένου,
3133 1664 3429 1735 ψεύδεσθαι
3449 1664 3642 1717 τοῦτον
3660 1668 3857 1727 ἐκεῖνος

2278 1757 2413 1824 ἀλλὰ
2434 1759 2528 1811 καὶ
2555 1758 2907 1828 ἀμεταθέτως
2927 1757 2988 1810 τό
3008 1759 3060 1826 γ’
3080 1756 3181 1810 οὖν
3195 1756 3369 1829 παρὸν
3386 1757 3533 1827 ἔχειν
3556 1756 3736 1821 εἰδὼς,
3752 1756 3858 1809 Νῦν

587 1850 687 1921 μὲν
717 1849 969 1921 πορεύου,
1015 1852 1142 1920 ἔφη,
1180 1848 1537 1921 ἐπισκέψεται
1564 1849 1622 1902 δέ
1657 1867 1715 1903 σε
1736 1851 1827 1902 καὶ
1857 1851 1993 1904 οἴκοι
2019 1851 2252 1923 Χριστὸς
2281 1852 2663 1925 φιλάνθρωπος
2693 1852 2789 1917 ὢν,
2818 1852 2882 1905 τὸ
2917 1852 3081 1915 σέϐας
3112 1853 3192 1914 εἰς
3233 1849 3396 1903 αὑτὸν
3434 1849 3823 1919 μεταθέμενον.

656 1969 782 2022 9.02.
820 1967 1112 2022 Sublatum
1149 1966 1333 2034 itaque
1378 1965 1516 2021 socii
1550 1964 1866 2022 retulerunt
1915 1966 2174 2033 domum,

2356 1969 2457 2040 σβ’.
2501 1968 2792 2038 Ἀράμενοι
2825 1964 3115 2037 τοιγαροῦν
3146 1961 3302 2028 αὖθις
3349 1965 3514 2017 αὑτὸν
3545 1966 3598 2018 οἱ
3639 1965 3855 2033 ἑταῖροι,

587 2061 679 2115 ubi
713 2061 1003 2115 sanitatem
1072 2059 1375 2128 desperans
1425 2059 1677 2130 jacebat‘,
1734 2074 1945 2125 sorore,
2002 2077 2170 2130 quam

586 2154 823 2209 habebat
836 2152 1263 2218 mendicantem,
1280 2152 1404 2206 vita;
1418 2150 1729 2207 necessaria
1749 2151 2173 2205 subministran-

586 2254 662 2300 te.
684 2246 875 2299 Annus
892 2245 1006 2315 jam
1026 2244 1224 2299 tertius
1246 2244 1486 2299 instabat
1508 2242 1880 2306 decumbenti,
1906 2258 2030 2297 cum
2055 2244 2171 2313 ipse

585 2347 805 2402 quoque
851 2331 1133 2386 diutinum
1188 2331 1443 2385 morbum
1492 2347 1714 2395 exosus,
1763 2347 2172 2403 agnoscensque

585 2424 726 2477 nihil
760 2424 813 2477 in
848 2423 1199 2478 idololatrico
1228 2438 1415 2478 errore
1445 2424 1566 2493 opis
1596 2439 1740 2490 esse,
1770 2423 2041 2478 intellexit
2064 2425 2172 2479 alio

586 2515 796 2568 cultum
838 2514 1169 2569 vertendum
1210 2532 1223 2568 :
1263 2516 1335 2569 ita
1378 2515 1707 2585 disponente
1749 2517 2026 2586 sapienter
2061 2517 2172 2571 Deo

588 2608 793 2675 (qualia
830 2607 978 2661 illius
1026 2606 1293 2678 judicia!)
1328 2617 1387 2661 ut
1440 2608 1808 2663 diuturnitate
1838 2608 2172 2667 :all‘ectionis

590 2700 769 2767 ipsum
802 2700 1045 2752 traheret
1074 2699 1141 2753 ad
1182 2714 1261 2753 se.
1294 2699 1445 2752 Totis
1470 2699 1636 2768 igitur
1662 2699 1875 2754 viribus
1908 2699 1964 2753 in
1999 2699 2173 2755 Deum

589 2790 844 2856 credens,
878 2790 1167 2845 nocturnis
1188 2790 1514 2860 diurnisque
1532 2792 1792 2860 precibus
1815 2791 2034 2857 institit,
2060 2807 2175 2847 me-

591 2879 802 2933 diatore
838 2895 969 2934 usus
996 2878 1288 2950 Symeone,
1322 2887 1381 2933 ut
1416 2880 1638 2935 tandem
1685 2882 1919 2953 paralysi
1966 2883 2172 2937 libera-

591 2981 763 3025 retur.
795 2971 1035 3043 Contigit
1064 2974 1275 3027 interea
1294 2971 1587 3042 quemdam
1618 2973 1767 3028 illius
1790 2974 2028 3045 regionis
2067 2991 2172 3030 cte-

589 3078 715 3118 cum
764 3063 917 3117 adire
951 3073 1222 3128 sanctum,
1254 3072 1515 3133 tactuque
1553 3066 1673 3134 ejus
1703 3071 1758 3118 et
1793 3064 1948 3136 signo
1991 3065 2171 3121 crucis

590 3158 844 3212 obtinere
886 3156 1067 3211 visum
1108 3174 1121 3209 :
1154 3157 1249 3227 qui
1287 3157 1357 3212 de
1392 3156 1693 3227 gratiarum
1735 3157 1898 3228 digna
1929 3158 2171 3212 retribu-

591 3252 740 3305 tione
776 3250 1065 3320 ambiguus
1102 3247 1253 3319 (quid
1309 3248 1459 3303 enim
1507 3247 1683 3303 oculis
1740 3247 2170 3318 tequiparetur?)

2281 2059 2622 2130 κοιμίζουσιν
2646 2059 2831 2113 οἴκαδε
2856 2075 2870 2089 ’
2896 2060 2924 2111 ό
2953 2059 3011 2113 δὲ
3042 2059 3223 2129 πάσης
3248 2058 3519 2124 ἀπογνοῦς
3546 2057 3855 2128 θεραπείας.

2280 2149 2480 2212 έκειτο,
2521 2149 2920 2221 προσαιτοῦσαν
2949 2149 3088 2219 ἔχων
3126 2150 3225 2219 τὴν
3267 2149 3527 2219 ἀδελφὴν,
3571 2146 3856 2200 κάντεῦθεν

2280 2240 2428 2310 αὑτῷ
2455 2240 2523 2293 τὰ
2549 2241 2685 2310 πρὸς
2714 2240 2774 2293 τὸ
2803 2242 2901 2311 ζῇν
2926 2239 3293 2311 ὲπαρκοῦσαν.
3325 2243 3485 2305 Ἔτος
3515 2242 3617 2311 μὲν
3649 2240 3740 2292 οὖν
3766 2241 3853 2311 ήδη

2278 2331 2464 2401 τρίτον
2505 2332 2693 2401 ὲνέστη
2744 2332 3016 2402 κειμένῳ·
3058 2332 3445 2401 ἀπαγορεύσας
3490 2333 3548 2384 δὲ
3592 2333 3695 2403 ἤδη
3731 2332 3856 2402 πρὸς

2279 2424 2382 2493 τὴν
2413 2423 2633 2494 χρονίαν
2661 2423 2804 2477 οὕτω
2835 2425 3067 2495 πάρεσιν
3104 2425 3200 2476 καὶ⁸
3228 2426 3412 2489 αὑτὸς,
3451 2426 3548 2477 καὶ
3578 2428 3742 2491 γνοὺς
3768 2426 3857 2493 τῆς

2281 2516 2374 2567 ἐπὶ
2412 2515 2482 2567 τὰ
2526 2515 2719 2567 εἴδωλα
2752 2514 2961 2585 πλάνης
3010 2516 3177 2585 μηδὲν
3210 2516 3548 2587 ὠφελῆσθαι,
3583 2518 3697 2570 δεῖν
3730 2519 3857 2585 ἔγνω

2281 2607 2342 2660 τὸ
2387 2607 2551 2671 σέϐας
2601 2608 2945 2678 μεταϐαλεῖν,
2999 2610 3318 2679 κινήσαντος
3375 2610 3503 2674 ἴσως
3564 2612 3731 2664 αὑτὸν
3774 2612 3857 2663 καὶ

2281 2698 2414 2752 Θεοῦ
2444 2694 2553 2769 (οἷα
2582 2700 2651 2753 τά
2679 2700 2889 2753 ἐκείνου
2924 2700 3259 2770 κρίμαται),
3294 2702 3381 2754 ἵνα
3418 2702 3497 2771 τῷ
3539 2704 3746 2772 χρονίῳ
3770 2703 3858 2770 τῆς

2284 2790 2548 2861 μάστιγος
2591 2791 2796 2863 ἑλκύσῃ
2830 2792 2967 2863 πρὸς
2999 2793 3212 2845 ἑαυτόν.
3247 2792 3408 2855 Ὅλος
3452 2795 3751 2862 τοιγαροῦν
3772 2794 3858 2861 ἐλῃ

2280 2881 2507 2952 δυνάμει
2554 2883 2852 2945 πιστεύσας
2902 2883 3043 2954 Θεῷ,
3102 2885 3267 2937 ἐδεῖτο
3324 2884 3541 2955 νύκτωρ
3600 2885 3700 2937 καὶ
3749 2883 3859 2954 μεθ’

2280 2975 2496 3045 ἡμέραν
2543 2974 2731 3036 αὑτοῦ,
2771 2975 2967 3046 μεσίτῃ
3015 2974 3092 3043 τῷ
3144 2973 3371 3044 Συμεὼν
3418 2974 3729 3046 χρώμενος,
3770 2975 3858 3044 τῆς

2280 3068 2568 3137 παρέσεως
2614 3068 2892 3138 ἀνεθῆναι.
2942 3067 3144 3138 Συνέϐη
3186 3067 3231 3119 δ’
3266 3071 3323 3121 ὲν
3360 3067 3558 3138 τούτῳ,
3604 3069 3728 3121 τινὰ
3755 3068 3855 3121 τῶν

2280 3160 2384 3214 ἀνὰ
2405 3158 2502 3227 τὴν
2524 3158 2706 3229 χώραν
2729 3158 2942 3227 ἐκείνην
2968 3158 3184 3225 τυφλῶν
3200 3159 3569 3227 προσελθόντα
3598 3158 3679 3228 τῷ
3704 3160 3855 3228 Ἀγξῳ

2281 3253 2511 3318 πιστῶς,
2564 3253 2673 3324 ἀφῇ
2725 3251 2917 3305 τούτου
2979 3252 3072 3303 καὶ
3123 3251 3379 3322 σφραγῖδι
3437 3250 3656 3321 βλέψαι.
3696 3247 3851 3314 Οὖτίς

590 3341 736 3395 hanc
766 3341 871 3395 sibi
901 3341 1076 3411 legem
1109 3339 1325 3400 statuit,
1370 3347 1432 3393 ut
1470 3339 1566 3393 illo
1592 3339 1682 3394 die
1713 3340 2027 3410 quotannis,
2067 3354 2174 3411 quo

2280 3344 2439 3410 ἀξίας
2502 3345 2736 3415 ἀμοιϐῆς
2795 3342 3016 3413 ἀπορῶν
3093 3343 3167 3412 (τί
3239 3342 3348 3412 γὰρ
3396 3342 3699 3413 ὀφθαλμῶν
3750 3345 3849 3395 ἰσο-

594 3443 703 3487 tam
731 3431 965 3486 mirandi
999 3430 1249 3486 beneﬁcii
1276 3446 1503 3500 compos
1533 3430 1714 3485 factus
1736 3441 1873 3495 erat,
1904 3431 2176 3502 quidquid

593 3525 839 3578 lucratus
863 3522 1058 3578 luisset
1089 3537 1256 3594 opera
1287 3536 1551 3577 manuum
1591 3536 1837 3589 suarum,
1872 3522 2176 3579 distribue-

594 3627 680 3671 rct
718 3617 773 3670 in
814 3630 1040 3686 egenos.

661 3822 787 3876 205.
827 3820 962 3875 Cum
995 3818 1161 3889 igitur
1190 3828 1379 3872 votum
1424 3819 1776 3889 impleturus,
1814 3836 2004 3891 panes,
2031 3838 2174 3893 quo-

594 3928 719 3965 rum
744 3922 871 3965 tunc
897 3909 1108 3979 c0piam
1133 3908 1236 3963 sibi
1265 3921 1706 3980 comparaverat,
1737 3921 2005 3983 erogaret,
2037 3914 2176 3986 jam-

592 4019 700 4073 que
746 4009 1104 4072 porrecturus
1151 4000 1450 4071 paralytico
1497 4016 1717 4071 quoque
1758 4012 1941 4070 esset;
1983 4012 2177 4059 exten-

592 4095 757 4150 dente
774 4094 839 4148 ad
864 4092 1246 4163 accipiendum
1267 4107 1490 4147 manum
1512 4109 1667 4148 suam
1695 4109 1910 4159 sorore,
1932 4095 2176 4152 inhibuit

594 4204 674 4248 se.
711 4186 977 4241 mandans
1003 4192 1063 4239 ut
1093 4200 1236 4255 aager
1276 4183 1393 4253 ipse
1426 4185 1889 4253 apprehenderet.
1925 4185 2177 4241 Claman-

594 4279 743 4332 tibus
773 4286 956 4332 autem
991 4276 1084 4345 qui
1134 4275 1363 4328 aderant
1402 4291 1415 4327 :
1450 4275 1644 4329 Nonne
1683 4276 1855 4340 vides,
1894 4276 2176 4333 dissolutis

589 4373 771 4441 jacere
811 4369 1017 4435 nervis,
1048 4368 1407 4437 impotentem
1443 4365 1539 4434 qui
1571 4366 1658 4420 vel
1692 4367 2002 4441 membrum
2048 4384 2173 4423 cor-

596 4436 748 4532 poris
785 4461 958 4514 ullum
994 4458 1078 4512 vel
1108 4457 1436 4527 particulam
1466 4436 1721 4511 moveat?
1747 4458 2030 4514 conﬁdens
2060 4460 2176 4530 ipse

596 4556 801 4608 virtute
850 4552 1086 4622 Spiritus
1163 4550 1337 4605 sancti
1402 4549 1729 4621 Symeonem
1784 4550 2175 4618 inhabitantis,

593 4655 709 4713 aut,
751 4643 898 4714 quod
941 4642 1264 4697 credibilius
1304 4649 1409 4702 est,
1444 4641 1619 4711 ipsius
1656 4642 1886 4712 spiritus
1913 4643 2172 4713 impulsu,

594 4754 758 4809 quam
798 4736 976 4808 potuit
1012 4734 1317 4791 clarissima
1360 4749 1495 4789 voce
1534 4751 1546 4787 :
1586 4735 1642 4788 ln
1682 4735 1928 4799 nomine,
1972 4736 2171 4805 inquit,

596 4829 742 4885 servi
770 4830 864 4882 Dei
891 4826 1197 4898 Symeonis,
1224 4824 1318 4894 qui
1342 4825 1399 4879 in
1425 4825 1663 4879 mirabili
1690 4833 1936 4879 moratur
1956 4836 2170 4892 monte;

595 4930 651 4975 et
685 4920 781 4990 qui
808 4935 893 4974 me
919 4934 1123 4975 caecum
1154 4916 1342 4971 videre
1372 4916 1524 4979 fecit.
1556 4917 1791 4971 extende
1821 4933 2015 4972 manus
2053 4927 2176 4973 tuas

596 5021 653 5067 et
701 5012 888 5081 accipe
942 5009 1410 5065 benedictionem.
1457 5007 1594 5062 Cum
1653 5008 1803 5064 illico
1853 5010 2173 5080 (quomodo,

596 5103 923 5160 immortalis
964 5101 1193 5155 Domine
1213 5142 1228 5166 ,
1261 5098 1493 5153 cantabo
1517 5098 1950 5155 misericordiam
1966 5110 2112 5154 tuam
2134 5101 2172 5169 !)

597 5213 708 5253 non
766 5206 979 5251 tantum
1026 5193 1397 5249 corroborata:
1428 5207 1625 5247 manus
1675 5200 1974 5264 potuerunt
2009 5208 2176 5261 panes

599 5287 1037 5360 apprchendere,
1071 5299 1263 5339 verum
1292 5282 1661 5353 quodcunque
1685 5284 1851 5338 etiam
1873 5284 2023 5338 aliud
2049 5299 2176 5339 cor-

520 5452 523 5455 _
597 5381 749 5453 poris
779 5378 1088 5433 membrum
1124 5375 1337 5447 integre
1361 5384 1612 5430 sanatum
1644 5391 1743 5445 pro
1775 5375 2048 5446 exigentia
2082 5390 2179 5429 na—

598 5484 731 5529 tura:
764 5471 1113 5528 movebatur.
1141 5468 1425 5539 Quotquot
1456 5468 1623 5539 igitur
1651 5478 1951 5538 przesentes
1996 5477 2175 5532 erant,

596 5567 1003 5635 obstupuerunt
1022 5564 1239 5619 insolita
1262 5562 1495 5634 prodigii
1521 5561 1895 5632 magnitudine
1919 5580 1931 5614 :
1952 5561 2025 5614 illi
2048 5576 2178 5615 vero

595 5654 687 5725 qui
718 5664 943 5709 sanatus
974 5654 1151 5709 fuerat
1178 5653 1439 5709 invisibili
1468 5653 1703 5724 quodam
1730 5651 1890 5707 modo
1919 5650 2174 5721 apparuit

595 5757 837 5809 sanctus,
883 5747 1109 5801 hortans
1151 5761 1276 5801 eum
1326 5753 1389 5801 ut
1441 5746 1663 5800 domum
1715 5742 2063 5809 concederet,
2116 5751 2173 5798 et

597 5851 717 5905 quae
751 5836 824 5890 ibi
859 5835 1096 5891 habebat
1123 5835 1268 5891 idola
1293 5836 1711 5892 connninueret.
1745 5835 1844 5891 llic
1873 5849 2027 5901 vero,
2061 5849 2171 5888 non

2278 3438 2527 3504 στάσιον;
2548 3438 2589 3505 ),
2613 3435 2852 3489 τοιοῦτον
2882 3434 3055 3505 ἐαυτῷ
3093 3434 3274 3503 τίθησι
3305 3436 3494 3503 νόμον,
3517 3436 3620 3503 τὴν
3651 3435 3848 3503 ἡμέραν

2276 3529 2429 3593 ἔτους
2460 3530 2714 3590 ἑκάστου,
2743 3527 2863 3581 καθ’
2898 3528 2964 3596 ἣν
3003 3526 3100 3595 τῆς
3132 3526 3436 3594 παραδόξου
3468 3527 3675 3596 ταύτης
3705 3525 3849 3595 Depu-

2277 3620 2436 3683 πείας
2473 3620 2649 3689 τύχοι,
2687 3620 2831 3690 ἆπερ
2881 3618 2948 3672 ἂν
2989 3619 3022 3688 ἡ
3066 3618 3188 3689 χεὶρ
3220 3617 3421 3688 ἔχουσα
3458 3616 3545 3687 εἴη
3581 3616 3847 3684 διανέμειν

2275 3715 2391 3776 τοῖς
2422 3713 2647 3766 ὲνδεέσι.

2348 3804 2452 3873 σγ’.
2484 3806 2622 3858 Ποτὲ
2640 3803 2768 3872 γοῦν
2786 3806 2812 3857 ό
2831 3804 2929 3872 μὲν
2956 3803 3046 3856 τὸν
3062 3804 3301 3856 τοιοῦτον
3320 3802 3529 3873 ὲπεπλή
3539 3820 3634 3873 ρον
3662 3804 3838 3871 νόμον,

2276 3896 2372 3949 καὶ
2403 3896 2602 3968 ἄρτους
2639 3897 2808 3950 ἐδίδου
2839 3890 2913 3949 ὧν
2940 3895 3248 3967 τηνικαῦτα
3271 3897 3525 3966 ηὐπόρει,
3554 3897 3769 3968 ὀρέγειν
3796 3895 3848 3949 δὲ

2276 3988 2379 4060 ἤδη
2418 3990 2512 4041 καὶ
2553 3988 2630 4059 τῷ
2661 3988 2958 4060 παραλύτῳ
3007 3989 3237 4058 μέλλων,
3285 3990 3383 4059 τὴν
3416 3991 3576 4058 χεῖρα
3613 3989 3755 4058 πρὸς
3799 3987 3849 4040 τὸ

2275 4081 2461 4135 λαϐεῖν
2486 4081 2586 4151 τῆς
2610 4082 2845 4152 ἀδελφῆς
2866 4082 3205 4152 ὲκτεινάσης,
3233 4079 3494 4151 ἐπισχὼν,
3524 4082 3685 4134 αὑτὸν
3718 4082 3850 4133 tusi-

2276 4192 2367 4229 vov
2396 4176 2613 4230 ἐκέλευε
2646 4176 2896 4246 δέχεσθαι
2936 4178 3125 4247 χεῖρας
3150 4175 3457 4245 ὑποσχόντα
3480 4174 3571 4227 τὸν
3594 4172 3850 4244 παρειμέ-

2276 4284 2384 4321 νον.
2416 4266 2537 4321 Τῶν
2569 4265 2627 4319 δὲ
2669 4266 2977 4339 παρόντων,
3031 4268 3144 4336 Οὑχ
3197 4266 3331 4336 ὁρᾷς
3377 4265 3524 4327 ὅπως
3571 4265 3849 4335 παρέσεως

2277 4359 2412 4429 ἔχει,
2439 4358 2727 4427 λεγόντων,
2755 4358 2830 4420 ὡς
2861 4358 2996 4428 μηδὲ
3027 4358 3178 4427 μέλει
3208 4356 3302 4409 τοῦ
3328 4354 3578 4425 σώματός
3610 4371 3721 4406 τινι
3762 4372 3850 4423 μη-

2279 4451 2336 4505 δὲ
2378 4452 2534 4525 μέρει
2579 4449 2815 4522 χρῆσθαι
2848 4448 3073 4511 δυνατὸς
3106 4444 3281 4514 εἶναι;
3329 4446 3611 4517 θαρρήσας
3654 4446 3850 4506 tacetve;

2275 4546 2343 4614 τῇ
2378 4543 2664 4615 ὲνοικούσῃ
2696 4543 2790 4595 τοῦ
2822 4542 3136 4613 Πνεύματος
3166 4540 3391 4609 δυνάμει
3441 4537 3520 4608 τῷ
3546 4536 3793 4607 Συμεὼν,
3819 4537 3846 4607 ἦ

2279 4634 2376 4687 καὶ
2408 4634 2651 4705 κινηθεὶς
2685 4634 2778 4687 ὑπ’
2809 4633 3057 4705 αὑτῆς,ζὸ
3104 4632 3197 4685 καὶ
3250 4632 3471 4702 μᾶλλον,
3511 4630 3741 4701 λαμπρᾷ
3784 4630 3847 4690 ὡς

2278 4722 2423 4797 εἶχεν
2455 4726 2741 4780 ὑπολαϐὼν
2764 4729 2830 4798 τῇ
2863 4731 3036 4797 φωνῇ,
3072 4726 3160 4778 Ἐν
3185 4724 3410 4793 ὀνόματι
3437 4723 3530 4776 τοῦ
3551 4723 3742 4775 δούλου
3767 4719 3847 4774 τοῦ

2279 4816 2413 4870 Θεοῦ
2442 4817 2665 4888 Συμεὼν
2698 4817 2791 4870 τοῦ
2816 4817 2956 4870 κατὰ
2985 4816 3046 4869 τὸ
3078 4814 3390 4885 θαυμαστὸν
3421 4813 3566 4883 ὅρος,
3602 4814 3730 4881 ἔφη.
3764 4808 3845 4863 τοῦ

2280 4910 2424 4978 κάμὲ
2449 4909 2647 4976 τυφλὸν
2672 4909 2801 4962 ὄντα
2831 4910 3155 4978 ποιήσαντος
3178 4905 3499 4974 ἀναϐλέψαι,
3532 4906 3631 4965 τὰς
3666 4899 3845 4954 ἑαυτοῦ

2280 5001 2468 5071 χεῖρας
2524 4999 2792 5062 ἐκτείνας,
2831 4997 2979 5061 δέξαι
3045 4996 3146 5065 τὴν
3202 4994 3491 5062 εὑλογίαν⁸
3544 4994 3644 5045 καὶ
3678 5007 3847 5060 παρα-

2281 5096 2474 5167 χρῆμα
2502 5093 2567 5155 (ὦ
2604 5092 2742 5154 πῶς,
2766 5091 3001 5143 ἀθάνατε
3041 5088 3242 5158 Χριστὲ
3277 5086 3518 5156 βασιλεῦ,
3543 5085 3765 5157 ᾁσωμαι
3790 5083 3847 5132 τὰ

2272 5188 2397 5256 ὲλέη
2436 5185 2600 5252 σουὶ)
2636 5182 2696 5234 οὑ
2732 5183 2912 5250 χεῖρες
2945 5178 3185 5250 ἔρρωντο
3218 5177 3377 5246 μόνον
3403 5176 3531 5237 τοὺς
3558 5176 3757 5243 ἄρτους
3776 5171 3843 5222 δερ

2274 5281 2523 5351 χόμεναι,
2569 5273 2706 5328 ἀλλά
2757 5272 2852 5326 καὶ
2898 5270 2949 5323 εἴ
3002 5289 3052 5323 τι
3092 5268 3220 5323 ἄλλο
3251 5266 3343 5319 τοῦ
3381 5264 3634 5333 σώματος
3673 5264 3840 5332 μέλος,

2276 5371 2443 5439 ὑγιῶς
2474 5369 2705 5421 ἐκινεῖτο
2739 5365 2833 5418 καὶ
2864 5362 3003 5415 κατὰ
3040 5360 3222 5431 φύσιν.
3252 5359 3314 5410 Οἱ
3344 5357 3443 5427 μὲν
3469 5352 3565 5409 οὖν
3594 5357 3846 5426 παρόντες

2276 5463 2353 5531 τῷ
2389 5458 2483 5513 τοῦ
2518 5456 2793 5527 θαύματος
2846 5453 3064 5525 μεγέθει
3115 5449 3636 5518 καταπεπλήγεσαν,
3682 5445 3758 5514 τῷ
3798 5444 3844 5494 δὲ

2276 5553 2491 5622 τυχόντι
2530 5549 2628 5619 τῆς
2672 5546 2970 5618 θεραπείας
2999 5544 3027 5595 ὁ
3058 5544 3247 5610 ’Ἄγιος
3278 5540 3520 5601 ἀθεάτως
3548 5537 3843 5606 ἐπιφανεὶς.

2275 5645 2456 5699 οἴκαδε
2489 5642 2733 5705 ἀπιέναι,
2774 5639 2844 5693 τά
2886 5655 2946 5690 τε
2992 5635 3122 5705 παρ’
3152 5631 3301 5703 αὑτῷ
3332 5630 3525 5686 εἴδωλα
3550 5626 3844 5698 συντρίϐει)

2280 5738 2484 5807 σπουδῇ
2510 5732 2827 5806 παρηγγύα.
2863 5730 2922 5784 '0
2952 5729 3008 5783 δὲ
3038 5729 3099 5782 οὑ
3126 5729 3225 5798 τὴν
3248 5725 3467 5795 ἐντολὴν
3503 5723 3665 5793 μόνον
3694 5719 3843 5783 ἱξέως

2279 5831 2539 5901 ἐπλήρου,
2564 5827 2700 5882 ἀλλα
2725 5843 2775 5878 τι
2800 5823 2892 5878 καὶ
2914 5821 3040 5893 παρ’
3068 5818 3262 5875 ἑαυτοῦ
3290 5814 3620 5885 προσετίθει,
3638 5809 3843 5881 πῦριιὺ-
