4006 6508
99 347 251 415 3173

1132 363 1308 424 VITA
1346 364 1393 424 Α
1426 362 1866 427 NICEPHORO
1902 369 2393 435 CONSCRIPTA.

3253 378 3395 445 3174

102 493 227 555 τοῖς
262 492 403 562 μετὰ
432 494 531 564 τῆς
557 494 849 567 συντριᾶῆς
886 495 1161 565 ἐμϐαλὼν,
1184 500 1280 554 καὶ
1304 499 1408 572 τὴν
1436 502 1707 573 προτέραν

1814 485 1978 540 modo
2028 489 2177 558 quod
2214 490 2402 561 jussus
2441 503 2559 547 erat
2591 494 2915 566 :dimplevit
2961 510 3258 569 accurate;
3297 505 3395 560 sed

107 585 341 656 ἀπάτην
403 584 792 655 δημοσιεύσας,
834 588 1088 661 καθάπερ
1149 591 1297 663 αὑτῷ
1350 594 1555 665 ταύτης
1601 594 1704 649 οὑκ

107 677 276 746 ὀλίγα
310 676 723 748 μεταμελῆσαν.

190 855 287 908 σδ’.
321 848 488 918 Οὗτος
525 855 584 908 ὲν
632 854 785 925 ἀκμῇ
824 855 925 925 τῆς
966 857 1180 928 ἡλικίας
1212 858 1310 925 ὡς,
1342 859 1573 931 ἔφημεν,
1605 860 1701 927 ῶν,

116 944 493 1015 μνηστεύεται
523 960 668 1008 τινος
697 945 960 1015 Ἕλληνος
1001 946 1297 1020 θυγατέρα,
1335 949 1591 1013 τοιαύτας
1620 949 1706 1002 θέ-

116 1053 284 1104 μενος
313 1036 527 1106 πρῶτον
556 1034 677 1105 Θεῷ
712 1038 804 1089 καὶ
831 1036 909 1108 τῷ
943 1037 1167 1109 Συμεὼν
1190 1040 1539 1111 ὑποσχέσεις,
1560 1040 1702 1095 ὥστε

116 1133 197 1200 μὴ
260 1136 528 1201 πρότερον
593 1132 859 1202 ὁμιλῆσαι
909 1132 1109 1204 γάμοις
1164 1134 1297 1205 πρὶν
1336 1134 1403 1188 ἂν
1433 1136 1584 1205 παρὰ
1616 1136 1706 1191 τὸν

114 1225 314 1277 στύλον
342 1226 657 1293 γενόμενος,
691 1224 885 1298 ὑψώσῃ
924 1242 981 1278 σε
1013 1227 1042 1277 ὁ
1082 1226 1214 1290 Θεός
1252 1245 1353 1297 μου
1381 1230 1409 1282 ὁ
1444 1228 1707 1293 Βασιλεύς

115 1333 246 1383 μου,
284 1316 379 1368 καὶ
408 1316 483 1385 τῷ
532 1315 609 1385 σῷ
639 1316 930 1387 θεράποντι
966 1319 1192 1389 Συμεὼν
1242 1321 1425 1391 ἀποδῷ
1475 1321 1575 1385 τὰς
1612 1323 1705 1375 εὑ-

114 1408 431 1477 χαριστίαςο
468 1408 575 1461 Τοῧ
609 1409 666 1462 δὲ
696 1409 797 1478 τῆς
826 1413 996 1482 κόρης
1030 1412 1257 1483 πατρὸς,
1294 1416 1345 1467 εί
1382 1414 1457 1485 μὴ
1504 1415 1599 1466 νῦν
1651 1416 1701 1468 οί

114 1500 292 1568 γάμοι
324 1499 747 1567 συντελεσθεῖεν,
791 1502 893 1555 οὑκ
922 1503 1124 1557 ἀνεκτὰ
1152 1506 1501 1574 ποιουμένου,
1535 1506 1707 1560 ἐκδώ-

117 1591 314 1644 σεσθαι
364 1592 420 1645 δὲ
447 1592 541 1646 καὶ
571 1594 732 1646 αὑτὸν
754 1593 927 1666 ἑτέρῳ
967 1595 1173 1665 μᾶλλον
1204 1598 1360 1667 ἀνδρὶ
1418 1598 1707 1652 ἀπειλοῦνη

113 1700 239 1750 τος,
291 1684 547 1757 δευτέρας
588 1687 796 1749 ἐκεῖνος
824 1689 933 1740 τῶν
963 1690 1027 1742 ὲκ
1059 1689 1153 1745 τοῦ
1184 1690 1450 1762 πενθεροῦ
1482 1691 1706 1762 θέμενος

120 1776 386 1844 ἀναγκῶν
415 1777 513 1840 τὰς
566 1778 703 1849 πρὸς
752 1778 842 1833 τὸν
880 1780 1071 1849 ’Ᾱγιον
1119 1781 1419 1852 συνθήκας,
1467 1784 1707 1836 ἐπινεύει

118 1868 223 1920 καὶ
248 1870 419 1933 ἄκων,
455 1869 550 1922 καὶ
583 1869 719 1940 δῆτα
744 1870 968 1925 πάντων
998 1872 1106 1925 τῶν
1146 1874 1211 1927 ὲκ
1233 1874 1335 1943 τῆς
1394 1874 1705 1946 περιχώρου

120 1962 314 2031 σχεδὸν
328 1960 1012 2033 ἁθροισθέντων,Ἕλληνες
1024 1963 1081 2016 δὲ
1095 1960 1234 2035 ἦσαν
1250 1964 1356 2036 ἄρα
1372 1966 1468 2019 καὶ
1486 1968 1583 2037 τῆς
1600 1966 1715 2018 Ἐλ-

117 2053 630 2124 λήνωνθρησκείας.
666 2054 751 2117 Ὠς
769 2054 868 2124 ήδη
897 2054 993 2109 καὶ
1028 2057 1087 2123 οἱ,
1108 2055 1276 2126 γάμοι
1307 2057 1709 2123 συνετελοῦντο,

120 2147 221 2198 καὶ
242 2145 312 2197 τὰ
328 2162 397 2214 γα
406 2146 571 2216 μήλια
592 2145 891 2209 εἱστιῶντο,
909 2146 1160 2218 δαίμονες
1176 2150 1357 2212 αὑτοῖς
1374 2149 1568 2221 ἁθρόον
1586 2153 1711 2203 ἑπι-

121 2236 393 2302 πηδῶσιν,
420 2237 480 2289 οὑ
498 2236 733 2308 γαμϐρῷ
755 2239 848 2290 καὶ
877 2238 953 2309 τῷ
984 2239 1229 2311 πενθερῷ
1249 2242 1428 2311 μόνον,
1451 2242 1585 2295 ἀλλὰ
1618 2242 1712 2296 καὶ

118 2331 193 2398 τῇ
220 2327 410 2399 νύμφῃ
431 2328 649 2400 δηλαδὴ,
681 2332 777 2383 καὶ
811 2333 876 2401 τῇ
913 2332 1102 2401 μητρὶ,
1142 2333 1239 2386 καὶ
1271 2336 1383 2397 τοῖς
1432 2334 1707 2404 ἀδελφοῖς,

119 2423 223 2475 καὶ
250 2423 363 2475 ὅσοι
393 2422 543 2475 ἄλλοι
580 2422 687 2475 τῶν
715 2424 909 2493 γάμων
940 2420 1081 2495 ἦσαν
1108 2425 1382 2497 ὑπηρέται
1408 2428 1502 2479 καὶ
1537 2445 1707 2481 σπου-

118 2515 339 2568 δασταί·
367 2516 464 2585 οὑχ
490 2514 630 2568 οὑτω
659 2515 758 2585 τὴν
787 2515 897 2569 τῶν
916 2516 1197 2587 συνθηκῶν
1226 2517 1499 2587 ἀθέτησιν,
1531 2514 1709 2587 οἶμαι,

121 2608 231 2677 τῆς
288 2606 435 2670 θείας
470 2608 625 2677 δίκης
672 2606 1154 2679 δυσχεραινούσης,
1183 2610 1306 2663 ὅσον
1347 2611 1455 2663 ἀπὸ
1486 2611 1585 2680 τῆς
1617 2612 1709 2663 ἐπὶ

120 2700 197 2753 τὰ
252 2700 445 2753 εἴδωλα
494 2700 699 2770 πλάνης
750 2701 1076 2771 ἐπιστρέψαι
1130 2704 1309 2773 ψυχὰς
1362 2706 1441 2767 είς
1475 2704 1709 2773 ἐπίγνω-

124 2807 215 2843 σιν
249 2789 384 2843 Θεοῦ
419 2790 768 2861 βουλομένης.
807 2794 873 2844 ὐ
899 2791 963 2862 δὴ
986 2793 1244 2845 καὶκατὰ
1281 2793 1446 2855 πόδας
1473 2794 1705 2863 ἀπήντα.

136 2878 425 2948 Ῥίψαντες
459 2878 567 2948 γὰρ
593 2879 661 2931 τὰ
691 2881 748 2931 ὲν
774 2878 933 2950 χερσὶ
971 2879 1193 2943 πάντες,
1227 2879 1503 2950 δρομαίως
1556 2880 1709 2950 παρὰ

120 2972 222 3024 τὸν
251 2971 440 3037 ’Λγιον
473 2970 852 3038 ἀφικνοῦνται,
890 2971 951 3023 οὑ
998 2970 1292 3041 θεραπείας
1336 2970 1495 3041 μόνον
1524 2973 1709 3040 τυχεῖν

120 3061 430 3129 ἀξιοῦντες,
469 3062 604 3115 ἀλλὰ
638 3064 731 3117 καὶ
759 3064 860 3133 τὴν
890 3072 956 3115 πε
968 3064 1020 3132 pi.
1049 3062 1118 3115 τὰ
1147 3063 1345 3115 εἴδωλα
1382 3062 1532 3130 σφῶν
1561 3063 1707 3116 ἀπά-

1807 576 2016 648 aliquid
2054 581 2219 635 etiam
2271 585 2670 653 superaddens,
2703 590 2815 659 jam
2848 593 3087 648 contrita
3117 595 3309 665 injecit
3335 598 3393 654 in

1808 667 2020 739 ignem;
2084 687 2149 726 ac
2194 673 2493 743 pristinum
2551 693 2799 734 errorem
2860 697 3020 738 suum
3081 687 3393 756 publicatis,

1806 762 2052 817 ostendit
2090 780 2148 819 se
2177 780 2294 820 non
2344 783 2484 822 vana
2518 771 2848 839 pcenitentia
2888 774 3038 831 duci.

1876 852 2003 909 204.
2029 853 2365 913 Versabatur
2389 859 2499 926 ille,
2534 870 2593 915 ut
2616 862 2823 918 dictum
2850 875 2955 927 est.
2989 868 3045 922 in
3077 868 3213 926 flore
3258 882 3393 928 aeta-

1807 946 1896 1013 tis,
1961 949 2334 1021 poscebatque
2383 968 2611 1009 uxorem
2655 955 2759 1010 sibi
2818 960 3045 1027 gentilis
3100 963 3390 1032 cujusdam

1808 1037 1999 1103 ﬁliam,
2057 1038 2161 1094 hac
2190 1040 2348 1109 prius
2396 1042 2795 1111 pollicitatione
2844 1049 2955 1103 Deo
3015 1066 3078 1105 ac
3134 1052 3393 1125 Symeoni

1809 1128 1971 1194 facta,
2002 1146 2111 1185 non
2140 1131 2397 1187 daturum
2427 1148 2487 1190 se
2506 1136 2663 1205 prius
2687 1153 2914 1207 Operam
2934 1144 3393 1217 conjugio,quam

1809 1220 2076 1275 accedens
2099 1221 2165 1275 ad
2201 1222 2537 1289 columnam,
2563 1237 2613 1280 te
2633 1227 2803 1282 Deum
2834 1247 2900 1287 ac
2932 1248 3115 1303 regem
3143 1245 3394 1291 nostrum

1808 1312 2098 1368 extulisset
2158 1315 2373 1370 meritis
2430 1318 2707 1387 laudibus,
2770 1338 2983 1395 suoque
3031 1327 3246 1382 medico
3292 1328 3395 1398 Sy-

1809 1404 1988 1458 meoai
2013 1405 2219 1475 gratias
2240 1407 2621 1475 persolvisset.
2657 1410 2763 1465 Sed
2804 1428 2929 1468 cum
2980 1417 3178 1484 puellae
3212 1426 3392 1486 pater,

1810 1495 1916 1550 nisi
1941 1496 2127 1551 statim
2181 1497 2379 1552 fierent
2432 1501 2660 1570 nuptiae,
2714 1519 2823 1557 non
2878 1507 3281 1574 permissurum
3333 1526 3393 1567 se

1810 1585 2030 1650 deinde,
2057 1586 2166 1640 imo
2189 1588 2349 1641 alteri
2402 1591 2521 1643 viro
2562 1592 2960 1649 collocaturum
3020 1597 3185 1651 tiliam
3235 1614 3389 1653 suam

1809 1677 2186 1743 minitaretur;
2206 1688 2363 1747 pacta
2381 1679 2469 1734 ille
2494 1696 2619 1735 cum
2644 1694 2839 1738 sancto
2860 1685 2997 1741 inita
3020 1698 3387 1758 postponens,

1810 1768 2124 1824 necessitati
2149 1785 2179 1824 a
2210 1785 2405 1824 socero
2436 1770 2542 1825 sibi
2588 1771 2744 1831 factae
2774 1776 2968 1829 annuit
3001 1777 3129 1832 licet
3160 1779 3387 1846 invitus;

1741 1840 1779 1893 Β
1812 1860 1977 1931 idque
2003 1864 2346 1933 congregatis
2368 1863 2484 1918 fere
2508 1865 2707 1919 vicinis
2736 1867 3020 1932 omnibus,
3039 1870 3134 1938 qui
3157 1840 3392 1939 gentiles

1811 1960 1967 2007 erant
2000 1955 2370 2025 etgentiiitiis
2424 1957 2917 2026 superstitionibus
2975 1960 3169 2016 dediti.
3221 1963 3392 2017 Porro

1810 2045 2106 2100 celebratis
2157 2047 2268 2116 jam
2317 2048 2528 2117 nuptiis
2588 2050 2882 2120 soluteque
2915 2054 3189 2118 convivio,
3250 2056 3387 2110 insi~

1810 2136 1951 2190 liunt
2005 2147 2229 2208 repente
2278 2139 2578 2205 (immunes,
2642 2157 2755 2195 non
2804 2144 2981 2198 solum
3027 2145 3082 2200 in
3122 2163 3384 2217 generum

1810 2237 1973 2297 atque
2007 2243 2282 2293 socerum,
2310 2230 2405 2283 sed
2434 2240 2489 2284 ct
2520 2231 2572 2284 in
2605 2247 2887 2300 sponsam,
2936 2234 2991 2288 in
3043 2247 3295 2303 matrem,
3331 2239 3385 2292 in

1811 2320 2027 2382 fratres,
2061 2331 2117 2375 et
2150 2331 2419 2391 quotquot
2442 2324 2681 2378 ministri
2721 2324 3032 2383 fautoresve
3070 2332 3388 2401 nuptiarum

1812 2410 2070 2478 fuerant;
2101 2413 2289 2468 divina
2325 2415 2540 2485 justitia
2586 2433 2695 2470 non
2732 2426 2839 2472 tam
2888 2436 3055 2490 κει-ε,
3120 2430 3180 2475 ιιι
3234 2431 3392 2493 puto,

1810 2499 2019 2556 ferente
2078 2503 2386 2572 neglectum
2449 2516 2756 2573 pactorum,
2808 2522 2973 2578 quam
3033 2511 3255 2566 volente
3318 2514 3390 2567 ab

1810 2592 2081 2648 idolorum
2116 2611 2307 2650 errore
2343 2597 2610 2653 abductas
2637 2600 2851 2655 animas
2899 2601 2965 2655 ad
3012 2603 3132 2659 veri
3163 2605 3258 2659 Dei
3292 2620 3390 2659 co-

1809 2687 2110 2757 gnitionem
2142 2690 2392 2743 converti
2422 2705 2435 2743 :
2477 2691 2623 2759 quod
2656 2692 2822 2747 etiam
2871 2696 3138 2749 continuo
3184 2697 3389 2752 factum

1809 2784 1915 2830 est.
1946 2776 2191 2848 Abjcctis
2212 2779 2357 2833 enim
2382 2780 2451 2834 iis
2493 2798 2614 2851 quae
2640 2799 2752 2852 prae
2803 2785 3059 2840 manibus
3088 2797 3265 2855 erant,
3296 2804 3390 2842 ce-

1810 2870 1912 2924 leri
1946 2887 2111 2925 cursu
2140 2872 2205 2925 ad
2236 2881 2489 2927 sanctum
2520 2876 2831 2943 pervadunt
2876 2892 3088 2942 omnes,
3130 2895 3238 2933 non
3267 2889 3391 2934 tan-

1810 2972 1924 3016 tum
1955 2973 2213 3033 rogantes
2243 2964 2536 3030 medelam,
2571 2966 2664 3020 sed
2692 2976 2748 3021 et
2780 2968 2999 3036 publice
3042 2971 3387 3038 proclaman-

1810 3064 1893 3109 tes
1928 3057 2135 3110 cultum
2168 3056 2443 3110 idolorum
2505 3072 2730 3112 suorum
2792 3075 2913 3114 esse
2959 3075 3278 3127 erroneum,
3333 3072 3391 3116 et

120 3170 227 3224 την
262 3152 697 3224 δημοσιεύοντες,
723 3155 815 3207 καὶ
852 3154 1041 3224 μισθὸν
1066 3154 1254 3223 ὥσπερ
1274 3150 1341 3225 ἦς
1366 3154 1531 3225 ᾔτουν
1552 3154 1707 3224 εὑερ-

1812 3147 1967 3215 quasi
2002 3147 2313 3200 mercedem
2358 3149 2620 3217 postulati
2667 3149 2919 3203 benelicii
2967 3152 3389 3205 conversionem

121 3247 355 3315 γεσίας,
408 3246 508 3315 τὴν
560 3247 638 3307 εἰς
688 3246 819 3299 Θεὸν
866 3247 1202 3317 ἐπιστροφὴν
1256 3246 1705 3309 καταϐάλλοντες.

122 3337 240 3399 Οὓς
274 3337 303 3389 ὁ
340 3339 516 3407 παχὺς
548 3339 625 3400 είς
652 3332 834 3389 οἶκτον
865 3336 1048 3402 εὐθὺς,
1076 3339 1173 3408 τῆς
1209 3339 1272 3390 ὲκ
1312 3336 1407 3390 τοῦ
1458 3337 1711 3406 δαίμονος

122 3428 398 3500 ἐπηρείας
429 3428 830 3498 ἐλευθερώσας,
860 3429 956 3482 καὶ
996 3430 1098 3483 ὅσα
1126 3430 1259 3501 πρὸς
1301 3430 1578 3501 σωτηρίαν
1631 3429 1711 3481 δι-

122 3521 300 3586 δάξας
331 3522 430 3573 καὶ
464 3521 825 3591 παραινέσας,
855 3522 1029 3589 ὑγιεῖς
1060 3522 1242 3576 οἶκαδε
1291 3521 1543 3584 ἀπολύει,
1575 3521 1714 3591 λαμ-

126 3612 410 3683 προτέραν
443 3612 551 3665 τῶν
581 3613 785 3684 γάμων
823 3612 1001 3684 πολλῷ
1038 3614 1138 3685 τὴν
1177 3614 1389 3669 ἑαυτῶν
1436 3616 1712 3685 σωτηρίαν

124 3703 625 3774 πανηγυρίζοντας.

201 3802 302 3851 σε’.
338 3796 655 3868 Παρέϐαλόν
708 3815 854 3862 τινες
910 3797 1061 3869 αὑτῷ
1103 3798 1203 3868 τῆς
1270 3797 1700 3862 Καππαδοκῶν,

124 3889 403 3951 ποικίλοις
427 3890 623 3943 πάθεσι
646 3890 958 3960 πιεζόμενοι
986 3906 1000 3921 ⁸
1042 3889 1247 3943 τούτων
1286 3883 1367 3953 εἷς
1398 3889 1592 3954 ἄλαλος
1616 3886 1708 3959 ἦν.

122 3980 254 4034 Τῶν
284 3980 417 4049 γοῦν
462 3981 636 4034 ἄλλων
666 3982 966 4052 θεραπείαν
1004 3982 1110 4035 ὑπὸ
1141 3981 1237 4035 τοῦ
1283 3981 1466 4050 Ἀγίου
1516 3984 1712 4053 τυχόν-

120 4094 258 4143 των,
293 4077 453 4147 μόνος
482 4077 640 4147 ἒμενε
673 4079 938 4147 κωφεύων
969 4079 1197 4142 ἐκεῖνος,
1235 4077 1358 4149 μηδ’
1387 4076 1567 4132 ὁτιοῦν
1611 4079 1710 4148 τῆς

118 4170 205 4233 εἰς
235 4168 403 4222 αὑτὸν
435 4170 660 4240 πορείας
700 4171 983 4240 ὀνάμενος.
1016 4170 1219 4240 Τρίτην
1260 4169 1554 4241 τοιγαροῦν
1588 4187 1699 4221 πα-

123 4261 504 4332 ραμείναντες
542 4261 748 4331 ἡμέραν
781 4264 916 4325 ἐκεῖ,
946 4261 1021 4325 ὼς
1064 4262 1162 4332 ήδη
1206 4262 1304 4333 τὴν
1335 4263 1462 4333 ἑξῆς
1488 4261 1712 4333 ἔμελλον

120 4354 380 4417 ἀπιέναι,
412 4353 790 4424 διαναθέμενοι
837 4353 905 4407 τά
936 4354 1152 4425 φορτία,
1188 4355 1387 4408 είσίασι
1430 4354 1567 4427 πρὸς
1607 4355 1711 4408 αὑ-

118 4445 241 4508 τὸν,
270 4444 369 4497 τοῦ
408 4445 507 4507 τὰς
562 4444 727 4498 αὑτοῦ
759 4446 925 4516 εὐχὰς
970 4445 1378 4516 ἐφοδιασθῆναι.
1430 4446 1488 4501 '0
1522 4446 1707 4517 μέντοι

1810 3238 1877 3291 ad
1902 3239 2072 3292 Deum
2101 3240 2486 3309 rependentes.
2512 3241 2619 3297 Eos
2640 3257 2771 3312 ergo
2810 3242 2958 3296 celer
3006 3243 3074 3297 ad
3116 3245 3389 3299 miseran-

1811 3327 1942 3382 dum
2002 3328 2259 3400 Symeon,
2298 3338 2354 3385 et
2385 3331 2651 3387 daemonis
2713 3334 3004 3389 vexatione
3062 3335 3288 3400 liberos,
3333 3346 3390 3391 et

1810 3422 2121 3477 necessaria
2155 3422 2223 3477 ad
2250 3423 2483 3479 salutem
2511 3424 2759 3489 edoctos,
2801 3426 3135 3497 monitisque
3167 3428 3388 3483 institu-

1814 3522 1919 3579 tos,
1959 3529 2121 3569 sanos
2162 3522 2326 3584 atque
2379 3515 2686 3571 incolumes
2736 3516 2929 3572 domos
2984 3532 3112 3573 suas
3144 3518 3375 3583 remisit,

1812 3604 2160 3673 Splendidius
2180 3606 2560 3661 conversionis
2580 3622 2690 3661 sua:
2715 3622 2877 3677 quam
2901 3608 3215 3677 nuptiarum
3239 3606 3385 3663 diem

1811 3696 2209 3751 celebraturos.

1880 3786 2004 3840 205.
2041 3787 2414 3841 Perveneram
2446 3787 2670 3856 quidam
2729 3786 3081 3857 Cappadoces
3138 3787 3207 3843 ad
3264 3804 3392 3843 san-

1812 3886 1986 3941 ctum,
2009 3877 2177 3931 variis
2226 3876 2646 3932 infirmitatibus
2684 3878 2890 3942 aﬂ‘ecti,
2955 3894 3193 3948 quorum
3242 3895 3389 3935 unus

1812 3979 1929 4024 erat
1955 3978 2161 4024 mutus.
2204 3969 2340 4024 Cum
2398 3979 2581 4023 autem
2614 3985 2681 4023 ex
2731 3969 2819 4024 his
2859 3969 2951 4024 alii
3010 3970 3389 4027 incolumitate

1812 4058 2173 4123 donarentur,
2209 4059 2360 4113 solus
2390 4058 2482 4112 hic
2539 4058 2781 4129 elinguis
2811 4061 3131 4128 permansit,
3176 4062 3389 4117 nullum

1811 4152 1881 4206 ab
1908 4166 1975 4207 eo
2033 4150 2231 4209 itinere
2286 4150 2539 4205 levamen
2595 4158 2812 4205 nactus.
2861 4151 3129 4207 Triduum
3185 4152 3391 4207 ibidem

1812 4242 2167 4312 perstiterant
2195 4248 2252 4297 et
2282 4248 2501 4311 postera
2534 4243 2659 4297 luce
2703 4242 2911 4296 abituri
2956 4253 3135 4307 erant,
3168 4244 3391 4313 quando

1810 4334 2059 4389 collectis
2087 4331 2323 4388 sarcinis
2366 4332 2437 4387 ad
2486 4344 2738 4388 sanctum
2790 4334 3069 4400 adierunt,
3122 4334 3394 4391 interces-

1813 4427 2020 4481 sionem
2048 4441 2112 4481 ac
2134 4442 2329 4496 preces
2358 4426 2530 4496 ipsius
2559 4442 2660 4496 pro
2692 4426 2899 4482 viatico
2917 4428 3221 4497 accepturi.
3245 4428 3394 4482 inter

119 4536 338 4605 κωφὸς,
367 4537 633 4591 οἴκτιστόν
657 4554 711 4590 τι
741 4538 878 4609 πρὸς
905 4538 1067 4593 αὑτὸν
1106 4538 1327 4608 βλέψας,
1354 4538 1614 4594 διανεύων
1639 4535 1707 4611 ἦν

1813 4519 1950 4573 alios
2002 4526 2192 4574 mutus
2239 4518 2330 4573 hic
2372 4530 2630 4573 sanctum
2680 4518 2926 4584 intuens,
2974 4519 3131 4574 triste
3167 4519 3299 4589 quid
3330 4534 3396 4573 ac

117 4629 266 4696 ἄγαν
294 4625 563 4691 ἐλεεινῶς.
609 4629 667 4682 '0
699 4628 755 4682 δὲ
786 4629 974 4682 παθὼν
998 4629 1085 4683 ἐπ’
1113 4629 1260 4700 αὑτῷ
1284 4630 1382 4700 τὴν
1408 4629 1605 4701 ψυχὴν,
1630 4609 1707 4695 είς

1814 4610 2130 4665 miserabile
2191 4610 2493 4675 innuebat;
2551 4610 2691 4664 adeo
2746 4616 2809 4663 ut
2870 4609 2985 4673 ille,
3038 4610 3393 4665 miseratione

118 4720 453 4789 οἱκτιρμοὺς
502 4719 696 4790 ἔϐλεψε
754 4720 918 4775 πάλιν
996 4722 1125 4784 τοὺς
1185 4698 1566 4792 ἀδαπανητους
1614 4723 1707 4777 καὶ

1816 4710 2013 4765 tactus,
2041 4701 2233 4755 oculos
2283 4700 2482 4755 levarit
2525 4699 2593 4754 ad
2651 4698 3111 4754 incxhauribilem
3172 4698 3393 4754 miseri-

115 4810 439 4875 ἁκενὼτους
460 4853 475 4877 ,
506 4813 602 4865 καὶ
633 4814 695 4865 τὸ
726 4814 1020 4885 πρόσωπον
1074 4814 1447 4885 ἀποστρέψας,
1474 4815 1567 4869 καὶ
1617 4816 1707 4870 τὸν

1812 4795 2071 4857 cordiam,
2096 4807 2400 4861 aversoque
2433 4792 2612 4856 vultu,
2645 4791 2881 4862 digitum
2921 4791 3005 4847 ori
3038 4790 3391 4860 imposuerit,

115 4903 391 4957 δάκτυλον
423 4902 500 4973 τῷ
534 4903 763 4973 στόματι
788 4902 1061 4974 ἐμϐαλὼν,
1099 4904 1194 4958 καὶ
1222 4905 1401 4976 ἡσυχῆ
1447 4908 1559 4971 τοῖς
1590 4907 1708 4978 χεί-

111 4996 272 5048 λεσιν
327 4996 611 5060 ἐκπιέσας,
647 4996 809 5066 ὲνῆκε
839 4997 916 5068 τῷ
952 4998 1181 5067 στόματι
1224 4996 1317 5050 τοῦ
1347 4997 1561 5068 ἀνδρὸς,
1589 4999 1618 5051 ὁ
1646 4997 1703 5051 δὲ

111 5087 222 5139 ὅσα
257 5086 358 5140 καὶ
419 5087 587 5160 θηλὴν
634 5089 972 5160 ἐκμυζήσας,
1028 5088 1242 5160 τρανῶς
1296 5089 1497 5144 αὐτίκα
1547 5089 1702 5161 ὤφθη

111 5176 324 5243 λαλῶν,
362 5177 459 5230 καὶ
496 5178 637 5231 κατὰ
667 5178 830 5247 φύσιν
860 5182 925 5251 τῇ
943 5179 1157 5253 γλώττῃ
1185 5179 1490 5252 χρώμενος.

190 5276 311 5335 σς¹.
350 5269 567 5340 ’Έτεροι
595 5269 760 5324 πάλιν
788 5270 894 5325 ἀπὸ
928 5272 1252 5336 Σελευκείας
1282 5273 1382 5345 τῆς
1413 5275 1471 5327 ὲν
1492 5274 1702 5327 Καισα-

116 5367 251 5439 ριιίιι⁸
314 5360 625 5432 προσῆλθον
673 5359 753 5431 τῷ
812 5360 1037 5432 Συμεὼν
1084 5360 1284 5416 πάθεσι
1342 5363 1704 5428 παντοδαποῖς

113 5460 460 5529 ὲνεχόμενοι.
488 5454 719 5509 Πάντων
740 5454 918 5508 τοίνυν
946 5456 1172 5511 ἐκείνων
1203 5456 1303 5527 τὴν
1322 5456 1381 5523 ἐξ
1410 5456 1576 5510 αὑτοῦ
1604 5456 1706 5528 χά-

116 5570 207 5624 ριν
235 5547 647 5619 κομισαμένων,
676 5546 905 5601 ἑκάστου
933 5565 992 5601 τε
1017 5547 1078 5601 τὸ
1109 5546 1299 5611 πάθος,
1323 5549 1430 5619 ὅτῳ
1454 5548 1518 5618 δή
1574 5565 1706 5602 ποτε

114 5640 444 5709 κατείχετο,
480 5637 683 5703 εὐθέως
732 5637 1069 5709 ἀποθεμένου
1127 5637 1221 5691 καί
1277 5654 1430 5701 τινας
1491 5637 1705 5709 ἡμέρας

1805 4886 1965 4942 labiis
1994 4886 2193 4941 leniter
2221 4883 2448 4954 pressis,
2483 4890 2598 4937 tum
2629 4883 2831 4940 deinde
2876 4884 2934 4938 in
2958 4899 3021 4938 os
3059 4881 3165 4936 viri
3212 4882 3393 4935 immi-

1811 4980 1979 5036 serit:
2011 4979 2104 5049 qui
2131 4976 2302 5032 veluti
2334 4977 2474 5031 uber
2499 4992 2721 5047 sugens,
2755 4976 2902 5031 illico
2943 4975 3098 5030 visus
3131 4984 3217 5031 est
3252 4973 3389 5029 arti-

1812 5073 1990 5129 culate
2014 5070 2163 5141 loqui
2192 5077 2247 5125 et
2277 5068 2604 5124 naturaliter
2635 5068 2820 5137 lingua
2860 5066 2963 5120 uti.

1880 5264 2005 5320 206.
2032 5263 2274 5318 Rursum
2302 5259 2693 5327 alii,Seleucia
2749 5257 3112 5330 Cappadociae
3154 5255 3393 5312 advene-

1813 5367 1942 5414 runt
1972 5357 2084 5428 (54)
2129 5354 2475 5410 multimodis
2527 5352 2791 5422 correpti}
2817 5351 3062 5406 morbis:
3114 5348 3209 5419 qui
3263 5362 3387 5402 cum

1810 5465 2002 5506 omnes
2027 5448 2257 5520 gratiam
2282 5445 2564 5502 consecuti
2590 5452 2778 5500 essent
2810 5459 2841 5499 a
2870 5443 3164 5514 Symeone,
3190 5455 3388 5510 quem-

1808 5543 1946 5598 libet
1972 5543 2117 5597 maio
2145 5556 2247 5596 suo
2293 5555 2405 5610 quo
2454 5537 2792 5593 tenebantur
2842 5535 3142 5600 eximente,
3186 5542 3243 5589 et
3276 5547 3389 5586 ma-

1809 5651 1980 5691 nuum
2015 5650 2239 5690 suarum
2271 5647 2495 5703 operam
2545 5628 2869 5686 monasterii
2914 5627 3107 5685 usibus
3139 5626 3390 5698 aliquan-

192 5817 316 5890 (54)
360 5814 495 5881 Quia
550 5815 797 5872 Caesarea
838 5814 1143 5886 metropoli:
1203 5815 1553 5886 Cappadocia:
1601 5823 1699 5880 est,
1742 5814 1989 5871 Seleucia
2014 5813 2355 5871 Csesareaein
2387 5811 2566 5869 στα»εο
2605 5810 2816 5865 dicitur.
