4032 6474
614 354 756 419 3175
1838 352 1898 411 S.
1939 349 2318 411 SYMEONIS
2350 350 2713 411 JUNlORlS
3734 341 3859 408 3176

616 470 713 526 diu
757 468 1175 539 impenderent;
1256 465 1437 536 puella
1496 463 1746 534 quadam
1801 465 1920 519 viro
1984 472 2197 518 matura

2304 464 2526 535 περὶτὰ
2550 464 2649 534 τῆς
2678 463 2845 535 μονῆς
2879 462 3015 531 ἔργα
3051 457 3521 531 χειρουργούντων
3558 457 3654 510 καὶ⁵
3693 474 3866 512 πονου-

617 562 829 627 aderat,
862 561 931 627 ab
958 560 1077 629 ipsa
1115 558 1404 613 nativitate
1435 556 1679 627 linguam
1710 556 1998 626 impedita,
2032 556 2197 609 vitia-

2304 555 2503 624 μένων,
2527 557 2666 626 κόρη
2692 572 2779 619 τις
2801 554 2934 624 παρ’
2961 552 3144 614 αὐτοῖς
3168 549 3348 621 ὡραία
3376 548 3601 618 γάμοις.
3630 547 3688 611 ἐξ
3715 550 3865 618 αὐτῆς

619 651 800 721 tisque
850 650 1083 705 auribus
1114 657 1266 703 muta
1298 657 1355 703 et
1384 648 1573 712 surda,
1632 662 1754 716 quae
1814 647 1953 700 nihil
2007 645 2199 701 auxilii

2301 648 2466 718 γονῆς
2498 650 2599 718 τὴν
2636 648 2886 716 γλῶτταν
2917 643 3295 713 πεπεδημένη,
3319 642 3389 694 τά
3419 658 3480 693 τε
3516 633 3632 693 ὦτα
3664 641 3868 709 κωφεύ-

618 752 847 815 experta
874 742 1080 797 fuerat.
1103 741 1280 812 Hujus
1311 746 1472 811 pater
1503 738 1875 805 incommodo,
1894 738 2024 808 quia
2048 745 2203 807 pater

2302 757 2482 805 ουσα,
2546 740 2722 811 ταύτῃ
2786 740 3021 810 μένουσα
3081 733 3151 808 ἦν
3184 777 3199 801 ,
3272 733 3577 805 θεραπείας
3636 732 3870 801 οὐδεμιᾶς

619 846 757 898 erat,
786 836 1117 907 tangebatur
1136 834 1399 906 gravius;
1448 833 1722 901 metisque
1755 847 1867 902 prae
1906 830 2201 885 commise-

2305 832 2627 903 αἰσθομένη.
2692 833 2751 886 Ὀ
2804 831 2934 899 γοῦν
2982 830 3167 899 πατὴρ
3218 827 3389 897 αὐτῆς
3434 826 3499 879 τὸ
3556 824 3658 892 τῆς
3703 826 3873 887 mea;

622 929 835 983 ratione
861 928 1189 989 visceribus,
1208 925 1480 997 processit
1505 926 1767 995 plangens
1790 933 1957 993 atque
1977 923 2204 992 plorans

2306 923 2677 993 οἰκειούμενος
2734 922 2931 985 πάθος,
2967 920 3093 973 ἐπεὶ
3128 918 3223 973 καὶ
3269 917 3476 988 πατὴρ,
3522 916 3593 968 τά
3628 933 3687 968 τε
3717 917 3872 968 στ’-λάε

622 1018 690 1072 ad
711 1017 1373 1090 Symeonem,ostendens
1392 1026 1659 1086 quantum
1685 1014 1853 1069 maris
1872 1021 2207 1069 essetemen-

2307 1032 2447 1086 γχνα
2500 1015 2690 1078 δεινῶς
2749 1015 2837 1067 ἐπ’
2880 1014 3020 1083 αὐτῇ
3083 1010 3482 1082 στρεφόμενος,
3531 1006 3755 1077 προσῄει
3792 1026 3876 1059 κο.

623 1128 738 1176 sus,
774 1123 831 1165 et
874 1126 1087 1165 summa
1137 1109 1493 1164 contentione
1533 1106 1853 1169 obsecrans,
1887 1120 1956 1159 ne
1992 1112 2208 1158 tantum

2309 1104 2582 1175 πτόμενος
2641 1104 2737 1158 καὶ
2786 1102 2989 1157 κλαίων
3032 1100 3110 1171 τῷ
3154 1098 3402 1169 Συμεὼν,
3437 1099 3541 1168 τήν
3598 1115 3659 1150 τε
3699 1098 3875 1151 θάλασ-

627 1206 846 1261 itineris
878 1211 1168 1275 cogeretur
1201 1203 1447 1272 relegere
1475 1216 1676 1270 expers
1719 1198 1922 1253 solatii.
1950 1196 2051 1254 Cui
2079 1213 2207 1253 san-

2312 1213 2413 1250 σαν
2442 1196 2733 1266 προφέρων
2766 1196 2899 1264 ὅσην
2950 1193 3211 1261 πελάγιος
3268 1188 3455 1262 ἦλθεν,
3488 1190 3587 1243 καὶ
3640 1190 3775 1242 ὥστε
3810 1190 3877 1259 μὴ

624 1308 751 1351 ctus
777 1314 790 1349 :
820 1297 1141 1357 Revertere,
1177 1292 1376 1361 inquit,
1412 1300 1691 1361 assumpta
1731 1290 1837 1343 ﬁlia
1871 1306 1884 1342 :
1915 1304 2025 1342 non
2060 1289 2210 1343 enim

2314 1292 2472 1356 κενὸς
2496 1292 2652 1355 αὖθις
2685 1291 2944 1344 τοσοῦτον
2984 1289 3155 1343 πλοῦν
3192 1286 3555 1357 ἀναστρέψαι,
3586 1286 3729 1339 πάνυ
3764 1286 3877 1352 aq?)-

628 1387 848 1441 diﬁicile
872 1386 1109 1440 eritDeo
1126 1383 1295 1438 etiam
1335 1383 1461 1436 navi
1510 1382 1779 1436 vehentes
1814 1396 1911 1435 vos
1961 1380 2207 1434 visitare.

2311 1385 2413 1456 δρα
2459 1385 2733 1455 δεόμενος.
2769 1384 2827 1437 Ὀ
2884 1383 2964 1448 δέ,
2993 1382 3109 1436 Νῦν
3148 1382 3248 1451 μὲν
3295 1380 3541 1449 ἐπάνηκε
3584 1379 3682 1445 τὴν
3732 1379 3881 1430 παῖδα

630 1480 891 1548 llepletus
919 1484 1025 1541 est,
1058 1476 1245 1529 audita
1278 1475 1381 1529 hac
1414 1474 1688 1537 oratione,
1725 1483 1882 1543 pater
1906 1472 2055 1527 dulci
2085 1487 2204 1541 spe,

2316 1475 2523 1541 λαϐὼν,
2556 1476 2684 1545 ἐφη,
2713 1477 2813 1529 οὐκ
2845 1474 3172 1543 ἀδυνατήσει
3194 1472 3251 1525 δὲ
3279 1470 3357 1541 τῷ
3376 1470 3495 1540 Θεῷ
3516 1470 3615 1523 καὶ
3643 1469 3883 1530 πλέοντας

628 1580 962 1639 acceptaque
995 1567 1105 1621 ﬁlia
1138 1567 1276 1621 mari
1308 1582 1367 1621 se
1391 1566 1693 1621 commisit.
1733 1564 1990 1619 Nondum
2024 1579 2211 1619 emen-

2315 1569 2461 1638 ὐμᾶς
2513 1567 2936 1638 ἐπισκέψασθαι.
2984 1568 3043 1621 '0
3077 1566 3196 1637 ξμέν
3246 1560 3341 1617 οὖν
3383 1563 3649 1632 γλυκείας
3692 1563 3784 1615 ἐπὶ
3816 1562 3882 1630 τῷ

629 1678 726 1717 sus
756 1671 877 1716 erat
903 1660 1197 1715 dimidium
1256 1660 1383 1723 iter,
1439 1674 1587 1722 cum,
1624 1657 1897 1711 allabente
1931 1668 1987 1710 et
2022 1655 2123 1725 ipsi
2157 1662 2214 1709 et

2314 1662 2458 1732 λόγῳ
2504 1666 2604 1734 τὴν
2641 1662 2823 1733 ψυχὴν
2881 1661 3096 1722 ἐλπίδος
3153 1658 3548 1727 ὑποπλησθεὶς,
3582 1656 3685 1725 τὴν
3737 1655 3884 1707 παῖδα

628 1755 793 1809 simul
856 1752 1187 1808 vehentibus
1248 1762 1405 1823 grato
1475 1750 1715 1821 quodam
1775 1748 1984 1811 odore,
2033 1748 2213 1818 qualis

2315 1754 2530 1819 λαϐὼν,
2565 1754 2821 1809 ἀπέπλει.
2857 1754 2989 1807 Ὅτε
3024 1753 3206 1823 μέντοι
3241 1751 3386 1804 κατά
3421 1750 3588 1819 μέσον
3614 1749 3707 1800 τὸν
3739 1746 3885 1799 πλοῦ-δ

630 1847 895 1902 indicium
926 1860 1049 1900 esse
1072 1845 1212 1899 solet
1246 1842 1599 1898 adventantis
1631 1842 1825 1911 gratia:
1854 1841 2075 1905 divinae,
2120 1854 2205 1894 so-

2314 1812 2582 1915 ἐγεγόνει,
2628 1845 2860 1910 εὐωδίας
2912 1812 3064 1917 αὐτῷ
3124 1860 3185 1897 τε
3244 1843 3342 1895 καὶ
3384 1812 3497 1904 τοῖς
3559 1840 3884 1912 συμπλέουσι

629 1940 746 1993 luta
766 1948 849 1994 est
871 1938 1066 2008 puellae
1090 1937 1300 2007 lingua,
1360 1934 1719 2005 perfecteque
1768 1933 2103 2003 loquebatur
2156 1940 2212 1986 et

2314 1938 2752 2010 προσϐαλούσης,
2781 1937 2811 1990 ὃ
2838 1937 3051 2005 πέφυκε
3079 1937 3308 2006 χάριτος
3340 1934 3430 1987 ἀεὶ
3461 1933 3617 1996 θείας
3679 1932 3884 2002 μηνύει-δ

629 2031 909 2086 audiebat.
943 2029 1189 2085 Perculit
1216 2043 1282 2082 ea
1310 2042 1425 2081 -res
1456 2035 1730 2096 quotquot
1788 2026 1842 2079 in
1889 2024 2014 2078 navi
2053 2031 2214 2078 erant

2316 2031 2633 2101 ἐπιδημίαν,
2658 2029 2845 2099 ἀνείθη
2905 2032 2971 2099 τῇ
3009 2027 3245 2099 θυγατρὶ
3271 2026 3342 2079 τά
3367 2030 3466 2095 τῆς
3508 2024 3779 2095 γλώττης,
3807 2027 3883 2077 καὶ

630 2137 859 2196 stupore
892 2134 1054 2194 atque
1083 2131 1354 2187 tremore;
1386 2121 1481 2176 sed
1514 2133 1692 2190 pater,
1745 2117 1997 2188 iniquum
2041 2126 2211 2181 ratus,

2317 2123 2486 2193 ὑγιῶς
2510 2122 2711 2176 αὐτίκα
2730 2122 2965 2191 λέγουσά
2987 2139 3048 2174 τε
3070 2121 3165 2174 καὶ
3188 2120 3470 2174 ἀκούουσα
3495 2115 3585 2189 ἦν.
3607 2121 3673 2172 Oi
3698 2120 3790 2188 μὲν
3808 2118 3882 2171 οὐν

631 2221 678 2277 si
705 2235 804 2289 pro
844 2226 995 2272 tanto
1022 2215 1318 2279 beneﬁcio,
1354 2214 1504 2269 nulla
1531 2214 1673 2284 grati
1724 2212 1894 2266 animi
1949 2210 2214 2265 memoria

2320 2213 2693 2284 συμπλέοντες
2726 2214 2783 2264 ἐν
2816 2210 3081 2281 ἐκπλήξει
3108 2211 3205 2265 καὶ
3235 2211 3387 2283 φόϐῳ
3421 2207 3567 2282 ἦσαν
3594 2228 3607 2240 ’
3644 2212 3673 2261 ὁ
3707 2211 3761 2263 δὲ
3799 2227 3882 2263 πα-

632 2312 849 2375 relicta,
875 2317 1249 2364 reverteretur
1290 2307 1558 2373 domum;
1608 2307 1837 2360 alteram
1894 2303 2217 2359 conscendit

2315 2309 2421 2378 τὴρ
2475 2307 2684 2360 ἀδικεῖν
2733 2304 2985 2377 νομίσας,
3023 2306 3073 2359 εί
3125 2305 3201 2375 μὴ
3254 2304 3528 2372 τοσαύτης
3585 2302 3882 2373 εὐεργεσίας

633 2403 815 2457 navim
877 2402 1175 2457 comitante
1223 2400 1355 2465 ﬁlia,
1411 2409 1778 2469 revectusque
1818 2398 1886 2453 ad
1941 2406 2215 2462 sanctum,

2318 2401 2461 2454 ἔλθοι
2524 2399 2688 2453 πάλιν
2742 2398 3072 2470 χαριστήρια
3099 2397 3303 2467 νέμων,
3336 2399 3418 2459 είς
3466 2396 3663 2465 ἕτερον
3687 2397 3801 2465 ἃμα
3828 2398 3882 2463 τῇ

632 2494 825 2563 quales
854 2503 981 2547 ante
1010 2507 1113 2563 pro
1135 2491 1245 2547 ﬁlia
1266 2481 1507 2558 fuderat,
1558 2506 1707 2547 nunc
1756 2507 1856 2561 pro
1912 2491 2215 2561 gratiarum

2321 2492 2553 2563 θυγατρὶ
2583 2490 2768 2544 πλοῖον
2818 2491 3014 2560 ἐμϐὰς,
3056 2490 3209 2559 παρά
3264 2488 3355 2542 τὸν
3382 2489 3577 2555 ’Ᾱγιον
3613 2488 3882 2557 ἐπανήκει,

633 2585 851 2640 actione
880 2583 1046 2640 oliert
1079 2583 1376 2656 lacrymas.

2320 2584 2615 2651 ἀναλόγους
2644 2582 2753 2636 τῶν
2806 2581 2998 2653 πρώην
3035 2582 3176 2652 ὑπὲρ
3221 2580 3394 2649 αὐτῆς
3441 2578 3700 2650 δακρύων
3724 2578 3885 2631 ἀποδι-

2082 2712 2095 2723 κ
2320 2675 2445 2738 δοὺς
2471 2674 2568 2737 τὰς
2601 2673 2977 2744 εὐχαριστίας.

705 2760 831 2816 207.
868 2760 1025 2815 Alius
1071 2760 1271 2815 iterum
1333 2776 1401 2814 ex
1457 2759 1706 2830 Daphne,
1761 2758 1928 2813 ﬁliam
1984 2759 2221 2815 habebat

2394 2764 2494 2832 σζ’.
2554 2768 2756 2838 Ἐτέρῳ
2800 2766 2962 2821 πάλιν
3004 2765 3111 2819 ἀπὸ
3142 2764 3242 2835 τῆς
3281 2765 3500 2835 Δάφνης
3527 2763 3775 2830 θυγάτηρ
3812 2757 3880 2831 ἦν,

638 2855 832 2909 iisdem
871 2852 1237 2907 incommodis
1265 2851 1608 2906 laborantem
1646 2852 1791 2922 (55);
1827 2851 1916 2905 cui
1952 2867 2091 2905 uxor
2122 2868 2219 2906 sua

2323 2857 2424 2927 ῐσῳ
2457 2856 2616 2911 πάθει
2654 2856 2954 2926 πιεζομένη
2974 2871 2989 2885 ⁶
3022 2849 3177 2919 οὗτος
3221 2850 3333 2923 εἶχε
3376 2854 3476 2924 μέν
3509 2852 3884 2922 συμϐουλεύου-

638 2957 803 3017 atque
850 2946 1011 3001 amici
1064 2946 1238 3016 magis
1285 2944 1602 3009 familiares,
1633 2960 1745 2999 non
1774 2945 2062 2999 cessabant
2090 2961 2220 2999 sua-

2298 2944 2421 3002 Δσοιν
2450 2950 2535 3001 ἀεὶ
2564 2950 2663 3021 τὴν
2702 2951 2957 3017 γυναῖκα,
2990 2948 3049 3001 οὐ
3091 2949 3197 3018 μὴν
3229 2948 3365 3002 ἀλλά
3397 2948 3647 3009 καὶτοὺς
3674 2963 3885 3013 γνησίω-

637 3039 791 3103 dere,
830 3046 892 3092 ut
916 3036 1081 3091 ﬁliam
1114 3035 1182 3090 ad
1211 3051 1560 3090 communem
1598 3035 1901 3090 adduceret
1945 3036 2220 3091 medicum

2321 3043 2516 3115 τέρους
2543 3041 2651 3094 τῶν
2686 3040 2874 3111 φίλων,
2903 3042 3202 3109 ἀναγαγεῖν
3234 3040 3327 3092 ἐπὶ
3352 3040 3413 3093 τὸ
3442 3037 3759 3108 θαυμαστὸν
3785 3037 3886 3107 δρος

639 3131 693 3185 in
747 3129 1056 3183 mirabilem
1102 3136 1364 3193 montem,
1398 3143 1508 3197 quo
1541 3138 1599 3182 et
1641 3127 1759 3197 ipsa
1792 3143 1918 3183 cum
1972 3128 2223 3197 pluribus

2326 3133 2478 3206 παρὰ
2520 3135 2611 3187 τὸν
2656 3134 2836 3188 κοινὸν
2873 3133 3038 3187 αὐτὸν
3085 3133 3288 3205 ἰατρὸν,
3318 3134 3460 3187 ὥστε
3492 3132 3789 3203 θεραπείας
3813 3131 3886 3181 καὶ

638 3222 763 3276 aliis
795 3221 1073 3290 particeps
1115 3218 1274 3274 ﬁeret
1320 3218 1643 3274 curationis.
1677 3220 1877 3275 Verum
1928 3220 2018 3274 ille
2048 3221 2223 3276 obsti-

2325 3224 2530 3293 ταύτην
2581 3225 2720 3295 μετὰ
2764 3223 2873 3278 τῶν
2923 3223 3098 3279 ἄλλων
3129 3226 3331 3295 τυχεῖν.
3378 3221 3434 3275 Ὀ
3464 3222 3523 3275 δέ
3550 3222 3653 3289 τὴν
3691 3218 3886 3289 καρδίαν

638 3313 863 3366 natione
914 3310 1151 3381 quadam
1197 3309 1511 3374 induratus,
1542 3326 1735 3381 parum
1772 3310 2061 3366 credibilia
2103 3328 2225 3368 esse

2327 3316 2464 3388 ἔχων
2504 3316 2731 3387 ἀπιστίᾳ.
2761 3316 3227 3387 σκληρυνομένην,
3268 3316 3396 3385 ἄχρι
3428 3312 3527 3383 μὲν
3561 3310 3755 3365 πολλοῦ
3784 3310 3884 3361 ἀπί-

637 3408 762 3474 qua:
805 3403 874 3458 de
914 3413 1109 3457 sancto
1152 3402 1478 3457 ferebantur
1508 3403 1838 3470 sustinebat,
1873 3414 1928 3459 et
1957 3412 2019 3459 ut
2050 3406 2225 3475 pluri-

2328 3409 2465 3463 θανά
2492 3426 2551 3462 τε
2584 3410 2652 3463 τὰ
2682 3408 2810 3480 περὶ
2843 3407 3011 3461 αὐτοῦ
3061 3409 3265 3477 ἡγεῖτο,
3312 3407 3407 3458 καὶ⁵
3452 3405 3576 3457 οὐδὲ
3622 3404 3682 3456 τὸ
3722 3398 3803 3463 οὖς
3834 3400 3884 3451 τὰ

640 3511 791 3550 mum
824 3510 927 3549 nec
971 3494 1303 3565 dignabatur
1335 3495 1558 3565 quidem
1593 3511 1656 3549 ea
1705 3497 2061 3552 narrantibus
2086 3514 2224 3568 prte-

2328 3501 2500 3555 πολλά
2528 3501 2811 3572 προσέχων
2844 3503 3019 3572 ἠξίου.
3056 3499 3184 3568 ’0ψέ
3228 3498 3284 3551 δὲ
3325 3498 3420 3551 καὶ
3455 3496 3704 3567 βραδέως
3737 3496 3814 3548 διὰ
3832 3495 3882 3545 τὰ

641 3588 775 3644 bere
824 3602 1036 3642 aurem.
1074 3587 1317 3641 Tandem
1358 3596 1539 3641 tamen
1592 3588 1891 3642 multorum
1929 3590 2229 3659 exprobra-

2328 3594 2437 3647 τῶν
2483 3594 2695 3647 πολλῶν
2734 3595 2911 3663 ὀνείδη
2947 3592 3229 3647 καὶτοῦτο
3258 3591 3458 3653 λαϐὼν,
3499 3590 3645 3660 μετά
3683 3589 3774 3658 τῆς
3800 3604 3883 3657 μη-

642 3682 887 3736 tionibus
936 3680 991 3734 id
1051 3680 1230 3749 ipsum
1284 3680 1615 3750 suscipiens,
1666 3696 1789 3734 cum
1827 3692 2001 3737 matre
2057 3682 2223 3737 ﬁliam

2329 3686 2457 3757 τρὸς
2490 3687 2659 3756 αὐτὴν
2705 3686 2889 3756 ἀνίησι
2943 3685 3094 3751 παρὰ
3147 3685 3238 3738 τὸν
3284 3682 3497 3749 στύλον,
3551 3684 3652 3734 καὶ
3692 3681 3788 3749 πρὸ
3810 3677 3882 3731 τοῦ

640 3774 869 3830 adduxit
893 3773 961 3827 ad
984 3774 1328 3843 columnam;
1368 3782 1628 3844 stansque
1650 3784 1779 3829 ante
1804 3767 2075 3841 sanctum,
2100 3792 2224 3831 cum

2340 3779 2526 3847 ’Λγίου
2567 3778 2719 3843 στάς,
2757 3777 2974 3848 σοϐαρῴ
3024 3778 3120 3830 καὶ
3167 3776 3409 3847 σχήματι
3462 3773 3562 3827 καὶ
3609 3774 3884 3844 φρονήματι

641 3876 798 3939 gestu
842 3878 898 3922 et
940 3875 1125 3922 mente
1165 3867 1442 3937 arroganti
1504 3867 1751 3922 narravit
1780 3867 1849 3923 de
1882 3868 1993 3922 illa.
2022 3868 2226 3925 Contra

2326 3873 2396 3925 τὰ
2444 3872 2572 3942 περὶ
2617 3872 2787 3943 αὐτῆς
2831 3871 3125 3942 διεξῆλθεν.
3167 3870 3225 3923 '0
3270 3870 3327 3923 δέ
3373 3870 3559 3940 ἡρέμα
3609 3866 3882 3925 ὑπολαϐὼν,

644 3970 867 4015 sanctus
886 3974 1019 4014 voce
1041 3959 1314 4014 submissa
1340 3959 1681 4029 respondens
1701 3978 1714 4012 :
1736 3960 1895 4027 Redi,
1919 3961 2224 4031 inquiebat,

2341 3962 2615 4033 Ἐπάνηκε
2682 3965 2821 4034 μετά
2881 3964 2979 4034 τῆς
3032 3963 3223 4027 παιδὸς
3282 3963 3489 4026 οἴκαδε,
3552 3956 3700 4025 εἷπε,
3758 3958 3886 4011 κάκεῖ

642 4068 769 4107 cum
808 4052 918 4106 ﬁlia
966 4060 1056 4105 tua
1092 4050 1339 4115 domum,
1395 4050 1517 4105 istic
1556 4050 1727 4120 ipsam
1771 4052 2085 4107 visitatione
2127 4069 2227 4107 sua

2329 4056 2618 4125 ποιήσεται.
2660 4055 2864 4123 ταύτην
2890 4054 3198 4125 ἐπισκοπὴν
3228 4056 3255 4107 ὁ
3280 4054 3537 4126 Χριστός.
3562 4052 3658 4117 Τῷ
3695 4052 3787 4119 μὲν
3812 4048 3886 4101 οὖν

642 4143 959 4215 dignabitur
983 4140 1256 4196 Christus.
1290 4140 1504 4195 Exhinc
1532 4141 1743 4195 homini
1785 4141 1861 4196 illi
1886 4143 2036 4213 gravi
2061 4143 2228 4198 corde

2330 4145 2678 4218 βαρυκαρδίῳ
2700 4147 2895 4218 ἐκείνῳ
2927 4146 3177 4217 λογισμοὶ
3203 4146 3264 4199 τὸ
3288 4146 3415 4216 ἐξῆς
3439 4141 3604 4217 ἦσαν,
3638 4143 3731 4198 καὶ
3753 4159 3884 4211 μεταο

644 4234 1008 4306 cogitationes
1038 4232 1381 4302 obrepebant
1411 4231 1599 4297 variae,
1642 4232 1917 4302 cmpitque
1958 4234 2227 4303 paenitere

2333 4238 2522 4309 μέλεια
2546 4238 2648 4309 τῆς
2682 4239 2777 4292 ἐπὶ
2796 4238 2887 4292 τὸν
2919 4239 3111 4293 στύλον
3144 4239 3355 4302 ἀνόδου,
3384 4236 3705 4308 σκώμματά
3734 4252 3784 4287 τε
3813 4235 3880 4286 καὶ

646 4326 795 4397 quod
839 4326 1153 4380 columnam
1186 4322 1472 4387 adivisset,
1511 4338 1615 4377 nec
1644 4339 1753 4377 non
1782 4324 2035 4378 convicia
2063 4333 2227 4395 atque

2328 4333 2594 4403 λοιδορίαν
2628 4334 2768 4388 κατά
2798 4333 2906 4388 τῶν
2926 4334 3117 4405 φίλων,
3136 4336 3266 4388 ὅσοι
3300 4333 3507 4402 ταύτην
3538 4332 3693 4401 αὐτῷ
3721 4330 3881 4401 δηλαδὴ

648 4414 933 4471 irrisiones
965 4412 1187 4469 effutire
1218 4411 1483 4466 adversus
1515 4410 1746 4476 amicos,
1770 4411 1916 4481 quod
1945 4412 2067 4466 talis
2096 4428 2227 4467 con-

2334 4426 2783 4481 συνεϐούλευσαν.
2843 4426 2909 4479 Ἦ
2956 4427 3014 4481 δὲ
3060 4428 3160 4497 τῆς
3217 4425 3407 4489 παιδὸς
3468 4426 3659 4495 μήτηρ
3724 4422 3881 4487 συνετὴ

646 4510 754 4565 silii
796 4506 1032 4564 fuissent
1062 4516 1337 4563 auctores.
1374 4506 1482 4563 Sed
1508 4516 1682 4562 mater
1713 4508 1928 4579 puellae,
1960 4524 2085 4563 cum
2115 4509 2226 4564 cir-

2290 4499 2488 4578 δούσα.
2535 4518 2631 4569 καὶ
2676 4517 2737 4570 οὐ
2781 4516 2991 4587 ταύτης
3027 4495 3188 4587 μόνον
3227 4516 3412 4589 [ἀλλὰ]
3453 4516 3550 4569 καὶ
3602 4515 3699 4568 τοῦ
3728 4515 3882 4583 ἀνδρὸς

644 4610 961 4671 cumspecta
990 4608 1157 4666 esset,
1187 4615 1291 4655 nec
1320 4600 1487 4671 hujus
1534 4600 1754 4655 miseria
1794 4600 2034 4671 gravius,
2064 4617 2227 4671 quam

2328 4608 2749 4680 περικαιομένη,
2770 4609 2995 4662 δείσασα
3021 4611 3095 4679 μή
3116 4626 3169 4662 τι
3186 4609 3356 4662 κακὸν
3385 4609 3486 4677 τῆς
3503 4610 3586 4671 είς
3605 4608 3699 4660 τὸν
3728 4607 3882 4672 ’Δγισν

645 4694 955 4765 pervicacia
975 4691 1159 4746 mariti
1181 4692 1513 4757 aﬂiceretur,
1543 4701 1795 4748 metuens
1818 4709 1886 4749 ne
1916 4694 2050 4764 quid
2077 4711 2231 4751 nova:

2326 4700 2587 4763 ἀπιστίας
2630 4702 3051 4772 παραπολαύσῃ,
3101 4702 3492 4771 ἀναστρέψασα
3549 4700 3689 4771 πρὸς
3730 4698 3879 4754 αὐτὸν.

644 4784 970 4839 calamitatis
998 4782 1273 4837 obstinata
1300 4782 1481 4837 mariti
1516 4783 1662 4837 circa
1693 4792 1943 4837 sanctum
1975 4784 2231 4840 incredu-

2326 4790 2483 4858 αὖθις
2509 4795 2716 4866 ρίψασά
2762 4812 2822 4848 τε
2878 4795 3021 4849 κατά
3072 4795 3176 4865 γῆς
3218 4794 3443 4863 ἑαυτὴν,
3478 4793 3575 4847 καὶ
3610 4792 3809 4863 δάκρυα
3833 4786 3880 4837 τὲ

644 4877 771 4931 litas
802 4884 1143 4945 apportaret,
1180 4872 1347 4928 rediit
1380 4873 1526 4928 unde
1548 4883 1811 4928 venerat:
1842 4890 2011 4944 seque
2037 4891 2231 4930 rursus

2327 4886 2503 4957 λύπης
2566 4886 2682 4956 ἅμα.
2744 4888 2837 4939 καὶ
2899 4886 3139 4950 πίστεως
3191 4884 3439 4956 σύμϐολα
3476 4884 3701 4953 χέουσα,
3749 4880 3880 4934 ἐδεῖτο

647 4966 703 5017 in
752 4973 1053 5032 conspectu
1088 4964 1259 5017 sancti
1300 4972 1460 5018 terra:
1490 4962 1757 5034 aﬁligens,
1790 4964 2135 5035 fundensque
2157 4966 2233 5020 la-

2331 4975 2753 5046 συγχωρηθῆναι
2784 4976 2861 5047 τῷ
2886 4974 3105 5047 συζύγῳ
3126 4976 3224 5047 τὴν
3244 4974 3526 5040 ἀπιστίαν,
3560 4975 3655 5027 καὶ
3682 4973 3753 5044 μὴ
3779 4967 3879 5023 ταύ-

646 5070 882 5125 crymas,
913 5055 1169 5109 muneris
1193 5053 1356 5109 simul
1387 5063 1443 5109 et
1478 5053 1690 5110 ﬁduciae
1718 5055 1947 5120 indices,
1971 5055 2233 5125 poscebat

2329 5086 2429 5140 την
2461 5072 2527 5140 τῇ
2562 5069 2796 5139 θυγατρὶ
2834 5069 2971 5140 πρὸς
2995 5068 3093 5138 τὴν
3121 5069 3420 5138 θεραπείαν
3464 5066 3719 5137 ἐμποδὼν
3746 5076 3880 5116 κατα·

647 5147 863 5199 veniam
886 5145 1083 5199 marito
1106 5145 1415 5211 incredulo,
1453 5154 1617 5216 atque
1643 5163 1710 5202 ne
1729 5148 1863 5218 quid
1886 5148 2037 5203 illius
2057 5148 2233 5203 obsti-

2332 5160 2545 5231 στῆναι.
2603 5160 2661 5213 '0
2689 5159 2746 5212 δὲ
2783 5160 2945 5231 ίλαρᾷ
2975 5160 3069 5211 καὶ
3094 5158 3217 5227 ὄψει
3254 5158 3348 5211 καὶ
3383 5156 3623 5225 γλώττῃ,
3656 5149 3877 5227 Πορεύου,

646 5240 800 5294 natio
831 5240 957 5294 ﬁlia:
1001 5240 1367 5295 incolumitati
1408 5240 1671 5295 ofﬁceret.
1710 5241 1939 5312 Excepit
1986 5250 2231 5308 sanctus,

2078 5250 2231 5308 ιοιυε,
2332 5253 2460 5324 ἔφη,
2492 5254 2610 5318 καὶ,
2641 5253 2716 5316 ὡς
2744 5253 2940 5324 εἴρηκα
2973 5252 3122 5322 ὑμῖν,
3147 5250 3301 5304 ἐσται
3334 5249 3487 5320 παρά
3513 5247 3670 5301 Θεοῦ.

646 5346 758 5389 tam
800 5336 954 5390 vultu
1011 5351 1174 5406 quam
1226 5352 1361 5391 voce
1415 5337 1659 5391 blanda:
1709 5337 1879 5403 Vade,
1934 5338 2227 5411 inquiens;

549 5468 552 5471 λ
648 5445 798 5495 nam,
851 5445 972 5499 qua:
1006 5429 1139 5494 dixi,
1174 5430 1432 5485 evenient
1460 5431 1619 5486 vobis
1651 5448 1681 5486 a
1724 5433 1854 5487 Deo.

716 5522 842 5576 208.
866 5523 1211 5577 Adventante
1237 5523 1347 5593 jam
1374 5524 1746 5579 miserationis
1772 5534 2041 5596 tempore,
2076 5526 2228 5581 solu-

2411 5536 2515 5599 ση’.
2560 5529 2699 5600 Ἤδη
2729 5529 2785 5583 δέ
2824 5528 2915 5583 τὸν
2952 5523 3102 5581 οἶκον
3132 5527 3568 5592 καταλαϐόντων,
3599 5524 3781 5578 λέλυτο
3804 5518 3874 5586 μὲν

685 5746 834 5825 .(53)
865 5746 1088 5815 Daphne
1121 5745 1438 5803 Suburbium
1467 5750 1871 5825 Antiochenam,
1905 5749 2217 5825 ta_m_liis!a-
2326 5746 2437 5825 _Nos
2482 5749 2553 5825 ξι)
2580 5749 2833 5825 Januarii
2870 5749 3216 5825 ‘inuhistorina
3272 5746 3644 5803 translationis
3699 5745 3753 5801 Β.
3795 5744 3873 5798 li:-

650 5818 877 5869 ricornm
934 5834 1091 5887 quam
1127 5828 1401 5887 poetarum
1456 5823 1662 5892 scriptis
1721 5820 2214 5884 celebratissimum,
2325 5818 2461 5887 bylae
2486 5820 2585 5889 Ep.
2613 5822 2817 5891 copiose
2846 5821 2908 5874 de
2939 5820 3032 5875 illo
3065 5837 3127 5874 ea:
3158 5820 3443 5876 Sozomma
3478 5822 3689 5889 egimus.
