4032 6534
254 425 397 490 3177

1295 427 1462 490 VITA
1503 426 1549 484 Α
1588 424 2028 486 NICEPHORO
2065 423 2533 488 CONSCRIPTA

3393 430 3534 498 3178

250 544 355 614 τὴν
385 541 636 612 γλῶτταν
674 540 878 606 εὐθέως
921 543 955 613 ή
987 543 1137 606 παῖς,
1170 539 1431 611 ἐλευθέρᾳ
1472 539 1530 593 δὲ
1570 539 1663 593 καὶ
1705 540 1843 611 ἀκοῇ

1952 548 2005 594 ta
2033 538 2218 595 subito
2250 549 2334 595 est
2360 540 2545 611 lingua
2573 540 2790 613 puellm,
2820 551 2876 599 et
2904 542 3166 602 audiendi
3190 546 3535 618 appellandi-

248 636 351 689 καὶ
367 637 518 706 φωνῇ
541 634 680 705 πρὸς
696 634 826 699 τοὺς
845 634 1106 698 τεκόντας
1128 634 1345 706 ἐχρῆτο·
1370 632 1447 703 τῷ
1465 632 1646 702 μέντοι
1671 633 1842 701 πατρὶ

252 728 393 793 πρὸς
423 725 484 778 τὸ
512 725 706 797 ἀθρόον
734 727 910 780 ἐκεῖνο
956 726 1052 780 τοῦ
1080 726 1359 797 θαύματος
1393 728 1712 797 τηλικοῦτον
1753 728 1841 780 ὲν-

252 816 465 886 ἐσκηψε
497 816 635 882 δέος,
682 814 770 871 οἷα
802 817 993 889 πόρρω
1028 818 1163 872 πολὺ
1194 820 1293 889 τῆς
1341 818 1473 889 περὶ
1516 819 1583 872 τὰ
1614 818 1842 872 τοιαῦτα

251 910 494 975 πίστεως
538 908 687 978 ὄντι,
736 910 770 982 ἢ
817 912 912 964 καὶ
947 910 1046 979 τῆς
1084 912 1213 981 περὶ
1253 910 1347 964 τὸν
1391 910 1547 978 ἂγιον
1580 910 1841 974 ἀπιστίας

250 1002 521 1057 ἑκτίνοντι
550 1002 725 1068 δίκας,
763 990 903 1056 ῶστε
944 1003 1086 1074 ῥίγει
1116 1004 1210 1058 καὶ
1247 1003 1469 1074 πυρετῷ
1509 1001 1845 1072 συγχεθέντα

252 1098 444 1165 μέλεσι
490 1098 626 1150 πᾶσι
674 1096 999 1151 κλονεῖσθαι.
1040 1094 1097 1149 Ὀ
1121 1095 1177 1149 δὲ
1215 1096 1537 1151 διδάσκαλον
1570 1095 1709 1166 ἔχων
1741 1094 1842 1167 τὴν

247 1191 451 1259 πεῖραν
489 1187 842 1261 ιπεπαίδευτο
882 1190 992 1261 γὰρ
1030 1188 1231 1253 ἱκανῶς
1276 1184 1359 1252 οἷς
1404 1187 1697 1254 πέπονθεν)
1742 1188 1844 1241 οὐκ

248 1280 455 1351 ὀψίζων
503 1276 573 1350 ἦν
615 1280 691 1344 ὡς
723 1278 918 1352 πρώην
965 1279 1060 1333 καὶ
1107 1279 1412 1349 διαμέλλων
1433 1295 1450 1311 ο
1485 1278 1599 1332 ἀλλ’
1622 1277 1698 1343 ὡς
1728 1274 1842 1349 εἶχε

252 1374 407 1442 παρὰ
446 1374 537 1426 τὸν
577 1373 734 1442 ἅγιον
773 1372 936 1437 εὐθὺς
968 1372 1160 1439 ἐλθὼν,
1210 1370 1449 1441 τοσαύτη
1491 1371 1630 1441 πρὸς
1680 1371 1843 1424 αὑτὸν

247 1466 435 1536 δεήσει
478 1466 573 1517 καὶ
616 1464 943 1519 ταπεινώσει
977 1464 1210 1536 καρδίας
1255 1462 1476 1535 ἐχρῆτο,
1513 1464 1623 1534 ὅσῳ
1651 1461 1843 1536 πρώην

249 1557 404 1626 ὄγκῳ
436 1574 495 1610 τε
539 1556 635 1611 καὶ
662 1557 995 1628 φρονήματι,
1025 1557 1123 1627 οὐχ
1151 1554 1295 1609 οὓτω
1333 1558 1402 1628 τῇ
1450 1555 1592 1625 νόσῳ
1632 1555 1701 1608 τὰ
1747 1555 1840 1608 τοῦ

253 1648 505 1718 σώματος
539 1646 675 1719 μέλη
704 1648 1004 1719 σειόμενος,
1028 1648 1105 1713 ὡς
1132 1649 1233 1717 τὴν
1253 1646 1430 1719 ψυχὴν
1452 1646 1530 1715 τῷ
1557 1647 1845 1719 παραδόξῳ

250 1742 347 1795 τοῦ
381 1742 658 1812 θαύματος
680 1759 695 1773 ο
730 1740 824 1796 καὶ
855 1742 917 1796 τὸ
952 1743 1053 1813 μὲν
1074 1741 1195 1796 οὐδὲ
1216 1741 1446 1812 χάριτας
1471 1735 1581 1804 οἷός
1608 1758 1666 1793 τε
1702 1736 1842 1793 εἶναι

249 1833 428 1901 λέγων
458 1834 553 1887 ἐπὶ
572 1837 641 1906 τῇ
670 1833 899 1908 θυγατρὶ
921 1834 1075 1901 ἀξίας
1098 1833 1400 1905 ὁμολογεῖν,
1426 1833 1486 1886 τὸ
1508 1831 1565 1885 δὲ
1596 1832 1725 1904 περὶ
1749 1832 1843 1886 τοῦ

1948 647 2056 701 que
2085 641 2342 702 parentes
2382 631 2642 689 facultate
2688 638 2940 706 expedite
2965 654 3062 692 usa
3092 647 3195 694 est.
3229 640 3299 694 At
3323 650 3536 710 patrem

1947 722 2016 778 ad
2049 723 2324 793 repentini
2355 724 2608 779 miraculi
2633 729 3008 795 spectaculum
3044 738 3228 786 tantus
3256 731 3420 785 timor
3454 732 3537 787 in-

1951 816 2137 881 cessit,
2173 825 2232 871 ut
2252 816 2453 888 frigore
2488 817 2713 873 horrido
2742 830 2908 891 atque
2933 821 3071 876 febri
3095 832 3385 893 correptus
3408 826 3538 882 totis

1946 906 2177 962 artubus
2218 909 2704 977 contremisceret;
2771 912 2974 983 quippe
3018 915 3111 985 qui
3151 915 3219 970 ab
3266 916 3539 988 ejusmodi

1948 999 2120 1054 rebus
2168 999 2462 1055 credendis
2492 1000 2809 1073 longissime
2838 1004 3049 1069 aberat,
3078 1016 3173 1061 aut
3212 1022 3403 1076 pinnas
3428 1009 3539 1064 sol-

1946 1091 2113 1145 vebat
2137 1105 2250 1146 suae
2274 1090 2677 1148 incredulitatis
2707 1109 2838 1165 erga
2881 1108 3154 1153 sanctum.
3192 1098 3397 1155 Doctus
3427 1099 3536 1155 ita-

1948 1195 2057 1250 que
2092 1180 2434 1250 experientia
2462 1182 2673 1253 (utpote
2700 1198 2799 1253 per
2824 1199 2887 1239 ea
2914 1201 3036 1255 quae
3075 1187 3389 1257 patiebatur
3417 1190 3535 1245 suf-

1948 1269 2200 1325 ficienter
2231 1270 2554 1340 castigatus)
2601 1288 2713 1328 non
2754 1274 3048 1332 ditl‘erebat
3085 1293 3266 1349 neque
3310 1296 3537 1351 procra-

1947 1361 2208 1428 stinabat,
2236 1363 2315 1416 uti
2341 1365 2525 1433 prius;
2559 1364 2655 1420 sed
2686 1376 2892 1436 quanta
2913 1376 3130 1438 poterat
3159 1370 3441 1428 celeritate
3466 1374 3539 1429 ad

1948 1464 2201 1509 sanctum
2232 1454 2516 1523 advolans,
2552 1466 2659 1513 tam
2693 1460 2931 1530 supplici
2965 1476 3090 1515 cum
3117 1464 3541 1535 preeationeﬁt—

1948 1562 2055 1617 que
2072 1548 2405 1605 demissione
2440 1551 2609 1606 animi
2644 1552 2787 1622 apud
2813 1552 2991 1623 ipsum
3009 1555 3143 1626 egit,
3165 1572 3329 1627 quam
3358 1575 3539 1630 nuper

1949 1642 2164 1697 tumido
2186 1658 2311 1698 cum
2337 1643 2479 1699 fastu
2510 1653 2674 1715 atque
2704 1646 2964 1716 superbia
2994 1665 3006 1701 :
3040 1665 3221 1720 neque
3243 1652 3540 1709 vehemen-

1952 1732 2063 1788 tius
2116 1735 2541 1790 concutiebatur
2594 1737 2787 1792 morbo
2837 1748 2990 1794 artus
3050 1743 3319 1811 corporis,
3373 1760 3539 1815 quam

1952 1826 2202 1881 miraculi
2228 1828 2498 1898 stupenda
2529 1830 2769 1885 novitate
2804 1830 2923 1901 ipsa
2960 1832 3160 1888 anima.
3196 1834 3401 1890 Partim
3434 1837 3539 1891 ita-

252 1929 622 1996 κατασχόντος
656 1927 821 1981 αὐτὸν
850 1907 1041 1981 κλόνου
1075 1926 1351 1995 δεόμενος.
1393 1925 1453 1978 Ὀ
1475 1924 1532 1977 δὲ
1566 1926 1707 1995 μετά
1744 1918 1843 1995 τῆς

1951 1932 2059 1987 que
2078 1918 2357 1973 fatebatur
2403 1918 2521 1975 fieri
2550 1937 2656 1975 non
2683 1936 2844 1991 posse
2877 1930 2937 1976 ut
2960 1923 3163 1994 gratias
3188 1926 3414 1981 meritas
3438 1944 3540 1998 pro

251 2019 518 2090 συνήθους
566 2018 932 2088 συμπαθείας,
981 2019 1070 2072 Ἐν
1096 2018 1321 2089 ὀνόματι
1363 2016 1458 2071 τοῦ
1498 2016 1705 2088 Κυρίου
1738 2016 1842 2087 Ἰη-

250 2110 376 2175 σοῦ,
434 2112 596 2180 γενοῦ
639 2110 733 2166 καὶ
784 2112 849 2166 σὺ
903 2110 1082 2182 ὑγιὴς,
1131 2111 1273 2182 ἔφη·
1324 2110 1420 2164 καὶ
1472 2109 1551 2180 τῷ
1600 2107 1841 2179 θαύματι

247 2201 439 2273 θαῦμα
491 2202 764 2275 συνήφθη,
822 2200 903 2273 τῷ
948 2198 1075 2272 περὶ
1117 2202 1216 2273 τὴν
1247 2200 1415 2254 παῖδά
1463 2214 1606 2270 φημι
1640 2198 1702 2251 τὸ
1746 2197 1839 2251 τοῦ

248 2295 502 2364 πατρός’
564 2294 660 2348 καὶ
721 2292 894 2362 ὑγιῶς
948 2292 1150 2346 αὐτίκα
1200 2291 1339 2362 ἔχων
1392 2292 1657 2360 εἱστήκει,
1720 2289 1842 2354 ὅλος

248 2385 509 2451 Ξκστασις
560 2386 659 2453 ὣν,
714 2387 834 2449 ὅλος
892 2385 1124 2457 θάμϐος,
1184 2384 1301 2447 ὅλος
1363 2379 1723 2451 κατάπληξις,
1778 2381 1841 2434 οὐ

249 2479 521 2549 χείλεσιν,
565 2479 690 2533 οὐδὲ
737 2480 1019 2551 ῥήμασιν,
1078 2477 1199 2531 οὐδὲ
1262 2478 1494 2548 μακροῖς
1562 2475 1842 2545 διηγήμα-

251 2587 361 2638 σιν,
394 2572 529 2626 ἀλλά
566 2576 748 2645 σιωπῇ
783 2571 985 2644 μᾶλλον
1013 2570 1109 2625 καὶ
1141 2570 1381 2639 σχήματι
1422 2568 1515 2621 καὶ
1547 2565 1841 2638 προσώπου

253 2664 536 2731 συστάσει,
564 2665 625 2719 τὸ
652 2663 762 2720 τῶν
800 2663 1098 2736 θαυμάτων
1132 2662 1362 2733 μέγεθος
1389 2661 1502 2724 τοῖς
1538 2658 1706 2730 ὁρῶσι
1740 2675 1843 2729 κη-

253 2770 484 2824 ρυττων.

1951 2007 2063 2063 filia
2099 2011 2477 2079 persolveret;
2510 2012 2707 2082 partim
2741 2011 3166 2083 deprecabatur,
3204 2023 3263 2070 ut
3300 2029 3540 2073 cessaret

1952 2108 2162 2154 tremor
2218 2117 2329 2171 quo
2378 2102 2823 2158 concutiebatur.
2869 2103 2950 2159 Ad
3002 2104 3118 2159 haec
3162 2104 3396 2178 Symeon
3439 2116 3540 2178 pro

1945 2201 2210 2246 consueta
2229 2208 2326 2247 sua
2357 2193 2737 2249 misericordia
2761 2214 2773 2249 :
2808 2197 2865 2250 ln
2892 2196 3119 2252 nomine
3140 2197 3357 2253 Domini
3382 2199 3535 2265 Jesu,

1943 2280 2144 2351 inquit,
2174 2291 2231 2338 tu
2258 2296 2479 2356 quoque
2502 2297 2623 2341 esto
2648 2303 2833 2342 sanus.
2863 2286 3063 2359 Sicque
3087 2290 3236 2344 aliud
3260 2291 3352 2345 alii
3375 2292 3538 2348 mira-

1944 2375 2132 2429 culum
2175 2392 2487 2433 connexum
2532 2388 2649 2446 est;
2684 2380 2783 2446 illi,
2820 2380 3066 2453 inquam,
3101 2382 3248 2452 quod
3294 2383 3349 2437 in
3405 2383 3537 2450 ﬁlia,

1946 2468 2093 2524 istud
2126 2471 2273 2542 quod
2307 2472 2359 2527 in
2396 2484 2551 2542 patre
2582 2482 2857 2543 patratum
2884 2474 2989 2529 fuit
3017 2490 3030 2528 :
3058 2484 3115 2530 et
3137 2474 3321 2529 statim
3353 2475 3533 2530 bellis-

1945 2562 2085 2618 sime
2109 2564 2320 2620 habens
2346 2565 2520 2632 stetit,
2563 2577 2711 2622 totus
2746 2567 3043 2633 cxtaticus,
3088 2575 3239 2622 totus
3290 2576 3540 2638 stupens,

1947 2662 2096 2710 totus
2137 2656 2459 2725 perculsus;
2518 2656 2688 2711 nullis
2736 2656 2919 2721 labiis,
2966 2656 3135 2711 nullis
3176 2656 3384 2722 verbis,
3436 2672 3539 2712 nee

1946 2745 2126 2817 longis
2172 2746 2620 2812 narrationibus;
2647 2746 2741 2802 scd
2775 2748 2887 2802 alto
2913 2746 3158 2812 silentio,
3192 2747 3383 2801 habitu
3414 2762 3538 2802 cor-

1947 2838 2118 2907 poris,
2149 2846 2205 2892 et
2243 2838 2640 2893 constitutione
2679 2838 2869 2895 vultus
2898 2837 3335 2911 magnitudinem
3366 2838 3536 2897 mira-

1946 2931 2054 2984 culi
2089 2930 2400 3000 praedicans
2440 2931 2809 2988 intuentibus.

1677 3070 1903 3128 CAPUT
1944 3070 2136 3127 XXVI.

784 3184 888 3241 Atii
928 3184 1208 3240 insolentis
1245 3185 1303 3238 in
1336 3192 1582 3238 sanctum
1622 3182 1818 3253 lingua:
1854 3185 2191 3255 castigantur
2226 3198 2290 3236 ac
2336 3183 2645 3252 paenitenter
2689 3180 3006 3238 liberantur.

328 3302 433 3359 σθ’.
467 3301 623 3358 Μετά
651 3301 710 3357 δὲ
735 3302 931 3374 χρόνον
960 3303 1176 3373 συχνὸν,
1212 3303 1409 3375 συνέϐη
1441 3304 1688 3359 διάκονόν
1722 3322 1838 3357 τινα

2012 3303 2138 3359 209.
2171 3302 2342 3358 Multo
2372 3312 2499 3373 post
2526 3312 2773 3373 tempore
2804 3302 3008 3359 accidit
3054 3302 3375 3374 diaconum,
3430 3322 3536 3364 no-

252 3399 362 3468 τῆς
397 3396 592 3467 κώμης
623 3394 887 3449 Εύθαλίου
920 3395 1243 3467 λεγομένης,
1275 3396 1615 3464 Ἐπιφάνιον,
1649 3396 1844 3467 ὄνομα,

250 3487 351 3541 τοῦ
383 3487 530 3540 θείου
567 3484 792 3557 Συμεὼν
824 3488 883 3539 ὲν
925 3485 1117 3557 ἀγνοίᾳ
1161 3486 1507 3554 καταλαλεῖν,
1539 3485 1846 3557 ἐνυϐρίζειν

252 3596 318 3632 τε
375 3578 469 3631 καὶ
528 3579 808 3651 παροινεῖν
836 3580 918 3642 εἰς
975 3578 1159 3642 αὑτὸν,
1193 3576 1288 3630 κα)⁸
1342 3576 1490 3646 σαφῆ
1538 3576 1648 3629 τῶν
1695 3574 1847 3647 αύτῷ

253 3672 596 3742 προσιόντων
615 3668 834 3740 ἀπάτην
865 3668 1320 3738 καταγινώσκειν.
1360 3668 1498 3721 Ποτὲ
1541 3666 1673 3736 γοῦν
1707 3666 1848 3722 θειο-

251 3766 421 3832 τέρας
448 3765 475 3815 ὁ
508 3763 828 3832 Ἐπιφάνιος
856 3763 1063 3819 ἀνωθεν
1087 3761 1401 3831 ἐπισκοπῆς
1428 3760 1682 3828 ἀξιωθεὶς
1705 3760 1847 3814 κατά

253 3856 492 3923 Παῦλον,
522 3856 719 3909 ἔπεσεν
750 3854 885 3908 ὡσεὶ
913 3854 1105 3926 νεκρὸς
1134 3854 1276 3908 κατά
1306 3857 1430 3925 γῆς,
1463 3855 1559 3909 καὶ
1590 3853 1659 3907 τὰ
1694 3854 1846 3919 ἐντὸς

256 3947 608 4020 συνεστράφη
645 3963 662 3980 ⁶
692 3948 1069 4019 προστέτακτο
1096 3947 1153 4000 δὲ
1183 3945 1275 4000 διὰ
1321 3946 1643 4019 νυκτερινῆς
1671 3946 1847 4016 ὅψεως

256 4042 356 4096 καὶ
394 4034 572 4107 οὗτος,
599 4040 700 4094 οὐκ
730 4041 810 4104 είς
839 4040 1133 4111 Δαμασκὸν
1168 4038 1243 4103 ώς
1271 4042 1496 4105 ἐκεῖνος,
1528 4040 1663 4094 ἀλλά
1692 4040 1847 4110 παρά

254 4135 349 4187 τὸν
395 4131 487 4186 τοῦ
538 4129 676 4185 Θεοῦ
718 4131 1030 4204 θεράποντα
1078 4130 1305 4202 Συμεὼν
1350 4131 1613 4198 ἀνελθεῖν,
1645 4133 1720 4196 ώς
1750 4134 1846 4188 καὶ

254 4224 391 4295 παρ’
430 4224 598 4278 αὐτοῦ
640 4223 844 4296 δηλαδὴ
874 4223 1175 4295 θεραπείαν
1204 4226 1267 4278 ού
1314 4223 1567 4296 σώματος
1619 4226 1847 4296 κομιού-

258 4335 422 4388 μενος
489 4317 671 4388 μόνον,
704 4316 842 4371 ἀλλά
902 4316 998 4371 καὶ
1035 4316 1237 4388 ψυχῆς.
1295 4316 1405 4371 Καὶ
1458 4316 1590 4388 δῆτα
1646 4320 1846 4390 φόρτος

254 4408 412 4462 οὐδὲν
436 4408 664 4479 ἀψύχων
716 4407 994 4472 ἀπεοικὼς
1034 4407 1316 4479 ὑποζυγίῳ
1365 4407 1660 4474 ἐπιτεθεὶς,
1686 4408 1845 4463 ἀθλία

252 4518 315 4556 τε
349 4500 455 4573 πρὸ
486 4500 581 4555 τοῦ
623 4499 819 4554 στύλου
850 4498 1027 4564 τεθεὶς
1048 4498 1190 4570 ὄψις,
1217 4501 1401 4571 φωνῆς
1428 4500 1636 4555 ἄνωθεν
1656 4500 1845 4554 ἀκούει

252 4591 412 4665 παρὰ
444 4592 541 4645 τοῦ
594 4590 754 4659 ἀγίου
798 4589 1087 4662 λεγούσης,
1127 4589 1258 4643 Ἰδοὺ
1312 4590 1513 4662 ἀφείθη
1553 4608 1637 4644 σοι
1697 4591 1847 4662 ποιρά

1946 3397 2097 3451 mine
2132 3395 2531 3467 Epiphanium,
2556 3412 2622 3451 ex
2654 3410 2792 3467 pago
2820 3396 3063 3467 quodam
3091 3397 3186 3467 qui
3240 3414 3534 3471 nuncupa-

1947 3498 2039 3544 tur
2065 3488 2333 3554 Euthalii,
2353 3488 2423 3545 de
2448 3489 2622 3545 sancti
2640 3488 2931 3561 Symconis
2953 3488 3099 3544 fama
3138 3504 3239 3560 per
3280 3490 3538 3562 ignoran-

1948 3583 2078 3638 tiam
2102 3582 2419 3649 detrahere,
2437 3583 2741 3653 ineumque
2764 3581 3163 3638 contumeliose
3180 3580 3509 3639 debacchari
3523 3629 3536 3649 ,

1945 3685 2001 3731 et
2025 3690 2276 3731 errorem
2309 3675 2489 3746 ipsum
2521 3674 2846 3731 adeuntium
2885 3676 3063 3746 paiam
3099 3675 3510 3745 reprehendere

1947 3773 2260 3843 Aliquando
2295 3771 2462 3844 igitur
2506 3772 2692 3826 divina
2736 3771 2959 3826 cmlitus
3003 3770 3216 3826 visione
3275 3771 3533 3843 dignatus

1945 3864 2293 3936 Epiphanius
2329 3864 2444 3928 ille,
2480 3863 2622 3919 sicut
2664 3861 2944 3933 quondam
3002 3862 3224 3927 Paulus,
3289 3860 3534 3917 concidit

1946 3958 2101 4030 quasi
2153 3968 2407 4013 mortuus
2454 3958 2509 4011 in
2560 3967 2786 4022 terram,
2834 3965 2892 4010 et
2948 3956 3262 4011 visceribus
3321 3955 3534 4010 intimis

1946 4061 2261 4108 commotus
2280 4052 2614 4122 estzjussus
2640 4064 2862 4120 quoque
2894 4059 2980 4105 est
3023 4057 3227 4103 nonut
3275 4048 3379 4103 istc
3425 4048 3533 4104 Da-

1945 4157 2192 4197 mascum
2214 4141 2540 4207 concedere,
2560 4138 2656 4195 sed
2672 4146 2739 4195 ad
2767 4139 3033 4194 [annulum
3062 4140 3155 4195 Dei
3177 4138 3528 4211 Symeonem,

1944 4244 2008 4291 ut
2035 4251 2134 4307 per
2160 4235 2313 4289 illum
2346 4234 2641 4289 sanitatem
2680 4247 2792 4288 non
2816 4233 2994 4288 solum
3021 4233 3273 4303 corporis
3325 4231 3423 4288 sed
3476 4242 3535 4288 et

1946 4329 2145 4383 animae
2170 4327 2337 4383 etiam
2364 4332 2698 4397 reportaret.
2729 4326 2877 4396 Ergo
2894 4341 3003 4380 non
3038 4327 3271 4381 multum
3313 4325 3383 4380 ab
3416 4325 3535 4380 ina-

1945 4421 2083 4477 nimi
2114 4422 2461 4491 discrepans,
2493 4420 2746 4491 jumento
2774 4419 3070 4489 impositus
3096 4427 3183 4474 est
3237 4433 3380 4474 onus
3423 4418 3533 4473 mi-

1947 4514 2222 4575 serabile;
2255 4512 2655 4584 depositusque
2686 4520 2814 4567 ante
2840 4512 3154 4567 columnam
3211 4512 3532 4567 luctuosum

1947 4605 2344 4676 spectaculum,
2393 4620 2588 4660 vocem
2661 4603 2881 4659 cmlitus
2928 4619 2956 4657 a
2995 4612 3185 4659 sancto
3256 4604 3531 4675 Symeone

257 4682 469 4754 Κυρίου
499 4682 567 4736 τὰ
595 4683 655 4735 ὲν
688 4680 884 4751 ἀγνοίᾳ
908 4697 923 4712 ο
958 4681 1173 4752 ἐγειραι
1229 4680 1522 4752 τοιγαροῦν
1554 4682 1840 4737 ἀναλαϐὼν

1947 4670 2243 4753 demissam
2276 4697 2473 4762 sensit,
2525 4711 2649 4766 qua:
2687 4695 2942 4751 dicebat:
2996 4697 3140 4751 Ecce
3172 4670 3535 4750 dimittuntur

253 4775 472 4840 ἑαυτὸν,
514 4778 714 4847 μηκέτι
765 4777 987 4829 διώκειν
1046 4774 1211 4828 αὐτὸν
1270 4775 1596 4846 ἀνεχόμενος
1658 4778 1717 4831 ὲν
1764 4778 1841 4849 τῷ

1947 4791 2120 4846 tibia
2182 4789 2418 4845 Domino
2496 4805 2621 4859 quae
2673 4804 2742 4844 ex
2802 4788 3112 4860 ignorantia
3164 4788 3531 4855 commisisti;

251 4871 462 4926 τιθέναι
491 4869 553 4924 τὺ
578 4870 751 4941 στόμα
777 4886 870 4923 σου
895 4871 974 4933 είς
997 4869 1165 4939 ἡμᾶς,
1199 4868 1296 4922 καὶ
1317 4867 1498 4922 λαλεῖν
1530 4869 1653 4923 καθ’
1685 4871 1843 4941 ἡμῶν

1947 4885 2065 4939 leva
2116 4893 2168 4939 te
2216 4884 2385 4955 igitur
2442 4892 2499 4938 et
2558 4882 2670 4939 noli
2712 4883 2969 4952 persequi
3009 4883 3188 4952 ipsum
3243 4882 3530 4951 deinceps,

252 4964 497 5018 ἀδικίαν.
537 4961 762 5026 Τούτοις
814 4964 927 5025 τοῖς
976 4964 1219 5033 ῥήμασιν
1261 4961 1456 5015 ἑαυτὸν
1523 4962 1843 5034 παραδόξως

1947 4975 2245 5049 aperiendo
2273 4990 2337 5030 os
2363 4982 2521 5029 tuum
2543 4982 2600 5030 et
2630 4974 2910 5045 loquendo
2942 4974 3289 5044 iniquitatem
3331 4983 3533 5030 contra

252 5051 592 5117 ἐπανελθὼν,
633 5052 897 5107 τάναντία
922 5051 1124 5125 διεξῄει
1154 5052 1265 5106 τῶν
1299 5051 1717 5123 προλαϐόντων,
1749 5057 1843 5110 καὶ

1947 5085 2067 5125 nos.
2088 5067 2297 5123 Horum
2318 5071 2618 5122 verborum
2649 5066 2858 5121 virtute
2895 5064 3225 5120 mirabiliter
3266 5064 3374 5120 sibi
3399 5065 3534 5120 red-

252 5144 546 5215 κηρύττων
565 5139 634 5216 ἦν
667 5143 775 5216 ὅλῳ
804 5144 1031 5215 στόματι
1061 5144 1263 5215 μᾶλλον
1304 5144 1404 5210 τὰς
1447 5145 1543 5199 τοῦ
1582 5145 1717 5200 Θεοῦ
1759 5146 1843 5201 διὰ

1948 5160 2116 5223 ditus,
2149 5160 2431 5215 contraria
2474 5158 2723 5221 omnino,
2770 5174 2936 5228 quam
2979 5167 3107 5213 ante
3151 5166 3272 5212 erat
3310 5157 3530 5222 solitus,

251 5236 351 5290 τοῦ
387 5236 731 5307 θεράποντος
761 5236 929 5292 αὑτοῦ
959 5235 1304 5300 δυναστείας.

1948 5252 2296 5323 loquebatur,
2321 5252 2596 5322 plenoque
2646 5266 2743 5305 ore
2803 5250 3141 5321 praedicabat
3189 5249 3284 5305 Dei
3333 5259 3533 5320 poten-

1950 5346 2080 5400 tiam
2105 5361 2204 5415 per
2226 5344 2490 5399 famulum
2529 5360 2714 5399 suum.

332 5436 419 5484 σι’.
448 5427 580 5485 Εἶτα
610 5432 707 5486 καὶ
733 5432 860 5495 τοὺς
880 5432 1030 5495 υἱοὺς
1057 5430 1431 5503 προσαγαγὼν
1451 5431 1845 5504 δαιμονῶντας,

255 5522 432 5591 ὑγιεῖς
461 5523 758 5595 ἑκατέρους
778 5522 1180 5594 ἀπολαμϐάνει.
1216 5516 1387 5588 Οὗτος
1423 5525 1563 5595 μετά
1616 5525 1846 5597 θατέρου

254 5613 369 5666 τῶν
424 5613 630 5668 παίδων
693 5612 921 5685 ὕστερον
969 5613 1047 5686 τῷ
1104 5613 1248 5684 ἁγίῳ
1296 5605 1632 5685 παραϐαλὼν
1687 5618 1848 5687 (ἐπεὶ

256 5704 356 5757 καὶ
391 5703 631 5774 συνεχῶς
661 5703 811 5775 αὐτῷ
853 5704 995 5775 μετά
1030 5707 1226 5776 πεῖραν
1266 5709 1479 5775 ἐφοίτα,
1512 5708 1610 5761 καὶ
1652 5709 1845 5763 τοσοῦ-

254 5812 352 5849 τον
380 5796 491 5865 ὅσῳ
537 5797 664 5861 τοὺς
720 5797 896 5870 ταύτῃ
948 5785 1190 5869 δρῶντας
1245 5800 1437 5870 πρώην
1471 5803 1843 5873 ὲμέμφετο)ἕν

257 5903 371 5941 τινι
400 5887 509 5942 τῶν
545 5887 835 5957 ἁνωγαίων
864 5888 965 5957 τῆς
989 5887 1159 5959 μονῆς
1192 5889 1469 5947 καταλύει.
1506 5892 1547 5944 Τ
1552 5894 1608 5945 ὸν
1635 5896 1732 5963 μὲν
1752 5892 1843 5948 οῦν

623 5991 897 6054 Ριτιιοι..
941 5991 1036 6048 Gn
1106 5987 1213 6049 LX
1224 5988 1442 6085 XXV’l.

2037 5438 2163 5493 210.
2202 5436 2714 5492 Adducensdeinde
2770 5435 2914 5490 filios
2946 5433 3087 5488 duos
3137 5432 3528 5497 daemoniacos,

1950 5532 2257 5586 incolumes
2282 5530 2476 5585 ambos
2506 5530 2752 5598 recepit:
2789 5543 3029 5597 quorum
3071 5542 3183 5581 uno
3228 5525 3529 5581 comitante

1949 5632 2139 5694 postea
2164 5621 2463 5693 aliquando
2513 5621 2580 5674 ad
2621 5628 2875 5674 sanctum
2934 5632 2993 5671 se
3044 5614 3339 5671 conferens
3378 5616 3531 5684 (quia

1944 5712 2056 5781 jam
2090 5719 2352 5779 expertus
2380 5709 2666 5774 virtutem,
2699 5707 2902 5762 creber
2933 5721 3000 5761 eo
3032 5706 3227 5770 itabat,
3271 5714 3531 5774 tantoque

1947 5803 2294 5872 frequentius
2338 5812 2591 5873 ,quanto
2650 5800 2852 5870 smpius
2909 5809 3037 5854 ante
3097 5798 3151 5854 id
3214 5797 3533 5853 factitantcs

1948 5893 2404 5968 reprehenderat)
2457 5896 2514 5949 in
2570 5894 2859 5949 caznaculo
2932 5892 3175 5964 quodam
3240 5892 3530 5962 superiore

3058 5992 3172 6054 100
