4032 6504
513 374 654 438 3179
1712 365 1772 425 S.
1812 362 2192 425 SYMEONIS
2230 364 2591 424 JUNIORIS
3628 364 3765 433 3180

515 480 833 537 monasterii
865 478 1174 535 diversatus
1194 475 1318 530 fuit.
1353 473 1568 530 Accidit
1595 482 1778 529 autem
1824 486 2081 543 puerum,

2203 474 2352 524 παῖδα
2386 471 2584 543 συνέϐη
2608 472 2826 536 νυκτὸς,
2863 472 3006 528 κατὰ
3042 472 3110 543 δή
3144 490 3270 528 τινα
3293 475 3551 543 σώματος
3581 475 3769 546 χρείαν

516 581 797 643 premente
832 568 1070 638 quadam
1104 564 1350 635 corporis
1374 564 1730 629 necessitate,
1766 570 1934 617 noctu
1987 576 2087 616 ex-

2203 562 2560 634 Ξιεργεθέντα,
2596 566 2718 618 κατ’
2747 566 2923 619 ἐκεῖνο
2954 565 3145 635 στῆναι
3165 565 3268 635 τῆς
3288 565 3464 629 οίκίας
3490 566 3555 618 τὸ
3586 566 3770 636 μέρος,

514 669 829 732 perrectum
858 671 1124 728 surgere;
1155 670 1391 725 cumque
1424 654 1529 719 illa
1585 657 1726 709 l'orte
1780 661 1951 708 staret
1985 651 2087 705 (Ιο-

2203 656 2325 708 imo
2370 656 2523 719 τινὰς
2551 656 2658 710 τῶν
2702 655 2864 727 ίερῶν
2891 656 2985 710 τοῦ
3015 657 3237 728 Συμεὼν
3270 658 3478 729 τριχῶν
3510 657 3770 728 ἐτύγχανε

515 770 635 807 mus
660 760 837 822 parte,
862 750 960 805 ubi
996 749 1139 804 sacri
1166 749 1375 818 aliquot
1402 746 1693 818 Symconis
1723 744 1909 815 capilli
1939 745 2090 814 jace-

514 848 676 913 baut;
746 846 863 901 sive
926 844 1154 915 spiritus
1224 850 1423 897 natura
1484 840 1655 897 invidi
1728 838 2090 893 fascinatione

512 937 781 1006 malisque
810 935 1042 1001 artibus,
1086 935 1200 990 sive
1234 932 1407 1004 gratia
1455 933 1565 986 illis
1632 930 1808 984 indita
1871 928 1926 982 id
1978 943 2090 982 non

513 1030 819 1093 tolerante;
875 1025 1134 1094 delapsus
1195 1024 1324 1078 inde
1376 1039 1512 1093 puer
1554 1031 1719 1092 caput
1764 1021 1819 1075 in
1876 1029 2089 1090 petram

515 1119 767 1191 impegit,
793 1118 1229 1186 vulneratusque
1258 1117 1501 1187 graviter
1526 1114 1621 1168 illo
1651 1128 1793 1183 pene
1849 1110 2090 1166 contrito

514 1229 545 1267 e
568 1212 710 1267 vivis
731 1210 983 1265 excessit.
1010 1208 1201 1263 Oritur
1230 1207 1424 1278 ingens
1469 1206 1696 1270 clamor,
1749 1210 2092 1259 concurrunt

514 1311 786 1377 quotquot
834 1303 890 1357 in
929 1302 1093 1356 domo
1137 1300 1387 1364 aderant,
1438 1298 1731 1352 inveniunt
1784 1304 2089 1350 mortuum.

515 1396 679 1449 Pater
719 1408 851 1448 vero
905 1392 1133 1446 minime
1203 1390 1451 1445 omnium
1522 1388 1778 1443 turbatus
1841 1387 2093 1458 (noverat

516 1486 718 1555 quippe
754 1484 822 1538 ad
866 1498 1091 1537 manum
1121 1497 1242 1537 esse
1297 1481 1598 1547 medicum)
1664 1481 1864 1536 tollens
1906 1479 2092 1535 sedate

516 1588 820 1642 mortuum,
861 1573 927 1629 ad
949 1582 1198 1629 sanetum
1223 1572 1501 1642 deportat.
1538 1571 1744 1643 Tetigit
1801 1573 1899 1626 ille
1954 1584 2090 1640 pue-

518 1685 640 1722 rum
666 1668 889 1722 dextera
921 1681 1041 1731 sua,
1069 1664 1457 1734 invocavitque
1487 1676 1654 1733 super
1687 1664 1843 1717 illum
1892 1660 2094 1730 Unige-

518 1761 694 1814 nitutn
716 1759 807 1813 Dei
830 1758 1050 1823 Filium,
1070 1756 1165 1827 qui
1187 1756 1339 1811 solus
1361 1762 1543 1825 potest
1569 1765 1816 1810 mortuos
1837 1754 1905 1809 ad
1924 1755 2094 1807 vitam

519 1852 809 1906 suscitare.
837 1848 991 1921 (Quis
1010 1846 1366 1902 conﬁtebitur
1396 1845 1803 1902 misericordias
1824 1856 1942 1900 tuas
1968 1844 2091 1909 tibi,
2126 1824 2169 1879 Β

518 1942 750 1996 D‘omine
774 1940 817 2011 ?)
847 1938 1013 1994 Redit
1036 1938 1219 1992 anima
1249 1953 1450 2007 puero:
1480 1947 1536 1992 et
1564 1937 1659 2007 qui
1681 1943 1931 1991 mortuus
1973 1935 2095 1990 fue-

522 2041 625 2099 rat,
649 2032 834 2086 vivere
863 2029 1155 2100 etspirare
1206 2029 1573 2097 conspicitur.
1619 2025 1854 2082 Sanctus
1908 2034 2094 2080 autem

520 2125 731 2179 indicto
774 2122 918 2193 patri
968 2118 1366 2189 comitatuique
1422 2120 1572 2174 illius
1635 2118 1876 2183 silentio,
1936 2117 2098 2188 jubet

521 2215 725 2270 auferri
752 2208 1011 2285 pueru'm,
1040 2219 1102 2267 ut
1143 2212 1417 2281 tantisper
1443 2210 1687 2280 quietem
1716 2210 1917 2279 capiat.
1937 2206 2096 2273 Quod

519 2325 644 2364 cum
670 2308 873 2363 factum
911 2313 1057 2361 esset
1108 2311 1170 2360 ut
1198 2304 1519 2360 mandatum
1568 2310 1708 2367 erat,
1765 2316 1941 2372 puero
1984 2301 2096 2371 jam

522 2398 735 2468 placide
768 2396 1100 2461 dormiente,
1131 2409 1231 2465 per
1262 2408 1425 2449 aures
1456 2392 1606 2448 illius
1630 2400 1856 2462 repente
1874 2390 2099 2460 sanguis

521 2489 733 2543 cﬁusus
769 2495 874 2553 est,
899 2486 1171 2559 Symeone
1188 2482 1596 2555 quodammodo
1644 2483 1965 2554 chirurgum
2001 2497 2100 2552 per

521 2588 699 2633 artem
756 2576 1051 2647 quemdam
1099 2575 1436 2630 invisibilem
1485 2580 1699 2644 agente.
1764 2573 1910 2628 Puer
1967 2586 2100 2625 vero

524 2671 684 2724 ﬁnito
715 2685 909 2725 somno
931 2668 1149 2739 integre
1179 2678 1427 2731 sanatus,
1460 2667 1646 2721 cibum
1674 2679 1894 2737 quoque
1939 2662 2101 2718 avide

522 2762 766 2826 admisit,
814 2760 1103 2829 factusque
1151 2767 1235 2814 est
1286 2759 1616 2813 miraculum
1671 2756 1951 2821 omnibus,
2005 2754 2101 2809 ubi

522 2848 988 2918 conspiciebatur,
1024 2846 1377 2913 videntibus;
1403 2844 1758 2901 audientibus
1789 2843 1885 2898 ubi
1908 2857 2100 2897 narra-

523 2938 708 2994 batur.

594 3044 721 3098 211.
751 3044 914 3099 Pater
966 3058 1099 3114 ergo
1147 3042 1378 3112 hujusce
1439 3042 1619 3111 pueri,
1666 3040 1963 3111 praeclarus
1990 3040 2101 3111 jam

525 3132 709 3204 magni
746 3131 1033 3204 Symeonis
1057 3145 1244 3200 praeco
1274 3130 1473 3194 factus,
1510 3140 1617 3184 tam
1645 3128 1898 3184 addictus
1942 3128 2102 3182 fama:

525 3225 675 3280 illius
698 3222 1081 3293 propagandae,
1107 3224 1453 3292 quam’antea
1468 3221 1801 3276 noscebatur
1826 3221 1893 3275 ad
1913 3221 2103 3277 convi-

527 3316 775 3373 tiandum
807 3314 1101 3385 proclivis;
1132 3313 1393 3368 convenit
1423 3313 1603 3367 virum
1625 3313 1942 3382 quemdam,
2005 3314 2101 3383 qui

524 3408 829 3463 vocabatur
856 3406 1108 3477 Babylas.
1147 3404 1363 3459 Annum
1400 3404 1491 3459 hic
1540 3404 1766 3459 circiter
1820 3405 2100 3474 quinqua-

526 3499 795 3571 gesimum
830 3497 1106 3566 attigerat,
1138 3496 1360 3565 jamque
1386 3503 1533 3549 totus
1571 3494 1758 3565 glaber
1784 3509 1848 3549 ac
1873 3494 2092 3565 depilis,

526 3606 638 3645 non
666 3590 846 3661 capite
896 3587 1062 3643 modo
1115 3597 1281 3657 atque
1344 3586 1677 3655 superciliis,
1730 3586 1829 3641 sed
1904 3596 2091 3641 mento

526 3683 693 3737 etiam
723 3690 949 3750 totoque
978 3694 1209 3750 corpore
1258 3688 1398 3743 erat,
1428 3678 1565 3732 adeo
1616 3686 1677 3731 ut
1711 3676 1925 3732 cunctis
1967 3677 2103 3733 risui

526 3793 591 3831 ac
618 3775 864 3831 ludibrio
901 3782 1069 3828 esset.
1102 3773 1340 3828 Noverat
1380 3787 1507 3825 cum
1539 3770 1818 3826 inﬁdelem
1870 3786 2014 3836 esse,
2049 3779 2105 3826 et

525 3869 664 3923 nihil
691 3866 926 3922 sanioris
950 3865 1167 3920 consilii
1200 3864 1254 3919 in
1277 3879 1441 3919 aures
1485 3863 1763 3919 dimittere
1787 3880 1801 3917 :
1829 3863 2105 3933 persuasit

529 3971 711 4015 tamen
727 3976 837 4014 non
864 3960 983 4013 sine
1016 3958 1227 4022 labore,
1263 3971 1425 4026 posse
1453 3955 1719 4021 divinam,
1754 3970 1877 4025 quae
1915 3964 2105 4010 sancto

528 4050 786 4122 Symeoni
851 4049 1064 4114 aderat,
1126 4048 1356 4118 gratiam
1416 4046 1618 4111 facere,
1668 4054 1728 4101 ut
1774 4054 2105 4101 enascantur

527 4152 736 4197 naturae
769 4141 963 4196 ordine
985 4139 1167 4209 capilli
1191 4139 1312 4206 ejus
1339 4155 1351 4191 :
1385 4137 1572 4206 sicque
1595 4152 1917 4206 persuasum
1949 4136 2105 4190 duxit

528 4233 595 4287 ad
620 4233 952 4296 columnam,
980 4245 1090 4285 non
1113 4228 1369 4282 ﬁduciam
1400 4226 1564 4281 modo
1588 4227 1888 4291 incensam,
1912 4241 2103 4281 verum

527 4321 932 4391 paenitudinem
979 4332 1198 4388 quoque
1248 4317 1658 4386 praeteritorum
1704 4317 2100 4372 conferentem.

526 4412 668 4467 Dicit
694 4411 745 4465 ei
771 4411 1007 4481 Symeon
1037 4427 1051 4463 :
1076 4410 1158 4463 Tu
1189 4424 1219 4463 a
1253 4417 1305 4462 te
1340 4408 1456 4478 ipse
1492 4407 1545 4461 in
1574 4408 1722 4463 hunc
1756 4423 1927 4478 usque
1957 4409 2101 4464 diem

2192 749 2434 803 κεῖσθαι*
2464 748 2574 802 εἴτε
2609 749 2674 820 δὴ
2719 750 2988 820 βασκανίᾳ
3018 751 3120 821 τῆς
3140 750 3409 821 φθονερᾶς
3460 749 3559 803 τοῦ
3605 752 3769 823 Πονη-

2194 838 2290 912 ροῦ
2322 843 2538 908 φύσεως
2564 841 2661 896 καὶ
2691 843 2813 906 ταῖς
2849 841 2907 906 ἐξ
2939 841 3110 913 αὐτῆς
3144 843 3472 911 ἐνεργείαις,
3500 842 3617 895 εἴτε
3666 843 3762 913 τῆς

2194 933 2416 1005 χάριτος
2480 934 2580 987 οὐκ
2636 934 3038 1006 ἀνασχομένης,
3072 935 3314 1005 ἐνεχθεὶς
3369 936 3589 990 ἐκεῖθεν
3634 939 3772 990 κατά

2194 1012 2437 1099 κεξραλῆς
2462 1027 2556 1080 ἐπὶ
2582 1027 2807 1098 πέτραν,
2836 1027 2933 1081 καὶ
2959 1026 3165 1098 ταύτην
3192 1027 3422 1098 πληγείς
3439 1044 3500 1080 τε
3539 1029 3659 1099 ἅμα
3686 1029 3773 1083 καὶ

2196 1119 2524 1190 συντριϐεὶς,
2560 1120 2811 1191 θνήσκει.
2875 1121 3142 1191 Κραυγῆς
3192 1118 3251 1173 δὲ
3297 1121 3638 1191 γενομένης,
3687 1120 3775 1173 καὶ

2202 1212 2422 1266 πάντων
2468 1212 2583 1265 ὅσοι
2647 1213 2917 1283 παρόντες
2967 1206 3111 1282 ἦσαν
3175 1212 3296 1265 ἐκεῖ
3342 1212 3772 1282 συνδραμόντων,

2195 1304 2507 1376 εὑρίσκεται
2540 1304 2836 1375 τεθνηκώς.
2870 1304 2929 1358 'U
2974 1306 3158 1376 πατὴρ
3185 1304 3365 1358 τοίνυν
3398 1305 3563 1358 οὐδὲν
3593 1305 3773 1359 διατα-

2200 1395 2423 1467 ραχθεὶς
2449 1396 2588 1467 (ᾔδει
2615 1396 2724 1467 γὰρ
2779 1397 2967 1467 σαφῶς
3016 1399 3185 1466 ἐγγὺς
3237 1397 3378 1468 ἔχων
3425 1398 3521 1451 τὸν
3576 1396 3774 1470 ἰατρὸν)

2195 1488 2518 1557 ἀνελόμενος
2563 1489 2742 1558 ἡσυχῆ
2804 1490 3035 1543 θανόντα
3069 1491 3158 1545 τὸν
3189 1490 3384 1552 παῖδα,
3412 1489 3639 1559 κομίζει
3678 1489 3778 1559 πρ)

2196 1579 2289 1633 τοῦ
2339 1580 2497 1648 ἁγίου
2521 1597 2535 1611 ·
2575 1581 2604 1634 6
2645 1579 2702 1633 δέ
2744 1580 2819 1643 ὡς
2850 1579 3028 1649 ἥψατο
3054 1579 3246 1633 τούτου
3274 1581 3340 1650 τῇ
3369 1578 3547 1649 δεξιᾷ,
3568 1578 3663 1631 καὶ
3690 1576 3779 1631 τοῦ

2202 1670 2524 1742 μονογενοῦς
2549 1670 2681 1725 Υίοῦ
2714 1671 2810 1724 τοῦ
2843 1670 3001 1737 Θεοῦ,
3035 1671 3131 1725 τοῦ
3174 1672 3271 1726 καὶ
3305 1671 3467 1742 μόνου
3501 1670 3783 1735 ζωοποιεῖν

2198 1766 2397 1829 εἰδότος
2416 1767 2663 1835 νεκροὺς,
2688 1764 2831 1834 ὑπὲρ
2862 1764 3026 1818 αὑτοῦ
3062 1764 3281 1835 ἐδεήθη.
3307 1764 3427 1835 (Τίς
3450 1763 3785 1834 ἐξομολογήο

2199 1856 2350 1911 σεταί
2376 1874 2481 1921 σοι,
2500 1858 2723 1927 Χριστέ,
2751 1856 2819 1909 τὰ
2838 1856 2961 1927 ἐλέη
2991 1873 3084 1909 σου
3105 1855 3145 1927 i)
3165 1856 3444 1909 Ἐπάνεισι
3464 1855 3565 1925 μὲν
3588 1855 3623 1925 ἡ
3640 1855 3784 1927 ψυχὴ

2200 1948 2295 2001 τοῦ
2331 1949 2542 2014 παιδὸς,
2572 1949 2666 2002 καὶ
2684 1949 2815 2026 βῶν
2841 1952 2869 2002 6
2908 1948 3101 2019 νεκρὸς
3136 1946 3235 2001 καὶ
3260 1946 3439 2001 πνέων
3476 1946 3686 2016 ὠρᾶτο.
3726 1948 3781 2001 Ὀ

2198 2040 2425 2113 Συμεὼν
2440 2042 2496 2094 δέ
2528 2042 2686 2110 σιγὴν
2703 2041 2779 2112 τῷ
2805 2042 2975 2112 πατρὶ
3002 2041 3097 2096 καὶ
3133 2042 3248 2104 τοῖς
3278 2040 3405 2108 περὶ
3436 2040 3607 2094 αὑτὸν
3640 2056 3782 2110 παρ-

2199 2134 2475 2203 αγγέλλει,
2515 2133 2817 2204 ἀραμένοις
2868 2132 2975 2203 ἰδία
3020 2132 3112 2185 τὸν
3136 2132 3324 2195 παῖδα,
3362 2132 3453 2185 ἵνα
3506 2131 3688 2202 βραχύ
3735 2147 3786 2184 τι

2200 2224 2297 2278 καὶ
2332 2224 2643 2296 καθευδήσῃ
2666 2240 2679 2252 ’
2714 2223 2856 2294 ὅπερ
2886 2223 2963 2287 ὡς
2988 2221 3293 2294 προσέταξε
3317 2220 3566 2290 γεγονὸς,
3604 2219 3785 2274 ὑπνώ-

2203 2337 2393 2383 σαντος
2429 2321 2497 2373 τὰ
2533 2319 2731 2389 μέτρια
2762 2317 2857 2371 τοῦ
2904 2318 3119 2383 παιδὸς,
3152 2312 3295 2388 αἷμα
3323 2316 3421 2387 ὸδιὰ
3463 2315 3577 2369 τῶν
3617 2312 3779 2367 αὐτοῦ

2201 2409 2353 2464 ὤτων
2383 2410 2578 2481 ἀθρόον
2610 2409 2794 2481 ἐχέθη,
2824 2408 3081 2481 καθάπερ
3106 2410 3322 2481 ἀθεάτῳ
3342 2410 3451 2463 τινὶ
3466 2407 3784 2479 χειρουργίᾳ

2200 2497 2296 2552 τοῦ
2342 2497 2569 2566 Συμεὼν
2614 2498 2700 2551 ἐπ’
2739 2499 2903 2551 αὐτὸν
2942 2500 3293 2571 χρησαμένου
3321 2515 3335 2530 ·
3364 2502 3459 2553 καὶ
3492 2499 3636 2570 μετὰ
3688 2498 3779 2551 τὸν

2204 2589 2369 2642 ὕπνον
2400 2589 2561 2658 ὑγιὴς
2590 2589 2712 2652 ὅλος
2739 2584 2829 2660 ἦν,
2853 2590 3025 2661 ἡδέως
3048 2592 3412 2661 προσιέμενος
3435 2590 3533 2643 καὶ
3556 2588 3781 2661 τροφὴν,

2206 2680 2391 2751 θαῦμα
2422 2682 2557 2736 πᾶσι
2603 2683 2697 2737 καὶ
2725 2680 2938 2752 ὄμμασι
2973 2684 3069 2737 καὶ
3088 2685 3242 2752 ὠσὶν,
3275 2682 3559 2756 ὁρώμενός
3596 2700 3655 2736 τε
3694 2682 3783 2735 καὶ

2205 2774 2556 2843 ἁκουόμενος.

2279 3042 2407 3094 σια’.
2462 3037 2519 3091 '0
2568 3036 2698 3106 γοῦν
2732 3036 2919 3107 πατὴρ
2942 3075 2957 3100 ,
2990 3035 3241 3107 λαμπρὸς
3285 3034 3395 3088 τῶν
3419 3034 3517 3088 τοῦ
3552 3034 3785 3106 μεγάλου

2207 3130 2434 3201 Συμεὼν
2464 3129 2642 3201 κήρυξ
2672 3128 2774 3193 ὢν,
2799 3130 2896 3182 καὶ
2934 3127 3191 3189 τοσοῦτος
3225 3128 3305 3190 είς
3337 3127 3621 3197 εὐφημίαν
3665 3127 3788 3187 ὅσος

2206 3223 2285 3285 είς
2310 3221 2575 3291 λοιδορίαν
2601 3221 2662 3273 τὸ
2695 3220 2828 3291 πρὶν
2864 3219 3214 3290 ἐγνωρίζετο,
3252 3217 3421 3287 ἄνδρα
3453 3216 3581 3269 τινὰ
3604 3215 3787 3268 Βαϐύο

2204 3315 2305 3367 λαν
2332 3312 2688 3382 καλούμενον,
2723 3312 2842 3375 ἐτός
2871 3328 2974 3364 που
3000 3310 3366 3379 πεντηκοστὸν
3394 3309 3524 3361 ὄντα
3546 3350 3560 3373 ,
3587 3306 3791 3377 γυμνὸν

2206 3407 2328 3460 ὅλον
2379 3407 2473 3460 καὶ
2509 3405 2653 3458 λεῖον
2700 3405 2794 3457 και)⁵
2826 3402 3049 3475 ἄτριχα,
3083 3402 3144 3455 ού
3172 3401 3416 3472 κεφαλὴν
3447 3400 3615 3471 μόνον
3641 3400 3703 3452 οῦ
3734 3398 3787 3451 δὲ

2207 3500 2482 3572 ὀφρρύας,
2524 3497 2661 3551 ἀλλά
2700 3497 2793 3551 καὶ
2838 3470 3076 3564 πῶγιυνα
3121 3495 3217 3547 καὶ
3255 3470 3416 3563 σῶμα
3451 3470 3525 3545 τὸ
3560 3493 3693 3553 πᾶν,
3720 3470 3815 3552 ὡς’

2206 3591 2302 3642 καὶ
2343 3590 2507 3643 πᾶσιν
2539 3589 2597 3640 ἐν
2636 3587 2835 3655 γέλωτι
2865 3586 2959 3639 καλ⁵
3004 3585 3194 3656 παιδιᾷ
3229 3581 3366 3637 εἶναι
3393 3600 3406 3613 °
3428 3582 3624 3635 τοῦτον
3650 3583 3789 3633 ἁπα-

2210 3680 2484 3753 ραδέκτως
2540 3680 2733 3748 ἔχοντα
2787 3677 2884 3730 καὶ
2938 3677 3182 3739 ἀπίστως
3228 3673 3404 3736 εἰδὼς,
3438 3672 3579 3742 ὡςή
3648 3670 3789 3740 παρὰ

2206 3774 2283 3844 τῷ
2309 3773 2435 3842 θείῳ
2486 3770 2710 3840 Συμεὼν
2764 3768 2889 3823 θεία
2933 3769 3094 3840 χάρις
3138 3766 3338 3837 δυνατὴ
3394 3765 3593 3835 τρίχας
3640 3763 3784 3832 αὐτῷ

2207 3865 2349 3918 κατά
2390 3862 2549 3931 φύσιν
2583 3862 2840 3931 ἐκφῦναι,
2876 3860 3052 3914 πείθει
3086 3860 3182 3912 σὺν
3225 3859 3407 3927 πόνῳ*
3456 3856 3552 3908 καὶ
3603 3856 3788 3916 πείσας

2206 3958 2330 4025 ἄγει
2367 3955 2517 4027 παρά
2552 3954 2644 4006 τὸν
2671 3954 2887 4014 στύλον,
2914 3952 2975 4005 ού
3010 3950 3148 4019 μετά
3174 3950 3382 4021 θερμῆς
3419 3950 3663 4010 πίστεως
3693 3946 3784 4015 μόο

2207 4066 2317 4111 νον,
2368 4046 2502 4100 ἀλλά
2551 4045 2646 4098 καὶ
2685 4045 2788 4115 τῆς
2852 4045 2994 4115 ὑπὲρ
3051 4042 3144 4095 τοῦ
3200 4039 3563 4113 παρελθόντος
3608 4053 3785 4115 ’μετα-

2210 4109 2526 4208 μελείας.⁶0
2557 4137 2637 4202 δὲ,
2663 4109 3017 4208 zamia“);
3048 4135 3235 4203 ἐγένου
3263 4109 3443 4204 σαυτῷ
3470 4133 3569 4202 τῆς
3592 4109 3789 4184 ἀνωθεν

2205 4232 2414 4301 δωρεᾶς
2462 4231 2541 4293 εἰς
2587 4229 2766 4301 δεῦρο,
2810 4229 2936 4300 ἔφη,
2971 4230 3065 4283 καὶ
3097 4227 3365 4281 πιστεύων
3388 4228 3469 4279 ὅτι
3508 4226 3735 4278 δυνατὸν
3763 4222 3789 4275 δ

2205 4322 2395 4385 αἰτεῖς,
2431 4318 2651 4371 ἔσεσθαί
2680 4336 2763 4372 σοι
2795 4319 2948 4390 παρά
2982 4318 3140 4372 Θεοῦ.
3183 4318 3295 4371 Νῦν
3343 4314 3436 4370 οὖν
3476 4316 3661 4369 οἶκαδε
3701 4331 3788 4366 πο·

2210 4414 2366 4483 ρεύου
2415 4414 2619 4483 χαίρων
2646 4428 2659 4441 ·
2714 4412 3032 4466 ἀνα-τελοῦσι
3077 4413 3183 4481 γάρ
3230 4428 3313 4464 σοι
3356 4410 3499 4463 κατά
3536 4408 3699 4478 φύσιν
3737 4408 3787 4460 αἱ

526 4502 750 4558 caeleste
796 4501 1001 4555 donum
1030 4498 1293 4565 arcuisti;
1328 4499 1475 4569 quod
1500 4499 1545 4553 si
1576 4499 1901 4564 credideris,
1942 4516 2100 4569 posse

2205 4504 2409 4575 τρίχες.
2450 4504 2665 4565 Ταύτας
2719 4506 2748 4557 6
2793 4504 2893 4573 μὲν
2929 4502 3080 4575 παρά
3109 4502 3203 4555 τοῦ
3248 4501 3392 4571 ἱεροῦ
3439 4498 3669 4569 Συμεὼν
3699 4500 3787 4559 τὰς

526 4593 643 4648 lieni
672 4592 727 4647 id
757 4590 903 4662 quod
930 4591 1092 4661 petis,
1116 4591 1332 4645 eveniet
1356 4589 1454 4643 tibi
1484 4604 1513 4642 a
1547 4589 1797 4644 Domino.
1820 4591 1978 4644 Nunc
1999 4590 2101 4662 igi-

527 4693 619 4738 tur
638 4684 788 4739 abito
830 4683 1055 4737 domum
1089 4682 1246 4736 laetus
1274 4699 1287 4735 :
1338 4691 1699 4735 renascentur
1734 4698 1972 4752 namque
2004 4682 2102 4737 tibi

521 4775 676 4845 juxta
696 4780 910 4827 natura).
934 4770 1265 4841 exigentiam
1289 4770 1409 4840 pili.
1435 4770 1601 4824 Ratas
1624 4771 1713 4824 ille
1743 4781 2104 4842 acceptasque

524 4867 701 4923 sancti
722 4865 1008 4937 Symeonis
1028 4864 1222 4917 habuit
1243 4863 1654 4931 promissiones,
1685 4880 1749 4919 ac
1771 4865 1993 4919 domum
2020 4882 2106 4921 re-

526 4959 749 5012 meavit.
785 4956 920 5012 Cum
954 4971 1082 5011 ecce
1136 4955 1217 5009 cis
1245 4946 1487 5009 triduum
1518 4954 1869 5010 reﬁorescere
1925 4974 2101 5021 coma,

524 5050 801 5120 protrusis
831 5064 861 5102 e
892 5048 1075 5102 radice
1120 5045 1390 5113 crinibus,
1424 5046 1576 5100 velut
1618 5062 1813 5102 recens
1847 5048 1980 5102 editi
2022 5048 2103 5102 in-

524 5142 692 5196 fantis
716 5141 859 5209 pilos
884 5139 1256 5205 imitantibus;
1294 5148 1349 5195 et
1378 5155 1646 5194 exornare
1680 5139 1835 5194 brevi
1866 5150 2110 5210 tempore

525 5248 637 5287 non
678 5240 843 5302 caput
881 5232 1065 5297 modo,
1111 5232 1207 5288 sed
1243 5240 1490 5287 mentum
1534 5232 1735 5298 etiam;
1774 5248 1899 5286 mox
1922 5234 2109 5297 etiam,

2206 4598 2535 4666 ἐπαγγελίας
2564 4596 2763 4659 λαϐὼν,
2794 4599 3085 4668 ἐπανῆκεν.
3121 4595 3265 4647 Είσω
3290 4596 3345 4647 δὲ
3372 4594 3543 4663 τριῶν
3573 4591 3787 4662 ἡμερῶν

2206 4688 2514 4758 ἐπήνθησεν
2561 4686 2707 4756 αύτῷ
2754 4686 2874 4758 θρὶξ
2924 4688 2988 4739 ἐκ
3033 4685 3197 4756 ῥιζῶν
3249 4683 3497 4746 ἀνιοῦσα,
3543 4679 3785 4747 καθάπερ

2205 4778 2495 4849 ἀρτιτόκου
2534 4778 2743 4831 παιδίου
2782 4778 2879 4849 τὴν
2926 4780 2989 4830 ἐκ
3016 4778 3282 4846 γενέσεως
3314 4776 3515 4843 ἑαυτῆς
3559 4772 3786 4841 ὑποφαί-

2207 4888 2370 4923 νουσα
2396 4870 2653 4941 βλάστην,
2677 4871 2952 4941 ὲκόσμησέ
2978 4887 3037 4922 τε
3068 4870 3206 4923 κατὰ
3235 4869 3431 4939 μικρὸν
3459 4868 3521 4919 ού
3559 4864 3787 4934 κεφαλὴν

2213 4964 2393 5033 μόνον,
2425 4963 2561 5015 ἀλλὰ
2615 4964 2708 5017 καὶ
2759 4963 3019 5031 πώγωνα,
3061 4962 3277 5026 πολιαῖς
3330 4960 3473 5014 κατά
3504 4959 3668 5030 φύσιν
3698 4959 3787 5025 τῆς

2207 5056 2411 5119 οἰκείας
2439 5056 2654 5126 ἡλικίας
2678 5058 3108 5128 κατηρτυμένος,
3147 5057 3221 5119 ὼς
3256 5058 3314 5108 ἐν
3350 5054 3632 5123 θαύματος
3663 5045 3789 5103 εἶναι

2213 5148 2358 5218 λόγῳ
2383 5150 2477 5201 καὶ
2510 5154 2621 5213 τοῖς
2648 5153 2839 5221 πρώην
2864 5152 2921 5202 ἐν
2945 5150 3143 5219 γέλωτι
3170 5149 3238 5203 τά
3272 5150 3390 5202 κατ’
3424 5147 3588 5201 αὑτὸν
3611 5161 3787 5197 ποιου-

2222 5241 2422 5310 μένοις.

528 5334 693 5395 prout
737 5340 835 5379 sua
888 5326 1205 5394 requirebat
1250 5335 1401 5391 aetas,
1434 5325 1587 5380 canis
1617 5326 1846 5396 pulchre
1878 5328 2110 5384 vestitus
2150 5336 2428 5403 apparuit,
2467 5335 2540 5388 ita
2600 5343 2660 5389 ut
2714 5333 3067 5389 admirationi
3101 5344 3248 5390 esset
3277 5332 3387 5389 illis
3408 5332 3617 5405 quibus
3643 5342 3789 5385 antea

510 5418 770 5475 ludibrio
804 5418 1002 5474 fuerat.

598 5513 725 5568 212.
765 5513 960 5567 Mulier
988 5512 1237 5582 quaedam
1262 5512 1454 5583 joculis
1490 5511 1761 5566 ambobus
1786 5521 1963 5581 capta,
2016 5529 2110 5568 ve-

529 5602 718 5658 niebat
737 5603 803 5656 ad
835 5611 1085 5657 sanctum
1110 5602 1435 5673 Symeoncm
1465 5618 1627 5665 manu
1651 5602 1813 5656 ducta
1846 5619 1860 5655 :
1890 5603 2110 5673 jamque

531 5695 781 5749 subitura
816 5695 1236 5758 monasterium,
1260 5695 1515 5749 clamavit
1537 5710 1699 5764 quam
1731 5694 1911 5764 potuit
1940 5697 2111 5750 maxi-

533 5800 621 5840 me
646 5800 867 5850 sonore,
916 5802 1025 5841 non
1051 5787 1225 5856 magis
1253 5787 1437 5857 lingua
1464 5796 1519 5842 et
1549 5803 1683 5844 voce
1716 5803 1880 5859 quam
1922 5787 2027 5845 ﬁde
2053 5797 2108 5844 et

2286 5514 2409 5583 σιβ’.
2443 5514 2583 5585 Γυνή
2609 5533 2693 5579 τις
2718 5516 3063 5585 ἀμφοτέρους
3092 5517 3217 5580 τοὺς
3245 5516 3560 5585 ὀφθαλμοὺς
3584 5517 3790 5585 τυφλω-

2214 5604 2370 5659 θεῖσα
2410 5606 2638 5677 προσῄει
2689 5608 3177 5679 χειραγωγουμένη
3225 5608 3302 5679 τῷ
3358 5609 3491 5679 ἱερῷ
3535 5608 3786 5679 Συμεών·

2212 5698 2591 5752 καταλαϐοῦσα
2618 5699 2674 5752 δὲ
2705 5700 2807 5771 ἤδη
2833 5699 2933 5771 τῆς
2957 5700 3200 5770 μάνδρας
3230 5700 3487 5763 εἰσόδους,
3542 5702 3673 5768 Αγιε
3696 5700 3787 5751 Συ-

2217 5789 2385 5861 μεὼν,
2424 5792 2636 5865 μεγάλῃ
2664 5792 2739 5857 ὡς
2764 5790 2909 5865 εῖχεν
2942 5792 3172 5863 ἐϐόησεν
3198 5793 3258 5846 οὐ
3287 5792 3501 5865 γλώττῃ
3524 5793 3617 5846 καὶ
3640 5792 3780 5862 φωνῇ
