4032 6522
248 390 388 458 3181

1253 390 1426 454 VITA
1461 390 1510 451 A
1548 386 1990 451 NICEPHORO
2028 385 2515 447 CONSCRIPTA.

3393 386 3533 451 3182

242 505 447 579 μᾶλλον
476 504 509 575 ἢ
546 501 843 558 πίστεικαί
869 499 1019 566 ζέσει
1050 499 1299 573 καρδίας,
1322 501 1533 573 τυφλήν
1570 519 1638 571 με
1676 501 1829 571 δεχό-

1937 498 2153 553 fervore
2200 496 2384 552 cordis
2420 494 2661 551 :Sancte
2696 494 2956 568 Symeon,
3006 510 3040 551 ο
3068 494 3165 567 qui
3199 510 3285 551 me
3316 496 3529 566 excipis

240 615 426 671 μενος.
458 595 728 652 ἀπόλυσον
758 595 1079 666 βλέπουσαν.
1108 593 1217 647 Τοῦ
1247 593 1303 646 δὲ
1333 593 1829 665 σπλαγχνισθέντος

240 691 328 744 επ’
361 690 523 759 αὐτῇ,
556 687 746 758 χεῖράς
782 704 841 740 τε
867 688 979 751 τοῖς
1012 685 1313 756 ὀφθαλμοῖς
1340 685 1641 749 ἐπιθέντος,
1670 686 1828 739 ἔϐλε-

239 780 338 851 ᾦεν
364 780 527 844 εὐθὺς
549 778 737 846 ὑγιῶς.
765 774 898 832 Εἶτα
924 778 1194 850 προσάγει
1219 778 1319 849 τὴν
1349 777 1627 849 θυγατέρα
1659 779 1831 842 πάθος

237 874 469 945 ἔχουσαν
500 873 629 944 περὶ
656 871 755 943 τὴν
780 873 952 943 γυνήν
977 887 990 900 ·
1015 871 1222 936 ἐπιθεὶς
1249 872 1431 925 τοίνυν
1455 872 1551 926 καὶ
1575 875 1641 942 τῇ
1675 872 1829 927 παιδὶ

236 968 340 1037 τὴν
364 970 542 1039 χεῖρα,
568 966 684 1019 Νῦν
713 965 812 1036 μὲν
843 967 1086 1035 ἐπάνηκε
1109 966 1208 1020 σὺν
1239 966 1400 1037 αὐτῇ,
1423 965 1560 1037 πρὸς
1591 967 1690 1037 τὴν
1724 983 1829 1037 μη-

235 1060 375 1130 τέρα
433 1057 561 1127 ἔφη,
613 1057 736 1127 ὄψει
789 1056 846 1110 δὲ
901 1055 1041 1112 οἴκοι
1071 1055 1169 1127 τὴν
1206 1056 1363 1123 δόξαν
1402 1056 1497 1111 τοῦ
1536 1057 1693 1112 Θεοῦ.
1740 1057 1830 1120 Ὠς

234 1151 370 1221 γοῦν
406 1149 708 1220 ἐπανῆλθον
742 1150 1026 1222 ἑκάτεραι,
1060 1153 1158 1205 καὶ
1182 1151 1431 1205 ῦπνωσεν
1460 1146 1552 1206 οἶα
1584 1151 1727 1220 φιλεῖ
1750 1150 1828 1221 τῷ

234 1244 473 1316 καμάτῳ
521 1245 620 1315 τῆς
674 1243 985 1314 ὁδοιπορίας
1026 1244 1059 1315 ή
1112 1244 1317 1316 μήτηρ,
1377 1244 1480 1316 ὁρᾷ
1534 1243 1626 1297 τὸν
1670 1244 1827 1312 ἇγιον

234 1337 296 1391 ὲν
351 1336 516 1407 ἑτέρᾳ
557 1338 762 1406 μορφῇ,
817 1335 912 1388 καὶ
949 1334 1010 1387 ού
1041 1338 1104 1406 τῇ
1142 1334 1364 1405 συνήθει
1414 1334 1823 1406 παραϐαλόντα,

232 1430 335 1500 τήν
394 1447 453 1482 τε
506 1430 689 1481 νεᾶνιν
742 1429 991 1496 ἀγαγεῖν,
1029 1429 1122 1480 καὶ
1171 1428 1231 1481 τὸ
1276 1426 1444 1490 πάθος
1476 1426 1825 1497 ἀνακαλύψαι

234 1520 609 1575 κελεύσαντα·
665 1513 727 1573 οῦ
768 1519 903 1589 παρ’
949 1518 1122 1587 αὐτῆς
1179 1518 1383 1582 εὐθέως
1430 1518 1824 1589 γεγενημένου,

234 1610 583 1679 ἀνατεμόντα
626 1606 806 1673 τοῦτο,
856 1611 951 1660 καὶ
1008 1607 1069 1659 τὸ
1116 1600 1321 1660 λυποῦν
1372 1606 1584 1660 ἐκεῖθεν
1613 1607 1825 1676 ἐξενεγ-

234 1702 422 1767 κόντα,
453 1700 547 1754 καὶ
582 1700 745 1753 πάλιν
774 1700 871 1762 τάς
906 1699 1121 1768 πληγὰς
1154 1697 1568 1753 συνουλώσαντα
1590 1715 1605 1731 °
1634 1699 1827 1752 ἔπειτα

237 1792 425 1863 μέντοι
452 1792 553 1861 τῆς
590 1790 769 1853 οἰκίας
806 1788 1039 1856 ἐξιόντα,
1069 1790 1161 1842 καὶ
1200 1788 1403 1858 ἑαυτὴν
1436 1789 1533 1857 μὲν
1573 1788 1825 1860 ὁρκίζον-

1933 590 2110 645 oculis
2130 596 2435 653 carentem,
2460 586 2528 643 iis
2557 587 2838 643 videntem
2869 586 3111 643 dimitte.
3141 586 3391 656 Cumque
3424 587 3529 642 mi-

1933 691 2149 737 seratus
2180 682 2291 746 ille,
2345 696 2541 735 manus
2582 680 2758 735 oculis
2790 680 3164 749 imposuisset,
3198 679 3339 734 vidit
3375 680 3526 736 illico

1933 782 2107 827 recte.
2151 771 2360 828 Deinde
2408 770 2576 824 ﬁliam
2602 785 2825 840 quoque
2858 770 3013 824 ducit
3041 769 3238 823 morbo
3263 768 3525 823 laboran-

1934 877 2043 922 tem
2077 866 2212 935 (56),
2257 865 2352 935 qui
2377 864 2666 935 imponens
2695 863 2949 918 similiter
2984 863 3063 917 illi
3094 878 3312 927 manus,
3347 861 3528 933 inquit

1932 959 2095 1014 matri
2139 976 2151 1012 :
2187 959 2485 1012 Revertere
2516 970 2666 1010 nunc
2692 970 2818 1010 cum
2855 953 2963 1009 ﬁlia
2996 954 3244 1020 domum,
3286 954 3413 1011 istic
3438 953 3526 1010 vi-

1932 1052 2085 1106 debit
2120 1051 2351 1121 gloriam
2405 1050 2525 1105 Dei.
2561 1047 2699 1104 Cum
2737 1048 2903 1119 igitur
2932 1047 3291 1102 revertissent
3327 1046 3523 1113 amba,

1930 1141 2092 1196 matri
2117 1152 2179 1194 ut
2199 1141 2420 1206 assolet,
2442 1140 2833 1212 defatigatione
2854 1139 3072 1195 itineris
3088 1155 3316 1194 somnus
3333 1139 3527 1209 obrep-

1929 1231 2023 1296 sit,
2053 1230 2381 1301 oblatusque
2414 1230 2470 1285 in
2522 1230 2618 1284 illo
2659 1237 2744 1284 est
2795 1238 3039 1292 sanctus.
3087 1228 3249 1283 aliam
3299 1218 3528 1283 indutiis

1928 1323 2165 1379 formam
2188 1340 2217 1379 a
2247 1331 2546 1387 consueta;
2571 1320 2874 1377 accedebat
2895 1330 3103 1386 autem,
3132 1319 3341 1376 ducens
3361 1335 3526 1375 manu

1930 1417 2192 1487 puellam,
2217 1417 2307 1471 cui
2339 1414 2668 1485 imperabat,
2701 1413 2909 1467 doloris
2936 1413 3019 1467 sui
3056 1414 3239 1467 locum
3273 1422 3331 1468 ut
3366 1429 3527 1468 reve-

1928 1508 2090 1565 laret.
2131 1510 2338 1579 lllaque
2381 1523 2504 1563 mox
2540 1507 2694 1578 jussa
2729 1516 3072 1576 capessente,
3119 1506 3356 1561 dissecto
3401 1506 3526 1562 loco

1928 1601 2201 1657 educebat
2234 1600 2361 1655 inde
2390 1599 2540 1669 quod
2571 1598 2755 1654 fuerat
2782 1599 2991 1653 doloris
3016 1614 3203 1665 causa,
3244 1607 3299 1653 et
3323 1599 3525 1653 vulnus

1928 1690 2186 1747 cicatrice
2210 1690 2523 1745 obducebat
2553 1707 2567 1743 :
2605 1698 2797 1761 postea
2834 1690 3209 1761 egredientem
3244 1690 3410 1745 domo
3436 1688 3522 1745 vi—

1928 1781 2165 1837 debatur
2214 1782 2320 1837 sibi
2371 1781 2572 1837 mulier
2617 1780 2964 1851 obstringere
3008 1781 3407 1853 jurejurando,
3461 1790 3525 1838 ut

235 1854 340 1939 σαν
383 1854 548 1939 αὐτόν
600 1883 748 1945 ὅστις
803 1854 890 1950 είη
938 1880 1182 1950 φράσαι·
1220 1879 1311 1933 τὸν
1436 1854 1689 1947 καθάπερ
1722 1878 1821 1949 βα-

1935 1874 2140 1938 ederet,
2172 1873 2298 1944 quis
2325 1882 2474 1929 esset
2508 1891 2521 1927 :
2563 1873 2719 1927 illum
2765 1879 2973 1939 autem,
3018 1874 3191 1928 veluti
3236 1875 3525 1931 molestius

236 1976 377 2048 ρέως
440 1973 674 2046 φέροντα
728 1975 823 2027 καὶ
870 1971 1193 2043 ἀχθόμενον,
1223 1966 1293 2023 Ὦ
1347 1971 1535 2040 γύναι,
1566 1972 1618 2026 τί
1666 1973 1826 2027 τοῦτο

233 2070 517 2140 ἐπιζητεῖς
548 2066 987 2138 ἀποκρίνασθαι;
1036 2066 1379 2119 Διαναστᾶσα
1421 2066 1627 2131 τοίνυν,
1663 2064 1708 2118 ὣ
1731 2066 1826 2120 τοῦ

235 2160 549 2233 θαύματοςί
585 2158 829 2230 εὑρίσκει
869 2158 968 2228 τὴν
1001 2156 1171 2211 παῖδα
1209 2156 1303 2211 τοῦ
1346 2157 1551 2222 πάθους
1579 2158 1826 2212 ἀπαλλα-

232 2260 448 2327 γεῖσαν,
490 2256 585 2309 καὶ
626 2253 873 2327 βραχέως
912 2252 1085 2306 ῦπνου
1119 2252 1289 2324 δῶρον
1327 2252 1464 2325 αὐτῇ
1507 2252 1829 2325 παραδόξως

233 2348 637 2420 γεγενημένην.

308 2448 438 2513 σιγ’.
492 2441 654 2513 Ἀνὴρ
682 2440 739 2495 δέ
770 2458 853 2503 τις
882 2442 946 2493 ὲκ
982 2439 1239 2509 γειτόνων
1275 2441 1341 2511 τῇ
1376 2440 1598 2505 γυναικί
1629 2438 1825 2510 ταύτῃ,

233 2535 454 2606 γλώττῃ
484 2534 626 2589 κατά
656 2531 749 2586 τοῦ
782 2532 939 2602 ἁγίου
975 2531 1198 2603 λοιδόρῳ
1228 2530 1320 2584 καὶ
1351 2531 1581 2601 διαϐόλῳ
1607 2529 1827 2601 χρώμε-

235 2644 352 2691 νος,
390 2627 449 2689 ὃς
493 2628 607 2689 τοῖς
633 2625 796 2679 αὐτοῦ
838 2624 1166 2695 θαυμασίοις
1201 2624 1301 2675 ούκ
1323 2621 1642 2676 ἀπιστοῦντι
1671 2623 1830 2693 μόνον

237 2719 426 2791 ἐῴκει,
458 2719 595 2773 ἀλλά
623 2718 719 2773 καὶ
750 2716 1174 2789 παρασκώπτων
1214 2719 1295 2779 εἰς
1321 2715 1485 2768 αὑτὸν
1521 2711 1609 2786 ἦν,
1642 2715 1734 2768 καὶ
1761 2714 1831 2768 τά

238 2813 450 2865 ἐκείνου
481 2810 757 2881 διασύρων
778 2811 999 2881 ἀναίδην
1031 2808 1127 2862 καὶ
1154 2808 1529 2872 καταπαίζων.
1562 2799 1731 2870 Οὗτος
1750 2806 1830 2859 δί-

238 2920 347 2975 κην
379 2903 554 2974 εὑρὼν
601 2902 903 2963 ἀκολάστου
950 2900 1224 2973 γλώσσης,
1273 2901 1505 2970 δαίμονα
1558 2900 1827 2964 σύνοικον,

237 2996 576 3066 προσάγεται
607 2994 685 3065 τῷ
720 2995 880 3064 ἁγίῳ,
909 2996 1002 3049 καὶ
1029 2992 1327 3063 θεραπείας
1375 2993 1507 3063 παρ’
1533 2990 1699 3045 αὐτοῦ
1736 3010 1830 3045 τυ-

238 3086 375 3160 χὼν,
408 3088 530 3142 οὐδὲ
562 3087 731 3159 ταύτῃ
780 3089 878 3158 τῆς
932 3090 1011 3151 εἰς
1038 3087 1200 3140 αὐτὸν
1238 3086 1511 3155 ἀπέσχετο
1538 3085 1827 3155 φλυαρίας.

1928 1963 2198 2019 ferentem
2249 1963 2739 2033 indolentemque,
2792 1962 3130 2033 respondere
3167 1982 3183 2020 :
3216 1963 3260 2020 Ο
3296 1965 3521 2032 mulier,

1929 2072 2030 2111 cur
2072 2055 2208 2111 illud
2261 2055 2679 2127 percunctaris?
2724 2055 2823 2110 llis
2854 2055 3010 2118 visis,
3044 2055 3282 2110 excitata
3322 2053 3523 2109 mulier

1932 2146 1987 2217 (ο
2021 2147 2345 2203 miraculum
2370 2146 2407 2217 ι)
2432 2146 2642 2218 reperit
2661 2146 2899 2217 puellam
2928 2146 3123 2202 dolore
3145 2146 3398 2215 liberam,
3423 2162 3523 2219 per

1932 2238 2119 2294 brevis
2161 2238 2343 2294 somni
2374 2254 2576 2294 munus
2613 2237 2962 2295 admirabile.

2001 2431 2127 2486 215.
2170 2432 2249 2487 Ex
2269 2432 2473 2489 vicinia
2496 2433 2730 2503 hujusce
2760 2434 3013 2490 mulieris
3036 2435 3123 2490 vir
3140 2432 3364 2505 quidam
3389 2450 3525 2491 con-

1933 2525 2227 2580 tumeliosa
2280 2534 2448 2595 atque
2500 2525 2775 2581 diabolica
2803 2527 2991 2597 lingua
3042 2528 3225 2582 virum
3268 2537 3521 2583 sanctum

1934 2612 2273 2679 incessebat;
2326 2623 2383 2668 ct
2431 2613 2723 2670 videbatur
2776 2631 2889 2669 non
2939 2616 3104 2670 modo
3154 2631 3263 2671 non
3295 2617 3525 2673 credere

1933 2704 2199 2760 miracula
2227 2706 2369 2775 ejus,
2394 2705 2492 2760 sed
2519 2714 2575 2760 et
2614 2706 2883 2770 cavillari,
2908 2715 3075 2777 atque
3099 2707 3395 2764 detrahere
3425 2724 3526 2779 per

1932 2815 2207 2855 summam
2257 2800 2657 2870 impudentiam
2692 2801 2862 2856 rebus
2903 2802 2973 2857 ab
3015 2802 3110 2857 illo
3149 2804 3318 2873 gestis
3346 2803 3527 2875 iisque

1934 2894 2187 2950 illudere.
2222 2893 2328 2950 Sed
2354 2894 2564 2965 reperit
2592 2895 3014 2965 intemperantis
3043 2896 3243 2967 lingua:
3272 2897 3527 2953 meritam

1934 2986 2224 3052 ultionem,
2288 2986 2538 3041 daemone
2589 2986 2771 3056 ipsum
2829 2987 3145 3042 invadente.
3197 2989 3529 3046 Producitur

1931 3093 2065 3149 ergo
2094 3078 2163 3132 ad
2198 3087 2482 3144 sanctum;
2514 3077 2613 3133 sed
2646 3078 2715 3133 ab
2744 3093 2812 3133 eo
2840 3078 3226 3135 liberationem
3254 3097 3529 3138 consecu-

252 3181 320 3233 Ἦ
360 3179 483 3249 δίκη
514 3178 572 3232 δὲ
605 3178 767 3232 πάλιν
797 3177 907 3230 τῶν
946 3177 1146 3245 ἑαυτῆς
1175 3176 1275 3229 οῦκ
1302 3175 1495 3246 ἠμέλει
1518 3192 1533 3207 ’
1575 3174 1713 3228 ἀλλά
1744 3192 1829 3228 νο-

1937 3179 2046 3235 tus,
2077 3169 2253 3225 nihilo
2286 3170 2458 3241 magis
2491 3186 2657 3240 quam
2687 3171 2844 3241 prius
2874 3171 3164 3229 desinebat
3187 3174 3243 3229 in
3272 3185 3527 3231 sanctum

244 3272 411 3343 μίσας
447 3273 476 3325 ό
509 3271 732 3341 μάταιος
768 3270 975 3331 ἐκεῖνος
1022 3268 1149 3321 ἰδεῖν
1180 3268 1271 3321 τὸν
1302 3269 1457 3336 ἅγιον
1499 3269 1556 3321 ὲν
1590 3268 1832 3339 ὁράματι

240 3359 435 3421 νυκτὸς
475 3356 624 3428 αὐτῷ
672 3359 992 3417 ἐπιστάντα,
1033 3356 1127 3410 καὶ
1158 3357 1259 3427 τὴν
1287 3356 1451 3410 αὑτοῦ
1487 3356 1833 3427 δεξιάνσπρὸς

240 3446 414 3517 ὀργὴν
443 3446 778 3516 ἀφελόμενον
807 3462 819 3477 ⁸
876 3446 1231 3510 διυπνισθεὶς,
1287 3447 1537 3516 ἀψευδεῖς
1589 3448 1684 3502 ἐπὶ
1724 3449 1833 3503 τῶν

241 3537 423 3608 ἔργων
469 3538 713 3609 εὑρίσκει
757 3538 856 3603 τὰς
892 3540 988 3610 τῆς
1018 3539 1319 3608 φαντασίας
1358 3540 1594 3604 εἰκόνας.
1626 3542 1691 3596 Εἰ
1724 3540 1832 3612 γὰρ

242 3634 342 3683 καὶ
370 3631 442 3700 μὴ
472 3631 647 3701 πάντη
678 3631 780 3703 τὴν
798 3630 977 3696 δεξιὰν
1005 3630 1275 3703 ἀφῄρητο,
1304 3633 1439 3687 ἀλλά
1466 3634 1638 3705 ξηράν
1664 3635 1834 3706 αὐτὴν

243 3717 382 3792 εἶχε,
406 3722 501 3776 καὶ
530 3724 679 3777 οὐδὲν
707 3723 929 3795 ἀψύχων
955 3724 1276 3778 ἀπεοικυῖαν
1296 3744 1310 3757 ο
1340 3726 1533 3782 ἔπειτα
1560 3728 1741 3799 μέντοι
1774 3729 1832 3781 αἱ

162 3866 171 3873 ,
245 3812 451 3881 σάρκες
497 3813 857 3885 διαρῤυεῖσαι,
898 3822 1081 3888 γυμνά
1131 3820 1292 3892 μέχρι
1326 3820 1542 3891 καρποῦ
1584 3819 1652 3874 τά
1698 3820 1833 3874 ὀστᾶ

244 3904 341 3957 καὶ
375 3905 542 3977 νεῦρα
582 3909 682 3976 τῆς
720 3909 905 3979 χειρὸς
953 3912 1170 3985 ἐκείνης
1207 3913 1670 3967 ἀπολελοίπεσαν·
1707 3912 1835 3981 ἑξῆς

242 3999 302 4053 δὲ
342 4000 439 4051 καὶ
473 3998 710 4069 σκώληξι
742 3999 968 4067 ζέσασα,
997 4003 1119 4056 οὐδὲ
1152 4003 1394 4077 φορητὴν
1424 4004 1504 4075 τῷ
1533 4003 1704 4074 ἀθλίῳ
1736 4003 1835 4074 τὴν

244 4093 344 4159 τῆς
375 4091 564 4162 ὀδύνης
590 4091 713 4160 βίαν
740 4095 989 4164 παρεῖχε.

1936 3262 2248 3332 petulanter
2273 3278 2453 3333 agere.
2478 3262 2585 3319 Sed
2616 3271 2673 3319 et
2698 3264 2943 3320 vindicta
2967 3279 3187 3322 rursum
3211 3267 3389 3323 nihilo
3418 3279 3530 3324 tar-

1936 3356 2063 3411 dius
2092 3355 2450 3425 subsequitur
2475 3374 2488 3410 :
2514 3356 2817 3412 arbitratus
2845 3373 3084 3427 namque
3116 3368 3201 3415 est
3228 3376 3404 3416 vanus
3433 3360 3528 3418 ille

1937 3446 2123 3513 homo,
2154 3456 2321 3500 noctu
2354 3461 2411 3500 se
2442 3445 2498 3501 in
2518 3446 2732 3502 visione
2759 3447 3083 3517 conspicere
3109 3451 3528 3516 sanctum,sibi-

1938 3554 2046 3609 que
2071 3538 2128 3593 in
2162 3538 2466 3594 vindictam
2497 3539 2704 3595 auferri
2738 3539 2808 3594 ab
2842 3539 2984 3595 irato
3012 3539 3295 3597 dexteram
3326 3558 3481 3598 suam
3509 3560 3523 3598 :

1940 3638 2298 3701 experrectus
2323 3639 2507 3686 autem
2563 3631 2835 3701 comperit
2867 3631 3096 3687 minime
3136 3648 3308 3690 vanas
3355 3634 3529 3691 fuisse

1940 3724 2171 3780 visionis
2228 3724 2530 3791 imagines,
2584 3723 2681 3779 sed
2744 3738 2864 3779 rem
2915 3723 3092 3795 ipsam
3159 3725 3380 3783 fuisse:
3421 3728 3527 3784 etsi

1931 3817 2078 3873 enim
2158 3816 2383 3872 dextera
2443 3816 2563 3886 ejus
2635 3817 2865 3873 omnino
2943 3817 3124 3874 ablata
3183 3835 3296 3874 non
3353 3830 3524 3885 esset,

1934 3917 2155 3965 aruerat
2190 3916 2324 3973 tota,
2357 3908 2495 3964 nihil
2523 3908 2789 3965 diﬂ‘erens
2839 3909 2909 3964 ab
2940 3909 3203 3966 inanima.
3230 3911 3343 3967 Nec
3376 3914 3531 3968 stetit

1934 4003 2027 4058 hic
2077 4003 2280 4056 malum
2316 4018 2330 4055 :
2365 4011 2692 4072 consumpta
2728 4018 2882 4067 caro,
2934 4004 3080 4058 nuda
3132 4004 3281 4059 illius
3332 4021 3529 4062 manus

1936 4096 2079 4165 polla
2118 4108 2431 4163 nervosque
2470 4092 2748 4158 destituit,
2782 4109 3074 4165 usquequo
3125 4110 3191 4150 ea
3222 4095 3528 4152 committi-

245 4193 341 4238 tur
368 4183 596 4238 brachio
632 4199 648 4238 :
691 4184 758 4239 ad
785 4185 900 4241 haec
926 4194 982 4241 et
1009 4187 1290 4244 vermibus
1314 4188 1461 4260 quod
1492 4190 1730 4246 restabat
1766 4188 2153 4254 exedentibus,
2199 4185 2567 4242 intolerabilis
2594 4185 2938 4242 inferebatur
3003 4187 3209 4245 misero
3258 4188 3522 4246 violentia

243 4278 523 4333 dolorum.

318 4371 436 4425 σιδ’.
465 4371 654 4435 Συνεὶς
684 4372 975 4445 τοιγαροῦν
1006 4374 1141 4445 μετὰ
1173 4374 1271 4445 τὴν
1304 4376 1543 4447 πληγὴν,
1573 4377 1829 4447 πρόσεισι

246 4466 325 4536 τῷ
373 4467 514 4537 ἁγίῳ
550 4465 882 4536 πικροτέραν
932 4466 1026 4520 τοῦ
1062 4468 1268 4533 πάθους
1298 4470 1397 4540 τὴν
1428 4471 1523 4523 ὲπὶ
1551 4473 1667 4532 τοῖς
1694 4488 1831 4541 προ-

242 4557 471 4611 λαϐοῦσι
524 4558 891 4628 μεταμέλειαν
929 4557 1090 4628 ἔχων.
1133 4559 1193 4612 Ὀ
1218 4559 1274 4613 δὲ
1327 4561 1423 4613 τοῦ
1471 4560 1664 4629 ἀνδρὸς
1696 4561 1832 4631 ἀψά-

246 4668 433 4724 μενος,
461 4651 672 4705 κελεύει
737 4652 839 4721 τῆς
895 4651 1061 4705 αὑτοῦ
1115 4654 1318 4717 κόνεως
1357 4654 1591 4708 λαϐόντα
1644 4655 1831 4711 οἴκαδε

242 4743 489 4803 ἀπιέναι,
514 4742 642 4796 ἄλλο
670 4743 735 4814 τῇ
764 4743 911 4815 χειρί
942 4744 1109 4813 μηδὲν
1159 4744 1241 4797 ὅτι
1282 4746 1355 4815 μὴ
1402 4744 1607 4816 ταύτης
1649 4748 1829 4800 ἐπιτι-

245 4834 429 4887 θέντα.
458 4835 568 4890 Καὶ
590 4834 619 4886 6
654 4834 751 4905 μὲν
783 4835 958 4889 ταῦτα
988 4835 1119 4906 ἔδρα
1160 4852 1173 4866 ·
1212 4838 1340 4908 περί
1370 4837 1427 4890 δὲ
1479 4838 1697 4909 πρῶτον
1739 4857 1831 4891 νυ-

245 4926 376 4989 κτὸς
407 4924 576 4979 ὕπνον
598 4926 774 4992 ἔδοξεν
801 4926 950 4996 αύτῷ
964 4926 1058 4980 τὸν
1076 4926 1299 4997 Συμεὼν
1321 4930 1641 4992 ἐπιστάντα,
1661 4932 1828 4984 πτύε-

244 5017 336 5069 λόν
366 5034 427 5069 τε
460 5017 555 5071 τοῦ
594 5016 799 5070 οἰκείου
833 5017 1125 5088 στόματος,
1149 5019 1245 5072 τοῦ
1306 5018 1454 5073 θείου
1482 5019 1560 5084 ὡς
1606 5020 1826 5092 ἀληθῶς

244 5111 457 5165 ἐκείνου
492 5110 585 5163 καὶ
614 5109 735 5180 Θεῷ
756 5110 845 5163 διά
873 5110 1075 5175 παντὸς
1102 5111 1559 5182 προσλαλοῦντος,
1586 5116 1652 5184 τῇ
1676 5112 1831 5183 δεξιᾷ

245 5201 613 5273 λαμϐάνοντα,
637 5203 738 5272 τὴν
783 5201 995 5255 ἐκείνου
1045 5201 1225 5269 δεξιὰν
1257 5203 1550 5275 ὲπιχρίειν,
1589 5204 1727 5275 ὁμοῦ
1776 5205 1833 5258 δὲ

245 5294 326 5365 τῷ
358 5296 620 5365 χρίσματι
665 5295 761 5348 καὶ
793 5295 1005 5365 σάρκας
1053 5295 1376 5364 ἀνάγεσθαι,
1406 5297 1499 5350 καὶ
1535 5296 1712 5368 δέρμα
1745 5298 1832 5350 ἐπ’

248 5389 423 5459 αὐτὴν
456 5387 817 5453 ἐκτείνεσθαι,
862 5388 967 5450 ἕως
1004 5388 1097 5440 ἐπὶ
1126 5386 1218 5441 τδν
1248 5389 1551 5459 προεχόντα
1580 5390 1833 5444 κόνδυλον

247 5482 348 5537 τοῦ
395 5481 563 5551 μέσου
598 5479 887 5534 δακτύλου.
912 5480 1113 5534 Τοῦτον
1144 5480 1201 5534 δὲ
1226 5480 1376 5552 αὐτῷ
1411 5481 1527 5553 μετ’
1561 5482 1710 5552 ὄνυχι
1734 5498 1833 5535 πε-

334 5637 465 5715 (56)Δ
506 5636 683 5715 erce
739 5643 870 5715 περί
905 5644 1003 5715 τὴν
1051 5643 1263 5715 γυνήνς
1320 5650 1368 5715 et
1414 5640 1624 5711 quidem
1654 5640 1831 5715 γυνὴ,

247 5709 532 5780 γυναικὸς,
556 5711 757 5774 quinta:
802 5709 1189 5769 declinationis
1233 5709 1494 5766 feminam
1546 5709 1832 5781 signiﬁcat,

245 5782 409 5853 γυνὴ,
435 5782 635 5853 γυνῆς.
657 5784 900 5853 secundm
948 5783 1318 5839 declinationis
1345 5798 1606 5853 nusquam
1634 5783 1835 5836 inveni-

251 5850 532 5925 tur,'quod
565 5852 751 5909 sciam.
795 5852 934 5920 Quid
957 5857 1002 5911 si
1035 5856 1113 5910 ita
1158 5853 1428 5910 declinata
1457 5850 1575 5908 'vox
1593 5864 1839 5909 sumatur

2007 4374 2134 4429 2M.
2158 4367 2515 4444 Resipisceifs
2545 4374 2714 4444 igitur
2736 4382 2861 4444 post
2890 4374 3051 4429 talem
3080 4375 3522 4446 castigationem,

1940 4467 2193 4538 procedit
2214 4467 2282 4520 ad
2310 4476 2588 4531 sanctum,
2617 4466 2966 4521 acerbiorem
3014 4468 3357 4537 poenitentiae
3398 4486 3527 4540 pro-

1865 4598 1907 4652 ο
1940 4570 2063 4630 pter
2108 4560 2372 4622 admissa,
2428 4573 2596 4627 quam
2660 4558 2870 4613 doloris
2928 4574 2998 4613 ex
3050 4574 3274 4615 eorrosa
3329 4577 3521 4628 manu,

1937 4666 2160 4707 sensum
2210 4649 2471 4705 all‘erens.
2517 4649 2692 4704 Tactu
2744 4666 2846 4705 suo
2899 4651 3186 4722 dignatum
3229 4655 3390 4724 jubet
3433 4657 3524 4712 ille

1931 4741 2191 4812 pulveris
2216 4740 2501 4811 quidpiam
2529 4754 2716 4795 secum
2743 4749 3029 4810 asportare
3074 4757 3141 4798 ac
3190 4745 3376 4801 redire
3421 4746 3525 4802 do-

1931 4848 2116 4886 mum:
2143 4846 2246 4885 nec
2270 4829 2598 4901 quidquam,
2620 4840 2850 4900 excepto
2878 4832 3005 4899 isto,
3030 4834 3218 4888 manui
3243 4835 3528 4907 imponen-

1931 4924 2085 4979 dum.
2116 4920 2274 4989 Quod
2303 4930 2359 4976 et
2383 4920 2578 4976 sedulo
2599 4920 2746 4978 fecit.
2775 4921 2889 4977 Sub
2920 4924 3156 4992 primam
3187 4941 3320 4982 vero
3345 4931 3529 4986 noctis

1941 5017 2183 5088 quietem
2205 5014 2357 5069 visus
2385 5013 2437 5068 ei
2476 5022 2562 5067 est
2612 5020 2792 5068 astare
2822 5015 3080 5086 Symeon,
3142 5020 3241 5090 qui
3296 5021 3526 5077 salivam

1943 5110 2058 5166 oris
2089 5108 2199 5172 sui,
2230 5107 2344 5163 oris
2371 5122 2536 5177 quam
2575 5108 2863 5164 verissime
2894 5110 3069 5167 divini
3093 5122 3149 5169 et
3170 5114 3285 5171 Deo
3306 5131 3528 5187 semper

1942 5201 2331 5273 colloquentis,
2362 5200 2589 5255 dextera
2626 5216 2725 5256 sua
2765 5212 3077 5273 exceptam,
3106 5205 3257 5261 illius
3283 5208 3529 5264 dextera:

1942 5294 2244 5351 allinebat:
2282 5308 2393 5363 quo
2436 5292 2600 5360 facto,
2648 5294 2811 5348 simul
2867 5310 3035 5351 carne
3084 5297 3314 5364 obduci,
3362 5299 3528 5354 simul

1942 5388 2088 5459 pelle
2120 5386 2308 5441 vestiri
2338 5385 2404 5439 ad
2438 5401 2715 5440 summum
2745 5401 2921 5455 usque
2982 5389 3149 5443 medii
3189 5390 3345 5461 digiti
3398 5406 3531 5446 con-

1941 5481 2128 5553 dylum
2158 5481 2364 5551 coepit:
2400 5480 2553 5535 visus
2585 5488 2767 5535 autem
2793 5488 2878 5534 est
2909 5482 3177 5555 condylus
3239 5484 3343 5539 iste
3399 5498 3529 5539 cum

1932 5660 2027 5715 pro
2086 5651 2239 5715 parte
2297 5642 2567 5711 muliebri,
2614 5660 2775 5715 quam
2830 5645 2955 5715 quia
2987 5642 3136 5713 tangi
3163 5660 3195 5695 a
3235 5646 3529 5712 monacho,

1933 5716 2095 5769 etiam
2148 5731 2239 5785 per
2278 5717 2544 5769 somnium
2598 5726 2645 5768 et
2686 5715 2956 5780 visionem,
3017 5717 3260 5771 indecens
3315 5717 3530 5788 fuisset,

1934 5788 2247 5860 apparuerit
2277 5793 2515 5860 sanctus,
2565 5803 2670 5841 non
2719 5788 2773 5841 in
2826 5789 3045 5860 propria
3101 5790 3299 5860 specie,
3346 5791 3439 5845 sed
3472 5797 3530 5846 in

1935 5854 2115 5914 habitu
2152 5857 2385 5912 chirurni
2404 5854 2431 5906 Ρ
