4032 6542
528 419 669 486 3183

1738 420 1798 481 S.
1841 417 2214 482 SYMEONIS
2251 416 2611 478 JUNIORIS

3643 416 3771 484 3185

528 550 710 607 ungue
767 532 986 595 cadere,
1056 538 1115 585 ut
1174 543 1370 599 nempe
1423 527 1697 583 secuturis
1757 529 2092 600 temporibus

2206 530 2353 593 σεῖν,
2420 527 2498 591 ὼς
2546 522 2687 582 εἶναι
2739 527 2837 580 καὶ
2893 527 3030 598 πρὸς
3082 528 3146 582 τὸ
3206 529 3400 601 μέλλον
3470 531 3775 604 ὑπόμνησιν

526 642 739 683 memor
766 624 908 680 foret
938 621 1373 693 intemperantia:
1428 637 1541 676 suae
1594 620 1649 675 in
1690 621 1967 691 loquendo
2016 621 2101 676 ni-

528 712 1071 781 mia};etsuccrevit
1111 711 1311 782 unguis
1348 710 1561 766 aliusin
1612 718 1859 765 extremo
1911 712 2101 783 digitis

526 808 605 863 sic
643 806 881 861 mutilati
905 804 1161 861 articulo.
1194 803 1319 859 Haec
1353 803 1517 868 visio,
1549 819 1674 858 cum
1701 804 2099 874 expergiscitur

527 899 715 964 homo,
742 914 831 953 res
865 898 989 961 fuit,
1022 914 1189 953 manu
1242 898 1393 952 omni
1432 912 1500 953 ex
1531 904 1686 966 parte
1746 896 1978 967 integra,
2015 894 2097 949 uti

527 987 790 1051 diximus,
812 988 1131 1043 exsistente.
1166 987 1235 1042 Ut
1267 995 1450 1041 autem
1484 985 1749 1040 miraculo
1778 985 2099 1054 adjiciamus

526 1080 876 1143 miraculum,
903 1079 1092 1134 eadem
1126 1088 1309 1141 nocte,
1341 1094 1446 1146 qua
1482 1078 1598 1131 ham
1635 1076 1714 1131 illi
1765 1076 2099 1131 videbantur

524 1172 742 1226 actitari
773 1187 801 1225 a
836 1171 1126 1241 Symeone,
1171 1170 1285 1237 ipse
1347 1183 1567 1237 quoque
1612 1166 1852 1239 Symeon
1906 1175 2097 1237 raptus

526 1263 580 1317 in
616 1262 833 1333 spiritu,
866 1277 923 1316 se
961 1262 1136 1330 ipsum
1156 1258 1345 1313 eadem
1388 1258 1730 1313 factitantem
1784 1257 2095 1326 conspicari

524 1353 676 1407 visus
697 1358 809 1418 est;
839 1348 1300 1421 quemadmodum
1331 1350 1468 1417 ipse,
1525 1348 1620 1419 qui
1651 1349 1709 1402 in
1741 1347 1915 1403 extasi
1965 1358 2096 1403 tunc

523 1447 825 1509 exstiterat,
857 1443 1139 1513 discipulis
1166 1442 1399 1495 multum
1432 1442 1752 1512 rogantibus
1771 1442 2091 1507 declaravit;

521 1547 578 1594 et
624 1538 726 1592 iste
785 1550 1027 1607 quoque,
1099 1534 1194 1605 qui
1249 1534 1627 1590 incolumitate
1680 1535 1920 1591 donatus
1975 1544 2092 1591 erat

522 1628 819 1684 enarravit.

588 1722 714 1777 215.
754 1722 955 1776 Verum
991 1718 1123 1790 quid
1156 1718 1213 1772 in
1244 1733 1444 1773 vanum
1476 1717 1815 1783 laboramus,
1839 1717 2092 1774 conando

519 1814 703 1870 omnia
737 1812 858 1883 ejus
888 1818 1038 1882 gesta
1071 1809 1348 1880 explicare
1370 1809 1598 1865 verbis?
1638 1810 1773 1866 Erat
1801 1810 1956 1867 Sura:
1978 1811 2090 1884 (57)

522 1901 691 1971 (quod
730 1910 815 1955 est
859 1898 1120 1969 oppidum
1171 1914 1239 1954 ex
1270 1900 1339 1954 iis
1384 1914 1557 1954 unum
1593 1915 1718 1970 quae
1755 1908 1886 1956 sunt
1925 1915 2093 1971 supra

518 1993 877 2063 Euphratem)
904 1991 1062 2046 miles
1089 1991 1336 2061 quidam,
1375 1991 1514 2046 bene
1541 1992 1722 2047 valida
1751 2002 1808 2048 et
1858 1992 2093 2064 juvenili

518 2095 676 2140 aetate
705 2083 929 2149 ﬂorens,
960 2098 1062 2138 nec
1091 2098 1204 2137 non
1237 2083 1433 2138 bellica
1459 2083 1662 2139 virtute
1708 2099 1774 2139 ac
1831 2085 2002 2141 rebus
2035 2084 2092 2139 in

519 2175 778 2231 omnibus
834 2174 1165 2230 dexteritate
1218 2175 1479 2229 eximius.
1540 2175 1853 2245 Aliquando
1905 2185 2092 2231 autem

520 2268 724 2323 accidit
780 2267 858 2322 illi
886 2267 1128 2321 lavatum
1174 2267 1350 2329 eunti,
1412 2266 1632 2322 obviam
1699 2267 1818 2324 ﬁeri
1858 2268 2093 2324 militem

520 2358 709 2424 alium,
735 2358 1035 2428 quimorho
1056 2357 1323 2413 comitiali
1348 2357 1586 2419 laborat,
1604 2373 1635 2413 e
1659 2359 1871 2414 balneis
1883 2374 2095 2414 exeun-

521 2459 653 2505 tem.
691 2450 1051 2505 Abominatus
1082 2449 1175 2504 ille
1203 2449 1484 2504 hominem
1514 2450 1856 2520 gravissime,
1916 2452 2094 2507 inter-

520 2543 672 2603 dicit,
701 2559 770 2597 ne
799 2543 991 2598 eodem
1024 2542 1287 2612 deinceps
1316 2558 1502 2597 secum
1528 2542 1725 2598 balneo
1763 2552 1971 2609 utatur,
2000 2552 2097 2600 aut

522 2635 747 2691 omnino
778 2650 964 2690 secum
1009 2636 1398 2706 congrediatur
1434 2636 1671 2706 uspiam.
1717 2635 1989 2707 Ingemuit
2025 2636 2095 2692 ad

522 2726 639 2780 haec
662 2726 828 2780 miser
860 2725 917 2780 in
940 2726 1309 2781 amaritudine
1348 2727 1532 2782 cordis
1556 2728 1641 2783 sui
1667 2744 1681 2781 :
1714 2728 1945 2782 morbus
1961 2742 2094 2782 vero

520 2819 639 2888 ejus
677 2818 864 2886 (quam
884 2818 1469 2886 incomprehensibilia
1496 2819 1782 2889 sapientia:
1808 2828 1916 2873 tuae
1946 2819 2095 2889 judi-

522 2909 625 2971 cia,
658 2910 943 2978 Domine!)
985 2909 1137 2963 dicto
1165 2909 1331 2965 citius
1360 2910 1417 2963 in
1461 2911 1694 2965 alterum
1725 2910 1965 2966 transiit.
2002 2912 2095 2966 ln-

521 3010 835 3056 tumescunt
864 3002 1032 3072 igitur
1056 3000 1198 3056 intra
1228 3002 1475 3057 triduum
1506 3002 1585 3057 illi
1621 3018 1818 3059 carnes
1870 3011 1928 3060 et
1984 3004 2096 3059 dif-

516 3091 717 3152 ﬂuunt.
745 3092 1063 3145 immutatur
1091 3092 1287 3153 forma,
1319 3103 1561 3149 arctatur
1594 3095 1855 3164 spiritus;
1919 3094 2094 3167 ﬁtque

520 3183 787 3239 habitudo
836 3186 1108 3240 contraria
1173 3186 1342 3242 totius
1379 3188 1651 3258 corporis,
1711 3190 1910 3261 exiguo
1951 3197 2095 3245 tem-

518 3294 654 3349 pore
690 3279 846 3349 quasi
878 3279 933 3333 in
961 3279 1309 3350 putredinem
1345 3281 1513 3335 versi.
1540 3281 1877 3337 Medicorum
1902 3298 2099 3339 manus

518 3379 575 3426 et
597 3380 747 3426 artes
776 3374 888 3441 jam
915 3372 1213 3441 stupebant
1254 3372 1518 3434 defessae;
1579 3390 1707 3430 cum
1768 3374 1981 3430 homini
2016 3376 2097 3432 sic

519 3462 787 3518 destituto
840 3462 1152 3533 desperatio
1194 3464 1308 3533 ipsa
1352 3465 1605 3520 sanitatis
1660 3466 1730 3521 ab
1773 3466 2096 3523 hominibus

520 3555 940 3625 consequendze,
974 3556 1303 3610 mirabiliter
1339 3556 1448 3611 dux
1482 3557 1539 3612 ﬁt
1570 3558 1638 3611 ad
1693 3559 1959 3614 salutem:
1999 3575 2096 3614 co-

518 3662 789 3718 gnoscens
814 3647 961 3701 enim
993 3647 1247 3719 castigari
1281 3662 1342 3705 se
1371 3664 1403 3704 a
1454 3649 1567 3703 Deo
1603 3661 1829 3721 propter
1888 3653 2094 3708 illatam

518 3738 767 3809 proximo
792 3754 893 3793 suo
920 3740 1313 3795 contumeliam
1336 3782 1348 3806 ,
1377 3741 1445 3795 ad
1472 3742 1629 3795 illum
1650 3743 1944 3814 confugere
1993 3745 2092 3799 de-

522 3830 721 3895 cernit,
746 3845 775 3884 a
809 3846 920 3901 quo
947 3831 1285 3901 vapulahat:
1335 3832 1621 3902 soliusque
1643 3848 1764 3890 esse
1798 3835 1915 3899 Dei,
1945 3836 2092 3905 quod

518 3921 824 3977 immiserat
847 3922 1143 3994 ﬂagellum,
1170 3937 1479 3979 removere.
1509 3924 1601 3981 Sic
1631 3926 1873 3981 animato
1917 3928 2092 3983 astitit

518 4013 737 4085 aliquis,
780 4013 967 4070 divina
995 4014 1151 4084 quasi
1193 4014 1469 4085 legatione
1499 4015 1721 4081 missus,
1757 4016 1851 4087 qui
1883 4018 2094 4073 :Tran-

516 4106 825 4176 si,1inquit,
858 4107 915 4161 in
938 4115 1177 4161 montem
1199 4106 1513 4162 mirabilem
1568 4108 1635 4162 ad
1681 4108 1947 4163 famulum
1993 4110 2091 4166 Dei

518 4198 843 4269 Symeonem
870 4215 885 4253 :
915 4199 1008 4253 ille
1034 4198 1324 4254 doloribus
1354 4201 1463 4255 tuis
1492 4201 1824 4256 medebitur.
1866 4203 2093 4259 Talibus

517 4293 611 4348 ille
639 4293 799 4350 dictis
846 4293 1214 4349 inﬂammatus
1272 4295 1462 4360 corde,
1528 4296 1909 4365 promissaque
1969 4310 2089 4353 rata

519 4384 749 4449 habens,
769 4400 799 4438 a
831 4386 1153 4441 domesticis
1184 4385 1251 4439 ad
1281 4394 1533 4441 sanctum
1582 4396 1866 4457 portatur:
1903 4398 1957 4443 et
1994 4390 2088 4459 qui

516 4491 696 4546 nuper
721 4487 829 4531 tam
852 4492 1154 4547 generosus
1174 4492 1237 4532 ac
1265 4485 1384 4532 erat
1415 4478 1680 4545 fervidus,
1718 4481 2090 4550 prosternitur

2200 620 2395 691 ἐκείνῳ
2424 620 2527 690 τῆς
2557 620 2760 692 πολλῆς
2788 622 2920 693 περὶ
2950 621 3199 690 γλῶτταν
3246 624 3568 690 ἀκολασίας,
3612 626 3775 697 δνυχα

2198 713 2255 766 δὲ
2299 713 2564 785 ἀναϐῆναι
2602 715 2761 771 ἄλλον
2804 717 2898 769 ἐπὶ
2945 716 3007 770 τὸ
3063 718 3326 787 ἐχόμενον
3376 718 3472 771 τοῦ
3526 719 3776 774 κονδύλου
3821 763 3833 776 .

2198 805 2420 876 ἄρθρον.
2465 806 2578 877 Τὴν
2620 808 2719 877 μὲν
2761 805 2854 862 οὖν
2897 809 3020 878 ὄψιν
3065 809 3436 863 διῡπνισθέντι
3486 810 3566 879 τῷ
3625 812 3776 881 ἀνδρὶ

2198 894 2359 964 ἔργον
2385 891 2546 961 εἶναι,
2584 897 2677 950 καὶ
2717 897 2818 967 τὴν
2867 899 3022 968 χεῖρα
3056 897 3226 966 ὑγιῶς
3255 898 3329 961 ὡς
3362 898 3577 968 ἔφημεν
3612 900 3775 968 ἔχειν,

2201 987 2286 1040 ἴνα
2329 988 2441 1053 ζκαὶ
2499 986 2579 1057 τῷ
2642 987 2883 1057 θαύματι
2944 988 3132 1060 θαῦμα
3180 990 3533 1060 προσθῶμεν,
3599 992 3772 1045 ταῦτα

2197 1080 2409 1152 δρῶντα
2442 1080 2533 1132 τὸν
2565 1080 2814 1151 Συμεὼν,
2848 1077 2919 1153 ἦν
2939 1082 3040 1151 τῆς
3062 1083 3254 1145 νυκτὸς
3279 1084 3494 1154 ἐκείνης
3533 1086 3669 1155 ὁρᾷν
3696 1085 3775 1155 τῷ

2199 1172 2466 1242 πνεύματι
2488 1172 2701 1236 ἑαυτὸν,
2727 1169 2815 1225 οἷα
2848 1175 3087 1246 κάκείνῳ
3116 1175 3435 1230 συνέϐαινεν
3461 1195 3479 1211 ο
3502 1178 3580 1241 ὡς
3610 1179 3775 1242 αὐτός

2196 1282 2256 1318 τε
2298 1268 2410 1329 τοῖς
2450 1265 2723 1337 μαθηταῖς
2748 1267 2935 1335 ὀφθεὶς
2966 1268 3024 1322 έν
3069 1271 3323 1325 ἐκστάσει
3374 1271 3495 1324 τότε
3544 1287 3777 1340 γεγενη-

2201 1357 2381 1428 μένος,
2408 1357 2580 1412 πολλά
2611 1359 2884 1430 δεηθεῖσιν
2931 1360 3257 1432 ἀπήγγειλε,
3293 1362 3440 1417 καὶὸ
3463 1363 3567 1435 τῆς
3606 1363 3770 1436 θερα-

2198 1452 2357 1516 πείας
2395 1451 2556 1523 τυχὸν
2587 1452 2756 1524 έξηγή
2764 1469 2915 1506 σατο.

2268 1725 2383 1773 σις’.
2414 1719 2574 1774 Ἀλλά
2600 1720 2761 1793 μέχρι
2774 1720 2917 1786 τίνος
2928 1721 3234 1793 ἀμηχάνοις
3252 1722 3662 1795 ἐπιχειροῦμεν,
3690 1725 3779 1780 λό-

2194 1826 2279 1881 γῳ
2313 1810 2384 1866 τά
2417 1811 2627 1866 ἐκείνου
2648 1813 2921 1868 διαλαϐεῖν
2944 1814 3182 1885 καθεξῆς
3201 1816 3380 1870 πάντα
3400 1815 3737 1888 πειρώμενοι
3758 1836 3774 1885 ;

2120 1879 2169 1939 Β
2194 1879 2305 1956 Ἦν
2320 1918 2407 1967 τις
2433 1903 2491 1957 ἐν
2520 1904 2742 1976 Σουροτς
2766 1906 3117 1977 στρατιώτης
3129 1879 3426 1977 (πολίχνιον
3446 1879 3509 1962 δέ
3523 1879 3596 1962 τι·
3619 1879 3781 1965 τοῦτο

2192 1990 2305 2045 τῶν
2352 1990 2841 2065 Ἐπευφρατιδίων)
2869 1989 2929 2048 εὖ
2972 1995 3071 2065 μὲν
3109 1995 3364 2065 νεότητός
3412 2014 3473 2050 τε
3516 2000 3614 2051 καὶ
3655 1998 3777 2068 ἠλι-

2194 2080 2339 2146 κίας,
2371 2080 2433 2136 εὖ
2464 2083 2522 2138 δὲ
2553 2083 2655 2154 τῆς
2680 2085 2819 2139 κατά
2846 2085 3081 2156 πόλεμον
3107 2086 3333 2157 ἀρετῆς,
3361 2089 3459 2143 καὶ
3482 2090 3618 2160 περὶ
3643 2091 3777 2144 πάν-

2192 2188 2261 2225 τα
2273 2172 2580 2245 δεξιότητος
2605 2174 2763 2245 ἔχων.
2792 2176 2929 2229 [Io-th
2952 2176 3083 2245 γοῦν
3115 2177 3283 2232 αὐτοῦ
3307 2180 3445 2250 πρός
3467 2198 3521 2234 τι
3539 2180 3769 2253 λουτρὸν

2194 2263 2472 2331 ἀπιόντος,
2510 2265 2708 2338 συνέϐη
2734 2266 2846 2321 τῶν
2877 2268 3226 2339 στρατιωτῶν
3254 2287 3395 2333 τινα,
3430 2272 3532 2334 τάς
3562 2273 3775 2342 σάρκας

2195 2357 2303 2412 ὑπὸ
2345 2360 2444 2430 τῆς
2485 2362 2639 2432 ἱερᾶς
2666 2361 2825 2415 νόσου
2858 2362 3260 2434 λελωϐημένον,
3292 2365 3506 2418 ἐκεῖθεν
3532 2365 3772 2432 ἐξιόντα,

2194 2449 2276 2513 είς
2332 2450 2661 2523 συνάντησιν
2718 2452 2868 2523 αὐτῷ
2915 2454 3274 2524 καταστῆναι.
3336 2456 3443 2509 Τοῦ
3484 2456 3545 2511 δὲ
3584 2458 3773 2523 δεινῶς

2199 2542 2587 2612 μυσαχθέντος,
2614 2542 2709 2597 καὶ
2739 2545 2880 2614 μήτε
2928 2545 3226 2614 βαλανείων
3248 2547 3397 2617 αὐτῷ
3427 2549 3523 2601 τοῦ
3564 2550 3772 2615 λοιποῦ,

2199 2629 2336 2699 μήτε
2365 2628 2659 2700 διατριϐῶν
2690 2636 2967 2687 κοινωνεῖν
2999 2636 3490 2704 παραγγείλαντος,
3521 2641 3773 2705 στενάζει

2200 2720 2297 2789 μὲν
2325 2722 2385 2775 ὲν
2413 2723 2609 2794 πικρίᾳ
2626 2724 2805 2794 ψυχῆς
2834 2727 3063 2789 ἐκεῖνος,
3096 2728 3155 2780 τὸ
3181 2727 3238 2781 δὲ
3275 2729 3444 2792 πάθος
3466 2730 3534 2800 (ὦ
3549 2732 3661 2784 τῶν
3686 2736 3777 2785 ἁνο

2196 2810 2430 2880 εφίκτων
2454 2830 2572 2879 σου,
2598 2815 2860 2878 Δέσποτα,
2890 2818 2989 2884 τῆς
3005 2819 3196 2888 σοφίας
3219 2822 3502 2890 χριμάτων
3519 2824 3559 2890 l)
3576 2823 3775 2887 εὐθέως

2196 2903 2285 2957 ἐπ’
2311 2905 2473 2958 αὐτὸν
2519 2907 2848 2975 μεταπίπτει
2870 2925 2883 2938 ·
2925 2910 3020 2963 καὶ
3040 2910 3298 2964 διοιδοῦσι
3332 2912 3431 2981 μὲν
3456 2913 3568 2966 ἔσω
3610 2914 3774 2984 τριῶν

2195 2995 2423 3067 ἡμερῶν
2453 2998 2511 3052 αἱ
2537 3000 2738 3069 σάρκες
2774 2999 2851 3070 τῷ
2883 2987 3190 3073 στρατιώτῃ
3233 3004 3327 3057 καλ⁸
3353 3005 3772 3076 καταρῤέουσιν,

2198 3087 2509 3141 ἀλλοιοῦται
2537 3089 2595 3143 δὲ
2624 3091 2657 3161 ὴ
2692 3091 2850 3159 πνοὴ,
2878 3094 2973 3145 καὶ
2995 3096 3076 3157 είς
3104 3095 3205 3165 τὴν
3230 3096 3483 3150 ἐναντίαν
3508 3097 3575 3150 τὸ
3617 3098 3773 3167 σῶμα

2123 3226 2166 3284 C
2202 3179 2526 3250 μεταϐάλλει
2555 3181 2688 3246 έξιν,
2724 3184 2934 3251 σαπρία
2958 3185 3021 3237 τὸ
3046 3186 3156 3240 πᾶν
3190 3188 3248 3239 ὲν
3277 3188 3445 3259 ὀλίγῳ
3476 3192 3777 3260 γεγενημέ·

2203 3273 2385 3340 μένον.
2427 3273 2655 3344 ’ἰατροῖς
2684 3273 2785 3343 μὲν
2815 3271 2909 3330 οὖν
2957 3277 3057 3348 ἤδη
3089 3278 3183 3331 καὶ
3219 3281 3402 3351 χεῖρες
3443 3282 3540 3333 καὶ
3588 3283 3775 3352 τέχναι

2200 3361 2387 3430 σαφῶς
2432 3363 2806 3435 ἀπειρήκεσαν
2832 3381 2847 3396 ·
2882 3365 2959 3436 τῷ
2996 3366 3072 3431 δὲ,
3103 3369 3135 3437 ἡ
3169 3370 3227 3434 ἐξ
3272 3368 3585 3439 ἀνθρώπων
3613 3373 3777 3443 θερα-

2201 3455 2361 3517 πείας
2417 3456 2750 3524 ἀπόγνωσις,
2778 3457 2967 3529 ὁδηγὸς
3012 3461 3335 3532 παραδόξως
3366 3463 3450 3526 είς
3497 3465 3776 3536 σωτηρίαν

2196 3546 2404 3613 γίνεται
2437 3550 2534 3602 καὶ
2560 3550 2827 3604 παιδείαν.
2858 3548 3014 3606 Εἶναι
3045 3552 3180 3605 Θεοῦ
3209 3553 3272 3607 τὸ
3303 3557 3535 3624 πρᾶγμα
3569 3559 3772 3622 συνεὶς,

2194 3635 2285 3690 διὰ
2327 3636 2420 3691 τὸν
2470 3640 2552 3703 είς
2594 3639 2687 3693 τὸν
2737 3641 2966 3713 πλησίον
3015 3643 3339 3712 ὀνειδισμὸν,
3371 3644 3509 3715 πρὸς
3567 3648 3774 3701 ἐκεῖνον

2195 3720 2339 3793 έγνω
2381 3730 2741 3796 καταφυγεῖν,
2765 3729 2896 3800 παρ’
2933 3723 2995 3784 οῦ
3061 3730 3155 3784 καὶ
3199 3734 3233 3803 ἡ
3289 3734 3509 3789 παιδεία
3537 3752 3555 3769 ·
3613 3738 3770 3806 μόνου

2193 3819 2305 3891 γὰρ
2336 3815 2476 3875 εἶναι
2502 3820 2601 3892 τὴν
2632 3822 2839 3892 ταύτης
2872 3821 3025 3877 λύσιν
3059 3823 3217 3886 Θεοῦ,
3239 3824 3336 3879 τοῦ
3377 3829 3474 3880 καλ⁵
3513 3829 3618 3901 τὴν
3646 3848 3769 3885 παι-

2196 3912 2349 3967 δείαν
2392 3913 2785 3983 ἐπαγαγόντος.
2816 3913 3004 3977 Οὕτως
3069 3915 3245 3985 ἔχοντι
3300 3922 3643 3989 παρίσταταί
3690 3941 3768 3987 τις

2194 4003 2366 4075 αὐτῷ,
2393 4004 2643 4076 καθάπερ
2703 4004 2769 4059 ἐκ
2808 4023 2952 4070 τινος
2998 4007 3148 4071 θείας
3195 4008 3528 4079 ἀποστολῆς,
3557 4013 3639 4078 ὃς,
3671 4014 3768 4067 IIo-

2198 4097 2354 4166 ρεύου
2396 4097 2551 4168 παρά
2599 4098 2658 4151 τὺ
2704 4097 3019 4168 θαυμαστὸν
3046 4098 3170 4168 ὅρος
3197 4102 3291 4154 ἐπὶ
3321 4103 3413 4155 τὸν
3442 4103 3631 4159 δοῦλον
3676 4106 3763 4160 τοῦ

2192 4189 2328 4243 Θεοῦ
2356 4189 2602 4260 Συμεὼν,
2637 4190 2764 4261 ἔφη,
2793 4193 2999 4256 ἐκεῖνος
3026 4191 3167 4255 ἴασις
3188 4193 3287 4262 τῆς
3320 4196 3587 4265 μάστιγος
3622 4200 3762 4253 ἔσται

2194 4299 2299 4336 σοι.
2336 4282 2393 4335 '0
2418 4283 2475 4336 δὲ
2507 4284 2641 4352 πρὸς
2682 4283 2744 4336 τὸ
2786 4285 2936 4354 ῥῆμα
2979 4286 3080 4355 τὴν
3137 4287 3363 4354 καρδίαν
3420 4289 3761 4360 ἀναφλεγεὶς,

2191 4379 2372 4431 πίστει
2404 4393 2461 4430 τε
2496 4377 2708 4448 μεγάλῃ
2774 4378 2930 4430 τοῦτο
2982 4377 3311 4447 δεξάμενος.
3358 4381 3761 4452 ἀνακομίζεται

2195 4468 2333 4539 πρὸς
2378 4469 2539 4523 αὑτὸν
2592 4469 2694 4522 ὑπὸ
2741 4470 2848 4521 τῶν
2887 4469 3104 4522 οίκείων
3127 4487 3140 4500 ’
3178 4471 3272 4523 καὶ
3305 4474 3334 4523 ὁ
3374 4473 3571 4544 πρώην
3605 4477 3759 4539 καλὸς

515 4567 585 4622 ad
616 4567 787 4637 pedes
820 4568 985 4635 illius,
1015 4568 1235 4623 nemine
1278 4583 1387 4623 non
1438 4569 1710 4624 miserior.
1730 4572 1867 4625 Tum
1890 4588 2092 4643 magna.

2192 4559 2399 4622 ἐκεῖνος
2438 4559 2532 4612 καὶ
2571 4557 2810 4629 ζηλωτὸς
2847 4558 3095 4628 ῥίπτεται
3135 4559 3242 4628 πρὸ
3274 4559 3464 4625 αὑτοῦ,
3500 4563 3643 4625 τίνος
3671 4565 3761 4616 οὐκ

515 4657 816 4729 derepente
852 4659 903 4712 vi
934 4658 1239 4729 sanguinis,
1270 4659 1424 4713 velut
1452 4674 1652 4714 arcana
1696 4661 1929 4732 quadam
1962 4664 2084 4718 chi-

514 4749 700 4819 rurgia
723 4764 790 4802 ex
810 4748 1069 4803 omnibus
1094 4763 1235 4817 pene
1259 4749 1524 4804 membris
1547 4751 1902 4817 scaturiente,
1933 4754 2082 4807 laxa-

516 4844 606 4889 tus
638 4835 717 4889 illi
751 4835 950 4890 iterum
1001 4836 1252 4907 spiritus,
1308 4849 1572 4893 renovata
1631 4856 1780 4905 caro,
1831 4844 2084 4897 restituta

512 4929 723 4991 forma,
767 4937 1027 4997 totusque
1076 4927 1258 4982 tribus
1311 4931 1538 4983 omnino
1607 4930 1806 4986 diebus
1848 4932 2085 5001 pristino

513 5020 680 5076 statui
713 5020 1026 5075 vindicatus
1047 5029 1151 5075 est.
1187 5020 1439 5091 Denique
1463 5024 1705 5093 acceptis
1759 5024 2031 5078 mandatis
2056 5040 2086 5076 a

512 5124 725 5179 sancto,
745 5128 815 5168 ne
844 5112 1032 5168 divina
1062 5113 1329 5184 deinceps
1353 5125 1746 5183 aspernaretur
1789 5125 2086 5186 prchepia,

511 5205 941 5276 autproximum
972 5205 1243 5260 conviciis
1268 5217 1553 5268 oneraret,
1601 5208 1810 5278 integre
1863 5217 2088 5262 sanatus

510 5296 735 5352 domum
766 5297 1005 5367 repetiit.

2190 4651 2572 4721 ἀθλιώτερος;
2627 4650 2868 4719 Αἵματος
2920 4650 3100 4703 τοίνυν
3163 4653 3222 4719 ἐξ
3289 4653 3456 4706 αὐτοῦ
3518 4656 3761 4725 καθάπερ

2192 4743 2407 4812 ἀθεάτῳ
2453 4743 2560 4796 τινὶ
2610 4743 2930 4812 χειρουργίᾳ
2965 4780 2981 4805 ,
3016 4741 3105 4795 διὰ
3142 4744 3360 4797 πάντων
3410 4746 3611 4815 μικροῦ
3662 4748 3761 4799 τῶν

2201 4837 2377 4907 μελῶν
2431 4835 2627 4906 ἀθρόον
2676 4834 3094 4899 ὲκκενωθέντος,
3128 4837 3225 4906 τήν
3253 4854 3312 4889 τε
3351 4836 3521 4908 πνοὴν
3566 4840 3758 4897 ἀνεῖτο.

2193 4931 2286 4983 καὶ
2317 4929 2414 5001 τὴν
2460 4930 2639 4998 σάρκα
2685 4928 2994 4981 κεκαίνιστο
3022 4930 3156 4980 ’καὶ
3204 4931 3235 4996 ἡ
3285 4929 3466 4997 μορφὴ
3522 4930 3581 4980 ἐν
3624 4931 3760 4997 τρισὶ

2192 5026 2310 5086 ταῖς
2336 5024 2538 5085 πάσαις
2587 5020 2824 5091 ἡμέραις
2867 5022 2945 5083 είς
2994 5021 3093 5088 τὴν
3137 5022 3409 5089 προτέραν
3465 5020 3755 5075 ἁποκαθει-

2190 5110 2386 5181 στήκει
2417 5108 2558 5177 ὄψιν.
2611 5109 2670 5161 'U
2699 5108 2795 5177 μὲν
2823 5103 2915 5161 οὖν
2938 5108 3160 5170 ἐντολὰς
3197 5109 3347 5177 παρά
3398 5107 3490 5160 τοῦ
3542 5110 3756 5179 Συμεὼν

2186 5200 2386 5265 λαϐὼν,
2412 5198 2637 5252 ἐντολῶν
2672 5200 2868 5269 μηκέτι
2897 5197 3056 5250 θείων
3089 5198 3373 5269 ὀλιγωρεῖν
3410 5239 3425 5261 ,
3460 5200 3597 5268 μηδὲ
3623 5203 3753 5251 om.

2184 5289 2375 5359 δισμὸν
2433 5288 2729 5357 λαμϐάνειν
2788 5290 2880 5339 ἐπὶ
2918 5290 3031 5351 τοῖς
3094 5286 3331 5356 ἔγγιστα
3379 5288 3573 5355 αὑτοῦ,
3606 5291 3752 5360 ὑγιὴς

2183 5381 2325 5439 τέλος
2347 5382 2528 5434 οἴκαδε
2564 5380 2809 5450 ἐπανῄει.

1924 5502 2144 5559 CAPUT
2186 5502 2398 5557 XXVII.

1178 5595 1391 5649 Occulta
1440 5604 1653 5665 peccata
1705 5598 1934 5666 cognita.
1979 5596 2219 5650 Aliorum
2263 5596 2761 5650 contumeliosarum
2801 5596 3101 5666 castigatio.

512 5696 515 5699 ’
578 5703 703 5759 216.
746 5701 1069 5757 Theodorus
1094 5702 1315 5771 quidam
1352 5704 1696 5769 scriniarius,
1726 5706 1950 5759 natione
1975 5706 2085 5759 An-

2192 5738 2225 5789 [ν
2242 5706 2243 5709 “
2263 5711 2393 5771 σις’.
2417 5705 2688 5774 Θεόδωρος
2712 5704 2769 5757 δέ
2799 5722 2881 5768 τις
2905 5707 3258 5775 σκρινιάριος,
3283 5704 3342 5757 τὸ
3366 5704 3522 5772 γένος
3562 5703 3750 5755 Ἀντιο-

584 5840 693 5908 (57)
721 5838 880 5905 Sura,
904 5838 1075 5909 Syria:
1107 5841 1471 5909 Euphratesiw
1514 5844 1697 5897 civitas
1732 5842 2061 5914 episcopalis,
2091 5844 2154 5897 ab
2172 5814 2463 5898 {Antiochia
2495 5852 2696 5898 remota
2721 5843 2824 5900 250
2852 5860 2903 5913 p.
2940 5858 3013 5897 m.
3056 5854 3149 5898 aut
3177 5843 3428 5915 αηιρίὶιιε.
