4032 6518
285 406 431 473 3185

1286 413 1459 474 VlTA
1496 414 1544 471 A
1581 413 2019 475 NICEPHORO
2054 404 2532 477 CONSCRIPTK.

3409 411 3552 476 3186

286 516 419 587 χεὺς
448 513 625 585 λέπρᾳ
655 512 717 566 τὸ
754 512 862 566 πᾶν
887 511 1177 584 ἐξηνθήκει
1222 516 1404 587 σῶμα.
1442 508 1612 580 Οὗτος
1654 517 1872 586 ἁπάσης

1977 516 2268 574 tiochenus
2307 518 2442 589 (58),
2476 519 2628 599 lepra
2660 518 2908 575 scatebat
2937 526 3054 575 toto
3087 531 3316 589 corpore
3345 534 3359 572 :
3392 533 3551 574 cum-

285 606 563 675 ἁπογνοὺς
605 605 922 677 θεραπείας,
953 603 1042 659 οἶα
1076 606 1172 659 καὶ
1207 606 1388 676 πάσης
1435 607 1605 677 αὐτῆς
1639 607 1777 677 πρὸς
1808 607 1869 660 τὸ

234 723 256 741 ο
286 700 463 764 πάθος
491 698 885 769 ἀπειρηκυίας,
917 698 1011 751 καὶ
1052 695 1298 768 μείζονος
1331 698 1531 768 ἰατρῶν
1560 697 1654 752 καὶ
1687 697 1870 771 χειρὸς

286 792 383 846 καὶ
408 792 605 863 τέχνης
628 790 820 845 τούτου
855 790 1245 859 γεγενημένου,
1276 791 1427 861 παρά
1454 789 1545 843 τὸν
1587 789 1730 843 θεῖον
1768 790 1871 842 Συ-

286 884 440 955 μεὼν
492 882 848 954 καταφεύγει.
890 881 980 946 Ὧς
1027 882 1093 937 ἂν
1134 883 1194 936 δὲ
1242 882 1378 954 πρὸς
1419 882 1638 936 πλείονα
1682 882 1870 936 τοῦτον

283 974 636 1045 ἐπαγάγηται
686 966 887 1035 οἶκτον,
933 971 1074 1040 ἔγνω
1106 970 1346 1025 τοιοῦτον
1391 971 1601 1042 ἔνδυμα
1648 972 1869 1041 περιθέ-

287 1067 440 1133 σθαι,
470 1066 545 1130 ὠς
580 1064 820 1137 εὐχερῶς
864 1064 1009 1134 ἔχειν
1049 1063 1324 1130 ὑποδεῖξαι
1362 1064 1725 1133 γυμνώσαντα
1769 1062 1869 1133 τὴν

286 1157 499 1231 λέπραν
524 1158 737 1227 ἐκείνῳ.
770 1156 1167 1227 Αίσχυνόμενος
1194 1157 1373 1211 τοίνυν
1406 1155 1498 1209 ἐπὶ
1531 1154 1641 1208 τῶν
1668 1157 1871 1227 παρόν-

283 1268 395 1304 των
434 1247 741 1317 ἐκκαλύψαι
800 1248 900 1318 τὴν
948 1248 1148 1319 σάρκα,
1182 1248 1374 1319 καιρὸν
1411 1242 1479 1319 ἦν
1508 1249 1708 1301 οἰκεῖον
1750 1250 1871 1300 ἐπι-

285 1344 593 1415 φυλάττων.
629 1343 809 1413 Ὅπερ
837 1342 994 1413 δῆλον
1024 1344 1137 1407 τοῖς
1174 1342 1270 1396 τοῦ
1313 1342 1623 1414 πνεύματος
1662 1344 1867 1414 ὀφθαλ-

287 1439 412 1507 μοῖς
461 1436 538 1507 τῷ
589 1435 815 1506 Συμεὼν
868 1435 1090 1504 γεγονός
1117 1453 1130 1466 ο
1186 1436 1344 1502 Εἰπέ,
1382 1437 1595 1503 τέκνον,
1640 1439 1733 1491 ἐπὶ
1762 1438 1870 1492 τῶν

284 1531 592 1602 παρόντων,
628 1530 762 1602 φησι
789 1530 926 1602 πρὸς
951 1530 1135 1597 αὐτὸν,
1164 1532 1286 1585 ὅτου
1308 1531 1469 1602 χάριν
1495 1531 1760 1603 ἐλήλυθας
1789 1534 1871 1596 εἰς

284 1624 456 1693 ἡμᾶς.
488 1622 549 1676 Ὁ
593 1622 652 1675 δὲ
697 1621 1072 1693 καταπλαγεὶς
1114 1621 1194 1694 τῷ
1237 1622 1527 1695 παραδόξῳ
1554 1623 1657 1694 τῆς
1684 1624 1868 1689 διορά-

285 1731 428 1778 σεως
448 1731 463 1747 ·
493 1715 642 1778 ὅπως
675 1714 705 1767 6
744 1713 1006 1784 κρύπτων
1030 1709 1100 1786 ἦν
1127 1716 1208 1779 είς
1232 1714 1462 1786 καρδίαν
1503 1709 1678 1780 οὗτος,
1714 1715 1870 1769 τοῦτο

285 1804 419 1875 παρ’
463 1804 628 1870 αὑτοῦ
670 1805 922 1875 ἀκηκόει,
952 1807 1134 1861 πᾶσαν
1173 1805 1337 1872 εὐθὺς
1365 1806 1500 1863 αἰδῶ
1534 1808 1865 1881 ἀπορρίψας,

283 1874 582 1969 γυμνώσας
614 1874 806 1953 ἐαυτδν
829 1900 1119 1955 ύπεδείκνυ
1144 1918 1158 1931 ο
1186 1900 1295 1967 καὶ
1321 1901 1381 1965 ὃς
1419 1901 1517 1973 τὴν
1547 1874 1869 1975 βαῖνηννρά-
1904 1874 1943 1933 Β

284 1987 409 2042 ϐδον
434 1986 638 2056 λαϐὼν,
672 1989 768 2043 καὶ
804 1989 978 2063 ταύτῃ
1003 1989 1097 2043 τὸν
1133 1989 1305 2063 ἄνδρα
1329 1990 1662 2061 σφραγίσας,
1695 1993 1867 2047 ἀπε).-

286 2080 395 2133 θὼν
426 2081 578 2152 παρὰ
602 2080 664 2135 τδ
687 2080 968 2153 Τιϐερίνου
1000 2081 1301 2153 βαλανεῖον,
1325 2081 1551 2149 Λοῦσαι,
1583 2082 1709 2153 ἔφη,
1746 2099 1871 2138 συν-

288 2170 585 2227 απολούσει
618 2170 728 2244 γάρ
759 2173 877 2226 ἐκεῖ
907 2171 1003 2226 καὶ
1031 2172 1131 2242 τὴν
1159 2172 1387 2243 λέπραν.
1425 2165 1612 2245 Οὗπερ
1640 2174 1716 2238 ὡς
1745 2175 1871 2228 ἐκέ-

290 2262 454 2317 λευσε
480 2264 786 2334 γεγονότος,
814 2262 974 2335 ὑγιὴς
993 2263 1225 2330 ἐκεῖθεν,
1255 2262 1301 2317 ὣ
1328 2263 1636 2335 παραδόξου
1661 2263 1871 2335 θαύμα-

284 2360 410 2423 τοςί
438 2360 467 2412 6
494 2357 695 2428 λεπρὸς
719 2358 1014 2429 ἐπανήκει.

359 2448 483 2513 σις’.
507 2449 733 2522 Ἕτερός
757 2466 840 2513 τις
869 2450 930 2514 ἐξ
968 2449 1303 2521 Ἀντιοχείας
1335 2451 1430 2505 καὶ
1454 2449 1560 2504 τῶν
1589 2450 1870 2520 ἐπιφανῶν

286 2540 626 2614 παραϐάλλει
657 2540 735 2613 τῷ
768 2541 968 2612 στύλῳ,
1011 2541 1138 2613 ἄρτι
1199 2542 1309 2598 τῶν
1362 2542 1720 2614 μνημοσύνων
1770 2545 1871 2615 τῆς

286 2636 440 2707 ίερᾶς
464 2634 559 2689 τοῦ
604 2636 751 2689 ὁσίου
795 2634 1002 2706 μητρὸς
1038 2635 1201 2706 ίερῶς
1219 2635 1521 2707 ἀγομένων.
1563 2636 1621 2690 '0
1653 2637 1751 2707 μὲν
1777 2633 1871 2691 οὖν

283 2731 477 2799 καιρὸς
503 2730 536 2800 ἡ
567 2729 688 2783 θεία
726 2727 1086 2796 μυσταγωγία
1111 2724 1200 2799 ἦν,
1230 2723 1297 2800 ἧς
1336 2730 1637 2801 αὐτουργὸς
1663 2731 1870 2794 ἐκεῖνος

285 2815 585 2885 ἐτύγχανεν
616 2816 711 2870 ὢν.
759 2815 818 2869 '0
856 2816 913 2868 δὲ
946 2816 1193 2872 σπεύδων
1242 2818 1452 2872 ἐκεῖθεν
1487 2819 1865 2890 ἀναχωρῆσαι,

282 2906 428 2971 ἀξιοί
454 2906 562 2959 τῶν
600 2906 857 2976 μαθητῶν
887 2907 1004 2973 ἕνα,
1034 2900 1143 2975 ᾧγε
1173 2907 1404 2978 σύνηθες
1427 2909 1764 2980 είσκομίζειν
1792 2910 1870 2981 τῷ

282 2998 428 3068 ἁγίῳ
456 3001 555 3061 τὰς
592 2998 869 3067 ἀγγελίας,
900 3002 1126 3070 ταχινὴν
1156 3000 1305 3070 αὐτῷ
1341 3000 1595 3067 γενέσθαι
1625 3000 1722 3071 τὴν
1759 3001 1869 3057 τῶν

285 3089 606 3161 μυστηρίων
662 3090 989 3161 μετάληψιν·
1051 3090 1109 3154 ὃς
1148 3090 1314 3143 αὑτοῦ
1366 3093 1463 3155 τὰς
1509 3094 1762 3160 ἀξιώσεις
1806 3094 1867 3146 ού

284 3181 553 3251 παριδὼν,
585 3182 774 3251 ἀνάγει
823 3184 961 3253 μετὰ
1006 3182 1105 3254 τὴν
1143 3184 1427 3237 κοινωνίαν
1465 3185 1574 3238 τῶν
1614 3185 1868 3256 μαθητῶν

286 3273 396 3343 πρὸ
420 3271 514 3326 τοῦ
546 3270 705 3344 ὄχλου
732 3274 924 3328 τοῦτον
962 3276 1057 3329 ἐπὶ
1081 3276 1171 3329 τὸν
1201 3276 1410 3330 στύλον.
1448 3277 1634 3344 Ἀφεὶς
1659 3278 1717 3330 δὲ
1748 3278 1871 3330 τοῦ-

284 3376 382 3415 τον
412 3363 440 3416 6
474 3362 616 3432 ἱερὸς
644 3361 893 3434 Συμεὼν,
928 3364 1201 3435 μετεδίδου
1237 3364 1436 3436 μᾶλλον
1470 3367 1585 3429 τοῖς
1617 3366 1738 3435 μετ’
1770 3367 1870 3419 αύ-

282 3455 381 3511 τδν
417 3456 650 3513 ἀνιοῦσι.
687 3459 797 3512 Kal.
825 3459 854 3511 6
899 3460 1022 3528 μὲν,
1057 3459 1222 3514 αὐτὸν
1250 3460 1342 3513 καὶ
1378 3460 1534 3523 αὖθις
1570 3461 1868 3532 προσῆγεν,

284 3550 316 3602 6
348 3548 405 3602 δὲ
443 3550 513 3603 τὰ
542 3550 900 3621 παραπλήσια
930 3550 1096 3619 ἔδρα*
1130 3550 1207 3614 ὡς
1232 3551 1287 3605 δὲ
1314 3551 1450 3606 πολὺ
1480 3551 1643 3607 τοῦτο
1676 3547 1746 3625 ἦν
1779 3554 1874 3608 καὶ⁹

286 3638 455 3709 μέχρι
502 3638 720 3706 πολλοῦ,
776 3639 1097 3711 Ἦσύχασον,
1153 3639 1373 3709 άδελφὲ,
1435 3640 1604 3711 φησὶν
1648 3643 1677 3695 6
1730 3641 1872 3710 θεῖος

284 3731 450 3800 ἀνήρ·
496 3729 606 3800 ἔχω
646 3730 756 3803 γὰρ
790 3730 939 3802 αύτῷ
967 3749 1022 3785 τι
1052 3731 1420 3803 διαλεχθῆναι.
1450 3733 1608 3789 Μετὰ
1637 3733 1771 3803 γοῦν
1811 3735 1873 3789 τδ

285 3821 387 3893 τὴν
416 3822 569 3876 θείαν
601 3820 945 3894 λειτουργίαν
970 3822 1410 3894 συντελεσθῆναι,
1441 3824 1873 3897 παραστησάμε-

285 3930 379 3977 νος
414 3914 506 3967 τὸν
530 3913 701 3984 ἄνδρα
747 3916 777 3968 6
818 3914 1044 3984 Συμεών
1065 3931 1081 3948 ο
1117 3915 1443 3987 Ὑποκριτα,
1481 3914 1609 3987 ἔφη,
1642 3918 1737 3970 καὶ
1773 3917 1873 3988 τῆς

285 4004 386 4059 τοῦ
427 4004 566 4060 Θεοῦ
599 4007 818 4078 μερίδος
849 4007 1297 4080 μεμακρυσμένε,
1329 4007 1448 4073 πῶς
1477 4006 1714 4063 ἐνταῦθα
1747 4009 1875 4081 ἐλη-

286 4095 473 4163 λύθεις
492 4098 677 4169 λήσειν
706 4098 951 4170 οἰόμενος
975 4101 1068 4155 τὸν
1093 4100 1379 4156 πλάσαντα
1406 4101 1549 4156 κατὰ
1581 4101 1751 4172 μόνας
1774 4100 1874 4164 τὰς

287 4191 520 4264 καρδίας
540 4191 719 4262 ήμῶν,
746 4192 836 4246 τὸν
866 4192 1114 4247 συνιέντα
1139 4195 1220 4257 εἰς
1246 4193 1424 4247 πάντα
1443 4193 1512 4246 τὰ
1529 4192 1667 4265 ἔργα
1693 4191 1872 4263 ήμῶν,

286 4285 384 4339 τὸν
414 4287 690 4355 στήσαντα
714 4284 783 4338 τὰ
808 4284 909 4355 ὅρη
946 4284 1195 4356 σταθμῷ,
1228 4285 1325 4338 καὶ
1357 4285 1455 4348 τὰς
1480 4284 1657 4349 νάπας
1687 4281 1873 4355 Curti);

272 4377 438 4441 alvo;
482 4377 540 4431 δὲ
593 4377 690 4431 καὶ
733 4376 1059 4446 κοινωνῆσαι
1106 4376 1214 4430 τῶν
1241 4377 1526 4447 άχράντων
1556 4377 1875 4448 μυστηρίων

288 4469 528 4543 ἐπείγῃ;
567 4468 668 4522 οὐκ
713 4468 924 4522 ἐκείνου
972 4469 1213 4533 πάντως,
1241 4463 1302 4523 οὗ
1344 4470 1533 4542 πόρρω
1564 4487 1647 4523 σοι
1680 4470 1875 4540 ἀπέχει

1972 625 2079 680 que
2100 610 2420 681 desperaret
2448 610 2788 665 curationem
2820 626 3063 677 omnem,
3093 610 3253 681 quasi
3281 609 3553 666 defessam

1969 702 2307 774 fractamque
2342 703 2645 773 pertinacia
2669 703 2820 767 mali,
2848 703 3188 758 medicorum
3222 702 3555 759 industriam

1968 802 2029 849 et
2069 810 2329 849 manuum
2380 794 2787 849 auxiliatricum
2837 796 3082 867 artisque
3128 795 3385 867 peritiam
3431 795 3556 849 illu-

1970 885 2173 952 dentis,
2206 887 2272 941 ad
2327 896 2576 967 sanctum
2608 886 2937 958 Symeonem
2984 903 3042 943 se
3075 887 3273 959 recipit
3310 906 3322 942 :
3355 887 3443 942 cui
3494 894 3555 940 ut

1970 979 2234 1049 majorem
2270 980 2810 1035 commiserationem
2833 990 3101 1045 moveret,
3138 980 3427 1035 constituit
3461 978 3555 1033 tali

1970 1068 2299 1125 vestimento
2322 1086 2381 1126 se
2411 1070 2653 1140 operire,
2682 1070 2830 1141 quod
2854 1070 3015 1125 facile
3054 1071 3294 1125 solutum
3322 1110 3337 1135 ,
3364 1082 3556 1124 sancto

1969 1160 2181 1231 lepram
2230 1161 2677 1232 conspiciendam
2717 1161 2894 1217 daret.
2937 1162 3140 1215 Verum
3196 1160 3556 1231 pudibundus

1970 1268 2157 1308 coram
2174 1253 2296 1307 aliis
2319 1253 2602 1308 denudare
2623 1268 2869 1319 carnem,
2897 1261 3114 1323 tempus
3134 1252 3556 1322 praestolabatur

1971 1344 2144 1414 magis
2192 1354 2587 1415 opportunum.
2642 1344 2757 1399 Hoc
2800 1343 2894 1398 ubi
2951 1344 3334 1413 spiritualibus
3380 1344 3556 1401 oculis

1970 1435 2261 1505 perspicue
2291 1436 2602 1504 penetravit
2632 1434 2892 1506 Symeon,
2920 1436 2998 1490 ait
3029 1436 3107 1490 illi
3142 1454 3156 1491 :
3188 1437 3308 1501 Dic,
3343 1435 3417 1491 fili
3454 1438 3551 1503 mi,

1971 1542 2157 1581 coram
2200 1526 2352 1582 hisce
2380 1527 2767 1597 praesentibus,
2803 1527 3163 1597 quamobrem
3196 1528 3306 1584 huc
3329 1529 3554 1585 veneris

1970 1620 2038 1676 ad
2064 1636 2184 1676 nos.
2224 1621 2518 1675 Perculsus
2550 1620 2644 1675 ille
2692 1630 2803 1676 tam
2850 1621 3071 1677 insolita
3101 1625 3549 1694 perspicacitate,

1971 1710 2249 1781 quomodo
2291 1710 2438 1780 quod
2492 1710 2607 1780 ipse
2638 1709 3009 1766 absconderat
3060 1712 3115 1766 in
3171 1714 3360 1779 corde,
3414 1715 3554 1771 illud

1973 1800 2151 1873 ipsum
2168 1818 2234 1855 ex
2258 1816 2351 1856 ore
2376 1799 2663 1873 Symeonis
2685 1801 2904 1856 audiret
2926 1818 2942 1870 ;
2968 1804 3116 1857 omni
3135 1803 3320 1858 statim
3342 1805 3557 1876 abjecta

1971 1887 2325 1953 verecundia,
2372 1888 2705 1944 denudatam
2746 1890 2973 1946 exhibet
3023 1891 3232 1962 lepram
3270 1910 3282 1945 :
3328 1902 3384 1948 et
3424 1909 3556 1949 san-

1973 1988 2094 2033 ctus
2119 1979 2330 2048 palmea
2355 1995 2455 2034 sua
2483 1980 2654 2051 virga,
2689 1981 2964 2053 signatum
3012 1982 3295 2037 hominem
3337 1986 3403 2039 ad
3438 1986 3556 2040 bal-

1970 2085 2137 2125 neum
2171 2069 2415 2127 Tiberini
2447 2074 2689 2129 lavatum
2710 2075 2925 2146 ablegat
2957 2092 2970 2129 :
3004 2075 3235 2142 Lavare,
3272 2077 3554 2148 inquiens,

1971 2165 2136 2221 simul
2162 2176 2220 2224 et
2248 2168 2503 2223 abluetur
2540 2169 2710 2239 lepra.
2755 2170 2824 2225 Et
2856 2182 3151 2227 exsecutus
3176 2170 3431 2228 mandata
3470 2174 3557 2229 le-

1969 2272 2189 2328 prosus,
2212 2261 2554 2329 lpersanatus
2599 2259 2727 2316 inde
2771 2262 2957 2329 rediit,
2999 2278 3033 2318 ο
3067 2263 3380 2334 prodigium
3427 2264 3555 2320 inu-

1971 2347 2197 2402 sitatum
2220 2350 2233 2403 ι

2040 2440 2165 2495 217.
2205 2440 2361 2497 Alius
2392 2441 2615 2512 quidam
2666 2443 3047 2499 Antiochcnus
3094 2445 3262 2500 etiam
3309 2461 3379 2500 ex
3427 2445 3556 2500 illu-

1970 2532 2267 2588 strioribus
2296 2532 2529 2588 tetendit
2548 2532 2617 2587 ad
2640 2534 2976 2600 columnam,
3000 2535 3130 2589 dum
3166 2537 3347 2591 adhuc
3366 2552 3557 2607 agere-

1972 2633 2062 2679 tur
2082 2640 2237 2680 sacra
2266 2625 2531 2680 memoria
2552 2633 2755 2680 sanctae
2786 2627 2961 2696 ipsius
2993 2628 3167 2682 sancti
3198 2628 3389 2682 matris
3413 2628 3551 2698 (59).

1969 2715 2102 2770 Erat
2132 2714 2300 2785 igitur
2323 2724 2540 2785 tempus
2570 2731 2739 2770 sacrae
2768 2716 3024 2787 liturgiae,
3054 2718 3143 2771 cui
3176 2718 3292 2787 ipse
3317 2717 3555 2789 Symeou

1969 2806 2322 2876 operabatur.
2363 2805 2502 2862 Cum
2536 2815 2721 2862 autem
2755 2808 2919 2862 homo
2952 2807 3044 2863 ille
3092 2807 3381 2864 festinaret
3430 2809 3557 2864 inde

1971 2899 2187 2971 regredi
2214 2899 2281 2954 ad
2326 2914 2406 2965 se,
2445 2910 2599 2970 rogat
2627 2901 2943 2970 quempiam
2977 2900 3397 2971 discipulorum,
3435 2916 3557 2969 quas

1970 2991 2345 3046 aﬂerchantur
2365 2997 2555 3044 sancto
2586 2990 2903 3044 renuntiare
2928 2990 3172 3055 solitum,
3197 2996 3259 3042 ut
3280 2990 3426 3044 celer
3450 2989 3559 3044 sibi

1970 3080 2038 3134 ad
2068 3093 2221 3133 sacra
2251 3078 2509 3148 mysteria
2541 3077 2725 3132 aditus
2760 3078 2871 3134 ﬁat.
2911 3079 3014 3144 Qui
3043 3078 3231 3133 habita
3274 3078 3558 3150 dignitatis

1972 3173 2091 3242 ejus
2121 3170 2394 3243 praecipue
2423 3170 2658 3234 ratione,
2680 3168 2905 3225 adducit
2932 3170 3233 3235 hominem,
3266 3180 3556 3241 postquam

1979 3262 2448 3317 comntunicarant
2482 3261 2756 3331 discipuli,
2786 3271 2911 3316 ante
2939 3262 3207 3332 reliquam
3240 3262 3454 3317 turbam
3488 3263 3559 3317 ad

1977 3354 2335 3409 columnam:
2394 3354 2492 3409 sed
2532 3354 2783 3424 rejicitur
2836 3370 2866 3409 a
2920 3362 3132 3420 sancto,
3193 3353 3558 3409 distribuente

1977 3445 2100 3499 aliis
2126 3453 2248 3514 post
2280 3445 2429 3500 hunc
2454 3444 2826 3500 venientibus.
2854 3446 3170 3516 Discipulus
3193 3462 3324 3502 vero
3356 3447 3558 3501 iterum

1976 3535 2233 3604 adducit;
2270 3536 2365 3591 sed
2404 3537 2596 3609 rejecit
2621 3553 2769 3602 eum,
2800 3545 2862 3592 ut
2897 3554 3084 3608 supra,
3121 3548 3362 3594 sanctus.
3389 3538 3559 3593 Cum-

1977 3645 2085 3701 que
2114 3629 2167 3683 id
2198 3628 2429 3684 multum
2477 3638 2534 3685 et
2579 3629 2673 3684 diu
2712 3629 2787 3689 ita
2828 3630 3005 3697 ﬁeret,
3053 3632 3272 3686 tandem
3296 3632 3380 3685 vir
3410 3631 3511 3687 Dei
3541 3648 3555 3684 :

1977 3722 2303 3792 Acquicsce,
2338 3720 2413 3775 mi
2456 3720 2649 3787 frater,
2697 3720 2913 3791 inquit;
2958 3732 3043 3776 est
3091 3722 3238 3777 enim
3289 3720 3435 3793 quod
3482 3720 3558 3775 illi

1976 3814 2164 3869 velim.
2219 3814 2447 3869 Peracta
2491 3812 2734 3884 denique
2776 3828 2933 3869 sacra
2978 3814 3222 3886 liturgia,
3268 3829 3560 3869 accersens

1978 3909 2180 3974 virum,
2219 3908 2297 3963 ait
2321 3908 2399 3963 illi
2429 3916 2654 3978 sanctus
2688 3926 2702 3963 :
2730 3906 3050 3980 Hypocrita,
3085 3908 3322 3962 alienate
3353 3922 3383 3961 a
3423 3906 3557 3969 Deo,

1978 3998 2258 4071 quomodo
2292 3999 2403 4055 huc
2444 3999 2668 4066 venisti,
2714 4001 3041 4057 existimans
3074 3999 3249 4054 latere
3298 4008 3350 4053 te
3399 4013 3561 4068 posse

1981 4092 2158 4158 illum,
2186 4092 2283 4163 qui
2315 4091 2525 4148 eﬂinxit
2561 4092 2731 4148 corda
2770 4103 2980 4157 nostra,
3014 4092 3106 4161 qui
3134 4092 3413 4161 cognoscit
3444 4107 3561 4146 om-

1980 4183 2073 4239 nia
2106 4198 2277 4254 opera
2307 4195 2515 4249 nostra,
2544 4183 2640 4254 qui
2675 4185 2870 4240 statuit
2904 4194 3121 4239 montes
3145 4184 3202 4238 in
3230 4183 3474 4254 pondere
3504 4189 3563 4237 et

1981 4296 2150 4351 rupes
2182 4280 2237 4335 in
2279 4281 2514 4335 statera?
2547 4279 2720 4351 Cujus
2743 4289 2929 4335 autem
2963 4278 3335 4334 immaculatis
3356 4288 3562 4349 myste-

1982 4376 2083 4431 riis
2103 4374 2614 4430 communicaturus
2637 4375 2747 4429 huc
2769 4373 3070 4443 properas?
3090 4387 3198 4426 non
3223 4372 3371 4425 illius
3391 4380 3561 4434 certe.

1983 4485 2014 4523 a
2047 4483 2157 4537 quo
2195 4466 2385 4536 procul
2427 4466 2584 4520 abest
2630 4481 2726 4519 cor
2767 4474 2942 4529 tuum,
2975 4463 3192 4518 tametsi
3234 4478 3330 4518 ore
3360 4478 3566 4532 appro-

289 4562 389 4617 ἀπ’
427 4562 591 4617 αὑτοῦ
626 4564 659 4633 ή
693 4563 910 4633 καρδία,
936 4564 985 4615 εί
1012 4562 1107 4615 καὶ
1135 4561 1214 4630 τῷ
1242 4563 1467 4632 στόματί
1506 4580 1599 4615 σου
1636 4563 1872 4631 ἐγγίζεις

1984 4560 2238 4631 pinques,
2297 4566 2354 4611 et
2411 4556 2571 4610 labiis
2617 4556 2857 4610 honores
2910 4556 3112 4625 ipsum.
3158 4555 3360 4609 Verum
3410 4553 3455 4608 si
3505 4569 3565 4608 re

290 4654 464 4725 αὐτῷ,
495 4655 592 4709 καὶ
628 4657 685 4708 ἐν
715 4656 825 4717 τοῖς
857 4652 1061 4724 χείλεσι
1094 4670 1187 4706 σου
1216 4654 1383 4723 τιμᾷς
1411 4652 1594 4706 αὐτόν.
1631 4652 1772 4705 Ἀλλ’
1795 4652 1871 4704 εί-

291 4762 401 4816 περ
465 4746 613 4817 ἔργῳ
662 4746 762 4817 τὴν
820 4746 984 4800 αὐτοῦ
1044 4746 1362 4800 δυναστείαν
1430 4743 1593 4815 βούλῃ
1659 4744 1871 4814 μαθεῖν,

293 4837 407 4892 ίδού
443 4856 527 4903 σε,
563 4838 785 4893 πάντων
831 4837 1103 4909 ὁρώντων,
1160 4835 1368 4906 δαίμων
1412 4834 1648 4906 χαλεπὸς
1690 4852 1873 4905 παρα-

289 4930 544 5001 λήψεται,
598 4933 702 4984 κάν
764 4928 843 5001 τῷ
900 4930 1023 5000 ἀέρι
1095 4930 1247 4999 μέσῳ
1314 4926 1579 4998 κρεμάσει
1642 4942 1726 4991 σε,
1770 4924 1872 4989 ἓως

289 5023 392 5087 τὰς
437 5022 685 5095 πονηράς
730 5038 824 5076 σου
859 5022 955 5075 καὶ
994 5019 1199 5091 μιαρὰς
1230 5016 1459 5090 πράξεις
1492 5015 1873 5087 ἐξαγορεύσεις

292 5115 388 5169 καὶ
412 5114 582 5169 ἄκων.

365 5292 480 5363 (58)
511 5292 875 5356 Scriniarius,
902 5292 1101 5363 scrinii
1133 5307 1224 5344 seu
1268 5289 1525 5363 tabularii
1563 5287 1755 5363 publici
1780 5303 1874 5363 cu_-

290 5356 400 5419 stos
430 5356 611 5417 eodem
647 5364 756 5434 fere
788 5362 940 5417 modo
971 5362 1243 5415 dicebatur
1287 5361 1413 5434 olim
1470 5356 1879 5434 Latium-uncle

291 5442 610 5504 acceperunt
634 5427 824 5498 Graeci,
844 5450 949 5503 quo
977 5449 1114 5486 nunc
1143 5430 1487 5504 appellantur
1529 5427 1875 5504 Cancellarii,

290 5516 340 5558 et
373 5499 464 5585 qui
503 5505 744 5560 omnibus
769 5499 999 5576 prmerat
1038 5499 1535 5558 ProtbScriniarius
1569 5516 1632 5553 ac
1672 5499 1876 5553 Primi-

289 5591 553 5629 SCI‘lnllIS.

368 5645 481 5715 (59)
511 5646 724 5700 Videtur
780 5643 1072 5715 signiﬁcari
1133 5653 1335 5713 tempus
1399 5642 1557 5706 illud,
1609 5644 1873 5715 quo_post

288 5710 628 5781 sepulturam
678 5710 1009 5771 curabuntur
1052 5710 1294 5785 funebria
1345 5715 1533 5783 ofﬁcia,
1577 5710 1871 5785 addplures

296 5786 428 5838 dies.
479 5786 728 5849 Quamvis
758 5790 898 5841 enim
923 5788 984 5841 B.
1022 5782 1230 5842 Martha
1252 5782 1436 5839 abierit
1481 5800 1622 5838 anno
1646 5782 1771 5845 552,
1797 5782 1872 5833 uti

296 5855 445 5920 infra
508 5858 577 5911 ad
625 5859 739 5931 ejus
783 5860 949 5915 vitam
1011 5857 1203 5913 dicitur
1260 5866 1308 5911 et
1348 5857 1404 5911 in
1456 5851 1869 5926 praecedentibus

1982 4654 2098 4724 ipsa
2148 4652 2448 4721 potentiam
2498 4650 2647 4704 illius
2696 4650 2781 4703 vis
2805 4650 3119 4717 addiscere;
3165 4665 3294 4705 ecce
3351 4649 3565 4703 cunctis

1980 4744 2378 4815 spectantibus,
2436 4742 2712 4812 malignus
2765 4742 2992 4811 spiritus
3049 4750 3101 4796 te
3160 4741 3560 4811 apprehendet,

1981 4845 2038 4891 et
2100 4835 2279 4890 medio
2325 4835 2380 4888 in
2430 4849 2557 4888 aere
2617 4834 2949 4903 suspendet,
3008 4850 3181 4903 usque
3256 4833 3386 4888 dum
3433 4849 3563 4903 per-

1982 4942 2142 4981 versa
2200 4926 2543 4994 scelestaque
2591 4939 2757 4993 opera
2815 4931 2903 4978 tua
2965 4922 3280 4979 confitearis
3333 4923 3419 4978 vel
3477 4922 3562 4975 in-

1983 5019 2150 5076 vitus.

1985 5282 2248 5355 plerisque
2292 5280 2540 5351 capitulis
2600 5281 2841 5334 ordinem
2899 5279 3560 5355 [eretemporis__§ecutum

1985 5348 2255 5407 auctorem
2293 5348 2575 5422 appareat,
2602 5361 2818 5422 tumque
2865 5348 3012 5422 ultra
3053 5364 3257 5422 annum
3438 5348 3562 5422 jam

1980 5424 2265 5477 viderimus
2300 5418 2632 5493 progressum
2667 5418 2903 5475 in'Notis
2926 5419 2995 5474 ad
3016 5436 3134 5493 cap.
3167 5418 3256 5481 24,
3293 5418 3562 5493 nihilomi-

1982 5511 2080 5547 nus
2106 5495 2160 5548 in
2191 5494 2267 5546 his
2291 5489 2661 5563 posterioribus
2681 5494 2890 5547 videtur
2918 5491 3088 5560 potius
3109 5489 3433 5563 spectavisse
3468 5504 3563 5563 αντ

1982 5557 2654 5635 gumentisimilitudinem
2681 5579 2698 5616 :
2725 5571 2779 5635 et
2813 5564 2858 5616 si
2913 5557 3091 5635 tame};
3138 5557 3316 5611 aliter
3348 5558 3562 5635 apinari

1984 5628 2103 5705 quis
2133 5634 2309 5698 malit,
2373 5636 2564 5704 poterit
2626 5634 2721 5685 hoc
2762 5632 2875 5705 loco
2908 5628 3205 5705 intelligere
3251 5628 3562 5705 memoriam

1984 5696 2428 5770 anniversariam,
2456 5705 2634 5772 festive
2685 5719 2777 5773 per
2824 5703 2932 5755 dies
2991 5696 3217 5773 feraitan
3272 5699 3450 5771 plures
3472 5696 3560 5769 agi

1979 5776 2215 5842 solitam,
2257 5776 2320 5830 de
2347 5792 2452 5848 qua
2482 5777 2536 5829 in
2568 5775 2681 5837 eius
2715 5773 2852 5839 Vita,
2877 5790 3022 5826 num.
3062 5772 3150 5825 7i.
