4006 6514
541 437 679 503 3187

1749 437 1810 497 S.
1854 435 2235 497 SYMEONIS
2271 433 2634 495 JUNIORIS

3664 430 3793 497 3188

608 550 734 604 218.
778 548 873 603 llis
909 547 1135 614 auditis,
1190 547 1389 603 timore
1433 547 1615 603 cordis
1653 562 1975 611 concussus,
2025 546 2115 600 ille

2292 553 2433 617 σιη’.
2477 547 2620 618 Πρὸς
2652 546 2824 600 ταῦτα
2866 546 2975 601 δέει
3018 546 3116 620 τὴν
3156 544 3386 619 καρδίαν
3408 544 3793 611 κατασεισθεὶς,

538 648 594 694 et
623 639 881 693 manibus
907 638 1173 694 ambabus
1204 637 1410 693 ferrum
1445 653 1555 706 quo
1594 638 1850 692 columna
1877 635 2120 689 ambitur

540 731 1081 802 stringens:Parce,
1129 730 1328 786 clamat
1387 738 1669 785 stentorea
1722 743 1879 794 voce,
1934 741 2120 797 parce,

541 822 743 877 famule
776 822 872 877 Dei
898 822 1148 877 altissimi
1178 832 1263 877 τοι
1294 831 1492 876 cuncta
1524 836 1645 890 qua:
1668 820 1771 875 feci
1802 818 2123 882 enuntiabo,

541 913 681 967 nihil
740 913 1001 968 omittens
1030 914 1116 968 vel
1168 914 1475 967 occultans.
1544 912 1851 980 Statimque
1896 925 2126 965 exorsus

544 1013 820 1075 gestorum
855 1020 1081 1059 suorum
1111 1005 1308 1059 seriem
1334 1004 1690 1058 audientibus
1722 1002 1940 1057 cunctis
1970 1016 2131 1055 enar-

546 1111 692 1160 rare,
730 1096 903 1149 multa
934 1097 1234 1167 graviaque
1265 1096 1473 1151 scelera
1504 1095 1562 1149 in
1596 1094 1841 1149 medium
1878 1091 2127 1163 protulit,

546 1202 615 1242 eo
644 1186 809 1242 etiam
850 1188 1148 1258 impietatis
1180 1186 1472 1252 adductus,
1514 1195 1574 1241 ut
1599 1185 1885 1241 daemoniis
1908 1182 2124 1239 sacriﬁ-

547 1294 678 1334 care
725 1294 835 1334 non
885 1279 1191 1334 erubuerit.
1232 1280 1593 1349 Posteaquam
1625 1294 1758 1334 vero
1784 1287 1982 1335 cuncta
2009 1292 2135 1332 cum

546 1367 772 1424 fervore
805 1382 969 1439 atque
992 1379 1130 1425 aestu
1165 1370 1333 1424 animi
1388 1370 1674 1426 confessus
1730 1378 1897 1435 esset,
1956 1370 2135 1441 lacry-

548 1460 656 1514 mis
689 1475 757 1514 ex
783 1460 893 1514 imo
922 1460 1090 1515 corde
1150 1462 1673 1532 prorumpentibus,
1741 1461 1901 1532 petiit
1953 1462 2136 1532 paeni-

553 1560 769 1607 tentem
795 1568 853 1608 se
889 1552 1061 1621 recipi
1095 1560 1151 1606 et
1177 1552 1527 1609 absolutione
1560 1553 1779 1617 donari,
1806 1570 1916 1624 quo
1973 1568 2138 1609 secu-

551 1642 669 1697 rior
695 1643 1056 1713 imposterum
1092 1643 1347 1699 viveret:
1384 1661 1491 1714 qua
1535 1646 1713 1715 ipsum
1765 1645 2018 1716 prudens
2043 1645 2140 1701 ille

549 1736 855 1789 animarum
884 1736 1136 1791 medicus
1161 1735 1448 1802 continuo,
1496 1738 1613 1792 visa
1640 1738 1733 1791 tali
1768 1737 2137 1808 paenitudine,

550 1828 866 1897 impertitus
892 1836 995 1882 est.
1040 1828 1177 1882 Tum
1208 1828 1409 1883 docere
1450 1838 1615 1898 atque
1667 1829 1957 1884 instituere
1995 1830 2137 1883 mul-

2225 640 2317 691 καὶ
2340 640 2682 711 ἀμφοτέραις
2708 639 2801 693 τοῦ
2826 640 3043 711 σιδήρου
3073 639 3202 710 περὶ
3221 638 3318 708 τὴν
3341 638 3537 692 στάσιν
3557 637 3795 707 φραγμοῦ

2224 730 2543 802 λαϐόμενος,
2570 732 2755 785 Φεῖσαί
2803 749 2925 803 μου,
2958 731 3110 785 δοῦλε
3139 729 3234 783 τοῦ
3272 728 3410 783 Θεοῦ
3439 728 3539 782 τοῦ
3568 729 3796 798 ὑψίστου,

2227 827 2433 892 φεῖσαι,
2469 826 2613 895 μέγα
2652 825 2801 886 ἐϐόα,
2843 824 2937 877 καὶ
2974 823 3043 876 τὰ
3084 823 3204 876 κατ’
3234 822 3473 892 ἐμαυτὸν
3514 821 3800 889 ἀπαραλεί-

2229 932 2379 979 πτως
2404 934 2484 969 σοι
2511 917 2687 969 πάντα
2710 917 2803 968 καὶ
2830 913 3127 985 άκρύπτως
3151 913 3404 982 διέξειμι.
3433 911 3547 965 Καὶ
3577 911 3801 979 ἀρξάμε-

2229 1025 2318 1071 νος
2341 1008 2504 1071 εὐθὺς
2529 1008 2598 1062 τὰ
2632 1007 2755 1062 καθ’
2783 1007 2975 1061 ἐαυτὸν
3004 1004 3107 1059 ὑπὸ
3135 1006 3254 1068 ταῖς
3274 1005 3493 1058 πάντων
3526 1004 3713 1063 ἀκτιαῇ
3730 1002 3801 1054 δι-

2233 1100 2401 1173 εξῄει,
2425 1099 2595 1153 πολλὰ
2621 1100 2717 1154 καὶ
2747 1099 2897 1153 δεινὰ
2918 1098 3068 1164 ὅντα,
3094 1101 3186 1154 καὶ
3207 1100 3287 1160 εἰς
3312 1096 3572 1150 τοσοῦτον
3594 1094 3803 1156 ἀτοπίας

2232 1194 2458 1265 ἥκοντα,
2512 1192 2589 1255 ὡς
2640 1191 2773 1261 μηδὲ
2824 1190 2927 1261 τῆς
2970 1190 3080 1245 τῶν
3134 1189 3406 1259 δαιμόνων
3457 1187 3624 1240 αὑτὸν
3682 1186 3805 1239 dm.

2236 1286 2461 1356 σχέσθαι
2489 1285 2699 1348 θυσίας.
2736 1285 2825 1348 Ὠς
2855 1284 2911 1337 δὲ
2941 1283 3116 1337 πάντα
3141 1283 3288 1347 ζέσει
3315 1281 3412 1335 καὶ
3437 1281 3621 1353 θέρμῃ
3645 1279 3806 1349 ψυχῆς

2238 1375 2711 1445 ἐξωμολογήσατο,
2734 1374 2995 1444 δάκρυσιν
3021 1372 3083 1425 ἐκ
3118 1372 3289 1441 μέσης
3314 1370 3568 1441 προϊοῦσι
3597 1368 3807 1438 καρδίας

2240 1466 2429 1531 ἐδεῖτο,
2462 1464 2719 1536 δεχθῆναι
2747 1482 2807 1517 τε
2841 1464 3229 1533 μετανοοῦντα,
3262 1464 3356 1516 καὶ
3386 1464 3576 1532 τυχεῖν
3607 1476 3808 1527 συγχωο

2244 1559 2475 1629 ρήσεως,
2502 1556 2588 1610 ἐπ’
2620 1554 2891 1627 ἀσφαλείᾳ
2918 1558 2982 1625 τῇ
3015 1554 3149 1626 πρὸς
3177 1554 3238 1607 τὸ
3266 1553 3480 1624 μέλλον,
3513 1553 3581 1622 ἢν
3604 1554 3634 1605 ὁ
3664 1549 3811 1617 σοφὸς

2241 1649 2349 1703 τῶν
2383 1648 2570 1718 ψυχῶν
2617 1647 2800 1718 ἰατρὸς
2839 1647 3047 1709 ἐκεῖνος
3078 1644 3241 1707 εὐθὺς
3278 1644 3371 1696 ἐπὶ
3401 1640 3707 1711 τηλικαύτῃ
3740 1639 3813 1691 δί-

2241 1742 2372 1796 δωσι
2406 1739 2684 1812 μετανοίᾳ,
2721 1740 2815 1794 καὶ
2845 1738 3062 1805 διδάξας
3087 1737 3285 1789 αὐτίκα
3325 1735 3417 1788 καὶ
3455 1734 3703 1796 ὑποθεὶς,
3730 1734 3815 1785 καὶ

2246 1831 2673 1902 συμϐουλεύσας,
2719 1832 2814 1883 καὶ
2854 1827 3210 1899 παραινέσας,
3250 1825 3344 1879 καί
3391 1842 3548 1885 τινας
3607 1822 3815 1885 ἐντολὰς

550 1922 643 1985 tis,
681 1921 912 1976 suadere
964 1921 1190 1975 meliora
1250 1921 1590 1989 hortarique,
1647 1921 1901 1989 quzedam
1968 1920 2133 1975 etiam

2241 1924 2469 1987 ἐπιθεὶς,
2494 1923 2761 1976 ἀπέλυσεν
2795 1923 2851 1979 ω
2877 1920 3089 1993 εἰρήνῃ,
3126 1921 3186 1971 οὐ
3215 1916 3468 1987 χαλεπῶν
3501 1914 3697 1969 παθῶν
3728 1914 3815 1983 μό·

552 2013 811 2069 mandata
842 2013 1103 2083 adjicere,
1130 2012 1368 2082 denique
1399 2013 1679 2067 dimittere
1731 2012 1785 2066 in
1852 2027 1983 2082 pace
2030 2013 2132 2066 ho-

548 2105 782 2172 minem,
825 2116 935 2159 non
986 2104 1138 2175 gravi
1197 2112 1414 2158 tantum
1466 2104 1678 2168 dolore,
1741 2103 1835 2159 sed
1895 2104 2131 2173 graviori

548 2197 715 2252 etiam
746 2196 1032 2266 impietate
1078 2195 1396 2251 liberatum.

617 2289 740 2344 2l9.
768 2288 923 2345 Alius
945 2288 1201 2344 similiter
1235 2305 1266 2345 e
1305 2290 1662 2361 primoribus,
1686 2290 1989 2362 Epiphania
2022 2291 2131 2361 (60)

549 2380 721 2454 Syriae
773 2382 841 2436 ad
893 2390 1141 2437 sanctum
1170 2383 1343 2448 venit,
1401 2384 1812 2453 collocutusque
1859 2400 1984 2438 cum
2039 2385 2133 2439 illo

557 2490 682 2544 qua:
706 2474 893 2540 vellet,
947 2476 1184 2546 porrigit
1238 2476 1445 2546 lignum
1486 2474 1735 2529 Indicum
1782 2476 1969 2530 multa:
2019 2474 2132 2530 fra-

548 2570 793 2641 grantiaa,
821 2585 1020 2640 rogans
1050 2579 1110 2624 ut
1133 2570 1405 2636 admittat,
1428 2578 1483 2624 et
1515 2584 1582 2623 ex
1610 2583 1675 2622 eo
1694 2569 1977 2623 incensum
1997 2569 2134 2623 oﬂ‘e-

549 2670 636 2717 rat
667 2663 807 2743 .Deo.
839 2664 1176 2733 Deprecatur
1210 2664 1264 2718 id
1322 2672 1545 2718 sanctus
1608 2677 1671 2716 ac
1707 2662 1910 2728 renuit,
1942 2662 2132 2716 horta-

551 2761 759 2821 turque
792 2761 853 2806 ut
885 2752 1001 2825 ipse
1031 2753 1179 2807 domi
1209 2770 1321 2808 suae
1373 2753 1560 2823 potius
1611 2753 1665 2807 id
1717 2752 1829 2807 Deo
1882 2753 2131 2807 adoleat:

549 2844 645 2897 sed
700 2845 937 2899 instante
980 2844 1074 2898 illo
1141 2845 1418 2914 pluribus,
1462 2845 1619 2914 jubet
1670 2844 1889 2898 tandem
1943 2843 2127 2898 afferri

551 2934 899 2990 thuribulum
924 2952 936 2987 :
962 2934 1031 2990 Ut
1056 2936 1301 3005 potentia
1337 2935 1454 2999 Dei,
1488 2935 1764 3005 inquiens,
1803 2935 2121 2991 manifeste-

553 3035 662 3081 tur.
696 3027 1070 3096 lmpositoque
1100 3027 1292 3096 prunis
1328 3027 1495 3096 ligno,
1528 3034 1677 3081 tanta
1718 3025 1903 3079 subito
1927 3025 2137 3096 disper-

550 3133 610 3177 sa
639 3128 724 3172 est
759 3112 1151 3188 grav‘eoleutia,
1183 3129 1401 3187 tamque
1464 3117 1827 3173 intolerabilis
1881 3118 2132 3183 naribus,

551 3225 662 3270 non
694 3209 861 3263 modo
896 3208 1039 3264 intra
1067 3211 1389 3265 monasterii
1428 3218 1604 3279 septa,
1661 3210 1756 3264 sed
1814 3211 1920 3264 late
1968 3210 2131 3264 etiam

550 3319 652 3382 per
685 3314 927 3364 montem
951 3302 1172 3366 diﬂusa,
1223 3310 1285 3356 ut
1338 3317 1566 3372 peregre
1620 3302 1985 3356 adventantes
2034 3316 2133 3371 per

554 3409 913 3472 quascunque
936 3393 1004 3449 ad
1028 3395 1423 3449 monasterium
1460 3395 1577 3450 vias
1610 3395 1840 3449 fetorem
1874 3394 2019 3449 ferre
2074 3409 2132 3449 se

556 3492 801 3567 potuisse
827 3498 1114 3560 negarent,
1150 3490 1314 3545 etiam
1340 3491 1559 3545 eminus
1607 3498 2009 3545 occurrentem.
2036 3489 2134 3543 Vi-

557 3579 694 3634 dens
728 3580 912 3655 itaque
954 3580 1190 3651 Symeon
1221 3596 1319 3650 per
1346 3580 1577 3635 fetorem
1627 3581 1801 3644 illum,
1859 3581 1995 3650 ligni
2035 3595 2133 3633 na-

557 3678 698 3731 tura:
762 3672 1124 3734 contrarium,
1160 3688 1220 3726 re
1280 3672 1394 3741 ipsa
1452 3671 1809 3726 condemnari
1864 3670 2133 3726 nefariam

556 3762 797 3816 hominis
825 3761 1349 3827 vitam:Conﬁtere,
1401 3763 1598 3832 inquit,
1657 3764 1768 3817 Deo
1797 3778 1962 3832 opera
2021 3772 2133 3827 tua,

556 3862 614 3909 et
640 3854 1025 3924 penitentiam
1060 3870 1157 3925 age
1193 3870 1290 3923 pro
1336 3856 1581 3924 peccatis
1637 3855 1785 3919 tuis;
1828 3871 1896 3909 ne
1932 3871 1960 3909 a
2026 3854 2137 3910 dte-

556 3945 1067 4015 moniisabreptus,
1134 3946 1444 4001 miseranda
1505 3947 1604 4001 fias
1650 3947 1896 4001 onmium
1930 3947 1983 4000 in
2043 3962 2137 4002 ore

558 4037 762 4093 fabula.
783 4036 1084 4107 Correptus
1123 4038 1306 4107 itaque
1336 4039 1531 4093 timore
1566 4038 1904 4102 vehementi,
1939 4046 2137 4092 cuneta

559 4128 744 4183 statim
779 4127 977 4183 delicta
1004 4144 1101 4183 sua
1134 4128 1465 4193 enuntiavit,
1495 4128 1656 4199 longe
1687 4126 2136 4197 graveolentiora

560 4220 789 4274 incenso
810 4234 975 4289 supra
1000 4218 1149 4273 dicto
1172 4236 1185 4272 :
1220 4219 1420 4275 deinde
1442 4236 1543 4290 pro
1576 4219 1789 4273 meritis
1809 4219 2134 4289 castigatus,

559 4312 839 4381 variisque
891 4311 1291 4367 monitionibus
1348 4319 1403 4365 et
1465 4311 1754 4383 praeceptis
1808 4311 2132 4375 instructus,

561 4402 849 4463 remeavit.

632 4613 761 4675 220.
796 4613 1361 4684 Consentaneumjam
1391 4614 1539 4669 dicto
1565 4625 1652 4668 est
1714 4613 1862 4684 quod
1910 4613 2139 4685 subjiei-
2170 4631 2213 4686 ι)

563 4716 655 4765 tur
680 4724 694 4773 ;
727 4718 1000 4776 quatenus
1027 4722 1147 4775 qua!
1174 4707 1439 4761 miracula
1473 4707 1527 4760 in
1551 4716 1788 4775 utroque
1807 4713 2132 4772 occurrunt,

562 4796 708 4853 inter
726 4812 783 4851 se
816 4796 993 4850 afﬁnia
1015 4805 1163 4851 sunt.
1189 4796 1456 4850 Sacerdos
1479 4795 1700 4865 quidam
1724 4795 1945 4850 nomine
1967 4796 2135 4858 Joan-

566 4901 689 4949 nes,
720 4886 811 4961 qui
836 4901 931 4955 per
962 4886 1096 4943 illud
1126 4895 1340 4957 tempus
1362 4885 1701 4955 Apamiensis
1733 4887 1842 4956 (6i)
1881 4887 2135 4943 Ecclesiae

563 4990 885 5034 (Economus
919 4977 1054 5045 (62),
1082 4977 1313 5032 accessit
1358 4994 1481 5031 cum
1514 4994 1682 5032 uxore
1716 4988 1772 5031 et
1811 4979 2136 5049 propinquis

564 5067 824 5121 omnibus
858 5066 925 5120 ad
967 5067 1324 5138 Symeonem:
1356 5083 1517 5137 quem
1560 5068 1887 5138 discipulus,
1928 5070 2138 5125 nuntiis

572 5158 724 5214 ultro
782 5158 1365 5227 citroquedeferendis
1392 5161 1570 5214 eidem
1643 5161 1988 5227 ministrans,
2039 5179 2133 5217 seu

565 5248 807 5307 amicitia
839 5249 1099 5319 quadam,
1124 5266 1219 5305 seu
1252 5250 1658 5313 benevolentia,
1678 5267 1772 5306 seu
1803 5253 1942 5310 forte
1973 5255 2138 5308 etiam

569 5338 881 5409 ignorantia
912 5355 1096 5399 rerum
1122 5340 1290 5405 illius,
1315 5340 1508 5395 sedulo
1537 5341 1767 5396 curabat
1799 5354 2138 5411 preesentare

644 5522 756 5593 (60)
790 5523 1271 5594 Epipltania,intcr
1299 5526 1628 5582 Antiochiam
1646 5538 1693 5581 et
1723 5528 2041 5582 Damascum
2072 5529 2140 5581 ad

568 5592 1108 5667 ρνοηςεηιςιιὶζίηᾳιιε
1151 5613 1207 5667 p.
1240 5613 1317 5650 m.
1374 5600 1441 5651 80
1492 5599 1742 5653 distans:
1800 5609 1849 5650 et
1900 5610 1974 5651 cst
2030 5598 2139 5653 alia

569 5661 880 5739 Epiphania
916 5661 1133 5739 Ciliciw,
1154 5661 1454 5739 'Antiochiaz
1477 5668 1545 5722 ad
1569 5668 1800 5722 Boream
1852 5670 2024 5739 posita
2058 5672 2141 5723 in-

573 5733 933 5807 teruallonon
957 5737 1182 5790 multant
1209 5738 1423 5807 majori.

647 5802 769 5877 (61)Δ
792 5805 1030 5877 Apamea
1063 5809 1170 5860 Ιιωε
1198 5802 1339 5876 (sunt
1369 5809 1508 5861 enim
1531 5811 1694 5862 etiam
1736 5808 1849 5877 ejus
1909 5809 2138 5861 nominis

578 5867 778 5947 plains)
812 5867 880 5931 ad
909 5873 1158 5942 alteram,
1188 5867 1241 5929 id
1276 5884 1349 5929 est
1373 5878 1646 5933 dexteram
1676 5867 1885 5933 Orontis
1945 5879 2135 5950 ripam,

2240 2032 2348 2079 vov,
2386 2013 2517 2066 ἀλλὰ
2544 2012 2724 2083 πολλῷ
2751 2012 2846 2065 καὶ
2874 2008 3261 2080 χαλεπωτέρας
3288 2007 3546 2069 ἀσεδείας
3571 2005 3813 2076 ἁπηλλαυ

2239 2108 2461 2178 γμένον.

2314 2290 2439 2346 σιθ’.
2494 2291 2724 2363 Ἕτερός
2752 2309 2858 2356 τις,
2886 2291 2947 2356 ἐξ
2986 2290 3339 2360 Ἐπιφανείας
3387 2288 3487 2359 τῆς
3530 2287 3587 2340 ἐν
3635 2282 3813 2354 Συρίᾳ,

2240 2385 2349 2438 τῶν
2418 2386 2714 2457 ἐπισήμων
2770 2384 2866 2439 καὶ
2901 2377 3077 2447 οὗτος,
3147 2381 3300 2453 παρὰ
3365 2380 3458 2435 τὸν
3522 2380 3686 2447 ᾶγιον
3734 2376 3816 2429 ἀνι

2240 2476 2429 2543 ελθὼν,
2463 2480 2560 2532 καὶ
2604 2476 2946 2548 συλλαλήσας
2973 2477 3118 2548 ἆπερ
3148 2474 3420 2539 ἐϐούλετο,
3442 2471 3631 2545 ὀρέγει
3675 2469 3815 2538 ξύλον

2254 2569 2471 2623 Ἰνδικὸν
2497 2569 2694 2632 εὐῶδες
2743 2567 2914 2637 αὐτῷ,
2964 2567 3132 2633 ἀξιῶν
3178 2566 3436 2637 δεχθῆναι
3470 2581 3532 2617 τε
3581 2562 3690 2616 καὶ
3733 2561 3814 2613 θη.»⁹

2246 2662 2427 2733 μίαμα
2460 2660 2589 2731 παρ’
2614 2661 2779 2715 αὑτοῦ
2807 2660 2924 2731 Θεῷ
2953 2659 3350 2731 προσαχθῆναι.
3383 2656 3492 2710 Τοῦ
3529 2656 3587 2708 δὲ
3621 2671 3812 2721 παραι-

2240 2754 2499 2823 τουμένου
2545 2755 2639 2806 καὶ
2673 2752 3047 2817 ἀνανεύοντος,
3080 2752 3221 2806 οἴκοι
3262 2769 3323 2804 τε
3371 2750 3577 2819 θυμιᾷν
3639 2745 3818 2800 τοῦτον

2246 2845 2444 2916 μᾶλλον
2479 2845 2642 2898 αὑτὸν
2693 2846 3105 2914 ἐπιτρέποντας,
3133 2843 3208 2908 ὡς
3250 2843 3418 2904 πολὺς
3445 2836 3515 2912 ἦν
3551 2839 3821 2909 ἐπιμένων

2244 2940 2449 2999 ἐκεῖνος
2495 2938 2781 3007 ἐνεχθῆναι
2812 2935 3023 2989 κελεύει
3071 2938 3451 3007 θυμιατήριον.
3484 2935 3609 2986 Ἰνα
3663 2931 3754 2984 καὶ
3788 2929 3819 3001 ig

2241 3028 2334 3082 τοῦ
2373 3029 2530 3093 Θεοῦ,
2584 3030 2737 3097 φησὶ,
2800 3030 3032 3101 διαφανῇ
3088 3028 3414 3082 δυναστεία·
3447 3027 3547 3080 καὶ
3594 3027 3710 3088 τοῖς
3744 3025 3820 3078 iv

2244 3119 2435 3191 θραξιν
2463 3119 2805 3184 ἐπιτεθέντος
2837 3121 2929 3174 τοῦ
2963 3118 3143 3186 ξύλου,
3171 3119 3409 3188 τοσαύτη
3450 3137 3539 3182 τις
3592 3117 3819 3172 δυσωδία

2242 3211 2479 3278 γεγόνει,
2510 3211 2600 3265 καὶ
2632 3212 2898 3281 ὀσφρήσει
2928 3212 3099 3274 οὔτως
3134 3212 3195 3265 οὐ
3234 3210 3289 3264 δὲ
3327 3212 3431 3281 μιᾷ
3460 3210 3703 3279 φορητὴ,
3730 3208 3817 3259 οὔκ

2241 3303 2344 3357 ἀνὰ
2381 3304 2479 3374 τὴν
2512 3303 2679 3375 μονὴν
2710 3304 2889 3371 μόνον,
2923 3305 3059 3357 ἀλλὰ
3088 3305 3183 3357 καὶ
3213 3303 3303 3357 τοῦ
3343 3303 3511 3374 δρους
3548 3302 3646 3354 ἐπὶ
3697 3300 3814 3353 πολῦ

2241 3396 2270 3449 δ
2279 3397 2528 3467 ιήκουσα,
2549 3396 2623 3459 ὡς
2641 3396 2733 3448 καὶ
2765 3398 2873 3458 τοῖς
2891 3395 3088 3461 ἔξωθεν
3114 3395 3201 3448 διὰ
3220 3394 3399 3463 πάσης
3417 3394 3516 3447 ἐπὶ
3542 3394 3644 3461 τὴν
3669 3390 3815 3463 μονὴν

2240 3485 2361 3539 όδοῦ
2402 3486 2694 3554 προσιοῦσι
2749 3486 3006 3556 τοιαύτην
3055 3480 3175 3538 οἷαν
3242 3484 3379 3555 μηδὲ
3416 3484 3709 3553 ἀνέχεσθαι
3734 3480 3812 3534 δύ·

2242 3577 2456 3643 νασθαι,
2487 3579 2691 3647 ταύτην
2741 3576 2849 3629 ἀπὸ
2914 3577 3187 3647 μακρόθεν
3236 3574 3629 3647 προσϐάλλειν.
3689 3572 3815 3626 Ἰδὼν

2240 3666 2418 3719 τοίνυν
2447 3667 2475 3717 ό
2500 3664 2747 3733 Συμεὼν,
2779 3664 2926 3735 ἔργῳ
2964 3662 3112 3731 αὐτῷ
3143 3662 3237 3715 καὶ
3266 3661 3383 3731 βίου
3415 3661 3735 3729 φαυλότητα
3763 3654 3816 3707 τὸ

2243 3757 2395 3827 παρὰ
2414 3756 2474 3809 τὸ
2505 3756 2653 3819 εἰκὸς
2680 3755 2782 3824 τῆς
2805 3754 2901 3807 τοῦ
2936 3753 3095 3818 ξύλου
3134 3753 3351 3822 φύσεως
3376 3753 3565 3804 ἐκεῖνο
3588 3764 3812 3818 κατηγο-

2247 3850 2377 3918 ρεῖν,
2404 3846 2853 3916 Ἐξομολόγησαι,
2886 3846 3038 3913 φησὶ,
3069 3844 3143 3913 τῷ
3178 3842 3297 3913 Θεῷ
3324 3842 3422 3904 τὰς
3456 3840 3690 3911 πράξεις
3714 3854 3816 3901 σου,

2247 3939 2521 4008 μετανοῶν
2550 3939 2610 3991 τὸ
2646 3938 2833 3990 λοιπὸν
2862 3938 2971 3990 ἀπὸ
2992 3938 3093 4005 τῆς
3121 3938 3315 3997 κακίας
3341 3952 3459 3997 σου,
3478 3935 3632 3996 ὅπως
3657 3949 3713 3985 σε
3746 3930 3812 4001 μὴ

2241 4031 2489 4102 δαίμονες
2516 4032 2713 4085 αὐτίκα
2739 4030 3169 4101 παραλαϐόντες,
3198 4028 3433 4081 ἐλεεινὸν
3467 4030 3623 4099 πάσῃ
3653 4026 3814 4094 γλώσ-

2245 4141 2310 4195 σῃ
2346 4124 2548 4177 θῶνται
2571 4125 2837 4194 διήγημα.
2882 4124 2970 4175 Ἐν
2993 4122 3142 4192 φόϐῳ
3169 4119 3467 4191 τοιγαροῦν
3496 4119 3683 4189 πολλῷ
3734 4135 3819 4186 γε·

2245 4217 2436 4284 γονὼς,
2474 4219 2653 4280 πάσας
2684 4217 2842 4278 εὐθὺς
2879 4215 3053 4275 αὑτὰς
3107 4213 3375 4283 διεξῆλθε,
3405 4213 3809 4281 δυσωδεστέρας

2245 4308 2425 4377 πολλῷ
2454 4307 2547 4360 τοῦ
2573 4307 2919 4377 θυμιάματος
2954 4303 3121 4367 οὔσας
3152 4320 3165 4334 ο
3201 4298 3323 4355 εἶτα
3375 4301 3737 4372 ἐπιτιμηθεὶς
3760 4298 3820 4351 τὰ

2245 4401 2450 4463 εἰκότα,
2482 4400 2577 4455 καὶ
2626 4399 3008 4470 παραινέσεως
3049 4397 3145 4450 καὶ
3193 4394 3554 4458 διδασκαλίας
3612 4394 3816 4461 τυχὼν,

2246 4494 2546 4547 ἐπάνεισιν.

2320 4605 2422 4662 σκ’.
2464 4604 2777 4659 Ἀκόλουθον
2802 4605 2884 4676 τῷ
2913 4604 3190 4675 εἰρημένῳ
3215 4602 3275 4654 τὸ
3300 4601 3649 4671 ἐπαγόμενον
3677 4639 3693 4662 ,
3722 4600 3819 4666 ὅσῳ

2243 4700 2335 4755 καὶ
2355 4698 2684 4770 ἀμφοτέροις
2714 4697 2951 4767 συγγενῆ
2971 4697 3041 4749 τὰ
3075 4694 3168 4748 τοῦ
3189 4695 3488 4762 θαύματος.
3510 4692 3709 4761 Ἱερεύς
3727 4706 3818 4751 τις,

2241 4795 2411 4867 ὄνομα
2427 4793 2698 4861 Ἰωάννης,
2714 4790 2810 4860 τὴν
2824 4793 2880 4843 ἐν
2896 4790 3035 4841 Ἀπα
3044 4804 3108 4858 με
3118 4787 3171 4857 ia.
3187 4782 3487 4855 τηνικαῦτα
3504 4781 3819 4851 Ἐκκλησίαν

2243 4886 2560 4955 οἰκονομῶν,
2602 4882 2907 4953 προσῆλθε)
2942 4882 3040 4933 σὺν
3084 4877 3302 4946 συζύγῳ
3352 4876 3451 4928 καὶ
3489 4874 3818 4943 προσήκουσι

2244 4980 2378 5031 πᾶσι
2412 4976 2487 5047 τῷ
2524 4973 2769 5045 Συμεών.
2809 4975 2869 5026 Ὀ
2923 4970 3053 5040 γοῦν
3113 4969 3211 5030 τὰς
3254 4966 3519 5034 ἀγγελίας
3563 4964 3819 5030 εἰσφέρων

2249 5070 2516 5142 μαθητὴς,
2544 5069 2576 5139 ἢ
2610 5067 2763 5138 φιλια
2781 5068 2846 5137 τῇ
2872 5065 3008 5135 πρὸς
3028 5064 3187 5117 αὑτὸν
3209 5062 3241 5132 ἦ
3263 5061 3357 5113 καὶ
3374 5060 3583 5128 χάριτι,
3610 5056 3752 5124 τάχα
3768 5053 3817 5104 δὲ

2252 5164 2346 5217 καὶ
2397 5162 2588 5230 ἀγνοίᾳ
2636 5159 2745 5212 τῶν
2805 5157 2927 5211 κατ’
2977 5155 3161 5218 αὐτὸν,
3198 5152 3536 5213 ἐσπούδαζεν
3580 5149 3683 5200 ὅσα
3736 5143 3818 5196 καὶ

2248 5254 2483 5324 χρηστὸν
2540 5252 2706 5322 ἄνδρα
2775 5248 2963 5301 τοῦτον
3018 5247 3094 5317 τῷ
3165 5242 3391 5315 Συμεὼν
3458 5238 3815 5313 παραθέσθαι.

2248 5345 2464 5397 Πολλῶν
2512 5340 2798 5414 τοιγαροῦν
2856 5340 2984 5411 περὶ
3032 5338 3195 5391 αὐτοῦ
3246 5333 3398 5406 παρὰ
3434 5334 3527 5387 τοῦ
3582 5327 3817 5402 μαθητοῦ

2251 5528 2562 5599 Epiphania:
2623 5546 2783 5599 quam
2854 5526 3143 5582 Antiochia:
3203 5520 3365 5592 duplo
3433 5520 3656 5588 prapior
3732 5509 3819 5564 ad-

2236 5601 2401 5670 jacet.

2322 5649 2431 5737 (ii?)
2472 5668 2822 5724 OEconomus
2851 5669 3065 5729 dicitur,
3100 5665 3190 5738 ιιιιε
3230 5663 3340 5716 vi“
3393 5656 3620 5738 θ’)ίδῗίῖν
3649 5649 3815 5738 {aq}:

2246 5719 3171 5793 magnai—csatanaim}ae
3210 5719 3434 5803 quorm
3478 5719 3659 5798 ofﬁcio
3701 5719 3809 5776 side

2244 5812 2655 5868 eruditissimum
2678 5808 2939 5883 Cangium
2963 5808 3017 5865 in
3055 5804 3343 5864 Glossario.
