4032 6518
258 400 404 468 3189

1266 400 1438 461 VITA
1480 390 1524 456 Α
1562 392 2004 458 NICEPHORO
2042 392 2537 457 CONSCRIPTA.

3396 372 3542 462 3190

257 511 595 583 λεγομένων,
621 507 809 580 ἡρέμα
865 508 1003 580 πρὸς
1064 508 1230 564 αὑτὸν
1259 512 1288 564 ό
1320 508 1550 580 Συμεὼν
1593 507 1851 579 ἐσιτιστρέ⁴

1985 516 2151 566 ancto
2188 518 2447 579 tanquam
2479 507 2659 565 virum
2692 509 2954 580 probum.
2989 508 3238 583 Cumque
3268 510 3439 567 multa
3472 512 3543 568 ab

256 604 393 676 ψας,
440 602 517 673 μὴ
547 602 747 673 χρῆναι
775 600 1012 656 τοιαῦτά
1042 619 1208 669 τισιν,
1234 604 1384 664 ὅπως
1417 601 1485 656 ἂν
1535 601 1631 655 καὶ
1676 600 1852 671 τύχοι,

263 696 590 768 μαρτυρέῖν,
638 693 743 764 ἔφη
773 707 788 722 °
825 692 1043 746 Παῦσαι
1092 692 1294 758 τοίνυν,
1346 690 1563 761 άδελφὲ,
1595 690 1725 760 περὶ
1780 682 1856 743 ὧν

260 789 366 843 οὐκ
394 783 553 841 οἶσθα
580 785 1002 856 διατεινόμενος.
1035 785 1147 839 Καὶ
1174 786 1241 856 τῇ
1272 783 1420 856 χειρὶ
1449 781 1602 854 παρὰ
1625 782 1733 835 τῶν
1758 782 1856 853 τῆς

268 880 519 953 κεφαλῆς
546 880 751 952 τριχῷν
781 877 877 933 τοῦ
913 879 1201 949 οἰκονόμου
1246 876 1569 947 λαϐόμενος,
1606 875 1679 929 Τὸ
1719 876 1858 930 ἀκά-

264 972 468 1044 θαρτον
504 970 600 1025 καὶ
646 970 886 1042 πονηρὸν
932 969 1173 1039 πνεῦμα,
1204 968 1361 1041 φησὶ,
1395 967 1457 1022 τδ
1487 966 1733 1023 ἐνοικοῦν
1778 965 1857 1037 τῷ

264 1064 543 1137 ἀνθρώπῳ
572 1063 770 1135 τούτῳ,
800 1062 1019 1132 ἔλεγξον
1042 1062 1137 1115 ἐπὶ
1166 1063 1276 1116 τῶν
1303 1062 1590 1133 παρόντων
1611 1062 1707 1125 τάς
1734 1078 1861 1131 μια-

267 1158 372 1230 ράς
420 1156 587 1211 αὐτοῦ
651 1154 883 1226 πράξεις
916 1155 1010 1208 καὶ¹
1060 1153 1374 1225 ἀθεμίτους,
1402 1153 1492 1207 ῖνα
1547 1152 1678 1206 Θεὸν
1710 1151 1855 1223 γνῷ,

266 1249 548 1320 Δεσπότην
578 1248 673 1303 καὶ
702 1247 1037 1319 δημιουργὸν
1080 1246 1363 1310 ἁπάντων,
1390 1244 1482 1299 τδν
1526 1242 1859 1315 στερεούντα

267 1343 501 1417 οὐρανὸν
532 1343 632 1397 καὶ
657 1342 913 1407 κτίζοντα
938 1341 1065 1412 γῆν,
1097 1340 1358 1395 ποιοῦντα
1392 1342 1472 1403 είς
1490 1339 1626 1410 ὕψος
1661 1340 1857 1410 κρῖμα,

270 1436 370 1490 καὶ
404 1433 759 1506 δικαιοσύνην
802 1435 883 1498 είς
929 1433 1035 1503 γῆν
1066 1431 1255 1504 ἔθηκε.
1288 1431 1400 1485 Καὶ
1427 1432 1455 1485 ὁ
1488 1429 1698 1500 δαίμων
1724 1430 1860 1500 κρά-

271 1528 382 1595 ζων
409 1523 479 1600 ἦν
507 1527 708 1591 εὐθέως
739 1526 835 1580 καὶ
883 1522 1195 1590 ἀλαλάζων,
1223 1524 1319 1577 καὶ
1349 1522 1535 1577 δίκαιά
1567 1537 1630 1590 γε
1662 1523 1861 1592 πάσχει

276 1617 651 1690 μεγαλοδοῶν.
681 1617 803 1671 Ἵνα
852 1615 906 1671 τί
957 1617 1067 1688 γάρ
1118 1616 1148 1669 ὁ
1210 1612 1568 1683 είδωλοθύτης
1610 1606 1800 1678 οὗτος,
1835 1615 1864 1666 ό

273 1709 499 1781 ἀσεϐὴς,
531 1710 625 1763 καὶ
648 1708 780 1764 ἄλλα
817 1707 1066 1773 τοιαῦτα,
1114 1706 1269 1780 παρά
1309 1705 1373 1759 σὲ
1402 1705 1579 1777 ἤγαγέ
1612 1722 1680 1776 με
1708 1722 1722 1772 ;
1769 1704 1864 1758 καὶ

274 1802 374 1856 νῦν
401 1800 776 1870 κατακαίομαι
818 1801 921 1872 μὲν
948 1798 1081 1870 ἐγὼ,
1115 1800 1199 1855 ὅτι
1234 1796 1653 1871 δημοσιεύονται
1694 1798 1862 1851 πᾶσιν

276 1896 335 1951 αἱ
363 1894 552 1949 τούτου
592 1895 845 1965 πράξεις.

354 2164 495 2215 σκα’.
529 2157 745 2213 Πολλῶν
777 2151 871 2212 οὖν
901 2158 1163 2214 τοιούτων
1210 2158 1317 2214 ὑπὸ
1348 2157 1443 2214 τοῦ
1475 2159 1727 2231 δαίμονος
1775 2160 1864 2214 λε-

280 2252 534 2320 γομένων
563 2292 578 2315 ,
606 2250 701 2305 τοῦ
755 2269 814 2305 τε
846 2252 1069 2324 ῗάνδρὸς
1130 2253 1223 2307 ὑπ’
1270 2253 1438 2308 αὐτοῦ
1476 2254 1728 2326 χαλεπῶς
1762 2255 1868 2309 πά-

282 2363 527 2417 σχοντος,
550 2346 670 2400 οὐδὲ
699 2346 824 2411 τοὺς
849 2347 955 2413 ἔξω
982 2345 1076 2401 τοῦ
1107 2346 1314 2411 πάθους
1358 2347 1623 2420 ἀδακρυτὶ
1654 2348 1870 2416 στέγειν

282 2438 448 2509 ἐπῄει
470 2440 571 2510 τὴν
593 2438 720 2509 ὄψιν
742 2456 757 2471 ο
790 2440 825 2510 ή
856 2439 1043 2510 μέντοι
1071 2439 1211 2511 γυνὴ
1246 2439 1469 2504 τούτους
1497 2439 1594 2494 καὶ
1624 2439 1674 2493 οῖ
1708 2456 1873 2510 προσο

281 2531 533 2602 ήκοντες,
555 2532 709 2596 ὃλους
743 2533 972 2597 ἑαυτοὺς
996 2534 1078 2595 εἰς
1109 2532 1304 2602 ἔδαφος
1337 2532 1617 2605 ῥίψαντες,
1650 2531 1870 2585 κλαίον-

281 2640 378 2687 τες
432 2617 574 2694 ἦσαν
611 2624 706 2677 καὶ
761 2623 960 2694 πικρὸν
1024 2622 1396 2687 ὀλολύζοντες,
1427 2624 1525 2677 καὶ
1574 2622 1728 2688 τίνας
1772 2623 1873 2677 οὐκ

281 2715 527 2776 ἐλεεινάς
586 2716 771 2785 φωνὰς
814 2714 895 2787 τῷ
951 2715 1092 2786 ἁγίῳ
1144 2716 1518 2786 προσάγοντες
1555 2732 1571 2781 ;
1613 2714 1874 2770 Ἐπικλα-

285 2810 438 2873 σθεὶς
467 2804 562 2863 οὖν
607 2810 815 2873 ἐκεῖνος
854 2810 1025 2881 αὐτῷ,
1055 2810 1375 2881 ἐπιτιμήσει
1406 2809 1752 2880 παραχρῆμα
1780 2808 1874 2861 τὸν

282 2901 516 2973 δαίμονα
545 2901 641 2957 τοῦ
679 2903 874 2975 ἀνδρὸς
911 2904 1228 2959 ἀπελαύνει.
1268 2903 1328 2959 Ὀ
1362 2904 1419 2959 δὲ
1455 2903 1711 2975 καθαρῶς
1743 2903 1872 2958 ἐαυ-

285 2996 386 3051 τοῦ
426 2997 521 3051 καὶ
550 2994 659 3049 τῶν
681 2994 898 3050 οἰκείων
936 2995 1215 3066 λογισμῶν
1240 2996 1555 3067 γενόμενος,
1580 2994 1677 3050 καὶ
1712 2994 1876 3063 γνοὺς

284 3090 425 3153 οἵοις
472 3088 563 3143 διὰ
616 3087 709 3142 τὸν
763 3088 1105 3159 προλαϐόντα
1163 3088 1276 3159 βίον
1324 3090 1518 3152 κακοῖς
1596 3087 1874 3153 ὲκδέδοτο,

1957 593 2156 661 eod‘em
2185 602 2458 672 discipulo
2512 602 2569 657 in
2622 604 3158 660 commendationem
3198 604 3303 660 viri
3328 602 3544 676 profer-

1958 706 2177 760 rentur,
2214 696 2429 766 placide
2464 695 2532 749 ad
2555 696 2713 751 illum
2746 711 3052 754 conversus
3074 698 3333 770 Symeon,
3368 697 3541 753 dixit:

1957 790 2076 845 Non
2112 796 2335 859 oportet
2364 787 2493 843 talia
2509 787 2577 842 de
2601 788 2859 859 quopiam
2908 790 3228 845 testimonia
3274 789 3428 854 dare,
3463 798 3546 842 ta-

1959 882 2120 938 metsi
2151 882 2295 936 l'orte
2322 896 2517 935 revera
2559 881 2813 936 subsint:
2840 881 3031 937 desine
3074 882 3264 952 igitur,
3324 880 3400 936 mi
3432 880 3546 935 fra-

1959 983 2063 1038 ter,
2102 988 2224 1043 qucc
2254 972 2475 1043 ignoras
2523 970 2819 1027 aﬂirmare.
2858 972 2927 1027 Et
2958 988 3126 1027 manu
3174 988 3274 1043 per
3318 972 3549 1043 capillos

1960 1064 2159 1135 capitis
2198 1063 2542 1119 sacerdotem
2580 1064 2958 1133 prehendens:
3018 1062 3241 1133 Impure
3283 1078 3347 1118 ac
3378 1062 3544 1116 mali-

1959 1173 2064 1230 gne
2094 1155 2349 1227 spiritus,
2384 1155 2481 1221 ait,
2514 1155 2921 1226 quihominem
2948 1155 3101 1210 hunc
3122 1153 3341 1217 incolis.
3366 1168 3538 1223 argue

1961 1266 2147 1307 coram
2177 1250 2336 1306 hisce
2370 1249 2741 1322 przesentihus
2786 1248 3004 1323 nefaria
3040 1256 3099 1304 et
3149 1247 3340 1318 iniqua
3398 1247 3551 1303 illius

1961 1352 2248 1413 opera;ut
2292 1351 2554 1413 agnoscat
2614 1342 2787 1396 Deum
2847 1356 2969 1397 esse
3027 1340 3325 1397 Dominum
3383 1349 3551 1411 atque

1962 1435 2213 1506 Opiﬁcem
2244 1436 2656 1499 universorum,
2705 1434 2797 1504 qui
2828 1432 3068 1489 ﬁrmavit
3091 1435 3293 1490 coelum
3319 1443 3377 1489 et
3415 1448 3553 1487 eon-

1963 1529 2102 1584 didit
2133 1536 2377 1594 terram;
2415 1531 2507 1595 qui
2540 1526 2963 1597 facitjudicium
3010 1526 3067 1581 in
3092 1526 3335 1587 excelso,
3368 1534 3425 1580 et
3456 1540 3557 1595 po-

1964 1622 2077 1677 suit
2099 1619 2372 1692 justitiam
2401 1617 2457 1672 in
2498 1627 2668 1673 terra.
2700 1618 2769 1673 Et
2801 1617 3018 1673 daemon
3077 1618 3369 1673 clamitans
3403 1615 3553 1671 illico

1963 1723 2130 1784 atque
2167 1712 2384 1784 ejulans
2412 1709 2822 1766 vociferabatur
2848 1708 3040 1781 grandi
3083 1726 3211 1765 cum
3263 1709 3498 1779 strepitu
3537 1722 3551 1762 :

1964 1803 2197 1875 Equum
2222 1805 2430 1875 patitur
2459 1820 2472 1858 :
2511 1819 2612 1859 cur
2644 1805 2793 1859 enim
2824 1803 3116 1858 idololatra
3169 1802 3283 1868 ille,
3316 1801 3409 1856 ille
3456 1816 3555 1856 ve-

1968 1900 2199 1962 neﬁcus,
2229 1899 2321 1954 ille
2349 1898 2643 1969 impostor,
2672 1897 2765 1952 ille
2794 1897 3021 1968 impius,
3053 1904 3249 1966 etqnzc
3266 1902 3554 1966 praeterea,

1969 1991 2037 2048 ad
2080 2000 2131 2048 te
2152 1998 2245 2047 me
2259 1989 2531 2047 adduxit?
2557 1999 2612 2045 et
2640 2005 2791 2045 nunc
2821 2005 2922 2060 ego
2941 1988 3059 2059 ipse
3090 1988 3308 2043 crucior
3335 1985 3555 2053 acerbe,

1968 2082 2116 2155 quod
2151 2083 2301 2139 illius
2329 2092 2484 2155 gesta
2512 2081 2775 2136 omnibus
2805 2079 3101 2135 manifesta
3137 2078 3291 2133 ﬁant.

2040 2177 2167 2232 29.1.
2202 2176 2355 2232 Talia
2392 2176 2564 2247 igitur
2582 2174 2865 2245 multaque
2889 2172 3091 2229 similia
3104 2187 3229 2228 cum
3260 2188 3291 2226 a
3310 2170 3561 2225 daemone

1970 2272 2376 2344 proferrentur,
2467 2268 2924 2337 inferrenturqtte
3018 2265 3231 2321 homini
3287 2261 3559 2333 supplicia

1972 2367 2180 2438 gravia,
2209 2380 2277 2419 ne
2310 2362 2389 2418 illi
2424 2361 2651 2432 quidem
2681 2360 2776 2430 qui
2831 2358 3118 2414 doloribus
3164 2355 3327 2412 vacui
3377 2362 3558 2417 erant,

1976 2466 2283 2526 temperare
2313 2454 2506 2510 oculos
2539 2469 2569 2508 a
2618 2452 2878 2524 laerymis
2930 2460 3194 2522 potuere:
3236 2464 3375 2504 uxor
3409 2457 3561 2503 certe

1973 2560 2030 2606 et
2058 2548 2373 2620 propinqui,
2402 2555 2544 2603 totos
2566 2561 2625 2602 se
2656 2546 2710 2599 in
2740 2545 2916 2601 solum
2943 2552 3380 2615 prosternentes,
3409 2540 3563 2611 plan-

1975 2650 2279 2713 gentesque
2305 2640 2659 2710 etcjulantcs
2681 2636 3065 2699 acerbissime,
3128 2634 3263 2706 quid
3314 2650 3424 2688 non
3482 2632 3565 2685 la-

1979 2731 2363 2787 mentabilinm
2410 2745 2627 2788 vocum.
2672 2744 2862 2784 coram
2923 2736 3114 2782 saneto
3171 2724 3566 2782 eﬂ‘undebant?

1978 2824 2205 2879 Talibus
2271 2822 2506 2877 inflexus
2546 2821 2808 2894 Symeon,
2870 2817 3212 2893 increpando
3258 2816 3567 2870 da-monem

1978 2932 2101 2972 mox
2131 2932 2163 2971 e
2198 2914 2320 2969 viro
2348 2915 2573 2985 expellit
2598 2933 2612 2969 :
2640 2914 2735 2984 qui
2760 2914 2868 2984 jam
2902 2911 3064 2975 liber,
3106 2910 3327 2979 sibique
3384 2917 3441 2963 et
3482 2924 3570 2961 ra-

1981 3008 2119 3066 tioni
2147 3007 2419 3072 redditus,
2442 3022 2507 3062 ae
2536 3006 2710 3078 probe
2749 3004 3067 3075 intelligens
3101 3002 3327 3073 quantis
3374 3002 3429 3056 in
3457 3001 3569 3055 vita

1981 3102 2260 3175 pratteritu
2284 3100 2589 3158 sceleribus
2618 3098 2843 3154 deditus
2876 3097 3095 3161 luisset,
3130 3103 3422 3151 accusator
3481 3095 3569 3151 sui

287 3182 600 3253 κατήγορος
648 3175 717 3253 ἦν
764 3181 930 3245 αὐτὸς
966 3180 1185 3246 ἑαυτοῦ,
1220 3179 1385 3251 μηδὲν
1410 3178 1519 3233 τῶν
1562 3177 1748 3249 κρυφῆ
1777 3195 1877 3231 πε-

1984 3198 2159 3251 laetus
2189 3204 2311 3251 est:
2341 3192 2589 3263 nihilque
2614 3192 2909 3256 scelerum,
2935 3198 3152 3245 secreto
3200 3197 3567 3259 patratorum,

291 3276 650 3348 πραγμὲνων,
705 3276 816 3331 τῶν
860 3277 954 3329 καὶ
987 3274 1082 3329 τοῦ
1113 3275 1298 3330 λαθεῖν
1326 3275 1496 3338 ὅντως
1534 3274 1701 3340 ἀξίων
1736 3273 1880 3327 ὲκεί-

289 3388 402 3425 νων
465 3369 905 3441 παρικατέχωνο
973 3361 1048 3423 ὧν
1107 3367 1226 3423 οὐδὲ
1287 3369 1430 3422 κατά
1492 3366 1658 3439 μέρος
1711 3367 1885 3432 φειδοῖ

289 3461 404 3517 τῶν
450 3461 854 3534 ἀσθενεστέρων
905 3460 1329 3533 μνημονευτέον,
1378 3459 1494 3513 ἀλλ’
1538 3460 1639 3513 οὐκ
1703 3458 1885 3530 εύωρα

291 3555 478 3610 πάντα
524 3554 622 3609 καὶ
669 3554 805 3626 δῆλα
845 3556 967 3618 ταῖς
994 3554 1103 3608 τῶν
1134 3553 1418 3623 παρόντων
1464 3551 1635 3616 τιθεὶς
1671 3552 1886 3616 ἀκοαῖς,

292 3646 509 3703 καὶτοῦ
544 3648 833 3718 μέλλοντος
870 3646 1146 3718 ἐγγυητὴς
1173 3645 1352 3716 ἐαυτῷ
1381 3644 1689 3715 γινόμενος’
1724 3646 1752 3699 ὁ
1788 3644 1888 3716 μὲν

291 3734 390 3796 οὖν
419 3740 616 3808 ἄφεσιν
653 3739 749 3793 ἐπὶ
773 3736 983 3802 τούτοις
1014 3736 1316 3791 ὑπεύθυνον
1361 3736 1641 3807 ἐπιτιμίας
1681 3735 1884 3801 mea»,

294 3834 586 3903 ἐπανήκει.

370 3923 510 4001 σκβθ.
550 3924 779 3994 Ἕτερος
804 3922 862 3976 δέ
884 3940 970 3987 τις
991 3922 1056 3977 ὲκ
1085 3922 1183 3993 τῆς
1220 3922 1491 3995 Ἀντιόχου
1520 3923 1611 3978 καὶ
1639 3923 1742 3994 τῆς
1767 3926 1886 3977 κατ’

295 4014 463 4069 αὐτὸν
505 4013 857 4085 Ἐκκλησίας,
903 4014 1159 4085 Ἰωάννης
1192 4014 1291 4086 τὴν
1335 4013 1527 4075 κλῆσιν
1580 4016 1674 4069 καὶ
1712 4010 1885 4081 οὗτος,

294 4110 360 4165 οὐ
387 4110 685 4183 βλάσφημα
727 4109 887 4181 μόνον
921 4110 1008 4163 ἀεὶ
1038 4110 1177 4164 κατά
1207 4109 1299 4163 τοῦ
1346 4111 1503 4179 ἁγίου
1559 4110 1761 4175 ἐλάλει,
1793 4112 1889 4164 καὶ

293 4202 512 4274 τρυφὴν
552 4202 853 4257 ἀκολάστου
897 4202 1145 4273 γλώττης
1182 4203 1283 4267 τὰς
1310 4204 1389 4267 είς
1422 4202 1585 4256 αὐτὸν
1620 4204 1889 4272 λοιδορίας

296 4295 597 4366 πεποίητο·
627 4295 762 4350 ἀλλά
784 4296 877 4349 καὶ
905 4296 1067 4367 μέχρι
1089 4296 1346 4350 τοσούτου
1374 4296 1569 4366 μανίας
1595 4296 1885 4365 προῆλθεν,

296 4390 377 4453 ὡς
424 4388 521 4442 καὶ
576 4387 769 4460 ὕϐρεσι
825 4388 1265 4460 φλεγμαίνουσαν
1308 4388 1596 4459 ἐπιστολὴν
1638 4389 1694 4459 (δι
1748 4389 1889 4442 πόσα

296 4480 507 4553 τολμᾷν
535 4475 643 4534 οἶδε
676 4481 866 4547 κακία,
898 4481 995 4535 καὶ
1020 4480 1161 4535 κατὰ
1193 4479 1294 4550 τῆς
1322 4480 1579 4551 ἀληθείας
1616 4481 1885 4535 νεανιεύε-

300 4574 460 4628 σθαιι
485 4573 645 4645 )πρὺς
674 4572 837 4627 αὑτὸν
865 4573 1183 4627 ἀποστεῖλαι
1203 4588 1217 4603 ⁶
1248 4574 1314 4641 ἣν
1338 4574 1544 4635 ἐκεῖνος
1576 4572 1886 4639 δεξάμενος,

300 4666 401 4722 καὶ
446 4665 523 4737 τῷ
562 4666 835 4736 πνεύματι
891 4665 1075 4734 γνοὺς,
1111 4664 1186 4728 ὡς
1224 4664 1324 4717 οὐκ
1367 4665 1432 4718 άν
1474 4680 1604 4716 ποτε
1647 4664 1893 4727 παιδείας

300 4759 478 4831 χωρὶς
515 4757 610 4811 καὶ
638 4757 812 4811 ταῦτα
851 4755 1278 4827 παραμενούσης
1313 4759 1409 4809 καὶ
1441 4755 1895 4825 ύπομιμνησκού-

303 4869 409 4922 σης
459 4849 762 4922 μετάθηται
809 4850 948 4921 πρὸς
985 4849 1046 4903 τὸ
1074 4848 1305 4914 βέλτιον,
1336 4848 1445 4903 τῶν
1492 4847 1753 4919 μαθητῶν
1800 4847 1895 4900 ἕνα

301 4944 563 5010 καλέσας,
601 4944 813 5008 Ἀπιθι,
841 4942 996 5013 φησὶ,
1028 4940 1180 5015 παρά
1201 4940 1299 5012 τὴν
1345 4941 1618 5012 Ἀντιόχου
1645 4941 1778 5013 πρὸς
1806 4941 1897 4993 τὸν

301 5038 554 5094 διάκονον
613 5036 889 5106 Ἰωάννην,
925 5036 1022 5089 xal.
1051 5034 1178 5089 τάδε
1218 5034 1368 5106 αύτῷ
1420 5033 1778 5103 ἀπάγγειλον,
1821 5032 1897 5096 ὡς

303 5126 643 5201 παρ’ἠμῶν,
684 5128 903 5198 Ἐπειδὴ
940 5128 1208 5198 συμφέρει
1232 5130 1296 5199 τῇ
1330 5127 1475 5199 ψυχῇ
1504 5144 1598 5180 σου
1628 5143 1897 5179 ταπεινω-

304 5222 469 5293 θῆναί
518 5238 579 5275 σε
626 5219 714 5274 διὰ
766 5219 864 5291 τὴν
916 5220 1116 5290 πολλὴν
1147 5221 1247 5292 τῆς
1279 5202 1534 5290 γλώσσης
1577 5217 1894 5285 ἀκολασίαν,

308 5316 421 5371 ίδοὺ
450 5313 727 5368 ἐκδέδοσαι
767 5313 1003 5384 δαίμονι,
1040 5314 1099 5377 ὃς
1132 5314 1217 5366 διὰ
1249 5314 1431 5384 πάσης
1484 5330 1578 5369 σου
1614 5312 1713 5383 τῆς
1753 5311 1897 5380 ζωῆς

306 5410 465 5462 ἔσται
517 5404 789 5460 παιδεύων
848 5423 929 5460 σε.
988 5406 1175 5460 Ταῦτα
1231 5404 1364 5476 ὁμοῦ
1418 5422 1478 5458 τε
1539 5405 1674 5476 πρὸς
1734 5404 1899 5458 αὑτὸν

306 5503 521 5573 εἰρήκει
550 5498 820 5571 μαθητὴς,
854 5504 950 5553 καὶ
988 5500 1195 5572 δαίμων
1234 5500 1312 5572 τῷ
1357 5498 1513 5570 ἀνδρὶ
1551 5498 1746 5570 ἀθρόον
1781 5501 1901 5551 ἐπι-

307 5595 582 5666 πηδήσας,
611 5592 849 5657 ὠλόλυζε
889 5593 957 5647 δι’
993 5592 1181 5660 αὑτοῦ,
1234 5596 1329 5651 καὶ
1358 5596 1439 5658 εἰς
1461 5593 1566 5666 γῆν
1595 5594 1686 5647 τὸν
1716 5592 1900 5647 ἄθλιον

307 5688 690 5759 κατεῤῥίπτει,
723 5685 818 5741 καὶ
859 5686 959 5739 ὃσα
1003 5686 1113 5739 τῶν
1140 5686 1520 5757 δαιμονῶντων
1547 5686 1790 5757 ἀκριϐῶς
1823 5686 1901 5739 δι-

308 5780 501 5835 ετίθει.

387 5878 526 5941 σκγ’.
564 5872 627 5927 Ἦ
677 5872 815 5943 γυνὴ
854 5870 1032 5926 τοίνυν
1088 5869 1179 5925 τοῦ
1218 5871 1463 5925 διακόνου
1515 5870 1607 5925 καὶ
1650 5874 1695 5926 οἱ
1728 5889 1896 5943 προσ-

1916 4543 1966 4602 D

1983 3304 2180 3345 eorum
2227 3286 2396 3342 etiam
2444 3300 2567 3356 qna:
2610 3295 2880 3341 mternum
2929 3284 3102 3341 latere
3150 3281 3574 3339 convenientius

1985 3390 2125 3442 erat,
2154 3391 2387 3447 quaeque
2412 3391 2443 3432 a
2470 3375 2631 3432 nobis
2664 3375 3044 3447 particulatim
3077 3375 3149 3430 ob
3177 3372 3573 3429 verecundiam

1988 3467 2416 3524 imbecilliornm
2453 3466 2807 3522 memoranda
2840 3481 2949 3522 non
2987 3474 3137 3532 sunt,
3167 3464 3391 3521 silentio
3414 3477 3573 3533 pres-

1987 3561 2094 3625 sit;
2136 3559 2231 3615 sed
2265 3561 2451 3614 oamia
2482 3559 2634 3613 nullo
2657 3568 2889 3628 excepto
2922 3558 3099 3629 palam
3125 3564 3181 3613 et
3211 3565 3401 3627 aperta
3431 3571 3574 3626 prae-

1989 3653 2235 3710 sentium
2264 3652 2494 3707 auribus
2526 3651 2775 3721 ingessit,
2820 3650 2998 3706 factus
3029 3650 3295 3720 deinceps
3325 3648 3433 3705 sibi
3455 3649 3574 3719 ipse

1988 3760 2205 3801 censor.
2238 3744 2636 3799 “emissionem
2675 3743 2832 3813 igitur
2863 3742 2935 3798 ob
2976 3741 3177 3797 delicta
3220 3755 3347 3797 eum
3393 3738 3575 3810 paeni-

1994 3837 2162 3893 tentia
2197 3837 2545 3907 conjunctam
2568 3834 2870 3904 accipiens,
2906 3848 3164 3890 reversus
3185 3841 3290 3889 est.

2060 3928 2185 3983 222.
2225 3928 2383 3983 Alius
2407 3926 2632 3997 quidam
2664 3925 2973 3983 Antiochia:
3007 3925 3299 3989 oriundus.
3340 3929 3574 3999 ejusque

1992 4019 2254 4075 Ecclesia:
2290 4017 2561 4081 minister,
2590 4017 2831 4073 Joannes
2858 4017 3047 4072 itidem
3077 4018 3283 4085 dictus,
3314 4035 3423 4075 non
3458 4035 3579 4075 mo-

1991 4113 2063 4169 do
2098 4111 2470 4183 blaSphcmias
2502 4118 2696 4167 contra
2724 4119 2977 4169 sanctum
3013 4110 3301 4166 eﬂ'utiebat
3334 4128 3577 4182 semper,

1990 4214 2047 4259 el.
2094 4204 2297 4274 linguze
2330 4201 2752 4273 intemperantis
2797 4201 3166 4258 contumelias
3208 4219 3311 4274 pro
3364 4188 3583 4259 deliciis

1993 4296 2261 4363 habebat;
2288 4295 2604 4366 quinetiam
2641 4310 2708 4350 co
2740 4293 2967 4373 insania:
2994 4297 3284 4365 processit,
3320 4304 3382 4351 ut
3410 4298 3582 4353 refer-

1994 4396 2102 4444 tam
2143 4390 2359 4463 injuriis
2392 4389 2680 4461 epistolam
2714 4384 2940 4457 (quanta
2990 4389 3131 4444 solet
3175 4389 3383 4445 audere
3424 4391 3581 4445 mali-

1996 4485 2092 4549 tia,
2125 4492 2183 4539 et
2225 4493 2432 4539 temere
2476 4493 2668 4538 contra
2698 4481 2992 4536 veritatem
3028 4482 3271 4553 moliri!)
3301 4484 3368 4538 ad
3402 4484 3583 4553 ipsum

1993 4579 2257 4634 mitteret.
2294 4576 2444 4631 Hane
2478 4575 2567 4630 ille
2606 4572 2905 4649 accipiens,
2939 4585 2997 4629 et
3029 4574 3226 4644 spiritu
3250 4576 3581 4646 praevidens,

1994 4668 2275 4740 quomodo
2310 4683 2409 4737 per
2439 4666 2544 4720 hoc
2574 4665 2894 4735 aliquando,
2925 4682 3037 4720 non
3080 4666 3202 4722 sine
3224 4668 3584 4739 castigatione

1994 4761 2205 4817 diutius
2242 4765 2601 4830 permanente
2647 4768 2704 4813 et
2736 4759 3009 4815 scelerum
3058 4760 3381 4817 memoriam
3418 4776 3583 4814 renn-

1995 4859 2181 4916 vante,
2237 4850 2645 4906 convertendus
2699 4850 2767 4905 ad
2826 4852 3112 4908 meliorem
3161 4852 3371 4923 frugem
3415 4861 3582 4919 esset,

1997 4945 2269 4999 advocato
2319 4942 2537 4998 cuidam
2569 4944 2639 4998 ad
2670 4959 2729 5000 se
2762 4943 3037 5015 discipulo
3071 4944 3208 4999 dicit
3241 4962 3253 4998 :
3282 4943 3445 5000 Abite
3475 4944 3588 4999 An-

1999 5038 2261 5094 tiochiam
2297 5037 2365 5092 ad
2405 5037 2698 5093 diaconum
2750 5038 3044 5101 Joannem,
3084 5048 3141 5093 et
3190 5037 3308 5093 haec
3366 5036 3444 5091 illi
3501 5052 3590 5091 rc-

1997 5130 2251 5186 nuntiato
2279 5144 2402 5185 meo
2434 5130 2659 5185 nomine
2689 5147 2703 5183 :
2739 5128 3012 5196 Quoniam
3044 5129 3270 5199 expedit
3308 5128 3587 5183 humiliari

2000 5236 2053 5280 te
2088 5225 2254 5281 corde
2282 5233 2509 5295 propter
2552 5224 2782 5278 nimiam
2820 5222 3019 5294 lingua:
3064 5222 3584 5293 intemperantiam;

1999 5332 2130 5373 ecce
2186 5316 2424 5371 traditus
2465 5315 2705 5371 daemoni
2752 5331 2833 5383 es,
2865 5316 2960 5387 qui
3012 5331 3112 5386 per
3156 5329 3376 5369 omnem
3420 5313 3588 5369 vitam

2000 5410 2291 5480 castigabit
2321 5418 2394 5464 te.
2425 5408 2601 5463 Simul
2632 5416 2797 5478 atque
2827 5407 2946 5461 haec
2974 5404 3227 5460 edixerat
3259 5399 3585 5472 discipulus,

2003 5507 2231 5569 repente
2290 5513 2529 5569 nequam
2580 5496 2810 5568 spiritus
2868 5493 2926 5549 in
2982 5492 3266 5547 hominem
3316 5491 3586 5555 insiliens,

2002 5590 2409 5646 vociferabatur
2465 5606 2566 5660 per
2626 5605 2689 5645 os
2740 5586 2935 5657 ipsius,
2996 5584 3263 5639 miserum
3317 5581 3592 5653 amigebat

2005 5680 2178 5746 humi,
2225 5687 2280 5735 et
2326 5696 2449 5749 quae
2497 5677 2849 5737 dmmoniacis
2903 5676 3128 5732 evenire
3178 5673 3359 5729 solent
3420 5672 3591 5741 probe

2004 5774 2428 5844 exsequebatur.

2074 5869 2199 5925 2'25.
2243 5867 2455 5942 Conjux
2524 5867 2689 5939 igitur
2754 5874 2810 5923 et
2878 5861 3277 5938 consanguinei
3331 5858 3588 5923 diaconi,
