4006 6498
555 360 692 428 3191

1768 366 1829 425 S.
1870 359 2251 425 SYMEUNIS
2285 362 2648 424 JUNIOBIS

3670 360 3793 426 3192

553 490 773 547 penam
822 474 941 545 ejus
990 480 1311 544 reputantes
1343 487 1521 539 suam,
1573 479 1629 528 et
1660 474 1917 530 acerbius
1965 476 2130 529 etiam

2242 474 2486 544 ήκοντες,
2533 475 2730 527 οἰκεῖον
2770 471 2832 524 τὸ
2867 470 3077 525 ἐκείνου
3122 468 3296 532 πάθος
3348 468 3677 538 ποιούμενοι,
3713 480 3794 530 καὶ

551 580 718 635 quam
769 563 887 634 ipse
932 564 1186 631 cruciati,
1244 563 1548 619 ascendunt
1591 580 1717 620 eum
1765 565 1859 619 illo
1909 565 1978 620 ad
2026 565 2128 637 Sy-

556 670 833 717 meonem,
884 655 1226 725 plangentes,
1268 655 1643 724 procidentes,
1696 664 2009 726 precantes.
2070 663 2131 711 ut

551 746 846 800 miseratus
908 747 1274 802 calamitatem
1330 761 1523 811 suam,
1587 746 1862 803 infelicem
1917 748 2051 802 velit
2098 764 2129 802 a

551 836 841 891 vexatione
888 836 1152 891 daamonis
1200 836 1455 892 liberare.
1493 836 1690 893 Verum
1718 839 1809 893 ille
1849 848 2134 894 mansueta

553 942 685 981 voce
734 927 802 981 ad
856 926 1151 982 diaconum
1202 944 1398 983 versus
1438 928 1739 999 :Expedit,
1800 930 1896 994 ait,
1938 932 2136 985 anima:

554 1026 661 1073 tua:
698 1026 751 1074 te
794 1035 904 1073 non
944 1019 1168 1075 liberari
1205 1038 1218 1074 :
1261 1036 1440 1091 neque
1488 1022 1635 1075 enim
1677 1022 1851 1076 dolori
1893 1038 1994 1077 suo
2032 1023 2134 1077 ob-

554 1112 892 1180 sequebatur
950 1113 1034 1166 vir
1092 1113 1347 1167 omnibus
1402 1115 1762 1182 compatiens,
1815 1128 1941 1167 cum
1990 1124 2137 1170 esset

554 1203 711 1269 quasi
766 1201 1121 1271 impassibilis
1169 1202 1311 1257 :sed
1367 1202 1638 1273 potiorem
1699 1202 1895 1258 animae
1944 1220 2135 1259 curam

554 1291 802 1362 gerebat,
855 1300 1046 1361 utpote
1098 1293 1279 1347 sciens
1326 1292 1739 1348 infirmitatibus
1804 1294 2137 1361 animarum,

554 1380 809 1448 quamvis
845 1389 900 1436 et
953 1381 1074 1435 aliis
1108 1381 1297 1440 etiam.
1341 1398 1505 1451 quam
1537 1382 1869 1438 dexterrime
1903 1384 2135 1439 mederi.

556 1467 629 1527 Ut
660 1472 822 1536 scias,
878 1472 1079 1542 inquit,
1136 1472 1396 1542 potentiae
1440 1471 1639 1528 divinae
1672 1473 1725 1527 id
1778 1490 1920 1540 esse,
1972 1492 2137 1546 quam

554 1571 615 1619 tu
678 1564 947 1620 hactenus
1005 1565 1291 1619 oﬂ‘endens
1342 1564 1655 1635 ignorabas,
1711 1566 1777 1620 ad
1831 1567 2137 1622 curandum

555 1656 893 1727 pertinacem
936 1656 1315 1711 inﬁdelitatem
1350 1666 1536 1724 tuam;
1578 1658 1801 1723 mando,
1836 1659 1890 1713 in
1914 1661 2137 1715 nomine

557 1744 709 1801 illius
760 1746 1091 1802 inhabitanti
1140 1748 1197 1802 in
1247 1756 1300 1802 te
1340 1747 1597 1814 daemoni,
1629 1749 1989 1821 quadraginta
2019 1751 2137 1806 dies

556 1838 897 1910 totidemque
948 1849 1140 1894 noctes
1185 1838 1414 1894 missum
1469 1849 1523 1895 te
1572 1840 1758 1896 faciat.
1806 1841 1961 1908 Quod
2010 1859 2136 1898 cum
2168 1821 2213 1877 Β

552 1931 707 2003 juxta
741 1931 1060 1986 mandatum
1106 1932 1225 2003 ejus
1274 1931 1588 1999 accidisset,
1632 1934 1820 2005 elapso
1858 1936 2139 2007 trigesimo

556 2038 705 2080 nono
756 2024 845 2081 die
901 2024 1137 2079 redeunt
1191 2025 1353 2079 simul
1420 2025 1569 2095 ipse,
1620 2027 1848 2098 conjux,
1911 2030 2133 2099 prepin~

555 2115 674 2186 qui,
729 2115 1103 2171 omnimodam
1163 2115 1553 2171 liberationem
1603 2126 1875 2187 petentes.
1924 2118 1995 2174 At
2046 2120 2137 2175 ille

552 2208 649 2280 qui
706 2209 1013 2263 animarum
1057 2209 1220 2265 saluti
1271 2226 1491 2281 semper
1526 2209 1786 2266 studebat
1838 2212 2134 2283 praecipue,

552 2300 725 2372 probe
758 2316 1098 2373 cognoscens
1141 2301 1338 2359 anima:
1367 2304 1486 2374 ejus
1524 2303 1780 2374 expedite
1810 2304 1954 2360 hanc
1976 2306 2141 2361 casti-

553 2392 852 2463 gationem,
907 2409 1014 2447 non
1048 2410 1307 2450 assensus
1359 2404 1445 2450 est
1478 2396 1733 2466 petitioni
1769 2395 2011 2455 illorum.
2041 2397 2138 2453 sed

552 2493 617 2540 ut
670 2485 1011 2542 moderatior
1064 2487 1427 2558 imposterum
1483 2489 1626 2544 foret
1696 2490 1961 2546 daemonis
2024 2492 2139 2545 vio-

554 2572 727 2628 lentia
782 2574 1079 2631 concessit.
1132 2574 1334 2646 Sicque
1386 2593 1817 2648 energumenus,
1870 2579 2135 2649 perfecta,

552 2672 617 2719 ut
668 2665 913 2736 optabat,
948 2668 1234 2723 sanatione
1282 2684 1391 2723 non
1422 2669 1732 2739 impetrata.
1781 2681 2010 2727 mmstus
2050 2689 2133 2728 re-

553 2757 742 2813 cessit.

622 2868 750 2924 224.
791 2869 1115 2926 Anastasius
1155 2869 1381 2940 quidam
1417 2871 1802 2939 scholasticus,
1848 2874 2139 2932 Antiochia

554 2961 811 3017 similiter
841 2962 1130 3027 oriundus,
1167 2962 1254 3017 vir
1297 2963 1495 3033 lingua:
1527 2980 1761 3034 nequam
1792 2981 1855 3020 ac
1886 2968 2138 3037 petulan-

554 3054 647 3120 tis,
695 3069 762 3109 eo
795 3063 1045 3110 evaserat
1079 3064 1271 3109 contra
1317 3064 1569 3110 sanctum
1628 3058 1900 3120 amentiae.
1949 3068 2045 3114 aut
2087 3060 2134 3115 si

2238 565 2441 635 μᾶλλον
2474 563 2625 618 αὐτοὶ
2653 562 2956 633 πάσχοντες
2985 560 3083 623 τὰς
3109 559 3309 630 ψυχὰς,
3336 559 3521 613 ἀνίασι
3555 560 3647 612 σὺν
3669 563 3795 632 αὑτῷ

2235 658 2373 728 πρὸς
2398 656 2490 710 τδν
2520 654 2766 727 Συμεὼν,
2785 654 3049 725 δεόμενοι,
3074 650 3420 723 θρηνοῦντες,
3448 653 3794 721 προσπίπτον-

2235 766 2348 811 τες,
2393 746 2742 817 οἰκτείραντα
2789 746 2886 816 τῆς
2932 746 3217 813 συμφορᾶς
3264 744 3462 808 αὐτοὺς
3504 746 3603 811 τῆς
3639 745 3697 798 ὲκ
3717 746 3794 799 τοῦ

2235 838 2490 907 δαίμονος
2519 838 2726 889 ἐκεῖνον
2751 834 3014 906 ἐπηρείας
3039 835 3263 889 ἀνεῖναι.
3300 834 3359 887 Ὀ
3384 834 3465 896 δὲ,
3510 834 3667 886 Ἀλλὰ
3690 851 3796 901 συμ-

2238 928 2392 999 φέρει
2430 930 2493 999 τῇ
2528 927 2671 998 ψυχῇ
2706 943 2800 979 σου
2833 926 2909 997 μὴ
2945 926 3201 996 ἀνεθῆναί
3240 942 3323 990 σε,
3354 926 3550 997 πράως
3583 926 3708 996 πρὸς
3725 927 3797 979 τὸν

2237 1015 2482 1070 διάκονον
2540 1017 2645 1087 έφη
2670 1033 2683 1046 ·
2741 1017 2862 1071 ούδέ
2904 1018 3013 1087 γὰρ
3056 1018 3256 1071 οἰκεῖον
3305 1017 3553 1086 ἐπλήρου
3590 1016 3798 1080 πάθοςὸ

2240 1107 2554 1179 συμπαθὴς,
2590 1108 2623 1179 ἦ
2668 1110 2763 1163 xui.
2811 1107 3029 1180 ἀπαθὴς
3076 1107 3501 1178 τάληθέστερον,
3549 1106 3681 1160 ἀλλά
3719 1110 3798 1178 τῆς

2239 1201 2450 1254 ἐκείνου
2511 1201 2693 1269 ψυχῆς
2734 1200 2959 1270 ἐκήδετο
3013 1198 3237 1269 μᾶλλον,
3281 1199 3309 1251 ό
3356 1198 3509 1270 πάθη
3558 1199 3733 1268 ψυχῶν
3761 1201 3799 1252 εἰ

2242 1292 2334 1347 καί
2360 1311 2413 1345 τι
2438 1292 2585 1356 ἄλλο,
2610 1292 2812 1362 ἄριστα
2840 1290 3165 1360 θεραπεύειν
3210 1291 3419 1353 ἐκεῖνος
3444 1289 3625 1355 εἰδὼς,
3653 1290 3719 1353 ὡς
3746 1291 3797 1344 ἂν

2242 1385 2404 1455 εἰδῇς,
2441 1385 2624 1454 φησὶν,
2661 1384 2742 1437 ὅτι
2775 1383 3003 1452 δύναμις
3028 1381 3165 1435 Θεοῦ
3189 1384 3359 1445 ἐστιν,
3455 1382 3522 1434 σὺ
3551 1382 3704 1452 μέχρι
3724 1383 3799 1435 νῦν

2243 1476 2603 1547 προσκύπτων
2638 1474 2875 1546 ἠγνόεις,
2911 1474 2995 1526 ἵνα
3024 1471 3120 1527 xui.
3155 1471 3217 1524 τὸ
3253 1471 3390 1524 πολὺ
3433 1472 3540 1541 τῆς
3572 1472 3799 1537 ἀπιστίας

2242 1566 2404 1623 αὑτοῦ
2432 1568 2612 1633 ποσῶς
2644 1566 2979 1640 θεραπεύσῃ,
3017 1563 3383 1637 παραγγέλλω
3410 1565 3473 1617 ἐν
3503 1563 3582 1635 τῷ
3607 1562 3800 1635 ὀνόματι

2242 1662 2407 1716 αὑτοῦ
2436 1661 2512 1733 τῷ
2543 1660 2839 1716 ἐνοικοῦντί
2874 1677 2956 1713 σοι
2982 1659 3220 1731 δαίμονι,
3249 1657 3660 1729 τεσσαράκοντα
3687 1658 3802 1728 ἠμέ-

2248 1770 2349 1824 ρας
2382 1754 2477 1806 xui.
2503 1751 2707 1817 νύκτας
2741 1752 2863 1815 ῐσας
2884 1749 3177 1820 ἀφέξεσθαί
3211 1766 3326 1803 σου.
3364 1749 3550 1819 Ὅπερ
3571 1742 3659 1801 οὖν
3685 1748 3801 1800 κατὰ

2241 1844 2302 1897 τὸ
2343 1843 2505 1897 αὑτοῦ
2542 1843 2823 1913 ἐπίταγμα
2869 1840 3113 1909 γεγονὸς,
3166 1840 3305 1911 μετὰ
3348 1841 3451 1912 τὴν
3500 1840 3689 1909 ἐνάτην
3726 1838 3801 1893 ἐπὶ

2240 1936 2532 2008 τριάκοντα
2551 1930 2687 2006 ἦκεν
2720 1933 2855 2004 όμοῦ
2882 1932 3105 2001 γυναικὶ
3128 1934 3221 1985 καὶ
3246 1935 3619 2000 προσήκουσιν
3648 1928 3796 2000 αὖθις,

2240 2027 2560 2098 ἀπαλλαγὴν
2597 2026 2813 2081 τελείαν
2844 2025 3142 2088 αἰτοῦντες.
3191 2024 3249 2077 Ὀ
3288 2024 3346 2078 δὲ
3392 2024 3691 2077 λυσιτελεῖν
3718 2026 3796 2078 αὐ-

2238 2117 2334 2172 τοῦ
2379 2121 2445 2187 τῇ
2481 2120 2625 2190 ψυχῇ
2672 2117 2772 2188 τὴν
2818 2118 3078 2173 παιδείαν
3117 2117 3295 2184 εἰδὼς,
3325 2111 3371 2186 ᾧ
3406 2118 3506 2171 καὶ
3534 2118 3711 2189 ψυχῶν
3744 2113 3797 2189 ἦν

2241 2210 2330 2264 ἀεὶ
2374 2211 2618 2282 σωτηρία
2667 2210 2728 2263 τὸ
2761 2210 3217 2282 σπουδαζόμενον,
3250 2210 3412 2264 τοῦτο
3449 2211 3551 2281 μὲν
3581 2212 3676 2264 οὐκ
3708 2212 3798 2264 ἀπ’

2242 2304 2479 2369 ένευσεν,
2505 2304 2621 2359 ἀλλ’
2653 2305 2794 2359 ὥστε
2835 2306 3212 2378 μετριωτέραν
3252 2306 3406 2378 αὑτῷ
3436 2308 3575 2377 πρὸς
3614 2306 3671 2359 τὸ
3696 2304 3797 2375 έξῆς

2240 2395 2462 2450 ἔσεσθαι
2498 2397 2700 2467 μᾶλλον
2726 2397 2820 2452 τοῦ
2849 2398 3099 2469 δαίμονος
3120 2398 3219 2469 τὴν
3249 2400 3524 2471 ἐπήρειαν
3552 2397 3643 2452 xui.
3667 2399 3693 2449 ὁ
3718 2398 3797 2466 μὲν

2239 2491 2299 2545 οὐ
2330 2492 2562 2557 τελείας,
2597 2491 2674 2557 ὡς
2702 2490 2955 2545 ἐδούλετο
2984 2491 3081 2561 τῆς
3110 2491 3379 2562 αἰτήσεως
3417 2490 3621 2561 τυχὼν,
3658 2489 3796 2559 ἀπῄει

2241 2584 2488 2652 στυγνός.

2311 2857 2444 2911 σκδ’.
2495 2857 2848 2922 ’Λναστάσιος
2895 2856 2951 2911 δέ
2998 2874 3081 2922 τις
3132 2855 3530 2928 Σχολαστικδς,
3564 2853 3621 2907 τὸ
3670 2852 3795 2920 γένος

2269 2952 2581 3021 Δντιοχεὺς,
2609 2950 2787 3021 φαύλη
2827 2949 3050 3018 γλῶσσα
3090 2950 3184 3003 καὶ
3219 2948 3485 3017 ἀσελγὴς,
3519 2949 3597 3007 είς
3633 2946 3789 2999 τοσοῦ-

2239 3061 2331 3096 τον
2363 3042 2531 3112 ἤλασε
2566 3043 2706 3097 κατὰ
2752 3041 2845 3095 τοῦ
2896 3042 3052 3110 ἁγίου
3101 3040 3383 3103 ἀπονοίας,
3440 3042 3493 3093 εἰ
3526 3039 3581 3092 δὲ
3621 3037 3791 3109 βούλει,

554 3145 786 3202 mavelis
832 3145 1060 3210 furoris,
1110 3162 1234 3216 qua:
1279 3160 1381 3199 vox
1435 3146 1603 3200 etiam
1658 3150 1976 3217 expressius
2014 3167 2129 3206 rem

2244 3135 2438 3204 μανίας
2473 3133 2522 3206 (ὃ
2553 3133 2649 3187 xui.
2709 3133 3134 3203 συγγενέστερον
3168 3134 3368 3204 μᾶλλον
3403 3133 3489 3204 τῷ
3548 3133 3792 3205 πράγματι

554 3237 825 3308 designat,
878 3245 940 3293 ut
971 3237 1306 3293 mirabilium
1351 3254 1381 3292 a
1412 3247 1603 3292 sancto
1635 3248 1978 3309 patratorum
2010 3258 2139 3313 ope-

555 3344 681 3383 rum
714 3338 997 3385 auctorem
1045 3347 1155 3385 non
1205 3331 1400 3399 Deum,
1445 3331 1542 3387 sed
1592 3332 1856 3403 pessimus
1876 3335 2138 3403 quasdam

557 3431 703 3477 artes
752 3423 1075 3477 eorumdem
1115 3422 1424 3480 effectrices
1454 3440 1575 3480 esse
1610 3425 1802 3480 inscite
1856 3427 2137 3497 stulteque

556 3512 876 3569 blateraret.
927 3514 1084 3582 Quod
1133 3514 1226 3568 ubi
1281 3515 1351 3570 ad
1403 3531 1567 3571 aures
1598 3516 1771 3570 sancti
1811 3517 1954 3572 fama
2009 3534 2139 3587 per-

556 3603 728 3659 latum
750 3612 855 3667 est,
886 3604 1367 3659 commiseratione
1399 3605 1545 3658 illius
1577 3614 1772 3671 tactus,
1822 3608 2140 3663 conversio-

556 3711 683 3749 nem
722 3696 1165 3767 prazstolabatur,
1218 3697 1297 3751 uti
1346 3698 1432 3751 lex
1463 3698 1559 3751 Dei
1612 3698 1863 3754 homines
1906 3702 2139 3757 amantis

554 3789 730 3865 jubet.
785 3789 986 3844 Verum
1027 3790 1177 3844 enim
1218 3805 1349 3844 vero
1394 3800 1748 3859 posteaquam
1798 3794 2138 3861 pertinacem

554 3880 734 3945 illum,
767 3878 1007 3933 divinam
1038 3895 1172 3934 vero
1216 3878 1686 3949 longanimitatem
1725 3882 1988 3951 longioris
2020 3899 2137 3938 mo-

555 3987 632 4027 rae
654 3972 1052 4042 impatientem,
1083 3971 1445 4041 strictumque
1473 3972 1585 4043 jam
1618 3974 1845 4029 rutilare
1874 3975 2136 4045 gladium,

552 4070 611 4120 et
636 4080 823 4119 arcum
855 4074 1045 4119 contra
1074 4063 1354 4119 hominem
1414 4073 1652 4129 tensum,
1691 4074 1988 4136 parataque
2017 4083 2139 4123 esse

552 4169 683 4210 vasa
706 4154 901 4210 mortis
944 4153 1346 4225 deprehendit;
1392 4154 1793 4225 discipulorum
1822 4159 2137 4227 quempiam

553 4243 831 4305 advocans
865 4244 1005 4315 (erat
1059 4254 1243 4299 autem
1278 4259 1473 4315 magna
1517 4244 1609 4299 illa
1639 4245 1778 4323 dies,
1808 4263 1916 4317 qua
1946 4249 2138 4319 mysti-

555 4351 677 4391 cam
724 4334 979 4391 Christus
1021 4351 1237 4391 cmnam
1294 4335 1554 4400 instituit,
1611 4351 1719 4405 qua
1775 4337 2135 4395 lavandorum

552 4427 755 4503 pedum
786 4428 1154 4484 ministerium
1186 4427 1381 4495 obivit,
1422 4442 1529 4498 qua
1564 4444 1666 4500 pro
1697 4428 1858 4485 nobis
1901 4431 2136 4487 traditus

2250 3227 2465 3298 ὄνομα),
2525 3228 2599 3291 ὡς
2634 3227 2771 3299 μηδὲ
2808 3226 2940 3280 Θεὸν
3008 3230 3120 3291 τοῖς
3168 3227 3496 3298 παραδόξως
3543 3230 3630 3281 ὑπ’
3661 3224 3791 3281 αὑτοῦ

2243 3320 2611 3390 τελουμένοις,
2649 3321 2785 3375 ἀλλά
2818 3339 2938 3376 τινα
2979 3323 3220 3392 πονηράν
3266 3323 3555 3393 ἐνέργειαν
3592 3323 3791 3389 ἀνοήτως

2246 3411 2629 3483 ἐπιφημίζειν.
2677 3414 2855 3484 Ὅπερ
2916 3413 3007 3466 τὸν
3040 3412 3181 3466 θεῖον
3239 3413 3411 3484 ἄνδρα
3468 3414 3787 3485 μανθάνοντα,

2247 3506 2477 3575 πάσχειν
2528 3505 2628 3575 μὲν
2679 3504 2821 3575 ὑπὲρ
2863 3505 2959 3558 τοῦ
3009 3504 3238 3573 ἀδελφοῦ
3268 3506 3365 3578 τὴν
3400 3506 3605 3577 ψυχὴν,
3624 3503 3788 3573 ὰναμί·

2245 3615 2356 3652 νειν
2387 3598 2444 3651 δὲ
2468 3597 2617 3668 ὅμως
2648 3596 2813 3650 αὐτοῦ
2844 3596 2942 3668 τὴν
2974 3598 3332 3668 ἐπιστροφὴν,
3365 3598 3515 3670 ὅπερ
3546 3598 3608 3668 δὴ
3638 3596 3788 3667 φιλανθ

2247 3691 2495 3763 θρωπίας
2556 3690 2691 3745 Θεοῦ
2751 3689 2937 3759 νόμος.
2976 3689 3064 3752 Ὦς
3110 3689 3168 3743 δὲ
3199 3689 3292 3743 τὸν
3345 3690 3452 3758 μὲν
3506 3690 3788 3759 ἐπιμένοντα

2246 3782 2414 3855 ἐώρα,
2449 3783 2549 3855 τὴν
2608 3782 2759 3835 θείαν
2807 3782 2991 3835 οὐκέτι
3050 3781 3441 3853 μακροθυμίαν
3474 3782 3786 3853 ἁνεχομένῃν,

2245 3878 2381 3932 ἀλλὰ
2435 3878 2533 3932 xui.
2587 3876 2982 3947 στιλὸουμένην
3037 3876 3140 3947 ἤδη
3199 3875 3508 3947 ῥομφαίαν,
3543 3877 3631 3930 καὶ
3664 3874 3785 3939 τόξον

2246 3969 2367 4023 κατ’
2404 3967 2566 4022 αὐτοῦ
2599 3967 2990 4037 ἐντεινόμενον,
3017 3967 3424 4038 ἐτοιμαζόμενα
3448 3968 3506 4022 δὲ
3532 3966 3622 4021 καὶ
3651 3967 3785 4034 σκεύη

2247 4061 2481 4115 Θανάτου
2513 4076 2527 4091 ⁸
2561 4059 2670 4113 τῶν
2706 4058 2968 4129 μαθητῶν
2994 4058 3092 4114 ἕνα
3118 4059 3353 4124 καλέσας
3377 4055 3471 4130 (ἧν
3501 4060 3556 4114 δὲ
3590 4062 3621 4131 η
3649 4059 3786 4130 μεγά-

2245 4152 2313 4222 λη
2341 4150 2437 4206 τοῦ
2474 4150 2738 4221 μυστικοῦ
2784 4149 3025 4216 δείπνου,
3056 4152 3151 4204 καὶ
3181 4150 3277 4221 τῆς
3305 4152 3451 4225 ὑπὲρ
3496 4152 3647 4222 ὴμῶν
3683 4151 3787 4219 X9:-

2247 4244 2375 4299 στοῦ
2404 4245 2756 4316 παραδόσεως
2787 4244 2886 4300 καὶ
2917 4245 3230 4315 οἰκονομίας
3255 4246 3468 4317 ἡμέρα)
3495 4247 3591 4316 τὴν
3624 4243 3785 4314 πικρὰν

2244 4336 2464 4408 ἐκείνην
2489 4336 2567 4407 τῷ
2590 4334 2763 4407 ἀθλίῳ
2796 4335 2991 4408 μηνύει
3013 4337 3209 4406 τομήν.
3250 4337 3574 4408 Τηνικαῦτα
3604 4337 3694 4405 γὰρ
3725 4330 3784 4401 τῷ

2247 4430 2521 4501 πνεύματι
2549 4429 2643 4483 xui.
2674 4427 2843 4497 αὐτὴν
2881 4428 3233 4498 ἐπαγομένην
3263 4426 3409 4497 ἐώρα
3441 4447 3454 4459 ·
3498 4430 3576 4492 εἰς
3626 4427 3785 4498 πρᾶξιν

552 4524 663 4589 est)
683 4520 843 4591 jubet
867 4520 1177 4592 signiﬁcare
1221 4520 1430 4576 misero
1453 4518 1567 4584 isti,
1595 4520 1825 4575 acerbos
1854 4520 1977 4576 illos
2006 4537 2134 4577 cru-

2244 4523 2400 4595 αύτῷ
2425 4524 2525 4593 τῆς
2558 4521 2764 4590 πολλῆς
2796 4511 3015 4573 ἔσεσθαι
3041 4521 3276 4586 ἀδικίας,
3304 4516 3373 4592 ἧς
3404 4520 3589 4574 λαλῶν
3629 4522 3697 4582 εἰς
3733 4517 3779 4569 τὸ

552 4614 730 4671 ciatus
750 4612 911 4688 (quos
931 4614 1042 4686 jam
1078 4623 1194 4668 tum
1249 4612 1450 4683 spiritu
1513 4614 1849 4683 praevidebat
1908 4614 1988 4669 illi
2023 4613 2131 4669 im-

552 4707 820 4779 pendere)
851 4706 1047 4762 ultioni
1073 4707 1290 4763 futuros
1328 4724 1430 4779 pro
1484 4708 1696 4763 crebris
1753 4710 2129 4776 contumeliis,

552 4814 690 4869 quas
718 4800 1014 4857 eﬂ‘utiisset
1046 4809 1241 4854 contra
1289 4798 1656 4866 Altissimum,
1714 4800 1770 4854 in
1821 4801 1940 4871 ipso
1989 4804 2131 4859 caalo

553 4899 804 4945 statuens
828 4908 890 4947 os
921 4908 1102 4947 suum.
1147 4891 1206 4946 ld
1259 4900 1447 4947 autem
1510 4894 1833 4949 renuntiare
1874 4894 2127 4965 jubebat,

552 4994 665 5034 non
690 4981 834 5049 quod
865 4990 1085 5051 putaret
1116 4981 1254 5045 fore,
1290 4990 1349 5037 ut
1380 4982 1643 5053 deinceps
1695 4984 2001 5041 abstineret
2026 4986 2134 5053 (vi-

552 5070 719 5127 debat
740 5088 976 5143 namque
1008 5074 1489 5129 ineonvertibilem
1534 5091 1679 5139 esse.
1730 5089 1895 5148 atque
1951 5078 2131 5132 immi-

550 5180 684 5219 nere
711 5165 823 5236 jam
862 5166 1339 5231 comminationes,
1388 5176 1445 5220 et
1474 5166 1630 5222 brevi
1685 5168 1976 5240 aifuturas)
2033 5169 2129 5225 sed

552 5264 616 5309 ut
648 5256 846 5310 similis
877 5256 1067 5311 farinae
1122 5264 1176 5310 et
1217 5256 1560 5312 infidelitatis
1618 5259 1936 5314 hominibus
1998 5277 2124 5316 cor-

549 5348 791 5418 rigenda:
824 5348 949 5402 vita:
998 5348 1252 5417 exemplo
1300 5358 1465 5413 esset,
1520 5366 1740 5405 causam
1811 5353 2129 5423 justissima:

552 5440 796 5495 cmlitum
829 5449 1019 5495 contra
1043 5440 1220 5509 ipsum
1256 5442 1349 5495 ira)
1371 5450 1427 5495 et
1474 5441 1745 5498 immissas
1778 5460 1967 5513 paanas
2017 5463 2126 5501 non

552 5532 959 5603 ignorantibus.
1002 5533 1498 5603 lgiturdiseipulus
1527 5534 1628 5588 iste
1652 5535 1707 5589 in
1758 5537 2126 5593 celeberrimo

550 5622 851 5676 urbisloco
903 5622 1183 5677 hominem
1210 5623 1520 5689 inveniens,
1554 5626 1759 5683 habere
1789 5644 1869 5693 se,
1926 5630 2123 5701 inquit,

551 5712 699 5783 quod
732 5718 949 5771 nuntiet
997 5731 1027 5768 a
1067 5715 1357 5785 Symeone.
1401 5716 1647 5788 Cumque
1688 5721 1977 5791 juberetur
2033 5740 2125 5779 co-

550 5816 668 5862 ram
696 5806 1056 5873 praesentibus
1090 5807 1341 5874 edicere;
1382 5826 1504 5882 quae
1553 5812 1831 5883 imperata.
1862 5824 2019 5871 erant
2070 5817 2124 5870 in

2244 4615 2378 4686 ὕψος
2427 4610 2517 4687 ἦν,
2547 4616 2643 4669 xui.
2673 4616 2753 4679 εἰς
2782 4614 3011 4685 οὐρανὸν
3052 4613 3114 4666 τὸ
3147 4615 3324 4683 στόμα
3349 4616 3629 4685 τιθέμενος
3661 4627 3674 4641 ⁶
3707 4612 3783 4678 οὐχ

2243 4710 2311 4765 ἵν’
2345 4710 2553 4763 ἐκεῖνον
2583 4708 2920 4780 ἀποσχέσθαι
2962 4708 3362 4779 παρασκευάσῃ
3393 4709 3535 4780 (ᾔδει
3557 4708 3655 4777 γὰρ
3678 4706 3783 4773 ἁμε-

2240 4804 2483 4864 ταθέτως
2513 4802 2727 4873 ἔχοντα,
2764 4803 3131 4872 ἐφεστηκυῖαν
3162 4801 3217 4854 δὲ
3246 4800 3349 4870 ἤδη
3382 4804 3477 4853 xui.
3506 4802 3602 4870 τὴν
3652 4800 3779 4852 ἀπει-

2240 4896 2357 4966 λὴν,
2401 4896 2495 4949 xui.
2562 4895 2682 4948 οὐδὲ
2738 4894 2907 4965 βραχὺ
2959 4893 3373 4962 ἁναδυομένην),
3401 4892 3519 4945 ἀλλ’
3576 4892 3654 4945 ῖνα
3694 4888 3781 4950 τοῖς

2239 4986 2440 5053 ὁμοίως
2474 4984 2689 5054 ἔχουσιν
2714 4982 2971 5045 ἀπιστίας
3004 4982 3290 5051 διόρθωσις
3324 4983 3571 5052 γένηται,
3599 4980 3685 5049 τὴν
3712 4976 3778 5030 αἰ-

2238 5079 2361 5132 τίαν
2392 5078 2489 5148 τῆς
2522 5078 2725 5132 ἄνωθεν
2753 5078 2870 5130 κατ’
2897 5076 3061 5129 αὑτοῦ
3090 5076 3304 5139 δικαίας
3327 5076 3497 5146 ὀργῆς
3527 5074 3616 5127 καὶ
3642 5087 3775 5138 τιμω-

2242 5171 2363 5243 ρίας
2403 5171 2503 5224 οὐκ
2536 5170 2892 5239 ἀγνοήσασιν.
2939 5170 2998 5221 'U
3036 5168 3134 5235 μὲν
3165 5167 3258 5221 οὖν
3291 5167 3542 5238 μαθητὴς
3588 5167 3642 5218 ἐν
3678 5164 3775 5213 ἑπιο

2240 5260 2400 5332 σήμῳ
2438 5261 2536 5330 τῆς
2567 5259 2773 5323 πόλεως
2807 5260 2971 5313 αὐτὸν
3000 5258 3274 5329 εὑρηκὼς,
3299 5260 3441 5329 ἐχειν
3468 5277 3522 5312 τι
3545 5254 3685 5326 παρὰ
3700 5250 3774 5305 τοῦ

2239 5352 2385 5406 θείου
2446 5350 2671 5421 Συμεὼν
2722 5350 2870 5419 αὐτῷ
2922 5351 3254 5417 ἀπαγγεῖλαι
3298 5345 3451 5403 εἶπεν
3478 5365 3491 5378 ⁸
3525 5348 3552 5401 δ
3582 5347 3667 5399 ἐπὶ
3690 5340 3774 5397 et?”

2238 5444 2525 5516 παρόντων
2554 5441 2772 5495 ἐκέλευε
2796 5441 2995 5508 λέγειν.
3025 5442 3135 5494 Καὶ
3162 5444 3189 5494 ό
3220 5442 3320 5511 μὲν
3351 5442 3493 5511 άπερ
3528 5436 3773 5493 ἐντέταλτο

2238 5539 2475 5607 εἰρήκει,
2513 5539 2541 5589 ό
2593 5535 2651 5589 δὲ
2702 5534 2807 5588 ὑπὸ
2846 5534 3099 5603 δαίμονος
3164 5535 3367 5598 εὐθέως
3411 5529 3768 5603 καταρραγεὶς.

2236 5628 2424 5689 δεινῶς
2452 5646 2509 5681 τε
2533 5626 2960 5699 διασπαραχθεῖς
2990 5625 3081 5678 ὑπ’
3108 5627 3296 5693 αὐτοῦ,
3327 5626 3582 5696 αἰσχρῶς,
3607 5620 3765 5691 οἶμαι,

2237 5723 2331 5776 καὶ
2362 5721 2462 5789 τῆς
2512 5720 2881 5790 ἐκδεξαμένης
2912 5721 3075 5775 αὐτὸν
3101 5720 3373 5784 κολάσεως
3402 5718 3566 5787 ἀξίως
3590 5718 3643 5770 ἐν
3670 5711 3768 5783 ᾱῖει

2237 5813 2455 5872 πάντων
2486 5814 2857 5885 καταστρέφει
2888 5814 2979 5869 τὸν
3009 5812 3141 5883 βίον.
