4006 6526
209 436 357 505 3193

1238 431 1403 498 VITA
1436 435 1485 493 Α
1520 434 1962 497 NICEPHORO
1997 432 2483 495 CONSCRIPTA.

3338 436 3481 502 3194

211 549 459 607 medium
494 548 742 621 protulit.
782 548 924 604 Ecce
957 554 1141 603 autem
1171 548 1343 602 miser
1372 548 1465 604 ille
1520 548 1787 603 continuo
1824 555 1985 602 terrae
2049 547 2238 601 allisus
2299 545 2708 615 crudeliterque
2751 545 3063 618 discerptus
3114 562 3144 602 a
3205 547 3474 617 daemone,

209 652 272 700 et
304 643 523 715 dignam
582 641 890 699 sceleribus
941 643 1212 697 ultionem
1262 641 1567 711 excipiens,
1620 641 1791 695 vitam
1830 655 1957 694 cum
1992 648 2168 694 morte
2205 639 2523 710 turpissima
2561 639 2940 693 commutavit.

1613 781 1839 838 CAPUT
1878 781 2117 837 XXVIII.

1199 896 1427 968 Integris
1479 898 1696 967 familiis
1734 898 1901 951 multa
1959 894 2205 963 beneﬁcia
2242 894 2462 965 confert.

287 1014 420 1071 σκε’.
458 1016 713 1088 Ἰσαυρος
764 1012 822 1068 δέ
873 1031 981 1078 τις,
1012 1012 1183 1079 ὄνομα
1231 1013 1526 1076 Κόνων,οὑ
1574 1012 1790 1083 χαλεπῷ

1969 1013 2096 1067 225.
2132 1011 2356 1065 Isaurus
2382 1008 2603 1078 aliquis,
2646 1020 2999 1081 nuncupatus
3025 1012 3238 1080 Conon,
3265 1018 3477 1073 crucia-

203 1109 426 1179 δαίμονι
459 1106 741 1177 πέπληκτο
784 1107 966 1177 μόνον,
999 1105 1137 1160 ἀλλὰ
1171 1106 1267 1160 καὶ
1310 1106 1403 1159 τὸν
1444 1106 1793 1176 ἀστράγαλον

202 1199 357 1252 ἕλκει
376 1199 614 1270 πονήρῳ,
644 1198 721 1261 ώς
742 1198 819 1267 τῷ
847 1197 947 1268 μὲν
967 1196 1377 1266 διαμασσᾶσθαι
1397 1199 1497 1266 τὴν
1524 1197 1793 1265 γλῶτταν,

201 1291 307 1345 ὅσα
341 1292 437 1344 καὶ
462 1291 641 1361 ’ἄρτον
695 1290 864 1360 αὐτὴν
894 1289 1169 1355 ἐσθίοντα,
1191 1288 1270 1359 τῷ
1307 1290 1365 1343 δὲ
1398 1291 1700 1360 σεσηπέναι
1731 1289 1795 1343 τὸ

204 1381 421 1445 σκέλος,
454 1379 675 1451 σαρκῶν
733 1396 794 1433 τε
833 1379 902 1433 τά
954 1380 1091 1433 δστᾶ
1144 1379 1557 1449 γεγυμνῶσθαι,
1596 1380 1693 1434 καί
1740 1398 1794 1434 τι

200 1472 442 1533 δυσῶδες
492 1471 675 1525 αὐτῶν
745 1471 1013 1525 ἀποπνεῖν
1042 1471 1118 1534 ώς
1173 1470 1309 1541 μηδὲ
1363 1473 1602 1542 φορητὸν
1655 1468 1795 1524 εἶναι

199 1564 496 1635 ὀσφρήσει.
531 1556 703 1625 Οὗτος
736 1564 940 1634 ἰατροῖς
973 1564 1041 1617 τὰ
1088 1562 1217 1616 ὄντα
1244 1564 1696 1633 προσαναλώσας,
1718 1564 1795 1627 ὡς

201 1655 313 1707 οὐδ’
336 1653 515 1708 ὁτιοῦν
548 1655 733 1717 αὐτοῖς
761 1653 891 1708 ἄλλο
925 1654 1061 1724 πρὸς
1117 1653 1473 1725 θεραπείανὴ
1503 1656 1667 1726 τέχνη
1701 1656 1793 1709 τὸν

205 1746 356 1799 θεῖον
405 1744 804 1816 ἀνακομίζεται
834 1743 1082 1815 Συμεὼν,
1113 1744 1181 1813 ὃν,
1221 1746 1284 1817 δή
1341 1763 1443 1799 που
1472 1747 1568 1800 καὶ
1620 1746 1783 1816 μόνον

202 1840 445 1895 ἀνιάτων
473 1839 590 1911 ᾔδει
624 1836 812 1892 παθῶν
867 1838 1072 1909 ἰατρόν.
1114 1836 1317 1891 Τοῦτον
1351 1839 1501 1902 ὅπως
1545 1838 1795 1903 ἐλεεινῶς

202 1925 356 2001 εἶχεν
388 1903 593 1993 ἐκεῖνος
617 1927 761 1996 ἰδὼν,
786 1903 979 2000 πράως
999 1947 1058 1982 τε
1081 1931 1145 2000 τῇ
1171 1928 1330 2002 βαϊνῃ
1355 1930 1537 2001 ῥάϐδῳ
1557 1903 1847 2002 πλήξας,

201 2024 302 2079 ἐπὶ
333 2023 443 2078 τῶν
471 2022 689 2078 οἰκείων
714 2021 894 2076 ποδῶν
940 2021 1209 2094 ἐπέτρεψε
1251 2024 1442 2092 στῆναι
1474 2039 1491 2055 ο
1528 2022 1623 2077 καὶ
1684 2039 1790 2074 πα-

201 2116 470 2187 ραχρῆμα
496 2115 530 2185 ἦ
565 2131 626 2167 τε
647 2113 884 2168 δυσωδία
918 2113 1143 2166 έσδεστο
1174 2154 1187 2176 ,
1211 2112 1307 2166 καὶ
1331 2111 1487 2165 ποσὶν
1513 2113 1541 2165 ὁ
1568 2111 1792 2181 κάμνων

198 2206 405 2277 ἐχρῆτο
423 2207 519 2260 καὶ
537 2205 771 2276 ἀσφαλεῖ
791 2204 1105 2277 βαδίσματι.
1126 2199 1260 2258 Εἰτα
1282 2203 1617 2273 ὲγγύσαντος
1635 2202 1785 2274 αὑτῷ

1898 1102 2059 1156 batur
2085 1118 2192 1155 non
2227 1102 2405 1155 solum
2433 1102 2501 1155 ab
2533 1100 2741 1157 infesto
2774 1103 3042 1170 daanmne,
3073 1124 3266 1162 verum
3310 1112 3475 1164 etiam

1897 1213 1927 1250 a
1951 1195 2155 1250 diflicili
2189 1196 2242 1249 in
2277 1196 2388 1249 talo
2412 1196 2630 1259 ulcere;
2673 1212 2848 1265 usque
2881 1197 3021 1251 adeo
3050 1207 3111 1253 ut
3164 1201 3476 1266 mandendo

1893 1287 2137 1357 linguam
2168 1287 2319 1341 velut
2349 1302 2544 1356 panem
2561 1287 2915 1350 comederet;
2944 1297 3294 1357 putresceret
3323 1308 3473 1356 crus,

1895 1396 2018 1435 ossa
2050 1379 2486 1435 destituerentur
2519 1395 2706 1443 carne,
2740 1389 2797 1433 et
2841 1379 3074 1435 fetorem
3130 1384 3480 1451 exspirarent

1897 1473 2124 1527 naribus
2157 1472 2580 1526 intolerabilem.
2613 1472 2709 1525 Ille
2749 1472 3042 1541 absumpta
3086 1476 3235 1528 omni
3275 1476 3331 1530 in
3366 1492 3481 1532 me-

1894 1564 2049 1620 dicos
2071 1564 2397 1629 substantia,
2431 1580 2557 1618 cum
2581 1564 2718 1617 nihil
2739 1565 3044 1634 quidquam
3101 1567 3323 1625 illorum
3353 1580 3473 1625 arte

1894 1658 2187 1727 proficeret
2214 1656 2281 1710 ad
2305 1656 2619 1720 sanitatem,
2645 1656 2751 1710 nisi
2778 1656 2928 1726 quod
2977 1660 3267 1727 praecisum
3323 1676 3478 1717 serra

1893 1749 2088 1819 pedem
2121 1747 2373 1802 dicerent
2408 1747 2832 1817 amputandum,
2861 1748 3144 1804 transtulit
3171 1766 3230 1805 se
3257 1751 3324 1805 ad
3352 1768 3479 1808 sau~

1894 1852 2009 1897 tum
2060 1841 2415 1914 Symeonem,
2454 1855 2619 1910 quem
2670 1841 2850 1896 solum
2910 1852 3142 1898 noverat
3195 1843 3478 1900 incurabi-

1865 1932 2027 2015 \lium
2070 1932 2389 1986 morborum
2436 1931 2734 1987 medicum.
2793 1933 2952 1987 Hunc
3000 1940 3110 1987 tam
3176 1935 3477 1993 miserabili

1894 2026 1947 2081 in
2005 2035 2151 2080 statu
2208 2025 2450 2095 positum
2502 2040 2736 2082 cernens
2789 2026 3059 2090 ille,cum
3108 2028 3323 2097 palmea
3376 2046 3477 2086 sua

1891 2118 2045 2188 virga
2080 2116 2446 2187 percussisset
2474 2116 2693 2181 leniter,
2718 2118 2972 2173 hortatus
2995 2129 3102 2184 est,
3140 2130 3200 2174 ut
3239 2121 3476 2189 pedibus

1893 2210 2009 2265 suis
2038 2218 2247 2263 staret:
2281 2217 2337 2264 et
2365 2209 2631 2264 continuo
2655 2209 2795 2264 abiit
2860 2211 3258 2280 graveolentia,
3303 2223 3472 2283 atque

197 2297 306 2369 τῆς
328 2299 571 2370 κεφαλῆς
586 2298 888 2369 ἁψάμενος.
907 2298 1003 2352 καὶ
1017 2297 1345 2369 σφραγίσας,
1361 2298 1451 2350 Ἐν
1463 2297 1790 2368 δνόματιτοῦ

1892 2316 2036 2371 aeger
2053 2300 2289 2371 pedibus
2314 2301 2431 2355 suis
2459 2310 2515 2354 et
2538 2301 2762 2369 quidem
2799 2301 2973 2356 firmis
3000 2302 3068 2357 ad
3101 2319 3296 2358 secure
3343 2321 3473 2374 gra-

198 2389 413 2461 Κυρίου
440 2390 534 2443 καὶ
566 2388 703 2443 Θεοῦ
732 2390 826 2442 καὶ
854 2390 1105 2460 Σωτῆρος
1132 2388 1290 2460 ἡμῶν
1332 2387 1506 2459 Ἰησοῦ
1532 2389 1577 2441 Χ
1588 2386 1790 2459 ριστοῦ,

1897 2394 2158 2448 diendum
2187 2402 2274 2449 est
2304 2408 2459 2448 usus.
2504 2393 2713 2447 Deinde
2764 2393 2993 2462 pr0pius
3046 2396 3363 2451 accedentis
3405 2395 3477 2453 ad

196 2480 484 2534 ἐπιτάσσω
509 2498 590 2534 σοι
615 2480 695 2551 τῷ
714 2480 935 2551 πονηρῷ
960 2480 1249 2551 πνεύματι,
1277 2479 1403 2550 ἔφη,
1428 2479 1665 2544 ἐξελθεῖν
1690 2479 1784 2532 τοῦ

1894 2493 2140 2555 secaput
2200 2484 2380 2556 tetigit
2406 2494 2631 2539 sanctus
2672 2493 2839 2553 atque
2890 2486 3127 2555 signavit
3160 2487 3378 2541 dicens:
3418 2488 3477 2542 In

195 2571 491 2643 ἀνθρώπου
532 2571 744 2636 τούτου,
782 2572 875 2625 καὶ
908 2572 1105 2642 μηκέτι
1147 2571 1285 2641 πρὸς
1316 2571 1476 2624 αὐτὸν
1519 2572 1785 2641 ἀναστρέ-

1894 2578 2115 2631 nomine
2149 2576 2367 2630 Domini
2401 2583 2457 2631 et
2500 2576 2595 2630 Dei
2627 2584 2793 2645 atque
2821 2576 3121 2633 Salvatoris
3149 2581 3323 2633 nostri
3343 2578 3473 2635 Jesu

193 2665 322 2736 ψαι.
365 2665 424 2718 '0
454 2666 550 2733 μὲν
581 2662 673 2720 οὖν
698 2664 906 2734 δαίμων
933 2664 1096 2728 εὐθὺς
1122 2662 1432 2735 ἀπελήλατο
1452 2679 1467 2696 ·
1496 2667 1563 2735 τῇ
1598 2663 1655 2717 δὲ
1682 2662 1781 2717 τοῦ

1892 2669 2099 2725 Christi
2127 2667 2386 2737 praecipio
2418 2663 2540 2732 tibi",
2582 2667 2819 2737 maligne
2846 2668 3095 2737 spiritus,
3132 2678 3191 2724 ut
3238 2671 3477 2727 facessas

196 2757 365 2819 ποδδς
390 2758 574 2828 πληγῇ
604 2756 705 2827 τῆς
734 2756 940 2819 οἰκείας
963 2756 1278 2810 ἐπιϐάλλειν
1313 2756 1520 2819 κόνεως
1568 2754 1782 2809 κελεύει

1892 2775 1961 2814 ex
1996 2758 2100 2814 hoc
2150 2758 2397 2821 homine,
2445 2766 2502 2811 et
2561 2772 2842 2825 nunquam
2890 2757 3131 2826 amplius
3189 2758 3245 2812 in
3294 2760 3476 2829 ipsum

194 2850 279 2921 τῷ
303 2851 634 2921 τυχόντιτῆς
679 2851 1014 2921 θεραπείας·
1047 2851 1083 2923 ἥ
1104 2869 1191 2916 τις
1227 2852 1441 2922 σάρκας
1489 2867 1549 2904 τε
1591 2847 1783 2919 ἔφυσε,

1896 2852 2160 2906 introeas.
2206 2850 2484 2919 Expulsus
2507 2849 2694 2917 itaque
2717 2850 2904 2905 statim
2948 2861 3032 2905 est
3067 2851 3302 2906 daemon.
3335 2853 3476 2906 Tum

199 2944 295 2998 καὶ
334 2944 511 3015 δέρμα
569 2943 656 2997 ἐπ’
690 2944 861 3007 αὑτὰς
883 2942 1142 3010 ἐξέτεινε,
1170 2944 1267 2997 καὶ
1298 2943 1458 3015 ὑγιὴς
1503 2946 1562 2996 ὲν
1597 2942 1790 3012 βραχεῖ

1891 2943 2223 3015 jussitillum
2248 2942 2463 2997 vulneri
2492 2942 2654 3011 pedis
2712 2943 2922 3012 aliquid
2984 2944 3228 3012 pulveris
3268 2946 3354 2999 sui
3390 2946 3477 3000 in-

192 3037 227 3089 δ
277 3036 473 3108 πρώην
527 3038 920 3108 ἀθεραπεύτως
968 3036 1152 3107 ἔχων,
1208 3038 1347 3108 αὐτῇ
1410 3036 1633 3104 γυναικὶ
1696 3033 1790 3088 καὶ

1895 3051 2327 3107 spergere;quo
2357 3034 2542 3089 statim
2604 3035 2656 3089 ei
2714 3045 2904 3090 renata
2936 3051 3068 3090 caro
3124 3048 3180 3092 et
3234 3038 3477 3094 obducta

190 3130 540 3201 προσήκουσι
570 3130 663 3183 καὶ
689 3131 795 3201 ὅλῳ
823 3129 1011 3200 σχεδὸν
1042 3128 1325 3183 ἐπάνεισιν
1348 3128 1503 3199 οἴκῳ.

1894 3125 2054 3194 pellis
2076 3134 2195 3179 est:
2238 3132 2403 3192 atque
2435 3123 2589 3177 brevi
2621 3134 2946 3191 persanatus
2997 3124 3067 3179 ad
3106 3141 3355 3191 uxorem,
3407 3128 3477 3182 ad

192 3219 559 3290 propinquos,
612 3218 679 3273 ad
753 3217 1017 3273 familiam
1078 3217 1396 3273 universam
1440 3216 1639 3282 rediit,
1688 3215 1787 3286 qui
1820 3216 1984 3287 paulo
2011 3222 2139 3269 ante
2168 3214 2490 3269 incurabilis
2534 3214 2867 3270 habebatur.

268 3318 419 3378 σκς¹.
452 3310 636 3365 Ἱκανὰ
665 3310 763 3379 μὲν
784 3308 877 3364 οὖν
905 3305 965 3364 εὖ
989 3304 1106 3365 οῖδα
1136 3311 1296 3381 κόρον
1318 3312 1509 3374 ἀκοαῖς
1542 3312 1781 3367 ἐνθεῖναι

188 3407 266 3461 τὰ
292 3405 582 3477 εἰρημένα,
606 3402 741 3457 ἀλλὰ
766 3404 978 3474 σιωπῆς
997 3403 1098 3456 οὐκ
1129 3402 1255 3470 ἀξια
1280 3404 1445 3457 πάλιν
1467 3406 1537 3459 τὰ
1559 3404 1782 3474 ἑφεξῆς.

189 3497 499 3558 Νεανίσκος
527 3495 635 3566 γάρ
659 3511 743 3558 τις
767 3495 832 3547 ὲκ
868 3493 1064 3564 κώμης
1093 3494 1396 3558 Καλλινέας
1418 3493 1782 3565 καλουμένης,

1961 3308 2087 3364 226.
2112 3308 2245 3376 Quae
2279 3309 2549 3364 hactenus
2572 3309 2719 3363 dicta
2778 3318 2910 3365 sunt
2966 3310 3107 3365 bene
3160 3312 3353 3374 multa,
3384 3329 3477 3367 sa-

1892 3402 2137 3457 tietatem
2157 3401 2315 3456 vobis
2342 3401 2709 3471 ingesserunt,
2736 3401 2851 3456 scio
2879 3419 2893 3455 :
2942 3414 3319 3457 verumtamen
3351 3420 3477 3473 qua:

1889 3495 2221 3564 sequuntur,
2256 3491 2642 3562 prmtereunda
2697 3492 2919 3547 silentio
2962 3509 3072 3547 non
3122 3502 3270 3548 sunt.
3307 3496 3477 3550 Juve-

192 3587 473 3660 Γεώργιος
505 3585 697 3657 ὄνομα,
732 3585 993 3640 σκάπτων
1022 3586 1081 3638 ὲν
1104 3585 1428 3649 οἰκοπέδοις,
1457 3586 1700 3656 μνήματί
1723 3603 1784 3639 τε

1892 3584 1980 3638 nis
2004 3583 2227 3653 quidam
2258 3599 2327 3638 ex
2353 3597 2513 3652 pago,
2544 3582 2638 3651 qui
2666 3583 2972 3638 vocabatur
2998 3584 3281 3643 Callinea:
3334 3587 3473 3655 ipse,

190 3659 532 3751 περιτυχὼν,
576 3678 673 3732 καὶ
700 3678 859 3731 τοῦτο
891 3677 1166 3749 διορύξας,
1200 3676 1377 3731 ἑλπίδι
1406 3676 1503 3735 τοῦ
1540 3678 1781 3748 κρυπτό-

1891 3674 2183 3744 Georgius;
2219 3674 2420 3728 rudera
2453 3674 2652 3728 domus
2684 3690 2911 3738 eruens,
2957 3675 3101 3730 forte
3152 3677 3376 3732 fortuna
3412 3679 3471 3733 in

196 3787 365 3842 μενον
388 3769 529 3840 τάχα
551 3769 823 3841 θησαυρὸν
847 3770 1114 3842 ἀνευρεῖν,
1143 3770 1360 3838 δαίμονι
1384 3769 1607 3840 χαλεπῷ
1632 3788 1696 3824 πε
1708 3788 1789 3842 ρι-

193 3864 389 3918 πίπτει
408 3864 527 3934 (τῆς
550 3864 703 3934 δίκης
727 3862 915 3935 ὥσπερ
947 3865 1151 3919 ἀνεκτά
1181 3865 1438 3936 θεμένης,
1461 3867 1508 3919 εἰ
1539 3866 1612 3936 μὴ
1639 3866 1788 3938 παρά

191 3951 369 4016 πόδας
400 3952 607 4006 ἐποίσει
638 3953 734 4007 καὶ
761 3953 1077 4027 τιμωρίαν),
1103 3954 1199 4008 καί
1228 3972 1381 4019 τινας
1403 3950 1492 4009 οἷα
1520 3958 1788 4024 γυναῖκας

197 4044 327 4098 ἰδὼν
377 4044 525 4116 αύτῷ
572 4046 1009 4116 συμπλακείσας,
1040 4046 1427 4117 μυκησάμενος
1466 4049 1609 4102 κατά
1636 4048 1784 4120 βοῦν,

193 4137 278 4199 εἰς
304 4136 409 4208 γῆν
433 4138 753 4209 κατερράγη
774 4152 789 4168 ⁸
816 4137 876 4203 ἐξ
895 4138 1106 4192 ἐκείνου
1130 4138 1311 4192 τοίνυν
1339 4140 1538 4194 ὁπόσαι
1566 4140 1783 4207 νύκτες,

196 4229 527 4300 ριπτόμενος
553 4229 755 4297 ὁμοίως
777 4230 857 4292 εἰς
886 4229 1082 4299 ἔδαφος
1106 4231 1200 4284 καί¹
1226 4231 1671 4303 σπαραττόμενος
1694 4228 1783 4305 ἦν,

190 4320 375 4392 ἀφροῦ
404 4338 465 4374 τε
496 4320 853 4392 παραπτύων,
883 4322 977 4376 καί¹
1006 4322 1076 4376 τά
1102 4322 1253 4377 ἔνδον
1281 4318 1782 4396 ἀναδρασσόμενος.

201 4410 531 4482 ’Υπανῆπτε
578 4412 635 4466 δὲ
675 4412 824 4485 αὐτῷ
854 4413 948 4467 καὶ
976 4414 1309 4485 ζηλοτυπίας
1348 4417 1441 4469 ἐπὶ
1464 4419 1531 4489 τῇ
1563 4420 1787 4485 γυναικὶ

190 4502 403 4572 φλόγας
459 4503 488 4556 ὁ
520 4504 735 4576 μιαρὸς,
772 4504 1024 4576 καθάπερ
1055 4506 1193 4576 αὐτῇ
1228 4505 1623 4576 συνεληλυθὼς,
1649 4509 1787 4580 ὅπερ

187 4590 263 4665 ἦν
306 4595 456 4667 αύτῷ
503 4596 605 4665 τῆς
663 4598 953 4669 συμφορᾶς
1011 4597 1073 4649 τὸ
1118 4596 1444 4666 βαρύτατον.
1490 4600 1605 4651 Οὐκ
1646 4599 1787 4669 ἔχων

188 4682 289 4742 οὖν
323 4688 353 4743 ὅ
379 4689 433 4740 τί
460 4705 588 4741 ποτε
614 4688 740 4743 ἄλλο
770 4690 906 4759 πρὸς
929 4688 1101 4741 κακὸν
1134 4687 1451 4758 τηλικοῦτον
1481 4690 1783 4761 ὲπινοήσει,

189 4780 510 4852 προσελθὼν
532 4785 597 4854 τῇ
621 4781 715 4835 τοῦ
745 4780 982 4852 μεγάλου
1020 4780 1225 4845 στάσει,
1258 4781 1437 4852 ῥίπτει
1482 4783 1626 4835 κατὰ
1683 4783 1787 4853 γῆς

189 4873 412 4939 ἑαυτὸν,
445 4873 542 4937 τὰς
580 4872 960 4943 κατασχούσας
1008 4871 1170 4926 αὐτὸν
1198 4872 1605 4944 ἀποδυρόμενος
1648 4891 1787 4944 συμ-

188 4968 392 5038 φοράς.

1889 3779 2307 3822 monumentum
2336 3767 2549 3832 incidit,
2579 3768 2727 3836 quod
2762 3768 2857 3821 ubi
2886 3768 3155 3822 effuderat
3190 3785 3286 3839 spe
3314 3786 3475 3841 repe-

1888 3860 2067 3914 riendi
2100 3860 2362 3914 latentem
2395 3860 2739 3925 thesaurum,
2776 3859 2845 3913 ab
2872 3858 3075 3914 infesto
3098 3860 3347 3917 dmmone
3377 3878 3475 3918 oc-

1886 3961 2119 4023 cupatus
2147 3954 2241 4020 est]
2269 3951 2449 4022 (quasi
2485 3951 2653 4007 nimis
2702 3952 2841 4006 levis
2875 3951 3064 4006 futura
3118 3961 3269 4008 esset
3332 3954 3473 4009 ultio

1885 4061 2007 4115 quae
2036 4059 2147 4099 non
2180 4044 2326 4099 illico
2356 4059 2573 4113 poenam
2596 4044 2922 4112 intulisset),
2965 4051 3022 4097 et
3071 4045 3337 4113 quasdam
3371 4062 3474 4101 ve-

1885 4138 1987 4192 luti
2014 4136 2278 4193 mulieres
2311 4136 2491 4208 ipsum
2523 4138 2958 4207 eomplectentes
2994 4138 3231 4192 intuitus
3276 4152 3342 4191 ac
3368 4137 3473 4191 bo-

1885 4230 1971 4285 vis
1991 4230 2165 4284 instar
2196 4229 2368 4291 edens
2398 4229 2691 4300 mugitum,
2720 4229 2775 4283 in
2802 4239 3006 4284 terram
3037 4245 3283 4300 praeceps
3306 4229 3473 4286 datus

1886 4334 2002 4377 est:
2027 4321 2266 4393 indeque
2300 4321 2505 4376 exinde
2535 4336 2635 4391 per
2658 4320 2906 4391 singulas
2935 4321 3228 4376 accidebat
3256 4332 3470 4389 noctes;

1885 4415 2216 4470 allidebatur
2249 4414 2397 4470 enim
2425 4414 2590 4469 simili
2625 4413 2789 4468 modo
2815 4423 2997 4480 terrae,
3026 4429 3091 4469 ac
3120 4415 3470 4470 dilaceraba-

1889 4517 2001 4571 tur,
2082 4515 2373 4577 spumante
2425 4521 2546 4570 ore,
2607 4507 3032 4575 visceribusque
3086 4508 3473 4562 aestuantibus.

1887 4596 2133 4669 Subjecit
2160 4612 2380 4667 quoque
2408 4596 2525 4666 ipse
2589 4597 2874 4668 zelotypize
2922 4598 3070 4652 faces
3100 4598 3315 4651 ratione
3338 4614 3475 4651 uxo-

1886 4691 1962 4745 ris
2000 4706 2234 4761 nequam
2262 4691 2509 4760 spiritus,
2538 4699 2795 4758 tanquam
2822 4691 2866 4744 si
2910 4691 3027 4760 ipse
3064 4707 3187 4745 cum
3218 4692 3306 4745 illa
3348 4706 3467 4747 rem

1888 4782 2204 4837 habuisset:
2246 4782 2301 4835 id
2352 4781 2502 4851 quod
2561 4782 2775 4835 homini
2815 4797 3131 4836 aerumnosa
3194 4784 3463 4837 terumnis

1886 4874 2146 4929 omnibus
2197 4874 2420 4944 gravius
2462 4875 2767 4929 accidebat.
2836 4876 3085 4931 Tandem
3137 4890 3264 4928 cum
3323 4876 3478 4930 aliud

1888 4968 2118 5021 haberet
2141 4965 2450 5036 nihilquod
2502 4974 2668 5022 tantae
2734 4967 3033 5021 calamitati
3068 4967 3359 5037 obiiceret.
3399 4966 3469 5021 ad

186 5061 377 5130 magni
429 5059 718 5131 Symeonis
777 5059 1090 5115 columnam
1148 5059 1486 5130 procedens,
1544 5058 1773 5131 conjicit
1813 5073 1933 5114 sese
1960 5057 2017 5112 in
2037 5065 2265 5121 terram,
2292 5057 2632 5121 luctuosum,
2683 5056 2740 5111 in
2798 5074 2909 5127 quo
2934 5064 3052 5112 erat
3080 5064 3284 5111 statum
3312 5072 3475 5112 suum

186 5155 522 5207 lamentans;

265 5246 407 5310 ch'.
432 5246 565 5309 Ταῖς
594 5245 762 5299 αὐτοῦ
819 5247 997 5301 τοίνυν
1052 5247 1358 5319 ἱκετηρίαις
1405 5247 1780 5314 ἐπικλασθεὶς,

1955 5248 2081 5302 227.
2123 5247 2238 5302 Hoc
2269 5254 2377 5299 tam
2424 5243 2659 5314 supplici
2696 5242 2893 5314 agendi
2950 5241 3116 5295 modo
3160 5249 3477 5294 commotus

184 5340 429 5405 Παῦσαι,
458 5340 676 5408 ἀδελφὲ,
708 5340 1031 5411 ὀδυρόμενος
1075 5341 1201 5412 ἔφη,
1238 5342 1332 5395 καὶ
1360 5341 1542 5395 οἴκαδε
1581 5340 1783 5412 μᾶλλον

1894 5341 1985 5395 ille
2028 5338 2295 5400 :Desine,
2339 5336 2537 5405 inquit,
2580 5336 2653 5388 mi
2700 5334 2892 5396 frater,
2924 5330 3252 5393 lamentari;
3273 5345 3336 5383 ac
3374 5330 3477 5383 dO-e

186 5435 462 5501 ἐπάνηκε,
513 5431 608 5484 καὶ
640 5432 741 5485 οὐκ
772 5433 1098 5505 άστοχήσεις
1140 5433 1239 5503 τῆς
1272 5433 1592 5505 θεραπείας.
1637 5434 1695 5488 Ὀ
1722 5434 1782 5488 δὲ

1891 5445 2041 5484 mum
2091 5427 2382 5498 regredere
2436 5426 2657 5496 potius;
2713 5434 2771 5478 et
2818 5439 2929 5477 non
2989 5420 3347 5475 frustraberis
3399 5435 3480 5475 sa.

185 5527 291 5595 τὴν
334 5525 669 5593 ἐπαγγελίαν
701 5526 954 5595 ἀσμένως
995 5526 1307 5597 δεξάμενος,
1345 5526 1533 5599 ῶσπερ
1557 5528 1657 5599 ἤδη
1686 5527 1780 5581 τοῦ

1892 5527 2082 5581 nitate.
2134 5524 2361 5594 Accepit
2409 5538 2541 5593 ergo
2581 5521 2976 5592 promissiones
3020 5518 3145 5572 laeto
3178 5516 3384 5578 animo,
3420 5524 3477 5569 et

187 5617 533 5687 ποθουμένου
590 5616 768 5689 τυχὼν
818 5619 1081 5691 ἐπανῄει⁸
1139 5619 1234 5673 καὶ
1288 5620 1388 5691 τὴν
1446 5621 1542 5691 μὲν
1603 5623 1782 5676 οἰκίαν

1891 5618 2056 5673 veluti
2093 5617 2204 5688 jam
2257 5624 2442 5671 certus
2499 5614 2762 5669 desiderii
2819 5607 3134 5672 obtinendi,
3188 5620 3474 5677 regressus

185 5710 629 5781 καταλαμὸἀνει,
661 5711 758 5783 τὴν
800 5715 1036 5781 γυναῖκα
1084 5712 1139 5767 δὲ
1182 5714 1280 5785 οὐχ
1333 5714 1595 5786 εὑρίσκει.
1645 5716 1777 5769 Ἀππ-

1891 5720 1989 5766 est.
2023 5710 2094 5765 At
2122 5709 2348 5763 domum
2377 5709 2659 5779 ingressus
2694 5705 2900 5759 nullam
2935 5698 3304 5772 deprehendit
3334 5713 3473 5751 uxo-

188 5802 328 5871 έδρα
358 5802 466 5874 γὰρ
497 5802 620 5873 ἤδη,
660 5805 1117 5876 συσκευασαμένη
1148 5804 1217 5858 τά
1274 5804 1423 5873 ὄντα,
1466 5805 1527 5859 τὸ
1578 5804 1778 5878 βρέφος

1891 5818 2038 5869 rem;
2089 5803 2199 5872 jam
2246 5800 2450 5872 quippe
2508 5798 2821 5868 aufugerat,
2879 5800 3223 5864 comportata
3277 5804 3467 5846 secum

185 5892 287 5949 ἐπὶ
321 5893 419 5966 τῆς
449 5893 627 5960 οἰκίας
654 5896 801 5968 (ἄρτι
841 5896 949 5969 γὰρ
986 5897 1050 5951 ὲκ
1076 5896 1171 5953 τοῦ
1201 5897 1395 5970 ἀνδρὸς
1429 5895 1567 5969 ὲκύη
1594 5895 1774 5969 μόνον)

1891 5913 1938 5953 re
1989 5893 2285 5962 familiari;
2338 5893 2545 5950 infante
2599 5899 2806 5960 autem,
2843 5903 3009 5964 quem
3042 5886 3312 5943 hactenus
3340 5880 3465 5945 uni-
