4032 6488
545 400 688 469 3195

1755 407 1815 466 S.
1853 404 2229 466 SYMEONIS
2269 406 2638 469 JUNIORIS

3642 414 3760 481 3196

546 530 673 571 cum
714 530 782 571 ex
845 513 938 569 illo
985 523 1291 584 pepererat,
1348 513 1497 568 domi
1545 514 1757 569 relicto.
1802 514 2129 569 Percellitur

2232 518 2588 574 ἀπολιποῦσα.
2624 516 2991 590 Σφοδράτερον
3034 518 3212 572 τοινυν
3256 516 3445 572 παθὼν
3472 517 3565 591 τὴν
3587 520 3760 595 ψυχὴν,

549 609 637 662 ille
668 622 903 662 mterore
940 607 1273 671 vehementi,
1310 607 1449 661 tollit
1478 624 1736 677 puerum,
1768 608 1970 677 repetit
1996 623 2125 662 san-

547 708 719 761 etum,
762 698 966 753 factum
1022 700 1207 755 uxoris
1256 700 1510 754 luctuoso
1562 714 1812 754 sermone
1863 700 2123 769 explicat,

550 790 805 862 lacrymis
852 792 1019 847 verba
1052 791 1547 861 interpellantibus,
1580 800 1636 845 et
1676 791 1904 846 resoluti
1935 791 2127 847 dolore

550 885 734 938 cordis
783 895 980 939 :estum
1049 885 1474 939 testiﬁcantibus
1526 901 1541 951 ;
1598 884 1797 939 deinde
1863 884 2127 940 infantem

549 992 771 1046 quoque
815 978 883 1032 ad
927 977 1093 1047 pedes
1139 978 1314 1031 sancti
1364 977 1625 1043 demittit,
1680 993 1879 1047 rogans
1921 985 2127 1033 uteum

551 1073 743 1126 saltem
792 1073 1111 1126 ulciscatur.
1146 1072 1375 1126 Fractus
1418 1071 1585 1141 igitur
1629 1071 1821 1126 dolore
1856 1071 2004 1127 illius
2031 1070 2130 1143 Sy-

528 1180 737 1229 .meon,
801 1174 965 1235 atque
1005 1166 1197 1219 oculos
1231 1167 1284 1218 in
1317 1165 1516 1219 coelum
1542 1171 1765 1219 maestos
1795 1163 2125 1219 intendens:

552 1258 719 1315 Deus,
765 1257 964 1325 inquit,
1010 1272 1242 1327 magnus
1274 1264 1331 1310 et
1380 1254 1748 1325 omnipotens.
1787 1256 1944 1325 cujus
1984 1255 2127 1311 oculi

552 1346 839 1400 intuentur
868 1345 985 1399 vias
1010 1345 1247 1398 ﬁliorum
1280 1344 1589 1407 hominum,
1619 1351 1681 1397 ut
1706 1344 1981 1398 retribuas
2009 1344 2131 1398 uni-

549 1437 751 1506 cuique
803 1435 1106 1490 secundum
1156 1434 1299 1488 viam
1334 1450 1515 1499 suam;
1564 1435 1609 1489 si
1665 1434 1869 1489 bonum
1922 1442 2008 1489 est
2074 1437 2128 1492 in

549 1530 727 1585 oculis
778 1528 907 1593 tuis,
955 1535 1200 1582 transeat
1254 1526 1610 1592 daemonium,
1657 1529 1807 1597 quod
1856 1530 2005 1586 hunc
2044 1532 2129 1587 in-

547 1621 762 1676 felicem
792 1619 1015 1684 insidet,
1044 1620 1095 1672 in
1121 1634 1345 1673 uxorem
1366 1619 1550 1685 illius;
1576 1627 1635 1672 ut
1656 1621 1908 1676 misereri
1931 1622 2125 1689 discat,

546 1711 983 1766 misericordiam
1008 1712 1243 1765 aliorum
1271 1711 1614 1781 implorando
1630 1729 1643 1778 ;
1662 1722 1718 1767 et
1739 1714 2025 1770 manifesta
2048 1715 2131 1769 in-

548 1805 755 1874 telligat
778 1803 1137 1873 experientia,
1163 1801 1313 1872 quod
1354 1803 1683 1858 naturaliter
1714 1805 2127 1876 visceragipsius

546 1894 896 1965 ignorabant.

613 1990 740 2043 928.
781 1990 860 2043 Ita
902 1988 1173 2060 Symeone
1206 1996 1423 2055 orante,
1454 1988 1675 2057 juvenis
1703 1988 1941 2044 liberum
1999 2005 2058 2046 se
2098 2006 2129 2046 a

542 2080 792 2137 daemone
811 2080 1106 2150 comperit,
1134 2079 1227 2134 hic
1251 2094 1385 2135 vero
1412 2080 1702 2135 mulierem
1730 2081 1993 2137 invadens
2016 2082 2126 2137 cla-

542 2173 729 2228 mabat
757 2190 770 2226 :
804 2172 886 2226 Tu
918 2188 1005 2227 me
1044 2188 1075 2226 a
1102 2171 1304 2226 marito
1342 2180 1440 2225 tuo
1473 2172 1760 2237 avulsisti;
1790 2180 1845 2226 tu
1876 2187 1963 2227 me
1990 2188 2021 2227 a
2045 2172 2127 2227 fa-

542 2263 743 2318 miliari
768 2276 890 2317 meo
907 2262 1227 2333 sejunxisti;
1260 2277 1364 2331 per
1395 2270 1447 2316 te
1480 2262 1549 2315 ab
1576 2263 1668 2315 illo
1684 2263 1832 2331 gravi
1856 2278 1978 2318 meo
2002 2279 2129 2319 cum

541 2369 709 2408 sensu
744 2354 1005 2423 expulsus
1039 2369 1193 2417 sum;
1235 2354 1328 2422 qui
1360 2369 1450 2408 me
1484 2352 1614 2407 inde
1638 2354 1821 2423 ejecit,
1847 2355 1915 2408 ad
1952 2362 2005 2409 te
2028 2356 2131 2409 im-

542 2445 766 2516 peravit
820 2454 882 2500 ut
934 2447 1290 2515 ingrederer;
1345 2454 1399 2501 et
1435 2446 1633 2500 similia
1687 2446 1858 2499 multa
1899 2445 2129 2511 furiosa,

546 2538 808 2594 scelerata
868 2547 923 2592 et
968 2552 1158 2592 revera
1213 2537 1505 2593 diabolica.
1564 2537 1718 2591 Talia
1771 2537 1863 2591 ubi
1920 2538 2131 2591 audivit

542 2631 766 2692 mulier,
816 2630 1194 2685 inhumaniter
1237 2647 1267 2685 a
1307 2632 1453 2684 malo
1500 2631 1665 2701 genio
1696 2630 1989 2701 ﬂagellata,
2045 2648 2133 2686 re-

541 2720 709 2775 vertit
754 2719 976 2773 domum
1028 2719 1097 2774 ad
1133 2721 1423 2791 conjugem
1476 2737 1639 2776 suum
1675 2739 1689 2775 :
1722 2723 1839 2791 qui,
1876 2723 2129 2777 dolorum

539 2813 665 2882 ejus
708 2812 991 2875 misertus,
1042 2826 1168 2866 cum
1224 2812 1343 2881 ipsa
1392 2812 1459 2865 ad
1534 2821 1787 2866 sanctum
1847 2814 2133 2869 contendit

544 2904 909 2974 Symeonem;
945 2911 1000 2958 et
1050 2913 1319 2974 quantum
1352 2920 1529 2973 nuper
1573 2912 1769 2958 contra
1811 2903 1985 2973 ipsam
2033 2905 2134 2959 ob-

543 2993 872 3057 testabatur,
912 2994 1323 3048 tantummodo
1367 3000 1423 3047 et
1448 2992 1687 3061 amplius
1732 3007 1832 3061 pro
1882 2993 2132 3062 ejusdem

541 3084 873 3153 deprecatur
902 3085 1207 3138 sanatione.
1239 3084 1357 3138 Non
1399 3083 1524 3137 tulit
1570 3081 1783 3135 dzemon
1817 3083 2131 3152 propiorem

545 3175 614 3230 ad
652 3175 978 3246 Symeonem
998 3191 1315 3241 accessum,
1351 3190 1523 3245 quare
1562 3188 1689 3227 mox
1731 3174 2019 3229 mulierem
2055 3176 2133 3229 al-
2160 3200 2203 3258 ο

545 3267 721 3323 lidere
750 3267 889 3332 solo,
934 3268 1088 3322 varie
1138 3266 1405 3321 dilaniare
1439 3276 1495 3321 et
1526 3273 1767 3337 raptare,
1810 3267 1867 3321 in
1897 3267 2131 3322 sublime

546 3357 742 3412 tollere
776 3366 833 3410 et
861 3356 1174 3419 demittere,
1230 3356 1471 3424 denique
1494 3356 1562 3410 ad
1594 3356 1958 3427 praecipitium
1983 3356 2132 3412 festi-

548 3464 701 3504 nare.
747 3448 920 3519 Cujus
972 3448 1250 3519 tragoediae
1295 3448 1590 3518 impatiens
1619 3458 1860 3513 sanctus,
1907 3464 2009 3503 nec
2048 3449 2132 3504 in-

548 3541 695 3595 tueri
741 3542 821 3595 sic
849 3542 1147 3610 patientem
1175 3541 1408 3596 ulterius
1432 3541 1734 3605 sustinens,
1775 3540 1842 3595 ad
1876 3540 1995 3596 haec
2025 3541 2131 3595 hu-

547 3648 712 3687 mano
745 3640 914 3701 atque
947 3632 1247 3686 miserante
1281 3631 1466 3685 animo
1511 3646 1679 3699 super
1712 3631 1885 3699 ipsam
1914 3640 2127 3685 motus:

548 3722 924 3792 lmpurissime
970 3732 1027 3776 et
1056 3722 1290 3791 maligne
1318 3721 1570 3790 spiritus,
1626 3720 1827 3790 inquit,
1869 3721 2131 3790 praacipio

549 3814 650 3868 tibi
695 3815 750 3868 in
786 3814 1008 3869 nomine
1043 3813 1165 3867 Filii
1208 3813 1325 3875 Dei,
1356 3820 1418 3866 ut
1445 3828 1609 3866 exeas
1646 3828 1712 3867 ex
1744 3813 1847 3868 hac
1875 3813 2128 3878 muliere,

545 3915 606 3962 et
630 3922 911 3977 nunquam
952 3921 1021 3960 eo
1050 3904 1312 3974 deinceps
1348 3903 1611 3959 divertas.
1650 3906 1739 3961 Uti
1771 3913 2128 3975 praeceptum,

549 3997 625 4051 ita
662 3997 867 4051 factum
906 4014 920 4050 :
955 3996 1203 4051 daemone
1257 3995 1406 4049 illico
1454 3996 1627 4050 multa
1677 4011 1802 4050 cum
1850 3996 2131 4052 vocifera-

550 4088 702 4142 tione
733 4096 788 4142 et
818 4087 1084 4142 conviciis
1107 4086 1448 4157 egrediente,
1481 4096 1648 4156 atque
1673 4087 2018 4157 relinquente
2048 4087 2131 4143 fe-

548 4180 754 4234 minam
790 4179 1015 4233 omnino
1051 4188 1318 4233 sanatam.

618 4271 743 4325 229.
786 4270 999 4340 Babyla:
1033 4270 1320 4340 cujusdam
1372 4270 1565 4324 oculos
1609 4268 1879 4339 aegritudo
1911 4268 2129 4324 invase-

548 4370 657 4426 rat,
700 4377 864 4430 quam
904 4370 960 4415 et
985 4362 1202 4416 caecitas
1230 4371 1526 4416 consecuta
1552 4370 1637 4415 est
1670 4377 1683 4414 :
1718 4376 1955 4431 cumque
1984 4362 2125 4417 nihil

548 4456 671 4526 opis
713 4455 904 4511 haberi
942 4472 1009 4509 ex
1035 4463 1154 4509 arte
1200 4455 1539 4509 medentium
1569 4465 1773 4525 posset,
1822 4458 1995 4513 sancti
2031 4457 2129 4530 Sy-

2154 1855 2201 1915 B

2228 609 2548 679 ἀνελόμενος
2599 610 2660 663 τὸ
2707 608 2929 680 βρέφος,
2953 608 3078 678 ἥκει
3108 608 3259 679 παρὰ
3294 608 3385 662 τὸν
3422 609 3569 677 ἆγιον
3608 607 3760 680 αὖθις,

2227 696 2316 754 οία
2361 701 2511 773 παρά
2546 701 2645 771 τῆς
2681 700 2939 770 γυναικὸς
2986 698 3134 769 αὒτῷ
3179 699 3376 769 συνέῦη
3419 701 3762 773 ἐκτραγῳδῶν,

2229 792 2458 846 καὶτῶν
2486 792 2746 863 ῥημάτων
2780 791 2993 862 δάκρυα
3036 790 3340 861 καταχέων,
3374 791 3472 860 τὴν
3518 791 3650 845 ἔνδον
3681 796 3765 864 τῆς

2229 884 2455 955 καρδίας
2487 882 2642 952 τῆξιν
2674 882 2970 953 μηνύοντα,
2997 879 3114 936 εἶτα
3140 881 3235 936 καλ⁵
3262 881 3322 935 τὺ
3354 882 3543 953 βρέφος
3569 884 3765 942 ἐνώπιον

2228 975 2393 1029 αὑτοῦ
2425 974 2651 1046 ῥίπτων,
2681 974 2777 1028 καὶ⁵
2821 973 2958 1043 πρὸς
2992 974 3270 1043 ἐκδίκησιν
3306 973 3493 1027 τούτου
3532 975 3617 1029 τὸν
3637 977 3765 1042 ἄτιον

2230 1064 2650 1136 ἐκκαλούμενος.
2694 1065 3051 1137 Διαπονηθεὶς
3098 1062 3193 1119 οὖν
3239 1064 3268 1117 6
3319 1064 3561 1133 Συμεὼν,
3603 1066 3687 1120 καί
3723 1086 3766 1123 τι

2229 1157 2367 1229 πρὸς
2398 1156 2627 1229 οὐρανὸν
2661 1155 2917 1227 ὀδυνηρὸν
2960 1154 3234 1219 ἀτενίσας.
3281 1154 3342 1207 '0
3375 1154 3525 1219 Θεὸς,
3569 1151 3721 1222 εἶπεν,
3741 1159 3767 1213 6

2234 1250 2427 1322 μέγας,
2454 1251 2484 1305 6
2511 1248 2928 1318 παντοκράτωρ,
2972 1241 3035 1302 οὗ
3075 1247 3125 1300 οἱ
3163 1246 3434 1317 ὀφθαλμοὶ
3466 1248 3765 1319 ἀνεῳγμένοι

2232 1344 2312 1406 εἰς
2338 1343 2491 1405 ὁδοὺς
2534 1340 2646 1394 τῶν
2698 1339 2831 1394 υἱῶν
2873 1338 2984 1393 τῶν
3019 1337 3343 1409 ἀνθρώπων,
3371 1337 3547 1392 δοῦναι
3583 1341 3767 1413 ἐκάστῳ

2234 1433 2372 1488 κατὰ
2404 1432 2504 1504 τὴν
2533 1432 2649 1486 ὁδὸν
2672 1429 2836 1484 αὐτοῦ
2859 1446 2872 1461 ο
2895 1431 2943 1482 εί
2968 1430 3194 1499 ἀιοεστὺν
3223 1428 3452 1483 ἐνώπιόν
3486 1447 3597 1496 σου,
3626 1449 3766 1503 μετα.

2231 1525 2381 1596 δήτω
2408 1523 2545 1594 πρὸς
2569 1522 2670 1595 τὴν
2701 1523 2939 1591 γυναῖκα
2970 1521 3030 1574 τδ
3058 1521 3302 1575 ἐνοικοῦν
3334 1520 3411 1592 τῷ
3439 1522 3600 1595 ἀθλίῳ
3622 1524 3768 1596 τούτῳ

2230 1613 2527 1684 δαιμόνιον,
2554 1611 2622 1666 ἶν’
2649 1612 2822 1665 ἐλεεῖν
2852 1610 3073 1682 διδαχθῇ
3101 1608 3196 1663 τοῦ
3228 1610 3365 1682 παρ’
3395 1612 3588 1680 ἐτέρων
3613 1612 3771 1678 ἐλέους

2230 1706 2367 1776 αὐτὴ
2402 1704 2674 1776 δεηθεῖσα,
2706 1703 2802 1756 καὶ
2842 1704 3009 1775 πείρᾳ
3058 1702 3203 1774 μάθῃ
3234 1701 3421 1771 σαφῶς
3452 1702 3481 1756 6
3504 1704 3626 1774 παρ’
3655 1705 3771 1775 αὐτῇ

2230 1793 2299 1845 τά
2321 1792 2418 1858 τῆς
2444 1790 2657 1861 φύσεως
2682 1790 2919 1861 ἠγνόησε
2948 1790 3251 1862 σπλάγχνα.

2301 1968 2444 2039 σκη’.
2480 1967 2665 2023 Ταῦτα
2700 1968 2795 2021 τοῦ
2825 1967 3052 2039 Συμεὼν
3080 1967 3403 2040 εὐξαμένου,
3440 1972 3468 2024 6
3498 1971 3591 2041 μὲν
3621 1974 3771 2025 νεανί-

2230 2080 2361 2127 σκος
2401 2062 2496 2115 τοῦ
2542 2061 2794 2130 δαίμονος
2827 2061 3167 2131 ἀπήλλακτο,
3198 2062 3231 2132 ὴ
3261 2062 3402 2133 γυνὴ
3431 2062 3487 2115 δὲ
3520 2064 3603 2117 ὑπ’
3634 2064 3770 2118 αὑτοῦ

2228 2154 2580 2225 κατείληπτο.
2608 2153 2680 2206 Σύ
2723 2171 2791 2223 με
2822 2153 2919 2207 τοῦ
2962 2154 3164 2206 οἰκείου
3200 2154 3392 2226 ἀνδρὸς
3433 2155 3684 2227 ἐχώρισας
3704 2158 3773 2211 λέ-

2230 2263 2438 2316 γοντος,
2471 2245 2534 2298 σύ
2564 2263 2631 2316 με
2663 2244 2757 2299 τοῦ
2786 2246 3035 2299 συνοίκου
3072 2245 3373 2311 διέζευξας,
3410 2246 3495 2300 διὰ
3521 2248 3577 2300 σὲ
3610 2248 3771 2304 τούτου

2230 2339 2445 2407 πικρῶς
2472 2338 2855 2407 ἀπελήλαμαι·
2883 2338 2911 2388 ὁ
2935 2337 3144 2391 ἐκεῖθεν
3171 2338 3421 2393 ἐκὸαλὼν
3446 2339 3562 2407 ἐμὲ,
3588 2340 3772 2409 ἐπέτρε·

2229 2431 2330 2501 ψεν
2362 2430 2534 2484 ἐλθεῖν
2570 2429 2665 2483 ἐπὶ
2701 2430 2783 2494 σὲ,
2814 2430 2908 2483 καὶ
2935 2429 3069 2483 ἄλλα
3093 2430 3338 2496 τοιαῦτα,
3367 2432 3564 2501 μανικά
3591 2449 3645 2485 τε
3676 2433 3771 2503 ἃμα

2231 2522 2325 2575 καὶ
2357 2521 2550 2592 μιαρὰ,
2573 2521 2669 2574 καὶ
2696 2519 2774 2591 τῷ
2795 2520 2909 2573 ὄντι
2933 2519 3278 2591 δαιμονιώδη.
3302 2516 3407 2573 Ὧν
3435 2522 3607 2591 ἐκείνη
3632 2523 3772 2575 dumi-

2234 2630 2397 2675 σασα,
2428 2612 2523 2666 καὶ
2555 2611 2661 2665 ὑπὸ
2692 2611 2785 2666 τοῦ
2812 2611 3066 2682 δαίμονος
3094 2613 3323 2682 άφι-λανθ
3335 2613 3526 2683 ρώπως
3557 2616 3774 2682 μαστιζο-

2237 2705 2393 2776 μένη,
2429 2703 2708 2757 ἐπάνεισιν
2748 2704 2832 2767 εἰς
2858 2704 2957 2774 τὴν
2992 2704 3171 2759 οἰκίαν
3215 2705 3371 2774 παρά
3400 2705 3489 2758 τὸν
3518 2706 3685 2775 ἄνδρα.
3727 2706 3773 2757 '0

2233 2797 2290 2850 δὲ
2317 2795 2412 2850 τοῦ
2446 2795 2652 2858 πάθους
2675 2795 2949 2864 οἰκτείρας
2974 2795 3163 2866 αὐτὴν,
3194 2798 3345 2865 παρά
3366 2796 3455 2849 τὸν
3485 2796 3627 2864 ἆγιον
3649 2796 3769 2863 ἄγει,

2233 2889 2334 2942 ὅσα
2365 2888 2485 2941 κατ’
2511 2887 2681 2957 αὐτῆς
2722 2888 3001 2941 κατέτεινε
3028 2889 3240 2959 πρώην,
3270 2888 3512 2942 τοσαῦτα
3543 2888 3629 2942 νῦν
3655 2890 3771 2958 ὑπὲρ

2234 2980 2400 3049 αὐτῆς
2429 2978 2521 3032 καὶ
2544 2978 2713 3031 πλείω
2746 2978 3021 3051 δεόμενος.
3053 2979 3164 3047 Τὴν
3189 2978 3325 3048 πρὸς
3356 2979 3446 3031 τὸν
3478 2976 3680 3048 Συμεὼν
3698 2981 3772 3045 ὲγο

2234 3071 2444 3143 γύτητα
2477 3070 2658 3123 τοίνυν
2690 3070 2789 3123 οὐκ
2818 3069 3043 3138 ἐνεγκὸν
3063 3067 3125 3121 τὸ
3151 3067 3453 3137 δαιμόνιον,
3484 3068 3667 3138 ἠρξατο
3699 3068 3770 3137 ρε-

2234 3181 2393 3217 πτειν
2435 3162 2596 3225 εὐθὺς
2626 3161 2766 3216 κατά
2793 3160 2898 3230 γῆς
2931 3161 3031 3230 τὴν
3062 3163 3294 3228 γυναῖκα
3331 3160 3428 3213 καὶ
3462 3160 3769 3231 σπαράττειν,

2236 3258 2329 3311 καὶ
2372 3256 2732 3319 ἐκτινάσσειν,
2782 3253 3036 3323 καθάπερ
3069 3252 3238 3322 αὐτὴν
3289 3247 3423 3323 ἆραι
3470 3252 3557 3305 καὶ
3590 3253 3770 3321 ἀφεῖναι

2231 3344 2637 3417 κατακρημνῶν
2678 3341 3051 3414 ἐπειγόμενον.
3097 3343 3294 3396 Οὐκέτι
3338 3341 3615 3412 τοιγαροῦν
3655 3342 3770 3395 οὕτω

2232 3440 2546 3508 πάσχουσαν
2580 3436 2750 3506 αὐτὴν
2793 3436 2927 3507 όρᾷν
2969 3436 2998 3487 6
3032 3433 3256 3505 Συμεὼν
3297 3434 3632 3505 ἀνεχόμενος,
3663 3430 3770 3485 ἀλλά

2231 3527 2621 3598 φιλάνθρωπόν
2660 3544 2714 3580 τι
2759 3526 2855 3580 καὶ
2884 3525 3170 3595 συμπαθὲς
3202 3524 3393 3578 παθὼν
3424 3526 3506 3578 ἐπ’
3538 3523 3688 3594 αὐτῷ,
3713 3523 3769 3573 T6

2231 3621 2541 3691 ἀκάθαρτον
2582 3618 2679 3672 καὶ
2704 3616 2939 3688 πονηρὸν
2966 3616 3205 3685 πνεῦμα,
3240 3616 3357 3685 ἐγώ
3394 3635 3474 3670 σοι
3515 3618 3767 3678 ἐπιτάττοι,

2233 3712 2419 3783 φησὶν,
2471 3712 2529 3763 ἐν
2576 3709 2656 3780 τῷ
2705 3708 2932 3778 ὀνόματι
2976 3707 3071 3761 τοῦ
3124 3708 3259 3761 Θεεῦ
3308 3707 3544 3773 ἐξελθεῖν
3583 3709 3662 3761 ἀπ’
3692 3708 3769 3759 αὑ-

2231 3805 2355 3873 τῆς,
2416 3804 2513 3857 καὶ
2582 3802 2787 3873 μηκέτι
2845 3801 2983 3872 πρὸς
3033 3801 3202 3872 αὐτὴν
3255 3802 3541 3856 ἀναλῦσαι.
3587 3802 3654 3855 T6
3693 3800 3771 3869 μὲν

2231 3890 2326 3948 οὖν
2360 3894 2642 3964 ἐπίταγμα
2688 3892 2846 3965 ἔργον
2887 3887 2976 3962 ἦν,
3009 3893 3103 3944 καλ⁸
3142 3891 3312 3945 πολλά
3367 3893 3573 3962 πράξαν
3613 3890 3773 3943 αὐτίκα

2232 3988 2329 4041 καὶ
2358 3987 2679 4058 φλυαρῆσαν
2726 3983 2971 4056 ἐξῆλθεν,
3004 3985 3133 4056 ὑγιῆ
3183 3985 3281 4056 τὴν
3316 3986 3621 4056 πάσχουσαν
3664 3985 3774 4036 ἁποο

2233 4080 2505 4144 λελοιπός.

2305 4256 2441 4312 σκθ’.
2476 4254 2695 4326 Βαϐύλα
2733 4254 2793 4309 δέ
2834 4270 2942 4307 τινι
2992 4253 3205 4325 νόσημα
3249 4254 3466 4321 γεγόνει
3498 4220 3625 4321 ’περὶ
3673 4246 3776 4308 τοὺς

2231 4348 2565 4418 ὀφθαλμοὺς,
2617 4340 2776 4415 ᾧκαὶ
2836 4344 3107 4414 τύφλωσις
3158 4343 3522 4413 ἠκολούθησεν
3556 4338 3659 4401 ’ὡς
3702 4332 3777 4391 οὖν
3818 4386 3824 4392 ,

2231 4438 2457 4493 ὃνασθαί
2487 4456 2539 4491 τι
2566 4437 2667 4508 τῆς
2696 4437 2896 4503 ίατρῶν
2924 4434 3120 4506 τέχνης
3148 4435 3247 4488 οὐκ
3274 4429 3367 4505 ἦν,
3394 4434 3455 4487 τὸ
3474 4431 3564 4485 τοῦ
3588 4427 3775 4498 Συμεὼν

548 4545 765 4599 meonis
799 4558 999 4597 nomen
1054 4559 1154 4612 pro
1199 4544 1487 4598 curatione
1540 4545 1844 4611 invocavit;
1887 4546 2130 4617 viditque

2240 4533 2409 4601 ὄνομα
2462 4530 2599 4602 πρὸς
2634 4528 2934 4599 θεραπείαν
2968 4527 3312 4581 ἐπεκαλεῖτο.
3355 4526 3489 4597 Ὁρᾷ
3526 4518 3774 4593 τοιγαροῦν

546 4646 715 4693 nocte
745 4636 1000 4706 sequenti
1033 4645 1304 4699 sanctum,
1359 4651 1503 4706 equo
1542 4637 1778 4691 candido
1825 4638 2123 4705 invectum,

548 4731 721 4785 veluti
773 4729 1046 4785 medicum
1082 4739 1137 4785 et
1187 4745 1409 4784 manum
1460 4730 1673 4785 affectis
1727 4731 1902 4786 oculis
1932 4732 2128 4802 ,impo-

546 4832 799 4887 nentem,
836 4822 1223 4891 dicentemque
1261 4840 1274 4875 :
1314 4822 1546 4892 ReSpice
1590 4831 1739 4878 recta
1784 4824 1852 4879 ad
1886 4834 2128 4881 montem

547 4914 878 4967 mirabilem.
911 4912 1139 4967 Levavit
1183 4913 1366 4983 itaque
1417 4930 1475 4969 se
1512 4913 1697 4969 statim
1748 4924 1806 4969 et
1839 4916 2017 4970 oculis
2062 4931 2130 4971 eo

546 5004 777 5061 directis
802 5020 816 5057 :
841 5002 1060 5058 Christe
1111 5004 1363 5071 Domine,
1396 5005 1495 5069 ait,
1529 5006 1674 5061 Deus
1701 5005 1891 5061 famuli
1924 5009 2001 5063 tui
2030 5006 2131 5080 Sy-

549 5095 782 5160 meonis,
812 5093 1034 5149 medere
1078 5095 1256 5149 oculis
1293 5095 1452 5152 meis.
1485 5096 1553 5150 Et
1595 5097 1649 5150 in
1689 5097 1809 5167 ipso
1848 5110 2130 5154 momento

546 5186 707 5250 vidit,
738 5185 988 5255 quamvis
1021 5185 1359 5241 subobscure
1387 5195 1444 5242 et
1470 5188 1731 5242 tenuiter.
1762 5188 1832 5245 Ut
1864 5198 2048 5245 autem
2072 5206 2131 5246 se

548 5278 741 5333 videre
784 5278 1060 5348 cognovit,
1091 5295 1212 5349 qua:
1240 5279 1478 5333 habebat
1504 5280 1850 5347 charissima,
1880 5298 2131 5348 uxorem,

548 5370 795 5441 inquam,
810 5377 867 5425 et
884 5369 1090 5426 liberos
1107 5385 1416 5433 assumens,
1441 5370 1509 5423 ad
1528 5377 1778 5424 sanctum
1804 5369 2130 5443 Symeonem

545 5464 836 5532 processit.
881 5463 1237 5517 nuntiaturus
1266 5462 1446 5531 qualis
1492 5460 1747 5516 beneficii
1793 5478 1894 5531 per
1947 5464 2127 5533 ipsum

546 5568 773 5623 compos
806 5554 982 5609 factus
1032 5554 1245 5608 luisset.
1296 5551 1398 5607 Cui
1451 5551 1540 5605 ille
1578 5552 1877 5609 Dominica:
1939 5554 2123 5609 crucis

547 5639 769 5711 signum
816 5640 1158 5710 imprimens,
1214 5641 1749 5710 perspicacissimum
1812 5644 1931 5699 sine
1977 5645 2128 5699 omni

552 5729 909 5787 hebetatione
941 5733 1231 5787 oculorum
1258 5732 1446 5789 lumen
1477 5733 1737 5788 donavit:
1770 5733 1971 5790 deinde
1993 5751 2129 5791 con-

545 5820 733 5893 jugem
758 5838 977 5894 quoque
1008 5824 1130 5895 ejus
1154 5824 1533 5883 czecutientcm
1564 5827 1807 5894 sanavit;
1867 5828 2072 5884 liberos
2101 5846 2133 5884 a

2230 4627 2327 4696 τῆς
2344 4624 2535 4687 νυκτὸς
2556 4622 2771 4693 ἐκείνης
2793 4622 2957 4675 αὐτὸν
2979 4622 3069 4673 ἐπὶ
3092 4618 3287 4673 λευκοῦ
3307 4619 3479 4672 ἵππου
3502 4617 3575 4687 τῷ
3593 4612 3774 4683 ἰατρείῳ

2231 4715 2640 4786 παραϐαλόντα,
2658 4712 2821 4785 χεῖρά
2848 4729 2909 4765 τε
2936 4710 3085 4781 αὑτῷ
3114 4710 3396 4772 ἐπιθέντα,
3422 4708 3533 4773 καὶ,
3559 4702 3775 4759 ’Δνάόλε-

2228 4809 2329 4880 ψον
2359 4809 2489 4863 εὐθὺ
2530 4806 2627 4862 τοῦ
2659 4804 2972 4877 θαυμαστοῦ
3012 4804 3194 4873 ὅρους,
3230 4802 3582 4855 κελεύσαντα.
3612 4802 3775 4849 Διανα-

2233 4902 2364 4965 στάς
2395 4901 2574 4956 τοίνυν
2598 4901 2798 4954 αὐτίκα.
2840 4896 3062 4959 καὶτὰς
3103 4894 3253 4965 ὅψεις
3296 4894 3384 4946 ἐπ’
3421 4885 3773 4959 αὐτῷςίθύνας,

2231 4995 2437 5068 Χριστὲ
2468 4996 2497 5049 ό
2528 4993 2661 5057 Θεὸς
2690 4992 2785 5047 τοῦ
2830 4989 3017 5045 δούλου
3050 5004 3144 5041 σου
3188 4983 3435 5056 Συμεὼν,
3464 4978 3630 5045 εἶπεν,
3657 4972 3777 5029 ίασιί

2236 5108 2304 5161 με
2336 5091 2463 5152 τοὺς
2484 5084 2821 5157 ὀφθαλμούς.
2854 5083 2967 5136 Καὶ
2988 5079 3299 5149 ἀναϐλέψας
3323 5078 3427 5148 όρᾷ
3452 5070 3773 5161 παραχρῆμα,

2233 5158 2283 5234 εἰ
2321 5180 2415 5233 καλ⁸
2447 5177 2691 5248 ἀμυδρόν
2723 5192 2775 5229 τι
2805 5175 2900 5227 καὶ
2934 5170 3167 5243 ἀδρανὲς
3188 5187 3201 5201 ·
3241 5171 3343 5241 ὁρᾷ
3389 5169 3433 5220 δ’
3466 5166 3575 5229 οὖν,
3610 5166 3690 5214 καὶ
3710 5158 3776 5248 τὶ

2235 5272 2468 5341 φίλτατα
2491 5246 2609 5332 ήώςγ
2632 5263 2767 5337 εἶχε,
2814 5263 3055 5333 γυναῖκά
3083 5278 3225 5331 φημι
3271 5261 3367 5313 καὶ
3406 5256 3572 5309 τέκνα
3610 5246 3774 5341 λαὸὼγς

2235 5336 2486 5437 πρόσεισι
2516 5360 2594 5431 τῷ
2631 5336 2877 5430 Συμεὼν,
2909 5354 3272 5422 ἀπαγγέλλων
3301 5351 3419 5413 οἵας
3450 5348 3507 5437 ἐξ
3532 5342 3682 5437 αὐτοῦ
3706 5336 3777 5391 τύο

2234 5431 2319 5529 χοι
2345 5452 2684 5525 εὐεργεσίας.
2725 5449 2785 5503 '0
2814 5448 2871 5501 δὲ
2896 5446 2988 5499 τὸν
3011 5441 3337 5497 Δεσποτικὸν
3362 5436 3512 5507 αὐτῴ
3534 5431 3622 5487 τοῦ
3648 5442 3778 5529 σταυ-

2237 5521 2333 5616 ροῦ
2381 5521 2551 5601 τόπον
2601 5540 2896 5606 ἐπιϐαλὼν,
2939 5537 3225 5606 ἐλεύθερον
3279 5530 3429 5603 αὐτῷ
3474 5529 3648 5596 πάσης
3693 5521 3776 5587 ἀμ·

2238 5638 2516 5712 βλυωπίας
2545 5636 2607 5690 τὸ
2630 5636 2740 5688 τῶν
2774 5631 3069 5703 ὀφθαλμῶν
3106 5630 3389 5701 χαρίζεται
3437 5622 3583 5692 φῶς·
3605 5616 3775 5712 ’ἔπειτα

2240 5708 2424 5805 μέντοι
2466 5730 2562 5785 καὶ
2593 5728 2692 5799 τὴν
2736 5728 2990 5795 γυναῖκα,
3035 5719 3455 5792 τυφλώττουσαν
3504 5708 3773 5805 ἰασάμενος.

2238 5796 2333 5882 καὶ
2363 5796 2735 5896 δαιμονῶντας
2760 5816 3109 5890 θεραπεύσας
3147 5815 3275 5879 τοὺς
3307 5808 3525 5874 παῖδας,
3561 5800 3648 5857 καὶ
3680 5796 3773 5850 ὅλοι
