4032 6534
309 440 446 506 3197

1327 451 1495 511 VITA
1534 458 1581 513 A
1621 455 2056 515 NICEPHORO
2094 457 2577 517 CONSCRIPTA:

3412 453 3555 519 3198

306 555 455 613 οἷκον
482 559 749 628 -μεγάλων
791 561 977 616 παθῶν
1022 562 1357 629 ἀπαλλάξας,
1390 567 1511 621 οὐδὲ
1541 567 1657 637 βίου
1687 567 1863 621 σπανία

1984 568 2326 625 daemonibus
2357 572 2595 624 insessos
2633 566 2884 634 curavit;
2935 575 2991 622 et
3048 569 3367 624 universam
3404 571 3563 625 fami-

299 647 495 712 ζοντας
544 652 833 721 περιεῖδεν.
879 652 1019 705 Ἀλλ’
1045 654 1169 707 ἐπεὶ
1222 656 1345 725 μηδ’
1376 657 1556 710 ὁτιοῦν
1600 658 1728 713 ἄλλο
1759 659 1885 714 τού-

299 757 415 805 τοις
461 740 543 795 δτι
598 743 673 813 μὴ
727 741 936 813 βραχὺς
989 741 1132 809 οίνος
1171 747 1401 817 προσῆν,
1455 749 1551 803 καὶ
1593 746 1747 814 οὗτος
1795 754 1883 818 ἐξ·

300 833 552 905 εστηκώς
596 852 654 887 τε
696 835 790 888 καὶ
838 835 1141 907 δευτερίας,
1176 838 1305 908 ἡδὺν
1352 840 1446 893 καὶ
1473 842 1662 896 τοῦτον
1698 845 1882 908 αὐτοῖς

297 928 364 995 τῇ
395 926 575 998 οίκείᾳ
604 927 784 999 τίθησι
814 928 982 996 κόνει,
1013 930 1109 981 καλ⁵
1134 930 1385 1001 πότιμον,
1428 934 1521 987 καὶ
1556 934 1877 1003 ἐπαγωγόνο

298 1018 394 1072 καὶ
414 1018 587 1083 οὕτως
616 1020 716 1074 οὐκ
739 1021 922 1092 ὀλίγου
948 1020 1202 1093 πραθεὶς,
1240 1024 1477 1097 ἤρκεσεν
1498 1026 1685 1091 αὐτοῖς
1705 1028 1783 1094 είς
1810 1028 1881 1083 τὰ

298 1110 597 1179 ἀναγκαῖα.

369 1283 466 1343 σλ⁹.
494 1285 718 1352 Τούτοις
747 1288 896 1356 ἄξιον
928 1290 1106 1346 έκεῖνο
1137 1292 1471 1363 προσθεῖναι·
1500 1295 1877 1368 Πρεσϐύτερός

292 1394 399 1444 τις,
420 1379 485 1433 ἐκ
512 1379 704 1451 κώμης
728 1382 1021 1446 Βασιλείας
1050 1383 1193 1438 οὕτω
1213 1384 1512 1456 λεγομένης
1533 1389 1873 1459 ὁρμώμενος,

292 1470 568 1535 πολύπαις
593 1470 689 1535 ὢν,
720 1474 890 1537 ἄπαις
918 1474 1220 1541 ἐδείκνυτο,
1251 1476 1351 1547 τὴν
1390 1479 1470 1542 είς
1500 1478 1616 1547 φῶς
1642 1480 1873 1533 ἑκάστου

290 1563 403 1618 τῶν
423 1564 759 1634 τικτομένων
789 1566 1018 1636 πρόοδον
1058 1567 1318 1638 τελευτῆς
1346 1569 1509 1635 εὐθὺς
1559 1572 1875 1645 διαδεχομέ-

291 1674 411 1729 νης.
441 1659 696 1729 Πρόσεισι
731 1659 913 1712 τοίνυν
940 1660 998 1713 ὲν
1029 1664 1229 1732 συνοχῇ
1265 1661 1610 1734 σπλάγχνων,
1642 1667 1738 1720 καὶ
1782 1686 1874 1722 πι-

290 1748 442 1819 κρῶν
491 1750 742 1821 δακρύων
800 1752 1028 1822 ἐπιρροῇ
1056 1750 1133 1822 τῷ
1164 1752 1471 1826 θαυμαστῷ
1517 1756 1765 1827 Συμεὼν,
1802 1759 1871 1812 τὰ

289 1842 414 1895 κατ’
441 1840 602 1894 αὐτὸν
626 1843 974 1911 ἀπαγγέλων⁶
1005 1845 1113 1897 Καὶ
1139 1845 1220 1908 ὃς,
1259 1847 1556 1917 Ἐπάνηκε,
1587 1851 1721 1919 φησὶ
1752 1852 1873 1921 χαί-

292 1948 425 2003 ρων,
456 1934 595 2003 έχων
616 1934 714 2005 ήδη
747 1936 807 1988 τὸ
830 1938 1051 2007 αἰτηθὲν
1080 1943 1144 1991 ὲκ
1168 1937 1325 1992 Θεοῦ.
1360 1938 1451 2008 Τῷ
1477 1938 1534 1992 δὲ
1562 1941 1663 2010 τὴν
1693 1942 1867 2010 ἐπαγ-

287 2023 477 2092 γελίαν
543 2025 619 2090 ὡς
672 2028 997 2098 εὐεργεσίαν
1048 2030 1316 2099 αὐτοτελῆ
1376 2029 1655 2102 δεξαμένῳ
1689 2074 1707 2100 ,
1772 2035 1868 2088 καὶ

284 2115 481 2188 ὥσπερ
517 2135 570 2171 τι
592 2118 771 2190 ψυχῆς
797 2121 961 2191 ἄχθος
994 2122 1319 2193 ἀποθεμένῳ
1349 2124 1655 2194 βαρύτατον
1676 2165 1691 2189 ,
1717 2129 1869 2196 τρεῖς

284 2210 383 2264 ἐπὶ
407 2211 639 2283 θυγατρὶ
664 2212 960 2281 γεννῶνται
992 2214 1130 2283 μετὰ
1153 2214 1326 2268 ταῦτα
1357 2216 1461 2268 υίοί
1486 2232 1500 2246 ·
1533 2209 1609 2270 ὧν
1662 2218 1691 2269 ὁ
1733 2233 1865 2287 πρεο

284 2302 552 2372 σϐύτερος
575 2304 738 2358 πάθει
755 2304 1103 2373 δυσεντερίας
1134 2305 1316 2371 ἁλοὺς,
1344 2309 1439 2361 καὶ
1454 2307 1551 2376 τὴν
1578 2308 1637 2373 ἐξ
1657 2307 1866 2379 ἀνθρώ-

281 2412 405 2448 πων
433 2396 528 2449 καὶ
551 2396 748 2467 τέχνης
796 2397 1068 2465 ἀπογνοὺς
1099 2396 1420 2469 θεραπείαν,
1462 2400 1554 2453 ἐπὶ
1600 2398 1690 2453 τὸν
1723 2400 1865 2455 θεῖον

282 2484 512 2555 Συμεὼν
572 2486 949 2555 καταφεύγει,
994 2488 1089 2540 καὶ
1135 2489 1211 2552 ὠς
1262 2490 1425 2544 αὐτὸν
1470 2492 1866 2561 ἀνακομισθεὶς

280 2576 438 2646 παρὰ
458 2577 551 2630 τοῦ
580 2577 856 2642 τεκόντος,
883 2574 970 2631 οἷα
1015 2579 1360 2651 μηδ’,ἀρκείν
1377 2583 1557 2654 ἑαυτῷ
1592 2583 1730 2655 πρὸς
1764 2584 1865 2655 τὴν

279 2667 512 2737 πορείαν
535 2668 854 2741 δυνάμενος,
887 2668 1177 2726 ἐπάνεισιν
1200 2672 1381 2745 ὑγιής.

353 2845 489 2900 σλα¹.
530 2845 689 2901 Ἀλλὰ
718 2845 815 2918 τὴν
842 2847 928 2900 ἐπ’
947 2847 1099 2919 αὐτῷ
1126 2846 1220 2903 τοῦ
1242 2849 1447 2921 πατρὸς
1478 2849 1818 2921 εὐφροσύνην
1845 2890 1861 2915 ,

278 2935 490 3009 ἀθυμία
515 2938 677 2993 πάλιν
710 2939 1011 3009 ἐκδέχεται,
1046 2940 1215 3011 λήθην
1239 2940 1333 2993 καὶ
1358 2940 1528 3009 αὐτῆς
1556 2942 1863 3009 ἐμποιοῦσα

279 3032 431 3101 (ἐπεὶ
482 3033 576 3086 καὶ
629 3033 871 3099 πέφυκεν
899 3032 1021 3085 ὅλον
1046 3031 1123 3095 ὼς
1159 3033 1229 3086 τὰ
1256 3032 1426 3086 πολλὰ
1468 3034 1728 3101 γενέσθαι
1765 3034 1859 3101 τοῦ

278 3122 549 3194 παρόντος
578 3123 639 3177 τὸ
658 3123 758 3192 τῆς
788 3123 968 3194 ψυχῆς
1004 3126 1198 3194 χαῖρον
1228 3124 1260 3194 ἢ
1301 3124 1718 3195 παθαινόμενον,
1753 3128 1860 3179 τῶν

1986 661 2113 715 liam
2139 661 2396 729 gravibus
2422 661 2582 714 malis
2631 659 2883 714 liberavit
2911 674 3057 726 ;non
3093 659 3410 737 despiciens
3438 677 3560 715 eam

1983 752 2353 825 negligensve,
2379 751 2527 821 quod
2553 750 2631 804 rei
2662 749 2949 805 familiaris
2998 752 3228 819 penuria
3276 766 3560 821 premere-

1986 851 2110 897 tur:
2137 844 2270 913 quin
2300 842 2505 913 potius,
2532 841 2793 910 quoniam
2824 841 2961 894 nihil
2998 826 3108 894 illis
3139 848 3426 910 superaret
3448 841 3557 895 nisi

1982 935 2283 1005 pauxillum
2311 932 2445 996 vini,
2483 931 2647 1001 idque
2669 930 2929 999 fugientis
2961 940 3017 983 ct
3064 931 3397 990 secundarii.
3422 931 3557 984 illud

1981 1026 2206 1095 pulvere
2255 1039 2355 1079 suo
2401 1038 2568 1076 suave
2607 1029 2662 1076 et
2715 1029 2903 1090 aptum
2952 1021 3107 1089 potui
3141 1036 3205 1075 ac
3260 1021 3556 1075 delicatum

1981 1116 2250 1171 reddidit:
2284 1125 2448 1186 atque
2479 1115 2554 1169 ita
2575 1130 2685 1168 non
2708 1112 2860 1183 parvi
2881 1112 3187 1179 venditum,
3210 1112 3432 1167 suffecit
3460 1129 3558 1169 ne-

1977 1208 2234 1264 cessariis
2263 1207 2390 1263 vitae
2408 1206 2814 1276 comparandis.

2048 1300 2171 1355 2'50.
2211 1300 2371 1355 llisce
2392 1299 2617 1369 dignum
2650 1306 2735 1353 est
2783 1296 2916 1352 illud
2939 1296 3083 1366 quod
3120 1295 3353 1351 addatur
3383 1313 3396 1350 :
3422 1297 3558 1351 Pre-

1978 1393 2167 1464 sbyter
2222 1392 2469 1463 quidam,
2526 1407 2593 1446 ex
2642 1406 2779 1461 pago
2830 1390 2924 1459 qui
2985 1388 3289 1443 vocabatur
3343 1388 3557 1443 Basilea

1977 1484 2269 1549 oriundus,
2302 1499 2428 1538 cum
2470 1484 2675 1538 multos
2700 1482 2981 1553 genuisset
3009 1482 3237 1546 liberos,
3263 1481 3383 1535 sine
3414 1481 3559 1534 libe-

1977 1579 2053 1633 ris
2076 1588 2215 1642 erat,
2254 1586 2451 1640 morte,
2474 1577 2637 1632 simul
2675 1586 2838 1645 atque
2884 1576 3017 1631 editi
3043 1577 3097 1629 in
3146 1577 3326 1630 lucem
3348 1584 3553 1638 essent,

1975 1685 2250 1740 quemque
2295 1677 2620 1738 occupante.
2671 1668 2935 1737 Properat
2980 1667 3149 1737 igitur
3197 1667 3252 1721 in
3302 1668 3557 1737 angustia

1975 1759 2161 1813 cordis
2189 1766 2435 1813 torrente
2461 1758 2785 1813 acerbarum
2814 1759 3179 1829 lacrymarum
3197 1759 3550 1827 decurrente,

1974 1851 2041 1905 ad
2077 1850 2385 1905 mirabilem
2413 1849 2762 1921 Symeonem,
2822 1864 3005 1903 rerum
3072 1863 3295 1903 suarum
3348 1858 3549 1905 statum

1973 1924 2347 1995 nuntiaturﬁs.
2410 1939 2511 1995 Cui
2568 1948 2851 1994 sanctus:
2914 1939 3217 1993 Revertere
3268 1940 3549 2008 gaudens;

1971 2046 2295 2087 concessum
2315 2033 2424 2101 jam
2448 2031 2547 2085 tibi
2577 2047 2607 2086 a
2632 2032 2745 2085 Deo
2797 2039 2903 2094 est,
2940 2030 3087 2099 quod
3117 2031 3345 2099 petiisti.
3390 2031 3550 2085 Exci-

1970 2121 2052 2190 pit
2076 2121 2168 2176 ille
2192 2122 2637 2192 promissionem,
2669 2130 2730 2175 ut
2773 2121 3103 2175 beneﬁcium
3134 2121 3313 2190 reipsa
3368 2122 3547 2192 impe-

1972 2218 2196 2279 tratum,
2219 2222 2274 2267 et
2324 2213 2539 2268 secluso
2592 2213 2785 2268 dolore
2846 2212 3029 2267 cordis
3050 2213 3393 2284 gravissimo,
3438 2221 3550 2268 tres

1971 2302 2170 2357 deinde
2202 2304 2344 2357 ﬁlios
2369 2315 2567 2373 praater
2598 2304 2761 2359 ﬁliam
2795 2304 3091 2376 progiguit.
3116 2305 3331 2361 Accidit
3364 2313 3550 2360 autem

1971 2393 2187 2448 illorum
2210 2394 2556 2463 grandiorem
2609 2408 2739 2451 natu
2787 2397 3101 2469 dysenteria
3152 2397 3426 2461 laborare,
3454 2396 3552 2452 de-

1970 2485 2297 2554 sperarique
2332 2486 2586 2541 humanae
2608 2488 2742 2543 artis
2794 2489 3160 2543 curationem.
3185 2488 3266 2542 Ad
3298 2497 3550 2543 sanctum

1970 2576 2301 2647 Symeonem
2350 2579 2519 2650 igitur
2573 2596 2864 2637 recurrere
2927 2584 3145 2637 visum:
3200 2596 3437 2649 cumque
3481 2594 3551 2634 eo

1969 2678 2223 2739 portatus
2247 2670 2443 2727 fuisset
2473 2688 2502 2727 a
2532 2674 2878 2742 parentibus,
2910 2684 3101 2743 utpote
3133 2689 3245 2727 non
3271 2672 3550 2727 sullieiens

1968 2778 2070 2832 per
2102 2763 2250 2817 vires
2274 2780 2401 2818 suas
2435 2764 2644 2830 itineri,
2688 2776 3016 2834 persanatus
3048 2766 3236 2820 rediit.

2036 2856 2164 2911 251.
2207 2856 2313 2911 Sed
2343 2857 2598 2918 lmtitiam
2645 2858 2789 2927 patri
2839 2857 2970 2912 hinc
3004 2866 3274 2923 exortam,
3331 2875 3550 2913 rursum

1968 2963 2184 3004 maeror
2210 2964 2349 3017 pene
2379 2949 2703 3005 exanimans
2737 2949 2928 3014 subiit,
2985 2950 3280 3019 gaudiique
3314 2952 3551 3008 {induxit

1967 3038 2304 3093 oblivionem
2369 3040 2465 3109 (ita
2518 3055 2756 3107 namque
2806 3040 2945 3092 solet
2988 3055 3151 3107 quam
3213 3041 3549 3097 creberrime

1969 3129 2109 3194 ﬁeri,
2143 3138 2202 3183 ut
2232 3130 2311 3183 rei
2335 3130 2623 3198 praesentis
2668 3128 2927 3198 gaudium
2978 3128 3063 3181 vel
3117 3128 3275 3183 dolor
3326 3130 3548 3186 deleant

278 3214 663 3286 προλαϐόντων
686 3214 1107 3287 ἀμνημονῆσαν)
1126 3232 1141 3246 ο
1171 3214 1414 3285 εὑρίσκει
1439 3216 1546 3286 γὰρ
1571 3215 1661 3269 τὸν
1681 3216 1862 3269 δεύτε-

1970 3220 2370 3288 praeteritorum
2401 3217 2744 3282 memoriam)
2774 3233 2787 3267 :
2829 3215 3300 3285 invenitnamque
3348 3233 3545 3274 secun-

278 3322 375 3378 ρον
392 3300 512 3358 ’τῶν
540 3304 670 3358 υίῶν
717 3305 891 3368 οὕτως
932 3305 1036 3357 ὐπὸ
1068 3306 1224 3358 νόσου
1256 3306 1743 3376 κατειργασμένον,
1789 3306 1863 3370 ὡς

276 3396 377 3452 καὶ
441 3398 691 3467 βοήθειαν
750 3398 837 3449 ἐπ’
882 3394 1032 3463 αὐτῷ
1100 3396 1281 3448 πᾶσαν
1330 3396 1675 3467 ἀνθρωπίνην
1719 3399 1863 3451 ἀπα-

276 3489 561 3559 γορεῦσαι.
626 3489 925 3560 Ἀρὰμενος
995 3486 1174 3541 τοίνυν
1228 3486 1421 3557 κομίζε
1494 3487 1569 3558 τῷ
1636 3490 1863 3557 Συμεὼν

277 3582 377 3636 καὶ
428 3582 591 3634 αὐτὸν
639 3619 655 3645 ,
718 3582 934 3644 δεικνὺς
1000 3581 1148 3644 ὅπως
1213 3579 1326 3649 ἔχει
1359 3621 1374 3644 ,
1435 3580 1527 3632 καὶ
1609 3581 1862 3651 μάρτυρα

276 3673 532 3743 καθάπερ
593 3672 801 3734 οἰκείας
873 3672 1196 3742 σπλάγχνων
1283 3670 1471 3740 ὀδύνης
1536 3672 1857 3740 ποιούμενος

274 3766 326 3819 εί
374 3764 590 3835 πατὴρ,
653 3765 748 3817 καὶ
812 3763 983 3815 ταῦτα
1043 3762 1335 3832 φιλόπαις,
1394 3762 1567 3828 οὐτως
1626 3764 1740 3817 υἱὸν
1770 3764 1862 3817 ἁν-

276 3857 457 3928 έχοιτο
500 3856 735 3927 βλέπων.
773 3854 1049 3917 Ἐκτείνας
1078 3854 1368 3925 τοιγαροῦν
1403 3855 1601 3908 αὐτίκα
1628 3854 1726 3925 τὴν
1777 3855 1860 3907 δε-

280 3948 446 4014 ξιὰν,
506 3948 601 4001 καλ⁵
657 3947 754 4017 τὴν
796 3947 961 3999 παῖδα
1014 3946 1345 4016 σφραγίσας,
1396 3946 1660 4015 Πορεύου,
1727 3947 1855 4017 ἔφη,

276 4039 460 4104 ζῶντα
505 4041 599 4094 καὶ
645 4039 805 4092 αὐτὸν
834 4041 891 4092 ὲν
924 4038 1149 4108 ὀνόματι
1198 4037 1436 4108 Χριστοῦ
1493 4037 1652 4109 ἔχων.
1688 4040 1747 4091 '0
1776 4041 1855 4103 δὲ,

276 4127 628 4202 φιλοτέκνίας
659 4131 961 4202 ὑπερϐολῇ,
1008 4129 1275 4200 μηδαμῶς
1309 4131 1614 4197 ἀποστῆναι
1666 4130 1854 4200 βουλό-

278 4240 463 4294 μενος,
498 4223 613 4276 ἀλλ’
643 4224 753 4292 ὅσῳ
801 4223 1022 4275 πλείονα
1072 4223 1265 4291 χρόνον
1298 4220 1448 4288 αὐτῷ
1496 4221 1854 4292 παραμείνοι,

274 4313 517 4386 τοσούτῳ
570 4313 739 4366 πλείω
792 4315 887 4367 καὶ
932 4313 1032 4382 τὴν
1055 4312 1114 4377 ἐξ
1139 4311 1303 4366 αὐτοῦ
1329 4312 1658 4382 κομίσασθαι
1688 4312 1854 4384 θερα-

163 4411 173 4421 “
276 4405 439 4460 πείαν
486 4406 578 4459 τὸν
627 4406 792 4458 παῖδα
821 4404 1078 4472 νομίζωνο
1103 4402 1464 4473 Συγχὼρησον
1511 4403 1666 4473 ἡμῖν,
1700 4404 1854 4458 δοῦλε

276 4496 375 4549 τοῦ
403 4496 561 4562 Θεοῦ,
597 4492 768 4559 εἶπεν,
802 4497 896 4547 ὲπὶ
926 4496 1090 4548 πλέον
1114 4495 1440 4564 προσμεῖναι
1474 4512 1582 4558 σοι,
1610 4496 1700 4550 ἵνα
1754 4500 1850 4550 καὶ

1976 3308 2295 3378 dogenitum
2341 3307 2416 3362 ita
2454 3308 2647 3361 morbo
2671 3306 3024 3370 exhaustum,
3069 3313 3131 3359 ut
3176 3306 3315 3361 nihil
3344 3308 3459 3377 spei
3489 3310 3547 3364 in

1972 3400 2213 3454 humana
2235 3416 2338 3468 ope
2360 3406 2693 3467 superesset.
2729 3396 3016 3451 Sublatum
3051 3396 3219 3467 igitur
3245 3398 3392 3455 hunc
3413 3417 3549 3470 quo-

1970 3508 2077 3562 que
2115 3500 2295 3560 portat
2327 3490 2394 3544 ad
2430 3489 2780 3561 Symeonem,
2823 3495 3143 3544 monstrans
3182 3492 3459 3560 quomodo
3486 3508 3547 3548 se

1971 3584 2237 3648 haberet;
2274 3592 2327 3637 et
2361 3592 2554 3637 testem
2583 3579 2991 3651 quodammodo
3025 3580 3281 3637 dolorum
3316 3598 3546 3638 suorum

1970 3678 2147 3745 ipsum
2196 3675 2407 3739 statuit,
2472 3684 2657 3728 utrum
2709 3673 2882 3743 patris
2942 3669 3163 3726 animus
3216 3681 3271 3727 et
3321 3674 3545 3742 quidem

1971 3767 2206 3819 ﬁliorum
2234 3775 2419 3819 tenere
2448 3764 2704 3828 amantis,
2734 3762 2996 3816 intuitum
3017 3762 3197 3831 prolis
3229 3762 3307 3817 sic
3334 3764 3545 3819 aﬁ‘ectaa

1968 3861 2143 3930 possit
2175 3859 2470 3913 sustinere.
2490 3857 2593 3923 Qui
2617 3858 2882 3911 continuo
2912 3863 3141 3909 extensa
3193 3872 3356 3911 manu
3411 3858 3544 3911 dex-

1967 3962 2084 4007 tera
2114 3967 2345 4022 puerum
2378 3951 2600 4017 signans
2627 3966 2639 4002 :
2667 3949 2837 4013 Vade,
2872 3949 3075 4019 inquit,
3105 3958 3162 4004 et
3208 3949 3357 4001 hunc
3400 3964 3543 4017 quo-

1967 4058 2073 4112 que
2104 4042 2161 4095 in
2196 4040 2418 4094 nomine
2447 4039 2651 4093 Christi
2703 4039 2906 4094 habeto
2950 4040 3161 4093 vivum.
3205 4038 3408 4092 Verum
3451 4036 3544 4092 ille

1966 4148 2193 4187 excessu
2224 4129 2463 4201 quodam
2488 4129 2692 4183 amoris
2728 4131 2784 4184 in
2822 4130 3034 4198 prolem
3066 4142 3411 4196 nequaquam
3454 4142 3543 4181 re-

1968 4224 2162 4279 cedere
2186 4222 2395 4277 voluit:
2426 4221 2523 4276 sed
2556 4228 2709 4275 ratus
2769 4228 2922 4274 tanto
2957 4220 3272 4275 uberiorem
3305 4218 3416 4271 ﬁlio
3441 4217 3544 4271 im-

1964 4315 2226 4386 perlitum
2276 4314 2344 4368 iri
2384 4312 2689 4368 curationis
2744 4313 2997 4383 gratiam,
3056 4320 3265 4379 quanto
3305 4309 3543 4380 longiori

1966 4415 2211 4477 tempore
2239 4407 2363 4461 istic
2393 4405 2731 4461 substitisset
2763 4425 2773 4458 :
2813 4405 2886 4457 Da
2929 4403 3169 4467 veniam,
3224 4401 3423 4471 inquit,
3457 4401 3542 4455 fa-

1962 4498 2111 4552 mule
2138 4497 2260 4562 Dei,
2318 4495 2467 4566 quod
2498 4495 2707 4548 diutius
2731 4493 2821 4547 hic
2874 4505 3395 4553 commemoremur,
3433 4504 3545 4558 quo

275 4589 675 4660 δαψιλεστέρας
699 4588 800 4657 τῆς
842 4586 995 4657 παρὰ
1041 4586 1136 4639 σοῦ
1179 4585 1433 4656 τύχωμεν
1472 4586 1745 4657 εὐλογίας,
1788 4588 1857 4659 ἢν

1970 4589 2327 4658 copiosiorem
2359 4603 2389 4641 a
2423 4595 2475 4640 te
2505 4584 2975 4649 benedictionem,
3012 4597 3177 4653 quam
3200 4582 3424 4636 dextera
3450 4588 3543 4635 tua

278 4682 413 4751 ἡμῖν
437 4682 470 4751 ἡ
495 4680 645 4744 δεξιά
678 4698 773 4733 σου
802 4678 1106 4750 χαρίζεται.

350 4772 861 4846 σλβ’.Δυσχεράνας
908 4775 1091 4828 τοίνυν
1152 4774 1291 4846 πρὸς
1327 4774 1500 4828 ταῦτα
1531 4776 1558 4829 ὁ
1605 4774 1853 4846 Συμεὼν,

289 4865 601 4936 Ἦπάτησαι
655 4866 741 4919 διὰ
781 4866 880 4936 τῆς
920 4864 1200 4930 ἀπιστίας,
1235 4865 1362 4935 ἔφη,
1394 4866 1488 4918 καὶ
1536 4864 1600 4919 σύ
1625 4880 1641 4897 ⁸
1673 4867 1706 4937 ἡ
1749 4866 1857 4936 γὰρ

274 4956 374 5008 τοῦ
396 4955 526 5008 Θεοῦ
553 4956 781 5026 δύναμις
812 4958 911 5010 οὐκ
934 4956 1169 5011 ἐνταῦθα
1204 4956 1388 5027 μόνον,
1423 4957 1556 5010 ἀλλὰ
1588 4956 1684 5010 καὶ⁵
1716 4975 1857 5010 παν-

277 5046 445 5118 ταχοῦ
504 5048 603 5117 τῆς
662 5047 826 5103 αὐτοῦ
883 5049 1203 5112 δεσποτείας
1243 5047 1483 5103 ἀνύουσα
1531 5049 1856 5120 παραδόξως

275 5138 429 5192 ἐστὶν
460 5140 496 5195 ἃ
522 5140 791 5210 βούλεται·
824 5143 960 5196 ἀλλά
984 5145 1082 5212 τὴν
1111 5144 1175 5197 ὲκ
1199 5143 1299 5213 τῆς
1325 5144 1526 5208 κόνεώς
1552 5161 1654 5215 μου
1685 5162 1858 5215 σφρα-

275 5231 401 5300 γῖδα
441 5231 645 5297 λαϐὼν,
679 5236 920 5304 ἐπανῆκε
971 5235 1136 5304 μηδὲν
1174 5235 1482 5299 ἐνδοιάζων,
1517 5235 1630 5288 ἀλλ’
1662 5236 1857 5298 αὐτοὺς

273 5323 466 5394 ὥσπερ
487 5327 966 5395 ὲντετυπωμένους
986 5328 1145 5398 αὐτῇ,
1163 5328 1304 5380 οὕτω
1323 5329 1415 5380 καὶ
1437 5329 1707 5397 παρόντας
1723 5328 1855 5396 ὁρᾷν

273 5412 515 5483 νομίζων
544 5416 713 5484 ἡμᾶς.
746 5415 941 5469 Λαϐὼν
963 5417 1143 5469 τοίνυν
1166 5418 1193 5469 ὁ
1221 5417 1403 5487 πατὴρ
1432 5417 1530 5487 τὴν
1580 5417 1851 5487 σῳραγῖδα

277 5505 372 5556 καὶ
400 5506 582 5557 οἴκαδε
638 5506 775 5576 μετὰ
824 5506 918 5558 τοῦ
965 5507 1155 5570 παιδὸς
1185 5508 1551 5579 ἀναστρέψας,
1613 5510 1713 5578 ὁρᾷ
1764 5508 1857 5561 τὸν

276 5597 433 5664 ἅγιον
463 5597 614 5667 αὐτῷ
643 5599 835 5661 νυκτὸς
863 5599 1160 5652 ἐπιστάντα
1196 5598 1251 5670 (ἡ
1298 5598 1481 5671 μορφὴ
1528 5598 1586 5651 δὲ
1632 5600 1708 5667 τῷ
1755 5599 1855 5652 Συ·

283 5685 430 5755 μεὼν
457 5688 661 5759 ἑτέρως
688 5689 719 5761 ἦ
747 5689 885 5743 κατὰ
904 5689 966 5742 τὸ
1001 5689 1231 5761 σύνηθες
1259 5685 1400 5761 εἶχε)
1440 5692 1540 5760 τῆς
1559 5708 1618 5744 τε
1646 5692 1853 5755 κόνεως

279 5780 339 5830 ὲν
373 5783 554 5851 χεροῖν
585 5782 906 5853 κατέχοντα,
946 5784 1060 5847 καὶ,
1082 5784 1148 5836 Τί
1193 5782 1395 5853 μᾶλλον
1423 5782 1600 5854 βούλει
1645 5784 1851 5851 λαϐεῖν,

280 5868 385 5942 τὴν
435 5870 689 5941 εὐλογίαν
714 5871 825 5945 ,τοῦ
888 5871 1114 5944 Συμεὼν
1164 5872 1393 5945 ταύτην,
1422 5872 1450 5947 ἢ
1482 5872 1581 5945 τὴν
1626 5872 1851 5941 δεξιάνς

1958 4676 2206 4745 impertit
2253 4674 2435 4737 nobis,
2496 4672 2904 4725 nanciscamur.

2027 4780 2155 4834 239..
2182 4776 2463 4831 Severiori
2494 4774 2563 4827 ad
2596 4774 2712 4827 haec
2764 4782 2821 4826 et
2857 4786 3006 4841 aegro
3066 4771 3222 4824 vultu
3267 4770 3540 4839 Symeon:

1959 4868 2040 4923 Tu
2068 4883 2312 4938 quoque,
2337 4865 2434 4930 ait,
2461 4879 2563 4933 per
2599 4861 2963 4917 diﬂidentiam
3014 4861 3316 4915 aberrasti:
3356 4860 3541 4913 divina

1956 4960 2161 5030 quippe
2186 4957 2452 5028 potentia,
2482 4970 2589 5008 non
2622 4954 2728 5007 hoc
2752 4952 2929 5007 solum
2960 4953 3107 5015 loco,
3140 4951 3238 5005 sed
3276 4951 3369 5005 ubi
3403 4952 3541 5006 libet

1956 5052 2172 5106 eﬁieere
2206 5047 2535 5103 mirabiliter
2574 5053 2757 5115 potest
2788 5058 3132 5113 quaecunque
3156 5043 3309 5098 vult:
3346 5059 3541 5097 verum

1956 5160 2021 5202 ex
2052 5144 2277 5213 pulvere
2308 5155 2431 5195 meo
2456 5140 2674 5207 signum
2730 5136 3013 5206 accipiens
3054 5136 3251 5200 redito,
3291 5136 3539 5204 nihilque

1955 5234 2214 5288 haesitans
2242 5245 2563 5302 persuasum
2588 5230 2791 5283 habeto
2815 5228 2891 5281 ita
2912 5236 2962 5283 te
2988 5228 3237 5282 visurum
3266 5243 3366 5281 nos
3396 5242 3540 5295 prae-

1955 5330 2161 5386 sentes,
2197 5319 2659 5391 quemadmodum
2706 5319 2856 5387 ipsos
2889 5319 3217 5386 impressum
3269 5316 3403 5370 illud
3461 5315 3538 5370 si—

1955 5430 2119 5486 gnum
2173 5422 2444 5484 gerentes.
2486 5411 2729 5480 Accepto
2789 5409 2955 5478 igitur
3006 5410 3117 5479 jam
3158 5408 3306 5462 dicto
3356 5408 3512 5477 signo

1954 5506 2177 5559 domum
2217 5518 2342 5558 cum
2396 5502 2505 5555 ﬁlia
2559 5500 2763 5555 redivit
2818 5508 2998 5569 pater,
3047 5499 3297 5567 viditque
3341 5508 3534 5553 secuta

1953 5606 2114 5652 nocte
2140 5606 2387 5650 sanctum
2445 5602 2714 5648 astantem
2776 5592 2903 5656 sibi,
2932 5592 3104 5645 forma
3163 5590 3458 5644 admodum
3500 5604 3533 5643 a

1957 5688 2116 5743 solita
2147 5687 2519 5755 discrepante,
2572 5692 2851 5738 tenentem
2907 5681 3163 5735 manibus
3214 5680 3522 5749 pulverem,

1956 5782 2521 5847 percunctantemque
2572 5773 2761 5840 :Quid
2807 5772 2980 5826 mavis
3022 5758 3293 5841 accipere,
3317 5770 3533 5824 hancne

1955 5869 2247 5942 Symeonis
2291 5867 2761 5935 benedictionem,
2788 5881 2858 5922 an
2904 5864 3231 5922 dexteram?
3284 5862 3534 5933 Cumque
