4006 6492
556 386 699 454 3199

1758 394 1815 454 S.
1859 396 2158 457 SYMEON
2165 397 2240 457 IS
2277 399 2644 462 JUNIORIS

3687 403 3830 467 ω

544 502 637 557 ille
659 502 1059 573 respondisset,
1084 502 1291 573 ubique
1322 504 1568 575 gentium
1605 513 1884 570 constare,
1912 518 2132 579 quanta:

2257 512 2664 581 πυνθανόμενον.
2685 514 2793 569 Τοῦ
2820 515 2900 582 δὲ,
2929 518 3052 571 Ὀτι
3083 516 3292 587 μεγάλη
3318 515 3419 586 μέν
3446 517 3595 569 ἐστιν
3621 519 3659 586 ἡ
3676 517 3829 571 εὐλο-

543 596 764 650 virtutis
797 596 1112 652 benedictio
1145 596 1251 663 sit;
1279 613 1337 652 se
1370 614 1499 651 vero
1536 598 1704 669 (quod
1733 599 1976 670 propitio
2004 617 2135 655 san-

544 698 635 743 cto
666 689 841 758 fieret)
891 704 1110 758 semper
1143 690 1431 745 ardentius
1452 691 1802 748 desiderasse
1844 693 2133 748 dexteram

544 782 901 851 contingere:
953 782 1207 837 extendit
1252 784 1403 837 illam
1454 795 1701 849 sanctus,
1768 784 2131 855 impertitque

545 872 1013 937 benedictionem,
1046 875 1429 944 imprOperans
1485 876 1649 928 tacite
1692 890 1849 929 suam
1895 877 2124 947 presby-

546 976 662 1020 ti-ro
701 966 1181 1021 incredulitatem:
1205 967 1627 1036 deniquc‘etiam
1653 967 1813 1034 illud,
1834 968 1978 1037 quod
2000 969 2138 1023 alter

545 1073 761 1111 summo
780 1074 903 1120 cum
944 1058 1224 1112 desiderio
1248 1060 1692 1129 prmstolabatur,
1737 1060 1968 1130 adjicit:
2026 1060 2137 1115 Ac-

546 1152 667 1219 cipe
704 1150 875 1203 filium
910 1160 1063 1204 tuum
1102 1168 1317 1205 sanum.
1368 1152 1526 1218 Quod
1577 1162 1783 1208 tantam
1840 1153 2136 1208 instillavit

545 1240 729 1292 animo
763 1242 882 1311 ejus
909 1241 1269 1309 voluptatem,
1306 1251 1366 1296 ut
1416 1259 1525 1311 prce
1560 1243 1902 1298 abundantia
1966 1245 2135 1309 illius,

547 1333 733 1389 statim
785 1335 1298 1404 expergisceretur:
1366 1336 1687 1406 invenitque
1730 1338 1902 1391 filium
1934 1338 2140 1409 {adhuc

545 1442 739 1481 somno
774 1426 1170 1497 indulgentem,
1226 1442 1291 1482 ac
1344 1429 1659 1482 restitutum
1705 1429 1818 1498 jam
1874 1428 2139 1499 perfecta:

546 1516 788 1571 sanitati.
827 1514 1007 1582 Quare
1042 1516 1189 1570 illico
1220 1518 1454 1573 remittit
1492 1518 1559 1573 ad
1592 1528 1866 1581 sanctum,
1901 1519 1997 1589 qui
2025 1535 2127 1589 pro

546 1609 652 1662 hoc
681 1608 926 1666 secundo
950 1616 1079 1663 natu
1108 1608 1222 1665 filio
1251 1619 1591 1681 recuperata:
1624 1612 1967 1668 valetudinis
1994 1628 2139 1683 pra:-

548 1701 656 1755 mia
684 1701 985 1771 persolvat.

2237 605 2353 673 γία,
2378 605 2539 658 παντί
2575 624 2678 659 που
2732 608 2912 677 δῆλον,
2964 611 3229 673 εἰπόντος,
3264 610 3379 676 ἐγὼ
3412 610 3471 662 δὲ
3504 608 3673 677 (ἀλλὰ
3739 626 3832 677 μοι

2238 697 2400 762 ἵλεως
2422 697 2566 769 εῐης)
2593 698 2780 752 λαϐεῖν
2813 701 3044 754 ἐπόθουν
3078 702 3278 772 μᾶλλον
3323 702 3425 770 τὴν
3467 701 3653 765 δεξιάν
3691 716 3708 731 ·
3744 703 3833 753 ὲκ-

2236 787 2417 850 τείνας
2461 788 2667 853 εὐθέως
2723 789 2915 861 αὐτὴν,
2950 791 3135 859 ὀρέγει
3188 791 3290 863 τὴν
3336 793 3615 860 εὐλογίαν,
3638 794 3831 861 ἡρέμα

2237 880 2316 949 τῷ
2351 882 2708 954 πρεσϐυτέρῳ
2741 884 2838 938 καὶ
2886 885 3146 938 ἀπιστίαν
3182 885 3613 954 προσονειδίσας,
3646 888 3835 939 ὲπιτέο

2238 971 2319 1025 λει
2355 974 2412 1025 δὲ
2438 974 2531 1026 καὶ
2555 975 2694 1045 ὅπερ
2716 975 2951 1029 ἀκοῦσαι
2977 976 3097 1028 λίαν
3117 978 3325 1041 ἐκεῖνος
3348 977 3509 1047 ὲδίψα
3542 977 3828 1046 προσθεὶς,

2252 1065 2521 1117 ’Λπόλαϐε
2565 1067 2654 1119 τὸν
2708 1068 2823 1120 υἱὸν
2875 1069 3030 1136 ὑγιῆ.
3091 1071 3157 1122 Ὃ
3199 1069 3477 1140 τοσαύτην
3540 1068 3831 1133 ὲνέσταξεν

2238 1155 2406 1210 αὑτοῦ
2436 1157 2749 1227 γλυκύτητα
2775 1162 2841 1230 τῇ
2872 1162 3043 1231 ψυχῇ,
3066 1160 3143 1224 ὡς
3187 1162 3326 1232 πρὸς
3372 1162 3478 1232 τὴν
3502 1162 3707 1232 ἡδονὴν
3737 1163 3833 1213 αύ-

2237 1251 2371 1307 τίκα
2408 1252 2812 1323 διῦπνισθῆναι,
2846 1252 2942 1307 καὶ
2975 1253 3068 1306 τὸν
3107 1255 3224 1307 υίὸν
3276 1255 3436 1325 ὕπνῳ
3474 1254 3832 1324 χρησάμενον

2240 1345 2444 1415 εὑρεῖν,
2482 1343 2579 1397 καὶ
2628 1345 2767 1413 πρὸς
2816 1345 3007 1412 ὑγείαν
3026 1345 3125 1416 ἤδη
3175 1346 3577 1414 μεταϐαλόντα.
3616 1346 3679 1398 Ὀ
3734 1345 3832 1412 μὲν

2239 1433 2333 1492 οῦν
2379 1437 2564 1508 πατὴρ
2610 1437 2787 1492 ἄνεισι
2831 1435 2985 1507 παρά
3030 1438 3121 1490 τὸν
3148 1437 3308 1506 ἅγιον
3368 1437 3551 1502 αὖθις,
3612 1438 3833 1506 σῶστρα

2239 1529 2348 1584 τῶν
2378 1530 2648 1601 δευτέρων
2679 1528 2813 1583 υίῶν
2840 1528 3152 1598 ἀπονέμων.

617 1834 742 1888 233.
786 1833 955 1887 Paulo
984 1840 1110 1903 post
1150 1833 1348 1889 tertius
1372 1849 1593 1905 quoque
1623 1843 1755 1891 natu
1783 1836 1931 1893 filius
1957 1837 2137 1893 vehe-

2314 1838 2451 1905 σλγν.
2493 1835 2693 1906 Ὀλίγῳ
2741 1835 2799 1889 δὲ
2850 1833 3076 1905 ὕστερον
3115 1835 3211 1887 καὶ
3251 1833 3347 1887 τοῦ
3379 1834 3565 1904 τρίτου
3607 1831 3835 1903 λαύροις

549 1924 831 1978 mentibus
864 1924 1003 1977 adeo
1038 1923 1290 1979 febribus
1340 1932 1585 1981 tentatus
1623 1936 1729 1991 est,
1766 1937 1829 1982 ut
1857 1928 1969 1982 vita
2013 1928 2138 1982 lon-

550 2014 674 2084 gius
732 2013 1090 2083 producenda
1148 2015 1558 2086 desperaretur.
1616 2018 1763 2073 Puer
1794 2019 2139 2089 pracplabat

552 2107 826 2178 imprimis
846 2109 912 2163 ad
943 2117 1193 2164 sanctum
1221 2111 1552 2181 Symeonem
1584 2113 1783 2169 adduci
1821 2131 1834 2167 :
1864 2123 2022 2183 pater
2041 2130 2140 2168 au-

554 2207 662 2255 tem
687 2202 1031 2271 experientia
1072 2202 1127 2256 in
1163 2204 1497 2273 praacedenti
1539 2204 1652 2259 filio
1682 2206 1899 2273 doctus,
1937 2216 2141 2278 quanta

550 2293 718 2348 etiam
752 2293 942 2362 procul
986 2295 1309 2350 absentibus
1350 2312 1381 2351 a
1426 2296 1698 2369 Symeone
1748 2299 1929 2353 virtus
1965 2300 2142 2355 soleat

552 2382 705 2435 exire
735 2399 748 2435 :
777 2383 983 2444 Potest,
1038 2384 1115 2438 fili
1169 2385 1268 2449 mi,
1326 2387 1530 2456 inquit,
1567 2396 1792 2442 sanctus
1826 2388 2142 2443 visitatione

554 2480 651 2527 tua
701 2482 754 2528 te
792 2473 1147 2531 invisibiliter
1210 2477 1317 2531 hoc
1363 2478 1528 2532 etiam
1571 2478 1694 2533 loco
1737 2478 1973 2549 dignari.
2031 2480 2145 2536 Nec

556 2576 824 2628 moratus,
869 2568 1149 2621 convertit
1182 2584 1241 2623 se
1290 2585 1451 2640 puer,
1492 2579 1549 2624 et
1595 2585 1731 2625 voce
1762 2586 1926 2638 quam
1964 2576 2146 2639 potest

557 2662 865 2716 clarissima
898 2664 1164 2717 exclamat
1192 2681 1204 2717 :
1238 2664 1283 2719 0
1307 2665 1564 2735 Symeon,
1586 2667 1796 2722 electus
1820 2683 1849 2721 a
1878 2670 2010 2733 Deo,
2036 2669 2146 2725 mi-

559 2767 745 2805 serere
777 2752 904 2806 mei.
959 2753 1097 2806 Tum
1136 2754 1201 2807 ad
1249 2764 1463 2823 patrem
1493 2775 1506 2810 :
1539 2756 1794 2811 Suﬂitum
1846 2758 2026 2825 adole,
2063 2760 2148 2814 in-

558 2843 700 2912 quit,
725 2858 853 2899 ecce
878 2845 1025 2899 enim
1061 2846 1298 2901 famulus
1323 2847 1420 2901 Dei
1446 2848 1500 2901 in
1530 2859 1828 2918 conspectu
1857 2866 1980 2904 meo
2006 2858 2144 2905 stat:

559 2950 757 2991 manus
800 2945 1010 2991 armata
1043 2949 1128 2993 est
1154 2939 1306 3009 virga
1358 2938 1536 2993 ferrea
1569 2948 1623 2994 et
1657 2953 1849 2997 catena
1894 2957 1959 2997 ex
2001 2942 2148 2997 ferro

561 3029 734 3099 ignito
780 3048 794 3083 :
844 3045 951 3099 qua
1002 3030 1330 3097 daemonem,
1376 3034 1753 3103 magnitudine
1787 3037 2051 3107 gigantma
2095 3046 2150 3091 et

2241 1930 2497 1998 πυρετοῖς
2543 1926 2896 1996 συσχεθέντος
2928 1927 3239 1995 ἀπόγνωσις
3284 1926 3431 1995 ζωῆς
3471 1924 3533 1978 τὸ
3587 1926 3834 1995 παρεπό-

2244 2035 2403 2091 μενον
2434 2013 2524 2089 ἧν.
2570 2019 2680 2071 Καὶ
2707 2019 2735 2070 6
2777 2018 2874 2087 μὲν
2906 2017 2983 2081 ὡς
3013 2019 3106 2070 τὸν
3142 2017 3284 2070 θεῖον
3309 2015 3537 2087 Συμεὼν
3561 2017 3830 2087 ἀνακομι-

2244 2113 2435 2184 σθῆναι
2460 2110 2741 2182 προῄρητο
2759 2125 2773 2141 ·
2800 2113 2828 2163 6
2848 2111 2905 2163 δὲ
2936 2110 3143 2181 πατὴρ,
3169 2110 3268 2179 ὅση
3296 2111 3391 2162 καὶ
3413 2110 3523 2162 ἀπὸ
3553 2108 3829 2179 μακρόθεν

2241 2201 2348 2261 οἵδε
2374 2204 2605 2274 δύναμις
2636 2201 2695 2267 ἐξ
2722 2203 2930 2256 ἐκείνου
2966 2203 3158 2272 φοιτᾷν
3198 2203 3306 2255 ἀπὸ
3335 2200 3431 2255 τοῦ
3462 2201 3827 2271 προλαϐόντος

2245 2297 2412 2370 πείρᾳ
2464 2294 2675 2367 μαθὼν,
2726 2295 2981 2359 Δυνατδς,
3013 2289 3157 2359 εἷπε,
3184 2292 3394 2357 τέκνον,
3443 2291 3733 2345 κάνταῦθά
3770 2308 3827 2345 σε

2245 2389 2398 2454 θείας
2425 2389 2671 2451 ἀθεάτως
2697 2386 3003 2456 ἐπισκοπῆς
3044 2386 3297 2451 ἀξιῶσαι.
3342 2386 3455 2439 Καὶ
3482 2384 3828 2454 παραχρῆμα

2247 2479 2555 2551 συστρέψας
2578 2477 2771 2533 ἑαυτὸν
2792 2481 2821 2532 ὁ
2850 2478 2998 2541 παῖς,
3034 2477 3248 2549 μεγάλῃ
3266 2476 3342 2538 ὡς
3370 2472 3518 2546 εἶχεν
3540 2475 3739 2545 ἐϐόησε
3764 2477 3827 2544 τῇ

2247 2574 2420 2644 φωνῇ,
2476 2571 2537 2625 '0
2585 2569 2842 2633 ἐκλεκτὸς
2880 2568 2958 2639 τῷ
2993 2567 3114 2639 Θεῷ
3152 2567 3397 2639 Συμεὼν,
3460 2567 3692 2637 ἐλέησόν
3743 2584 3825 2636 με.

2247 2661 2381 2719 Εἶτα
2428 2664 2566 2734 πρὸς
2623 2664 2716 2716 τὸν
2758 2662 2991 2732 πατέρα,
3023 2660 3321 2731 Θυμίασον,
3350 2656 3528 2713 εἶπεν·
3566 2660 3677 2713 ἰδοὺ
3724 2658 3831 2728 γὰρ

2246 2756 2478 2825 ἕστηκεν
2510 2757 2539 2809 ὁ
2565 2753 2660 2807 τοῦ
2695 2751 2829 2806 Θεοῦ
2861 2753 3115 2823 θεράπων
3146 2754 3204 2804 ἐν
3234 2750 3539 2821 ὀφθαλμοῖς
3574 2768 3708 2818 μου·
3741 2751 3833 2820 ῥᾶ-

2250 2849 2371 2911 ϐδος
2431 2846 2529 2917 μὲν
2578 2846 2671 2900 οῦν
2714 2845 2864 2915 αὐτῷ
2910 2845 2999 2899 διὰ
3034 2844 3214 2915 χειρὸς
3258 2844 3476 2915 σιδηρᾶ,
3523 2843 3623 2897 καὶ
3650 2844 3834 2904 Ξιλυσις

2249 2941 2539 3011 καιόμενον
2583 2938 2717 3009 πυρὶ
2745 2937 2837 2991 τὸν
2868 2936 3083 3007 σίδηρον
3112 2936 3309 3008 ἔχουσα
3331 2953 3346 2967 ·
3389 2936 3607 3003 δαίμων
3640 2936 3699 2988 δέ
3734 2952 3834 2997 τις,

2249 3034 2310 3087 τὸ
2364 3031 2591 3102 μέγεθος
2652 3032 2823 3102 μέγας
2886 3031 2980 3084 καὶ
3019 3030 3143 3082 ἰδεῖν
3175 3030 3379 3100 ἀειδὴς,
3410 3031 3623 3084 δέδεται
3652 3030 3835 3091 δεινῶς

560 3124 681 3175 visu
733 3124 1061 3187 terribilem,
1114 3132 1263 3179 arcte
1309 3128 1663 3190 constrinxit,
1717 3130 1981 3184 revinctis
2026 3138 2150 3199 post

2257 3128 2383 3198 παρ’
2410 3127 2596 3189 αὐτοῦ,
2626 3125 2798 3178 ὀπίσω
2823 3122 2903 3176 τὼ
2926 3125 3077 3195 χεῖρε
3107 3124 3500 3195 περιηγμένος,
3524 3124 3629 3193 ἤδη
3660 3121 3717 3174 δὲ
3748 3124 3837 3173 καὶ

563 3220 778 3281 tergum
829 3213 1082 3268 manibus
1120 3232 1132 3267 :
1166 3216 1392 3286 jamque
1436 3218 1715 3274 clibanum
1764 3236 1984 3290 quoque
2029 3237 2152 3275 suc-

2257 3220 2504 3273 κλίϐανον
2551 3218 2637 3270 ἐπ’
2669 3216 2835 3269 αὑτὸν
2881 3217 3112 3271 ἀνάπτει
3163 3216 3352 3285 πυρὸς,
3389 3216 3487 3269 καὶ
3527 3216 3705 3282 τούτῳ
3751 3216 3836 3265 τὴν

562 3303 750 3357 cendit
792 3305 936 3373 igne,
969 3320 1079 3374 quo
1124 3322 1360 3376 nequam
1412 3309 1565 3363 illum
1615 3311 1925 3365 comburat.
1959 3312 2152 3367 Isthzec

563 3393 826 3461 loquente
849 3411 1042 3463 puero,
1079 3398 1309 3452 morbus
1336 3399 1521 3455 subito
1556 3401 1713 3467 abiit,
1746 3403 1918 3457 veluti
1940 3402 2152 3475 ﬂagello

564 3485 803 3554 quodam
829 3488 1235 3559 perstringente
1272 3490 1520 3546 abactus.

639 3620 764 3676 254.
806 3621 882 3676 Ita
932 3623 1156 3693 quidem
1206 3627 1500 3683 sanitatem
1552 3628 1796 3684 obtinuit
1836 3630 1928 3686 hic
1962 3612 2153 3686 ﬁlius:

566 3710 680 3765 filia
721 3728 855 3768 vero
888 3714 1178 3771 didieiliori
1224 3719 1389 3773 etiam
1440 3718 1818 3776 invaletudine
1868 3731 2153 3792 correpta,

570 3812 679 3857 tam
711 3820 877 3875 prope
899 3807 1013 3877 jam
1048 3808 1117 3863 ab
1142 3810 1292 3863 exitu
1320 3810 1448 3864 vita:
1473 3811 1686 3877 aberat,
1716 3822 1776 3867 ut
1806 3822 2020 3869 tantum
2045 3830 2159 3870 non

572 3904 790 3950 mortua
829 3906 1139 3967 putaretur.
1195 3901 1447 3973 Dumque
1502 3913 1659 3974 pater
1714 3905 1784 3961 ad
1833 3915 2158 3961 consuetum

570 4006 766 4045 rursus
798 3991 1073 4047 medicum
1107 4010 1232 4050 cum
1263 3995 1432 4050 animi
1476 3997 1925 4053 consternatione
1966 4012 2031 4053 ac
2056 3997 2159 4053 do-

570 4084 687 4139 lore
710 4082 897 4139 cordis
936 4085 1208 4157 confugit,
1252 4087 1457 4143 blando
1487 4088 1601 4142 risu
1651 4089 1730 4144 ait
1774 4089 1862 4144 vir
1895 4088 2158 4145 divinus:

569 4158 756 4228 Nolito
802 4173 1019 4239 timere,
1072 4176 1143 4229 mi
1190 4178 1511 4249 presbyter';
1543 4178 1638 4235 sed
1672 4179 1811 4235 vade
1852 4180 2036 4249 potius
2065 4181 2164 4234 tri-

572 4267 839 4336 pudiante
868 4284 980 4337 pra:
1007 4269 1195 4324 laatitia
1228 4287 1419 4341 gressu
1451 4291 1463 4326 :
1488 4272 1767 4327 condonat
1791 4274 1995 4343 quippe
2022 4274 2163 4330 hanc

573 4373 796 4426 quoque
841 4358 1006 4413 filiam
1040 4369 1191 4415 tuam
1227 4362 1326 4416 tibi
1371 4363 1533 4428 Deus,
1571 4371 1628 4419 et
1655 4363 1812 4418 laetus
1848 4364 2025 4419 laetam
2063 4363 2163 4419 tibi

575 4453 793 4510 videbis
821 4469 1138 4521 occurrere,
1178 4471 1342 4525 quam
1377 4472 1527 4512 nunc
1557 4458 1710 4512 velut
1749 4468 2025 4512 mortuam
2064 4458 2164 4513 de-

2254 3308 2490 3378 πονηρδν
2524 3308 2833 3362 κατακαίει.
2870 3307 3058 3361 Ταῦτα
3092 3305 3226 3376 ὁμοῦ
3260 3324 3318 3358 τε
3347 3308 3537 3377 εἴρητο
3572 3307 3723 3376 παρά
3749 3306 3836 3358 τοῦ

2256 3401 2467 3465 παιδὸς,
2497 3401 2592 3454 καὶ
2620 3402 2653 3472 ή
2685 3401 2839 3463 νόσος
2868 3400 3030 3463 εὐθὺς
3071 3399 3488 3471 ἀπεδίδρασκεν,
3516 3398 3712 3470 ὥσπερ
3738 3402 3836 3452 τινὶ

2259 3495 2485 3565 μάστιγι
2514 3493 2760 3563 σφοδρῶς
2791 3492 3200 3564 ἀπεληλαμένη.

2329 3625 2456 3680 σλδ’.
2497 3625 2555 3679 '0
2585 3625 2683 3695 μὲν
2725 3621 2819 3679 οὖν
2868 3628 2997 3689 παῖς
3032 3624 3150 3680 ίατο
3178 3626 3372 3691 οὕτως,
3403 3628 3435 3697 ἡ
3470 3627 3529 3680 δὲ
3575 3627 3834 3695 θυγάτηρ.

2257 3717 2401 3789 νόσῳ
2427 3718 2521 3772 καὶ
2544 3718 2681 3790 αὐτὴ
2702 3718 3089 3791 δυσφορωτέρᾳ
3103 3718 3388 3787 ληφθεῖσα,
3415 3719 3652 3788 ἔγγιστα
3680 3720 3835 3773 em-

2258 3825 2353 3861 του
2380 3808 2616 3877 γεγόνει,
2652 3807 2750 3860 καὶ
2789 3809 2914 3861 ὅσον
2945 3809 3066 3878 οὐχὶ
3094 3810 3262 3879 νεκρά
3289 3804 3379 3880 ἦν.
3405 3809 3515 3862 Τοῦ
3552 3810 3614 3862 δὲ
3647 3810 3837 3879 πατρὸς

2262 3900 2411 3973 παρά
2439 3900 2531 3955 τὸν
2557 3901 2758 3973 συνήθη
2790 3900 2952 3955 πάλιν
2979 3901 3165 3972 ἰατρὸν
3194 3902 3252 3954 ὲν
3282 3906 3496 3974 ταραχῇ
3524 3904 3839 3972 σπλάγχνων

2261 3993 2357 4048 καὶ
2391 3993 2619 4062 καρδίας
2650 3993 2812 4066 ὀδύνῃ
2862 3994 3289 4061 καταφυγόντος,
3336 3997 3607 4064 προσηνεῖ
3648 3996 3677 4047 6
3709 3995 3841 4057 θεῖος

2262 4081 2422 4153 ἀνὴρ,
2448 4081 2784 4153 μειδιάματι,
2808 4081 2899 4152 Μὴ
2930 4082 3123 4150 φοϐοῦ,
3152 4082 3487 4153 πρεσϐύτερ,
3518 4077 3695 4146 εἶπεν,
3714 4084 3841 4137 ἀλλὰ

2267 4172 2500 4244 πορεύου
2561 4172 2806 4244 χαίροντι
2862 4174 2985 4227 ποδὶ
3036 4174 3254 4243 μᾶλλον·
3297 4173 3589 4245 χαρίζεταί
3627 4193 3708 4228 σοι
3741 4175 3836 4244 γὰρ

2267 4264 2378 4319 ἰδοὺ
2428 4265 2523 4318 καὶ
2567 4265 2664 4335 τὴν
2707 4264 2983 4339 θυγατέρα
3029 4265 3182 4330 Θεὸς,
3231 4265 3324 4317 καὶ
3378 4265 3681 4336 χαίρουσαν
3729 4267 3839 4335 ἆᾷει

2265 4356 2475 4427 χαίρων
2508 4358 2587 4420 είς
2617 4357 2942 4427 συνάντησιν
2972 4356 3291 4424 ἐξελθοῦσάν
3323 4373 3429 4422 σοι,
3466 4360 3534 4427 ἢν
3560 4358 3729 4429 ὀδύρῃ
3754 4357 3839 4410 νῦν

2267 4449 2368 4502 ὅσα
2397 4449 2491 4502 καὶ
2519 4449 2877 4519 θνήσκουσαν.
2919 4449 3138 4502 Τούτων
3161 4450 3226 4500 ὲκ
3264 4448 3359 4500 τοῦ
3386 4450 3615 4520 Συμεὼν
3647 4454 3840 4511 ἐκείνῳ

578 4548 783 4617 ploras.
819 4546 914 4601 His
944 4548 1170 4611 auditis,
1201 4558 1309 4604 tam
1348 4550 1629 4605 delibutus
1657 4549 1962 4619 voluptate,
1995 4566 2152 4620 quam

2268 4540 2530 4607 ἀκούσας,
2566 4540 2762 4609 μεστὸς
2803 4541 2923 4597 ἀντὶ
2949 4541 3048 4611 τῆς
3080 4541 3273 4611 πρώην
3312 4542 3511 4611 ὀδύνης
3541 4544 3638 4595 ἐπὶ
3666 4548 3729 4612 τῇ
3758 4544 3842 4596 θυ-

579 4639 735 4707 prius
768 4638 1003 4692 obrutus
1040 4654 1280 4695 maarore
1329 4652 1557 4711 propter
1602 4641 1802 4705 filiam,
1845 4642 2160 4697 revertitur.

576 4730 828 4801 Cumque
865 4733 977 4803 jam
1029 4731 1255 4787 domum
1292 4734 1527 4798 subiret,
1559 4734 1809 4789 .obviam
1858 4735 2164 4790 secundum

578 4824 994 4894 praedictionem
1029 4827 1305 4894 procurrit
1335 4826 1385 4882 ei
1432 4826 1564 4893 filia,
1587 4838 1643 4883 et
1668 4829 1922 4899 amplexu
1953 4838 2166 4898 patrem

579 4915 822 4985 stringit,
877 4914 1003 4971 ideo
1052 4916 1318 4981 suaviori,
1369 4917 1518 4987 quod
1570 4928 1771 4988 praeter
1805 4936 2023 4975 omnem
2073 4934 2168 4973 ex—

578 5008 975 5075 spectationem
1006 5017 1155 5065 esset
1189 5008 1450 5065 letbifero
1479 5012 1676 5065 morbo
1714 5022 1905 5080 erepta
1943 5028 1956 5064 :
1985 5010 2169 5080 itaque

580 5099 840 5168 adjuncta
886 5099 1151 5155 fratribus
1192 5110 1297 5164 est,
1346 5101 1491 5157 facta
1533 5103 1701 5157 etiam
1736 5102 1852 5172 ipsa
1880 5102 2024 5172 patri
2053 5118 2169 5157 ma-

578 5189 837 5245 nifestum
872 5191 1049 5246 sancti
1088 5191 1378 5262 Symeonis
1402 5208 1628 5248 munus.
1660 5194 1834 5248 Porro
1863 5191 2172 5264 presbyteri

579 5281 745 5351 hujus
786 5281 1034 5342 domini,
1089 5284 1362 5353 pertinaci
1398 5284 1787 5340 incredulitate
1833 5285 2170 5350 laborantes,

578 5374 982 5431 denuntiabant
1006 5375 1133 5446 ipsi,
1161 5377 1358 5433 crebro
1377 5390 1528 5449 gesta
1555 5377 1849 5449 Symeonis
1869 5378 2171 5443 enarranti,

583 5466 833 5521 dicentes
864 5487 878 5522 :
913 5468 994 5522 Tu
1027 5470 1287 5539 equidem
1318 5470 1650 5527 benedicere
1678 5471 1829 5527 illius
1872 5471 2172 5541 precibus;

582 5573 686 5612 nos
716 5559 1157 5617 maledictionem
1200 5563 1374 5633 ipsius
1411 5572 1799 5633 praeoptamus.
1844 5563 2174 5619 Videbimus

566 5650 774 5720 igitur,
801 5651 1081 5724 inquiunt,
1115 5671 1249 5709 num
1280 5655 1415 5725 quid
1444 5655 1517 5709 ita
1565 5655 1621 5709 in
1666 5670 1725 5710 se
1754 5655 1968 5711 affectis
1998 5655 2179 5710 valeat

586 5730 815 5799 nocere:
854 5745 937 5800 Ad
968 5762 1092 5816 qua:
1120 5747 1289 5802 verba
1334 5762 1449 5803 non
1476 5746 1693 5802 distulit
1725 5747 1781 5803 in
1808 5747 2032 5818 longum
2060 5763 2179 5818 poe-

589 5852 717 5895 nam
758 5837 904 5911 iusta
936 5841 1032 5897 Dei
1064 5841 1443 5915 providentia;
1491 5841 1586 5897 sed
1628 5840 1823 5897 eodem
1857 5856 2023 5907 anno,
2048 5840 2180 5899 licet

2266 4634 2431 4704 γατρὶ
2480 4634 2577 4702 τὴν
2628 4632 2804 4703 ψυχὴν
2845 4632 3040 4703 ἡδονῆς
3070 4634 3317 4705 ἐπανῄει,
3379 4635 3746 4688 Ἐπιϐαίνοντι
3795 4636 3845 4688 δὲ

2268 4727 2368 4799 ἤδη
2428 4724 2523 4778 τοῦ
2581 4724 2751 4792 οἴκου,
2799 4727 3123 4797 προῦπαντᾷ
3174 4727 3315 4780 κατά
3366 4726 3465 4790 τὰς
3529 4732 3846 4800 προῤῥήπς

2268 4819 2429 4890 αὕτη,
2455 4819 2548 4872 καὶ
2575 4818 2796 4889 γνήσιόν
2827 4836 2879 4870 τι
2912 4818 3005 4871 καὶ
3034 4818 3131 4888 ἡδὺ
3160 4819 3574 4889 περιπλέκεται,
3598 4817 3686 4874 οἷα
3714 4820 3847 4889 παρὰ

2271 4914 2449 4965 πᾶσαν
2480 4912 2649 4982 πατρὶ
2679 4912 3010 4982 προσδοκίαν
3042 4912 3289 4983 χαλεπῆς
3312 4914 3469 4967 νόσου
3501 4916 3735 4987 φιλτάτη
3763 4915 3846 4967 θυ-

2270 5005 2449 5077 γάτηρ
2478 5006 2840 5071 ἀνασωθεῖσα,
2875 5005 2971 5060 καὶ
3022 5006 3377 5077 προστίθεται
3423 5009 3520 5060 καὶ
3566 5008 3708 5079 αῦτη
3750 5010 3849 5068 τοῖς

2271 5097 2538 5165 ἀδελφοῖς,
2571 5098 2739 5167 σαφὲς
2771 5098 2923 5169 παρά
2976 5101 3071 5153 τοῦ
3120 5099 3265 5154 θείου
3310 5100 3539 5170 Συμεὼν
3578 5102 3663 5167 τῷ
3701 5101 3852 5170 πατρὶ

2271 5188 2443 5258 δῶρον
2467 5188 2833 5259 γεγενημένη.
2858 5190 2919 5243 Οί
2949 5190 3133 5259 μέντοι
3156 5190 3249 5244 τοῦ
3271 5192 3655 5263 πρεσϐυτέρου
3678 5191 3854 5245 δεσπο-

2273 5298 2387 5345 ται,
2414 5281 2657 5352 χαλεπὴν
2703 5281 2964 5335 ἀπιστίαν
3006 5282 3312 5347 νοσοῦντες,
3338 5284 3703 5352 ἀγγέλλοντες

2275 5374 2446 5442 αὐτῷ,
2475 5373 2543 5426 τὰ
2570 5372 2664 5426 τοῦ
2690 5373 2916 5444 Συμεὼν
2947 5374 3209 5438 πολλάκις
3250 5374 3634 5446 ἐξηγουμένῳ,
3664 5377 3852 5438 καὶ,Σῦ

2280 5466 2381 5537 μὲν
2416 5465 2645 5534 εὐλογοῦ
2675 5468 2797 5529 ταῖς
2823 5468 3011 5537 εὐχαῖς
3046 5466 3237 5533 αὐτοῦ,
3286 5466 3575 5534 λέγοντες·
3610 5470 3768 5539 ἡμεῖς
3809 5466 3855 5518 ξὲ

2276 5559 2376 5629 τὴν
2421 5557 2516 5611 τοῦ
2551 5559 2718 5612 αὑτοῦ
2752 5559 2952 5628 μᾶλλον
2991 5560 3133 5629 ἀρὰν
3181 5559 3583 5630 ἀσπαζόμεθα·
3631 5558 3855 5629 ὀψόμεθα

2280 5650 2411 5721 γὰρ,
2446 5652 2633 5720 φησιν,
2678 5652 2732 5704 εί
2767 5669 2821 5706 τι
2854 5654 2991 5723 πρὸς
3010 5653 3173 5707 αὑτὸν
3202 5652 3375 5715 οὕτως
3420 5652 3648 5722 ἔχοντας
3679 5651 3854 5721 alia:

2278 5742 2586 5812 δυνήσεται.
2621 5742 2765 5815 Πρὸς
2794 5744 2939 5814 ἀπερ
2983 5745 3087 5799 οὐκ
3120 5744 3215 5798 ἐπὶ
3258 5742 3395 5797 πολὺ
3429 5742 3504 5795 τὰ
3535 5743 3641 5812 τῆς
3662 5741 3855 5798 δικαίας

2282 5835 2574 5908 ἐϐράδυνεν
2615 5836 2702 5891 ἐπ’
2735 5837 2933 5903 αὐτοὺς
2961 5837 3053 5893 τοῦ
3090 5836 3228 5893 Θεοῦ
3257 5835 3522 5907 προνοίας
3542 5850 3558 5866 ο
3600 5835 3731 5890 ἀλλὰ
3769 5830 3849 5885 τοῦ
