4032 6484
212 361 350 429 39.01

1252 361 1431 423 VITA
1470 360 1516 419 A
1556 356 2001 419 NICEPHORO
2038 354 2526 419 CONSCRIPTA.

3347 363 3491 430 3202

214 476 464 533 ἐνιαυτοῦ
490 474 703 530 ἐκείνου
740 474 916 530 καίτοι
943 473 1219 546 βαθύτατα
1246 475 1622 539 πλουτοῦντες,
1652 472 1808 526 πενέ-

1921 470 2169 525 ditissimi
2198 480 2405 535 essent,
2461 473 2800 542 pauperrimi
2860 474 2968 531 visi
3014 483 3176 542 sunt,
3229 478 3492 535 omnibus

215 587 406 623 στατοι
428 567 715 639 ὤφθησαν,
742 566 923 638 πάσης
958 565 1138 620 αὐτῶν
1165 566 1354 630 οὐσίας
1402 567 1646 638 ἐσχάτως
1679 564 1797 618 δια-

216 660 539 731 φθαρείσης.

1908 563 2129 618 tandem
2168 562 2523 620 facultatibus
2552 566 2851 637 dissipatis.

1635 774 1864 832 CAPUT
1904 775 2099 831 XXIX.

619 889 873 945 Absentia
927 897 975 943 et
1012 890 1243 960 cogitata
1274 891 1519 962 perspicit
1551 906 1569 943 :
1606 907 1701 961 per
1744 892 2030 964 discipulos
2070 894 2351 948 medetur:
2382 893 2435 946 in
2466 900 2774 962 tempestate
2810 896 3091 949 succurrit.

291 1004 422 1060 σλε⁹.
457 1004 704 1073 Πέλαγος
741 1004 842 1074 μὲν
870 999 967 1058 οῦν
1006 1003 1275 1070 ἐξαντλῶν
1297 1000 1417 1059 οἶδα
1450 1006 1704 1069 κοτύλαις
1726 1006 1796 1058 τὰ

216 1097 311 1152 τοῦ
341 1094 659 1165 θαυμαστοῦ
693 1093 920 1163 Συμεὼν
947 1094 1125 1148 πάντα
1153 1094 1408 1159 διεξιέναι
1437 1095 1761 1164 φιλονεικῶν
1786 1114 1800 1128 ο

218 1187 335 1241 ἀλλ’
365 1187 427 1240 ού
462 1185 672 1257 φορητὴ
698 1184 859 1238 πάλιν
892 1186 924 1256 ή
956 1185 1066 1239 τῶν
1096 1186 1588 1258 παραλειπομένων
1612 1188 1805 1260 ζημία.

229 1280 522 1351 Ἐπέμφθη
571 1279 681 1350 γάρ
724 1296 857 1332 ποτε
900 1280 1039 1349 πρὸς
1067 1280 1166 1348 τὴν
1203 1279 1448 1351 βασιλίδα
1477 1280 1633 1335 πόλιν
1667 1282 1809 1337 κατά

219 1390 371 1435 τινας
399 1372 669 1441 θεοφιλεῖς
696 1386 755 1423 τε
786 1370 904 1442 ἅμα
936 1372 1032 1424 καὶ
1067 1370 1407 1441 ψυχωφελεῖς
1441 1372 1633 1444 χρείας
1674 1390 1810 1445 πρε-

223 1464 483 1533 σϐύτερος
512 1462 716 1533 Θωμᾶς
748 1463 846 1517 σὺν
878 1463 1127 1532 ἀδελφοῖς
1167 1463 1375 1535 ἑτέροις
1404 1463 1523 1518 δυσὶ
1554 1466 1685 1536 παρ’
1710 1467 1809 1520 αύ-

219 1553 337 1607 τοῦ.
370 1549 473 1607 Οἷα
501 1552 557 1606 δὲ
600 1552 752 1621 φιλεῖ
775 1552 838 1606 τὸ
864 1553 995 1624 περὶ
1027 1553 1121 1607 τὸν
1166 1551 1392 1624 βασιλέα
1427 1556 1536 1609 πᾶν
1579 1556 1804 1627 προσίε-

221 1645 350 1700 σθαι
399 1647 526 1709 τοὺς
582 1645 881 1711 τοιούτους,
920 1646 1015 1701 καὶ
1069 1646 1396 1718 θεραπεύειν
1449 1647 1541 1701 διὰ
1575 1648 1674 1719 τὴν
1709 1648 1805 1702 τοῦ

220 1742 541 1813 πέμψαντος
594 1741 818 1813 ἀρετὴν,
877 1741 1021 1814 ὀρῶν
1049 1744 1078 1796 ό
1103 1743 1406 1814 τηνικαῦτα
1444 1742 1684 1815 ἔπαρχος
1707 1744 1807 1797 αὐ-

219 1837 349 1899 τοὺς
375 1836 673 1905 (Θεόδωρος
705 1829 882 1900 οὗτος,
912 1836 942 1889 ὀ
1001 1834 1101 1905 τὴν
1159 1835 1478 1905 ἐπωνυμίαν
1530 1834 1808 1904 Πικρίδιος
1841 1821 1882 1879 Β

217 1922 311 1999 ἦν)
343 1926 659 1997 παρρησίας
691 1928 747 1978 ἐν
776 1925 856 1994 τῷ
900 1924 1151 1996 παλατίῳ
1202 1925 1509 1995 τυγχάνων,
1543 1923 1807 1977 πυνθόινε⁸

219 2036 334 2085 ται,
378 2018 523 2081 τίνες
563 2019 611 2070 oi
645 2018 868 2088 μοναχοὶ
916 2019 1008 2070 καὶ
1054 2018 1198 2072 ὅθεν.
1236 2016 1349 2071 Καὶ
1402 2017 1610 2088 μαθὼν,
1641 2033 1808 2087 μετα-

218 2111 471 2165 καλεῖται
516 2111 609 2164 τδν
658 2110 861 2182 Θωμᾶν
912 2111 1251 2179 καταμόνας.
1294 2111 1471 2165 Πολλὰ
1512 2110 1645 2179 γοῦν
1677 2111 1810 2182 περὶ

217 2203 319 2258 τοῦ
360 2204 510 2257 θείου
541 2203 768 2274 Συμεὼν
791 2203 1187 2273 διαλεχθέντες,
1223 2204 1454 2273 συχνοὺς
1485 2202 1581 2255 τοῦ
1632 2202 1810 2271 Θωμᾶ

224 2299 323 2350 καὶ
356 2297 604 2368 μακροὺς
632 2292 1042 2359 κατατείνοντος
1070 2297 1284 2365 λόγους,
1321 2296 1551 2351 πλεῖστά
1585 2314 1644 2349 τε
1678 2296 1811 2366 περὶ

220 2391 392 2445 αὐτοῦ
425 2393 519 2444 καὶ
549 2391 659 2443 τῶν
682 2389 848 2443 αὑτοῦ
882 2390 1206 2459 θαυμασίων
1237 2389 1339 2442 ὅσα
1368 2388 1629 2442 ἑκάστοτε
1663 2387 1811 2458 δρῴη

220 2483 517 2550 διεξιόντος
542 2498 557 2512 ο
591 2485 620 2537 ὁ
653 2483 894 2553 ἔπαρχος
946 2480 1238 2544 ἐκκαυθεὶς
1291 2481 1391 2552 τὴν
1429 2481 1658 2552 καρδίαν
1700 2483 1811 2543 τοῖς

223 2578 357 2647 περὶ
383 2576 547 2630 αὑτοῦ
574 2576 926 2647 διηγήμασιν,
958 2573 1078 2637 ὅλος
1106 2590 1168 2626 τε
1190 2573 1293 2641 τῆς
1324 2574 1404 2636 εἰς
1422 2573 1583 2626 αὐτὸν
1612 2574 1809 2643 ἐκκρεο

227 2670 461 2738 μασθεὶς
518 2670 776 2735 πίστεως,
826 2668 1052 2739 Χαλεπή
1114 2683 1204 2736 με,
1271 2666 1411 2736 πρὸς
1466 2667 1559 2719 τὸν
1606 2664 1811 2735 Θωμᾶν

223 2764 356 2832 ἔφη,
396 2762 552 2824 νόσος
600 2762 697 2815 καὶ
736 2760 945 2831 κρυφία
987 2758 1186 2824 πιέζει,
1220 2756 1357 2829 πρὸς
1400 2757 1468 2828 ἢν
1510 2756 1598 2809 διὰ
1631 2757 1813 2826 πάσης

224 2853 399 2907 ἐλθὼν
457 2852 707 2924 μηχανῆς
765 2870 825 2905 τε
880 2852 975 2905 καὶ
1018 2851 1235 2921 τέχνης,
1272 2850 1380 2903 οὐδ’
1414 2848 1591 2902 ὁτιοῦν
1615 2844 1725 2911 οἶός
1752 2864 1813 2900 τε

226 2943 501 3014 κατέστην
532 2943 715 3013 εὑρεῖν
745 2940 841 2995 τοῦ
876 2938 1049 2993 κακοῦ
1076 2940 1369 3010 φάρμακον
1389 2952 1405 2969 ·
1440 2931 1561 2990 εἶτα
1592 2938 1684 2991 καὶ
1713 2937 1813 2990 αύ-

225 3038 324 3091 τοῦ
357 3037 578 3107 μεσίτου
629 3036 813 3104 τυχεῖν
844 3033 1015 3086 ἐδεῖτο
1044 3032 1284 3102 θερμῶς,
1319 3030 1462 3083 ὥστε
1488 3030 1555 3083 δι’
1588 3032 1814 3083 ἐπιστοο

225 3128 331 3198 λῆς
384 3127 455 3182 τὰ
513 3126 635 3180 καθ’
678 3125 871 3179 ἐαυτὸν
925 3124 1120 3194 ἐκείνῳ
1167 3123 1536 3193 γνωρίσαντα,
1576 3121 1811 3192 κομίσα-

228 3222 355 3275 σθαι
399 3220 495 3274 καὶ
545 3218 644 3290 τὴν
704 3215 1022 3289 θεραπείαν.
1067 3213 1174 3269 Τοῦ
1229 3214 1304 3279 δὲ,
1340 3213 1500 3277 Ἤτις
1529 3214 1563 3284 ὴ
1617 3213 1814 3281 νόσος;

228 3314 496 3386 ἐρομένου
524 3329 539 3344 ·
594 3312 798 3382 ἐλεεινῇ
827 3311 855 3363 ὁ
884 3309 1124 3380 ἔπαρχος
1184 3305 1472 3361 ὑπολαϐὼν
1512 3308 1579 3377 τῇ
1635 3310 1809 3376 φωνῇ,

1976 1009 2106 1065 2'55.
2146 1010 2346 1065 Totum
2374 1028 2526 1067 mare
2566 1010 2748 1064 situlis
2780 1010 3073 1065 exhaurire
3107 1012 3347 1075 noverit,
3397 1012 3492 1081 qui

1905 1101 2092 1155 omnia
2122 1102 2411 1174 Symeonis
2442 1102 2719 1156 mirabilia
2750 1102 2803 1154 in
2846 1102 3022 1155 lucem
3068 1101 3315 1170 proferre
3358 1118 3493 1156 con-

1906 1195 2149 1250 tenderit
2173 1212 2186 1249 :
2210 1203 2266 1249 at
2295 1195 2550 1251 similiter
2571 1193 3004 1262 incomparabile
3030 1192 3292 1246 damnum
3308 1192 3493 1256 fuerit,

1906 1288 2207 1359 quidquam
2245 1304 2275 1342 a
2320 1288 2628 1343 scientibus
2664 1286 3032 1356 praetermitti.
3076 1283 3276 1339 Missus
3332 1285 3499 1355 igitur

1912 1379 2209 1450 aliquando
2240 1378 2299 1432 in
2329 1378 2535 1449 regiam
2564 1378 2759 1432 urbem
2791 1394 2821 1431 a
2855 1385 3047 1430 sancto
3086 1375 3358 1447 Symeone
3393 1377 3499 1431 fuit

1910 1473 2201 1544 presbyter
2232 1472 2473 1527 Thomas
2503 1486 2630 1525 cum
2674 1469 2942 1524 fratribus
2984 1468 3225 1533 duobus,
3273 1484 3497 1538 compa-

1910 1576 2135 1622 raturus
2162 1566 2411 1637 quaedam
2442 1566 2509 1620 ad
2563 1564 2659 1619 Dei
2705 1563 3129 1633 animarumque
3172 1578 3331 1616 usum
3370 1578 3499 1633 spe-

1910 1659 2138 1715 ctantia.
2188 1658 2461 1728 Cumque,
2503 1666 2564 1711 ut
2594 1656 2713 1712 fieri
2745 1657 2906 1723 solet,
2932 1672 2963 1709 a
2992 1665 3103 1710 tota
3138 1657 3263 1710 aula
3296 1656 3498 1710 admit-

1912 1758 2164 1804 terentur
2197 1750 2649 1818 colerenturque,
2689 1757 2916 1818 pr0pter
2950 1747 3097 1801 illius
3135 1763 3165 1801 a
3200 1762 3310 1816 quo
3342 1747 3498 1801 missi

1911 1852 2073 1899 erant
2097 1842 2298 1896 famam
2322 1882 2338 1906 ,
2390 1842 2531 1896 vidit
2570 1856 2668 1896 eos
2701 1840 2795 1910 qui
2842 1849 2973 1894 tunc
3013 1838 3307 1910 przefectus
3344 1840 3502 1895 urbis

1909 1941 2033 1988 erat
2082 1932 2413 1988 Theodorus
2466 1931 2713 1994 nomine,
2793 1927 3161 1999 cognomento
3202 1930 3497 1994 Pieridius,

1910 2026 2244 2082 auctoritate
2270 2025 2504 2095 pollens,
2532 2034 2699 2093 atque
2732 2024 3121 2093 interrogavit,
3153 2022 3375 2091 quinam
3407 2022 3499 2078 isti

1910 2118 2094 2174 forent
2123 2118 2376 2171 monachi
2416 2125 2473 2171 et
2502 2116 2670 2171 unde.
2714 2116 2960 2170 Edoctus
3005 2115 3242 2183 singula,
3280 2130 3503 2170 sevoca-

1910 2212 1991 2267 vit
2029 2210 2262 2265 seorsim
2304 2211 2597 2265 Thomam.
2648 2210 2786 2265 Cum
2822 2219 3005 2266 autem
3054 2211 3308 2279 pluribus
3359 2211 3505 2265 inter

1912 2315 1971 2355 se
1995 2300 2064 2355 de
2099 2310 2290 2355 sancto
2330 2302 2605 2372 Symeone
2646 2302 2909 2373 egissent,
2954 2313 3011 2355 et
3065 2302 3397 2370 prolixiores
3431 2302 3500 2355 de

1913 2393 2008 2447 illo
2046 2392 2286 2449 Thomas
2347 2403 2663 2463 pertexeret
2716 2409 3027 2457 sermones,
3092 2409 3260 2462 super
3314 2393 3502 2447 omnia

1913 2483 2093 2554 ipsum
2124 2493 2179 2538 et
2221 2485 2485 2539 miracula
2521 2502 2643 2555 qua:
2670 2485 2921 2554 quotidie
2951 2484 3191 2538 faciebat
3229 2499 3504 2538 commen-

1913 2576 2086 2629 dans:
2122 2576 2417 2646 praefectus
2444 2577 2815 2630 inflammatus
2847 2576 3015 2629 corde
3048 2576 3253 2629 talibus
3308 2590 3505 2627 narra-

1915 2668 2179 2731 tionibus,
2210 2677 2434 2737 totaque
2467 2669 2521 2722 in
2546 2669 2726 2737 ipsum
2762 2668 2961 2721 fiducia
2986 2677 3239 2722 erectus:
3297 2665 3504 2720 Diﬂiei—

1914 2760 2004 2823 lis,
2037 2760 2219 2830 inquit
2245 2760 2513 2815 Thomam
2542 2762 2852 2829 alloquens,
2880 2775 2969 2814 me
2994 2768 3051 2814 et
3098 2759 3352 2813 occultus
3374 2774 3503 2828 pre-

1915 2850 2016 2904 mit
2049 2851 2313 2916 morbus;
2347 2852 2507 2921 cujus
2535 2865 2702 2905 causa
2732 2866 2927 2905 omnes
2946 2850 3176 2905 adhibui
3218 2849 3507 2903 machinas

1914 2949 1971 2995 et
1993 2950 2164 3001 artes,
2195 2940 2292 2995 sed
2316 2941 2564 2995 laboravi
2594 2940 2648 2994 in
2676 2956 2902 3003 vanum,
2930 2941 3080 2995 nulla
3112 2939 3242 2993 mali
3279 2939 3505 2993 iuventa

1916 3032 2152 3086 medela.
2187 3031 2397 3085 Deinde
2426 3031 2816 3086 ardentissime
2839 3031 3021 3101 petiit,
3048 3040 3110 3085 ut
3159 3031 3357 3085 liceret
3393 3029 3504 3085 sibi

1917 3137 2019 3193 per
2044 3122 2335 3192 epistolam
2356 3137 2544 3177 rerum
2589 3138 2814 3177 suarum
2863 3130 3070 3177 statum
3121 3131 3314 3178 sancto
3358 3123 3508 3178 indi—

1920 3228 2067 3275 care,
2099 3228 2208 3282 quo
2241 3212 2589 3267 curationem
2635 3213 2935 3282 impetrare
2987 3213 3056 3267 ab
3085 3213 3206 3283 ipso
3263 3229 3510 3269 merere-

1914 3312 2029 3359 tur.
2057 3304 2436 3375 lnterrogante
2458 3313 2645 3359 autem
2675 3304 2889 3358 'l‘homa
2920 3321 2934 3358 :
2967 3304 3173 3375 Ecquis
3228 3306 3320 3359 ille
3354 3320 3508 3359 mor-

227 3405 440 3469 Πάντα,
472 3402 661 3473 φησιν,
689 3396 772 3465 οἷς
811 3400 1113 3470 τρέφομαι,
1138 3399 1217 3463 είς
1245 3391 1385 3469 αἷμα
1439 3400 1817 3467 μεταποιεῖται

1921 3394 2020 3449 bus
2058 3395 2246 3450 esset?
2290 3396 2599 3451 miserabili
2625 3396 2970 3466 respondens
3031 3411 3168 3451 voce
3206 3414 3220 3450 :
3287 3395 3506 3462 Omnia,

229 3497 327 3550 καὶ
376 3496 621 3566 μακροὺς
683 3493 993 3563 σκώληκας,
1024 3492 1059 3563 ἦ
1092 3508 1154 3544 τε
1213 3490 1323 3545 τῶν
1353 3490 1503 3554 ἐντὸς
1535 3489 1720 3560 ὀδύνη,
1755 3489 1816 3542 οὐ

1921 3483 2121 3553 inquit,
2171 3485 2512 3540 nutrimenta
2554 3500 2678 3541 mea
2718 3486 2774 3540 in
2808 3485 3136 3556 sanguinem
3194 3495 3252 3541 et
3315 3487 3510 3556 longos

231 3587 399 3659 ῥᾳδία
429 3587 639 3658 φέρειν.
672 3584 1119 3655 διαόοσκομένων
1159 3601 1227 3654 με
1255 3582 1366 3636 τῶν
1397 3582 1717 3653 σκωλήκων.
1760 3581 1817 3635 '0

1921 3574 2223 3631 lumbricos
2275 3586 2707 3632 convertuntur:
2772 3578 2978 3648 quippe
3040 3578 3255 3634 viscera
3298 3578 3512 3632 arrodit

230 3680 315 3744 δὲ,
356 3678 690 3749 Γνωριστέον
736 3678 854 3747 μὲν,
878 3677 954 3739 ὡς
983 3676 1143 3745 ἔφης,
1170 3674 1344 3729 ταῦτα
1394 3675 1487 3729 καὶ¹
1534 3675 1611 3746 τῷ
1642 3675 1814 3745 μεγὰ-

1921 3670 2100 3731 dolor,
2130 3670 2278 3725 haud
2308 3670 2472 3726 facile
2512 3671 2738 3725 tolerari
2789 3680 3002 3742 potest,
3048 3672 3157 3726 illis
3214 3688 3300 3726 me
3344 3673 3511 3740 depa-

232 3773 335 3843 λῳ,
366 3771 505 3841 πλὴν
556 3770 670 3824 ἀλλ’
703 3769 818 3822 ἐστι
876 3768 1007 3839 παρ’
1059 3770 1190 3839 ἡμῖν
1241 3767 1351 3820 τῶν
1404 3766 1566 3838 ἱερῶν
1606 3766 1815 3818 ἐκείνου

1924 3761 2230 3816 scentibus.
2261 3760 2362 3816 Cui
2394 3761 2636 3815 Thomas
2662 3780 2675 3815 :
2712 3761 3083 3831 Significanda
3110 3762 3228 3816 haec
3282 3761 3509 3830 quidem

233 3862 441 3934 τριχῶν
495 3861 589 3913 καὶ
648 3860 747 3929 τῆς
799 3857 1024 3923 κόνεως,
1054 3851 1137 3920 οἷς
1189 3856 1334 3928 ὕδωρ
1366 3856 1677 3910 ἐπιϐαλόντι
1721 3853 1817 3907 καὶ

1925 3863 2077 3916 sunt,
2131 3862 2193 3908 ut
2252 3854 2462 3924 inquis,
2521 3870 2721 3925 magno
2780 3854 3073 3926 Symeoni;
3126 3864 3509 3909 verumtamen

235 3955 345 4025 πρὸ
373 3954 558 4008 σιτίων
590 3954 792 4014 πιόντι,
825 3950 1078 4021 οὐδαμῶς
1103 3945 1256 4021 οἳμαι
1288 3949 1673 4019 μεταμελήσει.

1928 3946 2088 4001 adest
2146 3946 2309 4001 nobis
2349 3962 2573 4018 quoque
2640 3963 2672 4002 e
2714 3948 2888 4003 sacris
2935 3948 3083 4002 illius
3136 3946 3388 4001 crinibus
3446 3960 3511 4001 ac

234 4049 466 4119 pulvere
524 4047 831 4119 quidpiam,
880 4060 1021 4117 quos
1076 4044 1121 4100 si
1192 4046 1318 4115 quis
1392 4041 1682 4097 miscuerit
1737 4052 1865 4093 cum
1936 4052 2099 4107 aqua,
2162 4036 2515 4109 biberitque,
2561 4048 2696 4109 puto
2741 4039 2861 4094 fore
2923 4048 2982 4093 ut
3042 4054 3172 4094 eum
3221 4036 3349 4092 facti
3398 4051 3510 4091 non

277 4142 525 4199 ceniteat.

236 4158 587 4304 Pir;$:a'll‘oii
623 4231 678 4285 δὲ
708 4229 849 4284 κατά
871 4230 971 4294 τάς
1004 4230 1287 4301 ὑποθήκας
1328 4224 1695 4298 πεποιηκότος
1720 4263 1736 4289 ,
1784 4223 1819 4293 ἥ

233 4346 297 4382 τε
328 4326 427 4380 τοῦ
469 4325 701 4396 αἵματος
733 4322 890 4393 ῥύσις
935 4323 1204 4387 πέπαυτο,
1238 4321 1331 4374 καὶ
1361 4320 1418 4373 αί
1447 4320 1554 4371 τῶν
1607 4317 1822 4387 σκωλή-

236 4437 354 4474 κων
407 4418 592 4479 ὠδῖνες
626 4415 874 4479 ἐσόεστο,
912 4414 1009 4467 καὶ
1033 4415 1067 4483 ή
1094 4414 1247 4474 νόσος
1280 4410 1443 4474 εὐθὺς
1490 4409 1822 4479 ἀπελήλατο.

1992 4220 2120 4276 256.
2169 4220 2421 4277 Credidit
2450 4220 2744 4291 praefectus
2777 4221 2944 4275 dictis
2972 4221 3230 4277 Thomas:
3286 4232 3343 4277 et
3385 4238 3509 4278 ces-

1922 4312 2063 4367 savit
2097 4312 2245 4367 illico
2302 4311 2483 4365 ﬂuxus
2517 4310 2821 4381 sanguinis,
2864 4310 3084 4365 dolores
3127 4312 3399 4366 vermium
3420 4314 3502 4367 le-

1923 4405 2025 4459 niti
2059 4414 2210 4470 sunt,
2262 4404 2555 4473 omnisque
2574 4403 2847 4473 aegritudo
2874 4402 3127 4473 depulsa.
3152 4402 3356 4457 Verum
3382 4420 3509 4459 cum

248 4510 310 4563 Ὀ
358 4507 489 4577 γοῦν
537 4508 772 4575 ἔπαρχος
848 4506 1107 4572 φυσικαῖς
1176 4504 1318 4573 ὁρῶν
1376 4500 1569 4555 ἑαυτὸν
1617 4500 1817 4566 ἐξόδοις

1926 4495 2145 4549 videret
2180 4509 2403 4549 secessu
2432 4494 2669 4548 naturali
2705 4508 2764 4548 se
2826 4494 3094 4565 deinceps
3124 4496 3202 4549 uti
3231 4534 3246 4559 ,
3292 4495 3511 4566 gravior

237 4602 337 4656 τοῦ
364 4600 552 4653 λοιποῦ
588 4601 889 4670 χρώμενον,
916 4597 973 4648 ἐν
994 4595 1145 4665 φόϐῳ
1178 4594 1385 4647 πλείονι
1423 4592 1518 4645 τοῦ
1555 4591 1821 4660 προτέρου

238 4694 598 4764 γεγόνει,κςιλ⁵
650 4692 741 4743 τὸν
776 4690 980 4758 Θωμᾶν
1012 4688 1086 4749 ὼς
1136 4683 1250 4756 εἶχε
1308 4684 1821 4755 μεταστειλάμενος,

239 4787 470 4841 δεδιέναι
520 4787 615 4837 καὶ
659 4784 885 4853 τρέμειν
917 4780 1089 4847 ἔλεγε,
1128 4780 1202 4849 μὴ
1258 4777 1480 4831 ἄλλοθεν
1529 4778 1578 4829 οἱ
1614 4774 1825 4844 σκώλη-

241 4899 340 4943 κες
374 4878 535 4932 αὐτὸν
566 4876 941 4947 ἀναρρήξωσι,
964 4873 1071 4925 τῶν
1102 4872 1241 4924 κατά
1274 4870 1434 4939 φύσιν
1464 4869 1659 4934 ἐξόδων
1689 4870 1827 4921 ἀπο-

241 4970 607 5031 κλεισθέντες.
638 4968 749 5020 Καὶ
784 4960 891 5035 (οἷα
935 4964 1178 5031 πέφυκεν
1210 4962 1298 5015 ἀεὶ
1337 4961 1593 5032 μέγιστος
1659 4960 1826 5012 πᾶσιν

241 5061 555 5133 ἀνθρώποις
614 5058 928 5128 ἐγγίνεσθαι
984 5055 1186 5125 φόδος,
1218 5054 1348 5107 ὅταν
1394 5054 1523 5123 περὶ
1564 5052 1627 5104 τὸ
1670 5052 1770 5123 ζῇν
1798 5052 1827 5104 ό

243 5157 493 5219 κίνδυνος
548 5149 606 5225 ἦ.
649 5150 928 5222 φείδεσθαί
994 5166 1055 5203 τε
1113 5147 1340 5217 μηδενὸς
1387 5145 1713 5216 τηνικαῦτα,
1753 5144 1830 5216 μὴ

244 5248 438 5310 πόνου,
477 5244 552 5314 μὴ
585 5242 858 5313 καμάτου,
918 5240 991 5310 μὴ
1021 5238 1397 5308 ἀναλώματος,
1430 5238 1478 5290 εἰ
1508 5237 1602 5291 καὶ
1641 5236 1701 5290 τὸ
1734 5236 1829 5289 δύ-

244 5336 446 5393 νασθαι
482 5334 717 5405 μάλιστα
738 5331 947 5394 τούτοις
992 5328 1190 5399 προσῇ)
1220 5328 1269 5381 εὶ
1306 5326 1379 5398 μὴ
1422 5328 1515 5379 καὶ
1565 5325 1645 5397 τῷ
1692 5326 1833 5396 ἁγίῳ

243 5428 577 5502 γνωρισθείη
621 5427 690 5480 τὰ
750 5425 869 5478 κατ’
928 5424 1112 5489 αὑτὸν,
1148 5422 1249 5476 ούκ
1305 5421 1512 5475 ἀνεκτὰ
1571 5421 1829 5473 ἐποιεῖτο.

244 5522 538 5593 Γέγραπτο
587 5520 684 5590 μὲν
718 5513 814 5570 οῦν
854 5518 888 5586 ή
925 5515 1205 5585 ἐπιστολὴ,
1248 5514 1551 5584 ήτοίμαστο
1595 5514 1653 5566 δὲ
1684 5513 1775 5566 καὶ
1804 5513 1833 5565 ὁ

246 5616 389 5689 πρὸς
424 5611 587 5667 αὐτὸν
616 5610 931 5681 πέμπεσθαι
993 5608 1203 5679 μέλλων
1226 5620 1240 5635 ·
1274 5606 1390 5659 ἀλλ’
1421 5609 1454 5677 ή
1504 5605 1716 5658 ἐκείνου
1756 5605 1833 5658 διο

249 5710 442 5781 όρασις
465 5705 775 5777 προφθάνει
812 5704 910 5756 καὶ
965 5701 1066 5772 τὴν
1093 5699 1274 5753 αὐτῶν
1327 5697 1589 5762 ἱκετείαν,
1622 5697 1715 5749 καί
1744 5714 1831 5760 τις

1930 4589 2113 4656 priore
2148 4587 2331 4656 ipsum
2378 4587 2609 4641 incessit
2652 4594 2873 4640 metus:
2905 4576 3292 4657 accersitoque
3342 4605 3509 4657 quam

1923 4680 2212 4735 celerrime
2257 4679 2491 4744 Thoma,
2538 4678 2675 4731 dicit
2722 4678 2823 4741 illi,
2851 4678 3039 4733 Vereri
3094 4695 3152 4734 se
3180 4688 3344 4749 atque
3392 4690 3509 4734 tre-

1926 4785 2099 4834 mere,
2150 4785 2221 4823 ne
2252 4785 2490 4835 vermes,
2511 4770 2757 4823 naturali
2783 4785 3004 4824 secessu
3033 4770 3345 4836 obstructo,
3378 4772 3510 4826 alibi

1924 4870 2176 4914 ventrem
2201 4860 2567 4929 perroderent
2591 4876 2604 4911 :
2632 4870 2689 4914 et
2715 4860 3202 4929 (quemadmodum
3225 4863 3513 4916 consuevit

1928 4969 2146 5022 semper
2172 4952 2406 5006 validior
2451 4966 2644 5005 omnes
2686 4968 2957 5021 occupare
3024 4962 3225 5016 metus,
3292 4954 3513 5021 quando

1928 5047 2037 5099 vita
2071 5045 2439 5114 periclitatur,
2480 5060 2589 5098 non
2648 5054 2941 5114 parcentes
2998 5046 3095 5099 ulli
3133 5046 3235 5111 rei,
3285 5063 3397 5100 non
3434 5048 3514 5099 la-

1929 5134 2071 5198 bori,
2108 5150 2217 5188 non
2268 5131 2672 5203 defatigationi,
2726 5148 2837 5186 non
2895 5135 3231 5203 sumptibus,
3287 5134 3508 5189 etiamsi

1930 5227 2078 5299 quod
2112 5226 2348 5280 maxime
2383 5224 2648 5295 prodesse
2668 5233 2874 5294 potest,
2925 5226 2993 5280 ad
3027 5242 3252 5281 manum
3300 5227 3392 5291 sit)
3427 5226 3515 5278 in-

1932 5319 2243 5375 tolerabilia
2270 5316 2622 5372 existimabat
2662 5317 2869 5383 omnia,
2902 5318 3007 5371 nisi
3034 5333 3156 5387 quae
3200 5332 3259 5372 se
3302 5326 3517 5387 specta-

1934 5414 2067 5469 bant
2098 5418 2289 5467 sancto
2311 5408 2775 5481 significarentur.
2812 5412 3041 5463 Exarata
3091 5408 3259 5479 igitur
3282 5408 3515 5477 epistola

1933 5515 2039 5572 est,
2079 5513 2539 5574 comparatusque
2566 5502 2661 5573 qui
2690 5502 2839 5556 illam
2882 5502 2952 5556 ad
3014 5501 3342 5573 Symeonem
3386 5515 3514 5569 per-

1933 5601 2127 5656 ferret.
2159 5597 2363 5652 Verum
2392 5596 2790 5665 perspicacitas
2822 5595 2973 5649 illius
3004 5595 3206 5649 horum
3236 5593 3401 5646 etiam
3431 5593 3511 5646 le-

1934 5693 2212 5765 gationem
2251 5688 2559 5759 supplicem
2588 5688 2877 5758 praevertit
2910 5704 2924 5741 :
2948 5686 3152 5757 aliquis
3170 5685 3321 5739 enim
3345 5700 3375 5738 a
3403 5682 3505 5751 Sy-

250 5780 311 5855 ἐν
352 5798 591 5866 τοσούτῳ
638 5798 803 5867 φοιτᾷ
843 5794 973 5865 παρ’
1001 5791 1189 5859 αὐτοῦ,
1220 5792 1319 5845 ὅσα
1347 5807 1409 5843 τε
1437 5787 1573 5859 πρὸς
1606 5788 1695 5842 τὸν
1728 5788 1817 5842 Θω

1954 5798 2151 5841 meone
2187 5780 2513 5845 adveniens,
2549 5780 2922 5850 particulatim
2952 5781 3137 5836 omnia
3187 5794 3309 5850 quae
3363 5784 3515 5848 gesta
