4006 6496
556 346 701 411 3203

1767 345 1827 407 S.
1868 346 2247 409 SYMEONIS
2282 349 2647 412 JUNIORIS

3672 348 3816 415 πτειν

548 470 729 525 erant,
762 458 1117 531 signiﬁcavit,
1147 472 1401 528 quanam
1431 454 1649 513 scilicet
1678 472 1708 511 a
1732 459 1993 528 praefecto
2042 460 2125 515 di-

2235 465 2341 533 μᾶν
2366 463 2443 533 τῷ
2473 464 2701 535 ἐπάρχῳ
2753 462 2990 535 λεχθείη,
3040 463 3133 517 καὶ
3159 462 3235 526 ὡς
3277 460 3461 532 δοθείη
3496 462 3816 533 παράὖτώ

546 562 633 608 cla
659 552 883 607 Thomze
922 551 1188 616 fuissent;
1222 550 1503 620 quomodo
1564 550 1633 604 ab
1680 550 1787 605 hoc
1840 568 1982 621 aqua
2046 552 2128 607 illi

546 644 697 709 data,
735 646 905 699 sacris
963 643 1255 715 Symeonis
1277 643 1531 698 crinibus
1576 653 1632 697 et
1659 645 1885 713 pulvere
1919 645 2128 700 sancti-

547 736 744 801 ﬁcata;
821 736 1101 805 quomodo
1162 736 1398 790 bibisset
1457 736 1895 805 dispulissetque
1943 737 2129 792 statim

550 824 801 878 dolorem
831 841 1053 879 omnem
1079 841 1092 876 :
1123 824 1327 878 deinde
1357 824 1616 878 hortatus
1638 840 1859 893 quoque
1882 835 1967 880 est
1987 842 2127 894 pne-

554 914 783 978 l'ectum,
817 931 885 967 ne
914 916 1028 968 haec
1046 916 1140 968 Dei
1168 914 1436 968 miracula
1457 914 1786 984 negligeret,
1819 915 2129 985 adiecitque

546 1006 817 1076 quidquid
846 1014 1113 1076 praeterea
1144 1022 1174 1060 e
1208 1023 1266 1059 re
1290 1006 1491 1059 animae
1522 1007 1674 1060 illius
1713 1005 1832 1061 fore
1863 1006 2126 1076 putabat;

548 1097 659 1151 imo
683 1100 849 1151 etiam
878 1098 1229 1151 conﬁrmavit
1258 1098 1335 1151 illi
1373 1098 1692 1158 sanitatem,
1747 1113 1870 1167 qua:
1894 1106 1950 1151 et
1992 1112 2129 1151 con-

552 1189 764 1243 tinuata
784 1202 869 1244 est
897 1206 1073 1258 usque
1106 1191 1174 1243 ad
1211 1199 1445 1243 mortem
1477 1189 1605 1242 viri.
1642 1189 1734 1244 Sic
1758 1190 1928 1261 igitur
1957 1189 2131 1244 mani-

548 1282 752 1335 festum
782 1288 887 1344 est,
914 1280 1063 1349 quod
1090 1296 1212 1349 qua:
1244 1280 1465 1334 volebat
1494 1280 1755 1350 Symeon,
1815 1282 1979 1351 longe
2030 1283 2129 1336 ab-

551 1387 678 1427 sens
726 1372 780 1425 in
824 1372 1024 1440 spiritu
1068 1371 1303 1435 videret,
1346 1380 1402 1426 et
1431 1373 1661 1440 quidem
1692 1381 1801 1426 tam
1824 1372 2128 1442 perspicue

551 1481 616 1519 ac
648 1465 693 1519 si
720 1479 905 1517 coram
938 1475 1306 1533 gererentur:
1354 1464 1819 1533 quemadmodum
1846 1464 2132 1535 sequentia

551 1558 717 1612 etiam
748 1556 1052 1610 declarant.

617 1648 746 1701 257.
793 1647 1016 1700 Morbus
1071 1647 1371 1716 aliquando
1428 1649 1695 1718 pestilens
1757 1649 2128 1720 grassabatur,

549 1740 754 1794 multos
787 1741 1043 1795 homines
1068 1742 1407 1811 depascens:
1442 1759 1553 1811 quo
1584 1744 1816 1813 contigit
1837 1743 2005 1797 ﬁliam
2027 1758 2129 1797 cu-

2232 554 2377 626 ὕδωρ
2403 557 2620 627 ἐκείνῳ,
2642 556 2816 627 θριξὶν
2844 556 3020 619 ὁσίαις
3045 555 3213 609 αὐτοῦ
3234 556 3328 609 καὶ
3356 556 3506 608 κόνει
3528 556 3815 624 ἀγιασθέν,

2230 650 2325 701 καὶ
2355 650 2430 713 ὼς
2472 649 2613 702 πιὼν
2644 651 2841 703 αὐτίκα
2871 650 2966 703 τοῦ
2996 650 3203 712 πάθους
3254 648 3637 715 ἀπαλλαγείη,
3672 649 3817 699 κατὰ

2232 744 2397 813 μέρος
2452 745 2631 798 πάντα
2683 744 3098 816 διασημαίνων·
3138 745 3266 814 ἑξῆς
3294 743 3354 797 δὲ
3410 743 3510 797 καὶ
3564 744 3709 811 πρὸς
3750 743 3817 795 τὰ

2228 834 2322 886 τοῦ
2353 835 2487 888 Θεοῦ
2523 834 2804 905 θαυμάσια
2836 836 2916 907 τῷ
2962 837 3187 906 ἐπάρχῳ
3235 835 3310 906 μὴ
3347 834 3631 904 ὀλιγώρως
3672 834 3818 902 ἔχειν

2233 927 2585 995 παρεγγυῶν,
2618 929 2712 980 καὶ
2736 930 2792 980 εί
2812 945 2863 980 τι
2898 928 3034 999 πρὸς
3078 928 3266 997 ὄνησιν
3296 927 3478 997 ψυχῆς
3506 926 3637 980 ἀλλο
3685 927 3819 977 ὐπο-

2230 1018 2436 1082 τιθείς’
2469 1019 2532 1071 ού
2566 1019 2673 1091 μὴν
2703 1020 2841 1072 ἀλλά
2872 1020 2970 1073 καὶ⁸
3004 1020 3103 1089 τὴν
3135 1018 3327 1087 ὑγείαν
3361 1017 3512 1087 αὑτῷ
3542 1020 3819 1085 ἐπισφραο

2231 1110 2539 1181 γιζόμενος,
2566 1113 2601 1182 ἦ
2627 1129 2712 1176 τις
2741 1112 2837 1165 καὶ
2860 1112 3163 1183 παρέμεινε
3194 1110 3273 1182 τῷ
3302 1110 3463 1181 ἀνδρὶ
3484 1110 3576 1163 διὰ
3606 1110 3817 1171 τέλους.

2232 1203 2423 1269 Ούτως
2455 1205 2562 1259 ἀπὸ
2594 1204 2874 1276 μακρόθεν
2894 1205 3011 1275 ᾔδει
3039 1203 3119 1274 τῷ
3151 1203 3424 1273 πνεύματι
3460 1202 3648 1270 σαφῶς
3673 1202 3818 1270 ἅπερ

2231 1296 2505 1360 ἐϐούλετο,
2543 1296 2641 1349 καὶ
2668 1296 2745 1361 ὡς
2775 1297 2835 1350 ἐν
2857 1295 3158 1366 ὀφθαλμοῖς
3182 1294 3364 1349 πάντα
3388 1292 3562 1363 ἐώρα*
3595 1288 3684 1346 οἷα
3710 1292 3820 1364 γὰρ

2232 1387 2395 1442 πάλιν
2416 1386 2617 1442 ἐκείνα.

2304 1648 2435 1713 σλζ⁹.
2473 1648 2648 1703 Νόσου
2674 1650 2805 1704 ποτὲ
2832 1649 3086 1721 λοιμικῆς
3108 1649 3429 1719 γενομένης,
3456 1649 3552 1703 καὶ
3586 1649 3699 1702 τῶν
3722 1649 3818 1703 ἀν⁴

2233 1737 2465 1810 θρώπων
2490 1739 2717 1803 πολλοὺς
2747 1742 3170 1811 ἐπινεμομένης,
3198 1740 3397 1810 συνέϐη
3427 1742 3633 1809 ταύτης
3652 1740 3817 1809 ἔργον

544 1832 765 1901 jusdam
799 1832 1030 1901 Evagrii
1074 1809 1184 1902 (63)
1250 1836 1416 1887 etiam
1461 1809 1715 1903 corripi.
1743 1809 1895 1889 'Erat
1946 1843 2125 1888 autem

2232 1809 2325 1885 καὶ
2348 1833 2622 1904 θυγατέρα
2649 1834 2795 1896 τινὸς
2823 1809 3411 1904 Εύαγρίου-γενέσθαιγε
3451 1831 3814 1901 Σχολαστικδς

548 1923 818 1993 Evagrins
849 1925 950 1978 iste
982 1924 1382 1980 Scholasticus.
1414 1927 1683 1992 Quoniam
1714 1944 1845 1982 vero
1886 1927 2127 1996 Epipha-

549 2016 676 2069 nius
705 2016 952 2083 quidam,
989 2016 1083 2084 qni
1122 2017 1292 2086 perid
1327 2027 1546 2087 tempus
1576 2019 1866 2088 gentilium
1921 2018 2128 2072 errori—

550 2107 655 2161 bus
684 2107 967 2161 adhaarere
1009 2108 1320 2173 dicebatur,
1371 2109 1513 2162 nihil
1554 2109 1890 2163 incommodi
1947 2108 2128 2178 quoad

548 2200 690 2254 ﬁlios
719 2211 868 2255 recte
895 2201 1194 2265 habentes,
1223 2210 1509 2271 pateretur
1535 2221 1548 2255 :
1583 2202 1880 2257 subierunt
1910 2201 2128 2273 Evagrii

546 2294 790 2347 animum
813 2294 1177 2363 cogitationes
1206 2295 1540 2364 blasphemas
1566 2296 1781 2366 (quales
1805 2310 1927 2349 esse
1949 2296 2129 2349 solent

546 2385 771 2455 maligni
806 2385 1073 2439 daemonis
1103 2385 1484 2455 deceptiones)
1510 2402 1576 2441 ex
1604 2386 1918 2441 vehementi
1940 2386 2125 2451 nimis,

546 2488 657 2541 quo
685 2475 849 2527 ﬁliam
872 2474 1184 2538 adamabat,
1236 2475 1439 2529 aﬁectu
1504 2476 1790 2540 subnatm;
1851 2476 2128 2544 quomodo

546 2580 743 2634 nempe
771 2566 967 2637 religio
994 2582 1092 2620 sua
1119 2568 1430 2636 Epiphanio
1470 2568 1679 2622 faceret
1708 2569 1777 2621 ad
1828 2570 1995 2622 vitam
2048 2576 2130 2621 at-

546 2673 653 2727 que
683 2657 1125 2712 incolumitatem
1158 2659 1416 2713 ﬁliorum.
1456 2660 1535 2713 Ex
1588 2660 1896 2713 istiusmodi
1943 2669 2127 2714 autem

547 2750 982 2818 cogitationibus
1014 2759 1197 2804 motus
1249 2767 1312 2805 ac
1370 2760 1667 2819 tempestas
1716 2752 2012 2805 vehemens
2071 2751 2124 2804 in

546 2842 731 2895 anima
768 2841 871 2893 viri
902 2843 1182 2895 concitata
1215 2828 1320 2905 est,
1345 2858 1453 2895 non
1487 2842 1607 2895 leve
1662 2842 1769 2895 sibi
1818 2843 2126 2910 periculum

546 2934 806 2988 creantis.
836 2932 1181 3003 Cognoverat
1230 2934 1347 2987 hzec
1420 2932 1475 2985 in
1533 2934 1731 3002 spiritu
1782 2933 2039 3004 Symeon,
2071 2946 2128 2988 et

544 3024 802 3094 Evagrio,
832 3041 931 3094 pro
954 3024 1037 3078 sui
1081 3024 1134 3076 in
1194 3028 1375 3093 ipsum
1443 3023 1710 3093 singulari
1761 3025 2126 3093 propensione

2230 1924 2276 1977 δ’
2294 1919 2361 1995 ἦν
2385 1924 2494 1995 ἀρα
2516 1925 2544 1976 ό
2573 1925 2841 1995 Εὑάγριος
2867 1920 3041 1989 οὗτος.
3080 1925 3232 1978 Ἐπεὶ
3262 1924 3319 1977 δέ
3346 1941 3430 1987 τις
3474 1924 3810 1990 Ἐπιφάνιος,

2232 2015 2458 2086 Ἕλληνι
2486 2015 2786 2086 τηνικαῦτα
2815 2016 3108 2086 λεγόμενος
3136 2015 3495 2084 προσανέχειν
3517 2014 3728 2085 ἀπάτῃ,
3751 2014 3808 2067 οὗ

2228 2107 2287 2160 δὲ
2322 2108 2454 2178 μίαν
2484 2108 2688 2177 ὑπέστη
2723 2108 2852 2179 περὶ
2881 2110 2950 2162 τά
2979 2108 3148 2161 τέκνα
3172 2107 3395 2177 ζημίαν,
3429 2106 3632 2159 είσίασί
3664 2122 3809 2168 τινες

2230 2199 2321 2251 τὸν
2354 2200 2624 2267 Εὑάγριον
2668 2198 2917 2269 λογισμοὶ
2944 2198 3311 2268 βλασφημίας,
3341 2192 3431 2251 οἷα
3462 2197 3531 2251 τά
3574 2196 3671 2249 τοῦ
3714 2212 3811 2248 πο-

2229 2290 2397 2361 νηροῦ
2430 2290 2760 2360 δελεάματα,
2802 2292 2867 2344 ἐκ
2898 2291 2993 2344 τοῦ
3020 2290 3252 2360 σφοδροῦ
3281 2289 3517 2361 μάλιστα
3547 2290 3679 2358 περὶ
3712 2291 3808 2357 τὴν

2232 2383 2398 2436 παῖδα
2443 2383 2647 2446 πάθους
2682 2383 2759 2454 τῷ
2799 2383 3072 2454 ἀνθρώπῳ
3116 2383 3459 2454 ἐπιφυέντος,
3503 2383 3583 2444 ὡς
3614 2382 3721 2451 ἄρα
3744 2382 3809 2433 τὰ

2228 2474 2327 2543 τῆς
2360 2473 2658 2545 θρησκείας
2693 2474 2887 2545 ἐκείνῳ
2938 2474 3221 2546 πρὸςντὴν
3271 2475 3380 2528 τῶν
3406 2474 3617 2527 τέκνων
3665 2472 3808 2543 ζωὴν

2228 2566 2519 2634 ἐπαμύνοι.
2554 2568 2659 2620 Καὶ
2706 2567 2881 2637 μέγαν
2924 2566 2988 2620 ἐκ
3015 2567 3123 2620 τῶν
3158 2567 3414 2620 τοιούτων
3454 2565 3737 2634 λογισμῶν
3776 2568 3808 2635 ἡ

2226 2660 2374 2731 ψυχὴ
2425 2659 2668 2713 κλύδωνα
2712 2660 2807 2712 καὶ
2857 2659 3019 2712 σάλον
3043 2655 3175 2729 εἶχε,
3222 2660 3317 2712 καὶ
3346 2659 3513 2711 πολὺν
3540 2660 3691 2729 αὐτῷ
3720 2659 3807 2712 τὸν

2228 2753 2473 2807 κίνδυνον
2534 2752 2743 2805 ὤδινεν.
2794 2751 2974 2823 Ὅπερ
3040 2752 3131 2805 τὸν
3182 2753 3335 2819 ἅγιον
3389 2752 3471 2821 τῷ
3537 2752 3808 2821 πνεύματι

2228 2846 2446 2915 γνόντα,
2474 2843 2712 2914 δηλῶσαι
2739 2842 2819 2913 τῷ
2846 2842 3123 2913 Εὑαγρίῳ.
3146 2843 3238 2896 καὶ
3267 2841 3375 2911 γὰρ
3398 2837 3469 2913 ἦν
3494 2842 3645 2911 αὐτῷ
3667 2844 3806 2912 ῥοπῇ

2226 2938 2516 2999 διαθέσεως
2576 2934 2887 2991 ἐπικλίνων.
2971 2935 3028 2988 '0
3079 2934 3136 2988 δὲ
3193 2934 3271 3004 τῷ
3335 2935 3429 2987 τοῦ
3486 2936 3808 3006 πράγματος

2228 3030 2515 3100 παραδόξῳ
2550 3027 2943 3096 καταπλαγεὶς,
2977 3028 3059 3081 ὅτι
3088 3027 3232 3098 ἀπερ
3264 3022 3333 3097 ἦν
3376 3029 3436 3080 ἐν
3468 3027 3631 3097 μυχῷ
3674 3044 3807 3098 καρ-

544 3115 934 3185 animi,jussit
992 3114 1244 3168 indicari.
1289 3114 1589 3182 Obstupuit
1642 3113 1733 3166 ille
1769 3114 1990 3168 insolita
2045 3114 2125 3168 rei

2230 3122 2349 3185 δίας
2393 3119 2542 3190 αὐτῷ
2593 3120 2729 3191 δῆλα
2777 3121 2855 3191 τῷ
2896 3121 3122 3190 Συμεὼν
3154 3120 3531 3190 καθειστήκει,
3567 3120 3717 3190 φόϐῳ
3751 3137 3806 3173 τε

543 3208 812 3271 novitate,
850 3207 1130 3277 quomodo
1164 3208 1277 3271 illa,
1301 3224 1422 3276 quae
1454 3206 1507 3260 in
1558 3206 1743 3260 cordis
1790 3208 1874 3261 sui
1907 3223 2123 3263 recessu

2232 3210 2409 3281 πολλῷ
2438 3213 2531 3265 καὶ
2567 3211 2827 3283 μετανοίᾳ
2848 3211 3096 3283 ληφθεὶς,
3123 3212 3297 3266 ἄνεισι
3331 3212 3469 3281 πρὸς
3497 3212 3680 3278 αὐτὸν,
3715 3211 3806 3265 δά-

548 3304 745 3357 intimo
781 3304 1052 3367 latebant,
1091 3303 1462 3357 innotuissent
1487 3302 1746 3373 Symeoni
1769 3319 1783 3368 ;
1810 3314 2124 3371 correptus.

545 3411 652 3465 que
680 3396 879 3449 timore
938 3405 992 3449 et
1042 3394 1412 3464 pmnitudine,
1464 3396 1709 3449 accurrit
1735 3395 1801 3449 ad
1851 3405 2123 3459 sanctum,

543 3485 801 3558 lacrymis
824 3498 988 3555 atque
1033 3487 1201 3539 animi
1229 3486 1432 3541 aﬁ‘ectu
1483 3488 1656 3556 magis
1714 3502 1882 3556 quam
1934 3487 2122 3556 lingua

544 3587 602 3634 et
626 3579 789 3633 labiis
831 3595 946 3633 rem
989 3579 1299 3633 conﬁtens:
1353 3578 1757 3648 impetrataque
1807 3595 1917 3633 non
1966 3580 2126 3634 venia

546 3670 734 3735 modo,
786 3669 883 3724 sed
933 3671 1099 3725 etiam
1151 3669 1399 3725 remedio
1440 3678 1638 3725 contra
1681 3680 1991 3741 peccatum,
2040 3687 2125 3726 re-

544 3777 741 3817 νοτευε
770 3772 874 3817 est.

619 3854 745 3907 238.
790 3853 1005 3908 Accidit
1041 3862 1163 3923 post
1217 3854 1356 3920 hac,
1386 3855 1702 3925 quemdam,
1753 3856 1841 3911 cui
1901 3856 2125 3912 dextera

546 3947 919 4016 putrescebat,
980 3947 1136 4001 adire
1182 3947 1530 4018 Symeonem,
1587 3956 1951 4018 curatumque
2000 3964 2126 4002 mox

545 4037 616 4091 ab
648 4038 789 4107 ipso,
822 4039 965 4092 viam
1000 4039 1246 4109 relegere
1279 4039 1502 4094 domum
1546 4055 1743 4095 versus
1773 4058 1786 4095 :
1821 4041 1959 4095 forte
1987 4040 2127 4096 Cilix

546 4130 774 4199 quidam
805 4130 963 4200 juxta
994 4130 1136 4184 viam
1170 4146 1394 4200 operam
1432 4131 1569 4186 dans
1608 4131 1823 4202 ﬁglinaz,
1854 4132 2123 4201 qumsivit,

546 4222 694 4276 unde
736 4229 795 4277 et
861 4222 1021 4292 cujus
1057 4238 1220 4277 causa
1269 4224 1485 4277 veniret
1541 4223 1908 4291 :doctusque,
1962 4239 2124 4292 quam

548 4312 761 4383 insigne
809 4314 1114 4368 curationis
1165 4314 1501 4368 beneﬁcium
1554 4313 1644 4368 ille
1694 4322 1889 4368 nactus
1923 4323 2123 4371 esset:

545 4404 709 4470 Quid,
754 4404 954 4474 inquit,
996 4405 1268 4469 fallimini,
1298 4405 1365 4459 ad
1418 4406 1694 4460 hominem
1727 4405 2124 4476 confugientes,

546 4495 639 4564 qui
680 4494 965 4549 veneﬁciis
1007 4496 1195 4566 potius
1226 4512 1391 4566 quam
1448 4496 1651 4550 virtute
1703 4497 1890 4551 divina
1938 4498 2127 4552 isthazc

546 4585 853 4654 operatur?
880 4586 979 4641 Vix
1010 4585 1245 4653 dixerat,
1280 4602 1405 4642 cum
1443 4586 1724 4642 dexteram
1756 4604 1908 4642 suam
1942 4588 2127 4643 vitiari

546 4678 736 4744 sentit,
766 4676 934 4731 simili
966 4677 1365 4746 putrefactione
1390 4694 1729 4749 percussam,
1770 4689 1933 4749 atque
1981 4680 2128 4735 illius

543 4779 671 4824 ante
706 4770 924 4833 fuerat;
960 4770 1187 4823 alterius
1215 4770 1362 4824 malo
1386 4771 1438 4825 in
1479 4772 1711 4825 alterum
1746 4772 1912 4826 veluti
1948 4783 2128 4827 trans-

542 4858 673 4916 lato.
710 4863 898 4932 Neque
950 4861 1030 4917 sic
1058 4870 1240 4917 tamen
1272 4862 1339 4916 ad
1366 4874 1603 4917 mentem
1648 4864 1812 4919 rediit
1836 4865 2119 4919 meliorem

540 4952 711 5018 Cilix;
739 4954 833 5007 sed
863 4954 1094 5009 medicis
1137 4954 1322 5024 potius
1353 4964 1519 5024 atque
1561 4957 1775 5011 artibus
1813 4958 2116 5014 curandum

541 5060 600 5099 se
642 5046 942 5100 commisit.
978 5048 1183 5101 Verum
1241 5048 1335 5102 ubi
1374 5049 1647 5102 curationi
1693 5048 1980 5106 facultates
2032 5051 2117 5104 in-

540 5143 792 5204 sumptas
822 5135 982 5199 vidit,
1013 5152 1115 5191 nec
1148 5138 1314 5191 ullam
1356 5137 1617 5208 aﬁ‘ulgere
1652 5154 1823 5207 spem,
1861 5140 2119 5209 cognovit

520 5220 657 5297 ’ipse
708 5242 931 5297 quoque
980 5229 1470 5298 (quemadmodum
1528 5230 1627 5294 illi,
1688 5229 1782 5299 qui
1832 5230 2121 5287 doloribus

539 5330 895 5390 premuntur,
935 5320 1182 5376 studiose
1220 5322 1398 5377 solent
1448 5324 1503 5377 in
1540 5324 1758 5378 illorum
1791 5340 1985 5379 causas
2034 5326 2121 5379 in-

541 5411 787 5482 quirere)
811 5427 1004 5482 pmnas
1033 5428 1091 5467 se
1117 5412 1249 5468 dare
1275 5429 1378 5484 pro
1400 5413 1683 5484 injuriosis
1702 5414 1967 5469 adversus
1991 5430 2121 5469 san-

540 5512 691 5557 ctum
735 5504 1062 5575 Symeonem
1095 5506 1316 5572 verbis;
1352 5515 1409 5562 et
1431 5516 1494 5561 ut
1533 5508 1709 5576 potuit
1733 5506 2021 5563 celerrime
2049 5507 2119 5560 ad

540 5594 723 5662 ipsum
767 5596 1021 5661 accessit,
1052 5612 1216 5666 quam
1244 5598 1450 5652 misero
1478 5612 1673 5651 manus
1701 5612 1803 5652 sua
1834 5598 1955 5653 loco
1974 5606 2120 5653 esset

623 5707 737 5780 (6'5)
765 5707 1029 5780 Evagrius
1052 5710 1443 5779 Scholasticus,
1482 5713 1755 5767 historiam
1796 5714 2113 5769 ecclesiasti-

538 5794 657 5833 cum
690 5779 723 5835 6
775 5778 920 5834 libri}
952 5782 1275 5863 complexus,
1302 5786 1395 5863 hoc
1426 5778 1609 5864 ipsum
1639 5785 1956 5840 miraculum
1981 5788 2045 5840 de
2062 5802 2117 5841 se

2226 3319 2388 3373 κρυσι
2414 3300 2619 3373 μᾶλλον
2652 3302 2748 3355 καὶ
2778 3301 2942 3357 πάθει
2971 3302 3151 3373 ψυχῆς
3184 3302 3217 3373 ἦ
3260 3303 3473 3377 γλώττῃ
3504 3304 3679 3357 ταῦτα
3716 3304 3806 3357 καὶ

2226 3394 2459 3465 χείλεσιν
2504 3393 3017 3465 ἐξομολογούμενος.
3068 3394 3409 3464 Συγγνώμης
3467 3396 3603 3462 παρ’
3645 3394 3802 3448 αὐτοῦ

2226 3487 2425 3551 τοίνυν,
2477 3488 2540 3540 οὐ
2593 3487 2701 3559 μὴν
2750 3485 2889 3540 ἀλλά
2943 3484 3039 3540 καὶ
3096 3486 3404 3557 φαρμάκων
3451 3486 3675 3541 οίκείων
3711 3484 3800 3539 τοῦ

2227 3580 2626 3652 ἁμαρτήματος
2653 3579 2856 3651 τυχὼν,
2882 3578 3170 3650 ἐπανήκει.

2300 3849 2436 3919 σλη’.
2467 3851 2697 3904 Ἔπειτα
2734 3849 2916 3919 μέντοι
2949 3849 3148 3920 συνέϐη
3182 3851 3305 3905 τινά
3341 3850 3677 3907 διασαπέντα
3708 3853 3801 3925 την

2226 3942 2424 4008 δεξιὰν,
2457 3944 2593 4015 πρός
2621 3961 2679 3997 τε
2709 3944 2800 3996 τὸν
2837 3943 2991 4013 ἀγιον
3020 3944 3332 4010 ἀνελθόντα,
3369 3947 3465 3998 καὶ
3512 3946 3798 4019 θεραπίας

2227 4033 2356 4105 παρ’
2386 4034 2551 4087 αὑτοῦ
2581 4036 2833 4105 τυχόντα,
2867 4034 3146 4089 ἐπανιέναι
3169 4050 3183 4063 ⁸
3210 4035 3408 4090 Κίλικα
3432 4036 3493 4088 δέ
3515 4055 3637 4090 τινα
3656 4039 3799 4107 παρά

2226 4126 2326 4197 τὴν
2357 4125 2474 4179 όδδν
2495 4126 2743 4197 πλινθείᾳ
2775 4127 3204 4197 προστετηκότα,
3235 4126 3494 4196 ἐρόμενον
3518 4127 3639 4181 ὅθεν
3661 4128 3795 4197 ἦχοι,

2228 4218 2321 4271 καὶ
2346 4217 2583 4287 μαθόντα
2606 4218 2729 4271 ὅτου
2764 4218 2944 4288 χάριν,
2968 4216 3084 4279 οἵας
3112 4233 3173 4269 τε
3205 4217 3505 4285 θεραπείας
3526 4218 3676 4287 τύχοι
3698 4234 3713 4247 ·
3738 4216 3799 4270 Τί

2229 4308 2577 4379 πεπλάνησθε
2617 4309 2807 4377 φάναι,
2834 4310 2972 4380 πρὸς
3017 4308 3306 4379 ἄνθρωπον
3341 4310 3620 4376 ἀπιόντες,
3665 4326 3796 4380 φαρ-

2233 4403 2487 4474 μακείαις
2514 4403 2581 4455 τὰ
2609 4402 2832 4455 τοιαῦτα
2858 4401 3076 4472 μᾶλλον,
3103 4402 3136 4473 ἢ
3166 4402 3337 4465 θείαις
3365 4404 3669 4474 ἐνεργείαις
3693 4408 3799 4457 ἐπι-

2227 4492 2524 4560 τελοῦντα;
2556 4493 2666 4545 Καὶ
2696 4492 2893 4545 αὐτίκα
2924 4492 3001 4564 τῷ
3029 4494 3212 4546 Κίλικι
3242 4492 3569 4564 διεφθάρθαι
3601 4494 3701 4563 τὴν
3719 4495 3797 4547 δε-

2231 4584 2371 4651 ξιὰν,
2404 4586 2501 4654 τῆς
2535 4584 2706 4653 αὐτῆς
2750 4585 2945 4655 ἐκείνῳ
2975 4586 3214 4655 σαπρίας
3246 4586 3565 4654 περιφανῶς
3601 4589 3798 4642 ἀναπε-

2229 4677 2569 4748 πλησμένην,
2603 4678 2690 4731 ἐπ’
2717 4678 2876 4730 αὐτὸν
2906 4677 3095 4746 ῶσπερ
3119 4677 3213 4730 τοῦ
3243 4677 3448 4741 πάθους
3476 4680 3801 4749 μεταπεσόν-

2228 4788 2340 4833 τος.
2383 4772 2441 4824 Ὀ
2493 4771 2591 4841 μὲν
2643 4768 2735 4825 οὖν
2779 4770 2938 4836 Κίλιξ
2991 4771 3111 4824 οὐδὲ
3155 4771 3330 4844 ταύτῃ
3377 4774 3641 4843 συνῆκεν,
3692 4772 3797 4827 ἀλλ’

2234 4862 2439 4931 ἰατροῖς
2468 4862 2667 4932 μᾶλλον
2697 4861 2789 4916 καὶ
2809 4861 3026 4931 τέχναις
3055 4862 3246 4915 ἑαυτὸν
3272 4862 3586 4919 ἐκδεδώκει.
3632 4860 3721 4927 Ὦς
3748 4863 3800 4917 δι

2225 4954 2290 5022 τῇ
2326 4954 2472 5023 χειρὶ
2522 4954 3096 5025 προσαναλισκομένην
3151 4955 3297 5024 ἑώρα
3330 4954 3427 5007 καὶ
3464 4955 3567 5025 τὴν
3600 4956 3799 5021 οὐσίαν,

2224 5044 2380 5109 ἐλπίς
2412 5062 2469 5097 τε
2497 5045 2720 5112 οὐδεμία
2750 5044 2912 5099 ποθὲν
2942 5045 3314 5111 ὑπολέλειπτο,
3347 5045 3492 5113 ἔγνω
3521 5048 3619 5100 καὶ
3650 5048 3801 5110 αὐτος

2224 5135 2335 5208 (οἷα
2363 5138 2433 5191 τά
2464 5139 2573 5191 τῶν
2601 5139 2937 5209 πιεζομένων
2962 5138 3169 5208 ψυχῶν,
3206 5140 3296 5192 ὅτε
3316 5141 3500 5193 πᾶσαν
3531 5140 3657 5194 καθ’
3686 5142 3802 5193 ἐαυ-

2222 5229 2321 5293 τάς
2373 5230 2675 5299 φιλοπόνως
2726 5232 3059 5300 ἀνερευνῶσι
3111 5230 3203 5284 τοῦ
3258 5230 3560 5295 λυποῦντος
3606 5232 3800 5303 αὶτίαν)

2220 5322 2426 5376 ἔκτισιν
2460 5318 2601 5377 εἶναι
2646 5325 2745 5393 τῆς
2784 5326 2864 5387 είς
2895 5324 2988 5376 τὸν
3018 5325 3159 5377 θεῖον
3202 5322 3429 5393 Συμεὼν
3476 5325 3801 5393 λαληθείσης

2221 5416 2352 5485 παρ’
2385 5414 2551 5468 αὑτοῦ
2579 5415 2789 5477 ἀδικίας
2814 5431 2828 5446 ·
2873 5416 2968 5469 καὶ⁵
2994 5414 3071 5477 ὡς
3093 5412 3239 5485 εἶχεν
3265 5414 3429 5479 εὐθὺς
3460 5416 3641 5469 ἄνεισι
3673 5417 3798 5484 πρὸς

2218 5504 2401 5568 αὑτὸν,
2424 5505 2572 5568 ὅπως
2604 5504 2804 5567 ἀθλίως
2833 5504 2947 5574 ἐχοι
2974 5504 3208 5569 δεικνὺς,
3242 5504 3427 5558 οίκτου
3459 5522 3519 5557 τε
3548 5506 3653 5575 τῆς
3676 5524 3799 5572 συμο

2217 5597 2391 5666 φορᾶς
2422 5597 2605 5667 τυχεῖν
2646 5595 2797 5659 ἀξίου
2826 5594 3096 5665 δεόμενος.
3131 5596 3239 5650 Καὶ
3268 5596 3349 5661 ὃς,
3373 5592 3564 5650 Ἧπου
3598 5597 3793 5665 ταύτην

2221 5723 2415 5768 narrat
2445 5714 2533 5785 lib.
2562 5713 2770 5778 ultimo,
2803 5713 3091 5785 penultimo
3120 5731 3219 5785 cap
3240 5713 3367 5767 .Nos
3420 5713 3486 5768 de
3515 5715 3611 5768 illo
3661 5716 3793 5785 eju-

2224 5801 2323 5855 qne
2346 5784 2555 5856 scriptis
2590 5785 2659 5839 ad
2682 5786 2820 5839 hanc
2847 5787 3010 5842 vitam
3095 5786 3127 5842 6
3160 5783 3397 5857 pluribus
3432 5788 3657 5865 egimus.
