4032 6516
212 361 345 430 3205

1259 341 1433 401 VITA
1473 340 1516 398 A
1562 337 2001 400 NICEPHORO
2040 284 2530 401 CONSCRICTA.

3336 344 3480 409 3206

212 484 378 549 εγωγε
401 462 519 523 οἰδα
553 461 651 534 τὴν
676 459 857 529 δεξιάν
887 457 1174 530 εἴσπραξιν
1204 455 1369 513 οὖσαν
1400 461 1499 530 τῆς
1526 458 1653 530 περ)⁸
1690 456 1789 549 τὴν

1917 451 2214 518 »ειεηάειιε,
2253 468 2317 508 ac
2364 455 2805 514 misericordiam
2854 459 3175 531 implorans.
3214 458 3316 516 Cui
3350 478 3482 518 san-

212 548 449 641 γλῶτταν
483 552 813 615 ἀκολασίαςο
856 549 969 604 ἀλλ’
1000 550 1360 621 ὲξαγόρευσον
1406 550 1547 603 κατὰ
1588 548 1785 641 σαυτοῦ

213 638 304 729 ἑὴν
350 644 621 721 ἁμαρτίαν
676 661 769 696 σου
831 642 1037 713 Κυρίῳ,
1084 643 1179 696 καὶ
1226 641 1387 704 αὐτὸς
1437 641 1641 710 ἀφήσει
1690 638 1788 709 τὴν

215 747 462 808 ἀσέϐειαν
490 740 589 810 τῆς
626 738 853 809 καρδίας
893 755 1007 795 σου.
1051 737 1109 791 Ὀ
1143 738 1240 808 μὲν
1271 731 1364 789 οὖν
1396 734 1571 806 πικρᾷ
1620 750 1787 805 μετα-

219 840 401 916 μελείᾳ
440 834 616 906 ψυχῆς
656 830 1219 903 ἐξομολογησάμενος,
1252 827 1558 900 πικρότερά
1602 844 1662 879 τε
1695 825 1788 879 δά-

216 950 351 1009 κρυα
404 926 703 996 καταχέας,
759 925 890 995 εὐχῇ
941 922 1035 977 καὶ
1059 925 1364 994 Δεσποτικῇ
1399 919 1651 991 σφραγῖδι
1692 919 1791 988 τὴν

222 1027 359 1081 ἴασιν
410 1017 544 1090 ὁμοῦ
590 1018 685 1070 καὶ
723 1016 823 1087 τὴν
875 1014 1092 1083 ἄφεσιν,
1132 1015 1166 1086 ἦ
1216 1032 1300 1079 τις
1347 1013 1529 1085 πολλῷ
1567 1013 1661 1066 καὶ
1693 1013 1792 1083 τῆς

222 1111 407 1175 ἰάσεώς
434 1110 551 1161 ἐστι
585 1106 807 1178 μείζων,
837 1105 1038 1173 λαϐὼν,
1069 1106 1349 1160 ἐπάνεισιν
1371 1122 1384 1136 ⁸
1418 1105 1561 1159 οὕτω
1603 1103 1787 1174 σώμαι

220 1224 303 1268 τος
357 1204 509 1265 νόσος
547 1199 736 1268 ὑγείαν
779 1198 924 1270 ψυχῇ
968 1197 1270 1270 χαρίζεται,
1303 1199 1397 1251 καὶ
1424 1197 1511 1251 διά
1550 1196 1657 1249 τῶν
1695 1194 1791 1248 λυ-

222 1297 457 1353 πούντων
508 1288 619 1347 οἶδε
683 1292 945 1357 πολλάκις
1008 1292 1283 1364 σωτηρίαν
1342 1292 1476 1356 Θεὸς
1535 1308 1795 1363 πραγμα-

219 1387 484 1444 τεύεσθαι.

286 1561 413 1617 σλθῆ
444 1559 617 1615 Πλὲον
640 1579 692 1615 τι
721 1560 777 1615 δέ
806 1579 936 1615 ποτε
966 1562 1043 1632 τῷ
1067 1561 1327 1633 Δωροθέῳ
1347 1577 1360 1592 ·
1387 1559 1453 1633 ἦν
1479 1561 1535 1615 δὲ
1562 1561 1663 1632 τῆς
1694 1560 1799 1614 ὑπὸ

218 1654 291 1727 τῷ
313 1652 535 1724 Συμεὼν
568 1653 926 1724 άδελφότητος
956 1655 983 1707 ό
1008 1654 1285 1725 Δωρόθεος
1316 1651 1491 1721 οὗτος,
1532 1653 1797 1724 ἱερωσύνῃ

220 1743 627 1815 κεκοσμημένος
650 1760 664 1774 ο
700 1744 860 1798 πλέον
890 1762 942 1798 τι
974 1745 1019 1799 δ’
1049 1743 1160 1810 οὖν,
1187 1746 1245 1798 ού
1285 1746 1380 1801 σὺν
1413 1745 1550 1817 ὥρᾳ,
1588 1745 1703 1799 ἀλλ’
1742 1746 1799 1798 ὲν

220 1839 442 1912 χειμῶνι
489 1837 664 1909 μέσῳ.
710 1838 912 1891 Ἐποίει
959 1838 1068 1910 γὰρ
1095 1838 1247 1910 παρά
1278 1839 1467 1910 καιρὸν
1496 1840 1685 1893 ἑαυτὸν
1721 1838 1800 1909 τῷ

220 1931 439 1999 πελάγει
476 1929 759 1984 πιστεύειν
782 1930 814 2001 ὴ
846 1930 979 1999 πρὸς
1003 1931 1092 1983 τὸν
1120 1929 1276 2000 άγιον
1301 1931 1505 1995 πίστις,
1534 1930 1595 1983 τὸ
1625 1930 1802 1999 ἀσφα-

222 2025 305 2088 λὲς
338 2023 527 2093 ὥσπερ
560 2022 771 2075 ἐκεῖθεν
805 2021 1150 2093 ἐγγυωμένη.
1202 2022 1289 2086 Ὠς
1322 2022 1423 2093 ἤδη
1467 2022 1607 2075 κατὰ
1639 2022 1802 2092 μέσον

221 2116 308 2169 τὸν
335 2112 500 2169 πλοῦν
547 2114 812 2182 ἐγεγόνει,
838 2114 1045 2167 κλύδων
1078 2112 1230 2184 αὐτῷ
1265 2113 1568 2185 συμπίπτει
1608 2113 1801 2177 δεινὸς,

222 2207 326 2261 τῶν
381 2207 709 2276 πνευμάτων
770 2206 1108 2276 πανταχόθεν
1151 2207 1569 2272 ἀντιπνεόντων,
1612 2206 1705 2260 τοῦ
1744 2223 1803 2259 τε

223 2299 458 2368 κύματος
511 2299 641 2360 τοὺς
673 2297 892 2368 τοίχους
948 2298 1049 2366 τῆς
1091 2297 1211 2362 νεὸς
1254 2298 1803 2369 ύπεραναδαίνοντος,

226 2392 314 2445 καὶ
344 2392 424 2453 εἰς
457 2389 632 2461 μέσην
665 2389 833 2459 αὐτὴν
864 2388 1250 2458 ἐμπίπτοντος.
1287 2389 1391 2442 Τὸν
1426 2389 1526 2459 μὲν
1550 2384 1643 2443 οὖν
1672 2389 1804 2444 ναύ-

226 2486 419 2554 κληρον
475 2481 570 2536 καὶ
614 2482 741 2545 τοὺς
784 2481 1159 2551 συμπλέοντας
1200 2481 1510 2549 ἀπόγνωσις
1543 2476 1679 2551 εἶχε,
1711 2481 1807 2536 καὶ

226 2576 503 2643 διαφυγεῖν
539 2575 747 2628 ἐκεῖνον
777 2573 949 2636 οὐδεὶς
971 2572 1060 2626 τὸν
1094 2572 1336 2627 κίνδυνον
1377 2572 1512 2644 ᾠετο
1532 2590 1544 2603 ·
1578 2576 1607 2628 ό
1639 2574 1697 2627 δὲ
1731 2574 1808 2646 μὴ

229 2666 623 2734 ἀπογινώσκειν
652 2666 832 2736 ἠξίου,
865 2666 1001 2719 ἀλλὰ
1030 2665 1123 2719 τοῦ
1159 2665 1303 2718 θείου
1340 2664 1563 2734 Συμεὼν
1599 2666 1808 2721 δεῖσθαι

233 2759 449 2829 μᾶλλον,
470 2758 566 2812 τοῦ
590 2758 683 2811 καὶ
709 2758 870 2829 μόνου
903 2757 1097 2822 σώζειν
1128 2757 1236 2812 άπὸ
1257 2756 1511 2811 τοσούτου
1541 2758 1808 2823 κλύδωνος

229 2852 544 2923 δυναμένου.
576 2849 706 2906 Εἶτα
730 2853 825 2906 καὶ
850 2854 948 2923 τῆς
972 2852 1181 2907 ἐκείνου
1205 2851 1408 2914 κόνεως
1431 2852 1630 2917 λαϐὼν,
1659 2852 1720 2906 τό
1748 2869 1808 2905 τε

232 2944 407 2998 πλοῖον
435 2944 808 3015 διαῤῥαντίζει
848 2946 943 2998 καὶ
983 2948 1212 3016 καταχεῖ
1241 2934 1337 3015 τῆς
1370 2946 1644 3017 θαλάσσης
1666 2962 1680 2976 °
1711 2946 1808 2998 αὑ·

231 3036 461 3104 τομάτου
495 3037 553 3089 δὲ
585 3035 693 3090 τῶν
723 3038 781 3089 ἐν
814 3037 893 3105 τῷ
920 3036 1088 3106 πλοίῳ
1124 3037 1342 3090 πάντων
1380 3036 1609 3100 εὐωδίας
1646 3036 1807 3101 εὐθὺς

1890 556 2012 601 etus
2042 561 2055 598 :
2094 546 2229 600 Novi
2283 547 2476 617 utique
2527 549 2671 605 hanc
2698 550 2981 607 dexteram
3016 569 3116 623 pro
3154 553 3367 609 ultione
3396 557 3482 610 in-

1891 638 2254 705 temperantis
2305 638 2506 708 lingua:
2565 649 2674 696 tua:
2735 659 2899 710 esse;
2954 660 3150 699 verum
3220 648 3485 702 conﬁtere

1890 728 2181 782 adversum
2224 737 2274 783 te
2309 741 2599 799 peccatum
2636 741 2793 787 tuum
2842 736 3098 803 Domino,
3134 748 3193 792 et
3250 739 3366 808 ipse
3398 741 3486 793 (li-

1891 820 2077 873 mittct
2136 818 2487 890 iniquitatem
2547 822 2733 877 cordis
2784 824 2885 878 tui.
2950 826 3251 882 Confessus
3301 829 3486 898 itaque

1892 928 2079 966 amara
2123 927 2248 966 cum
2283 914 2631 983 paenitudine
2677 916 2874 971 animze
2929 918 3294 990 lacrymisque
3324 922 3486 989 lama-

1898 1004 2166 1073 rioribus,
2234 1021 2334 1075 per
2405 1006 2578 1060 sancti
2629 1007 3005 1078 precationem
3067 1018 3234 1079 atque
3303 1014 3488 1068 crucis

1894 1094 2195 1149 Dominica:
2238 1096 2479 1165 signum,
2516 1096 2788 1167 integram
2839 1112 3086 1163 manum,
3140 1110 3197 1153 et
3234 1103 3381 1170 quod
3407 1104 3487 1157 illi

1895 1193 2136 1255 praestat,
2187 1187 2397 1255 peccati
2438 1187 2820 1243 remissionem
2851 1200 3184 1246 consecutus
3212 1202 3295 1247 est
3321 1204 3487 1263 atque

1896 1277 2144 1331 revertit.
2198 1277 2277 1331 Ita
2320 1278 2570 1347 corporis
2622 1279 2892 1349 aegritudo
2946 1283 3237 1337 sanitatem
3289 1285 3488 1340 animae

1898 1385 2293 1439 nonnunquam
2340 1370 2595 1436 confert;
2626 1381 2682 1425 et
2724 1388 2821 1441 per
2866 1390 3027 1429 casus
3059 1375 3364 1439 luctuosos,
3394 1392 3486 1431 sa-

1899 1463 2007 1517 luti
2050 1478 2193 1533 sazpe
2228 1463 2467 1517 consulit
2504 1463 2668 1518 Deus.

1970 1557 2098 1610 259.
2142 1557 2521 1626 Navigandum
2553 1558 2849 1626 aliquando
2896 1559 2999 1614 fuit
3042 1561 3319 1616 Dorotbeo
3351 1562 3493 1633 (erat

1902 1646 1949 1701 is
1994 1663 2024 1701 e
2064 1646 2329 1701 fratribus
2382 1648 2558 1702 sancti
2616 1649 2905 1720 Symeonis
2960 1668 3125 1718 unus,
3171 1653 3484 1709 sacerdotio

1904 1738 2173 1809 initiatus)
2217 1739 2608 1810 navigandum,
2662 1742 2909 1812 inquam,
2956 1744 3060 1799 fuit
3112 1754 3358 1816 tempore
3392 1748 3495 1801 itu-

1903 1841 2141 1900 portuno
2203 1840 2258 1886 et
2299 1831 2476 1886 tnedia
2529 1833 2711 1888 hieme
2746 1852 2757 1887 :
2792 1836 2885 1890 sed
2934 1836 3141 1893 fecerat
3196 1838 3397 1895 ﬁducia
3437 1839 3496 1895 in

1904 1933 2175 1989 sanctum,
2235 1924 2421 1977 omnia
2470 1941 2666 1980 secura
2717 1929 3004 1996 pollicens.
3062 1942 3124 1985 ut
3171 1940 3496 2001 tempestate

1906 2025 2015 2069 tam
2063 2015 2414 2070 incommoda
2470 2018 2609 2072 mari
2672 2035 2731 2074 se
2776 2022 3167 2078 committeret.
3219 2025 3321 2085 Ubi
3365 2043 3498 2081 vero

1908 2108 2155 2163 medium
2200 2109 2312 2181 jam
2364 2110 2717 2166 absolverant
2760 2129 3008 2179 cursum,
3045 2117 3226 2172 valida
3264 2118 3501 2189 insurgit

1906 2209 2222 2272 tempestas,
2247 2204 2428 2257 ventis
2452 2204 2817 2274 undequaque
2845 2207 2989 2261 inter
3013 2224 3070 2263 se
3097 2209 3265 2264 veluti
3293 2211 3496 2266 bellum

1905 2292 2248 2363 gerentibus,
2294 2309 2358 2348 ac
2401 2293 2664 2349 fluctibus
2713 2297 2884 2351 latera
2916 2299 3072 2353 navis
3100 2300 3501 2358 excedentibus

1908 2384 1963 2439 in
2003 2384 2353 2454 mediamque
2392 2385 2815 2441 infundentibus
2842 2404 2985 2443 sese.
3030 2389 3246 2446 Invadit
3272 2393 3500 2446 naucle»

1909 2493 2031 2530 rum
2067 2485 2430 2547 vectoresque
2482 2479 2818 2548 desperatio,
2868 2483 3072 2536 nullam
3106 2484 3376 2539 evadendi
3414 2484 3502 2539 di-

1908 2568 2144 2623 scrimen
2173 2584 2463 2639 superesse
2494 2571 2639 2625 viam
2672 2573 3053 2630 existimantes
3088 2593 3102 2630 :
3138 2593 3282 2631 unus
3324 2578 3501 2632 Doro-

1910 2659 2073 2713 theus
2098 2659 2348 2729 rogabat,
2386 2670 2445 2713 ut
2481 2676 2551 2715 ne
2571 2661 2954 2731 desperatione
2987 2666 3251 2719 caderent
3279 2666 3503 2731 animis,

1909 2750 2003 2804 Sed
2055 2762 2308 2804 sanctum
2356 2751 2542 2820 potius
2578 2752 2945 2822 implorarent
2979 2754 3104 2826 Sym
3119 2771 3348 2822 eonem;
3384 2757 3507 2827 ejus

1910 2842 2085 2898 solius
2137 2844 2384 2913 potentia
2436 2845 2598 2899 evadi
2637 2854 3018 2916 tempestatem
3075 2863 3258 2917 posse.
3297 2850 3507 2907 Deinde

1907 2934 2155 3003 pulveris
2176 2934 2324 2990 illius
2344 2935 2550 3005 aliquid
2580 2953 2677 3006 per
2707 2938 2889 2991 navim
2921 2940 3129 3008 spargit
3155 2940 3505 3011 effunditque

1911 3027 1966 3080 in
2014 3043 2210 3093 mare;
2262 3036 2319 3083 et
2354 3030 2571 3083 cunctis
2606 3045 2730 3083 mox
2766 3030 3106 3092 vectoribus,
3148 3032 3298 3086 nulla
3339 3048 3508 3102 appa-

232 3126 588 3195 αἰσθομένων,
617 3126 711 3179 καὶ
741 3124 809 3178 τά
846 3126 946 3195 τῆς
972 3125 1121 3188 θείας
1152 3124 1377 3196 χάριτος
1410 3125 1614 3188 εἵπετο,
1648 3124 1683 3195 ἢ
1716 3124 1809 3178 καὶ

1917 3127 2071 3172 rente
2107 3134 2176 3173 ex
2210 3133 2395 3181 causa,
2432 3119 2727 3188 quamdam
2761 3120 2950 3175 odoris
2987 3121 3342 3191 fragrantiatn
3382 3138 3511 3177 sen-

235 3217 441 3287 πέφυκε
485 3218 768 3288 προοίμιον
808 3217 1066 3280 πολλάκις
1106 3218 1206 3289 τὴν
1245 3218 1474 3271 εὐωδίαν
1518 3216 1811 3281 ποιεῖσθαι,

234 3309 291 3361 τὸ
319 3311 517 3374 εύιὶδες
541 3311 731 3382 ὥσπερ
771 3312 866 3364 καλ¹
905 3311 1047 3366 θεῖον
1085 3312 1288 3382 ἑαυτῆς
1316 3310 1710 3380 ὑποφαίνουσα.
1748 3309 1815 3362 Ἦ

239 3400 333 3467 μὲν
356 3398 447 3453 οὖν
473 3400 718 3455 θάλασσα
740 3401 1065 3473 ἐτραχύνετο
1094 3401 1492 3472 παραπλησίως
1519 3400 1648 3471 ἄχρι
1674 3399 1816 3464 τινὸς

238 3491 328 3544 καὶ
371 3492 572 3555 ζέουσα
604 3493 795 3557 δεινῶς
828 3489 917 3564 ἦν,
950 3493 1019 3547 τὰ
1046 3493 1267 3563 κύματα
1317 3492 1372 3545 δὲ
1419 3493 1479 3546 ού
1529 3491 1671 3546 κατὰ
1716 3493 1817 3563 τὴν

239 3583 445 3636 ἑαυτῶν
477 3584 598 3655 βίαν
633 3585 969 3656 προσέϐαλλε
998 3588 1064 3654 τῇ
1099 3584 1208 3656 νηῒ,
1245 3584 1360 3639 ἀλλ’
1390 3580 1499 3638 οἷον
1530 3585 1699 3638 ἑαυτὰ
1721 3586 1820 3638 ἐπ-

239 3680 400 3746 εῖχεν,
428 3677 805 3747 εὑλαϐούμενα
830 3678 1080 3748 καθάπερ
1109 3678 1141 3749 ἢ
1176 3678 1404 3733 δεδιότα.
1431 3679 1586 3732 Μετὰ
1623 3678 1819 3749 μικρὸν

240 3766 294 3819 δὲ
341 3768 432 3821 τοῦ
478 3768 749 3832 κλύδωνος
793 3768 1105 3833 ἐπανέντος,
1168 3770 1293 3822 πνεῖ
1347 3768 1447 3839 μὲν
1502 3768 1698 3839 ἀθρόον
1755 3770 1821 3822 ἐκ

241 3862 492 3932 πρύμνης
538 3862 758 3931 ἄνεμος,
798 3863 847 3916 οἱ
893 3860 950 3914 δὲ
992 3861 1058 3914 δι’
1084 3861 1357 3931 ἀκύμονος
1398 3863 1498 3933 τῆς
1541 3861 1819 3932 θαλάσσης

242 3950 334 4004 κα)⁸
363 3951 535 4020 λείας,
569 3954 735 4006 πᾶσιν
771 3951 959 4016 ἱστίοις
984 3952 1273 4021 ἐφέροντο·
1309 3952 1405 4007 καὶ
1437 3953 1562 4017 τοὺς
1594 3954 1693 4020 μὲν
1719 3955 1821 4023 ἐμ-

242 4041 501 4108 πλέοντας
549 4044 759 4115 θάμὸος
813 4037 926 4098 εἷλε
970 4044 1048 4114 τῷ
1076 4044 1358 4115 παραδόξῳ
1395 4044 1493 4115 τῆς
1523 4046 1819 4115 σωτηρίας,

243 4134 334 4187 καὶ
362 4137 536 4202 οὐδεὶς
567 4133 635 4210 ἦν
660 4137 719 4202 ὂς
739 4137 800 4191 ού
830 4137 1002 4209 δῶρον
1028 4137 1289 4208 ἄντικρυς
1315 4136 1507 4191 ἑαυτὸν
1533 4136 1629 4191 τοῦ
1664 4137 1821 4204 ἁγίου

242 4224 430 4297 ἥγητοο

314 4420 420 4483 σμ’.
452 4415 515 4467 '0
529 4414 583 4467 δὲ
600 4413 925 4485 ναύκληρος,
947 4415 1109 4468 παῖδα
1134 4413 1243 4484 γὰρ
1267 4411 1450 4466 οἴκαδε
1473 4412 1822 4465 ἀπολελοίπει

1918 3210 2201 3276 tientibus,
2233 3211 2410 3281 gratia
2461 3210 2647 3265 divina
2684 3212 2982 3267 subsecuta
3012 3221 3100 3267 est
3142 3230 3155 3266 :
3187 3213 3330 3269 Solet
3356 3215 3506 3270 enim

1918 3301 2009 3356 illa
2056 3318 2167 3356 non
2214 3317 2339 3357 raro
2390 3303 2651 3371 praeviam
2688 3302 2981 3372 quamdam
3022 3304 3215 3359 odoris
3263 3307 3508 3361 suavita-

1920 3402 2028 3449 tem
2063 3393 2327 3457 excitare,
2382 3393 2631 3448 divinum
2677 3393 2963 3464 quidpiam
2998 3411 3056 3452 se
3089 3397 3376 3452 continere
3405 3397 3507 3453 de-

1918 3496 2250 3541 monstrans.
2283 3486 2455 3557 Igitur
2486 3486 2750 3557 pergebat
2801 3502 2954 3542 mare
3005 3488 3190 3558 aliquo
3235 3498 3504 3560 tempore,

1919 3588 1981 3633 ut
2045 3586 2315 3647 cmperat,
2368 3578 2555 3633 furere
2600 3587 2657 3634 et
2708 3579 3069 3635 vehementer
3104 3589 3389 3636 aestuare:
3449 3591 3507 3635 at

1920 3670 2121 3725 ﬂuctus
2161 3685 2295 3735 non,
2324 3680 2382 3724 ut
2436 3669 2650 3725 ferebat
2698 3672 2977 3727 violentus
3010 3672 3269 3744 impetus,
3303 3674 3509 3744 impin-

1921 3761 2122 3829 gebant
2156 3762 2210 3815 in
2250 3762 2460 3827 navim,
2493 3762 2591 3818 sed
2617 3764 2952 3819 cohibebant
2985 3781 3064 3831 se,
3086 3767 3254 3821 veluti
3281 3782 3510 3823 venera-

1920 3852 2091 3907 bundi
2120 3860 2216 3907 aut
2236 3862 2569 3909 metuentes.
2596 3856 2766 3911 Paulo
2783 3865 2907 3925 post
2922 3856 3155 3912 remisso
3169 3860 3510 3927 tempestatis

1921 3942 2130 4005 furore,
2190 3942 2402 4011 spirare
2472 3947 2641 4016 coapit
2703 3955 2931 4015 repente
2993 3956 3191 4004 ventus
3222 3964 3267 4004 te
3315 3953 3507 4021 puppi,

1922 4033 2357 4102 ferebanturque
2401 4045 2594 4104 pacate
2624 4052 2688 4091 ac
2741 4038 2905 4107 plano
2938 4039 3077 4093 mari
3125 4040 3307 4109 plenis
3349 4042 3509 4108 velis,

1925 4125 2275 4181 tremebundi
2308 4141 2373 4181 ac
2404 4128 2608 4196 pavidi,
2631 4130 2703 4185 ob
2729 4138 2835 4184 tam
2860 4131 3296 4202 inexspectatum
3320 4134 3512 4192 salutis

1925 4226 2262 4288 recuperata:
2301 4221 2615 4292 prodigium
2663 4242 2676 4277 :
2740 4240 2845 4279 nec
2890 4225 3036 4282 ullus
3087 4225 3210 4292 fuit,
3248 4228 3342 4297 qui
3397 4243 3511 4284 non

1924 4318 2207 4381 reputaret
2254 4326 2313 4367 se
2351 4313 2457 4368 sibi
2494 4315 2639 4371 dono
2678 4315 2853 4370 sancti
2910 4326 3319 4372 conservatum.

1995 4401 2120 4456 ειο.
2154 4402 2328 4458 Porro
2350 4395 2668 4471 nauclerus,
2726 4407 2821 4478 qui
2877 4422 3109 4478 puerum
3170 4408 3319 4464 domi
3380 4409 3512 4465 reli-

247 4506 529 4569 νοσοῦντα,
561 4506 738 4571 εἰδὼς,
756 4506 834 4578 τῷ
857 4508 986 4577 περὶ
1012 4506 1173 4560 αὑτὸν
1198 4505 1431 4569 καὶτοὺς
1448 4505 1811 4576 συμπλέοντας

1925 4506 2121 4569 querat
2172 4499 2476 4565 inﬁrmum,
2517 4499 2711 4554 doctus
2771 4500 3039 4556 miraculo
3088 4502 3145 4557 in
3199 4517 3259 4558 se
3311 4505 3511 4574 suique

253 4596 512 4667 θαύματι,
535 4601 739 4671 ῥᾴστην
769 4599 915 4671 αὐτῷ
932 4601 1027 4655 καὶ
1045 4600 1142 4672 τὴν
1161 4599 1254 4652 τοῦ
1273 4600 1483 4663 παιδὸς,
1502 4599 1550 4651 εί
1567 4597 1829 4668 βούλοιτο,

254 4686 552 4759 θεραπείαν
575 4687 734 4744 εἶναι·
772 4692 991 4745 κάκεῖνο
1026 4691 1115 4746 διὰ
1155 4690 1249 4744 τοῦ
1285 4689 1520 4762 μοναχοῦ
1559 4690 1748 4753 ἐδεῖτο,
1770 4692 1832 4743 τὸ

252 4782 340 4834 τὸν
362 4785 477 4838 υίὸν
508 4785 659 4856 αὐτῷ
685 4784 819 4855 πρὸς
849 4784 947 4855 τὴν
972 4784 1150 4838 οίκίαν
1180 4784 1280 4854 ἠδη
1307 4783 1632 4854 άναγομένῳ
1654 4783 1832 4847 ζῶντα

252 4890 317 4926 τα
326 4877 632 4946 μιευθῆναι·
654 4877 842 4930 ἐδεδίει
856 4876 965 4946 γὰρ
985 4876 1078 4930 τοῦ
1093 4876 1272 4929 κοινοῦ
1289 4877 1387 4947 τῆς
1402 4877 1614 4945 φύσεως
1631 4875 1833 4946 μᾶλλον

255 4964 289 5035 ἢ
311 4967 397 5019 τὸν
425 4969 525 5037 τῆς
542 4968 720 5039 ψυχῆς
746 4967 995 5033 θάνατον,
1021 4967 1308 5021 άτελὲστου
1334 4967 1426 5021 τοῦ
1462 4968 1653 5031 παιδὸς
1673 4966 1826 5031 όντος

257 5056 336 5111 ἔτι
389 5061 458 5114 τὰ
502 5060 597 5115 τοῦ
660 5062 802 5115 θείου
839 5062 1236 5132 βαπτίσματος.
1270 5060 1377 5115 Τοῦ
1412 5061 1490 5126 δὲ,
1524 5060 1681 5131 Παρὰ
1744 5060 1829 5113 col.

259 5149 414 5203 τοῦτο
447 5152 665 5205 κεῖσθαι
718 5153 987 5216 εἰπόντος,
1018 5155 1066 5205 εἰ
1096 5151 1242 5216 ζέσει
1264 5151 1359 5205 καλ¹
1387 5151 1569 5204 πίστει
1598 5151 1830 5222 καρδίας

263 5241 419 5308 μόνον
452 5244 752 5317 ἐπικαλέσῃ
788 5244 880 5297 τὸν
915 5244 1056 5315 ἱερὸν
1082 5242 1331 5313 Συμεὼν,
1374 5243 1586 5314 ὑπόσχῃ
1629 5244 1685 5296 δὲ
1739 5246 1833 5297 καὶ

260 5333 377 5405 Θεῷ
409 5336 498 5389 τὸν
545 5337 707 5390 παῖδα
728 5353 741 5367 ·
779 5338 983 5400 ἐκεῖνος
1014 5335 1175 5398 εὐθὺς
1204 5336 1440 5406 ἑκάτερα
1464 5335 1690 5405 δράσας,
1718 5334 1831 5387 οὐδ’

260 5422 443 5494 ἕτερον
513 5426 907 5498 διαμαρτάνει,
963 5425 1077 5479 ἀλλ’
1127 5425 1254 5494 ὑγιῆ
1304 5424 1400 5478 τὸν
1455 5424 1568 5477 υἱὸν
1631 5423 1830 5492 εὑρὼν,

263 5522 527 5590 προσάγει
563 5520 685 5592 Θεῷ
733 5521 821 5574 διὰ
854 5520 947 5573 τοῦ
980 5519 1377 5590 βαπτίσματος.
1404 5515 1517 5571 Καὶ
1547 5514 1708 5569 τοῦτο
1737 5516 1834 5586 μὲν

264 5607 326 5679 δὴ
354 5612 590 5666 τοιοῦτον
616 5630 629 5643 ·
664 5614 847 5665 ἐκεῖνα
870 5610 926 5663 δὲ
959 5609 1074 5673 πῶς
1099 5609 1164 5663 ἄν
1184 5626 1269 5673 τις
1309 5606 1641 5678 παραλιπεῖν
1680 5604 1837 5675 νομί-

267 5716 375 5754 σειε
402 5703 489 5758 διὰ
522 5704 583 5759 τὸ
615 5702 837 5773 πλῆθος,
865 5703 926 5758 οὑ
952 5702 1020 5757 τὰ
1039 5701 1271 5772 μεγίστα
1301 5697 1591 5772 ζημιώσει.

1928 4594 2251 4649 vectoribus
2277 4593 2445 4659 facto,
2474 4592 2802 4647 facillimum
2833 4592 3064 4663 putabat
3099 4594 3218 4663 ipse
3256 4609 3401 4658 esse,
3448 4595 3514 4648 ﬁ-
3548 4614 3549 4617 η

1930 4685 2066 4739 lium
2102 4702 2325 4757 quoque
2348 4700 2510 4741 suum
2544 4698 2780 4750 curare;
2839 4685 3010 4755 idque
3065 4686 3295 4756 rogabat
3325 4701 3517 4741 mona-

1931 4779 2121 4842 chum,
2150 4791 2212 4835 ut
2251 4777 2445 4833 reduci
2486 4776 2594 4831 sibi
2640 4776 2801 4830 illum
2832 4785 3223 4832 conservatum
3284 4779 3341 4833 in
3370 4779 3517 4834 vivis

1930 4869 2137 4923 vellet:
2168 4867 2398 4922 timebat
2435 4866 2662 4936 quippe,
2698 4866 2845 4935 quod
2873 4882 3014 4936 puer
3039 4866 3216 4922 sacris
3266 4868 3517 4922 nondum

1934 4961 2157 5016 ablutus
2190 4968 2338 5014 esset
2361 4959 2547 5026 undis,
2570 4958 2767 5013 anima:
2794 4959 2943 5014 illius
2963 4966 3192 5013 mortem
3221 4961 3517 5031 plusquam

1936 5066 2288 5108 communem
2337 5050 2598 5106 omnibus
2654 5051 2986 5105 naturalem.
3044 5050 3295 5120 Cumque
3342 5053 3520 5109 Doro-

1938 5146 2103 5202 theus
2129 5143 2345 5198 diceret
2380 5142 2436 5196 in
2471 5158 2638 5197 manu
2660 5144 2780 5214 ejus
2807 5143 2862 5197 id
2885 5158 3033 5211 esse,
3072 5143 3120 5198 si
3168 5144 3335 5199 modo
3390 5159 3518 5199 cum

1940 5234 2156 5289 fervore
2184 5249 2251 5288 ac
2278 5232 2476 5287 ﬁducia
2517 5240 2771 5287 sanctum
2802 5233 3147 5288 invocaverit
3164 5231 3515 5304 Symeonem,

1940 5334 1999 5382 et
2025 5325 2198 5380 ﬁlium
2247 5326 2360 5380 Deo
2386 5325 2636 5390 voverit;
2683 5326 2941 5396 praestitit
2994 5326 3087 5379 ille
3138 5340 3266 5379 mox
3306 5333 3521 5383 utrum-

1931 5433 2072 5488 que:
2105 5433 2208 5472 nec
2231 5416 2515 5472 fraudatus
2540 5427 2625 5472 est
2654 5418 2950 5487 promisso,
2978 5418 3204 5471 invento
3253 5416 3518 5471 incolumi

1932 5512 2082 5567 domi
2113 5511 2249 5577 ﬁlio,
2280 5526 2443 5580 quem
2475 5512 2590 5566 Deo
2627 5528 2727 5581 per
2792 5510 3130 5580 baptismum
3188 5510 3412 5564 obtulit.
3451 5510 3518 5563 Et

1936 5605 2208 5659 hactenus
2240 5602 2465 5674 quidem
2496 5603 2668 5669 illud;
2706 5602 2808 5658 ista
2830 5618 2989 5667 vero,
3044 5618 3168 5672 quae
3205 5601 3516 5671 subjiciun-

1937 5706 2043 5755 tur.
2077 5695 2122 5750 si
2153 5696 2278 5765 quis
2313 5693 2784 5766 prretermittenda
2811 5704 3040 5764 propter
3098 5690 3515 5765 multitudinem

1940 5787 2236 5858 putaverit,
2263 5786 2538 5858 quomodo
2555 5800 2664 5842 non
2680 5785 2971 5842 maximam
2984 5785 3255 5857 iacturam
3276 5780 3514 5840 dederit.
