4032 6474
542 338 682 402 3207

1754 343 1815 403 S.
1854 343 2231 405 SYMEONIS
2267 342 2629 407 JUNIORIS

1952 478 2176 533 CAPUT
2217 478 2382 531 XXX.

1091 583 1347 640 Sacerdos
1387 594 1570 639 sancto
1628 586 1917 656 injuriosus
1964 590 2233 657 punitur:
2271 590 2475 656 inﬁrmi
2526 606 2619 659 per
2668 591 2918 644 visionem
2967 599 3245 647 curantur.

607 730 731 786 ΞΜ.
761 730 1027 787 Sacerdos
1063 730 1289 800 quidam
1320 731 1374 785 in
1412 746 1574 802 pago,
1611 730 1705 800 qui
1756 731 2113 800 nuncupaba-
2143 741 2187 796 Α

536 832 627 877 tur
653 823 839 886 Cassa,
872 823 1103 877 molesta
1126 824 1337 893 proprii
1369 824 1572 877 amoris
1624 821 1912 891 affectione
1954 822 2108 875 labo-

535 931 685 977 rans,
717 915 938 984 quando
967 914 1240 968 mirabilia
1274 930 1438 983 opera
1476 930 1575 983 per
1601 922 1847 967 sanctum
1888 913 2111 985 Symeo-

535 1022 660 1059 nem
681 1014 893 1074 patrata
920 1007 1005 1058 vel
1041 1006 1404 1075 intelligebat,
1433 1005 1518 1058 vel
1546 1006 1713 1059 etiam
1739 1004 1793 1057 in
1821 1014 2113 1058 transeun-

537 1100 686 1153 tibus
713 1100 836 1152 illac
886 1098 1131 1161 videbat,
1188 1099 1537 1168 iniquitatem
1572 1105 1628 1152 et
1680 1098 1937 1168 injuriam
1996 1106 2113 1152 tota

534 1193 625 1247 die
651 1192 1001 1261 loquebatur,
1030 1192 1297 1261 diligebat
1323 1191 1589 1245 malitiam
1631 1191 1922 1260 plusquam
1948 1190 2109 1244 boni-

533 1289 700 1335 tatem
735 1289 791 1334 et
822 1280 1151 1349 iniustitiam
1204 1280 1328 1349 plus
1353 1294 1515 1347 quam
1553 1280 1863 1351 justitiam;
1913 1279 2111 1349 dilige-

534 1372 627 1425 bat
655 1372 839 1425 omnia
874 1372 1041 1424 verba
1070 1371 1545 1439 praecipitationis,
1574 1379 1631 1425 et
1669 1372 1913 1441 linguam
1954 1371 2110 1425 dolo-

534 1481 690 1528 sam;
724 1463 986 1532 denique,
1022 1464 1291 1517 malevola
1322 1463 1417 1517 illa
1472 1473 1530 1517 et
1583 1463 1847 1517 insidiosa
1900 1462 2112 1517 insania

533 1555 703 1610 veluti
758 1554 1021 1608 ducatum
1079 1562 1396 1624 praestante,
1459 1554 1800 1610 anathemati
1858 1561 2111 1608 sanctqu

534 1646 792 1715 subjecit.
816 1646 938 1699 Mox
960 1661 1094 1701 vero
1141 1647 1421 1715 ingentem
1477 1646 1748 1716 conspicit
1802 1646 2112 1700 daemonum

535 1739 754 1793 turbam
784 1742 982 1807 (neque
1011 1738 1160 1792 enim
1192 1738 1379 1791 divina
1430 1739 1643 1809 justitia
1684 1737 1864 1808 potuit
1908 1737 2114 1792 lentius

534 1846 718 1900 agere,
750 1831 842 1884 ubi
868 1831 1253 1900 longanimitas
1274 1830 1566 1899 profutura
1589 1846 1697 1883 non
1724 1829 1939 1899 fuisset)
1964 1844 2116 1885 com-

536 1922 969 1992 prehendenlem
1000 1937 1057 1975 se
1092 1931 1147 1975 et
1179 1938 1376 1975 manus
1398 1930 1520 1990 post
1574 1931 1786 1990 tergum
1840 1932 1992 1976 actas
2020 1936 2112 1977 rce

535 2016 891 2077 vincientem,
925 2014 1063 2068 adeo
1099 2022 1150 2067 u'
1200 2030 1419 2069 sacrum
1482 2013 1841 2083 Evangelium
1909 2012 2112 2082 populo

2293 732 2439 803 σμα’.
2490 732 2691 801 Ἰερεὺς
2721 734 2829 803 γάρ
2857 750 2942 796 τις
2972 735 3029 785 ἐν
3061 731 3220 803 κώμῃ
3253 732 3452 803 Κασσᾷ
3491 732 3795 811 καλουμένῃ

2215 823 2440 893 χαλεπῷ
2496 822 2659 877 πάθει
2706 823 2997 893 φιλαυτίας
3046 822 3323 884 ἑαλωκὼς,
3357 823 3526 892 ἡνίκα
3555 823 3623 876 τὰ
3660 832 3795 897 παρὰ

2216 916 2311 969 τοῦ
2345 916 2491 968 θείου
2520 915 2746 987 Συμεὼν
2776 917 3096 969 τελεσθέντα
3133 914 3456 985 παραδόξως
3489 917 3526 985 ἢ
3566 919 3729 987 μάθοι
3765 924 3793 993 ἢ

2214 1008 2300 1061 διὰ
2318 1009 2423 1060 τῶν
2444 1009 2751 1079 παριόντων
2770 1007 2885 1072 ῐδοι,
2906 1009 3134 1078 ἀνομίαν
3148 1010 3274 1078 ὅλην
3290 1009 3386 1080 τὴν
3404 1010 3623 1080 ἡμέραν
3638 1012 3797 1079 ἐλογί-

2218 1099 2341 1162 ζετο
2372 1102 2404 1169 ἡ
2438 1099 2659 1168 γλῶσσα
2692 1099 2855 1153 αὐτοῦ
2879 1141 2893 1164 ,
2922 1101 3114 1170 ἠγάπα
3156 1105 3355 1157 κακίαν
3408 1106 3552 1174 ὑπὲρ
3598 1105 3799 1172 ἀγαθω-

2219 1191 2405 1261 σύνην,
2437 1191 2653 1245 ἀδικίαν
2682 1192 2822 1263 ὑπὲρ
2854 1192 2913 1245 τὸ
2951 1192 3183 1263 λαλῆσαι
3212 1195 3582 1267 δικαιοσύνην,
3619 1200 3798 1267 ἠγάπα

2219 1283 2399 1336 πάντα
2452 1285 2675 1354 ῥήματα
2725 1285 3194 1355 καταποντισμοῦ,
3226 1288 3479 1355 γλῶσσαν
3503 1288 3684 1342 δολίαν
3711 1290 3795 1342 καὶ

2219 1374 2397 1438 τέλος,
2420 1367 2508 1426 οἷα
2538 1375 2604 1427 τὰ
2642 1375 2745 1443 κῆς
2775 1373 3086 1445 κακούργου
3119 1374 3325 1445 ταύτης
3374 1378 3471 1430 καὶ
3515 1378 3796 1431 ὲπιὸούλου

2224 1465 2302 1525 εἰς
2331 1462 2560 1532 ἔσχατον
2594 1463 2856 1527 ἀπονοίας
2884 1467 3359 1536 χειραγωγούσης,
3380 1468 3690 1537 άναθέματι
3714 1469 3796 1520 τὸν

2219 1551 2364 1604 ὅσιον
2417 1550 2730 1605 ὑποϐάλλει.
2802 1552 2912 1605 Καὶ
2979 1554 3325 1625 παραχρῆμα
3376 1556 3651 1626 δαιμόνων
3706 1558 3799 1628 δρᾷ

2220 1643 2422 1713 πλῆθος
2452 1643 2901 1715 (μακροθυμῆσαι
2930 1646 3155 1711 δικαίως
3183 1648 3417 1702 ἐνταῦθα
3452 1650 3554 1703 οὐκ
3576 1652 3799 1720 ἀνασχο-

2226 1735 2396 1807 μένης
2427 1735 2528 1805 τῆς
2595 1735 2771 1806 δίκης,
2810 1736 2945 1789 ὅπου
2995 1737 3069 1807 μὴ
3133 1738 3401 1792 συνοίσειν
3461 1739 3654 1810 ἔμελλε
3700 1743 3803 1804 τοῖς

2221 1827 2438 1890 πολλοῖς
2474 1827 2535 1879 τὸ
2570 1827 2945 1897 μακρόθυμον)
2986 1829 3420 1900 συλλαϐομένους
3460 1831 3627 1885 αὐτὸν
3650 1872 3666 1897 ,
3687 1831 3803 1884 ὀπί-

2222 1938 2300 1975 σω
2349 1939 2409 1974 τε
2464 1922 2541 1975 τὼ
2595 1925 2745 1992 χεῖρε
2788 1924 3224 1993 περιαγαγόντας
3273 1926 3369 1978 καὶ
3413 1926 3709 1996 δήσαντας,
3736 1925 3804 1988 ὡς

2224 2015 2361 2082 μήτε
2409 2014 2469 2066 τὸ
2503 2015 2649 2085 ἱερὸν
2678 2014 3008 2082 Εὐαγγέλιον
3044 2018 3122 2079 είς
3154 2011 3269 2070 ὦτα
3293 2017 3555 2072 δύνασθαι
3593 2015 3673 2088 τῷ
3703 2016 3807 2087 λαῷ

537 2108 834 2177 praalegere
869 2114 965 2159 aut
1017 2106 1260 2160 divinam
1321 2106 1601 2175 liturgiam
1663 2105 1946 2159 celebrare
2005 2121 2117 2159 non

2228 2106 2550 2175 ἀναγνῶναι,
2588 2108 2723 2176 μήτε
2769 2107 2869 2178 τὴν
2935 2107 3086 2161 θείαν
3133 2109 3444 2162 ἐπιτελέσαι
3517 2126 3807 2179 μυσταγω-

544 2198 787 2251 valeret:
830 2196 939 2250 imo
964 2196 1010 2250 si
1034 2196 1258 2265 quando
1292 2195 1563 2266 ejusmodi
1594 2195 1841 2248 tentabat
1886 2194 2117 2264 aliquid,

537 2290 813 2347 sentiebat
860 2289 964 2343 sibi
1010 2300 1250 2344 mentem
1301 2304 1603 2358 vocemque
1643 2289 1942 2353 immutari,
1972 2297 2030 2343 et
2065 2289 2120 2343 in

540 2381 926 2435 confusionem
954 2397 1107 2435 suam
1162 2382 1433 2435 converti.
1488 2381 1644 2446 Quod
1681 2397 1805 2435 cum
1862 2382 2123 2449 nequiret

536 2470 681 2525 ferre
710 2472 1016 2542 presbyter,
1049 2472 1302 2527 fortunas
1355 2472 1410 2525 in
1452 2472 1597 2534 illos,
1634 2472 1729 2541 qui
1778 2472 1989 2541 aliquid
2048 2472 2124 2525 le-

538 2562 779 2615 vamiuis
808 2561 1237 2631 pollicebantur,
1281 2568 1703 2629 consumpserat
1730 2577 1743 2625 ;
1774 2560 1976 2623 donec,
2001 2575 2123 2613 om-

539 2668 665 2706 nem
698 2654 884 2706 animo
926 2662 1183 2707 versante
1218 2653 1636 2723 cogitationem,
1689 2660 2014 2722 arguentem
2063 2667 2123 2707 se

538 2744 1163 2813 reperiteonscientiam
1198 2746 1442 2808 illorum,
1466 2762 1588 2815 qua:
1636 2760 1782 2814 saepe
1813 2744 2015 2813 sapius
2066 2743 2125 2797 in

541 2843 795 2889 sanctum
838 2834 1169 2906 Symeonem
1204 2852 1495 2906 perperam
1524 2844 1580 2891 et
1636 2836 1913 2890 malitiose
1972 2836 2124 2889 effu-

542 2926 738 2991 tierat;
788 2925 1049 2994 quodque
1078 2942 1189 2979 non
1222 2927 1542 2981 erubuisset
1583 2942 1683 2996 per
1737 2926 2125 2996 gravissimum

540 3016 726 3072 scelus
756 3016 933 3085 ipsum
973 3018 1352 3088 perstringere
1381 3019 1756 3074 anathemate.

611 3108 736 3161 242.
771 3107 885 3163 Hoc
922 3108 1088 3178 igitur
1113 3108 1293 3178 ipsum
1326 3124 1448 3163 esse
1500 3109 1835 3177 intelligens,
1866 3124 1978 3178 quo
2040 3106 2126 3161 in—

542 3197 839 3252 visibiliter
865 3214 895 3251 a
926 3198 1116 3253 divino
1147 3197 1416 3253 sacrificio
1476 3200 1793 3264 arcebatur,
1859 3198 2127 3253 velociter

545 3290 615 3343 ad
642 3298 891 3343 sanctum
920 3290 1093 3354 venit,
1136 3290 1407 3359 petiitque
1441 3290 1659 3345 ardenti
1709 3305 1873 3360 prece
1905 3291 2124 3344 veniam

2224 2196 2370 2264 γίαν,
2400 2195 2513 2247 ἀλλ’
2536 2197 2624 2247 ὅτε
2667 2212 2721 2248 τι
2762 2198 2855 2248 καὶ
2881 2197 3093 2251 τοιοῦτο
3109 2198 3305 2268 δράσαι
3334 2200 3688 2270 πειράσαιτο,
3716 2202 3808 2269 τήν

2225 2303 2285 2338 τε
2322 2285 2496 2355 φρένα
2522 2285 2614 2337 καὶ
2646 2285 2746 2355 τὴν
2782 2286 2966 2355 φωνὴν
2995 2287 3359 2351 ἀλλοιοῦσθαι,
3382 2290 3477 2341 καὶ⁵
3508 2287 3649 2358 πρὸς
3694 2290 3808 2341 αίσ-

2226 2375 2394 2445 χύνης
2429 2374 2631 2443 μᾶλλον
2667 2375 2847 2447 ἑαυτῷ
2872 2377 3256 2431 καθίστασθαι.
3294 2379 3473 2449 Ὅπερ
3498 2379 3563 2432 οὐ
3582 2378 3813 2449 φέροντα

2225 2467 2317 2520 τὸν
2350 2466 2525 2539 ἱερέα,
2556 2469 2669 2531 τοῖς
2693 2485 2817 2521 τινα
2850 2468 2944 2521 τοῦ
2973 2469 3147 2523 κακοῦ
3183 2469 3336 2524 λύσιν
3357 2470 3812 2540 ὑπισχνουμένοις

2227 2559 2601 2629 ὲκδαπανῆσαι
2657 2559 2751 2611 καὶ
2780 2558 2876 2630 τὴν
2905 2560 3110 2623 οὐσίαν,
3146 2562 3253 2625 ἕως
3270 2560 3529 2631 λογισμὸν
3551 2562 3611 2612 ἐν
3636 2558 3810 2629 ἑαυτῷ

2226 2649 2405 2703 πάντα
2449 2649 2676 2719 κινήσας
2696 2687 2711 2712 ,
2748 2649 3059 2703 τύπτουσαν
3110 2639 3336 2721 εῦρίσκε
3363 2654 3462 2722 τὴν
3483 2651 3803 2721 συνείδησιν,

2226 2736 2310 2804 οἷς
2347 2740 2488 2793 κατὰ
2512 2740 2606 2793 τοῦ
2630 2740 2774 2794 θείου
2801 2741 3027 2812 Συμεὼν
3052 2742 3391 2813 πλημμελῶς
3420 2742 3682 2804 πολλάκις
3702 2742 3809 2812 ᾔδει

2227 2831 2617 2900 φθεγξάμενος,
2673 2833 2767 2884 καὶ
2799 2833 2947 2897 ὅπως
2983 2834 3105 2887 οὐδὲ
3134 2833 3481 2906 ἁναθέματος
3526 2834 3617 2887 ἐπ’
3650 2834 3809 2887 αὑτὸν

2228 2924 2473 2991 φείσαιτο
2502 2923 2564 2976 τὸ
2591 2923 2919 2981 δεινότατον.

2299 3104 2444 3176 σμβ’.
2491 3104 2661 3157 Τοῦτο
2705 3103 2998 3174 τοιγαροῦν
3045 3104 3221 3158 ἐκεῖνο
3275 3104 3415 3160 εἶναι
3450 3109 3634 3173 συνεὶς
3681 3111 3809 3182 ὅπρ

2228 3199 2391 3252 αὐτὸν
2439 3198 2541 3267 τῆς
2596 3197 2749 3261 θείας
2817 3198 3065 3260 άθεάτως
3113 3198 3461 3270 λειτουργίας
3509 3204 3761 3273 ἀπείργοι
3792 3244 3809 3268 ,

2229 3290 2433 3360 σπουδῇ
2466 3290 2597 3359 παρ’
2641 3288 2805 3342 αὑτὸν
2847 3286 3112 3354 ἀνελθὼν,
3152 3293 3503 3363 συγχώρησιν
3530 3293 3649 3364 ᾔτει
3692 3296 3808 3367 θερ·

546 3382 758 3437 delicti.
788 3383 1011 3437 Dicente
1032 3392 1216 3437 autem
1248 3392 1470 3437 sancto:
1514 3382 1630 3437 Nisi
1664 3383 1819 3452 prius
1834 3391 2121 3451 peccatum

2232 3383 2367 3453 μῶς.
2394 3382 2502 3436 Τοῦ
2530 3383 2607 3449 δὲ,
2642 3384 2705 3436 Ei
2736 3384 2812 3455 μὴ
2826 3384 2925 3453 τὴν
2944 3384 3219 3457 ἁμαρτίαν
3236 3402 3329 3439 σου
3347 3387 3615 3458 πρότερον
3630 3389 3809 3457 ἐξαγο-

549 3483 709 3529 tuum
732 3474 1078 3530 confessione
1108 3475 1441 3544 expiaveris,
1473 3478 1611 3545 qua:
1651 3474 1751 3529 tibi
1783 3475 1981 3529 venia?
2027 3474 2125 3529 ali-

2230 3474 2465 3545 ρεύσεις,
2498 3454 2955 3543 είπόντος,γποία
3003 3454 3191 3530 λοιπὸν
3249 3454 3601 3549 συγχώρησις
3663 3454 3805 3534 ἔσται

549 3575 759 3637 quanto
782 3575 1027 3635 tempore
1066 3565 1322 3620 absurdis
1350 3565 1952 3635 atqueimpudentibus
2000 3579 2125 3618 ver—

2233 3584 2345 3635 um;
2378 3569 2560 3637 ἐπεῖχε
2579 3570 2739 3637 μέχρι
2756 3568 2899 3632 τινὸς
2918 3568 3132 3638 ὑπὸτῆς
3149 3568 3411 3639 αἰσχύνης
3427 3573 3657 3634 ἐκεῖνος.
3682 3567 3805 3624 Εἶτα

549 3656 639 3711 bis
666 3671 723 3712 se
756 3657 1101 3726 temperavit.
1126 3657 1336 3712 Deinde
1379 3673 1504 3711 cum
1566 3657 1744 3723 dolor,
1770 3672 1934 3726 quem
1986 3671 2125 3726 prte-

2230 3662 2325 3728 τῆς
2342 3660 2433 3712 ἐπὶ
2459 3660 2537 3730 τῷ
2565 3660 2727 3714 πάθει
2757 3660 2932 3730 λύπης
2973 3660 3002 3713 ὃ
3037 3668 3263 3732 πάσχων
3286 3657 3354 3733 ἦν
3379 3663 3471 3716 ἐπὶ
3494 3667 3559 3733 τῇ
3584 3664 3700 3717 θεία
3718 3682 3809 3734 pu-

551 3753 637 3799 ter
668 3745 917 3799 morbum
940 3746 1256 3816 patiebatur
1308 3761 1376 3801 eo
1425 3747 1573 3816 quod
1630 3750 1803 3803 sacris
1859 3747 2125 3801 altaribus

2233 3752 2534 3822 σταγωγίᾳ,
2582 3750 2681 3822 τὴν
2711 3752 2974 3823 αίσχύνην
3019 3754 3116 3821 (ὼς
3160 3753 3810 3826 είκὸς)διακρουσαμένης

549 3833 960 3904 prohiberetur,
991 3836 1361 3903 verecundiae,
1394 3845 1455 3891 ut
1500 3853 1600 3907 par
1638 3847 1778 3902 erat,
1805 3838 2127 3907 praevaluis-

555 3932 641 3978 set
670 3925 983 3994 (consuevit
1013 3943 1251 3996 namque
1306 3928 1359 3982 id
1393 3929 1543 3997 quod
1592 3928 1868 3983 infirmius
1896 3938 1982 3983 est
2031 3944 2132 3999 per

552 4013 756 4069 fortius
777 4016 1002 4085 expelli,
1026 4026 1082 4070 et
1110 4017 1422 4073 debellatus
1446 4020 1674 4074 affectus
1698 4020 1896 4075 cedere
1932 4030 2131 4090 poten-

553 4106 704 4175 tiori)
760 4108 935 4176 palam
991 4125 1089 4162 sua
1151 4113 1399 4165 narravit
1453 4111 1668 4177 omnia;
1711 4127 1874 4181 quam
1922 4112 2131 4165 nefaria

553 4198 752 4251 crebro
787 4199 842 4252 in
869 4210 1121 4254 sanctum
1150 4202 1490 4271 garrivissct,
1524 4202 1787 4272 quodque
1831 4218 1939 4256 non
1962 4202 2133 4256 absti-

555 4290 767 4345 nuisset
788 4292 1163 4357 anathemate,
1192 4294 1289 4347 sed
1325 4294 1404 4348 illi
1435 4294 1613 4363 ipsum
1644 4310 1834 4349 amens
1868 4295 2134 4364 subiecis-

554 4388 660 4434 set.
697 4380 835 4434 Tum
873 4392 1122 4447 sanctus,
1167 4392 1317 4438 totus
1366 4384 1660 4454 benignus.
1720 4393 1869 4440 totus
1910 4386 2132 4441 miseri-

553 4485 699 4534 cors,
736 4478 885 4525 totus
911 4472 1280 4541 compatiens,
1312 4472 1578 4543 unigeniti
1610 4473 1733 4528 Filii
1770 4474 1866 4529 Dei
1905 4474 2133 4528 commi-

552 4562 889 4617 serationem
919 4572 975 4617 et
1001 4563 1386 4620 inexhaustum
1445 4565 1749 4619 bonitatem
1808 4566 2129 4635 implorans,

553 4650 822 4719 impresso
883 4653 1157 4707 sacerdoti
1218 4664 1583 4710 sacrosanctae
1622 4655 1804 4710 crucis
1849 4658 2038 4726 signo:
2074 4656 2133 4711 ln

552 4742 803 4808 nomine,
859 4732 1061 4812 inquit,
1111 4746 1332 4801 Domini
1392 4748 1517 4805 Jesu
1566 4747 1774 4803 Christi
1834 4750 2052 4805 solutus
2073 4763 2134 4804 es

550 4833 896 4890 retinaculis.
937 4835 1141 4892 Confer
1175 4846 1226 4892 te
1254 4839 1421 4909 igitur
1458 4840 1526 4893 ad
1556 4839 1844 4894 ecclesiam
1878 4850 2049 4905 tuam,
2077 4846 2133 4894 et

551 4937 969 4981 sacrosanctum
999 4928 1208 4984 Christi
1253 4931 1607 5001 Evangelium
1637 4932 1779 4987 bene
1802 4949 1970 4988 sanus
2005 4948 2133 5003 per-

550 5014 723 5084 leges,
750 5027 805 5070 et
833 5033 1096 5073 arcanum
1129 5021 1182 5073 in
1212 5022 1372 5075 altari
1404 5023 1736 5078 sacriﬁcium
1764 5040 1915 5079 more
1970 5027 2131 5081 solito

553 5107 776 5161 offeres.
805 5109 953 5162 Dixit
982 5111 1097 5166 haac
1130 5114 1242 5177 ille,
1278 5124 1331 5168 et
1356 5115 1643 5186 presbyter
1668 5118 1880 5173 meritae
1910 5119 1987 5173 illi
2010 5119 2131 5173 vin-

552 5198 714 5252 dictae
739 5211 1026 5270 exemptus
1070 5213 1174 5267 est,
1196 5214 1253 5259 et
1307 5222 1478 5261 sacra:
1526 5208 1764 5280 liturgia:
1817 5210 1885 5263 ad
1917 5211 2126 5265 exitum

552 5305 729 5359 usque
763 5293 907 5359 vitae,
939 5294 1020 5349 uti
1050 5306 1176 5350 ante
1200 5297 1401 5353 solitus
1428 5298 1633 5367 fuerat,
1667 5317 1887 5373 semper
1939 5319 2131 5374 opera-

556 5392 645 5441 tus
668 5393 770 5438 est.

623 5473 750 5530 245.
790 5477 921 5532 Post
948 5477 1064 5533 haec
1101 5478 1396 5536 adducitur
1420 5483 1489 5537 ad
1525 5483 1705 5554 ipsum
1735 5502 1933 5554 caecus,
1964 5488 2140 5544 altero

2236 3843 2381 3914 (ἐπεὶ
2402 3844 2497 3896 καὶ
2524 3843 2733 3913 πέφυκε
2751 3845 2828 3914 τῷ
2849 3844 3054 3915 μείζονι
3073 3844 3133 3898 τὸ
3151 3840 3314 3919 ἦττον
3330 3847 3710 3918 ὲκκρούεσθαι.
3725 3847 3809 3900 καὶ

2231 3933 2293 3986 τὸ
2335 3932 2639 4003 νικώμενον
2658 3934 2745 3987 ἀεὶ
2783 3934 2953 3998 πάθος
2992 3935 3298 4008 ὑποχωρεῖν
3319 3936 3396 4007 τῷ
3413 3938 3719 4009 κρατοῦντι)
3738 3939 3810 3991 ὄι-

2234 4023 2426 4095 εξῆλθε
2455 4024 2635 4079 πάντα
2667 4025 2990 4095 σαφῶς,ὅσα
3006 4028 3265 4092 πολλάκις
3283 4029 3434 4100 αὐτῷ
3467 4031 3589 4083 κατ’
3613 4031 3811 4083 ἐκείνου

2234 4115 2477 4187 λεχθείη,
2521 4116 2618 4169 καὶ
2679 4118 2826 4181 ὅπως
2858 4119 2977 4173 οὐδὲ
3011 4119 3349 4190 ἁναθέματος
3406 4120 3495 4173 ἐπ’
3529 4121 3689 4174 αὑτὸν
3713 4122 3811 4173 ἀπο

2234 4209 2448 4279 έσχετο,
2480 4208 2616 4263 ἀλλά
2642 4210 2738 4263 καὶ
2771 4210 2921 4282 αύτῷ
2948 4210 3135 4263 τοῦτον
3168 4212 3412 4282 ἀνοήτως
3435 4211 3809 4278 ὑποόεὸλήκει.

2248 4299 2311 4351 '0
2350 4299 2406 4352 δὲ
2432 4299 2553 4363 ὅλος
2584 4304 2889 4372 χρηστότης
2912 4341 2926 4367 ,
2953 4302 3074 4365 ὅλος
3116 4303 3316 4366 οἶκτος,
3357 4302 3476 4365 ὅλος
3516 4303 3813 4371 συμπάθεια

2243 4395 2353 4448 τῶν
2379 4396 2477 4449 τοῦ
2514 4399 2838 4467 μονογενοῦς
2869 4397 3171 4469 οἰκτιρμῶν
3195 4399 3378 4462 εὐθὺς,
3412 4399 3508 4451 καὶ
3545 4400 3645 4466 τῆς
3682 4398 3804 4451 ἀδα-

2247 4490 2491 4558 πανήτου
2524 4491 2893 4561 χρηστότητος
2947 4491 3087 4560 ὑπὲρ
3131 4491 3296 4543 αὐτοῦ
3338 4490 3593 4560 δεόμενος
3615 4486 3808 4559 imm

2234 4582 2314 4651 τῷ
2356 4581 2450 4635 τοῦ
2500 4582 2736 4652 σταυροῦ
2773 4583 2988 4653 σημείῳ
3037 4583 3131 4636 τὸν
3180 4584 3329 4652 ίερέα
3357 4583 3689 4653 σφραγίσας,
3732 4582 3812 4635 Ἐν

2237 4674 2313 4743 τῷ
2345 4676 2571 4744 ὀνόματι
2596 4674 2692 4728 τοῦ
2734 4676 2939 4747 Κυρίου
2988 4674 3162 4746 Ἰησοῦ
3194 4675 3431 4747 Χριστοῦ
3473 4675 3692 4727 λέλυσαι
3714 4673 3810 4725 τῶν

2165 4800 2209 4856 D
2237 4765 2476 4836 δεσμῶν,
2534 4766 2637 4836 ἐφη
2665 4782 2680 4797 ’
2723 4767 3017 4838 Πορευθεὶς
3047 4768 3199 4838 παρά
3242 4769 3341 4836 τὴν
3394 4768 3692 4835 ἐκκλησίαν
3727 4782 3809 4818 σου

2242 4860 2443 4923 τοίνυν,
2484 4860 2546 4913 τό
2596 4877 2657 4914 τε
2713 4860 2853 4913 θεῖον
2911 4862 3081 4929 ὑγιῶς
3142 4860 3470 4928 Εὐαγγέλιον
3508 4860 3808 4929 ἀναγνώσῃ,

2240 4954 2335 5006 καὶ
2392 4954 2490 5023 τὴν
2534 4953 2801 5023 μυστικὴν
2844 4953 2919 5017 ὼς
2948 4955 3042 5005 καὶ
3074 4954 3268 5023 πρώην
3315 4956 3380 5022 τῇ
3418 4955 3542 5025 ἱερᾷ
3576 4952 3808 5022 τραπέζῃ

2237 5041 2429 5095 θυσίαν
2460 5044 2791 5113 προσοίσεις.
2830 5040 2966 5096 Εἶπε
2997 5043 3188 5106 ταῦτα,
3221 5045 3314 5097 καὶ
3343 5046 3403 5095 τὸ
3426 5044 3635 5096 δικαίον
3656 5046 3813 5095 ἐκεῖνο

2236 5132 2407 5195 πάθος
2434 5135 2633 5187 αὐτίκα
2663 5139 2689 5186 ὁ
2720 5133 2898 5204 ἱερεὺς
2913 5134 3166 5198 ἀπέθετο,
3199 5136 3293 5186 καὶ¹
3321 5137 3352 5203 ὴ
3376 5135 3513 5185 θεία
3552 5134 3709 5202 μέχρι
3734 5149 3811 5182 τε·

2232 5225 2432 5294 λευτῆς
2473 5225 2547 5289 ώς
2591 5227 2685 5278 καὶ
2736 5227 3002 5298 πρότερον
3044 5228 3194 5299 αὐτῷ
3245 5226 3602 5298 μυσταγωγία
3645 5228 3813 5278 ἐπετε-

2242 5314 2403 5368 λεῖτο.

2314 5488 2461 5558 σμγ’.
2492 5484 2627 5545 Εἶτα
2657 5493 2994 5562 προσάγεται
3023 5510 3106 5556 τις
3150 5491 3300 5563 αὑτῷ
3342 5493 3562 5563 τυφλὸς,
3598 5492 3704 5546 οὐδ’
3733 5490 3818 5542 ἐπὶ

554 5570 694 5639 pede
736 5580 885 5628 stare
932 5573 1200 5643 nequiens
1247 5592 1357 5646 prae
1398 5579 1659 5651 paralysi,
1705 5595 1769 5635 ac
1814 5583 1991 5638 tribus
2027 5583 2125 5639 da:-

2246 5581 2342 5636 τοῦ
2386 5582 2557 5652 ἰσχίου
2608 5584 2802 5652 στῆναι
2831 5586 3148 5655 δυνάμενος,
3182 5588 3317 5640 ἀλλὰ
3345 5588 3438 5640 καί
3464 5585 3621 5639 τοῦτο
3644 5583 3814 5642 δεινιῖλς

553 5663 755 5718 moniis
799 5666 1125 5735 exagitatus.
1174 5668 1465 5728 Miseratus
1498 5672 1731 5744 Symeon
1764 5676 2141 5731 multimodam

552 5768 619 5811 ac
636 5754 911 5814 diversam
942 5759 1183 5819 hominis
1205 5764 1594 5832 calamitatem,
1617 5766 1685 5824 ad
1714 5767 2147 5824 misericordiam

2255 5676 2612 5746 παρειμένος,
2641 5677 2861 5750 δαίμοσί
2883 5696 2942 5732 τε
2972 5680 3148 5751 τρισὶν
3173 5678 3516 5749 ὲταξόμενος.
3556 5678 3615 5729 '0
3644 5676 3698 5727 δὲ
3725 5675 3815 5740 τῆς

2256 5768 2574 5834 πολυειδοῦς
2620 5770 2783 5825 αὑτὸν
2830 5773 2925 5826 καὶ
2966 5772 3219 5845 ποικίλης
3266 5772 3556 5844 συμφορᾶς
3598 5768 3812 5836 ἐλεήσας
