4032 6520
195 408 336 473 3209

1188 409 1357 468 VlTA
1407 410 1453 467 A
1490 401 1926 467 NICEPHORO
1964 402 2452 465 CONSCRIPTA.

3304 409 3449 476 3210

210 521 289 581 είς
318 517 466 571 ἔλεον
502 514 660 571 πάλιν
688 514 849 579 αὐτὸς
889 511 995 568 εῐδε
1018 513 1152 568 Θεοῦ
1189 515 1277 567 τὸν
1302 516 1662 585 ἀδαπανήτως
1692 511 1774 563 ἀεὶ

1882 512 1979 566 Dei
2017 528 2141 582 quae
2164 511 2542 567 exhauriendo
2575 528 2685 567 non
2716 513 3065 571 imminuitur
3088 558 3102 578 .
3144 519 3335 575 oculos
3366 538 3456 578 re-

204 607 548 677 κενούμενον,
580 607 672 661 καὶ
703 607 928 661 πτύελον
956 608 1151 660 οἰκεῖον
1185 606 1263 678 τῷ
1294 606 1540 677 δακτύλῳ
1570 604 1772 667 λαϐὼν,

196 702 292 754 καὶ
319 700 445 762 τοὺς
475 698 786 768 ὀφθαλμοὺς
814 697 1121 767 ἐπιχρίσας,
1151 698 1230 767 τῷ
1255 715 1313 750 τε
1336 696 1650 765 Δέσποτικῷ
1675 696 1772 749 τύ-

196 811 283 863 πῳ
307 792 408 854 τὰς
440 790 582 860 ψύας
605 790 931 859 σφραγίσας,
967 789 1045 856 τῷ
1079 789 1177 858 μὲν
1216 792 1327 853 τοῖς
1367 789 1663 859 ὀφθαλμοῖς
1695 788 1774 841 δί-

191 886 356 937 δωσιν
391 882 595 946 εὐθέως
631 882 692 934 τὸ
734 881 870 949 φῶς,
901 880 981 949 τῷ
1021 881 1077 933 δὲ
1124 880 1202 950 τῷ
1251 881 1405 950 ἰσχίῳ
1440 880 1539 950 τὴν
1583 881 1770 947 ρὦιν.

205 976 364 1046 Ἑξῆς
385 976 441 1028 δέ
470 992 555 1037 τις
578 974 715 1044 ἀνὴρ
742 972 916 1026 ἐδόκει
939 972 1016 1043 τῷ
1048 973 1307 1042 πάσχοντι
1356 974 1560 1043 χιτῶνα
1594 972 1773 1026 ποικί-

191 1068 284 1121 λον
329 1065 645 1129 ἐνδεδυκὼς,
676 1066 804 1128 τοὺς
835 1062 1180 1128 ἐνοικοῦντας
1220 1064 1369 1134 αὐτῷ
1406 1067 1554 1135 τρεῖς
1585 1065 1775 1135 δαίμο-

191 1174 291 1223 νας
352 1159 613 1223 ἐκείνους,
663 1156 883 1210 ἁλύσεσι
946 1157 1118 1226 πυρὸς
1169 1156 1458 1219 τοσαύταις
1508 1158 1773 1227 πεδήσας,

192 1252 285 1304 καὶ
310 1250 467 1303 κλοιά
503 1248 776 1319 περιθείςο
817 1240 893 1301 ὧν
926 1246 1128 1310 εὐθέως
1156 1246 1509 1314 ἀπαλλαγεὶς,
1540 1246 1660 1299 ὃλον
1687 1246 1777 1300 διὰ

193 1340 290 1393 τοῦ
337 1336 628 1410 μοναδικοῦ
666 1338 944 1408 σχήματος
996 1336 1188 1390 ἑαυτὸν
1233 1338 1504 1407 τοσαύτης
1547 1336 1776 1408 χάριτος

193 1429 520 1483 ἀντιδίδωσι.
558 1425 964 1498 Παραπλησίως
997 1428 1097 1495 μὲν
1129 1426 1222 1480 οῦν
1251 1426 1445 1497 ἔχοντα
1482 1431 1596 1490 τοῖς
1630 1429 1777 1497 εἰρη-

196 1520 383 1588 μένοις
426 1519 494 1572 τὰ
538 1516 873 1587 ἐπαγόμενα,
918 1516 1025 1587 χρὴ
1058 1515 1115 1569 δὲ
1163 1516 1311 1586 ὅμως
1344 1516 1611 1572 κάκείνων
1655 1518 1776 1570 ἐπι-

194 1611 525 1682 μνησθῆναι.

266 1702 409 1773 σμδ’.
462 1700 718 1770 Ἰωάννης
770 1700 878 1772 γάρ
908 1717 993 1764 τις
1034 1700 1169 1771 μηδὲ
1207 1699 1420 1771 θατέρῳ
1446 1703 1560 1753 τοῖν
1594 1701 1775 1755 ποδοῖν

191 1790 461 1844 κινεῖσθαι
486 1789 804 1859 δυνάμενος,
841 1788 957 1844 ἀλλ’
990 1789 1270 1859 ἑκατέρων
1290 1790 1473 1844 αὐτῶν
1502 1792 1775 1863 ἀκινήτως

190 1882 335 1952 ἔχων
386 1882 483 1934 καὶ
524 1880 716 1951 χρόνον
763 1880 859 1933 ἐπὶ
894 1880 1125 1951 μακρὸν,
1153 1880 1262 1934 τῶν
1292 1881 1467 1936 ἄλλων
1502 1884 1774 1952 ἀπογνοὺς

188 1972 470 2035 ἁπάντων,
523 1970 715 2024 ἐλπίδα
762 1970 853 2023 τὸν
903 1969 1215 2041 θαυμαστὸν
1247 1970 1474 2041 ξὲτίθετο
1509 1972 1772 2043 Συμεὼν,

186 2060 287 2113 καὶ
312 2059 475 2112 αὐτὸν
514 2061 572 2113 ἐν
598 2062 777 2114 πίστει
804 2059 1030 2133 καρδίας
1065 2060 1406 2115 ἐπεκαλεῖτο.
1450 2063 1513 2115 Ἦ
1555 2062 1655 2133 μὲν
1681 2062 1775 2117 οῦν

185 2152 292 2223 ἤδη
331 2151 479 2221 πρωῒ
514 2153 613 2222 τῆς
638 2152 845 2223 ἡμέρας
866 2168 882 2183 ·
918 2154 948 2206 6
981 2152 1039 2206 δέ
1071 2152 1323 2225 καθάπερ
1354 2155 1435 2218 είς
1474 2155 1641 2209 ῦπνον
1672 2157 1775 2209 ὑπ-

184 2242 505 2315 ολισθήσας,
543 2245 676 2315 ὁρᾷν
703 2244 878 2298 ἐδόκει
902 2244 993 2298 τὸν
1020 2244 1269 2315 Συμεὼν,
1298 2245 1526 2314 ἄγγελος
1557 2247 1613 2300 δέ
1644 2248 1773 2316 παρ’

184 2333 430 2404 ἑκάτερα
465 2332 657 2388 τούτου
686 2334 938 2405 λαμπρὸς
987 2334 1087 2405 τὴν
1143 2335 1432 2408 ἀναϐολὴν,
1476 2340 1575 2409 ¹ἤτε
1617 2338 1775 2410 βαῖνη

188 2424 391 2495 ῥάϐδος
434 2424 626 2495 ἐκείνῳ
670 2424 758 2478 διὰ
793 2426 995 2496 χειρὸς,
1041 2427 1415 2496 σφραγίσαντα
1449 2429 1573 2492 τοὺς
1608 2428 1775 2493 πόδας

183 2514 382 2582 αὐτοῦ,
416 2515 511 2569 καὶ
539 2516 892 2586 διαναστῆναι
921 2517 1273 2573 κελεύσαντα.
1303 2520 1412 2572 Καὶ
1449 2522 1477 2573 6
1513 2519 1614 2589 μὲν
1646 2520 1775 2589 γλυ-

185 2608 292 2671 κὺς
322 2606 491 2671 ὕπνος
516 2609 720 2671 ἐκεῖνος
752 2607 881 2681 ὑγιῆ
909 2608 1099 2664 τοῦτον
1122 2610 1313 2682 ἀνῆκε,
1349 2615 1442 2667 καὶ
1470 2615 1504 2685 ή
1531 2614 1653 2684 ὄψις
1685 2616 1778 2687 ἐρ-

184 2714 288 2767 γον
315 2693 406 2770 ἦν,
446 2700 541 2753 καὶ
586 2700 888 2769 φαντασίαν
916 2700 1079 2766 εὐθὺς
1124 2704 1158 2774 ἡ
1195 2703 1421 2775 ἀλήθεια
1462 2707 1771 2763 ἐπιστοῦτο.

197 2790 263 2847 '0
286 2792 347 2846 δὲ
372 2793 629 2865 δρομαῖος
658 2794 811 2866 παρά
835 2795 927 2849 τὸν
958 2795 1150 2852 στύλον
1178 2797 1370 2863 ἐλθὼν,
1406 2801 1435 2853 6
1460 2802 1653 2871 πρώην
1685 2800 1775 2852 ῖσα

185 2883 285 2937 καὶ
316 2887 419 2955 τῆς
453 2886 723 2958 φερούσης
764 2887 929 2941 αὐτὸν
958 2889 1146 2960 κλίνης
1180 2890 1439 2961 ἀκίνητος
1484 2890 1684 2961 μένων,
1717 2894 1775 2944 ἐν

184 2975 432 3047 θαύματι
461 2994 520 3030 τε
549 2976 617 3032 τὰ
642 2978 765 3033 καθ’
795 2981 994 3054 ἐαυτὴν
1023 2982 1383 3052 ἀπαγγείλας,
1412 2982 1534 3037 ὅλον
1563 2983 1651 3038 διὰ
1681 2983 1774 3037 τοῦ

186 3068 484 3138 μοναδικοῦ
513 3067 629 3139 βίου
657 3071 750 3125 καὶ
773 3064 929 3138 οὗτος
952 3074 1285 3146 χαριστήρια
1316 3075 1589 3145 τοσαύτης
1616 3075 1776 3147 εὐερ-

182 3160 382 3229 γεσίας
408 3161 603 3215 ἐαυτὸν
623 3164 992 3237 ἀντεισφέρει.

264 3361 407 3425 σμε⁸.
441 3355 670 3409 Ἔπειτα
698 3355 884 3426 μέντοι
907 3353 1197 3425 παρθένος,
1227 3352 1488 3407 Θεοσεϐία
1519 3352 1619 3425 τὴν
1646 3351 1779 3422 κλῆ-

184 3464 299 3513 σιν,
351 3446 574 3519 χαλεπῷ
624 3445 840 3519 δαίμονι
893 3446 1348 3519 πολιορκουμένη,
1398 3445 1473 3511 ὠς
1513 3449 1608 3502 καὶ
1654 3444 1778 3503 καθ’

185 3537 388 3603 ὕδατος
417 3539 685 3611 ἀφεθῆναι
727 3537 857 3611 παρ’
884 3539 1095 3592 ἐκείνου
1129 3539 1412 3604 πολλάκις,
1446 3541 1779 3609 ἐφαντάζετο

181 3628 283 3686 τὸν
316 3630 459 3685 θεῖον
496 3630 741 3701 Συμεὼν,
780 3629 1251 3701 μετακαλούμενον
1284 3626 1372 3685 οἷα
1409 3632 1547 3701 πρὸς
1584 3632 1778 3687 ἑαυτὸν

187 3722 335 3777 οἴκοι
390 3724 681 3793 μένουσαν.
723 3723 790 3776 Ἡ
833 3722 887 3776 δέ
920 3722 1016 3793 τὴν
1055 3722 1177 3792 ὄψιν
1213 3720 1373 3793 ἔργον
1407 3724 1774 3795 ποιησαμένη,

180 3815 266 3879 ὡς
298 3815 398 3886 ἥδη
427 3814 523 3869 καὶ
552 3813 848 3868 ἀτενίσειεν
893 3816 972 3878 εἰς
1003 3815 1185 3882 αύτὶν,
1214 3817 1317 3886 ὁρᾷ
1349 3833 1471 3869 τινα
1529 3817 1775 3870 διάττου-

184 3924 293 3960 σαν
319 3904 510 3977 ὥσπερ
533 3903 821 3977 ἀστραπὴν
846 3902 941 3957 τοῦ
969 3904 1262 3976 προσώπου
1289 3922 1304 3938 ο
1338 3906 1431 3960 καὶ
1454 3902 1516 3958 τὸ
1548 3906 1649 3976 μὲν
1680 3923 1777 3960 πο-

182 4000 357 4071 νηρὸν
380 4001 554 4052 ἐκεῖνο
579 3997 794 4069 πνεῦμα
822 3998 1053 4070 θορύϐου
1091 3998 1267 4055 πάντα
1293 4000 1390 4054 κα)⁸
1420 3998 1549 4071 βοῆς
1576 4000 1777 4054 αὐτίκα

183 4090 454 4161 ἐπλήρου,
486 4089 584 4160 τὴν
614 4088 749 4160 πρὸς
789 4088 881 4141 τὸν
912 4089 1053 4144 θεῖον
1091 4090 1258 4161 ἄνδρα
1297 4093 1392 4144 καὶ
1416 4093 1516 4162 τὴν
1546 4094 1603 4145 ἐν
1627 4092 1777 4163 αὐτῷ

182 4184 286 4239 τοῦ
318 4183 634 4255 Πνεύματος
664 4185 823 4257 χάριν
852 4185 912 4239 οὐ
944 4184 1106 4256 φέρον
1136 4186 1432 4259 ἐγγύτητα,
1461 4186 1579 4241 ἀλλ’
1609 4191 1662 4244 εῑ
1693 4207 1777 4250 τις

180 4278 419 4348 δύναμις
443 4276 754 4331 ἐλαύνεσθαι
787 4280 879 4333 καὶ
911 4280 1133 4348 φεύγειν
1158 4281 1374 4351 μακρὰν
1397 4282 1773 4352 ἐπειγόμενον.

196 4370 266 4423 Ἦ
291 4370 349 4423 δὲ
372 4369 660 4441 παρθένος,
686 4369 792 4435 ἔξω
822 4372 1074 4444 καθάπερ
1110 4374 1312 4444 ἑαυτῆς
1339 4375 1627 4446 γενομένη,
1665 4375 1777 4429 ἐδό-

195 4480 278 4515 ‹ει
311 4463 405 4515 τὸν
433 4461 660 4532 Συμεὼν
689 4463 821 4534 ὁρᾷν
846 4463 923 4534 τῷ
945 4464 1161 4535 δαίμονι
1188 4466 1365 4537 δεσμά
1389 4468 1703 4537 περιθέντα,
1738 4470 1772 4537 ἡ

1880 602 2049 664 flexit,
2082 612 2244 672 sputo
2273 618 2373 657 suo
2411 603 2641 673 digitum
2674 603 2855 671 tinxit,
2881 605 3070 660 oculos
3100 607 3227 662 caeci
3256 608 3452 675 illevit,

1878 693 2173 748 Dominica:
2194 694 2375 748 crucis
2397 694 2554 764 signo
2584 695 2803 750 lumbos
2821 697 3184 752 communivit
3215 716 3228 752 :
3264 700 3455 769 sicque

1879 784 2053 839 altero
2080 784 2261 837 statim
2288 784 2465 839 oculis
2508 785 2716 851 lumen,
2744 787 2916 841 altero
2953 787 3189 856 pedibus
3220 789 3453 845 ﬁrmita-

1879 881 1987 927 tem
2010 875 2270 929 restituit.
2304 875 2511 930 Deinde
2532 876 2823 931 videbatur
2844 879 3070 947 patienti
3100 882 3184 934 vir
3207 882 3453 950 quidam,

1880 967 2123 1021 tunicam
2162 967 2552 1023 versicolorem
2604 968 2850 1035 indutus,
2878 978 3009 1035 tres,
3059 988 3089 1026 a
3116 974 3320 1042 quibus
3355 976 3455 1029 ob-

1878 1056 2183 1123 sidebatur,
2234 1058 2511 1114 daemones
2570 1059 2758 1129 ignitis
2816 1061 3027 1115 catenis
3077 1066 3459 1135 constringere

1878 1150 2288 1221 compedesque
2314 1152 2383 1207 iis
2422 1152 2667 1223 injicere.
2699 1150 2770 1205 lis
2793 1167 2926 1222 ergo
2956 1153 3139 1207 statim
3168 1155 3457 1221 liberatus,

1877 1248 2053 1294 totum
2086 1257 2145 1296 se
2181 1257 2282 1312 pro
2315 1250 2588 1297 tantarum
2625 1242 2925 1312 gratiarum
2959 1242 3176 1298 actione
3203 1254 3459 1314 suscepto

1878 1333 2185 1388 monastico
2234 1333 2426 1388 habitu
2479 1334 2700 1389 obtulit.
2735 1334 3044 1389 Persimilia
3074 1335 3297 1404 quidem
3322 1352 3462 1405 prae-

1878 1423 2206 1479 cedentibus
2236 1425 2327 1479 illa
2360 1441 2482 1495 quae
2529 1435 2861 1495 sequuntur,
2908 1425 3271 1482 nihilominus
3304 1442 3458 1483 com-

1878 1512 2238 1567 memoranda
2286 1522 2433 1568 sunt.

1946 1690 2073 1747 2M.
2114 1691 2353 1749 Joannes
2385 1692 2609 1764 quidam
2643 1702 2845 1750 ne‘utro
2875 1694 3079 1767 pedum
3126 1711 3352 1751 suorum
3377 1695 3459 1753 uti

1878 1794 2114 1854 poterat,
2152 1797 2452 1857 utrumque
2477 1789 2591 1858 jam
2622 1803 2653 1843 a
2694 1788 2858 1858 longo
2882 1790 3155 1859 ;tempore
3199 1788 3462 1845 immobi-

1877 1879 1986 1933 lem
2012 1879 2256 1935 habens:
2284 1896 2408 1934 cnm
2435 1895 2568 1935 vero
2588 1880 2909 1951 desperaret
2937 1881 3006 1936 de
3029 1881 3286 1937 remediis
3315 1882 3461 1946 aliis,

1879 1985 2032 2039 spem
2064 1986 2283 2027 omnem
2315 1972 2369 2026 in
2398 1981 2588 2027 sancto
2612 1972 2885 2044 Symeone
2928 1973 3134 2042 posuit,
3169 1973 3463 2045 ipsumque

1882 2060 2069 2116 fidenti
2112 2063 2278 2119 corde
2311 2063 2604 2120 invocavit.
2642 2065 2775 2121 Erat
2811 2076 2926 2120 tum
2978 2066 3121 2122 forte
3163 2082 3463 2137 crepuscu-

1879 2154 1993 2209 lum
2023 2156 2244 2212 circiter
2279 2160 2635 2226 matutinum,
2662 2160 2884 2230 quando
2912 2160 3020 2215 leni
3068 2175 3263 2215 somno
3290 2160 3463 2216 veluti

1879 2247 2115 2318 sopitus,
2164 2250 2485 2320 conSpicere
2527 2266 2587 2306 se
2633 2259 2793 2321 putat
2846 2251 3198 2322 Symeonem,
3253 2251 3463 2323 angelis

1883 2340 2144 2411 utrinque
2187 2341 2420 2413 fulgenti
2456 2344 2511 2397 in
2544 2353 2697 2398 veste
2742 2342 3099 2413 stipantibus,
3126 2344 3338 2414 palmea
3363 2359 3464 2399 sua

1878 2443 2044 2499 quam
2090 2446 2256 2486 manu
2290 2430 2515 2486 tenebat
2540 2431 2693 2502 virga
2736 2431 3045 2502 signantem
3096 2431 3265 2501 pedes
3292 2432 3462 2498 illius,

1878 2521 2339 2592 mandantemquc
2373 2531 2432 2577 ut
2465 2532 2673 2593 surgat.
2700 2522 2851 2577 Ahiit
2880 2523 3061 2578 dulcis
3089 2524 3181 2579 ille
3213 2539 3462 2588 somnus,

1876 2623 1935 2669 et
1971 2626 2324 2685 persanatum
2356 2616 2636 2670 hominem
2667 2616 2893 2686 reliquit
2922 2634 2937 2670 :
2974 2616 3233 2686 quodque
3282 2617 3463 2672 visum

1878 2706 2077 2771 fuerat,
2106 2707 2310 2762 factum
2334 2715 2475 2774 erat,
2502 2718 2559 2763 et
2602 2707 3006 2779 apparitionem
3033 2710 3240 2764 veritas
3272 2718 3462 2764 secuta

1877 2807 1982 2854 est.
2028 2801 2268 2856 Joannes
2299 2801 2487 2873 igitur,
2524 2802 2620 2871 qui
2652 2802 2867 2872 pridem
2897 2817 3009 2857 non
3038 2803 3213 2874 magis
3242 2803 3465 2859 mobilis

1876 2900 1997 2946 erat
2028 2908 2192 2962 quam
2220 2893 2459 2949 lectulus
2485 2908 2595 2963 quo
2626 2893 2929 2959 ferebatur,
2956 2895 3235 2950 curriculo
3269 2896 3338 2950 ad
3368 2911 3463 2951 co-

1877 2985 2123 3040 lumnam
2172 2986 2413 3054 advolat,
2468 2988 2732 3042 nuntians
2761 3003 2886 3043 cum
2922 2988 3310 3053 admiratione,
3342 3004 3466 3059 qua:

1877 3077 1983 3132 sibi
2014 3078 2157 3133 facta
2186 3087 2346 3134 erant
2370 3096 2386 3145 ;
2421 3088 2479 3135 et
2511 3092 2611 3149 per
2637 3079 2999 3135 monasticam
3020 3080 3191 3135 vitam
3212 3080 3305 3135 hic
3329 3096 3466 3150 quo-

1880 3185 1989 3239 que
2015 3168 2127 3225 Deo
2152 3186 2211 3226 se
2231 3171 2518 3237 dedicans,
2556 3171 2912 3242 gratitudinis
2942 3173 3064 3228 loco
3093 3186 3153 3229 se
3182 3187 3284 3243 pro
3310 3183 3465 3230 tanto

1881 3262 2153 3319 beneficio
2196 3264 2473 3319 retribuit.

1949 3354 2075 3410 245.
2117 3356 2285 3426 Virgo
2318 3354 2589 3426 quzedam,
2640 3356 2730 3412 cui
2772 3370 2974 3413 nomen
3000 3354 3313 3415 Theodosia
3336 3401 3351 3426 ,
3384 3364 3456 3416 ab

1882 3446 2240 3504 infestissimo
2282 3440 2530 3505 daemone
2559 3462 2701 3521 saepe
2729 3451 2809 3505 sic
2838 3460 3172 3523 oppugnata,
3200 3461 3262 3507 ut
3295 3454 3463 3509 etiam

1880 3536 1936 3591 in
1984 3550 2181 3607 aquam
2234 3553 2481 3608 praeceps
2529 3537 2781 3605 daretur,
2818 3540 3221 3611 imaginabatur
3262 3542 3367 3598 sibi
3403 3559 3464 3600 se

1878 3628 2068 3683 videre
2102 3640 2354 3684 sanctum
2393 3627 2744 3702 Symeonem,
2767 3640 3087 3688 evocantem
3120 3633 3268 3688 illam
3299 3634 3463 3690 domo

1880 3719 1974 3774 ubi
2024 3722 2302 3785 manebat,
2339 3721 2408 3775 ad
2451 3738 2509 3777 se
2540 3739 2556 3779 :
2587 3723 2913 3794 curavitque
2958 3724 3105 3793 quod
3138 3725 3377 3789 viderat,
3405 3736 3467 3781 ut

1878 3825 2046 3879 Opere
2091 3821 2506 3882 exsequeretur.
2554 3812 2693 3868 Cum
2729 3828 2862 3869 vero
2886 3816 2999 3885 jam
3028 3817 3219 3871 oculos
3251 3816 3307 3871 in
3334 3832 3465 3872 san-

1878 3911 2028 3957 ctum
2086 3903 2415 3971 intenderet,
2450 3903 2589 3962 vidit
2616 3908 2773 3977 quasi
2824 3907 3008 3979 fulgur
3048 3909 3270 3979 aliquod
3313 3910 3467 3966 absi-

1877 4004 2024 4049 stere
2059 4014 2089 4049 ει
2134 3997 2273 4050 facie
2320 3997 2440 4068 ejus
2488 3999 2803 4069 :malignns
2849 4009 3031 4056 autem
3079 4002 3308 4071 spiritus
3355 4003 3467 4059 late

1878 4088 2062 4141 omnia
2122 4090 2361 4143 tumultu
2415 4106 2478 4145 ac
2521 4091 2917 4147 vociferatione
2964 4094 3281 4163 complevit,
3321 4094 3468 4151 ferre

1879 4179 2151 4249 nequiens
2205 4182 2523 4251 propiorem
2581 4183 2686 4238 viri
2746 4185 2921 4240 sancti
2990 4200 3349 4257 congressum
3407 4197 3467 4243 et

1877 4270 2109 4341 gratiam
2160 4271 2401 4343 Spiritus
2443 4275 2655 4341 sancti;
2700 4276 2794 4331 sed
2833 4277 3139 4332 conabatur
3174 4280 3304 4335 totis
3336 4279 3468 4334 viri-

1879 4362 1985 4417 bus
2034 4362 2163 4418 inde
2213 4364 2432 4436 longius
2486 4365 2771 4436 aufugero.
2830 4368 2969 4422 Tum
3004 4370 3179 4440 virgo,
3229 4371 3382 4425 velut
3433 4386 3466 4425 a

1880 4455 2137 4510 sensibus
2196 4456 2455 4523 abducta,
2508 4459 2861 4529 conspicatur
2892 4471 3164 4526 sanctum,
3209 4462 3465 4533 injicien-

186 4550 455 4623 περιϐολὴ
476 4550 531 4605 δὲ
552 4552 631 4624 τῷ
664 4555 804 4626 ἁγίῳ
835 4556 949 4625 φῶς
980 4551 1049 4628 ἦν
1077 4556 1173 4611 καὶ
1204 4558 1470 4627 στέφανος
1500 4560 1642 4631 ὑπὲρ
1675 4578 1769 4613 κε-

1883 4556 1989 4601 tem
2011 4546 2247 4603 daemoni
2275 4550 2494 4604 vincula
2517 4567 2529 4603 :
2563 4561 2681 4605 erat
2705 4560 2888 4606 autem
2918 4553 3152 4608 amictus
3173 4554 3293 4607 viro
3319 4563 3466 4609 totus

184 4642 388 4712 φαλῆς,
424 4642 515 4695 ἐπὶ
541 4644 598 4697 δὲ
629 4644 707 4715 τῷ
734 4646 983 4715 στεφάνῳ
1014 4647 1266 4718 σταυρὸς,
1294 4643 1406 4712 οἷος
1434 4649 1598 4704 αὐτὸν
1630 4652 1658 4703 6
1686 4650 1775 4704 λό-

184 4753 286 4805 γος
314 4736 605 4806 προλαϐὼν
631 4736 889 4807 ἔγραψεν.
926 4739 998 4790 ’Ἡ
1024 4741 1125 4809 τῆς
1155 4742 1219 4793 ἐκ
1248 4740 1342 4793 τοῦ
1372 4742 1622 4813 δαίμονος
1652 4744 1774 4797 τότε

183 4828 394 4892 μανίας
420 4828 815 4897 ἀπαλλαγεῖσα,
850 4830 1048 4900 σεμνόν
1069 4848 1129 4884 τε
1150 4834 1243 4885 καὶ
1274 4832 1529 4905 σώφρονα
1552 4836 1668 4907 βίον
1687 4834 1776 4891 διὰ

183 4921 379 4985 τέλους
421 4921 571 4986 ἐϐίω,
609 4922 813 4991 ταύτην
850 4920 971 4993 Θεῷ
1008 4925 1101 4977 καὶ
1146 4924 1224 4995 τῷ
1276 4927 1499 4997 Συμεὼν
1539 4928 1774 5000 ἀμοιϐὴν

185 5012 711 5081 ἀντεισενεγκοῦσα·
839 5015 934 5067 καὶ
971 5014 1160 5079 νυκτὸς
1202 5017 1400 5087 ὄνειροι
1440 5018 1532 5071 τοῦ
1585 5021 1774 5073 λοιποῦ

187 5106 433 5176 συνεχῶς
466 5104 778 5176 ἐχαρίζοντο
808 5107 1107 5177 φαντασίαν
1141 5109 1334 5178 ὂψεως,
1368 5112 1504 5182 αὐτῇ
1550 5112 1644 5165 τοῦ
1677 5114 1775 5164 Συ-

188 5197 341 5269 μεὼν
369 5199 677 5263 ἐνδιδόντες,
706 5202 771 5270 τῇ
800 5200 918 5270 ὕψει
950 5202 1006 5255 δὲ
1036 5200 1353 5271 παραδόξως
1382 5205 1474 5256 καὶ
1502 5202 1649 5266 θείας
1684 5205 1774 5257 εύ-

186 5291 360 5355 ωδίας
382 5293 792 5364 παρεπομένης.

240 5540 243 5541 ν
266 5554 421 5619 σμς’.
454 5550 689 5603 Κάκεῖνο
716 5552 771 5605 δέ
797 5550 905 5606 τῶν
941 5560 1354 5628 προειρημένων
1389 5562 1487 5616 οὐκ
1514 5564 1733 5619 ἔλαττον
1758 5583 1769 5595 ·

200 5641 373 5710 Ἀνήρ
410 5659 495 5704 τις
536 5643 629 5696 τὸν
660 5642 847 5714 ἕτερον
882 5663 991 5698 των
1025 5648 1204 5702 ποδῶν
1233 5653 1461 5719 πολλοὺς
1503 5657 1603 5727 ἤδη
1646 5660 1775 5728 χρό-

185 5747 315 5793 νους
343 5734 854 5803 πεπυρωμένος,ὼς
882 5737 977 5789 καὶ
1000 5738 1190 5793 τούτου
1224 5748 1569 5801 παντάπασιν
1605 5749 1776 5822 ἀχρή-

188 5841 336 5888 στως
381 5824 523 5895 ἔχειν
568 5826 662 5879 καὶ
708 5829 1001 5899 ἀνονήτως,
1048 5831 1326 5907 ὑποζυγίῳ
1380 5841 1575 5914 φόρτος
1623 5845 1774 5915 παρὰ

440 5917 715 5980 ΡΔτιιοι..
755 5920 873 5981 Gn.
938 5922 1156 5983 LXXX
1172 5926 1272 5987 γι.

1880 4638 2120 4704 lucidus,
2157 4639 2211 4694 in
2240 4640 2419 4711 capite
2456 4657 2681 4706 corona,
2725 4658 2889 4711 supra
2917 4660 3083 4714 quam
3115 4656 3465 4702 sacrosancta

1878 4746 2043 4798 crux;
2070 4733 2288 4802 qualem
2314 4735 2492 4803 ipsum
2520 4752 2683 4805 supra
2710 4738 2890 4791 oratio
2917 4747 3106 4793 nostra
3132 4738 3459 4809 descripsit:

1877 4833 1933 4877 et
1969 4822 2161 4878 eodem
2195 4834 2440 4895 tempore
2481 4827 2749 4882 dicmonis
2799 4822 2991 4885 furore
3026 4830 3201 4885 libera
3248 4832 3369 4895 fuit,
3406 4841 3464 4885 et

1878 4926 2081 4971 castam
2110 4917 2462 4987 sobriamque
2494 4915 2682 4985 vitam,
2710 4922 2928 4990 qualem
2960 4921 3160 4977 deinde
3184 4921 3317 4993 egit,
3348 4924 3461 4978 Deo

1879 5019 2044 5078 atque
2102 5008 2360 5080 Symeoni
2400 5014 2864 5067 remunerationis
2913 5015 3035 5069 loco
3090 5015 3457 5069 consecravit.

1881 5100 1993 5153 llac
2024 5110 2209 5154 autem
2242 5099 2475 5156 durante
2511 5102 2741 5173 singulis
2775 5104 2890 5158 fere
2925 5106 3183 5161 noctibus
3233 5107 3463 5162 reduce-

1880 5193 2081 5247 bantur
2118 5208 2216 5262 per
2255 5193 2496 5262 quietem
2546 5196 2794 5264 ejusdem
2846 5199 3059 5267 species
3089 5197 3340 5261 visionis,
3370 5198 3461 5269 Sy-

1879 5300 2132 5340 meonem
2172 5288 2640 5355 rcpraescntantis,
2673 5289 3096 5360 cxhibentisque
3130 5290 3460 5343 beneficium

1882 5376 2171 5441 collatum;
2225 5388 2493 5447 sequente
2536 5380 2699 5433 etiam
2755 5379 3295 5450 rcprmsentationcm
3348 5395 3459 5433 non

1878 5478 2193 5537 exspectata
2235 5468 2425 5525 odoris
2475 5469 2647 5525 divini
2692 5472 3007 5541 fragrantia.
3352 5464 3355 5487 ⁵

1947 5563 2071 5617 246.
2116 5562 2254 5617 lllud
2290 5564 2530 5635 denique
2579 5567 2690 5636 jam
2727 5566 2889 5620 dictis
2940 5582 3050 5619 non
3080 5576 3165 5620 est
3204 5565 3458 5621 inferius.

1880 5653 1977 5708 Vir
2011 5655 2234 5723 quidam
2279 5656 2513 5711 alterum
2563 5657 2757 5726 pedem
2810 5656 3027 5712 diutino
3070 5666 3314 5728 tempore
3371 5659 3459 5713 in-

1880 5746 2215 5798 flammatum
2264 5762 2462 5815 gerens
2510 5750 2758 5818 nullique
2788 5750 3015 5804 omnino
3048 5750 3171 5803 usui
3228 5758 3458 5819 aptum;

1880 5841 2169 5897 dossuario
2196 5840 2505 5912 impositus,
2568 5842 2633 5897 ad
2666 5843 2842 5898 virum
2882 5855 3135 5900 sanctum
3192 5842 3460 5903 advectus
