4032 6544
577 412 711 478 3211

1773 413 1832 473 S.
1869 411 2248 474 SYMEONIS
2284 413 2320 475 Ι
2325 413 2646 476 UNlORIS

3685 420 3805 485 321?.

575 536 682 589 est,
706 522 905 578 aﬁ‘ecto
930 519 1081 591 pedi,
1115 526 1177 573 ut
1202 518 1482 589 sperabat,
1510 517 1761 574 levamen
1794 519 2019 589 aliquod
2048 521 2137 575 im«

2256 522 2348 575 τὸν
2377 522 2520 576 θεῖον
2543 523 2713 595 ἄνδρα
2729 522 2918 579 τοῦτον
2938 524 3195 596 ἀνήγετο,
3212 525 3353 580 ὥστε
3366 526 3513 589 τινὸς
3535 530 3706 598 τυχεῖν
3726 534 3806 586 ἐπὶ

574 624 914 687 petraturus.
936 612 1045 667 Sed
1060 612 1423 666 concussione
1444 610 1612 664 nimia
1634 610 1895 680 jumenti,
1922 612 1994 665 ita
2016 612 2156 667 alter

575 720 797 777 quoque
823 720 922 775 pes
947 703 1173 758 attritus
1197 712 1304 769 est,
1340 710 1403 758 ut
1422 702 1598 773 priori
1629 701 1838 767 dolore,
1886 703 1976 757 cui
2006 703 2156 757 leva-

578 814 705 853 men
725 796 1063 867 qutesiturus
1082 795 1365 861 veniebat,
1398 793 1807 849 intolerabilior
1845 808 2026 848 novus
2054 793 2155 848 do-

575 892 662 944 lor
697 890 863 944 foret.
900 888 1123 943 Positus
1157 887 1326 959 igitur
1359 895 1485 940 ante
1513 886 1848 949 columnam,
1877 900 2015 955 quas
2041 900 2153 939 non

576 979 760 1035 emisit
785 993 953 1034 voces
985 987 1080 1032 aut
1114 978 1299 1048 potius
1353 977 1533 1032 fontes
1577 976 1986 1049 lacrymarum?
2044 976 2155 1032 Ne-

576 1074 758 1128 sciens
784 1081 965 1125 utram
1018 1071 1175 1141 prius
1231 1077 1475 1141 gemeret
1529 1069 1917 1132 calamitatem,
1978 1069 2152 1139 magis

573 1162 740 1216 etiam
765 1160 989 1231 ignarus
1009 1159 1140 1229 quid
1172 1152 1391 1228 utrique
1420 1158 1763 1229 potissimum
1799 1158 2028 1213 remedii
2050 1158 2150 1212 ad—

576 1252 845 1307 hiberet:
905 1250 1002 1320 Qui
1040 1250 1191 1305 enim
1231 1249 1557 1317 nequiverat
1582 1249 1817 1303 tolerare
1841 1248 2148 1303 cruciatum

572 1344 843 1412 priorem,
894 1341 1068 1395 multo
1118 1340 1230 1410 jam
1259 1339 1569 1409 graviorem
1618 1339 1895 1394 sentiebat
1953 1354 2150 1393 secun-

572 1432 703 1486 dum
731 1448 746 1485 :
784 1428 1247 1499 quemadmodum
1278 1429 1544 1497 majorem
1564 1427 1763 1482 afferre
1782 1429 1870 1481 vel
1903 1428 2147 1481 dolorem

570 1521 657 1575 vel
683 1520 966 1590 gaudium,
998 1526 1161 1588 prout
1202 1517 1341 1572 forte
1365 1534 1453 1573 res
1483 1534 1542 1574 se
1579 1520 1863 1582 habuerit,
1914 1519 2004 1572 illa
2060 1535 2149 1572 so-

569 1616 685 1669 lent
713 1628 835 1682 qum
859 1617 986 1666 sunt
1014 1609 1338 1663 recentiora.
1363 1608 1501 1674 Quia
1544 1617 1728 1662 autem
1778 1609 1951 1661 altero
2009 1607 2147 1676 pede

567 1704 871 1775 aliquando
898 1710 1060 1757 utens
1089 1713 1288 1755 neutro
1315 1701 1739 1755 nuncinsistere
1784 1708 2025 1770 poterat,
2058 1698 2145 1753 in-

568 1797 872 1854 tolerabilis
894 1795 944 1849 ei
970 1795 1127 1848 dolor
1155 1792 1468 1859 videbatur,
1506 1808 1681 1861 eoque
1712 1792 1933 1861 gravior
1974 1790 2143 1860 quod,

2261 611 2341 683 τῷ
2363 613 2483 665 ποδὶ
2503 613 2822 684 θεραπείας.
2839 615 3296 687 Ἀποσεισαμένου
3317 617 3376 671 δὲ
3402 618 3643 689 σφοδρῶς
3667 622 3805 676 αὑτὸν

2265 702 2359 756 τοῦ
2390 704 2712 773 ὑποζυγίου,
2748 705 3063 778 σύντριμμα
3099 708 3193 762 καὶ
3222 708 3315 761 τὸν
3342 709 3531 780 ἓτερον
3572 711 3805 779 ἐγεγόνει,

2262 790 2338 855 ὡς
2367 790 2506 846 εἶναι
2530 793 2624 846 τοῦ
2650 795 2917 866 προτέρου
2946 796 3172 862 πάθους,
3196 791 3257 851 οὗ
3283 798 3445 868 χάριν
3464 798 3805 869 ἀνεκομίζετο,

2261 884 2587 954 πικρότερον
2617 884 2679 938 τὸ
2711 887 2908 958 παρόν.
2951 887 3176 941 Τιθέασι
3205 888 3387 943 τοίνυν
3416 889 3581 942 αὐτὸν
3610 891 3707 960 πρὸ
3730 893 3806 947 τοῦ

2260 974 2475 1039 στύλου,
2507 976 2657 1040 τίνας
2681 977 2782 1030 οὐκ
2807 978 3035 1046 ἀφιέντα
3062 978 3266 1049 φωνὰς,
3288 980 3323 1051 ἢ
3354 979 3608 1051 δακρύων
3639 983 3809 1052 μᾶλλον

2261 1067 2474 1136 πηγάς;
2503 1068 2773 1139 προτέραν
2804 1071 2903 1124 οὐκ
2941 1069 3133 1139 ἔχοντα
3166 1071 3404 1141 ποτέραν
3444 1072 3699 1142 πενθήσει
3721 1076 3807 1128 τῶν

2263 1160 2578 1230 συμφορῶν,
2639 1163 2839 1230 μᾶλλον
2883 1163 2940 1216 δὲ
2992 1163 3045 1215 τί
3081 1181 3211 1216 ποτε
3256 1164 3367 1233 ἄρα
3404 1167 3545 1235 πρὶς
3580 1168 3810 1237 ἑκατέραν

2260 1250 2437 1322 ἑαυτῷ
2479 1250 2776 1322 χρήσεται·
2815 1255 2976 1308 ὁπότε
3006 1253 3105 1325 τὴν
3132 1256 3408 1326 προτέραν
3445 1258 3507 1310 οὺ
3547 1257 3810 1328 δυνάμενος

2259 1342 2463 1413 φέρειν,
2525 1342 2800 1414 βαρυτέρᾳ
2832 1346 3069 1416 κέχρητο
3123 1346 3302 1417 πολλῷ
3342 1350 3408 1418 τῇ
3451 1348 3810 1422 δευτέρᾳ,ὃσῳ

2258 1432 2353 1484 καὶ
2399 1432 2564 1487 πλέον
2592 1428 2803 1498 λυπεῖν,
2840 1435 2872 1503 ἢ
2913 1435 3076 1488 πάλιν
3116 1436 3428 1506 εὐφραίνειν
3468 1438 3735 1508 ὁποτέρως
3755 1440 3811 1493 ἂν

2256 1522 2448 1591 ἔχοντα
2492 1525 2667 1595 τύχοι,
2716 1528 2787 1578 τὰ
2826 1526 3065 1595 νεώτερα
3096 1523 3258 1580 οἶδεν.
3310 1526 3500 1581 Ὁπότε
3541 1528 3601 1580 δὲ
3639 1530 3811 1596 μᾶλλον

2255 1614 2350 1666 καὶ
2395 1614 2606 1685 θατέρῳ
2651 1618 2763 1669 τοῖν
2790 1616 2967 1670 ποδοῖν
3002 1616 3306 1688 χρώμενος,
3345 1618 3404 1671 οὐ
3438 1620 3691 1688 φορητῶς
3717 1617 3812 1690 εἶχε

2253 1704 2348 1757 τοῦ
2388 1705 2612 1772 πάθους,
2672 1707 2953 1779 μηδετέρῳ
3012 1707 3108 1763 νῦν
3154 1709 3373 1763 δύναιτο
3414 1709 3693 1780 χρῆσθαι·
3736 1712 3813 1764 καὶ

2254 1798 2282 1850 ὅ
2305 1815 2367 1865 γε
2399 1799 2560 1852 πάλιν
2589 1800 2908 1870 δεινότερον,
2945 1801 3029 1853 ὃτι
3058 1801 3147 1856 διὰ
3174 1802 3235 1853 τὸ
3263 1802 3364 1872 τὴν
3394 1802 3673 1873 προτέραν
3699 1803 3815 1856 ἀποο

569 1892 701 1946 dum
735 1889 831 1943 uni
868 1888 1162 1943 calamitati
1189 1886 1472 1957 quaerebat
1516 1886 1786 1949 levamen,
1842 1884 2137 1939 secundam

2245 1887 2431 1939 θέσθαι
2480 1889 2574 1939 καὶ
2622 1891 2655 1956 ἡ
2705 1888 2934 1958 δευτέρα
2967 1890 3339 1957 προστέθειτο.
3381 1889 3575 1944 Ταῦτα
3630 1891 3717 1944 καὶ
3756 1891 3813 1945 τὰ

579 1982 906 2038 incurrerit.
936 1981 1075 2035 Dum
1126 1980 1242 2033 haec
1276 1987 1333 2033 et
1392 1978 1480 2031 bis
1534 1977 1736 2032 similia
1788 1974 2147 2031 acerbissime

568 2077 905 2131 lamentatur
936 2073 1102 2125 homo
1133 2070 1224 2125 ille
1256 2110 1270 2134 ,
1304 2068 1632 2124 existimans
1653 2067 1893 2139 Symeon
1937 2080 2146 2135 nequa—

568 2182 733 2241 quam
768 2181 889 2221 esse
914 2163 1275 2219 humanitatis
1301 2177 1414 2217 suae
1464 2161 1643 2230 ipsum
1699 2158 2009 2228 despicere,
2059 2171 2148 2211 sa-

567 2268 888 2317 erosanetas
919 2271 1115 2312 manus
1144 2270 1274 2309 suas
1306 2270 1408 2324 pro
1446 2253 1541 2307 illo
1570 2252 1637 2306 ad
1690 2252 1861 2307 Deum
1890 2250 2055 2314 tollit,
2092 2258 2147 2303 et

566 2352 753 2409 statim
779 2349 924 2421 (quis
954 2358 1124 2412 tuam,
1177 2346 1411 2401 Domine
1462 2345 1615 2409 Jesu,
1663 2342 1966 2414 potentiam
2013 2345 2151 2398 cele-

566 2440 750 2510 bret?)
774 2438 1044 2507 ambobus
1067 2435 1305 2507 pedibus
1335 2436 1408 2489 ita
1427 2433 1671 2488 extensis
1686 2449 1750 2489 ac
1770 2434 1816 2488 si
1845 2433 2145 2489 multorum

566 2531 827 2585 manibus
882 2527 1117 2584 extracti
1150 2526 1408 2590 fuissent,
1456 2532 1686 2594 repente
1734 2524 1791 2578 in
1844 2533 2145 2593 conspectu

570 2622 842 2685 omnium,
881 2618 1392 2677 commiserantium
1426 2632 1491 2673 ac
1548 2618 1713 2673 simul
1742 2615 2072 2679 dolentium,
2112 2629 2145 2670 e

568 2726 717 2770 terra
740 2728 992 2784 surgens,
1023 2709 1363 2765 conﬁrmatis
1389 2708 1625 2777 pedibus
1648 2716 1795 2761 recte
1826 2707 2138 2762 incedebat.

2244 1975 2470 2029 τοιαῦτα
2516 1977 2729 2047 πικρῶς
2771 1977 3119 2047 ὀδυρόμενον,
3154 1979 3421 2048 περιιδεῖν
3451 1980 3812 2051 φιλάνθρωπον

2245 2062 2497 2133 οὐδαμῶς
2530 2066 2559 2117 ὁ
2603 2064 2746 2127 θεῖος
2780 2062 3005 2134 Συμεὼν
3030 2067 3151 2120 οὐδὲ
3184 2068 3470 2138 συμπαθὲς
3503 2069 3809 2139 ἡγούμενος,

2243 2157 2395 2219 ὁσίας
2424 2157 2563 2228 ὑπὲρ
2595 2156 2762 2210 αὐτοῦ
2803 2156 2923 2227 Θεῷ
2948 2160 3136 2227 χεῖρας
3164 2159 3335 2231 αἴρει,
3366 2161 3461 2214 καὶ⁵
3488 2165 3809 2233 παραχρῆμα

2249 2248 2355 2316 (τίς
2382 2265 2475 2300 σου
2499 2250 2597 2312 τὰς
2616 2250 2957 2315 δυναστείας,
2992 2252 3217 2319 Χριστὲ,
3248 2253 3573 2324 διηγήσεται
3590 2255 3642 2327 ;’)
3664 2256 3811 2310 καθα-

2248 2358 2353 2411 περ
2386 2342 2491 2393 ὑπὸ
2528 2341 2766 2412 πλήθους
2792 2342 2990 2412 χειρῶν
3017 2344 3306 2408 ἑλκόντων,
3348 2344 3523 2410 οὕτως
3556 2349 3701 2419 αὐτῷ
3725 2366 3809 2402 πο-

2245 2432 2352 2484 δῶν
2386 2432 2666 2502 ἑκατέρων
2698 2433 3078 2500 διαταθέντων,
3124 2436 3321 2505 ἀθρόον
3360 2438 3456 2491 τοῦ
3499 2440 3728 2509 ἐδάφους
3761 2443 3809 2494 έν

2246 2522 2545 2592 ὀφθαλμοῖς
2580 2524 2855 2586 ἁπάντων.
2883 2528 2994 2588 τοῖς
3027 2526 3176 2595 αὐτῷ
3206 2527 3298 2579 καὶ
3329 2530 3711 2598 συμπάσχουσι
3732 2529 3811 2584 καὶ

2250 2610 2596 2680 συναλγοῦσι,
2627 2612 2940 2681 διαναστὰς,
2986 2615 3124 2686 ὀρθὰ
3159 2616 3360 2686 βαίνων
3406 2615 3499 2683 ἦν.
3551 2621 3646 2675 καὶ⁵
3674 2620 3811 2676 ποσὶν

2248 2706 2581 2776 ἐρρωμένοις
2616 2705 2919 2775 χρώμενος.

1971 2820 2197 2876 CAPUT
2239 2820 2434 2876 XXXI.

1703 2932 1928 2986 Sanctus
1978 2934 2148 2986 sancti
2181 2931 2456 3005 Symeonis
2504 2936 2697 2991 obitus.

632 3056 760 3112 257.
801 3054 1041 3122 Tempus
1095 3051 1200 3105 viri
1256 3049 1428 3106 sancti
1481 3050 1745 3106 miracula
1796 3057 2134 3113 narrantem,

565 3147 717 3218 prius
745 3143 967 3198 deﬁciet
1004 3157 1170 3211 quam
1192 3140 1309 3195 haec
1351 3141 1491 3209 ipsa,
1547 3139 1593 3193 si
1661 3137 1847 3192 omnia
1906 3137 2135 3192 voluero

2316 3050 2460 3122 σμζκ
2500 3052 2799 3124 Ἐπιλείψει
2834 3072 2901 3124 με
2962 3056 3096 3126 πρὸς
3127 3057 3381 3129 διήγησιν
3428 3058 3543 3114 τῶν
3592 3061 3686 3115 τοῦ
3729 3061 3812 3119 ἀν-

2244 3140 2368 3212 δρὸς
2396 3141 2715 3209 θαυμασίων
2736 3147 2764 3198 ὁ
2797 3148 3009 3215 χρόνος,
3042 3148 3073 3219 ἢ
3104 3150 3276 3202 ταῦτα
3303 3151 3529 3221 μᾶλλον,
3564 3155 3615 3207 εί
3656 3157 3810 3210 πάντα

562 3215 940 3310 particulatim
966 3248 1282 3297 recensere,
1319 3247 1440 3301 qua:
1474 3231 1560 3286 vel
1592 3232 1772 3301 palam
1821 3240 1877 3286 et
1926 3230 2137 3297 multis,

2244 3232 2385 3287 κατὰ
2439 3236 2606 3305 μέρος
2651 3215 3086 3308 ἀπαριθμεῖσθαι
3122 3215 3438 3313 βουλοίμην,
3474 3215 3534 3300 οὗ
3567 3246 3637 3299 τὰ
3675 3252 3807 3319 κοινῇ

565 3331 652 3387 vel
671 3345 793 3401 qua:
819 3327 1077 3398 privatim
1108 3333 1164 3378 et
1195 3324 1427 3395 singulis
1463 3323 1603 3378 facta
1625 3333 1787 3377 sunt:
1816 3340 1941 3379 cum
1971 3324 2139 3378 etiam

561 3431 685 3493 post
710 3421 924 3474 obitum
964 3418 1113 3472 illius
1144 3414 1417 3488 prodigia,
1468 3415 1797 3485 perennium
1838 3415 2137 3469 ﬂuviorum

564 3516 752 3568 fontes
798 3510 1098 3574 imitantia,
1132 3508 1187 3560 in
1236 3505 1568 3560 hodiernum
1611 3520 1784 3575 usque
1833 3505 1976 3559 diem
2013 3519 2140 3575 per-

560 3605 784 3668 durent,
811 3615 986 3671 eaque
1009 3608 1120 3653 tam
1150 3598 1393 3669 copiosa,
1424 3604 1487 3651 ut
1510 3613 1633 3668 quae
1660 3597 2137 3666 pratcrmittimus

558 3714 671 3753 non
723 3695 985 3768 pauciora
1026 3694 1140 3748 sint
1170 3707 1335 3762 quam
1378 3706 1500 3761 qua:
1553 3691 1865 3746 retulimus.
1944 3690 2014 3745 Ut
2065 3706 2135 3744 ne

559 3793 745 3862 itaque
776 3785 1091 3859 adjicienda
1120 3785 1281 3855 plura
1329 3785 1639 3838 satietatem
1682 3781 1995 3852 legentibus
2036 3792 2133 3836 aut

558 3880 1010 3952 defatigationem
1072 3877 1413 3947 ingeramus,
1476 3889 1540 3928 ac
1572 3873 1732 3927 multi
1778 3873 1946 3927 etiam
2001 3888 2134 3942 pro-

556 3984 679 4045 pter
695 3971 1132 4045 magnitudinem
1160 3968 1473 4024 detrectent
1509 3965 1711 4019 librum
1749 3965 1962 4035 legere;
1995 3980 2133 4033 pra:-

557 4075 842 4122 tereuntes
865 4061 1087 4118 silentio
1109 4076 1232 4132 qua:
1257 4059 1522 4129 deinceps
1545 4056 1901 4128 contigerunt
1948 4057 2132 4111 omnia

556 4159 783 4227 (quanta
825 4153 1040 4210 scilicet
1069 4166 1569 4221 energumenorum
1602 4158 1714 4202 tum
1739 4147 1983 4201 virorum
2014 4155 2132 4200 tum

553 4250 1129 4317 mulierum;quanta
1182 4243 1633 4313 hydropicorum,
1684 4239 2134 4309 paralyticorum-

554 4339 958 4410 quemanibus,
997 4336 1253 4406 pedibus,
1306 4332 1484 4386 oculis
1546 4340 1868 4399 captorum;
1924 4339 2127 4401 quanta

553 4432 675 4488 aliis
698 4430 986 4486 doloribus
1019 4444 1083 4484 ac
1115 4423 1533 4481 infirmitatibus
1585 4439 1901 4494 pressorum
1968 4423 2127 4476 turba

2243 3323 2340 3375 καὶ
2371 3324 2453 3386 είς
2492 3324 2723 3390 πολλοὺς
2760 3327 2943 3397 μόνον,
2976 3328 3112 3383 ἀλλὰ
3144 3332 3239 3384 καὶ
3271 3331 3341 3384 τὰ
3371 3333 3709 3389 καθέκαστον
3729 3340 3810 3390 καὶ

2245 3414 2351 3487 ἰδίᾳ
2380 3417 2723 3487 γεγενημένα
2754 3435 2768 3450 ·
2821 3422 2982 3474 ὁπότε
3029 3423 3123 3477 καὶ
3153 3425 3290 3493 μετὰ
3320 3425 3474 3489 τέλος
3510 3428 3662 3500 αὐτῷ
3701 3431 3807 3484 dare

2241 3508 2402 3572 νάους
2449 3511 2706 3581 ποταμῶν
2736 3512 2813 3575 είς
2842 3512 3002 3584 δεῦρο
3030 3515 3097 3568 τὰ
3146 3515 3400 3587 θαύματα
3446 3524 3699 3590 μιμεῖται
3719 3540 3807 3590 πη-

2238 3600 2362 3669 γὰς,
2389 3600 2464 3665 ὡς
2507 3599 2646 3656 εἶναι
2686 3604 2795 3656 τῶν
2824 3605 3138 3675 εἰρημένων
3166 3609 3266 3662 οὐκ
3298 3610 3508 3664 ἐλάττω
3537 3612 3609 3665 τὰ
3638 3629 3807 3683 παρει-

2241 3694 2615 3764 μένα.⁹’1νόῧν
2668 3698 2743 3767 μὴ
2784 3698 2955 3751 πλείω
3002 3701 3348 3771 προσθέντες,
3385 3704 3485 3773 οὐχ
3520 3704 3670 3768 ὅπως
3708 3706 3805 3767 τοῖς

2235 3785 2667 3853 ἀναγινώσκουσι
2683 3789 2865 3859 κόρον,
2882 3791 3015 3843 ἀλλὰ
3034 3793 3125 3844 καὶ
3142 3793 3387 3864 κάματον
3403 3796 3805 3869 ὲμποιήσωμεν,

2235 3877 2283 3929 oi
2309 3877 2492 3931 mlle).
2521 3880 2578 3932 δὲ
2607 3880 2699 3934 καὶ
2752 3882 2889 3952 πρὸς
2915 3882 2976 3936 τὸ
3008 3884 3234 3953 μέγεθος
3274 3887 3699 3959 ἀπαγορεύσωσι
3725 3887 3804 3941 τοῦ

2237 3967 2441 4038 βιϐλίου
2468 3971 2535 4022 τὰ
2564 3972 2764 4039 μεταξὺ
2794 3973 2975 4028 πάντα
3005 3977 3294 4047 παρέντες,
3323 3980 3448 4031 ὅσον
3482 3981 3635 4052 αὐτῷ
3655 3980 3805 4050 δηλα-

2233 4060 2296 4131 δὴ
2350 4063 2444 4116 καὶ
2484 4063 2614 4118 ἄλλο
2642 4064 3042 4136 δαιμονῶντων,
3078 4070 3177 4122 οὐκ
3229 4070 3439 4141 ἀνδρῶν
3474 4072 3639 4141 μόνον
3686 4073 3804 4127 ἀλλὰ

2233 4150 2325 4202 καὶ
2380 4152 2654 4218 γυναικῶν
2702 4156 3035 4228 προσαχθείη
3064 4157 3289 4229 πλῆθος,
3323 4161 3450 4213 ὅσον
3485 4162 3803 4233 ὐδεριὼντων

2232 4243 2326 4295 καὶ
2371 4246 2741 4315 παρειμένων,
2787 4248 2847 4301 οὐ
2902 4249 3008 4320 μὴν
3064 4250 3199 4305 ἀλλὰ
3245 4252 3338 4305 καὶ
3387 4254 3669 4325 χεῖρας,ῆ
3714 4253 3802 4305 ςτό-

2230 4335 2346 4399 δας,
2374 4338 2407 4406 ἦ
2441 4340 2535 4391 καὶ
2585 4340 2891 4410 ὀφθαλμοὺς
2946 4345 3136 4415 πηρῶν
3164 4386 3179 4409 ,
3211 4346 3333 4399 ὅσον
3382 4365 3441 4400 τε
3486 4348 3683 4400 πάθεσι
3721 4348 3802 4399 καὶ

2231 4433 2530 4500 νοσήμασιν
2562 4434 2770 4503 ἑτέροις
2799 4434 3156 4504 πιεζομένων,
3183 4437 3274 4489 καὶ
3303 4438 3433 4509 παρ’
3463 4437 3630 4491 αὑτοῦ
3657 4438 3802 4507 θερα-

554 4524 621 4581 ad
651 4525 831 4595 ipsum
883 4522 1068 4585 allata,
1111 4528 1278 4589 atque
1331 4515 1773 4572 incolumitatem
1828 4524 2125 4569 consecuta

2243 4517 2389 4569 πείαν
2444 4522 2849 4591 κομισαμένων,
2884 4523 2960 4593 τῷ
2990 4526 3084 4594 τῆς
3127 4527 3410 4599 παρούσης
3438 4528 3607 4581 αὐτοῦ
3633 4527 3773 4597 ζωῆς

555 4622 626 4677 sit
644 4622 706 4690 !),
729 4636 853 4675 cum
882 4625 1028 4672 meta
1052 4617 1179 4671 vitae
1204 4615 1352 4670 illius
1377 4612 1661 4684 praesentis
1686 4619 1884 4666 metam
1908 4625 2128 4680 quoque

553 4708 848 4779 scriptioni
883 4706 1133 4777 ﬁgamus.

621 4800 747 4856 248.
773 4797 1054 4870 Agebatur
1075 4797 1241 4867 igitur
1266 4805 1491 4851 sanctus
1537 4794 1775 4864 Symeon
1800 4794 1912 4865 jam
1961 4790 2125 4862 quin-

551 4901 669 4947 tum
704 4888 814 4960 (64)
856 4903 1024 4958 supra
1063 4886 1527 4958 septuagesimum
1557 4885 1733 4940 aetatis
1751 4900 1862 4939 sua:
1892 4897 2123 4946 annum,

550 4979 810 5052 quintum
831 4994 968 5034 vero
1027 4993 1195 5048 supra
1223 4976 1731 5047 quadragesimum,
1787 4991 1855 5029 ex
1904 4990 2014 5045 quo
2067 4964 2122 5027 in

550 5071 789 5127 maxima
840 5070 952 5142 (65)
974 5077 1139 5139 atque
1190 5076 1467 5138 postrema
1533 5068 1788 5122 columna
1854 5073 2113 5129 steterat,

548 5180 675 5221 cum
706 5178 737 5219 a
768 5162 1025 5218 familiari
1083 5161 1278 5230 angelo
1326 5161 1534 5214 certior
1587 5160 1765 5214 factus
1817 5158 2121 5228 appropin—

548 5257 774 5329 quantis
799 5255 905 5311 sibi
931 5255 1057 5308 vitae
1088 5256 1270 5308 exitus
1293 5298 1306 5319 ,
1348 5255 1402 5310 id
1434 5254 1611 5323 ipsum
1665 5253 1981 5307 convocatis
2040 5249 2124 5303 di-

547 5349 797 5420 scipulis,
824 5348 1025 5405 acerbo
1057 5347 1375 5402 dolentibus
1435 5362 1712 5411 sermone,
1768 5343 2116 5413 signiﬁcavit.

531 5441 686 5497 "l‘um
708 5457 844 5499 vero
866 5441 1039 5495 multa
1065 5440 1133 5495 de
1173 5440 1561 5494 mandatorum
1591 5436 1909 5492 divinorum
1939 5436 2121 5490 obser-

542 5535 788 5603 vatione,
819 5534 888 5590 de
940 5532 1235 5589 concordia
1260 5541 1313 5587 et
1336 5531 1604 5585 eharitate
1645 5540 1858 5595 mutua,
1888 5527 1957 5583 de
1996 5543 2122 5598 pro-

623 5692 737 5764 (64)
765 5690 861 5764 _Sic
888 5691 1018 5764 anni
1047 5690 1117 5745 45
1144 5691 1201 5743 in
1232 5690 1329 5764 hac
1367 5688 1601 5764 maxima
1638 5685 1906 5764 columna,
1946 5684 2012 5764 ιο
2055 5686 2112 5739 in

544 5756 729 5827 σῶοί
757 5762 791 5816 8
839 5763 896 5816 in
933 5760 1184 5814 columna
1223 5759 1411 5830 pedum
1449 5757 1833 5829 quadraginta,
1869 5756 1901 5809 6
1950 5757 2004 5809 in
2028 5772 2114 5809 co-

546 5835 730 5889 lumna
756 5832 1003 5902 prima,i
1050 5832 1107 5886 in
1147 5830 1464 5885 monasterio
1499 5835 1626 5884 ante
1673 5842 2008 5882 conscensum
2034 5843 2116 5882 co-

2232 4607 2373 4660 τέλει
2406 4608 2677 4679 τὸνλόγον
2711 4616 3211 4686 συγκαταλύσομεν.

2301 4797 2447 4861 σμη’.
2488 4784 2596 4844 Ἦν
2630 4792 2738 4860 γὰρ
2767 4790 2915 4860 αὐτῷ
2946 4794 3044 4861 τῆς
3081 4791 3296 4860 ἡλικίας
3350 4795 3468 4857 ἔτος
3506 4797 3607 4867 ἤδη
3662 4796 3797 4867 πέμ-

2232 4898 2365 4934 πτον
2402 4882 2496 4934 ἐπὶ
2527 4884 2638 4946 τοῖς
2663 4882 3059 4953 ἑϐδομήκοντα,
3085 4883 3185 4953 τῆς
3212 4884 3256 4936 δ’
3278 4886 3370 4938 ἐπὶ
3414 4887 3509 4939 τοῦ
3545 4890 3793 4957 μεγίστου

2228 4974 2322 5027 καὶ
2383 4974 2698 5027 τελευταίου
2750 4975 2943 5028 στύλον
2999 4976 3242 5039 στάσεως
3286 4978 3540 5047 πέμπτον
3571 4979 3665 5030 ἐπὶ
3692 4982 3795 5040 τοῖς

2225 5066 2634 5135 τεσσαράκοντα
2666 5082 2680 5097 ο
2710 5066 2803 5119 τοῦ
2837 5066 3085 5120 συνοίκου
3118 5067 3436 5139 Πνεύματος
3482 5072 3795 5139 ἐγγίζουσαν

2222 5155 2372 5225 αὐτῷ
2392 5157 2490 5227 τὴν
2507 5158 2769 5228 ἐκδημίαν
2789 5158 2887 5228 ήδη
2915 5158 3304 5230 γνωρίσαντος,
3321 5161 3663 5228 συγκαλέσας
3681 5163 3795 5220 tua;

2226 5248 2497 5320 μαθητὰς,
2525 5249 2622 5302 καὶ
2669 5249 2872 5319 ταύτην
2912 5250 3076 5303 πάλιν
3122 5252 3331 5315 ἐκεῖνος
3367 5254 3551 5316 αὐτοῖς
3598 5255 3795 5323 πικρᾶς

2223 5342 2441 5412 ἐκείνης
2488 5342 2752 5409 ἀγγελίας
2808 5342 3078 5413 μηνύσας,
3108 5345 3202 5396 καὶ
3259 5344 3427 5398 πολλὰ
3479 5346 3576 5415 μὲν
3612 5347 3790 5404 αὐτοῖς

2224 5434 2353 5504 περὶ
2380 5435 2481 5504 τῆς
2510 5434 2619 5487 τῶν
2652 5433 2812 5487 θείων
2845 5434 3076 5488 ἐντολῶν
3102 5435 3373 5507 φυλακῆς,
3402 5437 3498 5491 καὶ
3520 5438 3599 5502 είς
3628 5438 3789 5505 ἀλλή-

2221 5528 2327 5589 λως
2356 5528 2631 5597 ὁμονοίας,
2662 5528 2758 5580 καὶ
2789 5526 2889 5598 τῆς
2921 5528 3002 5592 είς
3028 5528 3125 5582 τὸν
3155 5528 3387 5599 πλησίον
3419 5529 3643 5600 ἀγάπης
3671 5529 3785 5581 δια-

2220 5684 2480 5749 Inmnam,
2515 5681 2549 5736 5
2582 5684 2638 5737 in
2692 5682 2846 5736 domo
2885 5691 3114 5753 paterna
3178 5685 3471 5754 transacti,
3512 5698 3789 5739 numerum

2219 5759 2355 5810 hunc
2384 5754 2477 5825 75η
2507 5769 2772 5825 annorum
2794 5755 3012 5825 preciae
3042 5755 3331 5825 contplent.

2291 5824 2403 5896 (65)
2434 5823 2765 5914 Ergo'altior
2782 5822 3022 5909 ξίιιίιιέθ
3038 5822 3272 5909 pedibus.
