4032 6546
213 450 356 515 3213

1227 449 1398 510 VITA
1435 447 1483 506 Α
1519 443 1959 509 NICEPHORO
2000 441 2486 508 CONSCRIPTA.

3328 444 3471 512 3214

212 560 450 634 λεχθεὶς,
483 559 652 616 πολλά
677 559 736 614 δέ
763 558 1096 632 πειρασμῶν
1139 559 1269 630 περὶ
1302 559 1582 628 ὑπομονῆς
1608 572 1808 628 παραι-

1916 556 2178 611 rimorum
2232 557 2528 614 dilectione
2599 568 2724 614 cum
2783 554 2919 629 ipsis
2968 557 3225 622 locutus,
3280 560 3471 615 multis

214 652 401 717 νέσας,
429 653 582 718 τέλος
605 653 744 724 ὅπερ
767 653 964 715 αὐτοὺς
983 651 1100 723 ᾔδει
1122 651 1314 722 μαθεῖν
1342 649 1717 720 βουλομένους,
1735 649 1800 702 οὐ

215 744 557 816 θαρροῦντας
601 745 658 798 δὲ
691 745 790 815 τὴν
809 743 1103 815 ἐρώτησιν,
1122 744 1270 805 ὅπως
1297 742 1582 812 ἅνθρωπος
1607 739 1686 794 ὢν
1701 741 1801 794 οὐκ

213 835 581 905 ἀνθρωπίνοις
632 836 825 901 σιτίοις
881 835 1160 908 ἐτρέφετο,
1200 832 1360 890 τοῦτο
1413 833 1599 895 αὐτοῖς
1643 831 1798 900 φιλο-

215 925 464 998 στόργως
495 926 888 992 ἀνακαλύπτει,
926 927 1014 982 ἵνα
1063 925 1265 996 μᾶλλον
1309 921 1512 985 αὐτοὺς
1551 920 1802 976 ἐντεῦθεν

212 1018 572 1091 οίκοδομήσῃ,
601 1020 699 1074 καὶ
734 1018 989 1091 μείζονας
1013 1019 1201 1082 αὐτοῖς
1239 1018 1326 1081 είς
1356 1015 1494 1070 Θεὸν
1541 1013 1802 1087 ὑποτείνῃ

215 1109 462 1176 ἐλπίδας.

295 1290 440 1360 σμθ¹.
486 1290 626 1359 Ἐγὼ
648 1290 780 1362 γὰρ,
811 1292 996 1360 φησιν,
1032 1284 1078 1344 ὧ
1106 1292 1275 1346 τέκνα
1321 1290 1418 1345 καὶ
1446 1288 1688 1358 ἀδελφοὶ,
1713 1286 1801 1340 ῖνα

219 1384 357 1454 μηδὲ
381 1382 412 1436 ὃ
447 1383 665 1436 ποθεῖτε
708 1383 838 1453 ὑμῖν
867 1381 1277 1455 ἀποκρύψωμαι
1307 1381 1558 1454 (συνίημι
1585 1380 1695 1451 γὰρ
1722 1378 1802 1449 τῷ

214 1473 497 1545 Πνεύματι
552 1474 649 1528 καὶ
681 1473 1014 1529 σιωπώντων
1064 1473 1262 1546 ὑμῶν),
1289 1472 1500 1528 πολλῶν
1528 1472 1625 1526 τοῦ
1665 1470 1801 1525 Θεοῦ

216 1565 315 1618 καὶ
345 1565 601 1636 μεγάλων
636 1565 994 1637 εὐεργεσιῶν,
1025 1565 1121 1620 τοῦ
1150 1565 1594 1636 ἀντιλαδομινου
1611 1580 1714 1634 μου
1735 1563 1802 1616 ἐκ

216 1657 454 1728 γαστρὸς
503 1657 711 1728 μητρός
767 1675 870 1728 μου
909 1658 987 1722 ὡς
1029 1657 1149 1712 οὐδὲ
1195 1658 1324 1728 ὑμῖν
1365 1658 1514 1710 ἐστιν
1562 1657 1799 1724 ἀγνοεῖν,

217 1749 558 1817 ἀπολαύσας,
579 1751 660 1804 ἔτι
688 1750 962 1804 καὶτοῦτο
993 1751 1203 1822 μακρὸς
1231 1749 1333 1822 ἤδη
1362 1749 1552 1820 χρόνος
1575 1747 1636 1812 ἐξ
1674 1749 1800 1801 ὅτου

215 1841 318 1911 τῆς
351 1841 688 1913 ἀγαθότητος
712 1841 880 1896 αὑτοῦ
907 1842 1179 1912 δεηθείην,
1208 1841 1519 1907 ἀπαλλάξαι
1573 1857 1641 1910 με
1689 1838 1798 1893 τῶν

215 1934 314 1989 τοῦ
363 1934 555 1999 αίῶνος
606 1935 801 1988 τούτου
856 1934 1183 2006 βρωμάτιον.
1224 1933 1391 1988 Ἀλλά
1417 1932 1546 1996 πῶς
1594 1949 1688 1985 σου
1731 1932 1799 1984 τὰ

217 2026 369 2096 ἐλὲη,
395 2027 620 2096 Χριστέ,
648 2027 743 2082 καὶ
769 2025 868 2098 τὴν
891 2026 1262 2097 χρηστότητα,
1287 2027 1353 2098 ἢν
1391 2026 1656 2096 ἐποιήσας
1678 2025 1800 2077 τότε

219 2115 362 2186 μετά
391 2115 485 2169 τοῦ
525 2115 713 2170 δούλου
745 2133 838 2168 σου
886 2115 1270 2186 διηγήσομαι;
1313 2114 1562 2168 Ἐδόκουν
1589 2112 1716 2168 τινὰ
1739 2112 1805 2166 τδ

218 2205 412 2276 σχῆμα
453 2207 550 2260 καὶ
582 2203 682 2277 τὴν
725 2205 994 2277 ἀναϐολὴν
1023 2207 1192 2277 ίερέα,
1225 2205 1342 2274 φῶς
1365 2205 1556 2275 ὥσπερ
1588 2204 1803 2274 ἱμάτιον

217 2297 539 2352 ἐνδεδυκότα
594 2300 748 2369 ὁρᾷν,
781 2297 975 2362 σκεῦός
1028 2314 1088 2349 τε
1138 2296 1216 2366 τῷ
1258 2297 1414 2367 ἀνδρὶ
1457 2295 1598 2348 θεῖον
1647 2290 1716 2366 ἦν
1745 2294 1804 2345 ὲν

217 2392 421 2461 χεροῖν,
455 2391 550 2442 καὶ
602 2389 670 2443 δι’
699 2390 867 2460 ἀέρος
899 2385 990 2443 οἷα
1039 2389 1361 2460 φερόμενος,
1395 2388 1616 2456 ἐγένετο
1667 2387 1806 2455 πρός

222 2499 293 2553 με
322 2497 341 2513 ·
377 2482 406 2535 ὃ
439 2500 494 2535 τι
539 2483 636 2553 μὲν
667 2479 759 2538 οὖν
800 2483 1184 2536 ὲναποτέθειτο
1215 2481 1294 2552 τῷ
1331 2480 1542 2548 σκεύει,
1574 2480 1804 2552 φράζειν

220 2573 324 2628 οὐκ
362 2573 492 2644 ἔχω,
529 2574 701 2637 οὕτως
731 2575 1047 2647 ἀπόρρητόν
1092 2593 1143 2628 τι
1174 2575 1267 2627 καὶ
1296 2573 1513 2644 ἥδιστον
1548 2573 1647 2625 οὐκ
1680 2571 1806 2624 ἰδεῖν

223 2665 408 2736 μόνον,
439 2664 576 2719 ἀλλά
611 2666 706 2719 καὶ
729 2665 1032 2734 γεύσασθαι
1061 2661 1150 2737 ἦν.
1196 2667 1255 2718 '0
1279 2665 1336 2718 δὲ
1369 2667 1436 2733 τῇ
1467 2663 1646 2717 λαδίδι
1683 2663 1806 2730 τρὶς

224 2757 390 2827 ἐνῆκέ
420 2774 521 2829 μου
567 2756 647 2828 τῷ
691 2759 943 2828 στόματι.
993 2758 1084 2822 Ἐξ
1115 2757 1324 2811 ἐκείνου
1349 2757 1527 2810 τοίνυν
1553 2755 1682 2824 ἄχρι
1711 2753 1805 2806 καὶ

222 2849 320 2904 νῦν
345 2849 535 2920 ἑώρων
566 2849 729 2902 αὑτὸν
773 2849 1014 2919 ἑκάστης
1044 2848 1331 2919 Κυριακῆς
1363 2845 1502 2915 μετά
1529 2844 1628 2915 τὴν
1656 2843 1807 2896 θείαν

223 2943 593 3015 λειτουργίαν,
630 2944 730 3015 τῆς
751 2943 1008 3013 τοιαύτης
1039 2941 1396 3014 μεταλήψεως
1423 2938 1686 3004 ἀξιοῦντά
1715 2956 1803 3008 με,

221 3038 348 3108 ἥτις
386 3039 493 3103 ἕως
528 3038 607 3100 είς
633 3036 734 3108 τὴν
773 3025 1030 3090 ἐπιοῦσαν
1079 3035 1235 3100 αὖθις
1290 3034 1575 3105 Κυριακὴν
1619 3034 1808 3102 στήρι-

222 3125 346 3197 γμά
381 3143 474 3196 μοι
498 3126 728 3195 καρδίας
751 3126 980 3194 ἐγίνετο.
1017 3127 1082 3180 Ὀ
1111 3127 1211 3194 μὲν
1254 3124 1348 3178 οὖν
1377 3122 1688 3197 ἀπόρρητόν
1720 3139 1810 3192 μοι

224 3220 367 3292 πρὸς
421 3221 586 3290 ὑμᾶς,
621 3219 688 3273 τὰ
741 3221 850 3289 ὲμά
903 3218 1090 3283 τέκνα,
1126 3218 1197 3271 τὰ
1244 3217 1354 3287 ἐμὰ
1393 3216 1551 3287 μὲλη,
1587 3215 1656 3268 τὰ
1697 3213 1808 3284 ἐμὰ
1837 3247 1882 3308 c

229 3314 518 3384 σπλάγχνα
570 3308 662 3384 ἦν,
693 3311 852 3365 τοῦτό
906 3311 1077 3372 ἐστιν,
1106 3309 1134 3361 ὃ
1193 3308 1288 3361 καὶ
1350 3307 1556 3377 σφόδρα
1611 3305 1809 3374 διψῶσι

231 3407 432 3479 μαθεῖν
488 3403 800 3474 ὲξεκάλυψα
825 3419 839 3432 ο
882 3403 950 3455 τά
981 3401 1025 3454 δ’
1046 3400 1204 3464 ἄλλα,
1237 3399 1396 3469 ὑμεῖς
1423 3399 1541 3450 ῐστε
1603 3396 1699 3449 καὶ
1729 3396 1807 3448 δι-

229 3497 516 3569 ηγεῐσθαι,
545 3497 596 3550 οἱ
619 3494 714 3550 καὶ
752 3491 1298 3564 παρηκολουθηκότες
1349 3505 1450 3559 μου
1483 3490 1548 3558 τῇ
1592 3487 1809 3556 ἀγωγῇ.

226 3591 325 3644 καὶ
350 3587 802 3658 συνδιαφέροντές
838 3603 930 3656 μοι
958 3584 1088 3647 τοὺς
1134 3581 1543 3652 πνευματικοὺς
1570 3579 1809 3647 ἀγῶνας,

227 3685 326 3737 καὶ
354 3684 642 3746 κοινωνίας
672 3699 770 3736 του
798 3678 942 3734 κατὰ
969 3678 1103 3730 Θεὸν
1131 3675 1247 3746 βίου
1275 3673 1636 3743 γεγενημένοι
1666 3687 1681 3703 ο
1728 3663 1813 3732 οἷς

227 3776 330 3840 τὰς
356 3776 495 3846 ἐμάς
540 3773 894 3846 παραδόσεις,
923 3771 1016 3826 τὸν
1058 3769 1258 3823 κανόνα
1296 3763 1813 3837 παρακατατίθεμαι

229 3867 326 3922 τὸν
349 3868 502 3938 ἐμὸν,
529 3869 740 3936 ταύτην
765 3863 1002 3936 ἀμοιϐὴν
1016 3861 1198 3916 αὐτῶν
1219 3860 1350 3930 παρ’
1370 3858 1542 3929 ὑμῶν,
1561 3857 1616 3910 εἴ
1635 3873 1688 3909 τι
1703 3855 1815 3908 τῶν

234 3959 369 4028 περὶ
407 3959 551 4028 ὑμᾶς
573 3957 676 4010 οὐκ
699 3954 1066 4026 ἀμνημονεῖτέ
1101 3969 1202 4024 μου
1231 3952 1435 4016 πόνων,
1456 3948 1524 4002 ῖν⁹
1547 3947 1816 4020 ἀκεραίαν

235 4067 330 4122 μοι
384 4050 496 4121 τὴν,
541 4047 1016 4120 παρακαταθήκην
1064 4044 1343 4115 τηρήσητε
1369 4040 1462 4093 διά
1491 4038 1697 4100 τέλους,
1723 4036 1818 4088 καὶ

233 4145 314 4207 ὡς
368 4143 506 4212 ἐμοῦ
560 4141 832 4212 παρόντος
885 4140 977 4193 καὶ
1032 4135 1173 4208 μετά
1227 4134 1381 4196 τέλος
1446 4131 1577 4202 ὑμῖν
1639 4129 1817 4182 πάντα

231 4235 452 4305 ποιῆτε,
478 4234 574 4286 καὶ
601 4233 678 4294 ὡς
705 4233 762 4284 ὲν
783 4229 1084 4300 ὀφθαλμοῖς
1107 4228 1260 4298 ἐμοῖς
1290 4225 1386 4278 καὶ
1408 4223 1522 4294 βίον
1543 4222 1638 4276 καὶ
1660 4220 1820 4288 λόγον

232 4329 331 4381 καὶ
362 4326 560 4395 πρᾶξιν
583 4326 672 4377 ἀεὶ
715 4321 1094 4389 ἀπευθύνητε·
1142 4318 1368 4389 γνωριεῖ
1391 4315 1448 4369 δὲ
1482 4312 1666 4383 σαφῶς
1693 4313 1820 4382 ὑμῖν

229 4421 361 4482 τοὺς
413 4417 664 4472 ἐντεῦθεν
717 4415 986 4486 καρποὺς,
1019 4413 1105 4466 ῐνα
1151 4411 1226 4482 μὴ
1275 4407 1486 4480 μακρὸν
1533 4407 1644 4473 ἐγὼ
1693 4405 1821 4476 περὶ

228 4509 429 4564 τούτου
450 4509 548 4563 νῦν
569 4508 839 4560 ἀππείνω
861 4505 1041 4573 λόγον,
1067 4505 1102 4569 ἠ
1133 4501 1344 4571 μεγάλη
1375 4501 1472 4570 τῆς
1494 4496 1824 4566 ἐπιφανείας

1901 647 2068 702 etiam
2119 647 2344 704 eosdem
2391 648 2644 704 hortatus
2671 650 2742 704 ad
2804 649 3152 706 tolerantiam
3204 651 3471 706 tcntatio-

1901 755 2072 794 num:
2103 741 2346 807 tandem,
2407 741 2554 811 quod
2608 743 2721 814 jam
2767 753 3098 813 cognoverat
3160 744 3472 817 intelligere

1903 831 2032 887 illos
2078 830 2354 902 imprimis
2384 831 2552 900 velle,
2600 835 2697 890 sed
2742 851 2853 891 non
2915 852 3080 893 ausos
3119 838 3471 908 percontari,

1901 923 2182 994 quomodo
2223 925 2361 996 ipse,
2416 927 2584 983 homo
2635 943 2762 984 cum
2819 938 2986 995 esset,
3032 931 3294 988 humanis
3334 931 3476 987 cibis

1902 1031 2015 1072 non
2069 1029 2394 1074 vesceretur
2422 1061 2437 1086 ,
2487 1030 2842 1092 peramanter
2892 1023 3141 1092 aperuit,
3192 1035 3254 1078 ut
3303 1021 3478 1094 magis

1902 1108 2035 1164 hinc
2060 1109 2488 1179 ediﬂcarentur,
2531 1122 2587 1169 et
2613 1113 2917 1169 firmiorem
2939 1115 2995 1169 in
3039 1114 3153 1170 Deo
3198 1129 3351 1186 spem
3379 1131 3478 1186 po-

1903 1211 2117 1258 nerent.

1971 1295 2098 1353 249.
2137 1295 2273 1370 Ego,
2307 1298 2508 1368 inquit,
2545 1312 2579 1353 o
2617 1297 2715 1352 lilii
2758 1312 2822 1353 ac
2855 1296 3055 1352 fratres
3083 1299 3215 1364 mei,
3244 1307 3305 1353 ut
3337 1298 3476 1354 nihil

1903 1401 2096 1443 eorum
2125 1404 2248 1458 quae
2285 1390 2426 1444 scire
2455 1389 2656 1458 cupitis
2691 1403 2787 1444 vos
2813 1389 2987 1444 celem
3019 1387 3168 1460 (novi
3197 1389 3345 1444 enim
3369 1389 3480 1460 spia

1903 1477 2037 1540 ritu,
2065 1478 2224 1533 vobis
2265 1477 2431 1533 etiam
2461 1477 2792 1544 tacentibus,
2825 1476 2958 1548 quid
2989 1476 3270 1547 cupiatis),
3292 1476 3480 1532 multis

1903 1577 1960 1623 et
1990 1569 2203 1639 magnis
2245 1569 2365 1633 Dei,
2413 1584 2481 1624 ex
2515 1569 2706 1623 matris
2739 1576 2900 1623 utero
2936 1582 3025 1622 me
3067 1567 3479 1638 prterenientis,

1903 1659 2047 1715 sicut
2082 1668 2140 1715 et
2183 1659 2287 1730 ipsi
2334 1661 2528 1726 nostis,
2568 1659 2851 1715 beneﬁciis
2891 1659 3096 1714 fruitus
3127 1672 3289 1726 sum;
3344 1658 3480 1714 illud

1901 1750 2068 1805 etiam
2094 1766 2124 1806 a
2155 1751 2329 1806 multo
2348 1751 2460 1821 jam
2487 1758 2732 1820 tempore
2757 1749 3061 1805 bonitatem
3090 1747 3239 1803 illius
3269 1747 3478 1818 rogavi,

1903 1853 2025 1900 uta
2069 1845 2398 1899 necessitate
2448 1844 2703 1900 sumendi
2752 1843 3058 1913 corporalis
3101 1842 3212 1898 cibi
3249 1857 3337 1897 mc
3367 1841 3483 1897 exi‘

1903 1940 2102 1989 meret.
2130 1933 2336 1989 Verum
2378 1935 2678 2004 quomodo,
2714 1934 2943 1988 Domine
2969 1932 3121 1996 Jesu,
3167 1933 3480 1987 misericor-

1905 2021 2054 2080 dia'm
2082 2035 2141 2080 et
2190 2027 2499 2082 bonitatem
2531 2036 2702 2091 tuam,
2735 2041 2900 2096 quam
2943 2025 3124 2082 fecisti
3161 2033 3292 2080 tunc
3322 2037 3483 2080 servo

1907 2125 2022 2181 tuo,
2053 2118 2368 2173 enarrabo?
2395 2117 2632 2174 Videbar
2663 2115 2986 2187 conspicere
3014 2117 3328 2186 quemdam,
3360 2131 3485 2185 spe-

1905 2209 1990 2264 cie
2040 2219 2204 2279 atque
2256 2211 2460 2265 amictu
2523 2211 2893 2275 sacerdotem,
2947 2208 3129 2264 lucida
3186 2208 3332 2262 nube
3381 2222 3483 2277 pro

1903 2300 2237 2354 vestimento
2294 2301 2732 2367 circumdatum,
2777 2317 2874 2357 vas
2937 2301 3212 2372 quoddam
3264 2314 3484 2353 sacrum

1904 2400 2206 2461 gestantem
2257 2393 2534 2458 manibus,
2605 2395 2700 2464 qui
2751 2410 2849 2464 per
2884 2409 3069 2449 aerem
3113 2393 3348 2454 delatus,
3391 2405 3486 2447 ve-

1905 2483 2094 2538 niebat
2145 2483 2212 2539 ad
2262 2500 2384 2551 me;
2427 2485 2564 2540 illud
2615 2497 2800 2542 autem
2851 2485 2997 2556 quod
3048 2499 3177 2539 vase
3233 2483 3487 2539 contine-

1906 2574 2090 2640 batur,
2137 2576 2322 2646 eloqui
2366 2593 2476 2630 non
2524 2592 2747 2646 possum
2780 2577 2939 2646 quale
2969 2576 3172 2641 fuerit;
3216 2575 3356 2630 adeo
3395 2590 3486 2628 ar-

1907 2682 2106 2720 canum
2130 2669 2260 2737 quid
2291 2684 2354 2722 ac
2399 2683 2567 2723 suave
2603 2680 2740 2734 erat,
2772 2684 2881 2722 non
2916 2668 3080 2721 modo
3119 2667 3263 2732 visu,
3294 2681 3487 2720 verum

1907 2757 2072 2811 etiam
2118 2767 2362 2827 gustatu.
2416 2758 2545 2812 lude
2577 2759 2662 2812 vir
2716 2759 2807 2813 ille
2862 2759 3165 2828 pauxillum
3213 2758 3491 2827 accipiens

1909 2849 1964 2902 in
1999 2849 2273 2904 cochleari
2307 2858 2390 2903 ter
2417 2849 2709 2904 instillavit
2735 2849 2817 2903 ori
2847 2865 2972 2904 meo
3003 2865 3017 2902 :
3043 2857 3098 2903 et
3128 2864 3194 2904 ex
3228 2848 3320 2902 illo
3355 2857 3494 2902 tem—

1909 2958 2042 3012 pore
2097 2957 2270 3012 usque
2301 2944 2354 2996 in
2385 2957 2629 3012 praesens
2671 2942 2785 2998 vidi
2833 2943 2986 2996 illum
3021 2941 3268 3012 qualibet
3304 2941 3494 2996 Domi-

1909 3031 2032 3086 nica
2079 3032 2189 3094 die,
2241 3032 2392 3085 [inita
2440 3047 2596 3087 sacra
2660 3031 2883 3101 liturgia
2918 3073 2932 3096 ,
2977 3032 3141 3085 simili
3192 3031 3493 3086 refectione

1911 3138 2000 3178 me
2047 3123 2398 3193 dignantem;
2427 3138 2533 3190 qua
2561 3122 2617 3175 in
2653 3122 2994 3177 Dominicam
3026 3121 3225 3176 iterum
3254 3137 3495 3190 sequen—

1917 3225 2025 3268 tem
2071 3214 2445 3270 coufortabar.
2487 3215 2666 3284 Atque
2715 3213 2818 3267 hoc
2853 3213 2989 3268 illud
3037 3223 3141 3278 cst,
3191 3214 3338 3282 quod
3372 3229 3492 3278 vos,

1915 3307 2059 3362 ﬁlios
2099 3322 2272 3371 meos,
2306 3307 2556 3361 membra
2599 3322 2742 3373 mea,
2787 3306 3001 3361 viscera
3048 3322 3190 3370 mea,
3227 3307 3499 3361 hactenus

1914 3399 2120 3463 celavi;
2155 3398 2413 3468 quodque
2451 3399 2564 3468 jam
2617 3397 2892 3452 declaravi
2932 3398 3180 3468 impense
3218 3399 3498 3469 cupienti-

1913 3490 2018 3544 bus
2039 3490 2203 3544 scire.
2226 3489 2439 3544 Caetera
2467 3504 2568 3558 per
2582 3503 2680 3543 vos
2710 3489 2813 3558 ipsi
2841 3489 2996 3543 scitis
3016 3497 3072 3543 et
3097 3504 3321 3544 narrare
3347 3499 3501 3559 pote-

1915 3578 2036 3641 stis,
2068 3579 2162 3648 qui
2199 3577 2508 3634 institutam
2546 3595 2576 3633 a
2617 3595 2704 3634 me
2733 3579 2956 3633 vivendi
3003 3581 3275 3636 rationem
3306 3582 3499 3637 sectati

1915 3671 2070 3735 estis,
2102 3672 2198 3740 qui
2227 3671 2536 3741 spiritualia
2578 3671 2805 3727 certatis
2838 3687 3052 3728 mecum
3083 3675 3408 3738 certamina,
3445 3683 3504 3730 et

1917 3762 1974 3817 in
2016 3763 2298 3817 communi
2339 3778 2638 3819 consonant
2686 3763 2893 3820 divinis
2936 3765 3224 3835 praeceptis
3267 3766 3504 3822 duxistis

1917 3855 2086 3910 vitam
2123 3873 2137 3908 :
2172 3856 2375 3926 quibus
2400 3871 2553 3911 nunc
2576 3871 2795 3928 quoque
2835 3857 3232 3928 praeceptiones
3263 3873 3413 3912 meas
3447 3867 3504 3914 et

1919 3947 2165 4016 regulam
2209 3947 2539 4002 commendo
2583 3947 2738 4019 (66),
2785 3948 2919 4003 illud
2966 3949 3433 4004 remunerationis
3470 3965 3500 4004 a

1918 4039 2078 4096 vobis
2096 4040 2402 4110 postulans,
2427 4041 2472 4096 si
2501 4040 2754 4096 laborum
2774 4057 2914 4112 quos
2931 4042 3112 4098 subivi
3135 4049 3314 4098 vestra
3338 4058 3503 4098 causa

1922 4133 2273 4190 immemores
2302 4151 2412 4190 nou
2461 4136 2616 4201 estis,
2656 4141 2718 4190 ut
2764 4136 3192 4192 constitutiones
3220 4152 3370 4191 meas
3422 4137 3505 4190 in.-

1924 4232 2076 4295 tegre
2101 4241 2274 4295 usque
2309 4225 2364 4281 in
2389 4227 2550 4282 linem
2577 4218 2846 4284 servetis:
2874 4237 3002 4297 peto
3022 4228 3188 4282 etiam
3218 4234 3280 4283 ut
3314 4243 3504 4298 quem-

1924 4317 2220 4372 admodum
2278 4333 2366 4374 me
2402 4329 2674 4389 pnescnte
2721 4321 2950 4385 fecistis,
3000 4321 3076 4376 ita
3118 4328 3243 4392 post
3290 4321 3502 4376 obitum

1924 4423 2143 4479 quoque
2192 4425 2374 4465 meum
2428 4423 2626 4467 cuncta
2663 4411 2844 4468 facere
2878 4415 3140 4485 pergatis,
3184 4430 3295 4470 non
3345 4429 3504 4469 secus

1925 4500 2116 4564 vitam,
2166 4517 2474 4567 sermones,
2513 4519 2679 4574 opera
2713 4515 2916 4569 vestra,
2947 4520 3111 4575 quam
3150 4505 3196 4560 si
3233 4520 3416 4560 coram
3450 4505 3507 4558 in

231 4603 423 4673 ⁴ἡμέρα
458 4600 554 4653 καὶ
582 4601 654 4653 τὰ
682 4601 898 4669 ἑκάστῳ
921 4599 1043 4649 τότε
1073 4591 1466 4664 ταμιευόμενα,
1494 4591 1544 4642 εί
1593 4592 1814 4644 ἀνεπαι-

1925 4603 2224 4663 conspectu
2251 4610 2374 4649 meo
2403 4595 2789 4660 versaremini,
2815 4595 3137 4666 dirigentes.
3169 4596 3358 4663 Qualis
3381 4595 3506 4652 inde

236 4693 487 4765 σχύντως
517 4695 634 4746 ἐκεῖ
657 4689 1099 4762 παρασταίημεν.

1921 4684 2134 4740 fructus
2187 4695 2430 4752 maneat,
2487 4694 2551 4740 ut
2606 4686 2913 4757 longiorem
2962 4703 3064 4759 ego
3101 4688 3205 4744 hac
3247 4703 3416 4758 super
3450 4701 3509 4739 re

233 4786 548 4842 orationem
577 4799 690 4838 non
718 4791 919 4844 texam,
951 4776 1412 4834 commonstrabit
1443 4774 1604 4830 vobis
1643 4773 1932 4830 manifeste
1997 4776 2117 4832 dies
2181 4777 2273 4832 illa
2315 4776 2775 4853 manifestationis
2822 4793 3040 4848 magna,
3109 4786 3166 4832 et
3210 4792 3332 4846 qua:
3382 4777 3510 4831 uni-

230 4878 437 4948 cuique
481 4884 614 4931 tunc
653 4872 891 4944 reposita
921 4879 1069 4934 sunt,
1107 4868 1154 4924 si
1183 4867 1398 4923 confusi
1430 4865 1544 4920 illic
1571 4863 1927 4920 astiterimus.
3527 4865 3530 4868 ‘

309 4975 410 5022 σν¹.
442 4968 630 5020 Ταῦτα
675 4967 788 5028 τοῖς
823 4962 1092 5034 μαθηταῖς
1141 4962 1236 5015 καὶ
1285 4959 1454 5012 πλείω
1501 4955 1762 5026 διαλεχθετ
1775 4971 1824 5017 ς,

235 5059 559 5120 τελευταίας
590 5075 650 5111 τε
680 5057 886 5120 ταύτας
913 5056 1100 5117 αὐτοῖς
1125 5051 1230 5124 πρὸ
1257 5052 1357 5121 τῆς
1387 5047 1654 5118 ἐκδημίας
1682 5047 1830 5099 ἐντο.

235 5153 338 5217 λάς
377 5150 690 5222 ἐπισκήψας
717 5151 792 5220 (εἴ
825 5167 890 5219 γε
918 5149 1000 5201 δεῖ
1036 5146 1220 5202 καλεῖν
1251 5142 1515 5213 ἐκδημίαν
1535 5181 1550 5206 ,
1589 5139 1725 5195 ἀλλὰ
1757 5142 1834 5210 μὴ

239 5243 506 5299 ἀνάλυσιν
539 5242 761 5312 μᾶλλον,
805 5241 839 5312 ἢ
869 5237 1194 5312 πρόσληψιν,
1229 5235 1262 5307 ἦ
1305 5234 1618 5305 μετάθεσιν,
1650 5232 1684 5304 ἢ
1723 5233 1837 5286 διά-

240 5335 471 5406 6ασιν,ἢ
505 5336 642 5406 πρὸς
669 5334 736 5386 τὰ
769 5332 1080 5401 ποθούμενα
1109 5328 1356 5399 κλῆσιν),
1380 5327 1584 5396 δεκάτῃ
1617 5325 1674 5378 δὲ
1694 5324 1839 5378 κατά

315 5471 427 5543 (66)
449 5467 716 5543 Regulam
750 5467 847 5543 __hic
867 5483 972 5520 non
1006 5461 1572 5543 intelligascriptam,‘
1611 5457 1704 5543 sed
1733 5473 1830 5511 usu

243 5528 593 5612 “Emptoqu
635 5539 937 5612 traditam;
995 5552 1122 5588 nam
1161 5528 1405 5612 scriptae-1
1420 5528 1619 5612 regula:
1648 5543 1832 5612 pauca:

244 5599 579 5669 habebantur
624 5611 682 5664 in
727 5599 977 5671 Oriente;
1040 5621 1205 5675 neque
1236 5599 1750 5675 peculiarisregulw
1799 5614 1833 5652 a

245 5683 506 5756 Synteone
557 5681 757 5756 relicta:
796 5677 914 5756 alia
971 5672 1177 5756 uspiam
1221 5672 1416 5756 intentio
1447 5688 1465 5725 :
1518 5672 1616 5756 hoc
1654 5676 1837 5756 autern

248 5741 435 5825 primis
464 5748 1040 5825 monachismiswculis
1090 5746 1259 5825 magis
1309 5745 1468 5797 etiam
1512 5741 1836 5825 obtinuitnin

248 5807 433 5878 nostra
460 5821 758 5888 Occidente,
793 5827 1091 5890 antequam
1116 5807 1468 5890 conderentur
1492 5810 1697 5890 regulae
1735 5807 1833 5864 SS.

250 5893 518 5962 lant-itii,
549 5880 838 5958 Benedicti,
882 5880 1223 5952 columbarii,
1280 5883 1494 5954 quando
1542 5880 1836 5938 Cassianus

2000 4957 2128 5013 250.
2167 4957 2306 5013 Cum
2353 4959 2472 5013 lizec
2506 4966 2561 5014 et
2599 4974 2754 5028 plura
2786 4975 2912 5016 cum
2943 4959 3232 5030 discipulis
3264 4961 3512 5018 collocu—

1932 5060 2043 5115 tus,
2090 5066 2345 5120 suprema
2379 5060 2505 5106 ante
2541 5051 2751 5106 obitum
2790 5052 3048 5107 mandata
3073 5052 3207 5123 ipsis
3239 5055 3514 5126 injunxis-

1934 5151 2018 5197 set
2049 5141 2117 5207 (si
2155 5151 2335 5198 tamen
2369 5143 2554 5199 obitus
2593 5145 2686 5199 ille
2720 5143 2988 5200 dicendus
3027 5146 3118 5211 sit,
3149 5155 3206 5202 ct
3248 5164 3360 5202 non
3413 5165 3514 5219 po—

1937 5233 2049 5288 tius
2086 5235 2370 5301 resolutio,
2423 5243 2518 5290 aut
2563 5237 2888 5308 assumptio,
2922 5247 3019 5293 aut
3067 5239 3376 5306 translatio,
3422 5250 3518 5294 aut

1939 5326 2224 5390 transitus,
2257 5333 2352 5380 aut
2373 5329 2592 5383 vocatio
2620 5329 2687 5383 ad
2718 5328 2917 5399 gaudia
2943 5329 3516 5400 desiderata);decima

1940 5473 2004 5533 ea:
2039 5457 2270 5533 Αξθνριο
2312 5468 2674 5533 transgressus
2711 5463 2768 5517 in
2817 5461 3074 5533 Galliam,
3112 5464 3321 5533 scripsit
3348 5480 3404 5517 se
3446 5462 3521 5517 ibi

1933 5529 2299 5604 invenissetot
2327 5529 2542 5604 regulas
2569 5543 2705 5604 quot
2730 5534 2915 5598 cellas,
2947 5532 3002 5587 id
3046 5543 3121 5588 est
3158 5529 3483 5588 monasteria
3501 5570 3520 5599 ,

1935 5599 2535 5677 prout‘scilicethvisum
2566 5599 2742 5675 fuerat
2763 5605 3017 5677 cujusque
3065 5605 3371 5659 monasterii
3395 5604 3520 5675 [un-

1934 5670 2211 5745 datorilms
2235 5673 2519 5728 ordinare:
2545 5670 2595 5728 et
2627 5677 2764 5728 hanc
2787 5670 2938 5745 ειὶιρέ
2955 5673 3177 5745 legimus
3207 5677 3312 5730 dici
3356 5670 3524 5744 regu-

1934 5740 2050 5818 lam
2073 5752 2391 5818 sanctorum
2418 5745 2663 5808 Patrum,
2695 5746 2777 5798 cui
2812 5740 3178 5818 aliqséripta:
3202 5812 3209 5818 .
3230 5753 3409 5818 postea
3421 5740 3526 5818 '89-

1936 5812 2263 5889 perinductaz
2289 5814 2542 5889 fuerunt:
2570 5831 2672 5883 qua
2701 5819 2764 5868 de
2794 5829 2851 5868 re
2881 5810 3173 5886 aliquando
3202 5810 3422 5889 plenius
3459 5813 3521 5869 in

1937 5883 2032 5936 hoc
2054 5897 2211 5952 opere
2253 5884 2591 5938 tractabitur.
