4006 6508
526 400 669 466 3215

1730 396 1792 457 S.
1832 395 2210 459 SYMEONIS
2246 394 2607 458 JUNIORIS

3646 394 3793 461 3216

524 523 650 588 post
684 514 797 581 die,
831 527 1031 586 nempe
1056 520 1257 584 quarta
1291 520 1348 569 et
1388 512 1650 568 vicesima
1698 512 1909 569 mensis
1949 514 2109 567 Arte-

2229 512 2383 565 ταῦτα
2407 511 2616 582 ἡμέρᾳ,
2646 509 2884 585 τετάρτῃ
2910 510 3110 583 δηλαδὴ
3149 512 3246 568 καὶ
3274 512 3451 567 εἰκάδι
3470 512 3566 567 τοῦ
3594 516 3792 585 Ἀρτε-

527 609 685 664 mesii
735 608 872 678 (6'1),
904 619 1031 678 post
1055 605 1290 678 hymnos
1319 605 1669 675 vespertinos
1710 613 1766 660 et
1807 614 2105 660 consuetas

524 698 978 763 collaudationes,
1004 711 1131 753 cum
1157 710 1309 750 more
1337 710 1441 750 suo
1463 695 1731 749 fratribus
1760 710 1950 765 pacem
1982 710 2107 765 prec

526 797 682 845 catus
708 789 925 855 fuisset,
961 787 1219 857 spiritum
1253 785 1309 840 in
1352 801 1550 841 manus
1575 786 1674 841 Dei
1719 785 1967 841 suaviter
1995 798 2105 839 tra-

527 885 699 949 didit;
738 883 897 954 quasi
946 891 1266 951 assumptus
1294 879 1365 934 ab
1388 880 1485 935 illo
1503 888 1599 934 aut
1620 890 1883 935 evocatus
1911 893 2106 933 aman-

524 984 610 1030 ter
653 973 723 1029 ad
753 971 1146 1043 possidendum
1172 971 1286 1036 illa,
1333 985 1456 1041 qua:
1482 970 1587 1040 ipsi
1620 984 1838 1039 semper
1871 969 1926 1024 in
1960 969 2108 1025 votis

524 1077 690 1136 atque
729 1064 839 1137 jam
872 1063 1005 1118 olim
1030 1061 1496 1133 parataifuerant;
1525 1076 1757 1131 quaeque
1788 1076 1858 1116 ne
1885 1075 1983 1132 per
2008 1061 2108 1117 ob-

525 1172 717 1214 scuras
744 1155 970 1225 quidem
1010 1154 1222 1223 species
1257 1153 1328 1207 ab
1371 1153 1481 1207 ulla
1528 1167 1589 1207 re
1636 1159 1855 1206 terrena
1909 1150 2107 1206 adum-

525 1252 782 1305 brantur.
826 1247 899 1303 Et
939 1261 1089 1301 nunc
1132 1244 1355 1315 quidem
1402 1244 1529 1299 istic
1562 1251 1669 1308 est,
1702 1244 2107 1314 interceditque

524 1356 628 1411 pro
658 1339 822 1394 nobis
853 1345 1005 1393 tanto
1032 1337 1337 1407 potentius,
1382 1342 1591 1405 quanto
1634 1334 1896 1390 ﬁdentius
1941 1345 2109 1405 atque

526 1430 894 1503 propinquius
926 1444 1183 1484 :sacrum
1227 1442 1359 1483 vero
1386 1427 1536 1482 illius
1563 1442 1784 1497 corpus,
1825 1427 2110 1498 prodigio-

527 1538 652 1577 rum
692 1537 860 1592 penu,
887 1520 1049 1574 nobis
1081 1519 1338 1575 relictum
1375 1529 1496 1584 est;
1537 1518 1685 1573 unde
1722 1533 1943 1588 semper
1973 1518 2111 1574 hau-

528 1615 690 1681 ritur,
737 1612 835 1669 sed
874 1628 1157 1681 nunquam
1194 1626 1428 1666 vacuum
1470 1610 1949 1681 deprehenditur;
2000 1611 2112 1666 imo

527 1720 637 1776 quo
666 1704 791 1775 plus
818 1686 1148 1767 desumitur,
1180 1702 1289 1758 hoc
1312 1702 1486 1773 magis
1511 1702 1807 1773 impletur;
1833 1710 1890 1757 et
1912 1703 2108 1773 gratia,

528 1811 641 1852 non
668 1796 998 1867 corporibus
1027 1794 1193 1850 modo
1222 1795 1319 1849 sed
1352 1793 1552 1849 animis
1584 1809 1805 1865 quoque
1828 1795 2108 1861 salutaris,

2208 606 2392 678 μισίου
2442 603 2631 676 μηνὸς,
2671 604 2811 675 μετὰ
2851 604 2950 667 τὰς
2992 605 3306 676 ἐπιλυχνίας
3341 605 3506 676 ᾠδὰς,
3556 607 3650 659 καὶ
3690 609 3797 668 τὰς

2208 696 2455 769 συνήθεις
2505 694 2833 764 δοξολογίας,
2874 696 2969 749 καὶ
3007 695 3108 767 τὴν
3160 697 3237 760 ὼς
3282 695 3403 756 ἔθος
3450 696 3584 765 παρ’
3610 697 3798 759 αὐτοῖς

2203 790 2316 851 τοῖς
2345 788 2595 856 ἀδελφοῖς
2623 787 2907 859 διδομένην
2937 789 3181 859 εἰρήνην,
3207 789 3287 850 είς
3311 790 3502 857 χεῖρας
3532 787 3705 857 ἡδέως
3734 787 3800 840 τὸ

2206 879 2423 950 πνεῦμα
2466 878 2562 933 τοῦ
2604 879 2741 934 Θεοῦ
2787 881 3169 954 παρατίθεται,
3208 879 3465 951 καθάπερ
3507 880 3602 932 ὑπ’
3628 878 3797 932 αὑτοῦ

2208 972 2575 1045 προσληφθεὶς
2616 972 2651 1043 ἢ
2690 973 3053 1044 μετακληθεὶς
3078 972 3399 1042 φιλοτίμως,
3428 973 3518 1040 ἐφ’
3547 970 3587 1025 ἃ.
3613 971 3799 1025 ποθῶν

2206 1060 2275 1133 ἦν
2320 1064 2427 1133 ἀεὶ,
2471 1064 2567 1117 καὶ
2598 1063 2742 1134 ἆπερ
2777 1065 2844 1118 ἐκ
2881 1065 3125 1129 πλείονος
3157 1064 3307 1135 αύτῷ
3347 1064 3799 1135 παρεσκεύαστο,

2208 1157 2305 1211 καὶ
2344 1153 2419 1210 ῶν
2462 1156 2573 1210 οὐδ’
2602 1156 2832 1212 ἐνταῦθα
2888 1154 3033 1227 εἶχεν
3076 1158 3327 1227 ἀμυδρὰς
3363 1159 3467 1223 τὰς
3507 1158 3799 1229 ἐμφάσεις.

2210 1245 2322 1299 Καὶ
2349 1244 2444 1299 νῦν
2477 1246 2507 1299 ὁ
2537 1245 2638 1315 μέν
2665 1247 2816 1301 ἐστιν
2842 1248 2976 1312 ἐκεῖ,
3017 1246 3115 1311 τὰς
3141 1247 3284 1319 ὑπὲρ
3312 1248 3472 1319 ήμῶν
3502 1248 3804 1319 πρεσϐείας

2212 1338 2527 1409 προσάγων,
2562 1338 2658 1391 καὶ
2691 1339 2928 1409 τοσούτῳ
2962 1340 3180 1409 μᾶλλον,
3220 1342 3332 1411 ὅσῳ
3361 1340 3502 1411 μετὰ
3554 1341 3807 1410 μείζονος

2210 1427 2312 1497 τῆς
2364 1428 2679 1500 παρρησίας
2718 1429 2814 1482 καὶ
2846 1428 3091 1493 πλείονος
3131 1429 3233 1500 τῆς
3277 1431 3580 1501 ἐγγύτητος
3604 1446 3619 1459 °
3655 1431 3721 1481 τὸ
3747 1430 3805 1481 δέ

2210 1521 2401 1575 τούτου
2438 1520 2597 1591 σῶμα
2625 1522 2688 1573 τὸ
2722 1521 2887 1586 θεῖον,
2921 1521 3213 1591 θαυμάτων
3253 1521 3644 1574 ὑπολέλειπται
3672 1522 3809 1590 παρ’

2210 1614 2346 1683 ἡμῖν
2375 1615 2642 1683 ταμιεῖον,
2677 1612 2764 1665 ἀεὶ
2796 1613 2895 1682 μὲν
2934 1613 3378 1683 ἐξαντλούμενον,
3422 1613 3550 1666 οὐδέ
3584 1630 3720 1665 ποτε
3751 1613 3812 1666 δὲ

2214 1702 2570 1773 κενούμενον,
2605 1702 2723 1756 ἀλλ’
2775 1705 2888 1775 ὅσῳ
2941 1704 3104 1759 πλέον
3148 1704 3520 1777 λαμὸάνομεν,
3560 1704 3813 1774 τοσούτῳ

2218 1796 2421 1866 μᾶλλον
2449 1795 2850 1867 πληρούμενον,
2880 1797 2977 1852 καὶ¹
3012 1797 3110 1868 τὴν
3152 1798 3297 1853 ἴασιν
3326 1799 3387 1852 ού
3422 1798 3679 1868 σώματος
3712 1798 3815 1867 μό-

529 1861 1047 1959 Ιατςίιθτ-αὒυηᾶιιι
1072 1901 1092 1941 :
1124 1885 1178 1939 in
1210 1885 1431 1941 Christo
1455 1861 1852 1943 Iesu—Domino
1895 1897 2108 1955 nostro,

2229 1861 2309 1941 νον
2366 1887 2505 1942 ἀλλὰ
2546 1861 2879 1959 καὶῡψυχῆς
2924 1861 3285 1961 ὐπερὸλύζον,
3331 1893 3390 1943 ἐν
3429 1861 3651 1960 Χριστῷ
3701 1861 3812 1959 διη-

532 1993 641 2032 una
679 1991 805 2031 cum
839 1977 1002 2032 Patre
1039 1984 1096 2031 ct
1139 1983 1330 2030 sancto
1364 1975 1597 2045 Spiritu,
1628 1992 1780 2032 nunc
1806 1984 1864 2033 et
1893 1993 2115 2049 semper

520 2076 585 2124 et
629 2068 687 2123 in
729 2068 931 2123 saecula
968 2067 1319 2123 saeculorum.
1365 2065 1563 2125 Amen.

614 2318 717 2389 ‘67)
752 2318 1081 2374 Artemisius
1102 2318 1270 2389 mensi
1301 2317 1442 2389 Maio
1464 2324 1646 2389 nostra
1664 2314 1955 2389 respondet
1982 2333 2002 2372 :
2023 2333 2112 2372 cu-

527 2385 625 2461 jus
666 2385 776 2443 dies
816 2388 926 2461 24,
971 2405 1113 2461 anno
1145 2388 1262 2461 A59§
1313 2386 1567 2461 bissextili
1595 2428 1611 2454 ,
1652 2385 1882 2461 habente
1909 2385 2112 2461 litteras

532 2457 878 2516 dominicam
901 2459 966 2515 A.
988 2458 1056 2527 ϐ,
1079 2458 1178 2529 fuit
1211 2457 1369 2513 Feria
1394 2459 1463 2525 5;
1493 2460 1627 2514 adeo
1672 2466 1734 2514 ut
1773 2458 1974 2513 decima
2004 2457 2113 2515 dies

546 2919 643 3011 S.
749 2913 1364 3009 SYMEONIS

2224 1978 2318 2032 σοῦ
2352 1977 2428 2049 τῷ
2460 1978 2655 2052 Κυρίῳ
2707 1979 2889 2050 ἡμῶν,
2939 1980 3057 2050 ἅμα
3096 1980 3177 2050 τῷ
3215 1981 3390 2051 Πατρὶ
3429 1981 3522 2033 καὶ
3552 1981 3633 2048 τῷ
3662 1980 3815 2048 ἁγίῳ

2222 2069 2522 2141 Πνεύματι,
2554 2069 2652 2124 νῦν
2679 2070 2775 2124 καὶ
2813 2071 2903 2125 ἀεὶ
2933 2070 3026 2125 καὶ
3057 2073 3133 2135 είς
3162 2072 3289 2134 τοὺς
3320 2070 3523 2134 αἰῶνας
3542 2071 3655 2125 τῶν
3677 2071 3815 2126 uici:-

2221 2181 2353 2219 νων.
2398 2164 2595 2233 Ἀμήν.

2218 2326 2533 2391 antea,un
2563 2319 2814 2391 nuntium
2839 2322 3099 2390 proximw
3146 2322 3332 2375 mortis
3361 2322 3409 2375 ei
3452 2322 3683 2391 angelus
3730 2329 3814 2375 at-

2219 2385 2551 2461 tulit._fu'er_it
2575 2385 2876 2454 Dominica,
2906 2391 3120 2461 quando
3144 2392 3345 2447 solebat
3375 2385 3715 2449 refectionem
3748 2391 3815 2445 ιι

2221 2458 2410 2530 angelo
2440 2456 2668 2512 allatam
2692 2456 2922 2516 sumere;

1465 2913 2047 3010 EPISTOLA
2151 2916 2297 3005 AD
2401 2914 3015 3010 JUSTINUM
3118 2914 3803 3009 JUNIOREM.

1691 3110 1905 3182 (Labbc
1944 3106 2145 3171 Concil,
2182 3117 2223 3164 t.
2256 3106 2370 3178 γη,
2403 3123 2460 3180 p.
2488 3105 2643 3181 350.)

546 3449 731 3507 Sancti
771 3447 1046 3520 Symeonis
1082 3446 1440 3520 Columnalis,
1465 3451 1557 3520 qui
1587 3448 1921 3520 inllirabiﬁ
1952 3418 2149 3505 monte

620 3523 755 3591 fait,
800 3516 1023 3591 epistola
1075 3520 1262 3589 quinta
1317 3518 1387 3573 ad
1432 3516 1808 3591 imperatorem
1854 3519 2128 3577 Iustinum

618 3590 910 3646 Juniorem.

620 3702 755 3770 Quis
777 3701 949 3768 dabit,
963 3716 1182 3773 semper
1194 3702 1447 3782 Auguste.
1462 3710 1515 3756 et
1538 3701 1681 3759 bone
1704 3703 2136 3772 domine,oculis

552 3796 691 3852 meis
728 3794 908 3851 fontes
945 3794 1311 3866 lacrymarum
1354 3793 1425 3848 ad
1466 3793 1767 3865 lugendum
1802 3803 1858 3851 et
1889 3795 2133 3852 ﬂendum

555 3904 741 3945 amare
763 3896 821 3944 et
842 3886 1269 3943 intolerabiliter
1285 3885 1545 3941 omnibus
1561 3886 1759 3943 diebus
1777 3889 1994 3943 miserae
2010 3890 2137 3944 vitae

554 3994 691 4035 mea:
713 3979 845 4049 (Jer.
870 3978 980 4048 ix)?
1002 3976 1133 4048 quia
1163 3977 1266 4032 sub
1297 3976 1485 4033 divino
1513 3977 1630 4033 zelo
1650 3977 1821 4033 vestri
1850 3979 1962 4035 Deo
1988 3980 2138 4034 redi-

554 4070 674 4126 miti
705 4068 841 4142 [Deo
871 4067 1141 4140 coronati]
1173 4082 1230 4123 et
1257 4067 1717 4125 Christianissimi
1753 4070 1971 4141 imperii
2006 4071 2135 4126 talia

555 4171 709 4216 extra
734 4175 954 4215 omnem
983 4160 1256 4215 rationem
1282 4160 1586 4231 impietatis
1611 4162 1698 4233 agi
1727 4175 2138 4234 prazsumuntur

557 4252 626 4306 ab
659 4252 747 4305 his
779 4251 873 4321 qui
909 4251 1028 4305 sine
1060 4251 1174 4305 Deo
1206 4258 1365 4316 sunt,
1396 4250 1684 4309 Samaritis
1723 4254 2011 4319 videlicet,
2043 4255 2139 4325 qui

556 4355 727 4411 supra
769 4354 987 4395 omnem
1030 4338 1440 4394 immunditiam
1483 4341 1681 4410 polluti
1722 4350 1778 4397 et
1813 4344 2137 4400 exsecrandi

557 4435 890 4499 consistunt,
913 4433 1122 4505 quique
1145 4432 1399 4487 habitant
1426 4448 1492 4489 ea
1517 4450 1639 4505 quae
1662 4437 1925 4491 dicuntur
1947 4436 2138 4493 Castra

553 4529 709 4600 juxta
735 4526 1015 4581 civitatem
1044 4524 1513 4597 Porphyreonem,
1540 4527 1596 4581 in
1622 4529 1927 4584 venerabili
1953 4529 2137 4598 domo,

557 4633 722 4690 quam
766 4620 878 4673 Deo
917 4618 1187 4688 placabile
1226 4618 1524 4690 imperium
1557 4628 1802 4675 vestrum
1830 4622 1999 4693 jussit
2028 4622 2141 4677 illic

557 4710 838 4766 aedificari.
892 4708 1023 4777 Quae
1085 4710 1364 4766 subtiliter
1430 4711 1569 4765 sciet
1628 4719 1811 4768 vestra
1873 4712 2140 4768 divinitus

2163 3299 2235 3312 .—

2152 3456 2197 3517 c.
2237 3450 2350 3505 Τοῦ
2377 3449 2555 3519 ἁγίου
2586 3449 2835 3521 Συμεὼν
2855 3451 2963 3506 τοῦ
2988 3452 3306 3521 Στυλίτου,
3334 3454 3446 3509 τοῦ
3469 3454 3560 3520 εις
3576 3452 3646 3508 τὸ
3668 3455 3811 3510 Θαυ-

2300 3519 3350 3647 εῗῖέῑδννιειοέέτέῖέσξὲέῖνέτοξρμπτη
3383 3519 3544 3593 πρὸξ
3569 3525 3680 3579 ’δ’
3698 3526 3808 3590 βω

2304 3701 2402 3765 Τίς
2457 3699 2642 3768 δώσει,
2694 3701 3020 3756 ἀεισέὸαστε
3071 3704 3166 3757 καὶ
3213 3703 3387 3772 ἀγαθὲ
3413 3704 3673 3770 δέσποτα,
3701 3706 3811 3767 τοῖς

2234 3791 2532 3863 ὀφθαλμοῖς
2562 3808 2667 3862 μου
2698 3793 2883 3863 πηγὰς
2912 3793 3167 3865 δακρύων
3199 3795 3294 3847 ἐπὶ
3317 3794 3399 3866 τῷ
3420 3796 3691 3868 πενθῆσαι
3722 3797 3812 3852 καὶ

2235 3885 2469 3940 κλαῦσαι
2498 3886 2713 3957 πικρῶς
2742 3886 2835 3940 καὶ
2858 3887 3149 3959 ἅφορήτως
3179 3888 3237 3941 ἐν
3259 3888 3408 3952 ὅλαις
3433 3892 3552 3952 ταῖς
3582 3891 3813 3961 ἡμέραις

2235 3979 2335 4049 τῆς
2365 3978 2604 4047 ἐλεεινῆς
2629 3997 2761 4051 ,μου
2802 3979 2981 4050 ξωῆςς
3023 3983 3221 4052 ὅτιπερ
3275 3982 3369 4035 ἐπὶ
3420 3982 3517 4035 τοῦ
3547 3983 3694 4036 θείου
3722 3982 3814 4053 ζὴ.

2236 4071 2331 4124 λου
2378 4071 2477 4141 τῆς
2520 4070 2796 4141 ὑμετέρας
2837 4071 3163 4140 θεοστεφοῦς
3214 4075 3310 4127 καὶ
3346 4075 3815 4144 Χριστιανικωτα-

2235 4178 2336 4229 της
2379 4160 2652 4232 βασιλείας
2682 4161 2904 4216 τοιαῦτα
2953 4162 3094 4233 ὑπὲρ
3136 4165 3312 4218 πάντα
3363 4165 3522 4233 λόγον
3566 4165 3814 4226 ἀσεὸείας

2239 4256 2572 4325 τετόλμηται
2622 4256 2941 4327 πεπρᾶχθαι
2989 4258 3150 4330 ,παρὰ
3196 4258 3306 4311 τῶν
3335 4260 3516 4313 ἀθέων
3558 4262 3656 4314 καὶ
3680 4262 3815 4327 ὑπὲρ

2240 4348 2421 4401 πᾶσαν
2466 4346 2809 4419 ἀκαθαρσίαν
2840 4348 3169 4421 ἀκαθάρτων
3221 4351 3315 4404 καὶ
3362 4353 3673 4423 βδελυκτῶν
3721 4358 3816 4409 Σαο

2242 4436 2535 4507 μαρειτῶν,
2572 4436 2681 4490 τῶν
2707 4437 2776 4491 τὰ
2798 4438 3071 4510 λεγόμενα
3100 4442 3328 4512 Κάστρα
3356 4444 3651 4500 οἰκούντων
3680 4447 3814 4515 πλη-

2241 4528 2354 4581 σίον
2385 4529 2486 4597 τῆς
2525 4528 2736 4593 πόλεως
2763 4532 3182 4603 Πορφυρεῶνος,
3205 4536 3285 4597 είς
3309 4534 3402 4588 τὸν
3427 4538 3630 4591 σεπτὸν
3650 4534 3813 4603 οἷκον,

2238 4619 2297 4672 ὃν
2340 4620 2400 4673 τὸ
2441 4619 2733 4691 θεάρεστον
2787 4621 2944 4693 ὑμῶν
2978 4624 3182 4694 κράτος
3232 4625 3494 4680 ἐκέλευσε
3543 4628 3815 4694 σιτίζεσθαι

2240 4711 2376 4765 ἐκεῖ.
2410 4712 2590 4783 Ἀπερ
2631 4711 2777 4767 κατὰ
2822 4713 3017 4768 λεπτὸν
3054 4716 3330 4784 ,γνώσεται
3364 4718 3398 4787 ἡ
3433 4719 3678 4790 ὑμετέρα
3706 4720 3817 4772 Bso-

558 4802 936 4857 couservanda
986 4802 1355 4871 tranquillitas
1406 4817 1510 4872 per
1551 4816 1617 4855 ea
1661 4818 1784 4872 quae
1833 4803 2125 4874 signiﬁcata

2244 4803 2516 4873 φύλακτος
2548 4805 2853 4876 γαληνότης
2898 4808 2963 4862 ἐκ
2992 4809 3103 4862 τῶν
3133 4811 3526 4881 σημανθέντων
3559 4817 3631 4883 τῇ
3669 4814 3818 4882 ἡμῶν

558 4904 690 4951 sunt
712 4894 1009 4949 humilitati
1032 4902 1236 4949 nostra:
1258 4910 1289 4949 a
1312 4896 1481 4950 Paulo
1502 4895 1850 4950 sanctissimo
1876 4896 2137 4968 episcopo

557 4984 804 5057 ejusdem
834 4986 1270 5056 Porphyreonis,
1301 4993 1359 5041 et
1386 4986 1553 5041 missa
1586 4996 1716 5042 sunt
1750 4986 1912 5044 nobis
1943 5002 1975 5043 a
2005 4989 2136 5044 bea-

558 5077 775 5133 tissimo
810 5076 1055 5133 Orientis
1091 5079 1398 5147 patriarcha
1421 5120 1437 5145 ,
1469 5082 1561 5150 qui
1595 5090 1652 5136 et
1684 5082 1802 5152 ipse
1837 5097 2005 5153 super
2034 5083 2140 5138 hoc

556 5170 917 5225 vehementer
958 5169 1135 5225 doluit
1170 5209 1184 5235 ,
1238 5180 1444 5241 quanto
1494 5173 1667 5245 magis
1710 5176 2138 5231 mansuetissimi

561 5263 679 5335 [Gr.
732 5262 928 5333 quidni
985 5261 1135 5317 enim
1190 5260 1396 5335 mans.]
1457 5264 1770 5334 principes?
1826 5268 2135 5323 Praesertim

561 5371 687 5410 cum
732 5363 787 5409 et
828 5355 1159 5409 inanimatos
1206 5354 1419 5425 lapides
1462 5355 1778 5427 hujusmodi
1824 5358 2137 5429 impietates

561 5447 743 5501 facere
759 5444 964 5517 [facile]
981 5444 1298 5501 subicerent
1314 5445 1644 5514 exclamare,
1662 5463 1797 5518 quas
1820 5448 1876 5503 in
1899 5464 2138 5520 praesen-

562 5538 639 5593 tia
678 5537 819 5592 vidit
857 5536 1156 5607 prmdictus
1196 5536 1579 5593 sanctissimus
1619 5540 1886 5609 pontifex.
1917 5542 2136 5597 Etenim

562 5646 729 5700 super
768 5638 1003 5685 mortem
1055 5640 1112 5685 et
1158 5629 1526 5699 perditionem
1575 5640 1889 5700 reputatum
1936 5643 2021 5688 est
2067 5635 2137 5689 ab

565 5719 876 5777 humilitate
919 5728 1140 5782 nostra,
1175 5719 1322 5787 quod
1367 5721 1758 5789 quoquomodo
1801 5722 1867 5776 ad
1915 5724 2138 5780 auditus

562 5812 786 5870 nostros
827 5810 1047 5868 venerit
1090 5810 1216 5867 talis
1267 5811 1554 5884 impietas,
1591 5829 1712 5885 quae
1754 5818 2113 5888 superexcedi

2242 4893 2569 4949 ταπεινώσει
2602 4896 2755 4968 παρὰ
2797 4897 3012 4951 Παύλου
3039 4899 3135 4952 τοῦ
3184 4900 3487 4954 ὁσιωτάτου
3521 4903 3816 4955 ἐπισκόπου

2244 4987 2343 5057 τῆς
2363 4987 2529 5057 αὐτῆς
2562 4988 2977 5060 Πορφυρεῶνος,
3022 4992 3452 5062 ἐκπεμφθέντων
3492 4995 3629 5064 ἡμῖν
3678 4993 3818 5063 παρὰ

2246 5076 2340 5133 τοῦ
2374 5080 2797 5151 μακαριωτάτου
2826 5082 2926 5151 τῆς
2957 5081 3127 5152 Ἑῴας
3148 5084 3517 5154 πατριάρχου,
3534 5086 3633 5139 καὶ
3659 5083 3817 5139 αὑτοῦ

2246 5173 2341 5224 ἐπὶ
2365 5171 2538 5242 τούτῳ
2569 5173 2811 5246 σφοδρῶς
2846 5174 3202 5246 ἀλγήσαντος.
3232 5177 3357 5241 Πῶς
3396 5177 3509 5249 γὰρ
3535 5180 3659 5249 ούχὶ
3693 5182 3818 5249 ἠμε-

2247 5263 2481 5334 ρὼεατοι
2528 5265 2970 5335 αύτοκράτορες;
3024 5268 3159 5322 διότι
3194 5270 3291 5323 καὶ
3343 5270 3591 5341 ἀψύχους
3646 5271 3818 5334 λίθους

2248 5359 2409 5413 ἱκανὰ
2434 5354 2502 5429 ἦν
2532 5362 2952 5432 παρασκευάσαι
2984 5363 3244 5434 ἐκϐοῆσαι
3283 5367 3353 5418 τὰ
3374 5366 3606 5419 τοιαῦτα
3628 5366 3819 5437 ἀσεὸήο

2246 5469 2413 5522 ματα,
2445 5454 2604 5507 ἅτινα
2627 5452 2820 5525 αύτοψὶ
2854 5453 3121 5509 ἐθεάσατο
3148 5457 3178 5509 ὁ
3206 5458 3499 5529 εἰρημένος
3532 5458 3817 5521 dcuit-tato;

2243 5544 2555 5616 ἀρχιερεύς.
2603 5545 2775 5616 Ὑπὲρ
2806 5547 2915 5618 γὰρ
2949 5547 3179 5605 θάνατον
3220 5552 3315 5604 καὶ
3363 5552 3649 5606 ἀπώλειαν
3688 5553 3819 5605 λελό-

2245 5652 2431 5703 γισται
2467 5642 2532 5711 τῇ
2563 5641 2721 5709 ἡμῶν
2750 5643 3078 5696 ταπεινώσει
3112 5644 3172 5696 τὸ
3201 5644 3336 5706 ὅλως
3360 5646 3441 5707 είς
3472 5647 3649 5710 ἀκοὰς
3671 5647 3815 5718 ἡμῶν

2245 5728 2418 5782 ἐλθεῖν
2456 5731 2712 5802 τοιαύτην
2745 5734 2965 5807 ἀσεϐείᾳ
3016 5735 3466 5806 ὑπερϐάλλουσαν
3508 5737 3817 5808 βλάσφημσν

2245 5820 2463 5892 πρᾶξιν,
2494 5825 2900 5899 τετολμημένην
2940 5830 3022 5893 είς
3070 5829 3231 5883 αὐτὸν
3277 5827 3370 5883 τὸν
3399 5828 3468 5882 δι’
3502 5832 3655 5900 ἡμᾶς
3676 5831 3819 5883 sm-
