4032 6484
294 378 436 444 3217

294 591 386 656 εον
412 590 749 662 Θεομήτορα,
780 591 874 644 καὶ
905 590 995 644 τὸν
1020 590 1329 647 πάνσεπτον
1356 592 1451 647 καὶ
1481 592 1663 664 τίμιον
1704 609 1869 648 σταυ-

296 684 410 754 ρὸν,
445 684 536 739 καὶ
561 687 640 750 είς
666 687 792 747 τοὺς
824 685 1012 753 ἁγίους
1042 684 1229 740 αὐτοῦ.

364 957 456 1011 Διὸ
500 956 1006 1028 ὑπομιμνήσκοντες
1056 957 1402 1028 ἀναφέρομεν
1446 956 1539 1011 ἐπὶ
1571 956 1672 1021 τάς
1715 955 1867 1021 θείας

290 1050 448 1121 ὑμῶν
481 1048 673 1113 ἀκοὰς,
708 1048 788 1102 ὅτι
818 1050 868 1101 εἰ
892 1050 940 1103 oi
979 1050 1335 1113 πανευσεϐεἴς
1380 1049 1489 1103 τῶν
1542 1049 1868 1104 καλλινίκων

298 1142 328 1193 ὑ
337 1139 458 1210 μῶν
473 1140 627 1209 νόμοι
650 1139 1134 1210 παρακελεύονται,
1149 1141 1352 1205 εἰκόνος
1369 1140 1629 1210 βασιλέως
1651 1140 1869 1211 ἐνυϐρι-

287 1232 351 1295 ζο
358 1231 546 1300 μένης,
561 1231 775 1301 Θανάτῳ
790 1231 1009 1303 ἐξαισίῳ
1026 1232 1117 1286 καὶ⁸
1133 1231 1470 1303 πανολεθρίῳ
1480 1230 1867 1299 παραδίδοσθαι

284 1325 414 1387 τοὺς
430 1323 587 1377 τοῦτο
606 1325 903 1395 ἐπιχειρεῖν
920 1323 1255 1393 τολμῶντας,
1275 1322 1446 1393 πόσης
1462 1324 1568 1395 ἀρα
1592 1324 1733 1388 ἄξιοί
1763 1325 1868 1377 είσι

287 1412 584 1483 καταδίκης
601 1414 678 1476 είς
694 1412 987 1479 ἀπώλειαν,
1009 1414 1057 1467 οἱ
1077 1416 1157 1476 εἰς
1170 1414 1270 1484 τὴν
1286 1414 1471 1468 εἰκόνα
1486 1413 1580 1468 τοῦ
1605 1413 1736 1468 Υίοῦ
1772 1414 1866 1469 τοῦ

285 1505 447 1570 Θεοῦ,
472 1506 565 1558 καὶ
580 1507 681 1575 τῆς
700 1507 972 1576 παναγίας
1000 1506 1212 1570 ἐνδόξου
1236 1506 1497 1560 Θεοτόκου
1522 1506 1660 1577 μετά
1685 1507 1869 1580 πάσης

282 1593 513 1647 ἀλέκτου
545 1594 839 1661 ἀναιδείας,
859 1595 956 1650 καὶ
990 1595 1263 1661 ἀσεϐείας,
1288 1598 1382 1650 καὶ
1401 1596 1490 1652 διὰ
1516 1598 1579 1652 τὸ
1595 1597 1868 1669 ὑπερϐάλ-

281 1685 375 1738 λον
407 1686 578 1740 κακὸν
608 1687 711 1740 οὐκ
740 1687 847 1758 ἔχω
877 1687 931 1741 τί
967 1689 1141 1742 εἰπεῖν
1174 1686 1399 1742 τοιαῦτα
1442 1690 1862 1762 τετολμηκότες,

284 1776 557 1848 μηδεμιᾶς
619 1779 700 1842 είς
744 1778 991 1842 αύτοὺςει
1043 1779 1353 1849 γενομένης
1403 1781 1859 1853 φιλανθρωπίας;

276 1870 403 1923 ὅθεν
445 1869 802 1941 δυσωποῦμεν
849 1872 911 1925 τὸ
955 1871 1268 1926 καλλίνικον
1320 1874 1477 1944 ὑμῶν
1524 1875 1746 1947 κράτος,
1785 1874 1860 1946 μὴ

278 1962 508 2031 ποιῆσαι
552 1961 700 2026 ἕλεος
736 1965 819 2027 είς
864 1964 992 2027 τοὺς
1040 1963 1199 2018 τοῦτο
1237 1964 1661 2036 τετολμηκότας,
1721 1967 1860 2038 μήτε

276 2052 573 2121 φείσασθαι
609 2054 809 2120 αὐτῶν,
855 2056 999 2126 μήτε
1048 2055 1149 2128 τὴν
1189 2056 1403 2110 οἶανοῦν
1434 2058 1788 2129 παράκλησιν
1824 2058 1858 2130 ἢ

275 2140 573 2212 ἀπολογίαν
630 2142 888 2209 δέξασθαι
944 2145 1075 2216 περὶ
1122 2145 1323 2210 αῦτῶν,
1378 2147 1465 2201 ἵνα
1520 2147 1596 2219 μὴ
1646 2148 1741 2203 καὶ
1782 2150 1863 2212 είς

273 2233 405 2287 ἀλλο
450 2251 503 2287 τι
546 2234 834 2305 τραπῶσι,
886 2234 1071 2300 καθὼς
1142 2237 1246 2309 ἤδη
1305 2236 1541 2309 θεωρίαν
1595 2240 1863 2313 ἑωρακὼς

273 2324 429 2395 ἢμην
450 2322 701 2394 δηλώσας
739 2325 819 2397 τῷ
849 2325 1147 2399 Αὐγούστῳ
1178 2328 1309 2399 μηνὶ
1336 2328 1417 2400 τῷ
1449 2330 1737 2404 ἁγιωτάτῳ
1765 2333 1862 2386 καὶ

275 2415 589 2489 θεοτιμήτιρ
638 2413 957 2491 πατριάρχῃ
981 2461 997 2488 ,
1052 2420 1305 2492 σημάνας
1338 2423 1396 2477 ὲν
1436 2423 1515 2495 τῷ
1560 2426 1697 2491 τέως
1728 2427 1861 2497 παρ’

275 2507 457 2578 ἑαυτῷ
488 2510 652 2579 ἔχειν.
684 2511 761 2565 Οὐ
796 2511 907 2584 γάρ
945 2511 1184 2585 ἔκρυψεν
1224 2516 1320 2586 ἀφ’
1350 2516 1508 2588 ἡμῶν
1556 2519 1585 2572 ὁ
1632 2519 1765 2584 Θεὸς
1790 2519 1862 2573 τά

272 2600 558 2656 διαϐούλια
597 2602 800 2659 αὐτῶν.
841 2604 1005 2659 Ὅθεν
1052 2606 1569 2681 πεπληροφόρημαι,
1603 2610 1861 2664 ἀεισέϐα-

274 2711 393 2748 στοι
445 2695 865 2767 αὐτοκράτορες,
915 2698 1124 2771 δτιούχ
1181 2699 1474 2771 ὐπενέγκοι
1522 2702 1791 2775 βαστάσαι
1824 2706 1859 2776 ἡ

275 2785 383 2840 ὒπδ
414 2787 513 2858 τῆς
548 2787 971 2859 μεγαλειότητος
999 2789 1165 2845 αὑτοῦ
1207 2791 1598 2865 ὲλλαμπομένη
1628 2796 1855 2867 θεοστή-

278 2893 465 2947 ρικτος
497 2876 651 2948 ὑμῶν
681 2878 877 2948 καρδία
907 2880 1007 2951 τὴν
1048 2882 1319 2954 τοσαύτην
1347 2884 1447 2955 τῆς
1475 2885 1700 2956 ἀτιμίας
1726 2887 1853 2940 ἀτο-

272 2965 432 3031 πίαν,
479 2967 549 3037 ην
604 2967 859 3021 οὐδέποτε
890 2969 1055 3041 μέχρι
1081 2970 1178 3025 τοῦ
1217 2972 1313 3026 νῦν
1345 2975 1687 3047 ἀκηκόαμεν,
1718 2977 1859 3047 τάχα

270 3055 333 3109 δὲ
356 3056 481 3111 οὔτε
506 3057 664 3122 ἄλλος
690 3059 1036 3130 Χριστιανός.

360 3239 498 3295 Ἀλλ’
513 3241 720 3313 ἐνορκῶ
741 3243 906 3314 ὑμᾶς,
937 3242 1190 3311 δέσποτα,
1219 3244 1361 3299 κατὰ
1394 3244 1488 3299 τοῦ
1505 3245 1854 3318 Ἐμμανουὴλ

274 3332 415 3387 Θεοῦ
466 3333 715 3404 ὑψίστου,
754 3335 831 3407 μὴ
861 3335 1148 3407 ἀναμεῖναι
1179 3338 1317 3409 μήτε
1342 3339 1480 3410 πρὸς
1527 3340 1723 3412 μικρὸν
1758 3339 1853 3394 τοῦ

271 3424 531 3494 γενέσθαι
579 3426 709 3499 τὴν
747 3426 1063 3499 πρέπουσαν
1110 3429 1428 3502 ἐκδίκησιν
1481 3430 1738 3486 κελεῦσαι
1798 3433 1854 3486 δὲ

272 3518 645 3589 ἑκζητηθῆναι
680 3519 774 3573 καὶ
804 3519 876 3573 τὰ
924 3521 984 3573 ὲν
1023 3520 1101 3591 τῷ
1154 3520 1351 3591 φρέατι
1397 3523 1659 3592 γεγονότα
1704 3524 1855 3596 παρά

271 3609 378 3676 τῆς
417 3609 865 3681 ύπερϐαλλούσης
901 3611 1082 3665 αὐτῶν
1138 3613 1519 3680 παγκακίστου
1568 3615 1852 3686 πονηρίας,

273 3700 421 3755 κατά
449 3699 550 3773 τὴν
580 3702 723 3772 ὑφὴν
748 3703 847 3773 τῆς
878 3703 1022 3773 πρὸς
1040 3704 1139 3776 τὴν
1165 3705 1324 3775 ήμῶν
1350 3707 1680 3777 μετριότητα
1729 3709 1853 3762 ἐπι-

275 3794 500 3865 στολῆςο
539 3794 615 3866 μὴ
648 3795 1092 3869 προσδεχομένης
1141 3800 1243 3869 τῆς
1285 3800 1650 3871 ἡμερωτάτης
1700 3800 1856 3871 ὑμῶν

270 3886 615 3955 δεσποτείας,
648 3888 695 3941 εί
726 3888 857 3952 ίσως
883 3888 1098 3954 δόξουσι
1125 3906 1272 3953 τινες
1312 3891 1670 3960 ύποσπείρειν
1692 3890 1855 3945 ἀκαί-

274 3993 408 4047 ρους
459 3978 672 4047 λόγους,
716 3978 793 4043 ὡς
847 3980 1242 4037 δεσποινιακῶν
1290 3980 1470 4037 αὐτῶν
1527 3983 1717 4049 δντων,
1758 3982 1855 4036 τοῦ

270 4066 412 4119 Θεοῦ
454 4066 550 4121 τοῦ
605 4068 901 4133 δεδωκότος
951 4070 1082 4141 ύμῖν
1131 4072 1194 4125 τὸ
1219 4072 1420 4142 κράτος
1481 4071 1657 4136 οὕτως
1712 4072 1856 4144 ὑπὲρ

272 4161 460 4213 πᾶσαν
493 4159 749 4215 ἀσέϐειαν
788 4161 1200 4233 ἑνυϐρισθέντος
1223 4179 1239 4196 ⁸
1274 4166 1424 4228 ὅπως
1452 4164 1548 4217 κα)⁸
1596 4163 1646 4218 oi
1679 4164 1858 4219 λοιποὶ

271 4251 457 4307 αὐτῶν
485 4252 650 4322 φόϐον
674 4252 840 4325 ἔχωσι
879 4256 1060 4319 πάσας
1087 4255 1188 4321 τὰς
1234 4256 1452 4328 ἡμέρας
1502 4256 1604 4327 τῆς
1649 4257 1859 4330 ἐπαρά-

268 4362 368 4398 του
416 4347 510 4398 καὶ
537 4344 930 4418 ἀφωρισμένης
967 4345 1145 4399 αὐτῶν
1170 4344 1415 4417 βιώσεως
1436 4364 1451 4381 ο
1474 4346 1570 4412 οὒς
1600 4347 1698 4402 καὶ
1719 4349 1857 4401 ἀπο-

267 4436 485 4503 δέξεται
522 4437 584 4490 τὸ
635 4436 898 4506 συγγενὲς
947 4434 1127 4490 αὐτῶν
1158 4437 1347 4501 σκότος
1387 4438 1469 4503 εἰς
1507 4438 1607 4506 τὴν
1634 4440 1857 4514 καταδί-

1370 384 1731 446 EPISTOLA
1761 385 1861 445 AD
1894 385 2282 448 JUSTINUM
2321 385 2479 449 IMP.

294 493 661 567 ορωπήσαντα
685 492 817 550 Θεδν
838 494 1032 565 Λόγον,
1064 496 1159 551 καὶ
1182 496 1260 561 είς
1288 497 1388 569 τὴν
1415 500 1688 569 παναγίαν
1720 498 1859 553 ένδο·

1974 514 2194 555 omnem
2254 500 2529 556 actionem
2581 498 2989 569 blasphemam,
3042 505 3434 570 praasumptam
3488 498 3547 555 in
3650 562 3655 567 ν

3404 377 3553 446 3218

1972 593 2153 663 ipsum
2187 593 2281 650 Dei
2314 593 2591 657 Verbum,
2624 591 2771 662 quod
2805 600 3035 663 propter
3069 608 3169 647 nos
3202 592 3547 647 incarnatum

1968 692 2074 752 est,
2098 692 2155 740 et
2176 685 2233 738 in
2249 684 2651 739 sanctissimam
2674 698 2738 738 ac
2758 683 3049 754 gloriosam
3068 685 3165 738 Dei
3189 682 3545 748 Genitricem,

1969 783 2135 845 atque
2167 775 2224 829 in
2249 775 2623 830 venerabilem
2652 788 2715 829 ac
2742 774 3035 843 pretiosam
3066 790 3307 841 crucem,
3328 788 3546 829 necnon

1967 874 2024 922 et
2050 867 2105 920 in
2136 873 2356 921 sanctos
2383 866 2524 936 ejus.

2040 959 2272 1028 Propter
2301 958 2446 1029 quod
2487 966 2983 1013 commemorantes
3019 956 3361 1027 suggerimus
3401 954 3546 1011 divi-

1967 1047 2054 1102 nis
2092 1048 2319 1103 auribus
2348 1047 2573 1113 vestris,
2602 1047 2884 1117 quoniam,
2908 1046 2953 1102 si
2987 1045 3246 1116 piissimae
3277 1045 3547 1099 bonarum

1967 1138 2328 1193 victoriarum
2353 1149 2664 1194 vestrarum
2689 1139 2838 1210 leges
2860 1138 3075 1209 jubent,
3104 1137 3338 1207 imagine
3369 1136 3546 1206 impe-

1967 1231 2169 1285 ratoris
2202 1231 2422 1303 injuriis
2451 1230 2727 1295 lacessita,
2755 1229 2921 1284 morti
2955 1242 3229 1297 suprema:
3260 1241 3324 1280 ac
3356 1225 3547 1295 perni-

1968 1323 2287 1381 ciosissima:
2319 1323 2650 1381 tradendos.
2681 1323 2777 1393 qui
2815 1322 2921 1376 hoc
2955 1319 3145 1375 conari
3178 1332 3548 1389 praesumpse-

1968 1414 2100 1478 rint,
2133 1424 2359 1482 quanta,
2388 1423 2572 1483 putas,
2602 1412 2754 1484 digni
2787 1420 2916 1467 sunt
2944 1411 3301 1467 damnatione
3333 1412 3391 1465 in
3423 1425 3550 1480 per-

1967 1505 2264 1569 ditionem,
2292 1504 2387 1574 qui
2418 1504 2472 1557 in
2505 1503 2800 1574 imaginem
2824 1502 2950 1558 Filii
2975 1502 3073 1558 Dei
3104 1510 3160 1557 et
3188 1500 3550 1557 sanctissima:

1966 1612 2031 1652 ac
2083 1597 2336 1669 gloriosae
2376 1596 2476 1652 Dei
2506 1596 2805 1652 Genitricis
2855 1610 2982 1651 cum
3033 1595 3187 1651 omni
3231 1593 3548 1651 incessabili

1968 1687 2287 1761 [indicibili]
2348 1687 2695 1757 impudentia
2744 1696 2802 1742 ct
2854 1687 3173 1757 impietate,
3222 1694 3278 1742 et
3323 1694 3549 1757 propter

1967 1779 2194 1833 nimiam
2242 1778 2542 1844 malitiam,
2579 1793 2690 1833 non
2741 1777 2921 1833 habeo
2966 1778 3114 1848 quod
3161 1778 3377 1843 dicam,
3417 1778 3549 1832 talia

1964 1880 2465 1941 praesumpserant,
2515 1870 2667 1925 nulla
2712 1870 2770 1924 in
2819 1869 2902 1925 eis
2945 1868 3091 1926 facta
3134 1868 3550 1927 misericordia?

1962 1963 2119 2019 Unde
2159 1963 2514 2019 obsecramus
2551 1962 3073 2018 victoriosissimum
3108 1961 3405 2032 imperium
3447 1975 3548 2015 ve-

1962 2063 2175 2121 strum,
2219 2070 2290 2110 ne
2338 2054 2502 2110 faciat
2545 2053 2986 2110 misericordiam
3046 2055 3104 2109 in
3159 2069 3257 2110 eos
3301 2052 3397 2123 qui
3442 2052 3550 2107 hoc

1961 2161 2123 2217 agere
2157 2146 2277 2202 ausi
2310 2153 2471 2211 sunt,
2503 2160 2686 2216 neque
2718 2153 2911 2217 parcat
2941 2144 3053 2209 eis,
3085 2159 3266 2215 neque
3299 2143 3550 2214 qualem-

1962 2251 2181 2308 cunque
2243 2236 2672 2308 postulationem
2730 2236 2819 2292 vel
2875 2236 3151 2292 rationem
3213 2250 3381 2306 super
3440 2234 3549 2290 illis

1963 2329 2199 2400 accipiat
2222 2344 2294 2385 ne
2322 2329 2380 2384 in
2407 2328 2561 2384 aliud
2587 2328 2723 2400 quid
2751 2336 3063 2393 vertantur,
3089 2325 3257 2383 sicuti
3285 2327 3398 2398 jam
3425 2324 3549 2381 visu
3632 2330 3639 2335 ‘

1960 2420 2211 2477 videram
2244 2420 2497 2477 indicans
2520 2424 2773 2493 Augusto
2809 2434 2998 2476 mense
3038 2417 3387 2475 sanctissimo
3422 2425 3479 2473 et
3516 2432 3548 2471 a

1960 2514 2075 2570 Deo
2098 2513 2586 2570 bonorabilissimo
2610 2512 2961 2585 patriarchae,
2978 2511 3298 2583 signiﬁcans
3323 2509 3547 2565 interim

1961 2607 2070 2662 hoc
2096 2605 2244 2677 apud
2270 2621 2330 2663 se
2356 2606 2690 2662 servandum
2733 2622 2748 2659 :
2789 2619 2967 2674 neque
3006 2603 3156 2658 enim
3193 2602 3487 2658 abscondit
3518 2618 3548 2656 a

1960 2699 2122 2755 nobis
2147 2700 2295 2755 Deus
2323 2697 2686 2770 cogitationes
2712 2712 2929 2753 eorum.
2963 2695 3121 2753 Unde
3161 2702 3352 2751 certus
3396 2708 3543 2757 sum.

1959 2806 2181 2862 semper
2220 2791 2455 2863 Augusti
2506 2790 2903 2861 imperatores,
2955 2786 3105 2859 quod
3155 2801 3267 2842 non
3320 2785 3548 2842 suﬁ'erat

1960 2886 2075 2943 Deo
2124 2887 2510 2943 conﬁrmatum
2561 2901 2661 2941 cor
2706 2893 2984 2948 vestrum,
3025 2881 3175 2954 quod
3235 2881 3410 2953 ipsius
3462 2892 3549 2937 est

1959 2979 2338 3052 magnitudine
2365 2979 2723 3042 illustratum,
2746 2984 2953 3031 tantam
2984 2973 3390 3029 inhonorantiaa
3419 2988 3549 3044 pro-

1959 3071 2271 3135 cacitatem,
2307 3084 2472 3140 quam
2512 3081 2797 3136 nunquam
2841 3065 2953 3120 huc
2996 3078 3175 3135 usque
3212 3063 3544 3129 audivimus,

1880 3180 1926 3245 ο
1961 3160 2215 3216 fortassis
2242 3169 2427 3216 autem
2452 3173 2557 3214 nec
2583 3157 2729 3213 alius
2752 3155 3052 3228 quisquam.
3074 3154 3544 3212 Christianorum.

2032 3253 2141 3309 Sed
2186 3252 2378 3324 adjuro
2421 3266 2550 3317 vos,
2582 3248 2835 3317 domine,
2862 3264 2964 3320 per
3006 3248 3329 3303 Emmanuel
3370 3248 3547 3303 Deum

1959 3344 2269 3410 excelsum,
2296 3359 2368 3399 ne
2412 3341 2703 3398 suﬁ‘eratis.
2728 3340 2923 3397 saltem
2971 3339 3041 3397 ad
3088 3338 3365 3395 modicum
3411 3340 3548 3410 quid

1961 3436 2085 3492 ﬁeri
2138 3437 2427 3493 decentem
2477 3433 2814 3501 vindictam;
2876 3433 2971 3490 sed
3026 3432 3275 3505 jubeatis
3326 3432 3546 3503 exquiri

1960 3523 2127 3578 etiam
2161 3523 2254 3579 illa
2285 3538 2409 3594 quae
2439 3523 2495 3578 in
2523 3531 2695 3593 puteo
2720 3521 2865 3578 facta
2905 3529 3037 3577 sunt
3071 3537 3101 3576 a
3142 3521 3312 3576 nimia
3349 3537 3545 3577 eorum

1960 3624 2019 3672 et
2054 3616 2295 3686 pessima
2336 3614 2616 3686 nequitia.
2656 3614 2966 3670 secundum
3008 3621 3258 3670 tenorem
3300 3615 3549 3684 epistolae

1961 3723 2085 3779 quae
2131 3707 2201 3763 ad
2244 3716 2492 3763 nostram
2541 3707 2987 3763 mediocritatem
3037 3706 3359 3762 transmissa
3400 3717 3487 3762 est
3529 3724 3544 3763 :

1962 3798 2191 3854 minime
2245 3799 2605 3869 permittente
2664 3797 3112 3853 mansuetissima
3169 3796 3548 3854 dominatione

1959 3898 2178 3956 vestra,
2225 3890 2272 3946 si
2320 3888 2467 3946 forte
2520 3888 2844 3960 putaverint
2894 3887 3118 3958 quidam
3164 3888 3547 3945 subseminare

1961 3981 2308 4051 importunos
2351 3994 2666 4045 sermones,
2718 3994 2845 4034 cum
2889 3978 3048 4049 quasi
3096 3978 3389 4034 dominicae
3437 3979 3549 4034 sint

1963 4070 2257 4142 potestatis
2280 4070 2422 4144 [Gr.,
2442 4085 2498 4140 q.
2519 4069 2587 4125 ad
2613 4069 2852 4125 dominae
2877 4069 2915 4123 i.
2935 4071 3195 4139 Augusta:
3219 4078 3547 4140 potestatem

1963 4160 2329 4234 pertineant],
2363 4162 2477 4217 Deo
2506 4160 2601 4231 qui
2631 4160 2786 4216 dedit
2811 4160 2971 4216 vobis
3005 4160 3333 4232 imperium,
3361 4162 3547 4217 taliter

1963 4270 2132 4326 super
2169 4269 2390 4310 omnem
2433 4253 2774 4324 impietatem
2820 4253 3041 4324 injuriis
3083 4253 3283 4310 affecto
3328 4273 3341 4308 :
3388 4264 3449 4311 ut
3490 4264 3548 4312 et

1964 4346 2149 4402 caeteri
2180 4361 2374 4401 eorum
2407 4346 2665 4401 timorem
2696 4344 2936 4400 habeant
2963 4345 3180 4401 cunctis
3205 4344 3401 4400 diebus
3429 4361 3547 4401 ma»

1962 4440 2181 4495 ledictaz
2203 4454 2269 4494 ac
2292 4446 2588 4509 segregata:
2616 4437 2743 4492 vitae
2772 4436 3020 4507 ipsorum
3060 4454 3075 4492 :
3111 4452 3252 4508 quos
3282 4447 3340 4493 et
3367 4438 3547 4494 susci-

268 4546 377 4600 κην
410 4527 503 4582 τοῦ
540 4528 825 4600 μέλλοντος
868 4528 1068 4594 αὐτοὺς
1115 4528 1423 4583 κατεσθίειν
1451 4530 1722 4584 ἀσϐέστου
1761 4534 1857 4586 καὶ

1964 4532 2120 4601 pient
2141 4538 2388 4601 cognatae
2415 4529 2657 4584 tenebrae
2682 4543 2797 4583 sua:
2828 4528 2883 4582 in
2907 4528 3317 4584 damnationem
3341 4529 3550 4585 vermis

268 4619 549 4689 ἀφεγγοῦς
582 4621 784 4692 πυρός⁹
834 4620 933 4674 καὶ
980 4619 1407 4690 καταθεματίσει
1442 4622 1641 4687 αὐτοὺς
1677 4624 1757 4686 είς
1789 4622 1859 4677 τά

269 4712 604 4781 καταχθόνια
652 4712 751 4782 τῆς
776 4710 1013 4765 ἀϐύσσου
1049 4712 1182 4765 αὐτὸ
1209 4711 1269 4765 τὸ
1298 4712 1563 4781 πανάγιον
1594 4716 1691 4767 καὶ⁵
1721 4732 1852 4770 παν·

267 4803 573 4874 τοδύναμον
597 4803 821 4875 Πνεῦμα
848 4802 1023 4875 Ἰησοῦ
1046 4802 1286 4876 Χριστοῦ
1308 4803 1402 4858 τοῦ
1434 4804 1641 4878 Κυρίου
1669 4806 1850 4876 ἡμῶν,

267 4896 334 4949 τὸ
386 4898 451 4949 ὲκ
502 4894 595 4953 τοῦ
657 4894 872 4967 Πατρδς
910 4896 1365 4967 ἐκπορευόμενον,
1420 4896 1515 4949 τοῦ
1558 4896 1855 4951 ἀπολέσθαι

268 4988 474 5052 αὐτοὺς
521 4990 601 5051 είς
640 4989 945 5060 ἀπέραντον
1002 4987 1300 5045 ἀπώλειαν.
1352 4988 1555 5045 Τοῦτον
1604 4991 1713 5062 γὰρ
1768 4990 1860 5045 τὸν

268 5080 438 5150 ζῆλον
485 5079 883 5148 ἐνδεικνύμενοι
955 5081 1280 5144 σπουδαίως,
1323 5081 1678 5151 θεοφύλακτοι
1734 5099 1861 5154 τρο-

268 5171 551 5243 παιοῦχοι,
588 5174 669 5238 είς
690 5169 855 5225 αὑτὸν
887 5170 977 5226 τὸν
1010 5173 1479 5243 συμϐασιλεύοντα
1507 5176 1574 5244 τῇ
1604 5174 1859 5246 εὐσεϐείᾳ

271 5264 434 5335 ὑμῶν
476 5267 742 5338 μονογενῆ
770 5267 923 5334 Θεὸν,
949 5266 1090 5337 ὑπὲρ
1117 5266 1217 5338 τὴν
1238 5264 1333 5319 τοῦ
1381 5266 1636 5337 Ἀϐραὰμ
1669 5266 1859 5320 θυσίαν

266 5356 708 5429 ἁποδεχθήσεσθε
762 5359 915 5428 παρά
939 5358 1041 5430 τῆς
1065 5357 1230 5413 αὐτοῦ
1260 5358 1641 5412 παντεπόπτου
1675 5357 1861 5429 θεότη-

268 5462 384 5510 τος·
402 5448 496 5500 καὶ
514 5448 666 5501 ἔσται
682 5450 773 5502 ἐπὶ
792 5449 958 5503 πλείω
974 5449 1313 5521 εὐλογημένη
1331 5450 1426 5503 καὶ
1444 5448 1857 5521 μεγαλυνομένη

269 5539 353 5611 τῷ
395 5540 588 5611 κράτει
639 5542 742 5612 τῆς
807 5542 987 5614 ἰσχύος
1038 5542 1204 5598 αὐτοῦ
1243 5543 1654 5614 ήφιλόχριστος
1701 5543 1855 5613 ὑμῶν

272 5633 523 5705 βασιλεία
577 5633 718 5706 ὑπὲρ
772 5635 954 5700 πάσας
1010 5636 1107 5699 τὰς
1165 5636 1477 5708 ἔμπροσθεν
1536 5635 1847 5708 βασιλείας⁶

344 5835 375 5867 α
408 5823 684 5889 ῖσ.αῦτὰς.

1967 4620 2221 4694 [cineris]
2246 4621 2341 4691 qui
2371 4628 2723 4676 comesturus
2747 4625 2831 4674 est
2855 4619 2999 4685 illos,
3020 4629 3075 4675 et
3099 4620 3242 4692 ignis
3264 4620 3363 4690 qui
3390 4620 3550 4694 [non]

1952 4713 2267 4785 splendebit
2306 4730 2319 4766 :
2360 4720 2419 4767 et
2458 4711 2948 4768 anathematizabit
2990 4711 3561 4786 [catatbematizabitl

1955 4820 2053 4861 eos
2100 4804 2157 4859 in
2201 4803 2561 4858 inferioribus
2607 4803 2788 4875 abyssi
2835 4804 2953 4874 ipse
3000 4813 3226 4859 sanctus
3266 4812 3323 4858 et
3364 4803 3548 4859 omni-

1958 4906 2155 4968 potens
2189 4894 2427 4966 Spiritus
2454 4894 2587 4951 Jesu
2617 4894 2825 4951 Christi
2861 4895 3084 4950 Domini
3118 4896 3318 4963 nostri,
3347 4896 3443 4967 qui
3480 4912 3548 4951 ex

1959 4990 2121 5045 Patre
2167 4987 2453 5058 procedit,-
2487 4986 2555 5041 ad
2602 4986 2949 5058 perdendum
2994 4987 3119 5043 illos
3166 4986 3225 5044 in
3276 4985 3549 5043 inﬁnitam

1963 5081 2354 5153 perditionem.
2385 5080 2547 5136 Hunc
2569 5080 2719 5137 enim
2750 5080 2928 5137 zelum
2959 5078 3120 5135 vobis
3152 5089 3408 5146 strenue,
3436 5080 3551 5135 Deo

1963 5174 2329 5231 conservandi
2371 5182 2427 5230 et
2469 5173 2934 5244 triumphatores,
2964 5173 3021 5228 in
3064 5173 3246 5243 ipsum
3287 5171 3383 5242 qui
3422 5186 3551 5227 cum

1962 5268 2168 5339 pietate
2197 5277 2379 5323 vestra
2406 5274 2630 5339 regnat,
2657 5265 3006 5338 unigenitum
3038 5263 3551 5321 demonstrantibus

1964 5361 2170 5427 Deum,
2201 5374 2369 5430 super
2406 5357 2740 5416 sacriﬁcium
2779 5358 3017 5416 Abrahae
3059 5355 3438 5427 suscipiemini
3477 5355 3548 5416 ab

1962 5453 2083 5524 ejus
2113 5459 2444 5508 cunctorum
2471 5451 2807 5522 inspectrice
2834 5451 3041 5506 deitate
3073 5467 3087 5503 :
3119 5456 3176 5503 et
3198 5448 3306 5504 erit
3332 5461 3548 5517 peram-

1963 5546 2109 5616 plius
2134 5545 2488 5601 benedictum
2505 5585 2520 5611 ,
2549 5544 2795 5615 potentia
2817 5542 3044 5598 virtutis
3067 5542 3187 5613 ejus
3204 5581 3218 5607 ,
3246 5549 3305 5596 et
3331 5538 3547 5610 magni-

1966 5636 2185 5691 licatum
2220 5635 2443 5693 Christo
2477 5635 2742 5691 dilectum
2777 5633 3071 5703 imperium
3101 5640 3341 5687 vestrum
3374 5643 3544 5699 super
