4032 6482
527 343 672 407 3219

1461 343 1884 407 ZACHARIAS
1921 325 2411 407 PA’TRIARCHA
2444 346 2848 409 HIEROSOL.

3635 344 3766 405 3220

528 459 717 516 omnia
748 458 1114 529 praecedentia
1142 474 1311 530 regna
1344 478 1355 513 :
1388 461 1651 531 quoniam
1684 461 1788 532 ipsi
1815 469 1901 517 est
1929 460 2104 528 gloria

2207 464 2289 517 ὅτι
2316 462 2467 536 αύτῷ
2530 464 2565 523 ἡ
2626 461 2754 528 δόξα
2805 462 2885 526 εις
2935 460 3061 524 τοὺς
3118 458 3318 522 αἰῶνας
3370 456 3484 511 τῶν
3543 456 3761 514 αἰώνων.

406 561 416 570 ·
526 550 586 606 in
612 550 807 607 saecula
834 551 1180 607 saeculorum.
1204 551 1401 608 Amen.

536 761 3584 792 W

1526 952 1672 1038 DE
1774 953 1929 1039 SS.

2216 557 2408 629 Ἀμήν.

2038 952 2793 1042 IMAGINIBUS.

1126 1185 1379 1248 LEQUIEN.
1411 1183 1466 1238 S.
1494 1184 1690 1240 Joann.
1721 1186 2039 1243 Damasceni
2074 1186 2214 1258 Opp.
2266 1188 2540 1261 Patrolog.
2596 1199 2637 1245 t.
2672 1187 2855 1255 XCIV,
2887 1204 3010 1263 pag.
3046 1188 3206 1246 1410.

528 1480 711 1551 Μαρηὶ
740 1475 1033 1550 Symeonis,
1058 1491 1092 1528 a
1111 1483 1288 1530 monte
1309 1474 1626 1599 ahaumasto
1659 1475 1797 1548 (68),
1828 1478 2096 1549 deimagi-

1272 1562 1327 1599 ni
1364 1562 1446 1599 us.

1272 1562 1446 1601 ηιυιιε.

609 1680 627 1714 ι
662 1662 730 1718 At
758 1660 1063 1717 inﬁdelium
1109 1661 1309 1732 aliquis
1331 1660 1520 1717 forsan
1557 1661 1905 1733 vitilitigator
1954 1679 2103 1735 qua:-

531 1752 764 1811 Stionem
788 1762 1096 1823 praeponet,
1119 1754 1378 1823 dicetque
1423 1768 1548 1820 nos,
1601 1753 1697 1824 qui
1751 1754 1809 1808 in
1854 1755 2105 1812 ecclesiis

532 1842 800 1913 imagines
846 1859 1066 1914 quoque
1105 1844 1420 1910 adoramus,
1446 1844 1512 1899 iis
1552 1846 1922 1901 accensendos
1961 1845 2100 1912 fore,

532 1935 628 2004 qui
665 1935 976 1991 simulacris
1030 1936 1291 1992 inanimis
1328 1935 1665 2006 supplicant.
1699 1935 1860 1992 Absit
1894 1938 2103 2007 itaque,

533 2034 595 2080 ut
633 2025 687 2080 id
734 2041 837 2081 nos
888 2028 1318 2084 committamus.
1366 2029 1502 2083 Nam
1553 2027 1688 2098 quid
1735 2036 1904 2099 agunt
1947 2027 2106 2084 Chri-

533 2117 721 2183 stiani,
756 2117 863 2173 ﬁde
891 2129 1177 2188 pensatur,
1200 2126 1257 2173 et
1285 2120 1449 2184 Deus,
1480 2119 1572 2189 qui
1607 2119 1841 2174 mendax
1866 2128 2102 2187 nonest,

532 2208 768 2265 virtutes
789 2218 1068 2279 operatur.
1120 2209 1239 2265 Non
1270 2208 1417 2264 enim
1441 2210 1498 2263 in
1554 2209 1879 2280 quibusdam
1906 2211 2107 2266 colori-

532 2300 639 2354 bus
660 2316 962 2367 moramur,
1020 2300 1116 2356 sed
1146 2302 1317 2356 veluti
1355 2300 1589 2371 contigit
1634 2301 1689 2355 in
1742 2309 2106 2370 repratsenla-

534 2391 684 2445 tione
708 2391 928 2458 litterae,
956 2407 1065 2462 qua
1114 2391 1267 2446 aliud
1312 2390 1675 2460 signiﬁcatur,
1707 2390 1861 2445 illum
1888 2391 1985 2461 qui
2016 2391 2105 2446 in-
2142 2454 2143 2457 η

530 2480 770 2535 visibilis
794 2490 901 2546 est,
961 2482 1020 2536 in
1087 2481 1304 2551 pictura
1363 2479 1789 2550 conspicientes,
1847 2488 2105 2550 tanquam

531 2582 860 2642 prasentem
907 2573 1218 2628 laudamus.
1254 2572 1365 2629 Nec
1410 2572 1461 2627 ei
1492 2571 1796 2639 credimus,
1832 2573 1926 2643 qui
1962 2574 2107 2630 Deus

529 2676 643 2716 non
681 2663 774 2729 sit,
818 2662 915 2718 sed
954 2664 1050 2732 qui
1098 2677 1226 2718 vere
1251 2663 1480 2718 exsistat
1513 2663 1659 2717 Deus
1704 2681 1717 2717 :
1761 2678 1941 2733 neque
1972 2664 2106 2719 item

2205 1476 2323 1534 Τοῦ
2369 1474 2641 1549 μεγάλου
2691 1476 2937 1549 Συμεὼν
2974 1478 3097 1549 τοῦ
3159 1479 3531 1548 Θαυμαστοῦ
3584 1479 3769 1549 ὅρους,

2776 1546 2909 1616 περὶ
2932 1547 3202 1604 εἰκόνων.

2280 1680 2299 1715 ι
2328 1661 2493 1726 Ἴσως
2518 1658 2577 1715 δέ
2602 1677 2690 1724 τις
2728 1658 2839 1713 τῶν
2878 1658 3123 1713 ἀπίστων
3150 1659 3459 1729 φιλόνεικος
3490 1661 3590 1727 ὢν,
3619 1664 3773 1732 ἀμφι-

2205 1753 2489 1825 σϐητήσει,
2521 1751 2715 1820 λέγων,
2747 1751 2829 1805 ὅτι
2862 1750 2975 1805 Καὶ
3002 1752 3166 1822 ἡμεῖς
3202 1752 3262 1806 ὲν
3299 1754 3423 1817 ταῖς
3469 1752 3775 1823 ἐκκλησίαις

2205 1844 2421 1909 εἰκόνας
2473 1841 2928 1916 προσκυνοῦντες,
2961 1842 3040 1906 ὡς
3088 1842 3319 1915 ἀψύχοις
3355 1844 3773 1916 προσευχόμενοι

2205 1935 2447 2000 εἰδώλοις
2481 1934 2946 2006 λογισθησόμεθα.
2967 1934 3064 2007 Μὴ
3086 1930 3179 1989 οὖν
3209 1936 3422 2004 γένοιτο
3453 1937 3603 2007 ἡμᾶς
3631 1936 3774 1991 τοῦτο

2205 2030 2400 2083 ποιεῖν.
2434 2027 2515 2081 Τὰ
2542 2026 2651 2098 γὰρ
2686 2027 2796 2081 τῶν
2847 2027 3191 2098 Χριστιατῶν
3224 2028 3413 2093 πίστις
3442 2029 3568 2082 ἐστὶ
3590 2070 3605 2092 ,
3637 2030 3725 2084 καὶ
3747 2033 3773 2083 ὁ

2206 2118 2446 2197 ᾁψέυδὴς
2475 2117 2635 2189 ἡμῶν
2680 2116 2815 2182 Θεὸς
2859 2118 3077 2189 ἐνεργεῖ
3126 2118 3226 2182 τὰς
3256 2119 3545 2191 δυνάμεις.
3574 2120 3648 2173 Ού
3675 2122 3773 2190 γὰρ

2205 2210 2482 2282 χροῖδιοις,
2513 2208 2653 2263 ἀλλὰ
2696 2209 2757 2263 ὲν
2789 2209 3097 2287 ὑπομνήσει
3143 2209 3239 2263 τοῦ
3268 2210 3569 2265 ἀντιτύπου
3604 2212 3771 2279 γράμ-

2208 2318 2401 2371 ματος,
2429 2299 2666 2370 ὁρῶντες
2696 2299 2790 2354 τὸν
2817 2301 3048 2372 ἀόρατον
3070 2301 3161 2356 διὰ
3202 2300 3304 2369 τῆς
3345 2299 3638 2371 ὁρωμένης
3660 2316 3773 2369 γρα-

2205 2394 2339 2467 φῆς.
2371 2391 2447 2453 ὡς
2486 2389 2733 2460 παρόντα
2771 2390 3085 2463 δοξάζομεν,
3114 2391 3215 2463 οὐχ
3264 2391 3342 2453 ὡς
3391 2390 3472 2459 μὴ
3529 2390 3642 2442 ὄντι
3667 2389 3771 2460 Θεῷ

2209 2479 2560 2543 πιστεύοντες
2580 2496 2595 2511 ο
2622 2480 2739 2534 ἀλλ’
2769 2480 2845 2544 ὡς
2876 2483 2992 2538 ὄντι
3028 2482 3270 2554 ἀληθῶς,
3296 2480 3423 2536 οὔτε
3453 2483 3569 2546 τοῖς
3593 2481 3769 2549 ἁγίοις,

2206 2573 2280 2638 ὡς
2313 2575 2390 2647 μὴ
2418 2571 2593 2636 οὖσιν,
2626 2572 2742 2627 ἀλλ’
2772 2573 2847 2637 ὡς
2876 2574 3018 2641 οὖσι,
3069 2576 3164 2629 καὶ
3194 2572 3331 2638 ζῶσι
3357 2575 3514 2642 παρὰ
3543 2572 3619 2642 τῷ
3646 2572 3767 2641 Θεῷ,

2209 2667 2306 2720 καὶ
2354 2668 2462 2722 τῶν
2491 2665 2824 2738 πνευμάτων
2858 2664 3061 2738 αὐτῶν,
3092 2664 3263 2732 ἁγίων
3291 2666 3466 2719 ὄντων
3492 2663 3586 2716 καὶ
3616 2663 3765 2715 δυνὰο

531 2753 867 2822 sanetis,qui
905 2753 1083 2809 sancti
1110 2768 1220 2807 non
1251 2752 1489 2818 sint,sed
1517 2754 1609 2823 qui
1640 2754 1776 2808 tales
1796 2754 1957 2823 plane
1974 2755 2105 2822 sint,

2213 2775 2305 2828 μει
2334 2759 2470 2814 Θεοῦ
2520 2758 2862 2832 βοηθούντων
2896 2757 3011 2820 τοῖς
3036 2754 3232 2821 ἀξίοις,
3269 2756 3347 2822 ὡς
3376 2753 3654 2826 δεομένοις
3686 2751 3762 2806 a6-

530 2849 586 2896 et
614 2844 802 2899 vivant
824 2844 969 2914 apud
995 2843 1201 2913 Deum;
1229 2860 1356 2900 cum
1393 2845 1559 2899 etiam
1615 2845 1842 2915 spiritus
1889 2861 2108 2911 eorum,

2213 2848 2344 2905 τῶν.
2375 2869 2394 2902 ι

530 2932 601 2986 ob
620 2933 965 2990 sanctitatem
996 2950 1173 3002 suam,
1212 2951 1319 3005 qua
1362 2937 1544 2991 divina
1601 2937 1804 2992 virtute
1855 2936 2063 3008 pollent
2108 2937 2217 2993 illis
2261 2939 2355 3007 qui
2420 2937 2568 3008 digni
2612 2944 2741 2991 sunt
2775 2936 3147 3002 Opitulentur,
3180 2940 3365 3003 utpote
3410 2934 3514 3001 qui
3544 2931 3766 3001 ipsorum

529 3025 730 3083 auxilio
762 3028 1061 3100 indigeant.
1087 3049 1105 3081 ι

603 3162 718 3234 (68)
759 3163 993 3234 Symeon
1023 3180 1056 3215 a
1098 3169 1276 3234 monte
1304 3162 1625 3234 Thaumasto
1644 3161 1913 3234 epistolas
1952 3176 2109 3234 eom-

569 3232 818 3303 luresad
848 3233 1125 3303 Justinnm
1159 3232 1438 3303 juniorem
1459 3232 1702 3303 scripsit,
1748 3232 2014 3303 ultionem
2038 3232 2109 3303 de

532 3301 891 3357 Samaritanis
948 3301 1214 3371 poscens,
1264 3302 1394 3370 qui,
1425 3301 1586 3356 cum’
1610 3302 1994 3371 rebellassent,
2050 3301 2105 3355 in

530 3370 969 3427 Christianorum
1023 3385 1199 3436 sacra,
1258 3379 1315 3425 et
1370 3372 1427 3425 in
1496 3372 1765 3442 imagines
1802 3370 2006 3426 Christi
2050 3380 2109 3425 et

2214 3170 2529 3217 sanctorum
2585 3165 2893 3218 saevierant.
2946 3163 3203 3229 Quintam
3255 3161 3532 3216 habemus
3579 3169 3681 3215 act.
3717 3160 3761 3223 5.

2214 3232 2409 3302 synodi
2432 3249 2532 3287 vn.
2555 3233 2635 3287 Ex
2668 3234 2843 3289 altera
2869 3235 3128 3302 quadam,
3159 3249 3283 3302 qua:
3322 3231 3493 3286 hodie
3528 3246 3635 3285 non
3679 3246 3762 3284 ex-
3870 3268 3871 3271 η

2213 3300 2341 3373 stat,
2379 3300 2747 3373 fragmentum
2784 3300 2931 3372 quod
2971 3303 3062 3359 hic
3106 3300 3763 3370 aﬂ'ertur,transumptum
3874 3332 3877 3373 ε

2209 3369 2335 3425 fuit.

568 3594 3749 3653 Μ

1875 3795 2051 3843 ANNO
2089 3796 2314 3843 DOMINI
2351 3797 2449 3841 DC.

1555 4001 2784 4192 ZACHARIAS

1100 4339 2344 4438 HIEROSOLYMITANUS
2438 4337 3228 4430 PATBIABCHA.

2008 4661 2337 4724 NOTITIA.

1584 4823 1858 4896 (LEQUIEN.
1889 4826 2089 4882 Orient.
2119 4826 2315 4882 Christ.
2349 4837 2387 4883 t.
2416 4826 2505 4890 Ill,
2538 4842 2594 4896 p.
2620 4826 2769 4896 249.)

611 5103 910 5161 Bollandus
941 5114 1067 5167 tom.
1108 5105 1162 5171 5,
1220 5106 1484 5162 Februar.
1530 5108 1600 5162 ad
1648 5107 1796 5163 diem
1830 5110 1924 5177 21,
1972 5110 2140 5180 hujus
2179 5110 2407 5176 mensis,
2438 5128 2562 5183 pag.
2611 5110 2740 5180 247,
2772 5111 2866 5166 ubi
2896 5111 2965 5168 de
3016 5127 3084 5166 eo
3127 5111 3397 5166 Zacharia
3447 5110 3578 5182 agit,
3608 5110 3754 5166 refert

541 5212 609 5252 ex
628 5196 884 5252 Chronico
906 5197 1225 5264 Alexandr.,
1259 5198 1405 5269 quod
1439 5213 1566 5254 cum
1589 5199 1660 5254 20
1691 5198 1909 5270 imperii
1939 5197 2174 5254 Heraclii
2205 5214 2350 5252 anno
2378 5199 2600 5265 desinit,
2623 5198 2943 5254 Zachariam
2980 5199 3131 5253 hunc
3159 5199 3564 5269 patriarchatus
3586 5198 3755 5252 Hiero-

542 5286 851 5358 solymitani
878 5286 1189 5357 suscepisse
1228 5286 1476 5358 regimen
1503 5302 1649 5341 anno
1664 5287 1862 5342 Phoca:
1896 5287 2157 5358 septimo,
2196 5287 2249 5343 id
2276 5296 2360 5342 est
2379 5287 2584 5343 Christi
2612 5287 2734 5343 609.
2766 5287 2859 5344 Sic
2889 5290 3036 5344 enim
3062 5289 3310 5358 loquitur
3338 5289 3502 5359 hujus
3530 5283 3754 5342 chronici

542 5387 735 5432 auctor
758 5377 875 5450 (sed
905 5376 973 5432 ad
999 5393 1203 5432 annum
1231 5377 1426 5432 Phocaa
1457 5383 1533 5446 v).
1563 5377 1791 5431 Moritur
1811 5394 1934 5431 vero
1960 5377 2165 5432 [socius
2196 5378 2505 5448 patriarcha
2536 5376 3043 5448 Hierosolymorum,
3070 5380 3127 5431 in
3147 5378 3298 5447 cujus
3328 5379 3501 5430 locum
3526 5374 3755 5445 sufﬁcitur

542 5455 833 5521 zacharias
865 5467 1132 5538 presbyter
1156 5483 1219 5520 ac
1238 5476 1408 5521 custos
1429 5482 1707 5521 sacrorum
1727 5482 1972 5520 vasorum
1997 5465 2224 5521 ecclesia:
2246 5465 2866 5537 Constantinopolitanw.
2886 5466 3252 5534 Theophanes
3276 5480 3495 5534 quoque
3526 5464 3581 5517 in
3614 5460 3756 5518 Chro-

544 5555 860 5625 nographia,
896 5570 1041 5610 anno
1065 5555 1260 5611 Phocae
1279 5555 1517 5625 septimo
1539 5554 1768 5609 ascribit
1808 5554 2029 5608 initium
2064 5551 2233 5625 Sefgii
2264 5553 2864 5625 Constantinopolitani,
2897 5555 3170 5607 Zachariw
3194 5551 3678 5622 Hierosolymitam’,
3712 5557 3755 5603 et

539 5639 762 5696 Joannis
778 5642 1150 5707 Alexandrini,
1180 5650 1545 5712 cognomento
1560 5640 2001 5713 Eleemosynarii.
2024 5640 2301 5697 Consonat
2320 5642 2646 5699 Anastasius
2670 5642 2812 5698 Bibl.
2831 5642 3051 5697 dicens:
3078 5641 3228 5696 Anno
3261 5642 3472 5711 imperii
3493 5640 3675 5696 Phoci:
3695 5644 3755 5689 vn

539 5725 754 5800 Sergius
804 5727 1446 5800 Constantinopolitanus,
1498 5727 1791 5789 Zacharias
1830 5728 2380 5801 Hierosolymitanus,
2414 5739 2462 5784 et
2510 5730 2744 5789 Joannes
2776 5730 3172 5786 Alexandriam
3200 5729 3465 5783 habentur
3491 5726 3747 5782 antistites.
