  <div class='ocr_page' id='page_1' title='image "/cluster/home/n/w/nwhite01/storage/ocr_20150623/86:2/hvd.32044012719696/740.png"; bbox 0 0 4032 6502; ppageno 0'>
   <div class='ocr_carea' id='block_1_1' title="bbox 258 356 3539 448">
    <p class='ocr_par' dir='ltr' id='par_1_1' title="bbox 258 356 3539 448">
     <span class='ocr_line' id='line_1_1' title="bbox 258 356 3539 448; baseline 0.006 -20"><span class='ocrx_word' id='word_1_1' title='bbox 258 364 398 432; x_wconf 75' lang='lat'><strong>3:21</strong></span> <span class='ocrx_word' id='word_1_2' title='bbox 1019 356 1043 373; x_wconf 76' lang='lat'><strong><em>&#39;</em></strong></span> <span class='ocrx_word' id='word_1_3' title='bbox 1717 384 2048 447; x_wconf 80' lang='lat' dir='ltr'><strong>NOI‘ITIA.</strong></span> <span class='ocrx_word' id='word_1_4' title='bbox 3376 386 3539 448; x_wconf 71' lang='lat'><strong>3222&#39;</strong></span> 
     </span>
    </p>
   </div>
   <div class='ocr_carea' id='block_1_2' title="bbox 257 478 3518 567">
    <p class='ocr_par' dir='ltr' id='par_1_2' title="bbox 257 478 3518 567">
     <span class='ocr_line' id='line_1_2' title="bbox 257 478 3518 567; baseline 0.006 -33"><span class='ocrx_word' id='word_1_5' title='bbox 257 478 515 538; x_wconf 71' lang='lat' dir='ltr'><strong>Nondum</strong></span> <span class='ocrx_word' id='word_1_6' title='bbox 534 498 633 540; x_wconf 81' lang='lat' dir='ltr'><strong>sex</strong></span> <span class='ocrx_word' id='word_1_7' title='bbox 661 488 794 543; x_wconf 88' lang='lat' dir='ltr'><strong>anni</strong></span> <span class='ocrx_word' id='word_1_8' title='bbox 815 490 987 560; x_wconf 85' lang='lat' dir='ltr'><strong>elapsi</strong></span> <span class='ocrx_word' id='word_1_9' title='bbox 1020 501 1180 547; x_wconf 89' lang='lat' dir='ltr'><strong>erant</strong></span> <span class='ocrx_word' id='word_1_10' title='bbox 1231 507 1296 547; x_wconf 80' lang='lat' dir='ltr'><strong>ex</strong></span> <span class='ocrx_word' id='word_1_11' title='bbox 1325 508 1434 563; x_wconf 88' lang='lat' dir='ltr'><strong>quo</strong></span> <span class='ocrx_word' id='word_1_12' title='bbox 1481 493 1549 548; x_wconf 87' lang='lat' dir='ltr'><strong>ad</strong></span> <span class='ocrx_word' id='word_1_13' title='bbox 1578 493 1763 549; x_wconf 83' lang='lat' dir='ltr'><strong>sedem</strong></span> <span class='ocrx_word' id='word_1_14' title='bbox 1798 494 2350 567; x_wconf 85' lang='lat' dir='ltr'><strong>Hierosolymitanam</strong></span> <span class='ocrx_word' id='word_1_15' title='bbox 2390 507 2615 552; x_wconf 87' lang='lat' dir='ltr'><strong>evectus</strong></span> <span class='ocrx_word' id='word_1_16' title='bbox 2672 496 2855 553; x_wconf 82' lang='lat' dir='ltr'><strong>iuerat</strong></span> <span class='ocrx_word' id='word_1_17' title='bbox 2889 498 3204 562; x_wconf 76' lang='lat' dir='ltr'><strong>Zacharias,</strong></span> <span class='ocrx_word' id='word_1_18' title='bbox 3253 512 3377 552; x_wconf 90' lang='lat' dir='ltr'><strong>cum</strong></span> <span class='ocrx_word' id='word_1_19' title='bbox 3419 514 3518 554; x_wconf 81' lang='lat' dir='ltr'><strong>rex</strong></span> 
     </span>
    </p>
   </div>
   <div class='ocr_carea' id='block_1_3' title="bbox 257 568 3520 655">
    <p class='ocr_par' dir='ltr' id='par_1_3' title="bbox 257 568 3520 655">
     <span class='ocr_line' id='line_1_3' title="bbox 257 568 3520 655; baseline 0.005 -32"><span class='ocrx_word' id='word_1_20' title='bbox 257 568 552 626; x_wconf 79' lang='lat' dir='ltr'><strong>Persarum</strong></span> <span class='ocrx_word' id='word_1_21' title='bbox 573 572 831 643; x_wconf 89' lang='lat' dir='ltr'><strong>Cosroes,</strong></span> <span class='ocrx_word' id='word_1_22' title='bbox 866 577 1021 650; x_wconf 87' lang='lat' dir='ltr'><strong>Syria</strong></span> <span class='ocrx_word' id='word_1_23' title='bbox 1058 579 1364 644; x_wconf 74' lang='lat' dir='ltr'><strong>devastata,</strong></span> <span class='ocrx_word' id='word_1_24' title='bbox 1398 581 1595 635; x_wconf 87' lang='lat' dir='ltr'><strong>urbem</strong></span> <span class='ocrx_word' id='word_1_25' title='bbox 1619 580 2061 652; x_wconf 81' lang='lat' dir='ltr'><strong>Hierosolymam</strong></span> <span class='ocrx_word' id='word_1_26' title='bbox 2085 582 2253 651; x_wconf 89' lang='lat' dir='ltr'><strong>cepit,</strong></span> <span class='ocrx_word' id='word_1_27' title='bbox 2281 581 2632 639; x_wconf 90' lang='lat' dir='ltr'><strong>Christianos</strong></span> <span class='ocrx_word' id='word_1_28' title='bbox 2654 584 2731 639; x_wconf 85' lang='lat' dir='ltr'><strong>ibi</strong></span> <span class='ocrx_word' id='word_1_29' title='bbox 2763 584 3027 655; x_wconf 74' lang='lat' dir='ltr'><strong>degentes</strong></span> <span class='ocrx_word' id='word_1_30' title='bbox 3052 586 3107 639; x_wconf 90' lang='lat' dir='ltr'><strong>in</strong></span> <span class='ocrx_word' id='word_1_31' title='bbox 3132 584 3355 640; x_wconf 89' lang='lat' dir='ltr'><strong>vincula</strong></span> <span class='ocrx_word' id='word_1_32' title='bbox 3385 598 3520 639; x_wconf 90' lang='lat' dir='ltr'><strong>con-</strong></span> 
     </span>
    </p>
   </div>
   <div class='ocr_carea' id='block_1_4' title="bbox 255 655 3517 742">
    <p class='ocr_par' dir='ltr' id='par_1_4' title="bbox 255 655 3517 742">
     <span class='ocr_line' id='line_1_4' title="bbox 255 655 3517 742; baseline 0.006 -34"><span class='ocrx_word' id='word_1_33' title='bbox 255 655 418 725; x_wconf 79' lang='lat' dir='ltr'><strong>jecit,</strong></span> <span class='ocrx_word' id='word_1_34' title='bbox 454 658 775 732; x_wconf 74' lang='lat' dir='ltr'><strong>Judzeisque</strong></span> <span class='ocrx_word' id='word_1_35' title='bbox 804 665 899 719; x_wconf 85' lang='lat' dir='ltr'><strong>vili</strong></span> <span class='ocrx_word' id='word_1_36' title='bbox 932 666 1113 735; x_wconf 91' lang='lat' dir='ltr'><strong>pretio</strong></span> <span class='ocrx_word' id='word_1_37' title='bbox 1145 667 1394 731; x_wconf 88' lang='lat' dir='ltr'><strong>tradidit,</strong></span> <span class='ocrx_word' id='word_1_38' title='bbox 1425 683 1455 721; x_wconf 89' lang='lat' dir='ltr'><strong>a</strong></span> <span class='ocrx_word' id='word_1_39' title='bbox 1488 668 1713 738; x_wconf 86' lang='lat' dir='ltr'><strong>quibus,</strong></span> <span class='ocrx_word' id='word_1_40' title='bbox 1747 684 1858 722; x_wconf 91' lang='lat' dir='ltr'><strong>non</strong></span> <span class='ocrx_word' id='word_1_41' title='bbox 1899 679 1960 725; x_wconf 91' lang='lat' dir='ltr'><strong>ut</strong></span> <span class='ocrx_word' id='word_1_42' title='bbox 1990 668 2194 738; x_wconf 82' lang='lat' dir='ltr'><strong>captivi</strong></span> <span class='ocrx_word' id='word_1_43' title='bbox 2235 678 2331 723; x_wconf 89' lang='lat' dir='ltr'><strong>aut</strong></span> <span class='ocrx_word' id='word_1_44' title='bbox 2361 670 2507 725; x_wconf 91' lang='lat' dir='ltr'><strong>servi</strong></span> <span class='ocrx_word' id='word_1_45' title='bbox 2550 671 2767 742; x_wconf 81' lang='lat' dir='ltr'><strong>excepti</strong></span> <span class='ocrx_word' id='word_1_46' title='bbox 2816 676 3066 737; x_wconf 82' lang='lat' dir='ltr'><strong>fuerunt,</strong></span> <span class='ocrx_word' id='word_1_47' title='bbox 3102 671 3200 728; x_wconf 90' lang='lat' dir='ltr'><strong>sed</strong></span> <span class='ocrx_word' id='word_1_48' title='bbox 3238 670 3295 727; x_wconf 90' lang='lat' dir='ltr'><strong>in</strong></span> <span class='ocrx_word' id='word_1_49' title='bbox 3326 671 3517 728; x_wconf 90' lang='lat' dir='ltr'><strong>odium</strong></span> 
     </span>
    </p>
   </div>
   <div class='ocr_carea' id='block_1_5' title="bbox 255 742 3515 830">
    <p class='ocr_par' dir='ltr' id='par_1_5' title="bbox 255 742 3515 830">
     <span class='ocr_line' id='line_1_5' title="bbox 255 742 3515 830; baseline 0.006 -34"><span class='ocrx_word' id='word_1_50' title='bbox 255 742 467 799; x_wconf 87' lang='lat' dir='ltr'><strong>Christi</strong></span> <span class='ocrx_word' id='word_1_51' title='bbox 516 748 756 804; x_wconf 86' lang='lat' dir='ltr'><strong>diversis</strong></span> <span class='ocrx_word' id='word_1_52' title='bbox 786 749 1205 822; x_wconf 88' lang='lat' dir='ltr'><strong>innumerisque</strong></span> <span class='ocrx_word' id='word_1_53' title='bbox 1237 755 1582 809; x_wconf 85' lang='lat' dir='ltr'><strong>cruciatibus</strong></span> <span class='ocrx_word' id='word_1_54' title='bbox 1610 755 1891 811; x_wconf 81' lang='lat' dir='ltr'><strong>interfecti</strong></span> <span class='ocrx_word' id='word_1_55' title='bbox 1921 773 1936 810; x_wconf 86' lang='lat'><strong>:</strong></span> <span class='ocrx_word' id='word_1_56' title='bbox 1971 757 2346 827; x_wconf 88' lang='lat' dir='ltr'><strong>patriarcham</strong></span> <span class='ocrx_word' id='word_1_57' title='bbox 2394 759 2619 814; x_wconf 90' lang='lat' dir='ltr'><strong>demum</strong></span> <span class='ocrx_word' id='word_1_58' title='bbox 2660 770 2717 814; x_wconf 89' lang='lat' dir='ltr'><strong>et</strong></span> <span class='ocrx_word' id='word_1_59' title='bbox 2750 760 2961 830; x_wconf 78' lang='lat' dir='ltr'><strong>lignum</strong></span> <span class='ocrx_word' id='word_1_60' title='bbox 2990 770 3194 816; x_wconf 64' lang='lat' dir='ltr'><strong>sanctae</strong></span> <span class='ocrx_word' id='word_1_61' title='bbox 3238 760 3423 816; x_wconf 88' lang='lat' dir='ltr'><strong>crucis</strong></span> <span class='ocrx_word' id='word_1_62' title='bbox 3454 760 3515 815; x_wconf 90' lang='lat' dir='ltr'><strong>in</strong></span> 
     </span>
    </p>
   </div>
   <div class='ocr_carea' id='block_1_6' title="bbox 258 832 3517 919">
    <p class='ocr_par' dir='ltr' id='par_1_6' title="bbox 258 832 3517 919">
     <span class='ocr_line' id='line_1_6' title="bbox 258 832 3517 919; baseline 0.006 -34"><span class='ocrx_word' id='word_1_63' title='bbox 258 832 541 889; x_wconf 84' lang='lat' dir='ltr'><strong>Persidem</strong></span> <span class='ocrx_word' id='word_1_64' title='bbox 577 839 901 906; x_wconf 84' lang='lat' dir='ltr'><strong>asportavit.</strong></span> <span class='ocrx_word' id='word_1_65' title='bbox 952 841 1029 895; x_wconf 91' lang='lat' dir='ltr'><strong>De</strong></span> <span class='ocrx_word' id='word_1_66' title='bbox 1062 856 1125 895; x_wconf 90' lang='lat' dir='ltr'><strong>ea</strong></span> <span class='ocrx_word' id='word_1_67' title='bbox 1174 841 1329 896; x_wconf 85' lang='lat' dir='ltr'><strong>clade</strong></span> <span class='ocrx_word' id='word_1_68' title='bbox 1378 841 1677 897; x_wconf 89' lang='lat' dir='ltr'><strong>Chronicon</strong></span> <span class='ocrx_word' id='word_1_69' title='bbox 1727 843 2006 911; x_wconf 86' lang='lat' dir='ltr'><strong>Paschale,</strong></span> <span class='ocrx_word' id='word_1_70' title='bbox 2064 847 2179 902; x_wconf 87' lang='lat' dir='ltr'><strong>sive</strong></span> <span class='ocrx_word' id='word_1_71' title='bbox 2224 846 2682 914; x_wconf 83' lang='lat' dir='ltr'><strong>Alexandrinum,</strong></span> <span class='ocrx_word' id='word_1_72' title='bbox 2730 848 2806 903; x_wconf 87' lang='lat' dir='ltr'><strong>ita</strong></span> <span class='ocrx_word' id='word_1_73' title='bbox 2857 850 3126 919; x_wconf 89' lang='lat' dir='ltr'><strong>loquitur,</strong></span> <span class='ocrx_word' id='word_1_74' title='bbox 3162 849 3300 905; x_wconf 87' lang='lat' dir='ltr'><strong>edit.</strong></span> <span class='ocrx_word' id='word_1_75' title='bbox 3334 850 3397 905; x_wconf 91' lang='lat' dir='ltr'><strong>D.</strong></span> <span class='ocrx_word' id='word_1_76' title='bbox 3432 851 3517 905; x_wconf 88' lang='lat' dir='ltr'><strong>Du</strong></span> 
     </span>
    </p>
   </div>
   <div class='ocr_carea' id='block_1_7' title="bbox 256 919 3518 1006">
    <p class='ocr_par' dir='ltr' id='par_1_7' title="bbox 256 919 3518 1006">
     <span class='ocr_line' id='line_1_7' title="bbox 256 919 3518 1006; baseline 0.006 -33"><span class='ocrx_word' id='word_1_77' title='bbox 256 919 463 990; x_wconf 70' lang='lat' dir='ltr'><strong>(lange,</strong></span> <span class='ocrx_word' id='word_1_78' title='bbox 496 923 669 979; x_wconf 89' lang='lat' dir='ltr'><strong>Paris.</strong></span> <span class='ocrx_word' id='word_1_79' title='bbox 702 926 857 990; x_wconf 89' lang='lat'><strong>1688,</strong></span> <span class='ocrx_word' id='word_1_80' title='bbox 882 944 939 997; x_wconf 90' lang='lat' dir='ltr'><strong>p.</strong></span> <span class='ocrx_word' id='word_1_81' title='bbox 979 929 1086 985; x_wconf 84' lang='grc'><strong>585</strong></span> <span class='ocrx_word' id='word_1_82' title='bbox 1124 929 1309 1002; x_wconf 89' lang='lat' dir='ltr'><strong>(anno)</strong></span> <span class='ocrx_word' id='word_1_83' title='bbox 1340 930 1733 1002; x_wconf 59' lang='lat' dir='ltr'><strong>tv;(lleraclii),</strong></span> <span class='ocrx_word' id='word_1_84' title='bbox 1757 932 1941 988; x_wconf 89' lang='lat' dir='ltr'><strong>indict.</strong></span> <span class='ocrx_word' id='word_1_85' title='bbox 1974 933 2070 997; x_wconf 85' lang='lat' dir='ltr'><strong>XI,</strong></span> <span class='ocrx_word' id='word_1_86' title='bbox 2097 941 2213 1005; x_wconf 89' lang='lat' dir='ltr'><strong>post</strong></span> <span class='ocrx_word' id='word_1_87' title='bbox 2241 934 2579 988; x_wconf 73' lang='lat' dir='ltr'><strong>consulatum</strong></span> <span class='ocrx_word' id='word_1_88' title='bbox 2600 934 2833 989; x_wconf 86' lang='lat' dir='ltr'><strong>Heraclii</strong></span> <span class='ocrx_word' id='word_1_89' title='bbox 2872 936 3097 1006; x_wconf 77' lang='lat' dir='ltr'><strong>Augusti</strong></span> <span class='ocrx_word' id='word_1_90' title='bbox 3137 936 3374 992; x_wconf 87' lang='lat' dir='ltr'><strong>tertium.</strong></span> <span class='ocrx_word' id='word_1_91' title='bbox 3405 936 3518 992; x_wconf 85' lang='lat' dir='ltr'><strong>Hoc</strong></span> 
     </span>
    </p>
   </div>
   <div class='ocr_carea' id='block_1_8' title="bbox 264 1014 3519 1095">
    <p class='ocr_par' dir='ltr' id='par_1_8' title="bbox 264 1014 3519 1095">
     <span class='ocr_line' id='line_1_8' title="bbox 264 1014 3519 1095; baseline 0.006 -35"><span class='ocrx_word' id='word_1_92' title='bbox 264 1026 429 1075; x_wconf 89' lang='lat' dir='ltr'><strong>anno,</strong></span> <span class='ocrx_word' id='word_1_93' title='bbox 461 1014 603 1068; x_wconf 90' lang='lat' dir='ltr'><strong>circa</strong></span> <span class='ocrx_word' id='word_1_94' title='bbox 641 1032 870 1071; x_wconf 79' lang='lat' dir='ltr'><strong>mensem</strong></span> <span class='ocrx_word' id='word_1_95' title='bbox 903 1019 1143 1085; x_wconf 75' lang='lat' dir='ltr'><strong>Iunium,</strong></span> <span class='ocrx_word' id='word_1_96' title='bbox 1192 1020 1395 1075; x_wconf 89' lang='lat' dir='ltr'><strong>malum</strong></span> <span class='ocrx_word' id='word_1_97' title='bbox 1433 1021 1577 1076; x_wconf 89' lang='lat' dir='ltr'><strong>nobis</strong></span> <span class='ocrx_word' id='word_1_98' title='bbox 1611 1022 1800 1075; x_wconf 86' lang='lat' dir='ltr'><strong>accidit</strong></span> <span class='ocrx_word' id='word_1_99' title='bbox 1838 1031 2087 1094; x_wconf 89' lang='lat' dir='ltr'><strong>perpetuo</strong></span> <span class='ocrx_word' id='word_1_100' title='bbox 2120 1022 2266 1077; x_wconf 84' lang='lat' dir='ltr'><strong>luctu</strong></span> <span class='ocrx_word' id='word_1_101' title='bbox 2304 1024 2744 1094; x_wconf 89' lang='lat' dir='ltr'><strong>prosequendum.</strong></span> <span class='ocrx_word' id='word_1_102' title='bbox 2781 1023 2914 1078; x_wconf 86' lang='lat' dir='ltr'><strong>Cum</strong></span> <span class='ocrx_word' id='word_1_103' title='bbox 2953 1025 3075 1079; x_wconf 90' lang='lat' dir='ltr'><strong>aliis</strong></span> <span class='ocrx_word' id='word_1_104' title='bbox 3126 1028 3317 1095; x_wconf 78' lang='lat' dir='ltr'><strong>quippe</strong></span> <span class='ocrx_word' id='word_1_105' title='bbox 3377 1042 3519 1080; x_wconf 85' lang='lat' dir='ltr'><strong>com-</strong></span> 
     </span>
    </p>
   </div>
   <div class='ocr_carea' id='block_1_9' title="bbox 259 1095 3517 1179">
    <p class='ocr_par' dir='ltr' id='par_1_9' title="bbox 259 1095 3517 1179">
     <span class='ocr_line' id='line_1_9' title="bbox 259 1095 3517 1179; baseline 0.007 -34"><span class='ocrx_word' id='word_1_106' title='bbox 259 1095 500 1163; x_wconf 85' lang='lat' dir='ltr'><strong>pluribus</strong></span> <span class='ocrx_word' id='word_1_107' title='bbox 527 1099 753 1156; x_wconf 80' lang='lat' dir='ltr'><strong>Orientis</strong></span> <span class='ocrx_word' id='word_1_108' title='bbox 778 1107 1095 1171; x_wconf 77' lang='lat' dir='ltr'><strong>civitatibus,</strong></span> <span class='ocrx_word' id='word_1_109' title='bbox 1125 1108 1427 1162; x_wconf 80' lang='lat' dir='ltr'><strong>Jerusalem</strong></span> <span class='ocrx_word' id='word_1_110' title='bbox 1458 1127 1489 1163; x_wconf 92' lang='lat' dir='ltr'><strong>a</strong></span> <span class='ocrx_word' id='word_1_111' title='bbox 1524 1109 1698 1164; x_wconf 83' lang='lat' dir='ltr'><strong>Persis</strong></span> <span class='ocrx_word' id='word_1_112' title='bbox 1737 1117 1895 1179; x_wconf 91' lang='lat' dir='ltr'><strong>capta</strong></span> <span class='ocrx_word' id='word_1_113' title='bbox 1941 1117 2038 1173; x_wconf 89' lang='lat' dir='ltr'><strong>est,</strong></span> <span class='ocrx_word' id='word_1_114' title='bbox 2076 1108 2257 1165; x_wconf 90' lang='lat' dir='ltr'><strong>multis</strong></span> <span class='ocrx_word' id='word_1_115' title='bbox 2287 1109 2620 1174; x_wconf 90' lang='lat' dir='ltr'><strong>clericorum,</strong></span> <span class='ocrx_word' id='word_1_116' title='bbox 2670 1114 3058 1176; x_wconf 73' lang='lat' dir='ltr'><strong>monachorum</strong></span> <span class='ocrx_word' id='word_1_117' title='bbox 3087 1152 3103 1176; x_wconf 92' lang='lat'><strong>,</strong></span> <span class='ocrx_word' id='word_1_118' title='bbox 3137 1114 3517 1167; x_wconf 85' lang='lat' dir='ltr'><strong>sanctimonia-</strong></span> 
     </span>
    </p>
   </div>
   <div class='ocr_carea' id='block_1_10' title="bbox 262 1183 3515 1269">
    <p class='ocr_par' dir='ltr' id='par_1_10' title="bbox 262 1183 3515 1269">
     <span class='ocr_line' id='line_1_10' title="bbox 262 1183 3515 1269; baseline 0.005 -34"><span class='ocrx_word' id='word_1_119' title='bbox 262 1183 417 1248; x_wconf 82' lang='lat' dir='ltr'><strong>lium,</strong></span> <span class='ocrx_word' id='word_1_120' title='bbox 449 1194 500 1240; x_wconf 88' lang='lat' dir='ltr'><strong>et</strong></span> <span class='ocrx_word' id='word_1_121' title='bbox 527 1190 791 1259; x_wconf 82' lang='lat' dir='ltr'><strong>virginum</strong></span> <span class='ocrx_word' id='word_1_122' title='bbox 818 1193 1050 1248; x_wconf 76' lang='lat' dir='ltr'><strong>millibus</strong></span> <span class='ocrx_word' id='word_1_123' title='bbox 1082 1196 1379 1251; x_wconf 84' lang='lat' dir='ltr'><strong>trucidatis.</strong></span> <span class='ocrx_word' id='word_1_124' title='bbox 1402 1197 1681 1252; x_wconf 88' lang='lat' dir='ltr'><strong>Incensum</strong></span> <span class='ocrx_word' id='word_1_125' title='bbox 1708 1199 1868 1250; x_wconf 89' lang='lat' dir='ltr'><strong>etiam</strong></span> <span class='ocrx_word' id='word_1_126' title='bbox 1890 1197 2228 1251; x_wconf 86' lang='lat' dir='ltr'><strong>Dominicum</strong></span> <span class='ocrx_word' id='word_1_127' title='bbox 2249 1197 2569 1267; x_wconf 86' lang='lat' dir='ltr'><strong>sepulcrum,</strong></span> <span class='ocrx_word' id='word_1_128' title='bbox 2605 1206 2654 1250; x_wconf 87' lang='lat' dir='ltr'><strong>et</strong></span> <span class='ocrx_word' id='word_1_129' title='bbox 2675 1197 3014 1252; x_wconf 89' lang='lat' dir='ltr'><strong>celeberrima</strong></span> <span class='ocrx_word' id='word_1_130' title='bbox 3042 1199 3139 1252; x_wconf 86' lang='lat' dir='ltr'><strong>Dei</strong></span> <span class='ocrx_word' id='word_1_131' title='bbox 3168 1198 3405 1269; x_wconf 88' lang='lat' dir='ltr'><strong>templa:</strong></span> <span class='ocrx_word' id='word_1_132' title='bbox 3441 1206 3515 1266; x_wconf 83' lang='lat' dir='ltr'><strong>et,</strong></span> 
     </span>
    </p>
   </div>
   <div class='ocr_carea' id='block_1_11' title="bbox 262 1277 3508 1356">
    <p class='ocr_par' dir='ltr' id='par_1_11' title="bbox 262 1277 3508 1356">
     <span class='ocr_line' id='line_1_11' title="bbox 262 1277 3508 1356; baseline 0.005 -31"><span class='ocrx_word' id='word_1_133' title='bbox 262 1282 321 1325; x_wconf 90' lang='lat' dir='ltr'><strong>ut</strong></span> <span class='ocrx_word' id='word_1_134' title='bbox 353 1277 504 1331; x_wconf 84' lang='lat' dir='ltr'><strong>verba</strong></span> <span class='ocrx_word' id='word_1_135' title='bbox 529 1279 725 1344; x_wconf 89' lang='lat' dir='ltr'><strong>dicam,</strong></span> <span class='ocrx_word' id='word_1_136' title='bbox 752 1286 985 1351; x_wconf 90' lang='lat' dir='ltr'><strong>pretiosa</strong></span> <span class='ocrx_word' id='word_1_137' title='bbox 1018 1288 1201 1340; x_wconf 87' lang='lat' dir='ltr'><strong>omnia</strong></span> <span class='ocrx_word' id='word_1_138' title='bbox 1234 1287 1522 1341; x_wconf 89' lang='lat' dir='ltr'><strong>destructa.</strong></span> <span class='ocrx_word' id='word_1_139' title='bbox 1569 1287 1882 1340; x_wconf 89' lang='lat' dir='ltr'><strong>Veneranda</strong></span> <span class='ocrx_word' id='word_1_140' title='bbox 1908 1285 2076 1339; x_wconf 90' lang='lat' dir='ltr'><strong>crucis</strong></span> <span class='ocrx_word' id='word_1_141' title='bbox 2101 1284 2271 1355; x_wconf 91' lang='lat' dir='ltr'><strong>ligna,</strong></span> <span class='ocrx_word' id='word_1_142' title='bbox 2301 1301 2419 1339; x_wconf 90' lang='lat' dir='ltr'><strong>cum</strong></span> <span class='ocrx_word' id='word_1_143' title='bbox 2447 1287 2613 1339; x_wconf 86' lang='lat' dir='ltr'><strong>sacris</strong></span> <span class='ocrx_word' id='word_1_144' title='bbox 2642 1287 2779 1339; x_wconf 84' lang='lat' dir='ltr'><strong>vasis</strong></span> <span class='ocrx_word' id='word_1_145' title='bbox 2804 1285 3123 1350; x_wconf 87' lang='lat' dir='ltr'><strong>innumeris,</strong></span> <span class='ocrx_word' id='word_1_146' title='bbox 3156 1287 3444 1356; x_wconf 90' lang='lat' dir='ltr'><strong>capiuntur</strong></span> <span class='ocrx_word' id='word_1_147' title='bbox 3473 1304 3508 1341; x_wconf 90' lang='lat' dir='ltr'><strong>a</strong></span> 
     </span>
    </p>
   </div>
   <div class='ocr_carea' id='block_1_12' title="bbox 260 1360 3512 1445">
    <p class='ocr_par' dir='ltr' id='par_1_12' title="bbox 260 1360 3512 1445">
     <span class='ocr_line' id='line_1_12' title="bbox 260 1360 3512 1445; baseline 0.004 -32"><span class='ocrx_word' id='word_1_148' title='bbox 260 1360 462 1430; x_wconf 81' lang='lat' dir='ltr'><strong>Persis,</strong></span> <span class='ocrx_word' id='word_1_149' title='bbox 486 1374 536 1418; x_wconf 88' lang='lat' dir='ltr'><strong>et</strong></span> <span class='ocrx_word' id='word_1_150' title='bbox 564 1366 855 1425; x_wconf 83' lang='lat' dir='ltr'><strong>Zacharias</strong></span> <span class='ocrx_word' id='word_1_151' title='bbox 875 1374 1182 1443; x_wconf 81' lang='lat' dir='ltr'><strong>patriarcha</strong></span> <span class='ocrx_word' id='word_1_152' title='bbox 1205 1376 1441 1445; x_wconf 88' lang='lat' dir='ltr'><strong>captivus</strong></span> <span class='ocrx_word' id='word_1_153' title='bbox 1473 1375 1769 1428; x_wconf 88' lang='lat' dir='ltr'><strong>abducitur.</strong></span> <span class='ocrx_word' id='word_1_154' title='bbox 1814 1374 1982 1443; x_wconf 80' lang='lat' dir='ltr'><strong>Atque</strong></span> <span class='ocrx_word' id='word_1_155' title='bbox 2007 1375 2115 1428; x_wconf 69' lang='lat' dir='ltr'><strong>haec</strong></span> <span class='ocrx_word' id='word_1_156' title='bbox 2143 1376 2323 1428; x_wconf 89' lang='lat' dir='ltr'><strong>omnia</strong></span> <span class='ocrx_word' id='word_1_157' title='bbox 2341 1413 2356 1439; x_wconf 93' lang='lat'><strong>,</strong></span> <span class='ocrx_word' id='word_1_158' title='bbox 2390 1390 2492 1427; x_wconf 90' lang='lat' dir='ltr'><strong>non</strong></span> <span class='ocrx_word' id='word_1_159' title='bbox 2526 1374 2698 1428; x_wconf 89' lang='lat' dir='ltr'><strong>multa</strong></span> <span class='ocrx_word' id='word_1_160' title='bbox 2726 1375 2855 1427; x_wconf 91' lang='lat' dir='ltr'><strong>anni</strong></span> <span class='ocrx_word' id='word_1_161' title='bbox 2875 1384 3048 1444; x_wconf 86' lang='lat' dir='ltr'><strong>parte,</strong></span> <span class='ocrx_word' id='word_1_162' title='bbox 3068 1391 3161 1427; x_wconf 90' lang='lat' dir='ltr'><strong>nec</strong></span> <span class='ocrx_word' id='word_1_163' title='bbox 3188 1382 3296 1427; x_wconf 89' lang='lat' dir='ltr'><strong>toto</strong></span> <span class='ocrx_word' id='word_1_164' title='bbox 3316 1362 3512 1439; x_wconf 81' lang='lat' dir='ltr'><strong>mense,</strong></span> 
     </span>
    </p>
   </div>
   <div class='ocr_carea' id='block_1_13' title="bbox 257 1451 3512 1531">
    <p class='ocr_par' dir='ltr' id='par_1_13' title="bbox 257 1451 3512 1531">
     <span class='ocr_line' id='line_1_13' title="bbox 257 1451 3512 1531; baseline 0.004 -29"><span class='ocrx_word' id='word_1_165' title='bbox 257 1451 352 1503; x_wconf 85' lang='lat' dir='ltr'><strong>sed</strong></span> <span class='ocrx_word' id='word_1_166' title='bbox 376 1452 523 1506; x_wconf 88' lang='lat' dir='ltr'><strong>intra</strong></span> <span class='ocrx_word' id='word_1_167' title='bbox 555 1472 748 1519; x_wconf 88' lang='lat' dir='ltr'><strong>paucos</strong></span> <span class='ocrx_word' id='word_1_168' title='bbox 801 1460 910 1513; x_wconf 89' lang='lat' dir='ltr'><strong>dies</strong></span> <span class='ocrx_word' id='word_1_169' title='bbox 954 1464 1239 1531; x_wconf 88' lang='lat' dir='ltr'><strong>conligere.</strong></span> <span class='ocrx_word' id='word_1_170' title='bbox 1270 1463 1474 1517; x_wconf 83' lang='lat' dir='ltr'><strong>Eadem</strong></span> <span class='ocrx_word' id='word_1_171' title='bbox 1506 1461 1622 1516; x_wconf 82' lang='lat' dir='ltr'><strong>fere</strong></span> <span class='ocrx_word' id='word_1_172' title='bbox 1648 1462 1843 1516; x_wconf 89' lang='lat' dir='ltr'><strong>scribit</strong></span> <span class='ocrx_word' id='word_1_173' title='bbox 1882 1460 2250 1529; x_wconf 89' lang='lat' dir='ltr'><strong>Theophanes</strong></span> <span class='ocrx_word' id='word_1_174' title='bbox 2295 1461 2350 1514; x_wconf 91' lang='lat' dir='ltr'><strong>in</strong></span> <span class='ocrx_word' id='word_1_175' title='bbox 2404 1460 2843 1531; x_wconf 88' lang='lat' dir='ltr'><strong>Chronographia</strong></span> <span class='ocrx_word' id='word_1_176' title='bbox 2865 1501 2879 1525; x_wconf 93' lang='lat'><strong>,</strong></span> <span class='ocrx_word' id='word_1_177' title='bbox 2915 1461 2983 1515; x_wconf 90' lang='lat' dir='ltr'><strong>ad</strong></span> <span class='ocrx_word' id='word_1_178' title='bbox 3020 1477 3225 1515; x_wconf 90' lang='lat' dir='ltr'><strong>annum</strong></span> <span class='ocrx_word' id='word_1_179' title='bbox 3256 1463 3512 1531; x_wconf 90' lang='lat' dir='ltr'><strong>quintum</strong></span> 
     </span>
    </p>
   </div>
   <div class='ocr_carea' id='block_1_14' title="bbox 261 1535 3512 1619">
    <p class='ocr_par' dir='ltr' id='par_1_14' title="bbox 261 1535 3512 1619">
     <span class='ocr_line' id='line_1_14' title="bbox 261 1535 3512 1619; baseline 0.005 -31"><span class='ocrx_word' id='word_1_180' title='bbox 261 1535 525 1593; x_wconf 81' lang='lat' dir='ltr'><strong>lleraclii.</strong></span> <span class='ocrx_word' id='word_1_181' title='bbox 552 1541 794 1607; x_wconf 82' lang='lat' dir='ltr'><strong>Quartus</strong></span> <span class='ocrx_word' id='word_1_182' title='bbox 825 1546 915 1601; x_wconf 88' lang='lat' dir='ltr'><strong>hic</strong></span> <span class='ocrx_word' id='word_1_183' title='bbox 939 1558 1056 1603; x_wconf 90' lang='lat' dir='ltr'><strong>erat</strong></span> <span class='ocrx_word' id='word_1_184' title='bbox 1086 1548 1235 1619; x_wconf 88' lang='lat' dir='ltr'><strong>(Chr.</strong></span> <span class='ocrx_word' id='word_1_185' title='bbox 1287 1548 1434 1619; x_wconf 74' lang='lat' dir='ltr'><strong>6M),</strong></span> <span class='ocrx_word' id='word_1_186' title='bbox 1471 1549 1588 1612; x_wconf 89' lang='lat' dir='ltr'><strong>sed,</strong></span> <span class='ocrx_word' id='word_1_187' title='bbox 1627 1558 1685 1602; x_wconf 92' lang='lat' dir='ltr'><strong>ut</strong></span> <span class='ocrx_word' id='word_1_188' title='bbox 1711 1556 1897 1613; x_wconf 81' lang='lat' dir='ltr'><strong>monet</strong></span> <span class='ocrx_word' id='word_1_189' title='bbox 1928 1548 2361 1616; x_wconf 91' lang='lat' dir='ltr'><strong>Papebrochius,</strong></span> <span class='ocrx_word' id='word_1_190' title='bbox 2400 1556 2441 1603; x_wconf 88' lang='lat' dir='ltr'><strong>t.</strong></span> <span class='ocrx_word' id='word_1_191' title='bbox 2474 1549 2543 1603; x_wconf 88' lang='lat' dir='ltr'><strong>Ill</strong></span> <span class='ocrx_word' id='word_1_192' title='bbox 2573 1549 2719 1614; x_wconf 82' lang='lat' dir='ltr'><strong>Maii,</strong></span> <span class='ocrx_word' id='word_1_193' title='bbox 2753 1549 2809 1602; x_wconf 92' lang='lat' dir='ltr'><strong>in</strong></span> <span class='ocrx_word' id='word_1_194' title='bbox 2842 1559 3002 1603; x_wconf 90' lang='lat' dir='ltr'><strong>tract.</strong></span> <span class='ocrx_word' id='word_1_195' title='bbox 3039 1550 3272 1618; x_wconf 58' lang='lat' dir='ltr'><strong>praelim.</strong></span> <span class='ocrx_word' id='word_1_196' title='bbox 3298 1566 3352 1603; x_wconf 87' lang='grc' dir='ltr'><strong>η.</strong></span> <span class='ocrx_word' id='word_1_197' title='bbox 3388 1550 3512 1612; x_wconf 70' lang='grc'>154,</span> 
     </span>
    </p>
   </div>
   <div class='ocr_carea' id='block_1_15' title="bbox 260 1626 3517 1707">
    <p class='ocr_par' dir='ltr' id='par_1_15' title="bbox 260 1626 3517 1707">
     <span class='ocr_line' id='line_1_15' title="bbox 260 1626 3517 1707; baseline 0.003 -29"><span class='ocrx_word' id='word_1_198' title='bbox 260 1638 317 1691; x_wconf 89' lang='lat' dir='ltr'><strong>p.</strong></span> <span class='ocrx_word' id='word_1_199' title='bbox 351 1626 440 1690; x_wconf 86' lang='grc'>51,</span> <span class='ocrx_word' id='word_1_200' title='bbox 468 1628 575 1682; x_wconf 89' lang='lat' dir='ltr'><strong>col.</strong></span> <span class='ocrx_word' id='word_1_201' title='bbox 610 1629 661 1694; x_wconf 87' lang='lat'><strong>1,</strong></span> <span class='ocrx_word' id='word_1_202' title='bbox 689 1631 755 1695; x_wconf 81' lang='grc' dir='ltr'>Α,</span> <span class='ocrx_word' id='word_1_203' title='bbox 787 1633 880 1687; x_wconf 89' lang='lat' dir='ltr'><strong>ille</strong></span> <span class='ocrx_word' id='word_1_204' title='bbox 910 1644 1107 1688; x_wconf 84' lang='lat' dir='ltr'><strong>auctor</strong></span> <span class='ocrx_word' id='word_1_205' title='bbox 1141 1650 1253 1689; x_wconf 90' lang='lat' dir='ltr'><strong>uno</strong></span> <span class='ocrx_word' id='word_1_206' title='bbox 1285 1652 1430 1689; x_wconf 83' lang='lat' dir='ltr'><strong>anno</strong></span> <span class='ocrx_word' id='word_1_207' title='bbox 1474 1634 1656 1689; x_wconf 89' lang='lat' dir='ltr'><strong>serius</strong></span> <span class='ocrx_word' id='word_1_208' title='bbox 1686 1634 1741 1687; x_wconf 91' lang='lat' dir='ltr'><strong>in</strong></span> <span class='ocrx_word' id='word_1_209' title='bbox 1772 1635 1932 1691; x_wconf 85' lang='lat' dir='ltr'><strong>armis</strong></span> <span class='ocrx_word' id='word_1_210' title='bbox 1963 1635 2200 1689; x_wconf 87' lang='lat' dir='ltr'><strong>Heraclii</strong></span> <span class='ocrx_word' id='word_1_211' title='bbox 2234 1650 2322 1689; x_wconf 89' lang='lat' dir='ltr'><strong>res</strong></span> <span class='ocrx_word' id='word_1_212' title='bbox 2345 1643 2561 1700; x_wconf 89' lang='lat' dir='ltr'><strong>narrat,</strong></span> <span class='ocrx_word' id='word_1_213' title='bbox 2595 1651 2662 1690; x_wconf 92' lang='lat' dir='ltr'><strong>eo</strong></span> <span class='ocrx_word' id='word_1_214' title='bbox 2701 1636 2847 1705; x_wconf 87' lang='lat' dir='ltr'><strong>quod</strong></span> <span class='ocrx_word' id='word_1_215' title='bbox 2878 1636 3117 1706; x_wconf 88' lang='lat' dir='ltr'><strong>primum</strong></span> <span class='ocrx_word' id='word_1_216' title='bbox 3152 1637 3317 1707; x_wconf 85' lang='lat' dir='ltr'><strong>hujus</strong></span> <span class='ocrx_word' id='word_1_217' title='bbox 3345 1637 3517 1706; x_wconf 85' lang='lat' dir='ltr'><strong>impe-</strong></span> 
     </span>
    </p>
   </div>
   <div class='ocr_carea' id='block_1_16' title="bbox 260 1713 3516 1792">
    <p class='ocr_par' dir='ltr' id='par_1_16' title="bbox 260 1713 3516 1792">
     <span class='ocr_line' id='line_1_16' title="bbox 260 1713 3516 1792; baseline 0.003 -28"><span class='ocrx_word' id='word_1_218' title='bbox 260 1713 463 1768; x_wconf 90' lang='lat' dir='ltr'><strong>ratoris</strong></span> <span class='ocrx_word' id='word_1_219' title='bbox 490 1730 695 1772; x_wconf 87' lang='lat' dir='ltr'><strong>annum</strong></span> <span class='ocrx_word' id='word_1_220' title='bbox 754 1719 808 1774; x_wconf 94' lang='lat' dir='ltr'><strong>in</strong></span> <span class='ocrx_word' id='word_1_221' title='bbox 836 1721 976 1777; x_wconf 90' lang='lat' dir='ltr'><strong>duos</strong></span> <span class='ocrx_word' id='word_1_222' title='bbox 1000 1723 1274 1787; x_wconf 86' lang='lat' dir='ltr'><strong>diviserit,</strong></span> <span class='ocrx_word' id='word_1_223' title='bbox 1309 1722 1774 1792; x_wconf 85' lang='lat' dir='ltr'><strong>quemadmodum</strong></span> <span class='ocrx_word' id='word_1_224' title='bbox 1811 1722 2062 1790; x_wconf 87' lang='lat' dir='ltr'><strong>pluribus</strong></span> <span class='ocrx_word' id='word_1_225' title='bbox 2098 1720 2499 1776; x_wconf 85' lang='lat' dir='ltr'><strong>demonstravit</strong></span> <span class='ocrx_word' id='word_1_226' title='bbox 2542 1723 2687 1776; x_wconf 90' lang='lat' dir='ltr'><strong>idem</strong></span> <span class='ocrx_word' id='word_1_227' title='bbox 2733 1723 3147 1791; x_wconf 86' lang='lat' dir='ltr'><strong>Papebrochius</strong></span> <span class='ocrx_word' id='word_1_228' title='bbox 3193 1724 3249 1777; x_wconf 89' lang='lat' dir='ltr'><strong>in</strong></span> <span class='ocrx_word' id='word_1_229' title='bbox 3292 1721 3516 1791; x_wconf 81' lang='lat' dir='ltr'><strong>Exegesi</strong></span> 
     </span>
    </p>
   </div>
   <div class='ocr_carea' id='block_1_17' title="bbox 261 1801 3511 1882">
    <p class='ocr_par' dir='ltr' id='par_1_17' title="bbox 261 1801 3511 1882">
     <span class='ocr_line' id='line_1_17' title="bbox 261 1801 3511 1882; baseline 0.003 -28"><span class='ocrx_word' id='word_1_230' title='bbox 261 1801 495 1869; x_wconf 58' lang='lat' dir='ltr'><strong>prvelim.</strong></span> <span class='ocrx_word' id='word_1_231' title='bbox 541 1806 608 1860; x_wconf 88' lang='lat' dir='ltr'><strong>ad</strong></span> <span class='ocrx_word' id='word_1_232' title='bbox 645 1816 779 1864; x_wconf 92' lang='lat' dir='ltr'><strong>tom.</strong></span> <span class='ocrx_word' id='word_1_233' title='bbox 805 1809 897 1871; x_wconf 89' lang='lat' dir='ltr'><strong>lll,</strong></span> <span class='ocrx_word' id='word_1_234' title='bbox 930 1811 1091 1865; x_wconf 82' lang='lat' dir='ltr'><strong>Mart.</strong></span> <span class='ocrx_word' id='word_1_235' title='bbox 1122 1826 1241 1882; x_wconf 91' lang='lat' dir='ltr'><strong>cap.</strong></span> <span class='ocrx_word' id='word_1_236' title='bbox 1289 1812 1341 1866; x_wconf 78' lang='grc'><strong>4.</strong></span> <span class='ocrx_word' id='word_1_237' title='bbox 1374 1812 1527 1866; x_wconf 92' lang='lat' dir='ltr'><strong>Anno</strong></span> <span class='ocrx_word' id='word_1_238' title='bbox 1557 1812 1740 1881; x_wconf 91' lang='lat' dir='ltr'><strong>quinto</strong></span> <span class='ocrx_word' id='word_1_239' title='bbox 1775 1809 2087 1880; x_wconf 77' lang='lat' dir='ltr'><strong>(legentium</strong></span> <span class='ocrx_word' id='word_1_240' title='bbox 2132 1814 2346 1878; x_wconf 87' lang='lat' dir='ltr'><strong>quarto)</strong></span> <span class='ocrx_word' id='word_1_241' title='bbox 2370 1810 2580 1879; x_wconf 90' lang='lat' dir='ltr'><strong>imperii</strong></span> <span class='ocrx_word' id='word_1_242' title='bbox 2618 1809 2875 1876; x_wconf 86' lang='lat' dir='ltr'><strong>Heraclii,</strong></span> <span class='ocrx_word' id='word_1_243' title='bbox 2900 1810 3081 1864; x_wconf 68' lang='lat' dir='ltr'><strong>Persa:</strong></span> <span class='ocrx_word' id='word_1_244' title='bbox 3100 1810 3353 1865; x_wconf 75' lang='lat' dir='ltr'><strong>Iordanis</strong></span> <span class='ocrx_word' id='word_1_245' title='bbox 3379 1810 3511 1875; x_wconf 90' lang='lat' dir='ltr'><strong>loca,</strong></span> 
     </span>
    </p>
   </div>
   <div class='ocr_carea' id='block_1_18' title="bbox 257 1888 3515 1969">
    <p class='ocr_par' dir='ltr' id='par_1_18' title="bbox 257 1888 3515 1969">
     <span class='ocr_line' id='line_1_18' title="bbox 257 1888 3515 1969; baseline 0.002 -28"><span class='ocrx_word' id='word_1_246' title='bbox 257 1888 637 1959; x_wconf 68' lang='lat' dir='ltr'><strong>Palastinam,</strong></span> <span class='ocrx_word' id='word_1_247' title='bbox 671 1905 720 1949; x_wconf 90' lang='lat' dir='ltr'><strong>et</strong></span> <span class='ocrx_word' id='word_1_248' title='bbox 739 1907 983 1953; x_wconf 86' lang='lat' dir='ltr'><strong>sanctam</strong></span> <span class='ocrx_word' id='word_1_249' title='bbox 1006 1902 1273 1957; x_wconf 88' lang='lat' dir='ltr'><strong>civitatem</strong></span> <span class='ocrx_word' id='word_1_250' title='bbox 1300 1918 1575 1955; x_wconf 91' lang='lat' dir='ltr'><strong>armorum</strong></span> <span class='ocrx_word' id='word_1_251' title='bbox 1609 1902 1659 1954; x_wconf 91' lang='lat' dir='ltr'><strong>vi</strong></span> <span class='ocrx_word' id='word_1_252' title='bbox 1679 1900 2017 1969; x_wconf 83' lang='lat' dir='ltr'><strong>subegerunt,</strong></span> <span class='ocrx_word' id='word_1_253' title='bbox 2040 1905 2090 1950; x_wconf 90' lang='lat' dir='ltr'><strong>et</strong></span> <span class='ocrx_word' id='word_1_254' title='bbox 2143 1896 2409 1957; x_wconf 87' lang='lat' dir='ltr'><strong>manibus,</strong></span> <span class='ocrx_word' id='word_1_255' title='bbox 2442 1905 2499 1950; x_wconf 89' lang='lat' dir='ltr'><strong>ut</strong></span> <span class='ocrx_word' id='word_1_256' title='bbox 2543 1898 2759 1966; x_wconf 91' lang='lat' dir='ltr'><strong>quidam</strong></span> <span class='ocrx_word' id='word_1_257' title='bbox 2790 1907 3056 1961; x_wconf 78' lang='lat' dir='ltr'><strong>asserunt,</strong></span> <span class='ocrx_word' id='word_1_258' title='bbox 3078 1897 3407 1960; x_wconf 72' lang='lat' dir='ltr'><strong>Judworum,</strong></span> <span class='ocrx_word' id='word_1_259' title='bbox 3445 1897 3515 1951; x_wconf 90' lang='lat' dir='ltr'><strong>ad</strong></span> 
     </span>
    </p>
   </div>
   <div class='ocr_carea' id='block_1_19' title="bbox 258 1981 3513 2056">
    <p class='ocr_par' dir='ltr' id='par_1_19' title="bbox 258 1981 3513 2056">
     <span class='ocr_line' id='line_1_19' title="bbox 258 1981 3513 2056; baseline 0.003 -28"><span class='ocrx_word' id='word_1_260' title='bbox 258 1990 557 2048; x_wconf 79' lang='lat' dir='ltr'><strong>nonaginta</strong></span> <span class='ocrx_word' id='word_1_261' title='bbox 602 1981 1030 2039; x_wconf 85' lang='lat' dir='ltr'><strong>Christianorum</strong></span> <span class='ocrx_word' id='word_1_262' title='bbox 1074 1987 1246 2041; x_wconf 89' lang='lat' dir='ltr'><strong>millia</strong></span> <span class='ocrx_word' id='word_1_263' title='bbox 1303 1988 1658 2041; x_wconf 84' lang='lat' dir='ltr'><strong>trucidarunt.</strong></span> <span class='ocrx_word' id='word_1_264' title='bbox 1700 1987 1870 2056; x_wconf 84' lang='lat' dir='ltr'><strong>Capto</strong></span> <span class='ocrx_word' id='word_1_265' title='bbox 1909 2001 2030 2039; x_wconf 90' lang='lat' dir='ltr'><strong>vero</strong></span> <span class='ocrx_word' id='word_1_266' title='bbox 2078 1984 2571 2056; x_wconf 76' lang='lat' dir='ltr'><strong>Hierosolymorum</strong></span> <span class='ocrx_word' id='word_1_267' title='bbox 2622 1986 2934 2054; x_wconf 82' lang='lat' dir='ltr'><strong>patriarcha</strong></span> <span class='ocrx_word' id='word_1_268' title='bbox 2968 1984 3256 2048; x_wconf 87' lang='lat' dir='ltr'><strong>Zacharia,</strong></span> <span class='ocrx_word' id='word_1_269' title='bbox 3288 1986 3513 2052; x_wconf 88' lang='lat' dir='ltr'><strong>pretioso</strong></span> 
     </span>
    </p>
   </div>
   <div class='ocr_carea' id='block_1_20' title="bbox 254 2064 3513 2145">
    <p class='ocr_par' dir='ltr' id='par_1_20' title="bbox 254 2064 3513 2145">
     <span class='ocr_line' id='line_1_20' title="bbox 254 2064 3513 2145; baseline 0.003 -29"><span class='ocrx_word' id='word_1_270' title='bbox 254 2064 420 2119; x_wconf 86' lang='lat' dir='ltr'><strong>etiam</strong></span> <span class='ocrx_word' id='word_1_271' title='bbox 452 2077 501 2120; x_wconf 92' lang='lat' dir='ltr'><strong>et</strong></span> <span class='ocrx_word' id='word_1_272' title='bbox 532 2070 737 2138; x_wconf 76' lang='lat' dir='ltr'><strong>viviﬁco</strong></span> <span class='ocrx_word' id='word_1_273' title='bbox 769 2074 937 2127; x_wconf 88' lang='lat' dir='ltr'><strong>crucis</strong></span> <span class='ocrx_word' id='word_1_274' title='bbox 969 2072 1111 2145; x_wconf 89' lang='lat' dir='ltr'><strong>ligno</strong></span> <span class='ocrx_word' id='word_1_275' title='bbox 1137 2074 1263 2128; x_wconf 89' lang='lat' dir='ltr'><strong>locis</strong></span> <span class='ocrx_word' id='word_1_276' title='bbox 1290 2075 1399 2129; x_wconf 88' lang='lat' dir='ltr'><strong>illis</strong></span> <span class='ocrx_word' id='word_1_277' title='bbox 1428 2083 1627 2143; x_wconf 88' lang='lat' dir='ltr'><strong>erepto,</strong></span> <span class='ocrx_word' id='word_1_278' title='bbox 1652 2077 1985 2144; x_wconf 88' lang='lat' dir='ltr'><strong>captivorum</strong></span> <span class='ocrx_word' id='word_1_279' title='bbox 2032 2074 2302 2127; x_wconf 83' lang='lat' dir='ltr'><strong>hominum</strong></span> <span class='ocrx_word' id='word_1_280' title='bbox 2334 2072 2728 2126; x_wconf 87' lang='lat' dir='ltr'><strong>multitudinem</strong></span> <span class='ocrx_word' id='word_1_281' title='bbox 2780 2075 3117 2126; x_wconf 86' lang='lat' dir='ltr'><strong>innumeram</strong></span> <span class='ocrx_word' id='word_1_282' title='bbox 3171 2075 3225 2127; x_wconf 91' lang='lat' dir='ltr'><strong>in</strong></span> <span class='ocrx_word' id='word_1_283' title='bbox 3248 2073 3513 2127; x_wconf 84' lang='lat' dir='ltr'><strong>Persidem</strong></span> 
     </span>
    </p>
   </div>
   <div class='ocr_carea' id='block_1_21' title="bbox 256 2151 3510 2233">
    <p class='ocr_par' dir='ltr' id='par_1_21' title="bbox 256 2151 3510 2233">
     <span class='ocr_line' id='line_1_21' title="bbox 256 2151 3510 2233; baseline 0.004 -31"><span class='ocrx_word' id='word_1_284' title='bbox 256 2151 611 2210; x_wconf 72' lang='lat' dir='ltr'><strong>abduxerunt.</strong></span> <span class='ocrx_word' id='word_1_285' title='bbox 643 2157 855 2224; x_wconf 82' lang='lat' dir='ltr'><strong>Exstat,</strong></span> <span class='ocrx_word' id='word_1_286' title='bbox 900 2161 1081 2231; x_wconf 84' lang='lat' dir='ltr'><strong>inquit</strong></span> <span class='ocrx_word' id='word_1_287' title='bbox 1118 2161 1540 2231; x_wconf 83' lang='lat' dir='ltr'><strong>Papebrochius</strong></span> <span class='ocrx_word' id='word_1_288' title='bbox 1592 2163 1756 2216; x_wconf 88' lang='lat' dir='ltr'><strong>modo</strong></span> <span class='ocrx_word' id='word_1_289' title='bbox 1789 2164 2068 2228; x_wconf 89' lang='lat' dir='ltr'><strong>laudatus,</strong></span> <span class='ocrx_word' id='word_1_290' title='bbox 2105 2163 2243 2217; x_wconf 89' lang='lat' dir='ltr'><strong>ibid.</strong></span> <span class='ocrx_word' id='word_1_291' title='bbox 2276 2180 2333 2217; x_wconf 89' lang='grc' dir='ltr'>ιι.</span> <span class='ocrx_word' id='word_1_292' title='bbox 2379 2164 2503 2227; x_wconf 79' lang='grc'>155,</span> <span class='ocrx_word' id='word_1_293' title='bbox 2549 2162 2831 2218; x_wconf 89' lang='lat' dir='ltr'><strong>Francisci</strong></span> <span class='ocrx_word' id='word_1_294' title='bbox 2865 2161 3186 2217; x_wconf 86' lang='lat' dir='ltr'><strong>Combeiisii</strong></span> <span class='ocrx_word' id='word_1_295' title='bbox 3219 2162 3373 2233; x_wconf 86' lang='lat' dir='ltr'><strong>(0rd.</strong></span> <span class='ocrx_word' id='word_1_296' title='bbox 3407 2162 3510 2217; x_wconf 84' lang='lat' dir='ltr'><strong>FF.</strong></span> 
     </span>
    </p>
   </div>
   <div class='ocr_carea' id='block_1_22' title="bbox 253 2239 3515 2323">
    <p class='ocr_par' dir='ltr' id='par_1_22' title="bbox 253 2239 3515 2323">
     <span class='ocr_line' id='line_1_22' title="bbox 253 2239 3515 2323; baseline 0.003 -30"><span class='ocrx_word' id='word_1_297' title='bbox 253 2239 513 2310; x_wconf 68' lang='lat' dir='ltr'><strong>Praedia.)</strong></span> <span class='ocrx_word' id='word_1_298' title='bbox 535 2258 723 2312; x_wconf 78' lang='lat' dir='ltr'><strong>Opera,</strong></span> <span class='ocrx_word' id='word_1_299' title='bbox 754 2256 877 2315; x_wconf 90' lang='lat' dir='ltr'><strong>post</strong></span> <span class='ocrx_word' id='word_1_300' title='bbox 900 2247 1149 2303; x_wconf 89' lang='lat' dir='ltr'><strong>libellum</strong></span> <span class='ocrx_word' id='word_1_301' title='bbox 1182 2250 1358 2305; x_wconf 86' lang='lat' dir='ltr'><strong>sancti</strong></span> <span class='ocrx_word' id='word_1_302' title='bbox 1385 2250 1615 2305; x_wconf 87' lang='lat' dir='ltr'><strong>Joannis</strong></span> <span class='ocrx_word' id='word_1_303' title='bbox 1634 2251 2009 2323; x_wconf 84' lang='lat' dir='ltr'><strong>Chrysostomi</strong></span> <span class='ocrx_word' id='word_1_304' title='bbox 2043 2251 2119 2305; x_wconf 87' lang='lat' dir='ltr'><strong>De</strong></span> <span class='ocrx_word' id='word_1_305' title='bbox 2144 2250 2432 2305; x_wconf 83' lang='lat' dir='ltr'><strong>educandis</strong></span> <span class='ocrx_word' id='word_1_306' title='bbox 2487 2249 2685 2315; x_wconf 88' lang='lat' dir='ltr'><strong>liberis,</strong></span> <span class='ocrx_word' id='word_1_307' title='bbox 2723 2250 2943 2320; x_wconf 89' lang='lat' dir='ltr'><strong>aliaque</strong></span> <span class='ocrx_word' id='word_1_308' title='bbox 2970 2250 3259 2315; x_wconf 90' lang='lat' dir='ltr'><strong>nonnulla,</strong></span> <span class='ocrx_word' id='word_1_309' title='bbox 3285 2248 3515 2304; x_wconf 84' lang='lat' dir='ltr'><strong>Parisiis</strong></span> 
     </span>
    </p>
   </div>
   <div class='ocr_carea' id='block_1_23' title="bbox 250 2329 3510 2409">
    <p class='ocr_par' dir='ltr' id='par_1_23' title="bbox 250 2329 3510 2409">
     <span class='ocr_line' id='line_1_23' title="bbox 250 2329 3510 2409; baseline 0.004 -30"><span class='ocrx_word' id='word_1_310' title='bbox 250 2340 402 2381; x_wconf 87' lang='lat' dir='ltr'><strong>anno</strong></span> <span class='ocrx_word' id='word_1_311' title='bbox 439 2329 598 2394; x_wconf 86' lang='lat'><strong>1656,</strong></span> <span class='ocrx_word' id='word_1_312' title='bbox 631 2331 1049 2392; x_wconf 70' lang='lat' dir='ltr'><strong>Graeco-Latine</strong></span> <span class='ocrx_word' id='word_1_313' title='bbox 1096 2337 1368 2408; x_wconf 89' lang='lat' dir='ltr'><strong>impressa</strong></span> <span class='ocrx_word' id='word_1_314' title='bbox 1421 2339 1675 2408; x_wconf 90' lang='lat' dir='ltr'><strong>epistola,</strong></span> <span class='ocrx_word' id='word_1_315' title='bbox 1728 2355 1893 2409; x_wconf 89' lang='lat' dir='ltr'><strong>quam</strong></span> <span class='ocrx_word' id='word_1_316' title='bbox 1928 2340 2100 2393; x_wconf 71' lang='lat' dir='ltr'><strong>vidua:</strong></span> <span class='ocrx_word' id='word_1_317' title='bbox 2136 2353 2363 2409; x_wconf 73' lang='lat' dir='ltr'><strong>sponsae,</strong></span> <span class='ocrx_word' id='word_1_318' title='bbox 2404 2339 2606 2392; x_wconf 90' lang='lat' dir='ltr'><strong>civitati</strong></span> <span class='ocrx_word' id='word_1_319' title='bbox 2658 2338 2795 2409; x_wconf 89' lang='lat' dir='ltr'><strong>regis</strong></span> <span class='ocrx_word' id='word_1_320' title='bbox 2827 2338 3007 2407; x_wconf 87' lang='lat' dir='ltr'><strong>magni</strong></span> <span class='ocrx_word' id='word_1_321' title='bbox 3063 2336 3240 2390; x_wconf 87' lang='lat' dir='ltr'><strong>liberis</strong></span> <span class='ocrx_word' id='word_1_322' title='bbox 3288 2336 3510 2402; x_wconf 68' lang='lat' dir='ltr'><strong>orbatar,</strong></span> 
     </span>
    </p>
   </div>
   <div class='ocr_carea' id='block_1_24' title="bbox 248 2413 3510 2496">
    <p class='ocr_par' dir='ltr' id='par_1_24' title="bbox 248 2413 3510 2496">
     <span class='ocr_line' id='line_1_24' title="bbox 248 2413 3510 2496; baseline 0.003 -28"><span class='ocrx_word' id='word_1_323' title='bbox 248 2413 736 2489; x_wconf 78' lang='lat' dir='ltr'><strong>Hierosolymitano</strong></span> <span class='ocrx_word' id='word_1_324' title='bbox 784 2424 931 2494; x_wconf 89' lang='lat' dir='ltr'><strong>gregi</strong></span> <span class='ocrx_word' id='word_1_325' title='bbox 970 2432 1237 2494; x_wconf 86' lang='lat' dir='ltr'><strong>pastorem</strong></span> <span class='ocrx_word' id='word_1_326' title='bbox 1286 2443 1390 2480; x_wconf 91' lang='lat' dir='ltr'><strong>non</strong></span> <span class='ocrx_word' id='word_1_327' title='bbox 1419 2426 1631 2481; x_wconf 88' lang='lat' dir='ltr'><strong>habenti</strong></span> <span class='ocrx_word' id='word_1_328' title='bbox 1660 2444 1678 2481; x_wconf 93' lang='lat'><em>:</em></span> <span class='ocrx_word' id='word_1_329' title='bbox 1706 2429 1797 2481; x_wconf 86' lang='lat' dir='ltr'><strong>sed</strong></span> <span class='ocrx_word' id='word_1_330' title='bbox 1822 2435 1871 2480; x_wconf 90' lang='lat' dir='ltr'><strong>et</strong></span> <span class='ocrx_word' id='word_1_331' title='bbox 1924 2427 2139 2496; x_wconf 80' lang='lat' dir='ltr'><strong>reliquis</strong></span> <span class='ocrx_word' id='word_1_332' title='bbox 2171 2427 2409 2481; x_wconf 90' lang='lat' dir='ltr'><strong>omnibus</strong></span> <span class='ocrx_word' id='word_1_333' title='bbox 2441 2428 2494 2479; x_wconf 88' lang='lat' dir='ltr'><strong>in</strong></span> <span class='ocrx_word' id='word_1_334' title='bbox 2523 2426 2730 2482; x_wconf 89' lang='lat' dir='ltr'><strong>Christo</strong></span> <span class='ocrx_word' id='word_1_335' title='bbox 2785 2426 3015 2481; x_wconf 86' lang='lat' dir='ltr'><strong>ecclesiis</strong></span> <span class='ocrx_word' id='word_1_336' title='bbox 3037 2466 3051 2490; x_wconf 93' lang='lat'><strong>,</strong></span> <span class='ocrx_word' id='word_1_337' title='bbox 3094 2426 3424 2495; x_wconf 88' lang='lat' dir='ltr'><strong>residuisque</strong></span> <span class='ocrx_word' id='word_1_338' title='bbox 3449 2424 3510 2477; x_wconf 87' lang='lat' dir='ltr'><strong>in</strong></span> 
     </span>
    </p>
   </div>
   <div class='ocr_carea' id='block_1_25' title="bbox 250 2502 3513 2586">
    <p class='ocr_par' dir='ltr' id='par_1_25' title="bbox 250 2502 3513 2586">
     <span class='ocr_line' id='line_1_25' title="bbox 250 2502 3513 2586; baseline 0.004 -32"><span class='ocrx_word' id='word_1_339' title='bbox 250 2502 362 2557; x_wconf 89' lang='lat' dir='ltr'><strong>illis</strong></span> <span class='ocrx_word' id='word_1_340' title='bbox 382 2503 511 2572; x_wconf 78' lang='lat' dir='ltr'><strong>ﬁliis</strong></span> <span class='ocrx_word' id='word_1_341' title='bbox 543 2509 814 2577; x_wconf 88' lang='lat' dir='ltr'><strong>orphanis,</strong></span> <span class='ocrx_word' id='word_1_342' title='bbox 848 2521 1028 2580; x_wconf 89' lang='lat' dir='ltr'><strong>pastor</strong></span> <span class='ocrx_word' id='word_1_343' title='bbox 1055 2514 1286 2578; x_wconf 86' lang='lat' dir='ltr'><strong>humilis,</strong></span> <span class='ocrx_word' id='word_1_344' title='bbox 1310 2514 1474 2579; x_wconf 91' lang='lat' dir='ltr'><strong>solus,</strong></span> <span class='ocrx_word' id='word_1_345' title='bbox 1501 2517 1756 2586; x_wconf 87' lang='lat' dir='ltr'><strong>captivus,</strong></span> <span class='ocrx_word' id='word_1_346' title='bbox 1778 2515 2067 2569; x_wconf 86' lang='lat' dir='ltr'><strong>Zacharias</strong></span> <span class='ocrx_word' id='word_1_347' title='bbox 2089 2516 2337 2568; x_wconf 83' lang='lat' dir='ltr'><strong>miniatus</strong></span> <span class='ocrx_word' id='word_1_348' title='bbox 2366 2530 2397 2569; x_wconf 92' lang='lat' dir='ltr'><strong>e</strong></span> <span class='ocrx_word' id='word_1_349' title='bbox 2424 2514 2651 2570; x_wconf 87' lang='lat' dir='ltr'><strong>Perside</strong></span> <span class='ocrx_word' id='word_1_350' title='bbox 2682 2514 2926 2584; x_wconf 87' lang='lat' dir='ltr'><strong>scripsit,</strong></span> <span class='ocrx_word' id='word_1_351' title='bbox 2944 2528 3124 2577; x_wconf 87' lang='lat' dir='ltr'><strong>suam,</strong></span> <span class='ocrx_word' id='word_1_352' title='bbox 3163 2512 3513 2581; x_wconf 83' lang='lat' dir='ltr'><strong>aliorumque</strong></span> 
     </span>
    </p>
   </div>
   <div class='ocr_carea' id='block_1_26' title="bbox 248 2592 3516 2672">
    <p class='ocr_par' dir='ltr' id='par_1_26' title="bbox 248 2592 3516 2672">
     <span class='ocr_line' id='line_1_26' title="bbox 248 2592 3516 2672; baseline 0.002 -28"><span class='ocrx_word' id='word_1_353' title='bbox 248 2592 605 2659; x_wconf 86' lang='lat' dir='ltr'><strong>captivorum</strong></span> <span class='ocrx_word' id='word_1_354' title='bbox 634 2598 1006 2655; x_wconf 85' lang='lat' dir='ltr'><strong>calamitatem</strong></span> <span class='ocrx_word' id='word_1_355' title='bbox 1037 2617 1504 2665; x_wconf 89' lang='lat' dir='ltr'><strong>commemorans,</strong></span> <span class='ocrx_word' id='word_1_356' title='bbox 1547 2615 1603 2659; x_wconf 90' lang='lat' dir='ltr'><strong>et</strong></span> <span class='ocrx_word' id='word_1_357' title='bbox 1636 2604 1952 2658; x_wconf 87' lang='lat' dir='ltr'><strong>meminisse</strong></span> <span class='ocrx_word' id='word_1_358' title='bbox 1993 2603 2197 2672; x_wconf 86' lang='lat' dir='ltr'><strong>jubens</strong></span> <span class='ocrx_word' id='word_1_359' title='bbox 2235 2601 2515 2671; x_wconf 89' lang='lat' dir='ltr'><strong>quomodo</strong></span> <span class='ocrx_word' id='word_1_360' title='bbox 2547 2601 2665 2671; x_wconf 90' lang='lat' dir='ltr'><strong>ipse</strong></span> <span class='ocrx_word' id='word_1_361' title='bbox 2704 2601 2955 2670; x_wconf 81' lang='lat' dir='ltr'><strong>quidem,</strong></span> <span class='ocrx_word' id='word_1_362' title='bbox 2982 2599 3204 2670; x_wconf 84' lang='lat' dir='ltr'><strong>quando</strong></span> <span class='ocrx_word' id='word_1_363' title='bbox 3241 2614 3367 2654; x_wconf 88' lang='lat' dir='ltr'><strong>cum</strong></span> <span class='ocrx_word' id='word_1_364' title='bbox 3402 2598 3516 2653; x_wconf 90' lang='lat' dir='ltr'><strong>illis</strong></span> 
     </span>
    </p>
   </div>
   <div class='ocr_carea' id='block_1_27' title="bbox 248 2680 3516 2760">
    <p class='ocr_par' dir='ltr' id='par_1_27' title="bbox 248 2680 3516 2760">
     <span class='ocr_line' id='line_1_27' title="bbox 248 2680 3516 2760; baseline 0.002 -29"><span class='ocrx_word' id='word_1_365' title='bbox 248 2686 393 2744; x_wconf 85' lang='lat' dir='ltr'><strong>erat,</strong></span> <span class='ocrx_word' id='word_1_366' title='bbox 424 2680 479 2735; x_wconf 93' lang='lat' dir='ltr'><strong>in</strong></span> <span class='ocrx_word' id='word_1_367' title='bbox 507 2681 732 2740; x_wconf 63' lang='lat' dir='ltr'><strong>Galilaaa</strong></span> <span class='ocrx_word' id='word_1_368' title='bbox 763 2686 965 2742; x_wconf 82' lang='lat' dir='ltr'><strong>dixerit</strong></span> <span class='ocrx_word' id='word_1_369' title='bbox 995 2706 1008 2741; x_wconf 90' lang='lat'><strong>:</strong></span> <span class='ocrx_word' id='word_1_370' title='bbox 1042 2689 1234 2754; x_wconf 88' lang='lat' dir='ltr'><strong>Plane,</strong></span> <span class='ocrx_word' id='word_1_371' title='bbox 1269 2690 1391 2757; x_wconf 82' lang='lat' dir='ltr'><strong>lilii,</strong></span> <span class='ocrx_word' id='word_1_372' title='bbox 1424 2692 1689 2760; x_wconf 75' lang='lat' dir='ltr'><strong>ingentem</strong></span> <span class='ocrx_word' id='word_1_373' title='bbox 1708 2692 1761 2743; x_wconf 90' lang='lat' dir='ltr'><strong>in</strong></span> <span class='ocrx_word' id='word_1_374' title='bbox 1780 2691 1918 2744; x_wconf 89' lang='lat' dir='ltr'><strong>vobis</strong></span> <span class='ocrx_word' id='word_1_375' title='bbox 1935 2690 2082 2743; x_wconf 89' lang='lat' dir='ltr'><strong>video</strong></span> <span class='ocrx_word' id='word_1_376' title='bbox 2103 2689 2395 2754; x_wconf 89' lang='lat' dir='ltr'><strong>incuriam,</strong></span> <span class='ocrx_word' id='word_1_377' title='bbox 2420 2688 2647 2742; x_wconf 88' lang='lat' dir='ltr'><strong>multam</strong></span> <span class='ocrx_word' id='word_1_378' title='bbox 2668 2689 2967 2758; x_wconf 84' lang='lat' dir='ltr'><strong>segnitiem,</strong></span> <span class='ocrx_word' id='word_1_379' title='bbox 2994 2688 3339 2756; x_wconf 85' lang='lat' dir='ltr'><strong>injustitiam,</strong></span> <span class='ocrx_word' id='word_1_380' title='bbox 3364 2688 3516 2757; x_wconf 89' lang='lat' dir='ltr'><strong>igno-</strong></span> 
     </span>
    </p>
   </div>
   <div class='ocr_carea' id='block_1_28' title="bbox 250 2769 3516 2848">
    <p class='ocr_par' dir='ltr' id='par_1_28' title="bbox 250 2769 3516 2848">
     <span class='ocr_line' id='line_1_28' title="bbox 250 2769 3516 2848; baseline 0.002 -31"><span class='ocrx_word' id='word_1_381' title='bbox 250 2769 511 2834; x_wconf 89' lang='lat' dir='ltr'><strong>rantiam,</strong></span> <span class='ocrx_word' id='word_1_382' title='bbox 541 2772 839 2841; x_wconf 88' lang='lat' dir='ltr'><strong>fraternum</strong></span> <span class='ocrx_word' id='word_1_383' title='bbox 876 2777 1077 2840; x_wconf 88' lang='lat' dir='ltr'><strong>odium,</strong></span> <span class='ocrx_word' id='word_1_384' title='bbox 1123 2779 1534 2848; x_wconf 83' lang='lat' dir='ltr'><strong>apostolicorum</strong></span> <span class='ocrx_word' id='word_1_385' title='bbox 1571 2795 1837 2832; x_wconf 90' lang='lat' dir='ltr'><strong>canonum</strong></span> <span class='ocrx_word' id='word_1_386' title='bbox 1872 2778 2350 2847; x_wconf 84' lang='lat' dir='ltr'><strong>transgressionem</strong></span> <span class='ocrx_word' id='word_1_387' title='bbox 2400 2787 2563 2846; x_wconf 87' lang='lat' dir='ltr'><strong>atque</strong></span> <span class='ocrx_word' id='word_1_388' title='bbox 2592 2783 2991 2845; x_wconf 87' lang='lat' dir='ltr'><strong>contemptum;</strong></span> <span class='ocrx_word' id='word_1_389' title='bbox 3025 2790 3118 2827; x_wconf 88' lang='lat' dir='ltr'><strong>nec</strong></span> <span class='ocrx_word' id='word_1_390' title='bbox 3146 2774 3252 2827; x_wconf 89' lang='lat' dir='ltr'><strong>scio</strong></span> <span class='ocrx_word' id='word_1_391' title='bbox 3286 2789 3516 2843; x_wconf 86' lang='lat' dir='ltr'><strong>quonam</strong></span> 
     </span>
    </p>
   </div>
   <div class='ocr_carea' id='block_1_29' title="bbox 251 2860 3517 2936">
    <p class='ocr_par' dir='ltr' id='par_1_29' title="bbox 251 2860 3517 2936">
     <span class='ocr_line' id='line_1_29' title="bbox 251 2860 3517 2936; baseline 0.003 -31"><span class='ocrx_word' id='word_1_392' title='bbox 251 2870 338 2908; x_wconf 88' lang='lat' dir='ltr'><strong>res</strong></span> <span class='ocrx_word' id='word_1_393' title='bbox 366 2864 559 2912; x_wconf 68' lang='lat' dir='ltr'><strong>nostris</strong></span> <span class='ocrx_word' id='word_1_394' title='bbox 586 2875 822 2915; x_wconf 62' lang='lat' dir='ltr'><strong>evasura?</strong></span> <span class='ocrx_word' id='word_1_395' title='bbox 850 2864 955 2916; x_wconf 89' lang='lat' dir='ltr'><strong>sint</strong></span> <span class='ocrx_word' id='word_1_396' title='bbox 982 2881 999 2918; x_wconf 92' lang='lat'><strong><em>:</em></strong></span> <span class='ocrx_word' id='word_1_397' title='bbox 1028 2865 1183 2934; x_wconf 89' lang='lat' dir='ltr'><strong>Ipsos</strong></span> <span class='ocrx_word' id='word_1_398' title='bbox 1216 2880 1349 2921; x_wconf 89' lang='lat' dir='ltr'><strong>vero</strong></span> <span class='ocrx_word' id='word_1_399' title='bbox 1381 2866 1717 2936; x_wconf 82' lang='lat' dir='ltr'><strong>respondere</strong></span> <span class='ocrx_word' id='word_1_400' title='bbox 1748 2867 1941 2920; x_wconf 88' lang='lat' dir='ltr'><strong>solitos</strong></span> <span class='ocrx_word' id='word_1_401' title='bbox 1966 2883 1978 2918; x_wconf 89' lang='lat'><strong>:</strong></span> <span class='ocrx_word' id='word_1_402' title='bbox 2003 2865 2182 2919; x_wconf 86' lang='lat' dir='ltr'><strong>Bonus</strong></span> <span class='ocrx_word' id='word_1_403' title='bbox 2207 2873 2284 2919; x_wconf 89' lang='lat' dir='ltr'><strong>est</strong></span> <span class='ocrx_word' id='word_1_404' title='bbox 2316 2864 2479 2927; x_wconf 90' lang='lat' dir='ltr'><strong>Deus,</strong></span> <span class='ocrx_word' id='word_1_405' title='bbox 2515 2879 2609 2916; x_wconf 88' lang='lat' dir='ltr'><strong>nec</strong></span> <span class='ocrx_word' id='word_1_406' title='bbox 2648 2879 2742 2915; x_wconf 90' lang='lat' dir='ltr'><strong>nos</strong></span> <span class='ocrx_word' id='word_1_407' title='bbox 2764 2863 2959 2915; x_wconf 88' lang='lat' dir='ltr'><strong>creavit</strong></span> <span class='ocrx_word' id='word_1_408' title='bbox 2984 2871 3041 2914; x_wconf 91' lang='lat' dir='ltr'><strong>ut</strong></span> <span class='ocrx_word' id='word_1_409' title='bbox 3066 2860 3325 2929; x_wconf 87' lang='lat' dir='ltr'><strong>perderet.</strong></span> <span class='ocrx_word' id='word_1_410' title='bbox 3357 2860 3517 2914; x_wconf 84' lang='lat' dir='ltr'><strong>Nunc</strong></span> 
     </span>
    </p>
   </div>
   <div class='ocr_carea' id='block_1_30' title="bbox 249 2945 3519 3021">
    <p class='ocr_par' dir='ltr' id='par_1_30' title="bbox 249 2945 3519 3021">
     <span class='ocr_line' id='line_1_30' title="bbox 249 2945 3519 3021; baseline 0.002 -24"><span class='ocrx_word' id='word_1_411' title='bbox 249 2957 386 3014; x_wconf 86' lang='lat' dir='ltr'><strong>ergo</strong></span> <span class='ocrx_word' id='word_1_412' title='bbox 430 2945 686 3001; x_wconf 77' lang='lat' dir='ltr'><strong>hortatur</strong></span> <span class='ocrx_word' id='word_1_413' title='bbox 721 2964 819 3003; x_wconf 91' lang='lat' dir='ltr'><strong>eos</strong></span> <span class='ocrx_word' id='word_1_414' title='bbox 851 2950 919 3004; x_wconf 91' lang='lat' dir='ltr'><strong>ad</strong></span> <span class='ocrx_word' id='word_1_415' title='bbox 948 2954 1356 3020; x_wconf 83' lang='lat' dir='ltr'><strong>paenitentiam,</strong></span> <span class='ocrx_word' id='word_1_416' title='bbox 1388 2954 1833 3009; x_wconf 89' lang='lat' dir='ltr'><strong>emendationem</strong></span> <span class='ocrx_word' id='word_1_417' title='bbox 1870 2969 2112 3017; x_wconf 89' lang='lat' dir='ltr'><strong>morum,</strong></span> <span class='ocrx_word' id='word_1_418' title='bbox 2171 2952 2607 3007; x_wconf 87' lang='lat' dir='ltr'><strong>misericordiam</strong></span> <span class='ocrx_word' id='word_1_419' title='bbox 2660 2967 2787 3021; x_wconf 82' lang='lat' dir='ltr'><strong>erga</strong></span> <span class='ocrx_word' id='word_1_420' title='bbox 2838 2950 3089 3019; x_wconf 85' lang='lat' dir='ltr'><strong>captivos</strong></span> <span class='ocrx_word' id='word_1_421' title='bbox 3144 2949 3370 3013; x_wconf 83' lang='lat' dir='ltr'><strong>fratres;</strong></span> <span class='ocrx_word' id='word_1_422' title='bbox 3422 2958 3519 3004; x_wconf 86' lang='lat' dir='ltr'><strong>aut</strong></span> 
     </span>
    </p>
   </div>
   <div class='ocr_carea' id='block_1_31' title="bbox 249 3033 2922 3111">
    <p class='ocr_par' dir='ltr' id='par_1_31' title="bbox 249 3033 2922 3111">
     <span class='ocr_line' id='line_1_31' title="bbox 249 3033 2922 3111; baseline 0.002 -26"><span class='ocrx_word' id='word_1_423' title='bbox 249 3033 457 3101; x_wconf 89' lang='lat' dir='ltr'><strong>quibus</strong></span> <span class='ocrx_word' id='word_1_424' title='bbox 489 3052 601 3091; x_wconf 91' lang='lat' dir='ltr'><strong>non</strong></span> <span class='ocrx_word' id='word_1_425' title='bbox 622 3039 865 3107; x_wconf 90' lang='lat' dir='ltr'><strong>suppetit</strong></span> <span class='ocrx_word' id='word_1_426' title='bbox 889 3042 1037 3106; x_wconf 85' lang='lat' dir='ltr'><strong>quod</strong></span> <span class='ocrx_word' id='word_1_427' title='bbox 1060 3042 1385 3111; x_wconf 84' lang='lat' dir='ltr'><strong>largiantur,</strong></span> <span class='ocrx_word' id='word_1_428' title='bbox 1418 3042 1487 3095; x_wconf 89' lang='lat' dir='ltr'><strong>ad</strong></span> <span class='ocrx_word' id='word_1_429' title='bbox 1515 3057 1726 3111; x_wconf 88' lang='lat' dir='ltr'><strong>preces,</strong></span> <span class='ocrx_word' id='word_1_430' title='bbox 1747 3042 1978 3111; x_wconf 86' lang='lat' dir='ltr'><strong>jejunia,</strong></span> <span class='ocrx_word' id='word_1_431' title='bbox 2012 3040 2493 3094; x_wconf 87' lang='lat' dir='ltr'><strong>humicnbationes</strong></span> <span class='ocrx_word' id='word_1_432' title='bbox 2546 3047 2605 3092; x_wconf 92' lang='lat' dir='ltr'><strong>et</strong></span> <span class='ocrx_word' id='word_1_433' title='bbox 2636 3039 2922 3108; x_wconf 88' lang='lat' dir='ltr'><strong>lacrymas.</strong></span> 
     </span>
    </p>
   </div>
   <div class='ocr_carea' id='block_1_32' title="bbox 327 3112 3519 3198">
    <p class='ocr_par' dir='ltr' id='par_1_32' title="bbox 327 3112 3519 3198">
     <span class='ocr_line' id='line_1_32' title="bbox 327 3112 3519 3198; baseline 0.002 -23"><span class='ocrx_word' id='word_1_434' title='bbox 327 3120 384 3175; x_wconf 91' lang='lat' dir='ltr'><strong>Si</strong></span> <span class='ocrx_word' id='word_1_435' title='bbox 414 3138 536 3191; x_wconf 69' lang='lat' dir='ltr'><strong>qua:</strong></span> <span class='ocrx_word' id='word_1_436' title='bbox 568 3136 754 3179; x_wconf 93' lang='lat' dir='ltr'><strong>autem</strong></span> <span class='ocrx_word' id='word_1_437' title='bbox 786 3126 841 3179; x_wconf 90' lang='lat' dir='ltr'><strong>in</strong></span> <span class='ocrx_word' id='word_1_438' title='bbox 877 3136 1024 3182; x_wconf 87' lang='lat' dir='ltr'><strong>tanta</strong></span> <span class='ocrx_word' id='word_1_439' title='bbox 1055 3130 1372 3183; x_wconf 85' lang='lat' dir='ltr'><strong>calamitate</strong></span> <span class='ocrx_word' id='word_1_440' title='bbox 1418 3128 1656 3183; x_wconf 88' lang='lat' dir='ltr'><strong>inveniri</strong></span> <span class='ocrx_word' id='word_1_441' title='bbox 1692 3112 1873 3198; x_wconf 81' lang='lat' dir='ltr'><strong>potuit</strong></span> <span class='ocrx_word' id='word_1_442' title='bbox 1900 3128 2205 3183; x_wconf 88' lang='lat' dir='ltr'><strong>consolatio</strong></span> <span class='ocrx_word' id='word_1_443' title='bbox 2246 3126 2566 3195; x_wconf 90' lang='lat' dir='ltr'><strong>temporalis</strong></span> <span class='ocrx_word' id='word_1_444' title='bbox 2592 3166 2606 3189; x_wconf 94' lang='lat'><strong>,</strong></span> <span class='ocrx_word' id='word_1_445' title='bbox 2638 3126 2756 3179; x_wconf 82' lang='lat' dir='ltr'><strong>haec</strong></span> <span class='ocrx_word' id='word_1_446' title='bbox 2790 3126 3069 3196; x_wconf 68' lang='lat' dir='ltr'><strong>praecipue</strong></span> <span class='ocrx_word' id='word_1_447' title='bbox 3104 3125 3519 3181; x_wconf 83' lang='lat' dir='ltr'><strong>subministrata</strong></span> 
     </span>
    </p>
   </div>
   <div class='ocr_carea' id='block_1_33' title="bbox 251 3212 3522 3288">
    <p class='ocr_par' dir='ltr' id='par_1_33' title="bbox 251 3212 3522 3288">
     <span class='ocr_line' id='line_1_33' title="bbox 251 3212 3522 3288; baseline 0.002 -25"><span class='ocrx_word' id='word_1_448' title='bbox 251 3218 341 3263; x_wconf 85' lang='lat' dir='ltr'><strong>est</strong></span> <span class='ocrx_word' id='word_1_449' title='bbox 369 3226 398 3264; x_wconf 92' lang='lat' dir='ltr'><strong>a</strong></span> <span class='ocrx_word' id='word_1_450' title='bbox 426 3221 620 3266; x_wconf 86' lang='lat' dir='ltr'><strong>sancto</strong></span> <span class='ocrx_word' id='word_1_451' title='bbox 678 3214 894 3270; x_wconf 87' lang='lat' dir='ltr'><strong>Joanne</strong></span> <span class='ocrx_word' id='word_1_452' title='bbox 952 3216 1427 3288; x_wconf 86' lang='lat' dir='ltr'><strong>Eleemosynario,</strong></span> <span class='ocrx_word' id='word_1_453' title='bbox 1466 3225 1599 3271; x_wconf 87' lang='lat' dir='ltr'><strong>tunc</strong></span> <span class='ocrx_word' id='word_1_454' title='bbox 1637 3216 1902 3286; x_wconf 84' lang='lat' dir='ltr'><strong>temporis</strong></span> <span class='ocrx_word' id='word_1_455' title='bbox 1954 3214 2272 3285; x_wconf 88' lang='lat' dir='ltr'><strong>patriarcha</strong></span> <span class='ocrx_word' id='word_1_456' title='bbox 2310 3212 2709 3277; x_wconf 82' lang='lat' dir='ltr'><strong>Alexandrino,</strong></span> <span class='ocrx_word' id='word_1_457' title='bbox 2739 3212 2807 3267; x_wconf 90' lang='lat' dir='ltr'><strong>de</strong></span> <span class='ocrx_word' id='word_1_458' title='bbox 2855 3228 2966 3282; x_wconf 90' lang='lat' dir='ltr'><strong>quo</strong></span> <span class='ocrx_word' id='word_1_459' title='bbox 3020 3214 3124 3268; x_wconf 90' lang='lat' dir='ltr'><strong>ista</strong></span> <span class='ocrx_word' id='word_1_460' title='bbox 3156 3214 3351 3269; x_wconf 89' lang='lat' dir='ltr'><strong>scribit</strong></span> <span class='ocrx_word' id='word_1_461' title='bbox 3401 3214 3522 3284; x_wconf 84' lang='lat' dir='ltr'><strong>ejus</strong></span> 
     </span>
    </p>
   </div>
   <div class='ocr_carea' id='block_1_34' title="bbox 252 3296 3524 3373">
    <p class='ocr_par' dir='ltr' id='par_1_34' title="bbox 252 3296 3524 3373">
     <span class='ocr_line' id='line_1_34' title="bbox 252 3296 3524 3373; baseline 0.002 -23"><span class='ocrx_word' id='word_1_462' title='bbox 252 3296 395 3351; x_wconf 63' lang='lat' dir='ltr'><strong>Vitae</strong></span> <span class='ocrx_word' id='word_1_463' title='bbox 432 3311 627 3355; x_wconf 90' lang='lat' dir='ltr'><strong>auctor</strong></span> <span class='ocrx_word' id='word_1_464' title='bbox 664 3300 961 3366; x_wconf 76' lang='lat' dir='ltr'><strong>Leontius,</strong></span> <span class='ocrx_word' id='word_1_465' title='bbox 993 3302 1137 3373; x_wconf 88' lang='lat' dir='ltr'><strong>apud</strong></span> <span class='ocrx_word' id='word_1_466' title='bbox 1166 3304 1369 3357; x_wconf 84' lang='lat' dir='ltr'><strong>Baron.</strong></span> <span class='ocrx_word' id='word_1_467' title='bbox 1432 3304 1499 3358; x_wconf 86' lang='lat' dir='ltr'><strong>ad</strong></span> <span class='ocrx_word' id='word_1_468' title='bbox 1533 3319 1736 3357; x_wconf 86' lang='lat' dir='ltr'><strong>annum</strong></span> <span class='ocrx_word' id='word_1_469' title='bbox 1785 3303 1990 3357; x_wconf 86' lang='lat' dir='ltr'><strong>Christi</strong></span> <span class='ocrx_word' id='word_1_470' title='bbox 2040 3302 2166 3367; x_wconf 77' lang='grc'>614,</span> <span class='ocrx_word' id='word_1_471' title='bbox 2203 3302 2375 3365; x_wconf 79' lang='lat' dir='ltr'><strong>n.15,</strong></span> <span class='ocrx_word' id='word_1_472' title='bbox 2410 3303 2513 3356; x_wconf 90' lang='lat' dir='ltr'><strong>col.</strong></span> <span class='ocrx_word' id='word_1_473' title='bbox 2549 3301 2673 3355; x_wconf 71' lang='grc'>261.</span> <span class='ocrx_word' id='word_1_474' title='bbox 2713 3300 2845 3355; x_wconf 92' lang='lat' dir='ltr'><strong>Cum</strong></span> <span class='ocrx_word' id='word_1_475' title='bbox 2870 3301 3046 3357; x_wconf 78' lang='lat' dir='ltr'><strong>Persa:</strong></span> <span class='ocrx_word' id='word_1_476' title='bbox 3070 3302 3313 3372; x_wconf 85' lang='lat' dir='ltr'><strong>populati</strong></span> <span class='ocrx_word' id='word_1_477' title='bbox 3353 3310 3524 3356; x_wconf 87' lang='lat' dir='ltr'><strong>essent</strong></span> 
     </span>
    </p>
   </div>
   <div class='ocr_carea' id='block_1_35' title="bbox 253 3386 3522 3460">
    <p class='ocr_par' dir='ltr' id='par_1_35' title="bbox 253 3386 3522 3460">
     <span class='ocr_line' id='line_1_35' title="bbox 253 3386 3522 3460; baseline 0.002 -23"><span class='ocrx_word' id='word_1_478' title='bbox 253 3386 556 3440; x_wconf 83' lang='lat' dir='ltr'><strong>universam</strong></span> <span class='ocrx_word' id='word_1_479' title='bbox 582 3386 814 3459; x_wconf 83' lang='lat' dir='ltr'><strong>Syriam,</strong></span> <span class='ocrx_word' id='word_1_480' title='bbox 844 3391 934 3460; x_wconf 89' lang='lat' dir='ltr'><strong>qui</strong></span> <span class='ocrx_word' id='word_1_481' title='bbox 954 3406 1133 3443; x_wconf 90' lang='lat' dir='ltr'><strong>eorum</strong></span> <span class='ocrx_word' id='word_1_482' title='bbox 1174 3407 1365 3444; x_wconf 91' lang='lat' dir='ltr'><strong>manus</strong></span> <span class='ocrx_word' id='word_1_483' title='bbox 1396 3399 1676 3460; x_wconf 85' lang='lat' dir='ltr'><strong>potuerunt</strong></span> <span class='ocrx_word' id='word_1_484' title='bbox 1708 3392 1949 3459; x_wconf 78' lang='lat' dir='ltr'><strong>effugere,</strong></span> <span class='ocrx_word' id='word_1_485' title='bbox 1983 3398 2091 3442; x_wconf 91' lang='lat' dir='ltr'><strong>tum</strong></span> <span class='ocrx_word' id='word_1_486' title='bbox 2119 3388 2241 3442; x_wconf 89' lang='lat' dir='ltr'><strong>laici</strong></span> <span class='ocrx_word' id='word_1_487' title='bbox 2269 3391 2359 3460; x_wconf 86' lang='lat' dir='ltr'><strong>qui</strong></span> <span class='ocrx_word' id='word_1_488' title='bbox 2388 3390 2762 3459; x_wconf 89' lang='lat' dir='ltr'><strong>magistratum</strong></span> <span class='ocrx_word' id='word_1_489' title='bbox 2792 3389 3063 3457; x_wconf 85' lang='lat' dir='ltr'><strong>gerebant,</strong></span> <span class='ocrx_word' id='word_1_490' title='bbox 3083 3397 3131 3442; x_wconf 88' lang='lat' dir='ltr'><strong>et</strong></span> <span class='ocrx_word' id='word_1_491' title='bbox 3162 3390 3378 3458; x_wconf 90' lang='lat' dir='ltr'><strong>privati,</strong></span> <span class='ocrx_word' id='word_1_492' title='bbox 3412 3399 3522 3443; x_wconf 89' lang='lat' dir='ltr'><strong>tum</strong></span> 
     </span>
    </p>
   </div>
   <div class='ocr_carea' id='block_1_36' title="bbox 254 3471 3526 3549">
    <p class='ocr_par' dir='ltr' id='par_1_36' title="bbox 254 3471 3526 3549">
     <span class='ocr_line' id='line_1_36' title="bbox 254 3471 3526 3549; baseline 0.001 -24"><span class='ocrx_word' id='word_1_493' title='bbox 254 3471 437 3527; x_wconf 88' lang='lat' dir='ltr'><strong>clerici</strong></span> <span class='ocrx_word' id='word_1_494' title='bbox 460 3491 580 3527; x_wconf 89' lang='lat' dir='ltr'><strong>cum</strong></span> <span class='ocrx_word' id='word_1_495' title='bbox 605 3478 856 3547; x_wconf 86' lang='lat' dir='ltr'><strong>episcopis</strong></span> <span class='ocrx_word' id='word_1_496' title='bbox 881 3479 1193 3549; x_wconf 89' lang='lat' dir='ltr'><strong>confugiunt</strong></span> <span class='ocrx_word' id='word_1_497' title='bbox 1218 3476 1627 3531; x_wconf 74' lang='lat' dir='ltr'><strong>Alexandriam.</strong></span> <span class='ocrx_word' id='word_1_498' title='bbox 1659 3475 1856 3541; x_wconf 83' lang='lat' dir='ltr'><strong>Quibus</strong></span> <span class='ocrx_word' id='word_1_499' title='bbox 1881 3477 2122 3530; x_wconf 87' lang='lat' dir='ltr'><strong>omnibus</strong></span> <span class='ocrx_word' id='word_1_500' title='bbox 2159 3476 2299 3530; x_wconf 85' lang='lat' dir='ltr'><strong>dives</strong></span> <span class='ocrx_word' id='word_1_501' title='bbox 2329 3475 2423 3529; x_wconf 88' lang='lat' dir='ltr'><strong>ille</strong></span> <span class='ocrx_word' id='word_1_502' title='bbox 2450 3486 2498 3528; x_wconf 89' lang='lat' dir='ltr'><strong>et</strong></span> <span class='ocrx_word' id='word_1_503' title='bbox 2525 3477 2739 3528; x_wconf 90' lang='lat' dir='ltr'><strong>minime</strong></span> <span class='ocrx_word' id='word_1_504' title='bbox 2774 3484 3030 3545; x_wconf 89' lang='lat' dir='ltr'><strong>angustus</strong></span> <span class='ocrx_word' id='word_1_505' title='bbox 3064 3477 3364 3530; x_wconf 90' lang='lat' dir='ltr'><strong>convivator</strong></span> <span class='ocrx_word' id='word_1_506' title='bbox 3396 3493 3526 3546; x_wconf 85' lang='lat' dir='ltr'><strong>quo-</strong></span> 
     </span>
    </p>
   </div>
   <div class='ocr_carea' id='block_1_37' title="bbox 258 3561 3525 3633">
    <p class='ocr_par' dir='ltr' id='par_1_37' title="bbox 258 3561 3525 3633">
     <span class='ocr_line' id='line_1_37' title="bbox 258 3561 3525 3633; baseline 0.002 -22"><span class='ocrx_word' id='word_1_507' title='bbox 258 3561 387 3613; x_wconf 90' lang='lat' dir='ltr'><strong>tidie</strong></span> <span class='ocrx_word' id='word_1_508' title='bbox 409 3564 779 3631; x_wconf 86' lang='lat' dir='ltr'><strong>suppeditabat</strong></span> <span class='ocrx_word' id='word_1_509' title='bbox 804 3580 920 3631; x_wconf 73' lang='lat' dir='ltr'><strong>quae</strong></span> <span class='ocrx_word' id='word_1_510' title='bbox 963 3576 1116 3618; x_wconf 90' lang='lat' dir='ltr'><strong>erant</strong></span> <span class='ocrx_word' id='word_1_511' title='bbox 1144 3566 1213 3618; x_wconf 87' lang='lat' dir='ltr'><strong>ad</strong></span> <span class='ocrx_word' id='word_1_512' title='bbox 1244 3582 1396 3618; x_wconf 88' lang='lat' dir='ltr'><strong>usum</strong></span> <span class='ocrx_word' id='word_1_513' title='bbox 1436 3566 1759 3627; x_wconf 87' lang='lat' dir='ltr'><strong>necessaria,</strong></span> <span class='ocrx_word' id='word_1_514' title='bbox 1810 3582 1916 3617; x_wconf 91' lang='lat' dir='ltr'><strong>non</strong></span> <span class='ocrx_word' id='word_1_515' title='bbox 1966 3565 2037 3617; x_wconf 91' lang='lat' dir='ltr'><strong>ad</strong></span> <span class='ocrx_word' id='word_1_516' title='bbox 2077 3564 2426 3633; x_wconf 87' lang='lat' dir='ltr'><strong>indigentium</strong></span> <span class='ocrx_word' id='word_1_517' title='bbox 2458 3563 2714 3633; x_wconf 86' lang='lat' dir='ltr'><strong>aspiciens</strong></span> <span class='ocrx_word' id='word_1_518' title='bbox 2761 3562 3179 3627; x_wconf 88' lang='lat' dir='ltr'><strong>multitudinem,</strong></span> <span class='ocrx_word' id='word_1_519' title='bbox 3216 3573 3272 3616; x_wconf 92' lang='lat' dir='ltr'><strong>ut</strong></span> <span class='ocrx_word' id='word_1_520' title='bbox 3319 3564 3525 3632; x_wconf 84' lang='lat' dir='ltr'><strong>aliquid</strong></span> 
     </span>
    </p>
   </div>
   <div class='ocr_carea' id='block_1_38' title="bbox 258 3648 3524 3722">
    <p class='ocr_par' dir='ltr' id='par_1_38' title="bbox 258 3648 3524 3722">
     <span class='ocr_line' id='line_1_38' title="bbox 258 3648 3524 3722; baseline 0 -22"><span class='ocrx_word' id='word_1_521' title='bbox 258 3648 459 3718; x_wconf 86' lang='lat' dir='ltr'><strong>faceret</strong></span> <span class='ocrx_word' id='word_1_522' title='bbox 484 3650 625 3715; x_wconf 85' lang='lat' dir='ltr'><strong>quod</strong></span> <span class='ocrx_word' id='word_1_523' title='bbox 669 3660 803 3705; x_wconf 82' lang='lat' dir='ltr'><strong>esset</strong></span> <span class='ocrx_word' id='word_1_524' title='bbox 841 3654 1043 3706; x_wconf 88' lang='lat' dir='ltr'><strong>sordidi</strong></span> <span class='ocrx_word' id='word_1_525' title='bbox 1075 3662 1123 3706; x_wconf 90' lang='lat' dir='ltr'><strong>et</strong></span> <span class='ocrx_word' id='word_1_526' title='bbox 1147 3651 1424 3706; x_wconf 86' lang='lat' dir='ltr'><strong>illiberalis</strong></span> <span class='ocrx_word' id='word_1_527' title='bbox 1468 3653 1656 3715; x_wconf 86' lang='lat' dir='ltr'><strong>animi,</strong></span> <span class='ocrx_word' id='word_1_528' title='bbox 1686 3653 1776 3705; x_wconf 88' lang='lat' dir='ltr'><strong>sed</strong></span> <span class='ocrx_word' id='word_1_529' title='bbox 1809 3653 1877 3705; x_wconf 91' lang='lat' dir='ltr'><strong>ad</strong></span> <span class='ocrx_word' id='word_1_530' title='bbox 1898 3668 2018 3706; x_wconf 91' lang='lat' dir='ltr'><strong>eum</strong></span> <span class='ocrx_word' id='word_1_531' title='bbox 2047 3653 2136 3722; x_wconf 88' lang='lat' dir='ltr'><strong>qui</strong></span> <span class='ocrx_word' id='word_1_532' title='bbox 2158 3652 2329 3720; x_wconf 90' lang='lat' dir='ltr'><strong>aperit</strong></span> <span class='ocrx_word' id='word_1_533' title='bbox 2348 3667 2588 3713; x_wconf 88' lang='lat' dir='ltr'><strong>manum,</strong></span> <span class='ocrx_word' id='word_1_534' title='bbox 2614 3658 2661 3702; x_wconf 89' lang='lat' dir='ltr'><strong>et</strong></span> <span class='ocrx_word' id='word_1_535' title='bbox 2683 3666 2837 3703; x_wconf 90' lang='lat' dir='ltr'><strong>omne</strong></span> <span class='ocrx_word' id='word_1_536' title='bbox 2867 3650 3073 3703; x_wconf 90' lang='lat' dir='ltr'><strong>animal</strong></span> <span class='ocrx_word' id='word_1_537' title='bbox 3111 3649 3290 3719; x_wconf 85' lang='lat' dir='ltr'><strong>implet</strong></span> <span class='ocrx_word' id='word_1_538' title='bbox 3316 3650 3524 3702; x_wconf 83' lang='lat' dir='ltr'><strong>benedi-</strong></span> 
     </span>
    </p>
   </div>
   <div class='ocr_carea' id='block_1_39' title="bbox 258 3738 3524 3811">
    <p class='ocr_par' dir='ltr' id='par_1_39' title="bbox 258 3738 3524 3811">
     <span class='ocr_line' id='line_1_39' title="bbox 258 3738 3524 3811; baseline 0.001 -23"><span class='ocrx_word' id='word_1_539' title='bbox 258 3738 448 3789; x_wconf 88' lang='lat' dir='ltr'><strong>ctione.</strong></span> <span class='ocrx_word' id='word_1_540' title='bbox 478 3738 609 3789; x_wconf 88' lang='lat' dir='ltr'><strong>Cum</strong></span> <span class='ocrx_word' id='word_1_541' title='bbox 631 3748 809 3791; x_wconf 87' lang='lat' dir='ltr'><strong>autem</strong></span> <span class='ocrx_word' id='word_1_542' title='bbox 842 3739 1142 3793; x_wconf 73' lang='lat' dir='ltr'><strong>Rasmizsus</strong></span> <span class='ocrx_word' id='word_1_543' title='bbox 1169 3742 1276 3793; x_wconf 71' lang='lat' dir='ltr'><strong>dux</strong></span> <span class='ocrx_word' id='word_1_544' title='bbox 1306 3742 1563 3793; x_wconf 72' lang='lat' dir='ltr'><strong>exercitus</strong></span> <span class='ocrx_word' id='word_1_545' title='bbox 1592 3738 1784 3793; x_wconf 86' lang='lat' dir='ltr'><strong>Cosroe</strong></span> <span class='ocrx_word' id='word_1_546' title='bbox 1812 3750 2066 3795; x_wconf 84' lang='lat' dir='ltr'><strong>vastasset</strong></span> <span class='ocrx_word' id='word_1_547' title='bbox 2089 3751 2138 3794; x_wconf 88' lang='lat' dir='ltr'><strong>et</strong></span> <span class='ocrx_word' id='word_1_548' title='bbox 2177 3740 2531 3811; x_wconf 85' lang='lat' dir='ltr'><strong>depopulatus</strong></span> <span class='ocrx_word' id='word_1_549' title='bbox 2561 3748 2692 3793; x_wconf 85' lang='lat' dir='ltr'><strong>esset</strong></span> <span class='ocrx_word' id='word_1_550' title='bbox 2720 3738 3027 3793; x_wconf 88' lang='lat' dir='ltr'><strong>veneranda</strong></span> <span class='ocrx_word' id='word_1_551' title='bbox 3066 3738 3181 3791; x_wconf 89' lang='lat' dir='ltr'><strong>loca</strong></span> <span class='ocrx_word' id='word_1_552' title='bbox 3217 3738 3524 3806; x_wconf 82' lang='lat' dir='ltr'><strong>Hierosoly-</strong></span> 
     </span>
    </p>
   </div>
   <div class='ocr_carea' id='block_1_40' title="bbox 262 3824 3523 3897">
    <p class='ocr_par' dir='ltr' id='par_1_40' title="bbox 262 3824 3523 3897">
     <span class='ocr_line' id='line_1_40' title="bbox 262 3824 3523 3897; baseline 0 -21"><span class='ocrx_word' id='word_1_553' title='bbox 262 3841 504 3885; x_wconf 84' lang='lat' dir='ltr'><strong>morum:</strong></span> <span class='ocrx_word' id='word_1_554' title='bbox 535 3835 815 3894; x_wconf 87' lang='lat' dir='ltr'><strong>postquam</strong></span> <span class='ocrx_word' id='word_1_555' title='bbox 843 3830 937 3881; x_wconf 92' lang='lat' dir='ltr'><strong>hoc</strong></span> <span class='ocrx_word' id='word_1_556' title='bbox 966 3829 1166 3881; x_wconf 86' lang='lat' dir='ltr'><strong>audivit</strong></span> <span class='ocrx_word' id='word_1_557' title='bbox 1194 3828 1284 3881; x_wconf 85' lang='lat' dir='ltr'><strong>ille</strong></span> <span class='ocrx_word' id='word_1_558' title='bbox 1312 3830 1464 3881; x_wconf 88' lang='lat' dir='ltr'><strong>homo</strong></span> <span class='ocrx_word' id='word_1_559' title='bbox 1494 3828 1611 3891; x_wconf 90' lang='lat' dir='ltr'><strong>Dei,</strong></span> <span class='ocrx_word' id='word_1_560' title='bbox 1645 3838 1692 3879; x_wconf 80' lang='lat' dir='ltr'><strong>et</strong></span> <span class='ocrx_word' id='word_1_561' title='bbox 1718 3826 1857 3897; x_wconf 87' lang='lat' dir='ltr'><strong>quod</strong></span> <span class='ocrx_word' id='word_1_562' title='bbox 1882 3829 2059 3880; x_wconf 89' lang='lat' dir='ltr'><strong>omnia</strong></span> <span class='ocrx_word' id='word_1_563' title='bbox 2102 3836 2289 3880; x_wconf 90' lang='lat' dir='ltr'><strong>sancta</strong></span> <span class='ocrx_word' id='word_1_564' title='bbox 2321 3826 2539 3895; x_wconf 77' lang='lat' dir='ltr'><strong>fuissent</strong></span> <span class='ocrx_word' id='word_1_565' title='bbox 2564 3826 2673 3895; x_wconf 88' lang='lat' dir='ltr'><strong>igni</strong></span> <span class='ocrx_word' id='word_1_566' title='bbox 2705 3825 2929 3888; x_wconf 84' lang='lat' dir='ltr'><strong>tradita,</strong></span> <span class='ocrx_word' id='word_1_567' title='bbox 2966 3824 3119 3895; x_wconf 83' lang='lat' dir='ltr'><strong>deﬂet</strong></span> <span class='ocrx_word' id='word_1_568' title='bbox 3153 3824 3382 3889; x_wconf 81' lang='lat' dir='ltr'><strong>quidem,</strong></span> <span class='ocrx_word' id='word_1_569' title='bbox 3420 3841 3523 3876; x_wconf 86' lang='lat' dir='ltr'><strong>non</strong></span> 
     </span>
    </p>
   </div>
   <div class='ocr_carea' id='block_1_41' title="bbox 259 3912 3524 3986">
    <p class='ocr_par' dir='ltr' id='par_1_41' title="bbox 259 3912 3524 3986">
     <span class='ocr_line' id='line_1_41' title="bbox 259 3912 3524 3986; baseline 0.001 -23"><span class='ocrx_word' id='word_1_570' title='bbox 259 3928 412 3965; x_wconf 83' lang='lat' dir='ltr'><strong>secus</strong></span> <span class='ocrx_word' id='word_1_571' title='bbox 446 3930 509 3966; x_wconf 89' lang='lat' dir='ltr'><strong>ac</strong></span> <span class='ocrx_word' id='word_1_572' title='bbox 537 3914 825 3978; x_wconf 84' lang='lat' dir='ltr'><strong>Jeremias,</strong></span> <span class='ocrx_word' id='word_1_573' title='bbox 858 3916 911 3968; x_wconf 91' lang='lat' dir='ltr'><strong>id</strong></span> <span class='ocrx_word' id='word_1_574' title='bbox 940 3916 1079 3986; x_wconf 88' lang='lat' dir='ltr'><strong>quod</strong></span> <span class='ocrx_word' id='word_1_575' title='bbox 1108 3915 1309 3985; x_wconf 89' lang='lat' dir='ltr'><strong>factum</strong></span> <span class='ocrx_word' id='word_1_576' title='bbox 1335 3916 1533 3985; x_wconf 86' lang='lat' dir='ltr'><strong>fuerat.</strong></span> <span class='ocrx_word' id='word_1_577' title='bbox 1565 3915 1682 3969; x_wconf 79' lang='lat' dir='ltr'><strong>Non</strong></span> <span class='ocrx_word' id='word_1_578' title='bbox 1715 3918 1967 3969; x_wconf 86' lang='lat' dir='ltr'><strong>hactenus</strong></span> <span class='ocrx_word' id='word_1_579' title='bbox 1991 3923 2173 3969; x_wconf 91' lang='lat' dir='ltr'><strong>autem</strong></span> <span class='ocrx_word' id='word_1_580' title='bbox 2205 3915 2435 3967; x_wconf 90' lang='lat' dir='ltr'><strong>constitit</strong></span> <span class='ocrx_word' id='word_1_581' title='bbox 2475 3913 2587 3984; x_wconf 87' lang='lat' dir='ltr'><strong>ejus</strong></span> <span class='ocrx_word' id='word_1_582' title='bbox 2607 3914 3017 3978; x_wconf 69' lang='lat' dir='ltr'><strong>commiseratio,</strong></span> <span class='ocrx_word' id='word_1_583' title='bbox 3051 3912 3141 3968; x_wconf 90' lang='lat' dir='ltr'><strong>sed</strong></span> <span class='ocrx_word' id='word_1_584' title='bbox 3170 3914 3328 3968; x_wconf 79' lang='lat' dir='ltr'><strong>mittit</strong></span> <span class='ocrx_word' id='word_1_585' title='bbox 3364 3914 3524 3967; x_wconf 83' lang='lat' dir='ltr'><strong>etiam</strong></span> 
     </span>
    </p>
   </div>
   <div class='ocr_carea' id='block_1_42' title="bbox 260 3999 3521 4075">
    <p class='ocr_par' dir='ltr' id='par_1_42' title="bbox 260 3999 3521 4075">
     <span class='ocr_line' id='line_1_42' title="bbox 260 3999 3521 4075; baseline 0 -20"><span class='ocrx_word' id='word_1_586' title='bbox 260 3999 612 4072; x_wconf 85' lang='lat' dir='ltr'><strong>Chrysippum</strong></span> <span class='ocrx_word' id='word_1_587' title='bbox 636 4005 916 4072; x_wconf 89' lang='lat' dir='ltr'><strong>quemdam</strong></span> <span class='ocrx_word' id='word_1_588' title='bbox 945 4007 1119 4059; x_wconf 90' lang='lat' dir='ltr'><strong>virum</strong></span> <span class='ocrx_word' id='word_1_589' title='bbox 1146 4007 1315 4075; x_wconf 90' lang='lat' dir='ltr'><strong>pium,</strong></span> <span class='ocrx_word' id='word_1_590' title='bbox 1354 4006 1571 4059; x_wconf 90' lang='lat' dir='ltr'><strong>tradens</strong></span> <span class='ocrx_word' id='word_1_591' title='bbox 1602 4008 1649 4060; x_wconf 91' lang='lat' dir='ltr'><strong>ei</strong></span> <span class='ocrx_word' id='word_1_592' title='bbox 1675 4005 1903 4060; x_wconf 89' lang='lat' dir='ltr'><strong>multum</strong></span> <span class='ocrx_word' id='word_1_593' title='bbox 1926 4003 2067 4066; x_wconf 88' lang='lat' dir='ltr'><strong>auri,</strong></span> <span class='ocrx_word' id='word_1_594' title='bbox 2096 4002 2545 4072; x_wconf 75' lang='lat' dir='ltr'><strong>frumentumque,</strong></span> <span class='ocrx_word' id='word_1_595' title='bbox 2588 4009 2637 4055; x_wconf 89' lang='lat' dir='ltr'><strong>et</strong></span> <span class='ocrx_word' id='word_1_596' title='bbox 2662 4001 2771 4056; x_wconf 89' lang='lat' dir='ltr'><strong>alia</strong></span> <span class='ocrx_word' id='word_1_597' title='bbox 2821 4003 3077 4057; x_wconf 85' lang='lat' dir='ltr'><strong>alimenta</strong></span> <span class='ocrx_word' id='word_1_598' title='bbox 3108 4012 3155 4054; x_wconf 90' lang='lat' dir='ltr'><strong>et</strong></span> <span class='ocrx_word' id='word_1_599' title='bbox 3191 4002 3521 4066; x_wconf 82' lang='lat' dir='ltr'><strong>indumenta,</strong></span> 
     </span>
    </p>
   </div>
   <div class='ocr_carea' id='block_1_43' title="bbox 260 4088 3524 4164">
    <p class='ocr_par' dir='ltr' id='par_1_43' title="bbox 260 4088 3524 4164">
     <span class='ocr_line' id='line_1_43' title="bbox 260 4088 3524 4164; baseline 0 -23"><span class='ocrx_word' id='word_1_600' title='bbox 260 4097 313 4141; x_wconf 87' lang='lat' dir='ltr'><strong>et</strong></span> <span class='ocrx_word' id='word_1_601' title='bbox 342 4089 413 4141; x_wconf 88' lang='lat' dir='ltr'><strong>ad</strong></span> <span class='ocrx_word' id='word_1_602' title='bbox 438 4105 497 4141; x_wconf 89' lang='lat' dir='ltr'><strong>ea</strong></span> <span class='ocrx_word' id='word_1_603' title='bbox 525 4088 753 4147; x_wconf 66' lang='lat' dir='ltr'><strong>vehetCa</strong></span> <span class='ocrx_word' id='word_1_604' title='bbox 779 4092 1028 4161; x_wconf 86' lang='lat' dir='ltr'><strong>jumenta</strong></span> <span class='ocrx_word' id='word_1_605' title='bbox 1070 4092 1326 4163; x_wconf 90' lang='lat' dir='ltr'><strong>plurima,</strong></span> <span class='ocrx_word' id='word_1_606' title='bbox 1384 4102 1497 4147; x_wconf 92' lang='lat' dir='ltr'><strong>tum</strong></span> <span class='ocrx_word' id='word_1_607' title='bbox 1546 4104 1604 4147; x_wconf 90' lang='lat' dir='ltr'><strong>nt</strong></span> <span class='ocrx_word' id='word_1_608' title='bbox 1643 4095 1897 4164; x_wconf 87' lang='lat' dir='ltr'><strong>aspiceret</strong></span> <span class='ocrx_word' id='word_1_609' title='bbox 1951 4092 2283 4153; x_wconf 86' lang='lat' dir='ltr'><strong>vastitatem,</strong></span> <span class='ocrx_word' id='word_1_610' title='bbox 2350 4100 2464 4143; x_wconf 89' lang='lat' dir='ltr'><strong>tum</strong></span> <span class='ocrx_word' id='word_1_611' title='bbox 2514 4091 2675 4144; x_wconf 89' lang='lat' dir='ltr'><strong>etiam</strong></span> <span class='ocrx_word' id='word_1_612' title='bbox 2714 4098 2771 4142; x_wconf 92' lang='lat' dir='ltr'><strong>ut</strong></span> <span class='ocrx_word' id='word_1_613' title='bbox 2792 4106 2876 4143; x_wconf 87' lang='lat' dir='ltr'><strong>eos</strong></span> <span class='ocrx_word' id='word_1_614' title='bbox 2907 4093 2995 4159; x_wconf 90' lang='lat' dir='ltr'><strong>qui</strong></span> <span class='ocrx_word' id='word_1_615' title='bbox 3057 4098 3426 4143; x_wconf 85' lang='lat' dir='ltr'><strong>remanserant</strong></span> <span class='ocrx_word' id='word_1_616' title='bbox 3462 4104 3524 4141; x_wconf 76' lang='lat' dir='ltr'><strong>ex</strong></span> 
     </span>
    </p>
   </div>
   <div class='ocr_carea' id='block_1_44' title="bbox 259 4177 3523 4249">
    <p class='ocr_par' dir='ltr' id='par_1_44' title="bbox 259 4177 3523 4249">
     <span class='ocr_line' id='line_1_44' title="bbox 259 4177 3523 4249; baseline 0.001 -22"><span class='ocrx_word' id='word_1_617' title='bbox 259 4177 571 4244; x_wconf 88' lang='lat' dir='ltr'><strong>captivitate</strong></span> <span class='ocrx_word' id='word_1_618' title='bbox 602 4180 732 4230; x_wconf 88' lang='lat' dir='ltr'><strong>satis</strong></span> <span class='ocrx_word' id='word_1_619' title='bbox 757 4194 852 4249; x_wconf 89' lang='lat' dir='ltr'><strong>per</strong></span> <span class='ocrx_word' id='word_1_620' title='bbox 874 4196 934 4232; x_wconf 89' lang='lat' dir='ltr'><strong>ea</strong></span> <span class='ocrx_word' id='word_1_621' title='bbox 959 4196 1075 4249; x_wconf 66' lang='lat' dir='ltr'><strong>quia</strong></span> <span class='ocrx_word' id='word_1_622' title='bbox 1104 4180 1245 4234; x_wconf 88' lang='lat' dir='ltr'><strong>dicta</strong></span> <span class='ocrx_word' id='word_1_623' title='bbox 1274 4181 1490 4249; x_wconf 86' lang='lat' dir='ltr'><strong>fuerunt</strong></span> <span class='ocrx_word' id='word_1_624' title='bbox 1530 4187 1807 4233; x_wconf 79' lang='lat' dir='ltr'><strong>recrearet.</strong></span> <span class='ocrx_word' id='word_1_625' title='bbox 1840 4180 2109 4233; x_wconf 69' lang='lat' dir='ltr'><strong>Praeterea</strong></span> <span class='ocrx_word' id='word_1_626' title='bbox 2150 4188 2326 4232; x_wconf 90' lang='lat' dir='ltr'><strong>autem</strong></span> <span class='ocrx_word' id='word_1_627' title='bbox 2364 4178 2690 4232; x_wconf 87' lang='lat' dir='ltr'><strong>Theodorum</strong></span> <span class='ocrx_word' id='word_1_628' title='bbox 2717 4195 2921 4248; x_wconf 88' lang='lat' dir='ltr'><strong>quoque</strong></span> <span class='ocrx_word' id='word_1_629' title='bbox 2944 4180 3283 4232; x_wconf 89' lang='lat' dir='ltr'><strong>Amathuntis</strong></span> <span class='ocrx_word' id='word_1_630' title='bbox 3327 4181 3523 4247; x_wconf 86' lang='lat' dir='ltr'><strong>episco-</strong></span> 
     </span>
    </p>
   </div>
   <div class='ocr_carea' id='block_1_45' title="bbox 262 4264 3525 4338">
    <p class='ocr_par' dir='ltr' id='par_1_45' title="bbox 262 4264 3525 4338">
     <span class='ocr_line' id='line_1_45' title="bbox 262 4264 3525 4338; baseline 0.002 -24"><span class='ocrx_word' id='word_1_631' title='bbox 262 4280 413 4332; x_wconf 85' lang='lat' dir='ltr'><strong>pum,</strong></span> <span class='ocrx_word' id='word_1_632' title='bbox 447 4271 493 4316; x_wconf 88' lang='lat' dir='ltr'><strong>ct</strong></span> <span class='ocrx_word' id='word_1_633' title='bbox 520 4264 865 4318; x_wconf 87' lang='lat' dir='ltr'><strong>Anastasium</strong></span> <span class='ocrx_word' id='word_1_634' title='bbox 906 4270 1211 4337; x_wconf 65' lang='lat' dir='ltr'><strong>praefectum</strong></span> <span class='ocrx_word' id='word_1_635' title='bbox 1264 4269 1445 4338; x_wconf 83' lang='lat' dir='ltr'><strong>magni</strong></span> <span class='ocrx_word' id='word_1_636' title='bbox 1467 4269 1660 4321; x_wconf 87' lang='lat' dir='ltr'><strong>montis</strong></span> <span class='ocrx_word' id='word_1_637' title='bbox 1706 4268 1942 4329; x_wconf 84' lang='lat' dir='ltr'><strong>Antonii,</strong></span> <span class='ocrx_word' id='word_1_638' title='bbox 1971 4277 2020 4319; x_wconf 90' lang='lat' dir='ltr'><strong>et</strong></span> <span class='ocrx_word' id='word_1_639' title='bbox 2051 4266 2360 4337; x_wconf 83' lang='lat' dir='ltr'><strong>Gregorium</strong></span> <span class='ocrx_word' id='word_1_640' title='bbox 2402 4266 2704 4336; x_wconf 88' lang='lat' dir='ltr'><strong>episcopum</strong></span> <span class='ocrx_word' id='word_1_641' title='bbox 2751 4265 3198 4318; x_wconf 85' lang='lat' dir='ltr'><strong>Rinocorurorum</strong></span> <span class='ocrx_word' id='word_1_642' title='bbox 3237 4267 3423 4319; x_wconf 87' lang='lat' dir='ltr'><strong>emittit</strong></span> <span class='ocrx_word' id='word_1_643' title='bbox 3454 4267 3525 4321; x_wconf 86' lang='lat' dir='ltr'><strong>ad</strong></span> 
     </span>
    </p>
   </div>
   <div class='ocr_carea' id='block_1_46' title="bbox 261 4352 3521 4425">
    <p class='ocr_par' dir='ltr' id='par_1_46' title="bbox 261 4352 3521 4425">
     <span class='ocr_line' id='line_1_46' title="bbox 261 4352 3521 4425; baseline 0.002 -22"><span class='ocrx_word' id='word_1_644' title='bbox 261 4367 350 4403; x_wconf 90' lang='lat' dir='ltr'><strong>eos</strong></span> <span class='ocrx_word' id='word_1_645' title='bbox 384 4352 727 4421; x_wconf 84' lang='lat' dir='ltr'><strong>recipiendos,</strong></span> <span class='ocrx_word' id='word_1_646' title='bbox 757 4354 848 4422; x_wconf 84' lang='lat' dir='ltr'><strong>qui</strong></span> <span class='ocrx_word' id='word_1_647' title='bbox 882 4354 1093 4407; x_wconf 91' lang='lat' dir='ltr'><strong>abducti</strong></span> <span class='ocrx_word' id='word_1_648' title='bbox 1115 4355 1326 4423; x_wconf 80' lang='lat' dir='ltr'><strong>fuerant</strong></span> <span class='ocrx_word' id='word_1_649' title='bbox 1356 4357 1410 4407; x_wconf 88' lang='lat' dir='ltr'><strong>in</strong></span> <span class='ocrx_word' id='word_1_650' title='bbox 1450 4355 1831 4423; x_wconf 88' lang='lat' dir='ltr'><strong>captivitatem,</strong></span> <span class='ocrx_word' id='word_1_651' title='bbox 1870 4354 1969 4407; x_wconf 87' lang='lat' dir='ltr'><strong>vim</strong></span> <span class='ocrx_word' id='word_1_652' title='bbox 2015 4356 2135 4407; x_wconf 88' lang='lat' dir='ltr'><strong>auri</strong></span> <span class='ocrx_word' id='word_1_653' title='bbox 2166 4354 2407 4424; x_wconf 79' lang='lat' dir='ltr'><strong>prtebens</strong></span> <span class='ocrx_word' id='word_1_654' title='bbox 2444 4370 2611 4425; x_wconf 85' lang='lat' dir='ltr'><strong>prape</strong></span> <span class='ocrx_word' id='word_1_655' title='bbox 2644 4353 3109 4408; x_wconf 89' lang='lat' dir='ltr'><strong>innumerabilem.</strong></span> <span class='ocrx_word' id='word_1_656' title='bbox 3150 4354 3318 4408; x_wconf 85' lang='lat' dir='ltr'><strong>Addit</strong></span> <span class='ocrx_word' id='word_1_657' title='bbox 3345 4355 3521 4425; x_wconf 87' lang='lat' dir='ltr'><strong>Pape-</strong></span> 
     </span>
    </p>
   </div>
   <div class='ocr_carea' id='block_1_47' title="bbox 261 4437 3524 4511">
    <p class='ocr_par' dir='ltr' id='par_1_47' title="bbox 261 4437 3524 4511">
     <span class='ocr_line' id='line_1_47' title="bbox 261 4437 3524 4511; baseline 0.001 -21"><span class='ocrx_word' id='word_1_658' title='bbox 261 4437 462 4491; x_wconf 86' lang='lat' dir='ltr'><strong>broch.</strong></span> <span class='ocrx_word' id='word_1_659' title='bbox 493 4454 661 4508; x_wconf 91' lang='lat' dir='ltr'><strong>supra</strong></span> <span class='ocrx_word' id='word_1_660' title='bbox 689 4440 913 4504; x_wconf 90' lang='lat' dir='ltr'><strong>citatus,</strong></span> <span class='ocrx_word' id='word_1_661' title='bbox 945 4457 1003 4494; x_wconf 85' lang='grc' dir='ltr'>ιι.</span> <span class='ocrx_word' id='word_1_662' title='bbox 1040 4441 1161 4505; x_wconf 87' lang='grc'>156,</span> <span class='ocrx_word' id='word_1_663' title='bbox 1188 4457 1255 4495; x_wconf 82' lang='lat' dir='ltr'><strong>ex</strong></span> <span class='ocrx_word' id='word_1_664' title='bbox 1277 4441 1530 4511; x_wconf 84' lang='lat' dir='ltr'><strong>ejusdem</strong></span> <span class='ocrx_word' id='word_1_665' title='bbox 1558 4442 1733 4495; x_wconf 91' lang='lat' dir='ltr'><strong>sancti</strong></span> <span class='ocrx_word' id='word_1_666' title='bbox 1764 4442 1992 4495; x_wconf 84' lang='lat' dir='ltr'><strong>Joannis</strong></span> <span class='ocrx_word' id='word_1_667' title='bbox 2021 4442 2164 4503; x_wconf 85' lang='lat' dir='ltr'><strong>Vita,</strong></span> <span class='ocrx_word' id='word_1_668' title='bbox 2206 4458 2261 4494; x_wconf 92' lang='lat' dir='ltr'><strong>n.</strong></span> <span class='ocrx_word' id='word_1_669' title='bbox 2299 4441 2389 4495; x_wconf 88' lang='grc'><strong>55.</strong></span> <span class='ocrx_word' id='word_1_670' title='bbox 2424 4440 2507 4495; x_wconf 88' lang='lat' dir='ltr'><strong>Ad</strong></span> <span class='ocrx_word' id='word_1_671' title='bbox 2548 4440 3041 4511; x_wconf 81' lang='lat' dir='ltr'><strong>Hierosolymorum</strong></span> <span class='ocrx_word' id='word_1_672' title='bbox 3078 4440 3452 4495; x_wconf 87' lang='lat' dir='ltr'><strong>relevationem</strong></span> <span class='ocrx_word' id='word_1_673' title='bbox 3474 4450 3524 4495; x_wconf 90' lang='lat' dir='ltr'><strong>et</strong></span> 
     </span>
    </p>
   </div>
   <div class='ocr_carea' id='block_1_48' title="bbox 265 4526 3525 4600">
    <p class='ocr_par' dir='ltr' id='par_1_48' title="bbox 265 4526 3525 4600">
     <span class='ocr_line' id='line_1_48' title="bbox 265 4526 3525 4600; baseline 0.002 -22"><span class='ocrx_word' id='word_1_674' title='bbox 265 4526 748 4595; x_wconf 72' lang='lat' dir='ltr'><strong>rewdiﬁcationem,</strong></span> <span class='ocrx_word' id='word_1_675' title='bbox 783 4529 923 4582; x_wconf 88' lang='lat' dir='ltr'><strong>misit</strong></span> <span class='ocrx_word' id='word_1_676' title='bbox 951 4530 1278 4582; x_wconf 89' lang='lat' dir='ltr'><strong>numismata</strong></span> <span class='ocrx_word' id='word_1_677' title='bbox 1305 4528 1472 4591; x_wconf 86' lang='lat' dir='ltr'><strong>mille,</strong></span> <span class='ocrx_word' id='word_1_678' title='bbox 1504 4539 1552 4581; x_wconf 90' lang='lat' dir='ltr'><strong>et</strong></span> <span class='ocrx_word' id='word_1_679' title='bbox 1576 4528 1723 4582; x_wconf 90' lang='lat' dir='ltr'><strong>mille</strong></span> <span class='ocrx_word' id='word_1_680' title='bbox 1758 4545 1935 4583; x_wconf 84' lang='lat' dir='ltr'><strong>saccos</strong></span> <span class='ocrx_word' id='word_1_681' title='bbox 1960 4528 2141 4600; x_wconf 81' lang='lat' dir='ltr'><strong>plenos</strong></span> <span class='ocrx_word' id='word_1_682' title='bbox 2166 4530 2455 4598; x_wconf 86' lang='lat' dir='ltr'><strong>frumento,</strong></span> <span class='ocrx_word' id='word_1_683' title='bbox 2489 4538 2540 4582; x_wconf 91' lang='lat' dir='ltr'><strong>et</strong></span> <span class='ocrx_word' id='word_1_684' title='bbox 2573 4528 2720 4581; x_wconf 90' lang='lat' dir='ltr'><strong>mille</strong></span> <span class='ocrx_word' id='word_1_685' title='bbox 2745 4528 3014 4598; x_wconf 89' lang='lat' dir='ltr'><strong>legumina</strong></span> <span class='ocrx_word' id='word_1_686' title='bbox 3043 4528 3120 4598; x_wconf 92' lang='lat' dir='ltr'><strong>(id</strong></span> <span class='ocrx_word' id='word_1_687' title='bbox 3158 4537 3263 4593; x_wconf 90' lang='lat' dir='ltr'><strong>est,</strong></span> <span class='ocrx_word' id='word_1_688' title='bbox 3293 4529 3525 4599; x_wconf 83' lang='lat' dir='ltr'><strong>legumi-</strong></span> 
     </span>
    </p>
   </div>
   <div class='ocr_carea' id='block_1_49' title="bbox 261 4614 3523 4687">
    <p class='ocr_par' dir='ltr' id='par_1_49' title="bbox 261 4614 3523 4687">
     <span class='ocr_line' id='line_1_49' title="bbox 261 4614 3523 4687; baseline 0.002 -22"><span class='ocrx_word' id='word_1_689' title='bbox 261 4629 399 4666; x_wconf 83' lang='lat' dir='ltr'><strong>num</strong></span> <span class='ocrx_word' id='word_1_690' title='bbox 438 4614 770 4685; x_wconf 81' lang='lat' dir='ltr'><strong>mensuras),</strong></span> <span class='ocrx_word' id='word_1_691' title='bbox 807 4615 953 4669; x_wconf 88' lang='lat' dir='ltr'><strong>mille</strong></span> <span class='ocrx_word' id='word_1_692' title='bbox 983 4616 1146 4671; x_wconf 90' lang='lat' dir='ltr'><strong>libras</strong></span> <span class='ocrx_word' id='word_1_693' title='bbox 1182 4616 1333 4685; x_wconf 89' lang='lat' dir='ltr'><strong>ferri,</strong></span> <span class='ocrx_word' id='word_1_694' title='bbox 1372 4616 1517 4669; x_wconf 89' lang='lat' dir='ltr'><strong>mille</strong></span> <span class='ocrx_word' id='word_1_695' title='bbox 1565 4625 1725 4669; x_wconf 89' lang='lat' dir='ltr'><strong>restes</strong></span> <span class='ocrx_word' id='word_1_696' title='bbox 1751 4617 2065 4669; x_wconf 86' lang='lat' dir='ltr'><strong>siccatorum</strong></span> <span class='ocrx_word' id='word_1_697' title='bbox 2103 4616 2342 4684; x_wconf 86' lang='lat' dir='ltr'><strong>piscium,</strong></span> <span class='ocrx_word' id='word_1_698' title='bbox 2397 4614 2542 4667; x_wconf 91' lang='lat' dir='ltr'><strong>mille</strong></span> <span class='ocrx_word' id='word_1_699' title='bbox 2572 4614 2791 4667; x_wconf 87' lang='lat' dir='ltr'><strong>vascula</strong></span> <span class='ocrx_word' id='word_1_700' title='bbox 2836 4616 2963 4677; x_wconf 90' lang='lat' dir='ltr'><strong>vini,</strong></span> <span class='ocrx_word' id='word_1_701' title='bbox 3002 4623 3052 4667; x_wconf 90' lang='lat' dir='ltr'><strong>et</strong></span> <span class='ocrx_word' id='word_1_702' title='bbox 3082 4615 3226 4668; x_wconf 88' lang='lat' dir='ltr'><strong>mille</strong></span> <span class='ocrx_word' id='word_1_703' title='bbox 3252 4615 3523 4687; x_wconf 64' lang='lat' dir='ltr'><strong>Egyptios</strong></span> 
     </span>
    </p>
   </div>
   <div class='ocr_carea' id='block_1_50' title="bbox 262 4700 3522 4775">
    <p class='ocr_par' dir='ltr' id='par_1_50' title="bbox 262 4700 3522 4775">
     <span class='ocr_line' id='line_1_50' title="bbox 262 4700 3522 4775; baseline 0.001 -21"><span class='ocrx_word' id='word_1_704' title='bbox 262 4704 556 4772; x_wconf 88' lang='lat' dir='ltr'><strong>operarios,</strong></span> <span class='ocrx_word' id='word_1_705' title='bbox 586 4704 784 4757; x_wconf 87' lang='lat' dir='ltr'><strong>addens</strong></span> <span class='ocrx_word' id='word_1_706' title='bbox 820 4720 912 4774; x_wconf 90' lang='lat' dir='ltr'><strong>per</strong></span> <span class='ocrx_word' id='word_1_707' title='bbox 938 4702 1140 4758; x_wconf 88' lang='lat' dir='ltr'><strong>litteras</strong></span> <span class='ocrx_word' id='word_1_708' title='bbox 1164 4704 1232 4757; x_wconf 91' lang='lat' dir='ltr'><strong>ad</strong></span> <span class='ocrx_word' id='word_1_709' title='bbox 1285 4704 1578 4758; x_wconf 80' lang='lat' dir='ltr'><strong>Modestum</strong></span> <span class='ocrx_word' id='word_1_710' title='bbox 1611 4705 1834 4774; x_wconf 86' lang='lat' dir='ltr'><strong>scriptas</strong></span> <span class='ocrx_word' id='word_1_711' title='bbox 1861 4720 1877 4758; x_wconf 90' lang='lat'><strong><em>:</em></strong></span> <span class='ocrx_word' id='word_1_712' title='bbox 1910 4704 1987 4757; x_wconf 87' lang='lat' dir='ltr'><strong>Da</strong></span> <span class='ocrx_word' id='word_1_713' title='bbox 2024 4704 2148 4756; x_wconf 89' lang='lat' dir='ltr'><strong>mihi</strong></span> <span class='ocrx_word' id='word_1_714' title='bbox 2188 4704 2418 4766; x_wconf 86' lang='lat' dir='ltr'><strong>veniam,</strong></span> <span class='ocrx_word' id='word_1_715' title='bbox 2458 4716 2578 4754; x_wconf 85' lang='lat' dir='ltr'><strong>vere</strong></span> <span class='ocrx_word' id='word_1_716' title='bbox 2621 4700 2814 4756; x_wconf 85' lang='lat' dir='ltr'><strong>Christi</strong></span> <span class='ocrx_word' id='word_1_717' title='bbox 2838 4711 3107 4773; x_wconf 89' lang='lat' dir='ltr'><strong>operator,</strong></span> <span class='ocrx_word' id='word_1_718' title='bbox 3135 4702 3269 4756; x_wconf 89' lang='lat' dir='ltr'><strong>nihil</strong></span> <span class='ocrx_word' id='word_1_719' title='bbox 3301 4705 3522 4775; x_wconf 90' lang='lat' dir='ltr'><strong>dignum</strong></span> 
     </span>
    </p>
   </div>
   <div class='ocr_carea' id='block_1_51' title="bbox 265 4788 3519 4860">
    <p class='ocr_par' dir='ltr' id='par_1_51' title="bbox 265 4788 3519 4860">
     <span class='ocr_line' id='line_1_51' title="bbox 265 4788 3519 4860; baseline 0.001 -18"><span class='ocrx_word' id='word_1_720' title='bbox 265 4789 478 4859; x_wconf 89' lang='lat' dir='ltr'><strong>templis</strong></span> <span class='ocrx_word' id='word_1_721' title='bbox 507 4788 702 4844; x_wconf 87' lang='lat' dir='ltr'><strong>Christi</strong></span> <span class='ocrx_word' id='word_1_722' title='bbox 744 4792 996 4845; x_wconf 89' lang='lat' dir='ltr'><strong>mittenti.</strong></span> <span class='ocrx_word' id='word_1_723' title='bbox 1034 4791 1229 4845; x_wconf 79' lang='lat' dir='ltr'><strong>Vellera</strong></span> <span class='ocrx_word' id='word_1_724' title='bbox 1273 4794 1433 4856; x_wconf 90' lang='lat' dir='ltr'><strong>enim,</strong></span> <span class='ocrx_word' id='word_1_725' title='bbox 1474 4793 1625 4845; x_wconf 88' lang='lat' dir='ltr'><strong>crede</strong></span> <span class='ocrx_word' id='word_1_726' title='bbox 1660 4794 1807 4856; x_wconf 88' lang='lat' dir='ltr'><strong>mihi,</strong></span> <span class='ocrx_word' id='word_1_727' title='bbox 1837 4794 1882 4846; x_wconf 90' lang='lat' dir='ltr'><strong>si</strong></span> <span class='ocrx_word' id='word_1_728' title='bbox 1917 4802 2048 4846; x_wconf 85' lang='lat' dir='ltr'><strong>esset</strong></span> <span class='ocrx_word' id='word_1_729' title='bbox 2073 4791 2415 4854; x_wconf 88' lang='lat' dir='ltr'><strong>conveniens,</strong></span> <span class='ocrx_word' id='word_1_730' title='bbox 2446 4796 2495 4841; x_wconf 90' lang='lat' dir='ltr'><strong>et</strong></span> <span class='ocrx_word' id='word_1_731' title='bbox 2527 4804 2619 4859; x_wconf 88' lang='lat' dir='ltr'><strong>ego</strong></span> <span class='ocrx_word' id='word_1_732' title='bbox 2642 4790 2751 4859; x_wconf 88' lang='lat' dir='ltr'><strong>ipse</strong></span> <span class='ocrx_word' id='word_1_733' title='bbox 2783 4792 2981 4853; x_wconf 87' lang='lat' dir='ltr'><strong>venire,</strong></span> <span class='ocrx_word' id='word_1_734' title='bbox 3004 4799 3051 4842; x_wconf 92' lang='lat' dir='ltr'><strong>et</strong></span> <span class='ocrx_word' id='word_1_735' title='bbox 3086 4792 3198 4859; x_wconf 89' lang='lat' dir='ltr'><strong>ipse</strong></span> <span class='ocrx_word' id='word_1_736' title='bbox 3216 4792 3430 4860; x_wconf 88' lang='lat' dir='ltr'><strong>operari</strong></span> <span class='ocrx_word' id='word_1_737' title='bbox 3464 4792 3519 4845; x_wconf 89' lang='lat' dir='ltr'><strong>in</strong></span> 
     </span>
    </p>
   </div>
   <div class='ocr_carea' id='block_1_52' title="bbox 263 4876 3522 4947">
    <p class='ocr_par' dir='ltr' id='par_1_52' title="bbox 263 4876 3522 4947">
     <span class='ocr_line' id='line_1_52' title="bbox 263 4876 3522 4947; baseline 0.002 -18"><span class='ocrx_word' id='word_1_738' title='bbox 263 4878 421 4930; x_wconf 89' lang='lat' dir='ltr'><strong>domo</strong></span> <span class='ocrx_word' id='word_1_739' title='bbox 445 4886 644 4932; x_wconf 80' lang='lat' dir='ltr'><strong>sancta:</strong></span> <span class='ocrx_word' id='word_1_740' title='bbox 674 4878 871 4933; x_wconf 88' lang='lat' dir='ltr'><strong>Christi</strong></span> <span class='ocrx_word' id='word_1_741' title='bbox 897 4878 1337 4933; x_wconf 85' lang='lat' dir='ltr'><strong>Resurrectionis.</strong></span> <span class='ocrx_word' id='word_1_742' title='bbox 1372 4878 1471 4933; x_wconf 86' lang='lat' dir='ltr'><strong>Hic</strong></span> <span class='ocrx_word' id='word_1_743' title='bbox 1506 4878 1783 4935; x_wconf 82' lang='lat' dir='ltr'><strong>Modestus</strong></span> <span class='ocrx_word' id='word_1_744' title='bbox 1815 4879 2075 4935; x_wconf 62' lang='lat' dir='ltr'><strong>Ecclesiae</strong></span> <span class='ocrx_word' id='word_1_745' title='bbox 2128 4876 2646 4947; x_wconf 74' lang='lat' dir='ltr'><strong>Hierosolymitanze</strong></span> <span class='ocrx_word' id='word_1_746' title='bbox 2697 4890 2887 4929; x_wconf 91' lang='lat' dir='ltr'><strong>curam</strong></span> <span class='ocrx_word' id='word_1_747' title='bbox 2945 4876 3134 4946; x_wconf 87' lang='lat' dir='ltr'><strong>gessit,</strong></span> <span class='ocrx_word' id='word_1_748' title='bbox 3178 4885 3236 4930; x_wconf 93' lang='lat' dir='ltr'><strong>ut</strong></span> <span class='ocrx_word' id='word_1_749' title='bbox 3276 4876 3522 4934; x_wconf 88' lang='lat' dir='ltr'><strong>vicarius</strong></span> 
     </span>
    </p>
   </div>
   <div class='ocr_carea' id='block_1_53' title="bbox 264 4963 3517 5037">
    <p class='ocr_par' dir='ltr' id='par_1_53' title="bbox 264 4963 3517 5037">
     <span class='ocr_line' id='line_1_53' title="bbox 264 4963 3517 5037; baseline 0.001 -20"><span class='ocrx_word' id='word_1_750' title='bbox 264 4963 550 5018; x_wconf 69' lang='lat' dir='ltr'><strong>Zachariae</strong></span> <span class='ocrx_word' id='word_1_751' title='bbox 577 4966 846 5035; x_wconf 90' lang='lat' dir='ltr'><strong>episcopi,</strong></span> <span class='ocrx_word' id='word_1_752' title='bbox 884 4967 1131 5036; x_wconf 88' lang='lat' dir='ltr'><strong>quandiu</strong></span> <span class='ocrx_word' id='word_1_753' title='bbox 1169 4967 1258 5021; x_wconf 90' lang='lat' dir='ltr'><strong>ille</strong></span> <span class='ocrx_word' id='word_1_754' title='bbox 1285 4968 1539 5037; x_wconf 87' lang='lat' dir='ltr'><strong>captivus</strong></span> <span class='ocrx_word' id='word_1_755' title='bbox 1584 4967 1689 5022; x_wconf 83' lang='lat' dir='ltr'><strong>fuit</strong></span> <span class='ocrx_word' id='word_1_756' title='bbox 1716 4969 1768 5023; x_wconf 91' lang='lat' dir='ltr'><strong>in</strong></span> <span class='ocrx_word' id='word_1_757' title='bbox 1807 4967 2055 5028; x_wconf 88' lang='lat' dir='ltr'><strong>Perside,</strong></span> <span class='ocrx_word' id='word_1_758' title='bbox 2084 4966 2244 5035; x_wconf 86' lang='lat' dir='ltr'><strong>eique</strong></span> <span class='ocrx_word' id='word_1_759' title='bbox 2282 4973 2405 5035; x_wconf 89' lang='lat' dir='ltr'><strong>post</strong></span> <span class='ocrx_word' id='word_1_760' title='bbox 2435 4974 2671 5020; x_wconf 89' lang='lat' dir='ltr'><strong>mortem</strong></span> <span class='ocrx_word' id='word_1_761' title='bbox 2706 4966 2997 5019; x_wconf 87' lang='lat' dir='ltr'><strong>successit.</strong></span> <span class='ocrx_word' id='word_1_762' title='bbox 3025 4964 3261 5020; x_wconf 88' lang='lat' dir='ltr'><strong>Eosdem</strong></span> <span class='ocrx_word' id='word_1_763' title='bbox 3294 4966 3517 5021; x_wconf 89' lang='lat' dir='ltr'><strong>interim</strong></span> 
     </span>
    </p>
   </div>
   <div class='ocr_carea' id='block_1_54' title="bbox 265 5052 3515 5125">
    <p class='ocr_par' dir='ltr' id='par_1_54' title="bbox 265 5052 3515 5125">
     <span class='ocr_line' id='line_1_54' title="bbox 265 5052 3515 5125; baseline 0.001 -18"><span class='ocrx_word' id='word_1_764' title='bbox 265 5052 779 5121; x_wconf 75' lang='lat' dir='ltr'><strong>Hierosolymorum</strong></span> <span class='ocrx_word' id='word_1_765' title='bbox 822 5056 1029 5109; x_wconf 88' lang='lat' dir='ltr'><strong>incolas</strong></span> <span class='ocrx_word' id='word_1_766' title='bbox 1065 5055 1181 5108; x_wconf 87' lang='lat' dir='ltr'><strong>suis</strong></span> <span class='ocrx_word' id='word_1_767' title='bbox 1218 5056 1471 5125; x_wconf 70' lang='lat' dir='ltr'><strong>scriptis—</strong></span> <span class='ocrx_word' id='word_1_768' title='bbox 1505 5056 1798 5111; x_wconf 88' lang='lat' dir='ltr'><strong>sublevare</strong></span> <span class='ocrx_word' id='word_1_769' title='bbox 1853 5055 2159 5111; x_wconf 89' lang='lat' dir='ltr'><strong>conabatur</strong></span> <span class='ocrx_word' id='word_1_770' title='bbox 2187 5053 2496 5109; x_wconf 84' lang='lat' dir='ltr'><strong>Antiochus</strong></span> <span class='ocrx_word' id='word_1_771' title='bbox 2544 5053 2769 5123; x_wconf 91' lang='lat' dir='ltr'><strong>quidam</strong></span> <span class='ocrx_word' id='word_1_772' title='bbox 2803 5053 3110 5107; x_wconf 88' lang='lat' dir='ltr'><strong>monachus</strong></span> <span class='ocrx_word' id='word_1_773' title='bbox 3167 5054 3515 5119; x_wconf 70' lang='lat' dir='ltr'><strong>Palazstinus,</strong></span> 
     </span>
    </p>
   </div>
   <div class='ocr_carea' id='block_1_55' title="bbox 263 5140 3516 5212">
    <p class='ocr_par' dir='ltr' id='par_1_55' title="bbox 263 5140 3516 5212">
     <span class='ocr_line' id='line_1_55' title="bbox 263 5140 3516 5212; baseline 0 -18"><span class='ocrx_word' id='word_1_774' title='bbox 263 5141 397 5195; x_wconf 57' lang='lat' dir='ltr'><strong>vitae</strong></span> <span class='ocrx_word' id='word_1_775' title='bbox 421 5142 710 5197; x_wconf 76' lang='lat' dir='ltr'><strong>sanctitate</strong></span> <span class='ocrx_word' id='word_1_776' title='bbox 732 5149 789 5196; x_wconf 92' lang='lat' dir='ltr'><strong>et</strong></span> <span class='ocrx_word' id='word_1_777' title='bbox 812 5142 1068 5196; x_wconf 91' lang='lat' dir='ltr'><strong>doctrina</strong></span> <span class='ocrx_word' id='word_1_778' title='bbox 1109 5142 1369 5206; x_wconf 85' lang='lat' dir='ltr'><strong>celebris,</strong></span> <span class='ocrx_word' id='word_1_779' title='bbox 1403 5144 1566 5210; x_wconf 84' lang='lat' dir='ltr'><strong>cuius</strong></span> <span class='ocrx_word' id='word_1_780' title='bbox 1599 5153 1816 5199; x_wconf 80' lang='lat' dir='ltr'><strong>exstant</strong></span> <span class='ocrx_word' id='word_1_781' title='bbox 1852 5143 2104 5199; x_wconf 68' lang='lat' dir='ltr'><strong>Humilia:</strong></span> <span class='ocrx_word' id='word_1_782' title='bbox 2167 5141 2285 5205; x_wconf 82' lang='grc'>150,</span> <span class='ocrx_word' id='word_1_783' title='bbox 2317 5152 2356 5197; x_wconf 91' lang='lat' dir='ltr'><strong>t.</strong></span> <span class='ocrx_word' id='word_1_784' title='bbox 2384 5141 2403 5194; x_wconf 89' lang='lat' dir='ltr'><strong>l</strong></span> <span class='ocrx_word' id='word_1_785' title='bbox 2434 5140 2571 5195; x_wconf 87' lang='lat' dir='ltr'><strong>Bibl.</strong></span> <span class='ocrx_word' id='word_1_786' title='bbox 2618 5140 2774 5194; x_wconf 90' lang='lat' dir='ltr'><strong>Patr.</strong></span> <span class='ocrx_word' id='word_1_787' title='bbox 2808 5140 2977 5194; x_wconf 66' lang='lat' dir='ltr'><strong>Graec.</strong></span> <span class='ocrx_word' id='word_1_788' title='bbox 3007 5156 3063 5210; x_wconf 92' lang='lat' dir='ltr'><strong>p.</strong></span> <span class='ocrx_word' id='word_1_789' title='bbox 3104 5141 3266 5196; x_wconf 77' lang='lat'><strong>1026.</strong></span> <span class='ocrx_word' id='word_1_790' title='bbox 3305 5141 3363 5194; x_wconf 94' lang='lat' dir='ltr'><strong>In</strong></span> <span class='ocrx_word' id='word_1_791' title='bbox 3395 5141 3516 5212; x_wconf 90' lang='lat' dir='ltr'><strong>epi-</strong></span> 
     </span>
    </p>
   </div>
   <div class='ocr_carea' id='block_1_56' title="bbox 264 5226 3515 5303">
    <p class='ocr_par' dir='ltr' id='par_1_56' title="bbox 264 5226 3515 5303">
     <span class='ocr_line' id='line_1_56' title="bbox 264 5226 3515 5303; baseline 0 -22"><span class='ocrx_word' id='word_1_792' title='bbox 264 5228 408 5281; x_wconf 86' lang='lat' dir='ltr'><strong>stola</strong></span> <span class='ocrx_word' id='word_1_793' title='bbox 439 5236 622 5282; x_wconf 87' lang='lat' dir='ltr'><strong>autem</strong></span> <span class='ocrx_word' id='word_1_794' title='bbox 656 5229 874 5298; x_wconf 61' lang='lat' dir='ltr'><strong>praeﬁxa</strong></span> <span class='ocrx_word' id='word_1_795' title='bbox 900 5229 1076 5299; x_wconf 89' lang='lat' dir='ltr'><strong>operi,</strong></span> <span class='ocrx_word' id='word_1_796' title='bbox 1126 5245 1193 5284; x_wconf 88' lang='lat' dir='ltr'><strong>eo</strong></span> <span class='ocrx_word' id='word_1_797' title='bbox 1235 5231 1396 5284; x_wconf 91' lang='lat' dir='ltr'><strong>titulo</strong></span> <span class='ocrx_word' id='word_1_798' title='bbox 1440 5231 1739 5303; x_wconf 85' lang='lat' dir='ltr'><strong>insignita:</strong></span> <span class='ocrx_word' id='word_1_799' title='bbox 1774 5232 2015 5299; x_wconf 86' lang='lat' dir='ltr'><strong>Epistola</strong></span> <span class='ocrx_word' id='word_1_800' title='bbox 2062 5232 2301 5285; x_wconf 88' lang='lat' dir='ltr'><strong>Antiochi</strong></span> <span class='ocrx_word' id='word_1_801' title='bbox 2349 5230 2596 5283; x_wconf 86' lang='lat' dir='ltr'><strong>monachi</strong></span> <span class='ocrx_word' id='word_1_802' title='bbox 2628 5228 2797 5281; x_wconf 75' lang='lat' dir='ltr'><strong>laurte</strong></span> <span class='ocrx_word' id='word_1_803' title='bbox 2830 5226 2984 5282; x_wconf 74' lang='lat' dir='ltr'><strong>Sabae</strong></span> <span class='ocrx_word' id='word_1_804' title='bbox 3022 5229 3246 5293; x_wconf 90' lang='lat' dir='ltr'><strong>abbatis,</strong></span> <span class='ocrx_word' id='word_1_805' title='bbox 3300 5230 3371 5281; x_wconf 89' lang='lat' dir='ltr'><strong>ad</strong></span> <span class='ocrx_word' id='word_1_806' title='bbox 3398 5229 3515 5283; x_wconf 84' lang='lat' dir='ltr'><strong>Eu-</strong></span> 
     </span>
    </p>
   </div>
   <div class='ocr_carea' id='block_1_57' title="bbox 262 5315 3517 5391">
    <p class='ocr_par' dir='ltr' id='par_1_57' title="bbox 262 5315 3517 5391">
     <span class='ocr_line' id='line_1_57' title="bbox 262 5315 3517 5391; baseline 0 -21"><span class='ocrx_word' id='word_1_807' title='bbox 262 5315 521 5370; x_wconf 89' lang='lat' dir='ltr'><strong>stathium</strong></span> <span class='ocrx_word' id='word_1_808' title='bbox 547 5318 882 5386; x_wconf 72' lang='lat' dir='ltr'><strong>prwpositum</strong></span> <span class='ocrx_word' id='word_1_809' title='bbox 904 5320 1212 5372; x_wconf 89' lang='lat' dir='ltr'><strong>monasterii</strong></span> <span class='ocrx_word' id='word_1_810' title='bbox 1235 5319 1487 5375; x_wconf 71' lang='lat' dir='ltr'><strong>Attalium</strong></span> <span class='ocrx_word' id='word_1_811' title='bbox 1519 5321 1739 5391; x_wconf 76' lang='lat' dir='ltr'><strong>Ancyra:</strong></span> <span class='ocrx_word' id='word_1_812' title='bbox 1758 5322 1982 5375; x_wconf 84' lang='lat' dir='ltr'><strong>civitatis</strong></span> <span class='ocrx_word' id='word_1_813' title='bbox 2013 5320 2262 5383; x_wconf 78' lang='lat' dir='ltr'><strong>Galatite,</strong></span> <span class='ocrx_word' id='word_1_814' title='bbox 2288 5319 2403 5372; x_wconf 75' lang='lat' dir='ltr'><strong>hzec</strong></span> <span class='ocrx_word' id='word_1_815' title='bbox 2435 5326 2644 5383; x_wconf 89' lang='lat' dir='ltr'><strong>narrat,</strong></span> <span class='ocrx_word' id='word_1_816' title='bbox 2675 5318 2819 5387; x_wconf 90' lang='lat' dir='ltr'><strong>apud</strong></span> <span class='ocrx_word' id='word_1_817' title='bbox 2850 5318 3147 5372; x_wconf 89' lang='lat' dir='ltr'><strong>Baronium</strong></span> <span class='ocrx_word' id='word_1_818' title='bbox 3170 5331 3335 5387; x_wconf 91' lang='lat' dir='ltr'><strong>supra</strong></span> <span class='ocrx_word' id='word_1_819' title='bbox 3371 5318 3517 5371; x_wconf 81' lang='lat' dir='ltr'><strong>rela-</strong></span> 
     </span>
    </p>
   </div>
   <div class='ocr_carea' id='block_1_58' title="bbox 266 5404 3518 5478">
    <p class='ocr_par' dir='ltr' id='par_1_58' title="bbox 266 5404 3518 5478">
     <span class='ocr_line' id='line_1_58' title="bbox 266 5404 3518 5478; baseline 0 -20"><span class='ocrx_word' id='word_1_820' title='bbox 266 5413 409 5468; x_wconf 88' lang='lat' dir='ltr'><strong>tum,</strong></span> <span class='ocrx_word' id='word_1_821' title='bbox 436 5421 492 5459; x_wconf 87' lang='grc' dir='ltr'>ιι.</span> <span class='ocrx_word' id='word_1_822' title='bbox 523 5405 611 5459; x_wconf 69' lang='grc'><strong>26.</strong></span> <span class='ocrx_word' id='word_1_823' title='bbox 652 5404 785 5459; x_wconf 87' lang='lat' dir='ltr'><strong>Cum</strong></span> <span class='ocrx_word' id='word_1_824' title='bbox 809 5406 1097 5461; x_wconf 76' lang='lat' dir='ltr'><strong>lsmaelitce</strong></span> <span class='ocrx_word' id='word_1_825' title='bbox 1120 5408 1191 5461; x_wconf 88' lang='lat' dir='ltr'><strong>ad</strong></span> <span class='ocrx_word' id='word_1_826' title='bbox 1214 5418 1453 5462; x_wconf 88' lang='lat' dir='ltr'><strong>nostrum</strong></span> <span class='ocrx_word' id='word_1_827' title='bbox 1485 5411 1819 5464; x_wconf 86' lang='lat' dir='ltr'><strong>accessissent</strong></span> <span class='ocrx_word' id='word_1_828' title='bbox 1844 5409 2257 5471; x_wconf 85' lang='lat' dir='ltr'><strong>monasterium,</strong></span> <span class='ocrx_word' id='word_1_829' title='bbox 2287 5424 2393 5462; x_wconf 92' lang='lat' dir='ltr'><strong>una</strong></span> <span class='ocrx_word' id='word_1_830' title='bbox 2428 5407 2727 5478; x_wconf 90' lang='lat' dir='ltr'><strong>septimana</strong></span> <span class='ocrx_word' id='word_1_831' title='bbox 2766 5418 3053 5475; x_wconf 84' lang='lat' dir='ltr'><strong>antequam</strong></span> <span class='ocrx_word' id='word_1_832' title='bbox 3094 5414 3281 5458; x_wconf 89' lang='lat' dir='ltr'><strong>sancta</strong></span> <span class='ocrx_word' id='word_1_833' title='bbox 3334 5406 3518 5460; x_wconf 89' lang='lat' dir='ltr'><strong>civitas</strong></span> 
     </span>
    </p>
   </div>
   <div class='ocr_carea' id='block_1_59' title="bbox 271 5492 3521 5567">
    <p class='ocr_par' dir='ltr' id='par_1_59' title="bbox 271 5492 3521 5567">
     <span class='ocr_line' id='line_1_59' title="bbox 271 5492 3521 5567; baseline 0 -23"><span class='ocrx_word' id='word_1_834' title='bbox 271 5492 452 5561; x_wconf 88' lang='lat' dir='ltr'><strong>fuisset</strong></span> <span class='ocrx_word' id='word_1_835' title='bbox 478 5503 754 5562; x_wconf 88' lang='lat' dir='ltr'><strong>occupata,</strong></span> <span class='ocrx_word' id='word_1_836' title='bbox 780 5502 828 5545; x_wconf 89' lang='lat' dir='ltr'><strong>et</strong></span> <span class='ocrx_word' id='word_1_837' title='bbox 864 5496 1111 5549; x_wconf 88' lang='lat' dir='ltr'><strong>universa</strong></span> <span class='ocrx_word' id='word_1_838' title='bbox 1147 5496 1375 5550; x_wconf 75' lang='lat' dir='ltr'><strong>ecclesia:</strong></span> <span class='ocrx_word' id='word_1_839' title='bbox 1420 5514 1574 5550; x_wconf 88' lang='lat' dir='ltr'><strong>sacra</strong></span> <span class='ocrx_word' id='word_1_840' title='bbox 1608 5514 1733 5551; x_wconf 90' lang='lat' dir='ltr'><strong>vasa</strong></span> <span class='ocrx_word' id='word_1_841' title='bbox 1760 5498 1880 5567; x_wconf 84' lang='lat' dir='ltr'><strong>jam</strong></span> <span class='ocrx_word' id='word_1_842' title='bbox 1934 5496 2317 5567; x_wconf 84' lang='lat' dir='ltr'><strong>diripuissent,</strong></span> <span class='ocrx_word' id='word_1_843' title='bbox 2348 5494 2588 5565; x_wconf 88' lang='lat' dir='ltr'><strong>plerique</strong></span> <span class='ocrx_word' id='word_1_844' title='bbox 2618 5494 2807 5548; x_wconf 76' lang='lat' dir='ltr'><strong>Patres</strong></span> <span class='ocrx_word' id='word_1_845' title='bbox 2858 5492 3178 5563; x_wconf 88' lang='lat' dir='ltr'><strong>aufugerunt</strong></span> <span class='ocrx_word' id='word_1_846' title='bbox 3218 5508 3380 5562; x_wconf 91' lang='lat' dir='ltr'><strong>quam</strong></span> <span class='ocrx_word' id='word_1_847' title='bbox 3411 5494 3521 5563; x_wconf 56' lang='lat' dir='ltr'><strong>pri.</strong></span> 
     </span>
    </p>
   </div>
   <div class='ocr_carea' id='block_1_60' title="bbox 268 5578 3517 5653">
    <p class='ocr_par' dir='ltr' id='par_1_60' title="bbox 268 5578 3517 5653">
     <span class='ocr_line' id='line_1_60' title="bbox 268 5578 3517 5653; baseline -0 -20"><span class='ocrx_word' id='word_1_848' title='bbox 268 5596 415 5633; x_wconf 91' lang='lat' dir='ltr'><strong>mum</strong></span> <span class='ocrx_word' id='word_1_849' title='bbox 445 5595 464 5633; x_wconf 91' lang='lat'><strong><em>:</em></strong></span> <span class='ocrx_word' id='word_1_850' title='bbox 490 5589 859 5633; x_wconf 89' lang='lat' dir='ltr'><strong>remanserunt</strong></span> <span class='ocrx_word' id='word_1_851' title='bbox 882 5590 1062 5635; x_wconf 88' lang='lat' dir='ltr'><strong>autem</strong></span> <span class='ocrx_word' id='word_1_852' title='bbox 1088 5584 1144 5635; x_wconf 90' lang='lat' dir='ltr'><strong>in</strong></span> <span class='ocrx_word' id='word_1_853' title='bbox 1181 5584 1497 5637; x_wconf 89' lang='lat' dir='ltr'><strong>monasterio</strong></span> <span class='ocrx_word' id='word_1_854' title='bbox 1522 5585 1611 5653; x_wconf 88' lang='lat' dir='ltr'><strong>qui</strong></span> <span class='ocrx_word' id='word_1_855' title='bbox 1645 5584 1886 5653; x_wconf 87' lang='lat' dir='ltr'><strong>fortiores</strong></span> <span class='ocrx_word' id='word_1_856' title='bbox 1915 5584 2114 5640; x_wconf 81' lang='lat' dir='ltr'><strong>Christi</strong></span> <span class='ocrx_word' id='word_1_857' title='bbox 2140 5584 2348 5653; x_wconf 91' lang='lat' dir='ltr'><strong>fuerant</strong></span> <span class='ocrx_word' id='word_1_858' title='bbox 2371 5584 2529 5646; x_wconf 87' lang='lat' dir='ltr'><strong>servi,</strong></span> <span class='ocrx_word' id='word_1_859' title='bbox 2593 5598 2807 5637; x_wconf 88' lang='lat' dir='ltr'><strong>sacrum</strong></span> <span class='ocrx_word' id='word_1_860' title='bbox 2829 5579 2982 5635; x_wconf 88' lang='lat' dir='ltr'><strong>illum</strong></span> <span class='ocrx_word' id='word_1_861' title='bbox 3037 5578 3206 5633; x_wconf 73' lang='lat' dir='ltr'><strong>lotum</strong></span> <span class='ocrx_word' id='word_1_862' title='bbox 3236 5580 3517 5633; x_wconf 88' lang='lat' dir='ltr'><strong>destituere</strong></span> 
     </span>
    </p>
   </div>
   <div class='ocr_carea' id='block_1_61' title="bbox 270 5666 3517 5743">
    <p class='ocr_par' dir='ltr' id='par_1_61' title="bbox 270 5666 3517 5743">
     <span class='ocr_line' id='line_1_61' title="bbox 270 5666 3517 5743; baseline -0.001 -22"><span class='ocrx_word' id='word_1_863' title='bbox 270 5666 422 5721; x_wconf 86' lang='lat' dir='ltr'><strong>nullo</strong></span> <span class='ocrx_word' id='word_1_864' title='bbox 458 5675 610 5736; x_wconf 88' lang='lat' dir='ltr'><strong>pacto</strong></span> <span class='ocrx_word' id='word_1_865' title='bbox 644 5668 894 5723; x_wconf 89' lang='lat' dir='ltr'><strong>volentes.</strong></span> <span class='ocrx_word' id='word_1_866' title='bbox 930 5669 1155 5724; x_wconf 88' lang='lat' dir='ltr'><strong>Barbari</strong></span> <span class='ocrx_word' id='word_1_867' title='bbox 1187 5688 1307 5724; x_wconf 90' lang='lat' dir='ltr'><strong>vero</strong></span> <span class='ocrx_word' id='word_1_868' title='bbox 1332 5689 1452 5724; x_wconf 89' lang='lat' dir='ltr'><strong>cum</strong></span> <span class='ocrx_word' id='word_1_869' title='bbox 1482 5672 1596 5725; x_wconf 87' lang='lat' dir='ltr'><strong>illos</strong></span> <span class='ocrx_word' id='word_1_870' title='bbox 1627 5675 2164 5743; x_wconf 87' lang='lat' dir='ltr'><strong>comprehendissent,</strong></span> <span class='ocrx_word' id='word_1_871' title='bbox 2189 5681 2237 5726; x_wconf 89' lang='lat' dir='ltr'><strong>et</strong></span> <span class='ocrx_word' id='word_1_872' title='bbox 2262 5672 2453 5725; x_wconf 89' lang='lat' dir='ltr'><strong>multos</strong></span> <span class='ocrx_word' id='word_1_873' title='bbox 2487 5671 2595 5724; x_wconf 89' lang='lat' dir='ltr'><strong>dies</strong></span> <span class='ocrx_word' id='word_1_874' title='bbox 2626 5668 2743 5722; x_wconf 89' lang='lat' dir='ltr'><strong>illos</strong></span> <span class='ocrx_word' id='word_1_875' title='bbox 2773 5670 3061 5722; x_wconf 89' lang='lat' dir='ltr'><strong>inhumane</strong></span> <span class='ocrx_word' id='word_1_876' title='bbox 3084 5676 3420 5730; x_wconf 88' lang='lat' dir='ltr'><strong>tractassent,</strong></span> <span class='ocrx_word' id='word_1_877' title='bbox 3468 5676 3517 5719; x_wconf 78' lang='lat' dir='ltr'><strong>et</strong></span> 
     </span>
    </p>
   </div>
   <div class='ocr_carea' id='block_1_62' title="bbox 269 5757 3516 5833">
    <p class='ocr_par' dir='ltr' id='par_1_62' title="bbox 269 5757 3516 5833">
     <span class='ocr_line' id='line_1_62' title="bbox 269 5757 3516 5833; baseline -0 -23"><span class='ocrx_word' id='word_1_878' title='bbox 269 5759 544 5811; x_wconf 88' lang='lat' dir='ltr'><strong>tormentis</strong></span> <span class='ocrx_word' id='word_1_879' title='bbox 571 5759 893 5828; x_wconf 72' lang='lat' dir='ltr'><strong>aﬂlixissent,</strong></span> <span class='ocrx_word' id='word_1_880' title='bbox 940 5762 1186 5829; x_wconf 87' lang='lat' dir='ltr'><strong>pecunias</strong></span> <span class='ocrx_word' id='word_1_881' title='bbox 1212 5762 1304 5814; x_wconf 92' lang='lat' dir='ltr'><strong>hoc</strong></span> <span class='ocrx_word' id='word_1_882' title='bbox 1325 5770 1476 5831; x_wconf 90' lang='lat' dir='ltr'><strong>pacto</strong></span> <span class='ocrx_word' id='word_1_883' title='bbox 1506 5778 1615 5815; x_wconf 85' lang='lat' dir='ltr'><strong>sese</strong></span> <span class='ocrx_word' id='word_1_884' title='bbox 1640 5764 1943 5817; x_wconf 86' lang='lat' dir='ltr'><strong>inventuros</strong></span> <span class='ocrx_word' id='word_1_885' title='bbox 1974 5760 2399 5833; x_wconf 88' lang='lat' dir='ltr'><strong>putantes,apud</strong></span> <span class='ocrx_word' id='word_1_886' title='bbox 2424 5776 2551 5830; x_wconf 87' lang='lat' dir='ltr'><strong>quos</strong></span> <span class='ocrx_word' id='word_1_887' title='bbox 2580 5758 2715 5812; x_wconf 88' lang='lat' dir='ltr'><strong>nihil</strong></span> <span class='ocrx_word' id='word_1_888' title='bbox 2744 5758 2898 5827; x_wconf 82' lang='lat' dir='ltr'><strong>hujus</strong></span> <span class='ocrx_word' id='word_1_889' title='bbox 2927 5759 3105 5811; x_wconf 64' lang='lat' dir='ltr'><strong>seaculi</strong></span> <span class='ocrx_word' id='word_1_890' title='bbox 3140 5757 3516 5828; x_wconf 83' lang='lat' dir='ltr'><strong>reperiebatur.</strong></span> 
     </span>
    </p>
   </div>
   <div class='ocr_carea' id='block_1_63' title="bbox 278 5845 3520 5924">
    <p class='ocr_par' dir='ltr' id='par_1_63' title="bbox 278 5845 3520 5924">
     <span class='ocr_line' id='line_1_63' title="bbox 278 5845 3520 5924; baseline -0.002 -22"><span class='ocrx_word' id='word_1_891' title='bbox 278 5845 372 5902; x_wconf 85' lang='lat' dir='ltr'><strong>llli</strong></span> <span class='ocrx_word' id='word_1_892' title='bbox 397 5845 715 5920; x_wconf 82' lang='lat' dir='ltr'><strong>simulatque</strong></span> <span class='ocrx_word' id='word_1_893' title='bbox 745 5848 1117 5907; x_wconf 79' lang='lat' dir='ltr'><strong>intellexerunt</strong></span> <span class='ocrx_word' id='word_1_894' title='bbox 1136 5866 1231 5906; x_wconf 86' lang='lat' dir='ltr'><strong>sua</strong></span> <span class='ocrx_word' id='word_1_895' title='bbox 1261 5866 1314 5905; x_wconf 81' lang='lat' dir='ltr'><strong>se.</strong></span> <span class='ocrx_word' id='word_1_896' title='bbox 1344 5851 1551 5909; x_wconf 81' lang='lat' dir='ltr'><strong>tandem</strong></span> <span class='ocrx_word' id='word_1_897' title='bbox 1577 5868 1664 5923; x_wconf 80' lang='lat' dir='ltr'><strong>spe</strong></span> <span class='ocrx_word' id='word_1_898' title='bbox 1684 5861 1731 5906; x_wconf 91' lang='lat' dir='ltr'><strong>et</strong></span> <span class='ocrx_word' id='word_1_899' title='bbox 1760 5853 2024 5924; x_wconf 86' lang='lat' dir='ltr'><strong>proposito</strong></span> <span class='ocrx_word' id='word_1_900' title='bbox 2040 5852 2310 5917; x_wconf 69' lang='lat' dir='ltr'><strong>excidisse,</strong></span> <span class='ocrx_word' id='word_1_901' title='bbox 2340 5850 2393 5903; x_wconf 87' lang='lat' dir='ltr'><strong>in</strong></span> <span class='ocrx_word' id='word_1_902' title='bbox 2415 5848 2836 5919; x_wconf 77' lang='lat' dir='ltr'><strong>efferatissimam</strong></span> <span class='ocrx_word' id='word_1_903' title='bbox 2864 5846 2998 5901; x_wconf 85' lang='lat' dir='ltr'><strong>versi</strong></span> <span class='ocrx_word' id='word_1_904' title='bbox 3027 5846 3244 5914; x_wconf 83' lang='lat' dir='ltr'><strong>rabiem,</strong></span> <span class='ocrx_word' id='word_1_905' title='bbox 3265 5846 3332 5899; x_wconf 87' lang='lat' dir='ltr'><strong>ad</strong></span> <span class='ocrx_word' id='word_1_906' title='bbox 3356 5859 3520 5898; x_wconf 79' lang='lat' dir='ltr'><strong>unum</strong></span> 
     </span>
    </p>
   </div>
  </div>
