4032 6480
547 369 695 435 3223
1478 368 1901 429 ZACHARIAS
1939 365 2429 427 PATRIARCHA
2466 364 2872 429 HIEROSOL.
3675 361 3802 424 3225

548 478 882 535 membratim
902 476 1077 530 beatos
1100 474 1220 530 illos
1248 478 1607 533 conciderunt.
1631 477 1733 542 Qui
1763 488 1814 530 et
1850 477 2035 532 lmtitia
2061 477 2353 531 incredibili
2386 478 2693 547 perfusifac
2717 477 2937 547 proinde
2962 474 3131 529 alacri
3156 473 3305 528 vultu
3334 474 3804 537 renidentes,omni

546 584 667 622 cum
692 567 897 620 actione
921 566 1219 635 gratiarum
1237 566 1444 618 animas
1463 566 1803 619 reddiderunt
1816 564 2061 629 Domino,
2077 567 2267 637 quippe
2294 584 2397 621 non
2415 558 2502 621 ita'
2508 568 2710 638 pridem
2723 568 2777 619 in
2799 564 2930 619 votis
2952 564 3243 618 habuerant
3269 563 3480 626 resolvi,
3504 572 3554 616 et
3577 580 3802 620 essetam

548 652 1026 722 Christo.Corpora
1060 668 1180 705 vero
1205 652 1489 722 plusquam
1511 652 1707 720 tragice
1735 669 1892 707 caesa.
1916 669 2034 706 cum
2054 668 2159 705 non
2186 669 2380 721 paucos
2401 653 2509 707 dies
2536 654 2595 707 in
2619 653 2834 706 humum
2863 652 3083 721 disjecta
3108 652 3222 704 sine
3244 650 3538 719 sepultura
3566 650 3803 716 beneﬁcio

547 746 857 813 iacuissent,
884 744 948 797 ub
972 743 1175 797 Arabia
1204 742 1300 797 illo
1328 760 1491 814 usque
1522 744 2011 813 adprOperavimus.
2036 741 2104 795 Et
2127 741 2337 810 quidem
2361 741 2580 794 eximius
2602 739 2762 793 abbas
2779 737 3085 792 Nicomedes
3109 735 3470 806 spectaculum
3499 735 3637 787 illud
3661 739 3802 789 misso

548 831 719 885 rabile
742 847 994 885 caesorum
1016 838 1228 900 patrum
1262 832 1669 902 contemplatus,
1694 830 1919 901 deliquio
1949 831 2118 882 animi
2134 828 2379 893 concidit,
2399 836 2556 898 atque
2581 826 2730 880 illinc
2763 824 2963 879 relatus
2994 832 3229 877 mortuus
3256 838 3417 893 prope
3432 821 3798 876 estJlodestus

546 927 823 988 praeterea,
851 928 899 971 et
942 920 1051 988 ipse
1072 921 1456 982 sanctissimus,
1495 920 1777 972 adventum
1802 928 2041 972 nostrum
2065 934 2183 971 cum
2220 916 2603 977 antevertisset,
2628 922 2675 966 et
2702 921 3012 966 sanctorum
3059 910 3275 965 illorum
3326 909 3614 964 lustrasset
3666 913 3795 979 prius

544 1005 848 1059 habitacula
868 1007 1068 1073 omnia,
1097 1008 1275 1060 itidem
1292 1022 1489 1077 angore
1510 1007 1675 1059 animi
1699 1002 2211 1068 contractus,multis
2237 1019 2291 1056 se
2318 1001 2513 1072 proluit
2538 1001 2807 1071 lacrymis,
2833 1018 2896 1056 ac
2915 1008 3101 1055 sancta
3123 1014 3239 1070 qua:
3261 1006 3482 1052 eatenus
3507 999 3799 1051 resederant

548 1090 763 1161 lipsana
782 1093 909 1156 (hoc
935 1102 1019 1147 est
1052 1102 1365 1147 sanctorum
1390 1091 1671 1161 reliquias)
1689 1092 2065 1162 circomplexns
2093 1093 2147 1144 in
2161 1091 2386 1145 Patrum
2409 1089 2737 1159 superiorum
2766 1088 3002 1157 deposuit
3031 1088 3354 1141 conditoriis.
3381 1085 3434 1140 Is
3467 1086 3539 1138 ad
3574 1087 3701 1145 haec,
3722 1088 3799 1138 ubi

549 1178 836 1233 solemnem
865 1180 1108 1249 persolvit
1138 1195 1201 1235 ex
1224 1196 1367 1233 more
1392 1196 1707 1243 sermonem,
1742 1190 1850 1234 etc.
1888 1179 2322 1247 Unumquemque
2346 1185 2583 1229 nostrum
2604 1176 2809 1230 hortari
2848 1176 3021 1245 carpit,
3050 1189 3114 1228 ne
3148 1190 3249 1244 quo
3277 1175 3683 1243 emigraremus,
3712 1172 3799 1225 loci

546 1265 694 1323 illius
716 1269 883 1320 nostri
912 1268 1218 1330 desertores,
1254 1269 1422 1336 magis
1456 1283 1577 1320 vero
1599 1282 1688 1321 eas
1723 1282 1841 1336 qua:
1876 1267 2220 1320 imminebant
2260 1265 2574 1319 tentationes
2614 1279 2864 1335 generoso
2892 1271 3099 1333 pectore
3120 1263 3494 1333 perferremus,
3525 1261 3801 1314 Domini“:

546 1353 694 1408 illius
728 1371 982 1407 memores
1014 1356 1305 1415 sententiae,
1338 1355 1463 1424 quia
1494 1372 1513 1404 ‹
1546 1364 1772 1423 angusta
1811 1362 1888 1407 est
1921 1363 2096 1424 porta,
2122 1362 2171 1406 et
2193 1363 2341 1407 arcta
2370 1354 2455 1406 via
2482 1368 2600 1423 qua:
2622 1352 2764 1406 ducit
2781 1352 2851 1406 ad
2878 1353 3062 1415 vitam,
3090 1358 3203 1406 etc.
3247 1369 3265 1402 ι
3304 1350 3480 1419 Hujus
3501 1350 3685 1416 itaque
3711 1349 3799 1400 ad-

558 1441 836 1493 monitioni
856 1442 1024 1494 visum
1052 1449 1126 1494 est
1148 1457 1329 1511 gerere
1373 1457 1591 1505 morem,
1625 1458 1784 1512 eoque
1815 1440 2095 1511 (ideoque)
2142 1443 2197 1494 in
2256 1441 2413 1494 (aura
2456 1440 2585 1493 duos
2634 1454 2794 1509 prope
2840 1454 3041 1492 menses
3082 1438 3493 1508 permansimus.
3541 1435 3802 1504 Loquitur

548 1525 751 1581 deinde
780 1526 850 1580 de
880 1527 1007 1597 fuga
1031 1526 1184 1580 illinc
1209 1526 1275 1581 ad
1309 1526 1458 1581 aliud
1491 1528 1916 1591 monasterium,
1948 1538 2005 1582 et
2030 1527 2158 1582 inde
2188 1526 2255 1581 ad
2282 1527 2454 1591 aliud,
2487 1542 2551 1581 ac
2576 1526 2643 1581 de
2675 1526 2800 1581 aliis
2830 1526 2965 1581 hinc
2994 1525 3123 1580 inde
3147 1525 3448 1594 diSpersis;
3480 1532 3541 1577 et
3580 1523 3804 1577 inferius

546 1612 752 1668 iterum
787 1612 855 1666 de
892 1613 1181 1668 monachis
1235 1629 1267 1667 a
1317 1613 1612 1669 Saracenis
1660 1614 1859 1670 occisis
1907 1630 2115 1685 agens:
2167 1614 2440 1677 Numeris,
2478 1614 2679 1683 inquit,
2724 1623 3029 1669 sanctorum
3068 1613 3315 1679 Patrum,
3356 1627 3487 1681 quos
3530 1613 3804 1682 tyrannica

544 1699 761 1752 sustulit
792 1700 1087 1770 impressio,
1111 1708 1187 1754 est
1229 1701 1589 1771 quadraginta
1622 1710 1869 1772 quatuor.
1901 1701 2102 1757 Horum
2148 1704 2403 1756 memoria
2438 1701 2580 1757 Maio
2608 1717 2783 1758 mense
2803 1701 3120 1765 celebratur,
3154 1700 3361 1754 decima
3392 1702 3583 1770 quinta
3618 1701 3805 1752 mensis

544 1787 647 1840 die.
691 1786 1028 1843 Eorumdem
1055 1797 1359 1860 martyrum
1393 1790 1717 1843 memoriam
1748 1789 1885 1844 colit
1906 1788 2154 1844 Ecclesia
2184 1790 2238 1844 in
2268 1788 2649 1860 Martyrologio
2682 1788 2922 1841 Romano
2951 1787 3041 1842 die
3088 1788 3155 1841 16
3181 1786 3331 1849 Maii,
3357 1786 3445 1841 his
3473 1785 3670 1841 verbis
3700 1802 3713 1837 :
3744 1784 3805 1839 In

542 1871 838 1930 Pala’stina
862 1877 1036 1945 passio
1060 1885 1365 1930 sanctorum
1424 1878 1802 1931 monachorum
1833 1892 1867 1930 a
1910 1874 2194 1931 Saracenis
2221 1876 2277 1928 in
2321 1876 2479 1929 laura
2520 1876 2713 1935 sancti,
2737 1872 2892 1929 Saba:
2946 1874 3375 1943 interfectorum.
3406 1874 3549 1929 Dum
3583 1887 3721 1927 vero
3751 1873 3804 1927 hi

556 1960 999 2027 coronabantur,
1031 1962 1259 2032 quidam
1293 1962 1601 2019 monachus
1631 1962 1841 2018 Sinaita
1869 1963 2040 2019 modo
2074 1962 2308 2018 terribili
2337 1964 2528 2033 lapsus
2571 1971 2680 2018 est.
2710 1964 2847 2019 Rem
2884 1963 2967 2019 sic
2988 1963 3258 2019 describit
3313 1962 3460 2017 idem
3492 1960 3806 2016 Antiochus

541 2046 739 2104 homil.
770 2049 860 2113 81,
894 2050 1039 2119 apud
1075 2050 1399 2113 Baronium,
1442 2050 1579 2105 ibid.
1615 2067 1674 2105 n.
1702 2051 1772 2105 '50
1806 2068 1823 2105 :
1856 2050 1997 2114 Fuit,
2030 2052 2235 2122 inquit,
2267 2054 2327 2105 in
2375 2058 2553 2104 monte
2572 2048 2705 2105 Sina
2752 2053 3042 2106 monachus
3069 2053 3309 2121 quidam,
3336 2051 3427 2121 qui
3447 2048 3657 2103 celebre
3678 2050 3804 2101 adeo

541 2136 705 2190 edidit
737 2153 851 2192 sua:
880 2139 1224 2192 continentia:
1260 2139 1544 2208 specimen,
1576 2147 1632 2194 ut
1657 2140 1712 2191 in
1742 2138 1939 2193 cellula
1966 2139 2158 2193 multos
2187 2140 2377 2193 vixerit
2422 2154 2591 2193 annos
2616 2138 2873 2193 inclusus.
2912 2137 3187 2193 Postremo
3233 2136 3553 2206 multifariis
3597 2135 3803 2189 revela-

541 2222 767 2279 tionibus
789 2222 1006 2289 diaboli,
1037 2233 1086 2277 et
1116 2224 1392 2278 insomniis
1419 2223 1631 2288 illusus,
1657 2224 1727 2278 ad
1749 2224 2087 2280 Judaismum
2107 2225 2355 2296 delapsus
2381 2234 2478 2290 est,
2522 2236 2571 2280 et
2606 2227 2782 2281 carnis
2817 2228 3288 2281 circumcisionem.
3317 2224 3451 2280 Cum
3486 2226 3660 2295 igitur
3689 2225 3802 2276 dia-

540 2308 693 2363 bolus
713 2310 833 2367 huic
854 2310 1138 2365 identidem
1172 2326 1297 2366 vera
1324 2312 1566 2381 quazdam
1600 2312 1867 2367 insomnia
1885 2314 2315 2377 demonstrasset,
2346 2325 2395 2369 et
2429 2312 2591 2368 veluti
2624 2314 2829 2384 objecta
2871 2314 3119 2368 illecebra
3144 2315 3427 2367 inescasset
3451 2311 3604 2366 illius
3625 2311 3800 2365 obscu-

540 2403 723 2450 ratam
745 2404 1002 2463 mentem,
1040 2398 1318 2454 novissime
1347 2398 1512 2453 oculis
1542 2397 1687 2453 illius
1729 2400 1905 2469 objicit
1930 2402 2198 2470 copiosam
2227 2401 2440 2457 turbam
2472 2401 2854 2472 apostolorum,
2878 2413 3201 2473 martyrum,
3250 2400 3589 2470 aliorumque
3635 2400 3799 2453 omnis

540 2483 747 2553 generis
772 2482 1199 2539 Christianorum
1233 2485 1559 2539 densissimis
1589 2486 1834 2551 tenebris,
1874 2495 1923 2539 et
1973 2502 2117 2541 omni
2145 2488 2391 2542 dedecore
2414 2488 2717 2559 oppletum:
2755 2498 2908 2559 parte
2943 2490 3205 2559 opposita,
3245 2487 3446 2553 Mosen,
3480 2486 3796 2557 Prophetas,

539 2568 798 2639 papulum
822 2586 1028 2641 quoque
1050 2569 1388 2636 Iudaeorum,
1422 2571 1529 2626 Deo
1556 2571 1756 2643 alioqui
1786 2573 2013 2627 invisum
2046 2566 2251 2637 (sermo
2271 2584 2357 2631 est
2387 2576 2457 2631 de
2480 2576 2686 2632 ludatis
2702 2592 2853 2632 nunc
2877 2577 3169 2648 temporis)
3202 2578 3352 2647 offert
3388 2575 3677 2647 splendida
3708 2576 3799 2627 ad-

538 2658 757 2711 modum
802 2658 916 2712 luce
955 2661 1281 2730 conspicuos,
1308 2662 1465 2730 inque
1498 2660 1697 2731 gaudio
1722 2668 1771 2713 et
1802 2660 2078 2715 hilaritate
2104 2668 2268 2717 vitam
2312 2664 2665 2718 traducentes.
2693 2663 2820 2719 Htec
2842 2680 2962 2718 cum
2998 2672 3284 2735 spectasset
3312 2666 3495 2729 miser,
3528 2679 3557 2716 e
3583 2663 3797 2732 vestigio

535 2746 790 2810 surrexit,
822 2746 1171 2817 derelictoque
1193 2756 1375 2802 sancto
1408 2747 1502 2801 illo
1526 2756 1724 2813 monte,
1756 2749 1813 2801 in
1838 2747 2188 2805 Pallestinam
2210 2768 2373 2822 usque
2399 2754 2656 2821 pervenit,
2689 2762 2939 2823 rectaque
2988 2753 3286 2807 conscendit
3320 2754 3377 2807 in
3414 2751 3605 2806 Noara
3629 2759 3681 2805 et
3705 2750 3796 2805 Li-

536 2831 763 2903 byadem
783 2832 937 2903 asyla
970 2832 1299 2887 Judazorum.
1343 2832 1473 2889 Cum
1496 2834 1670 2903 (vero)
1697 2836 1809 2897 istis
1831 2835 2167 2899 denarrasset
2189 2855 2309 2909 qua:
2333 2840 2432 2895 sibi
2461 2842 2584 2895 visae
2603 2841 2815 2911 fuerant
2846 2841 3133 2897 diabolicas
3170 2843 3553 2914 apparitiones,
3573 2835 3796 2894 circum?

536 2920 677 2977 cisus
702 2927 801 2985 est,
817 2936 880 2984 ac
922 2920 1187 2992 professus
1206 2921 1572 2987 Judaismum,
1607 2923 1811 2993 accepit
1857 2938 2100 2990 uxorem,
2149 2926 2309 2997 inque
2362 2929 2599 2983 omnium
2647 2938 2924 3000 prospectu
2975 2930 3222 2984 adversus
3254 2927 3587 2984 Christianos
3634 2927 3794 2981 edidit

535 3006 814 3077 dogmata,
839 3018 1207 3079 propugnator
1232 3010 1401 3079 factus
1426 3009 1666 3066 Iudaicae
1696 3012 2107 3081 superstitionis.
2129 3013 2285 3070 Hunc
2312 3031 2406 3086 ego
2428 3015 2552 3083 vidi,
2578 3016 2759 3087 pergit
2782 3017 3113 3084 Antiochus,
3153 3035 3215 3072 ac
3245 3016 3483 3088 plerique
3503 3016 3793 3070 monacho-

532 3108 679 3160 rum,
710 3110 877 3166 neque
901 3098 1041 3154 enim
1069 3106 1300 3168 quatuor
1323 3101 1452 3153 anni
1476 3107 1599 3152 sunt
1620 3117 1654 3153 a
1684 3108 1851 3153 morte
1879 3099 2025 3155 illius
2053 3118 2159 3171 qua
2181 3103 2371 3157 misere
2394 3112 2677 3175 perruptas
2717 3111 2817 3159 est.
2870 3102 3123 3160 Catharri
3147 3105 3288 3159 enim
3330 3105 3654 3175 proﬂuvium
3686 3102 3788 3157 ali-

536 3182 751 3253 quando
773 3200 982 3253 passus,
1008 3193 1057 3237 et
1080 3187 1337 3239 vermium
1361 3187 1634 3240 arrosione
1659 3187 2027 3251 contabescens
2052 3191 2363 3260 exspiravit.
2387 3190 2541 3252 Hunc
2575 3207 2695 3255 cum
2723 3192 3032 3249 vidissemus
3055 3208 3148 3263 ego
3174 3200 3224 3246 et
3254 3192 3350 3246 alii
3377 3192 3587 3262 aliquot
3608 3206 3791 3245 mona-

538 3270 645 3335 chi,
676 3272 907 3342 COrrepti
941 3273 1153 3338 timore,
1186 3274 1390 3344 ingenti
1416 3290 1533 3328 cum
1561 3273 1703 3328 luctu
1737 3274 2017 3331 lamentati
2033 3292 2235 3331 sumus.
2266 3278 2399 3333 Erat
2423 3279 2478 3333 id
2503 3297 2634 3334 sane
2663 3298 2827 3351 quam
2859 3280 3160 3335 miserabile
3186 3279 3571 3350 spectaculum.
3593 3277 3686 3331 Vir
3709 3279 3789 3331 hic

536 3366 679 3417 totus
712 3360 1031 3415 incanuerat
1060 3361 1117 3413 in
1148 3361 1443 3415 monastica
1464 3362 1860 3421 exercitatione,
1885 3374 2336 3436 consenueratque
2365 3365 2633 3423 laboribus
2659 3367 2894 3431 attritus,
2922 3376 2971 3421 et
2991 3368 3035 3421 is
3070 3367 3285 3421 tandem
3326 3382 3445 3420 cum
3476 3364 3787 3419 mulieribus

527 3444 838 3515 jocabatur,
873 3446 1274 3500 immundarum
1299 3450 1565 3511 carnium,
1603 3464 1788 3519 nempe
1809 3448 2179 3514 Iudaicarum,
2217 3460 2374 3519 gustu
2396 3468 2453 3504 se
2494 3452 2815 3521 defazdabat,
2836 3460 2886 3506 et
2920 3453 3257 3523 inquinabat,
3294 3452 3453 3506 verba
3476 3451 3786 3521 loquebatur

536 3534 759 3589 obscena
779 3542 827 3588 et
862 3535 1152 3605 impudica,
1175 3534 1575 3605 blasphemabat
1608 3536 1898 3601 Christum,
1929 3534 2189 3608 Spiritum
2234 3546 2479 3591 sanctum
2531 3556 2635 3594 non
2683 3539 2977 3594 tolerandis
3022 3539 3279 3609 afﬁciebat
3324 3537 3663 3592 contumeliis
3688 3554 3709 3592 :
3735 3544 3785 3591 et

534 3622 673 3675 hunc
720 3631 899 3677 tamen
957 3622 1040 3677 illi
1092 3624 1205 3678 sine
1259 3622 1370 3695 lege
1397 3623 1572 3678 Iudici
1625 3624 1915 3679 secundum
1952 3625 2209 3691 vocabant
2250 3623 2542 3690 Abraham.
2586 3626 2713 3682 Haec
2750 3626 3062 3682 Antiochus
3132 3634 3172 3681 t.
3210 3625 3229 3680 Ι
3262 3624 3401 3680 Bibl.
3426 3622 3590 3679 Patr.
3615 3623 3779 3682 Grec.

533 3724 596 3780 p.
625 3708 755 3764 1161
784 3716 841 3763 et
865 3725 982 3781 seq,

604 3794 864 3863 Cosroes,
898 3805 959 3852 ut
982 3798 1191 3853 dictum
1217 3808 1322 3863 est,
1361 3800 1571 3870 lignum
1595 3807 1801 3854 sancta;
1834 3799 2042 3864 crucis,
2068 3796 2219 3869 quod
2247 3798 2647 3871 Hierosolymis
2674 3800 3023 3867 servabatur,
3058 3801 3113 3855 in
3153 3800 3436 3856 Persidem
3470 3798 3777 3854 transtulit.

532 3883 643 3939 Sed
671 3885 830 3954 plane
864 3885 1231 3943 admiratione
1254 3887 1481 3958 dignum
1514 3886 1649 3942 illud
1679 3887 1803 3953 fuit,
1835 3887 2017 3957 inquit
2055 3886 2328 3942 Baronius
2351 3902 2520 3957 supra
2554 3888 2779 3955 citatus,
2816 3904 2873 3943 n.
2901 3887 2992 3953 52,
3038 3888 3269 3959 impium
3315 3886 3601 3942 hominem
3647 3886 3781 3940 adeo

532 3986 657 4028 esse
686 3972 981 4033 reveritum
1014 3974 1211 4030 salutis
1242 3984 1449 4031 nostra:
1505 3983 1795 4045 tropaeum,
1830 3983 1893 4030 ut
1942 3989 2047 4030 nec
2077 3990 2247 4030 ausus
2282 3974 2453 4031 fuerit
2491 3976 2559 4031 ab
2594 3976 2711 4046 ipsa
2743 3977 2924 4042 theca,
2946 3992 3054 4047 qua
3107 3977 3489 4047 operiebatur,
3523 3977 3778 4046 signacu-

532 4058 650 4113 lum
681 4075 963 4128 amovere,
996 4071 1054 4117 et
1086 4062 1240 4119 clave
1274 4064 1517 4133 aperire,
1548 4074 1609 4120 ut
1629 4064 1716 4128 vel
1743 4063 1881 4119 illud
1920 4063 2251 4134 inspiceret;
2284 4063 2380 4118 sed
2411 4063 2612 4119 timore
2639 4066 2979 4134 perculsum,
3000 4065 3079 4121 uti
3122 4066 3178 4120 in
3210 4073 3569 4134 sacrgancto
3591 4061 3776 4132 templi

531 4143 657 4205 loco
682 4148 1092 4214 asservabatur,
1125 4149 1321 4205 eodem
1357 4151 1519 4205 modo
1544 4152 1599 4209 in
1631 4149 1913 4207 Persidem
1932 4149 2179 4205 voluisse
2214 4152 2537 4217 transferre,
2570 4152 2743 4207 veluti
2775 4153 2999 4209 demum
3030 4154 3300 4210 intactum
3339 4153 3776 4223 Hierosolymam

532 4243 879 4304 reportatum
937 4236 1043 4291 fuit
1079 4254 1093 4290 :
1126 4236 1274 4307 quod
1294 4246 1528 4292 testatus
1553 4246 1638 4291 est
1660 4236 1940 4293 Modestus
1968 4235 2477 4310 Hierosolymorum
2503 4240 2841 4309 patriarcha,
2876 4242 3009 4296 item
3031 4256 3252 4311 quoque
3276 4240 3578 4295 universus
3602 4240 3779 4295 clerus

532 4321 797 4386 Ecclesiae
832 4322 1365 4394 llierosolymitanaa.
1392 4324 1583 4378 Tradit
1609 4323 1727 4378 haec
1758 4322 1943 4378 omnia
1970 4323 2171 4379 Suidas
2218 4327 2274 4380 in
2306 4326 2582 4383 Heraclio.
2610 4328 2783 4383 Porro
2813 4328 3070 4383 observat
3112 4328 3310 4383 Baron.
3356 4328 3505 4383 idem
3534 4326 3604 4381 ad
3649 4342 3774 4380 alin.

533 4413 660 4477 622,
692 4430 750 4469 ιι.
781 4415 833 4480 1,
869 4430 936 4469 ex
969 4430 1081 4483 quo
1112 4421 1302 4469 sancta
1334 4413 1482 4469 Crux
1502 4423 1659 4483 capta
1687 4430 1717 4468 a
1743 4414 1926 4470 Persis
1943 4414 2069 4481 fuit,
2092 4424 2149 4469 et
2179 4415 2234 4468 in
2267 4414 2549 4471 Persidem
2576 4415 3032 4487 asportata,hanc
3063 4431 3163 4471 sua
3204 4417 3450 4486 potentia
3472 4457 3489 4480 ,
3521 4417 3635 4469 imo
3664 4416 3779 4485 ejus

531 4501 629 4569 qui
656 4501 711 4561 in
740 4517 805 4556 ea
836 4517 1031 4571 passus
1058 4510 1143 4557 est
1162 4502 1366 4557 virtute
1390 4544 1405 4567 ,
1434 4501 1698 4558 Romanis
1728 4503 1917 4572 plures
1954 4502 2305 4574 insignesque
2333 4505 2639 4561 contulisse
2666 4505 2962 4570 victorias;
2990 4521 3021 4560 e
3062 4514 3257 4560 contra
3286 4520 3420 4559 vero
3455 4505 3655 4560 Persas
3696 4519 3779 4557 re-

530 4589 768 4659 portatis
801 4591 1167 4661 plurimorum
1193 4608 1466 4651 annorum
1496 4592 1717 4661 tropaeis
1739 4592 2035 4647 admodum
2065 4593 2240 4649 elatos
2263 4589 2626 4659 depressisse,
2661 4603 2968 4657 eorumque
3004 4602 3189 4659 regem
3220 4587 3468 4643 Cosroen
3499 4585 3777 4642 horrenda

530 4688 711 4734 morte
740 4679 1026 4735 multasse.
1060 4680 1195 4736 Item
1220 4681 1285 4736 ad
1316 4697 1521 4736 annum
1547 4681 1671 4743 627,
1700 4698 1756 4735 n.
1786 4682 1878 4744 25,
1911 4681 2166 4736 llcraclio
2198 4676 2523 4748 imperatori
2549 4676 2735 4732 crucis
2762 4676 2973 4735 virtute
3014 4676 3229 4743 datum,
3256 4685 3317 4730 ut
3346 4687 3507 4746 longe
3552 4675 3778 4744 praecla-

534 4766 653 4822 rius
675 4782 839 4837 quam
861 4766 1045 4837 quivis
1077 4776 1204 4823 ante
1232 4769 1608 4823 Romanorum
1640 4769 1940 4838 imperator
1969 4770 2044 4825 de
2092 4770 2304 4824 victore
2347 4765 2576 4830 COsroe,
2601 4766 2695 4835 qui
2726 4774 2782 4819 et
2837 4766 2982 4819 vinci
3023 4781 3185 4835 posse
3241 4780 3352 4819 non
3418 4764 3772 4826 credebatur,

530 4854 976 4924 triumphaverit,
1007 4854 1221 4910 iteratis
1250 4855 1461 4910 scilicet
1477 4870 1577 4925 per
1605 4870 1779 4910 annos
1800 4865 2010 4925 septem
2040 4856 2309 4919 victoriis,
2328 4869 2563 4926 quarum
2594 4868 2759 4907 causa
2781 4868 2881 4923 per
2901 4868 3076 4908 annos
3106 4853 3353 4923 singulos
3386 4852 3589 4922 singuli
3619 4860 3775 4907 erant

529 4940 635 5011 ipsi
678 4941 1011 4997 decernendi
1036 4942 1321 5012 triumphi.

603 5030 795 5086 Exstat
822 5030 878 5083 in
912 5030 1110 5085 Chron.
1138 5031 1430 5085 Alexandr.
1467 5048 1593 5103 pag.
1614 5033 1738 5098 598,
1771 5034 1841 5088 ad
1870 5050 2075 5090 annum
2107 5034 2172 5091 18
2202 5033 2437 5089 Heraclii
2486 5032 2739 5102 imperat.
2776 5033 2985 5089 Christi
3014 5032 3138 5096 69.8,
3188 5031 3421 5101 epistola
3453 5031 3623 5101 hujus
3674 5032 3775 5084 im-

529 5125 705 5188 perat.
732 5118 896 5171 missa
931 5117 1465 5188 Constantinopolim
1499 5120 1567 5175 de
1601 5137 1737 5176 nece
1764 5122 2009 5188 Cosrois,
2052 5132 2108 5177 et
2153 5137 2286 5191 pace
2328 5120 2464 5175 inita
2490 5135 2615 5175 cum
2664 5120 2833 5191 Syroe
2868 5124 2989 5192 ejus
3020 5122 3152 5183 lilio,
3179 5134 3301 5188 quin
3360 5120 3499 5173 lecta
3550 5128 3639 5173 est
3689 5118 3773 5171 die

531 5206 598 5259 15
624 5204 771 5269 Maii,
804 5206 857 5258 in
888 5220 1053 5274 quem
1087 5206 1355 5260 inciderat
1383 5207 1579 5261 festum
1607 5209 1830 5264 Pentec.
1864 5212 1943 5264 Eo
1975 5226 2120 5265 anno
2159 5210 2369 5265 Pascha
2413 5220 2733 5263 occurrerat
2759 5210 2848 5264 die
2873 5210 2941 5262 27
2989 5210 3148 5263 Mart.
3190 5206 3536 5276 proindeque
3577 5206 3776 5259 Pente-

532 5301 714 5347 costes
744 5291 834 5347 die
863 5292 929 5346 15
955 5292 1103 5346 Maii.
1136 5294 1270 5348 Eam
1311 5310 1532 5364 quoque
1565 5296 1741 5349 refert
1769 5298 1988 5367 Pagius,
2021 5306 2157 5351 tom.
2188 5298 2254 5363 ll,
2302 5297 2426 5351 crit.
2456 5296 2656 5352 Annal.
2692 5299 2889 5351 Baron.
2921 5298 2989 5351 ad
3044 5311 3251 5351 annum
3282 5296 3409 5359 627,
3436 5310 3593 5349 num.
3624 5294 3692 5346 12
3721 5303 3774 5346 et

528 5395 681 5454 seqq.
714 5379 805 5435 Sic
831 5380 1024 5450 incipit
1052 5398 1064 5434 :
1100 5380 1307 5434 Decimo
1325 5390 1505 5435 octavo
1535 5400 1675 5436 anno
1698 5385 1903 5453 imperii
1926 5384 2178 5447 Heraclii,
2215 5394 2327 5456 post
2347 5384 2700 5447 consulatum,
2734 5386 2797 5438 17
2823 5394 2955 5450 etc.,
2980 5385 3044 5438 15
3070 5383 3201 5438 Μαίί
3236 5385 3427 5437 mensis
3456 5384 3562 5447 die,
3598 5383 3699 5450 fer.
3726 5382 3774 5447 Ι,

530 5470 643 5537 ipso
668 5467 995 5522 Pentecostes
1034 5469 1184 5538 festo,
1217 5469 1362 5524 lecta:
1381 5480 1503 5523 sunt
1539 5486 1603 5523 ex
1630 5472 1849 5525 umbone
1882 5473 1931 5525 in
1968 5474 2301 5530 sanctissima
2336 5475 2531 5546 Magna
2566 5474 2783 5529 ecclesia
2820 5476 3009 5528 littera:
3035 5476 3207 5527 missa:
3237 5490 3299 5527 ea;
3325 5474 3535 5528 Oriente
3568 5474 3635 5525 ab
3674 5472 3774 5525 He-

526 5557 694 5610 raclio
721 5560 954 5628 piissimo
985 5561 1303 5629 imperatore
1329 5570 1525 5625 nostro,
1555 5577 1671 5629 qua:
1702 5560 1909 5616 Cosroce
1936 5580 2138 5625 casum,
2164 5573 2209 5617 et
2239 5566 2701 5634 inaugurationem
2727 5561 2908 5633 Syroa:
2938 5562 3227 5616 Persarum
3263 5564 3398 5632 regis
3428 5561 3769 5623 nuntiabant,

526 5647 663 5701 hisce
682 5649 845 5703 verbis
879 5660 1159 5720 conceptae.
1189 5668 1207 5700 ι
1243 5651 1523 5705 Exsultate
1552 5650 1681 5714 Deo,
1716 5653 1882 5705 omnis
1917 5662 2083 5718 terra,
2118 5672 2135 5703 ι
2163 5662 2267 5707 etc.
2308 5670 2326 5701 ι
2361 5651 2627 5705 laetentur
2648 5650 2761 5704 caeli
2786 5659 2835 5703 et
2858 5648 3077 5703 exsultet
3108 5658 3274 5712 terra,
3297 5658 3346 5703 et
3367 5650 3545 5702 omnia
3578 5648 3771 5716 quain

526 5736 599 5786 eis
631 5745 773 5789 sunt.
798 5755 816 5787 ι
848 5736 917 5790 Et
941 5754 1117 5791 omnes
1147 5736 1433 5792 Christiani
1462 5738 1739 5792 laudantes
1770 5748 1819 5791 ct
1848 5741 2198 5794 benedicentes
2224 5741 2423 5811 gratias
2460 5756 2680 5809 agamus
2704 5737 2802 5791 soli
2833 5738 2963 5802 Deo,
2999 5747 3107 5793 etc.
3148 5757 3166 5786 ‹
3190 5737 3385 5792 Cecidit
3415 5738 3555 5790 enim
3582 5752 3770 5805 super-

533 5826 626 5885 bus
641 5833 686 5874 et
702 5824 984 5892 perduellis
1012 5825 1105 5879 Dei
1139 5824 1378 5880 Cosroes.
1433 5826 1649 5894 Cecidit,
1682 5838 1727 5881 et
1771 5830 2135 5899 pra’t‘ipitattts
2171 5837 2243 5883 est
2282 5829 2350 5882 ad
2386 5828 2602 5898 inferos,
2640 5836 2688 5881 ct
2719 5826 2890 5881 deleta
2925 5834 2999 5880 est
3024 5827 3088 5880 dc
3126 5834 3268 5880 terra
3312 5824 3568 5881 memoria
3638 5822 3765 5889 (jus.
