4032 6530
194 399 339 462 3325
1130 456 1137 461 .
1653 407 1988 472 ΝΟΤΙΤῙΑ.
3312 416 3453 480 3226

195 512 467 575 Superbus
482 512 572 567 ille
607 523 656 568 et
684 513 900 583 loquens
922 517 1259 587 iniquitatem
1282 519 1338 571 in
1364 519 1613 591 superbia
1632 532 1682 575 et
1708 534 2011 595 contemptu
2037 522 2286 579 adversus
2321 524 2385 579 D.
2423 524 2492 580 N.
2529 525 2583 582 J.
2618 525 2678 580 C.
2728 544 2911 581 verum
2945 528 3131 594 Deum,
3159 535 3209 581 et
3232 529 3446 583 inteme-

197 608 379 653 ratum
411 600 527 669 ejus
548 608 774 654 matrem
801 601 1127 659 benedictum
1146 604 1433 659 Dominam
1466 615 1707 662 nostram
1734 608 1830 664 Dei
1860 612 2174 669 Cenitricem
2211 629 2520 684 semperque
2558 614 2828 685 Virginem
2860 616 3111 671 Mariam.
3152 615 3322 671 Periit
3354 620 3446 673 im.

198 688 318 754 pius
344 704 463 741 cum
496 690 691 743 sonitu.
724 688 1016 746 Conversus
1048 703 1127 747 est
1153 693 1302 748 labor
1331 694 1445 764 ejus
1465 696 1521 747 in
1541 705 1700 766 caput
1731 698 1869 767 ejus,
1905 708 1955 752 et
1980 700 2037 753 in
2066 701 2311 754 verticem
2336 702 2601 771 iniquitas
2628 703 2746 772 ejus
2779 703 3062 758 descendit.
3093 704 3231 758 Nam
3267 704 3337 759 ει
3360 705 3453 760 Fe-

194 775 383 829 bruur.
413 774 666 844 prwteriti
702 779 919 843 mensis,
948 782 1124 847 prima
1145 781 1449 847 indictione,
1481 782 1736 836 seditione
1762 784 1815 837 in
1840 802 1961 839 eum
2008 795 2150 841 mota
2181 788 2246 841 ab
2270 788 2436 858 ipsius
2464 786 2578 853 ﬁlio
2612 787 2957 858 primogenito
2981 788 3167 860 Syroe,
3200 792 3453 861 quemad-

196 863 413 915 modum
442 863 495 915 in
525 862 637 916 alia
659 864 901 933 jussione
920 865 998 936 (id
1023 876 1107 921 est
1126 867 1408 936 epistola),
1438 869 1579 923 vobis
1610 872 1968 939 exposuimus,
2001 873 2297 930 Persarum
2325 874 2567 928 omnibus
2595 876 2895 945 proceribus
2927 894 2989 929 ac
3027 879 3271 931 universo
3301 894 3454 931 exer-

194 949 326 1013 citu,
353 950 617 1019 cupiisque
650 967 714 1004 ea:
746 953 909 1008 variis
937 955 1237 1024 regionibus
1266 956 1558 1019 conductis,
1598 957 1663 1010 ab
1692 960 2010 1013 exsecranda
2034 960 2224 1016 Cosroe
2246 967 2316 1016 ad
2343 970 2525 1033 partes
2573 961 2783 1031 Sgroaa,
2807 979 2925 1015 cum
2956 963 3311 1035 Curdanaspa
3330 965 3457 1019 Per-

192 1038 291 1090 sici
317 1040 573 1092 exercitus
603 1040 749 1109 prius
774 1042 905 1095 duce
954 1044 1372 1104 transeuntibus,
1395 1044 1534 1099 idem
1552 1044 1662 1099 Deo
1688 1048 1886 1101 invisus
1915 1048 2155 1115 Cosroes,
2196 1051 2320 1103 dum
2346 1051 2529 1120 fugam
2557 1050 2868 1113 meditatur,
2916 1058 3121 1120 captus,
3154 1054 3459 1123 vinctusque

192 1124 253 1178 in
285 1142 477 1179 novum
515 1126 819 1194 castellum,
858 1128 922 1183 ab
952 1131 1173 1200 ipsomet
1206 1131 1276 1185 ad
1295 1131 1657 1186 recondendus
1692 1135 2087 1205 servandaeque
2108 1138 2171 1190 ab
2196 1153 2255 1191 eo
2285 1136 2531 1191 collectas
2560 1138 2811 1207 pecunias
2838 1147 3157 1191 exstructum
3192 1141 3457 1210 conjectus

195 1221 294 1265 est.
324 1212 592 1267 Vicesimu'
610 1216 796 1283 quinta
827 1224 1006 1270 autem
1044 1218 1285 1287 ejusdem
1331 1220 1525 1272 mensis
1551 1218 1809 1274 Februar.
1840 1220 2006 1293 Syroe
2030 1234 2305 1289 coronato,
2329 1234 2378 1279 et
2401 1242 2521 1296 rege
2577 1225 2863 1279 Persarum
2905 1227 3247 1296 inaugurato,
3290 1246 3351 1280 ac
3386 1227 3458 1282 28

197 1297 437 1368 ejusdem
457 1303 648 1356 mensis
672 1319 791 1357 cum
816 1302 926 1357 Deo
954 1321 1140 1358 exosus
1165 1305 1387 1359 Cosroes
1410 1314 1663 1376 quartum
1679 1308 1801 1377 jam
1824 1309 1962 1364 diem
1998 1312 2055 1365 in
2088 1312 2333 1378 vinculis,
2371 1314 2609 1366 omnibus
2651 1314 2985 1366 excruciatus
3019 1311 3305 1377 doloribus,
3334 1331 3458 1367 exe-

198 1386 380 1471 gisset,
413 1387 686 1457 ingratum
716 1388 892 1456 illum,
915 1399 966 1444 et
990 1390 1319 1460 perduellem
1347 1392 1465 1457 Dei,
1496 1394 1883 1465 superbumque
1914 1415 1976 1451 ac
2009 1398 2374 1469 blasphemum
2407 1400 2637 1455 Cosroen
2684 1401 3022 1453 acerbissimo
3052 1403 3235 1455 mortis
3271 1418 3459 1471 genere

197 1470 391 1542 Syroes
419 1475 658 1540 sustulit,
686 1477 764 1530 uti
785 1478 941 1531 sciret
968 1477 1158 1531 Iesum
1184 1494 1247 1531 ea:
1272 1479 1449 1533 Maria
1475 1490 1683 1545 nutum,
1716 1490 1765 1534 et
1786 1500 1819 1534 a
1843 1483 2045 1540 Judwis
2081 1488 2418 1555 cruciﬁxum,
2449 1490 2894 1559 quemadmodum
2932 1489 3045 1556 ipse
3072 1470 3378 1559 scripserat,
3409 1500 3457 1542 et

198 1577 360 1631 quem
386 1564 627 1618 conviciis
649 1566 1378 1636 incesserut,omnipotentem
1404 1583 1516 1621 esse
1530 1566 1719 1632 Deum,
1736 1569 1916 1639 illique
1942 1574 2243 1639 retribuere,
2263 1583 2419 1646 prout
2447 1593 2477 1628 α
2506 1577 2651 1629 nobis
2673 1577 2774 1645 ipsi
2803 1577 3116 1646 rescriptum
3144 1570 3361 1644 fuerat,«
3380 1584 3456 1632 te.

198 1646 271 1703 In
296 1648 409 1703 alia
444 1656 674 1705 uutemu
699 1652 845 1706 nobis
885 1653 1012 1707 data
1035 1654 1178 1708 vobis
1201 1655 1465 1724 jussione,
1491 1670 1556 1709 ea:
1590 1657 1779 1709 castris
1797 1659 1992 1711 nostris
2030 1661 2099 1712 ad
2121 1659 2389 1724 Canzaca,
2441 1678 2560 1732 qua:
2606 1662 2943 1716 continebant
2981 1670 3101 1716 actu
3150 1681 3182 1717 a
3216 1664 3280 1717 17
3310 1662 3461 1717 Octo-

201 1739 336 1802 bris,
363 1756 525 1811 usqpe
552 1744 621 1795 ad
645 1741 712 1796 15
730 1741 936 1806 Martii,
960 1742 1375 1813 signiﬁcavimus
1401 1784 1416 1808 ,
1446 1761 1549 1815 quo
1575 1753 1730 1815 pacto
1750 1744 1911 1808 Deus,
1943 1754 1992 1798 et
2034 1745 2257 1802 Domina
2289 1756 2469 1802 nostra
2498 1749 2756 1819 Deipara,
2784 1750 2952 1811 nobis,
2997 1749 3304 1822 Christoque
3329 1751 3459 1805 dile-

199 1827 303 1879 ctis
326 1828 485 1896 c0piis
512 1829 704 1882 nostris
740 1831 1081 1895 succurrerit,
1108 1839 1158 1883 et
1185 1831 1443 1901 quomodo
1462 1833 1517 1885 in
1548 1832 1662 1903 ipso
1682 1840 1956 1901 conspectu
1984 1843 2164 1887 nostro
2194 1834 2302 1889 Deo
2322 1851 2556 1897 exsosus,
2583 1844 2631 1888 et
2656 1852 2683 1887 e
2718 1837 2922 1890 tumulo
2954 1838 3284 1907 refodiendus
3308 1838 3459 1910 (sive

200 1932 237 1972 e
266 1919 619 1988 sterquilinio
644 1919 898 1984 cﬂ‘ossus,
923 1928 987 1974 ut
1006 1920 1173 1977 habet
1204 1920 1426 1991 Pagius)
1464 1920 1685 1976 Cosroes
1713 1938 1746 1974 u
1775 1918 2250 1996 Dastagerchosute
2283 1922 2352 1975 ad
2385 1921 2773 1993 Ctesiphontem
2800 1941 2966 1995 usque
2992 1926 3177 1995 fugam
3204 1928 3463 1996 capessie-

202 2005 299 2068 rit,
323 2023 525 2076 suaque
574 2005 782 2076 palatia
812 2009 1051 2061 amiserit
1079 2025 1199 2061 cum
1223 2009 1375 2079 regni
1399 2007 1596 2063 Persici
1623 1994 1925 2080 provinciis,
1963 2022 2025 2059 ac
2057 2006 2282 2075 denique
2314 2006 2413 2059 huc
2444 2007 2652 2060 ratione
2675 2023 2998 2061 commovere
3028 1994 3277 2062 adversus
3308 2009 3461 2063 illum

198 2094 516 2148 seditionem
530 2092 722 2166 Syroes
747 2097 1000 2165 potuerit.
1022 2095 1150 2150 Post
1166 2097 1421 2166 scriptam
1441 2112 1563 2151 vero
1588 2098 1726 2151 hunc
1750 2104 1987 2151 nostram
2003 2096 2322 2165 jussionem,
2345 2109 2565 2165 eumque
2584 2097 2803 2149 missum
2828 2095 2892 2148 l5
2909 2096 2992 2149 die
3015 2098 3287 2166 prazsentis
3318 2113 3466 2150 men-

200 2180 276 2233 sis
302 2180 506 2244 Martii,
534 2181 659 2234 dum
687 2197 807 2251 qua:
835 2179 1067 2237 Cosroen
1097 2183 1237 2235 inter
1264 2192 1315 2236 et
1349 2181 1551 2253 Syroen
1584 2183 1915 2253 postmodum
1949 2182 2263 2251 contigerint
2293 2180 2576 2252 explorare
2621 2184 2940 2252 satagimus,
2990 2184 3162 2237 missis
3203 2186 3259 2238 in
3307 2186 3462 2239 varia

205 2268 349 2333 loca,
377 2278 539 2339 atque
566 2270 635 2323 ad
655 2268 932 2335 Siarsura,
960 2286 1183 2341 parvum
1200 2270 1398 2336 Zabus,
1426 2268 1653 2326 Chalcus
1669 2282 1719 2326 et
1739 2271 1974 2334 Jesdem,
2010 2278 2241 2339 utraque
2289 2270 2398 2333 via,
2430 2277 2545 2323 tum
2574 2285 2638 2323 ex
2677 2270 2988 2339 felicissimis
3015 2273 3202 2325 castris
3248 2272 3463 2338 nostris,

204 2365 323 2410 tum
343 2372 407 2410 ea:
444 2355 727 2411 Saracenis
753 2358 842 2427 pio
872 2365 1052 2411 nostro
1085 2358 1308 2427 imperio
1335 2357 1606 2428 subjectis,
1645 2366 1705 2411 ut
1747 2356 2191 2429 quemadmodum
2235 2356 2449 2427 prwfuti
2492 2373 2697 2422 sumus,
2734 2367 2906 2411 motus
2935 2358 3026 2428 qui
3054 2357 3125 2411 ibi
3154 2367 3296 2422 sunt,
3325 2367 3465 2413 certo

203 2444 544 2507 resciremus,
579 2444 917 2499 adduxerunt
948 2444 1019 2497 ad
1048 2460 1143 2498 nos
1174 2446 1497 2499 excubitores
1524 2446 1581 2499 in
1609 2452 1789 2500 castra
1818 2444 1889 2500 ad
1918 2444 2166 2500 Cunzucu
2210 2445 2433 2500 Persam
2474 2462 2663 2511 unum,
2704 2454 2754 2499 et
2789 2446 3021 2501 alterum
3069 2445 3399 2514 Armenium,
3428 2462 3467 2503 ιι

205 2531 400 2602 quibus
419 2538 667 2601 porrecta
692 2532 837 2587 nobis
866 2541 944 2586 est
972 2530 1197 2602 epistola
1226 2549 1258 2585 u
1286 2532 1519 2600 quodam
1555 2532 1848 2588 Persarum
1873 2536 2158 2589 secretario
2186 2524 2272 2589 cui
2293 2551 2483 2589 nomen
2506 2543 2583 2589 est
2611 2534 2814 2591 Cosdae
2846 2545 2895 2588 et
2938 2536 3368 2597 Axiumaranan,
3395 2537 3468 2591 ad

206 2635 305 2672 nos
327 2619 673 2688 scripta,qua
692 2619 909 2673 missum
933 2633 990 2672 se
1015 2616 1405 2688 signiﬁcabatu
1432 2618 1601 2690 Syroe
1646 2622 1703 2674 in
1748 2620 2041 2676 Persarum
2085 2638 2260 2693 regem
2311 2622 2663 2693 proclamato,
2722 2639 2841 2677 cum
2891 2623 3012 2677 aliis
3060 2624 3379 2694 proceribus,
3419 2635 3469 2679 et

204 2706 377 2774 ipsius
423 2704 603 2776 Sgrois
658 2705 727 2760 ad
773 2723 865 2760 nos
921 2705 1109 2759 litteris
1152 2722 1171 2761 :
1206 2710 1428 2776 cumque
1484 2716 1554 2760 ad
1593 2707 1798 2763 Arman
1821 2710 2158 2779 pervenisset,
2182 2710 2355 2764 visum
2380 2709 2478 2764 sibi
2497 2725 2608 2764 esse
2631 2719 2689 2762 ut
2742 2710 2872 2764 duos
2929 2712 3055 2764 istos
3097 2712 3236 2764 viros
3261 2710 3331 2765 ad
3371 2727 3467 2766 nos

212 2794 469 2859 mitteret,
495 2809 598 2862 quo
649 2793 876 2847 vicissim
929 2809 1087 2862 seque
1135 2810 1199 2847 ac
1255 2794 1424 2848 socios
1459 2802 1598 2848 tutos
1624 2794 2013 2867 incolumesque
2066 2796 2402 2862 deducerent,
2458 2813 2492 2850 u
2554 2796 2701 2850 nobis
2770 2797 3125 2850 mitterentur.
3183 2797 3247 2852 Ut
3293 2808 3472 2853 autem
3567 2784 3570 2789 ’

206 2879 369 2935 illum
415 2879 515 2935 sibi
561 2880 745 2934 timere
789 2879 1166 2947 intelleximus,
1222 2896 1288 2934 ea:
1334 2897 1394 2936 eo
1443 2883 1585 2952 quod
1639 2883 1695 2936 in
1746 2883 1935 2936 itinere
1994 2882 2166 2936 multa
2204 2881 2490 2937 Persarum
2523 2883 2812 2948 cadavera,
2847 2899 3014 2953 eaque
3035 2900 3202 2954 usque
3233 2884 3303 2938 ad
3359 2886 3467 2941 tria

209 2968 430 3022 circiter
485 2966 658 3022 millia
706 2984 740 3020 u
785 2966 1099 3036 felicissimis
1146 2969 1309 3039 copiis
1362 2971 1558 3024 nostris
1606 2970 2006 3039 interfectorum
2060 2985 2242 3023 versus
2277 2969 2499 3024 Narban
2556 2971 2772 3036 videret,
2823 2970 3019 3039 absque
3067 2972 3470 3028 conductoribus

210 3073 310 3111 nos
338 3057 612 3111 convenire
634 3062 937 3111 vereretur:
955 3056 1027 3111 25
1052 3056 1289 3127 ejusdem
1316 3056 1482 3111 Hart.
1506 3058 1698 3111 mensis
1718 3058 1788 3111 ad
1810 3057 1931 3112 illos
1954 3059 2198 3112 misimus
2226 3058 2665 3127 gloriosissimum
2698 3059 3015 3129 magistrum
3036 3059 3265 3113 militum
3288 3059 3472 3115 Eliam

209 3150 557 3214 cognomento
576 3141 832 3206 Barsoca,
868 3152 917 3197 et
943 3142 1526 3213 magniﬁcentissimum
1561 3144 1881 3199 Theodotum
1913 3145 2299 3217 Drungurium,
2338 3160 2460 3198 cum
2490 3144 2691 3198 delectu
2714 3145 3018 3214 juventute,
3041 3162 3105 3199 ac
3126 3147 3311 3216 viginti
3325 3149 3474 3218 equis

210 3232 502 3287 destruriis
534 3230 669 3287 sella
701 3233 994 3294 instructis,
1026 3232 1119 3302 qui
1168 3231 1277 3286 illis
1315 3240 1669 3296 occurrerent,
1700 3248 1889 3294 eosque
1937 3232 2008 3287 ad
2040 3250 2135 3288 nos
2167 3232 2506 3297 deducerent;
2535 3238 2646 3288 etc.
2690 3231 2755 3288 Ut
2782 3249 2905 3286 vero
2943 3232 3072 3286 duos
3111 3231 3234 3286 illos
3266 3234 3405 3288 viros
3438 3250 3473 3288 u

214 3319 390 3392 Syros
413 3318 703 3374 Persarum
733 3335 855 3390 rege
883 3320 1067 3374 missos
1101 3320 1390 3390 recepimus
1409 3358 1425 3384 ,
1454 3318 1685 3373 alterum
1710 3320 1884 3383 exiis,
1916 3319 2144 3375 Persam
2162 3320 2383 3384 scilicet,
2409 3335 2518 3374 una
2537 3336 2655 3373 cum
2688 3318 2810 3373 aliis
2839 3319 2910 3374 ad
2938 3318 3311 3374 Barismanem
3333 3318 3476 3375 Can-

214 3421 472 3461 sucorum
502 3405 903 3476 (praepositum)
929 3407 1020 3476 qui
1044 3423 1077 3460 u
1099 3406 1464 3476 quadraginta
1486 3404 1806 3459 milliaribus
1832 3406 2039 3473 aberat,
2065 3414 2116 3461 et
2136 3408 2193 3462 in
2219 3408 2483 3461 munitum
2507 3406 2789 3461 castellum
2818 3423 2875 3461 se
2900 3405 3191 3462 recluserat
3210 3409 3474 3475 misimus,

214 3495 363 3549 datis
393 3494 462 3549 ad
483 3493 639 3549 illum
668 3494 880 3559 litteris,
911 3495 1095 3565 quibus
1127 3494 1510 3562 mundabatur,
1547 3496 1628 3549 uti
1660 3511 1821 3567 equos
1854 3501 2055 3566 septem
2082 3511 2178 3565 pro
2214 3494 2399 3566 legatis
2429 3503 2671 3565 pararet,
2706 3510 2811 3565 quo
2843 3496 3085 3566 expedite
3122 3512 3186 3549 ac
3206 3497 3321 3551 sine
3359 3494 3476 3552 ullo

214 3581 597 3651 impedimento
640 3581 711 3635 ad
738 3581 940 3653 Sgroen
966 3598 1139 3652 regem
1170 3589 1382 3652 possent
1424 3581 1707 3652 proﬁcisci.
1732 3582 2086 3637 Burismunas
2136 3597 2332 3636 vero...
2365 3589 2416 3635 et
2446 3583 2536 3653 qui
2571 3588 2683 3634 tum
2715 3598 2835 3636 cum
2868 3582 2964 3637 illo
2989 3584 3235 3648 aderunt,
3284 3600 3398 3650 nos,
3425 3591 3478 3637 et

219 3665 430 3740 Sgroen
464 3667 757 3723 Persarum
787 3684 981 3739 regem,
1009 3685 1103 3739 per
1137 3668 1333 3723 multas
1359 3671 1540 3735 horas,
1575 3670 1767 3740 faustis
1798 3671 2271 3726 acclamationibus
2302 3670 2649 3743 laudibusque
2674 3673 2936 3742 prosecuti
2984 3680 3129 3727 sunt.
3185 3673 3231 3727 Α
3278 3672 3478 3744 Legato

223 3758 420 3828 quippe
439 3756 534 3811 illo
561 3756 748 3821 Persa,
771 3754 1097 3825 perduellem
1124 3755 1221 3809 Dei
1249 3755 1483 3812 Cosroen
1514 3758 1754 3827 periisse,
1776 3770 2056 3826 regemque
2082 3752 2285 3825 Syroen
2313 3753 2707 3825 proclamatum
2741 3757 2989 3809 certiores
3016 3763 3172 3810 erant
3197 3756 3345 3826 facti.
3375 3756 3479 3810 Reb

221 3844 435 3914 scripsit
468 3843 655 3897 deinde
678 3843 823 3897 nobis
855 3842 997 3896 idem
1030 3841 1401 3910 Barismunas,
1447 3859 1605 3914 equos
1628 3860 1707 3910 se,
1736 3844 1869 3897 sicut
1896 3861 1929 3897 a
1960 3842 2106 3897 nobis
2137 3842 2454 3897 mandatum
2498 3841 2695 3911 fuerat,
2734 3844 3079 3907 instruxisse,
3110 3851 3305 3897 etcum
3339 3842 3477 3898 alte-

227 3948 352 3985 ram
376 3938 615 3985 nostram
629 3930 927 4001 jussionem
960 3932 1239 4000 acceperit,
1270 3947 1375 4001 qua
1399 3929 1698 4000 legatorum
1725 3931 1980 3985 adventus
1996 3930 2094 3984 sibi
2117 3929 2606 4000 signiﬁcaretur,se
2633 3945 2793 4000 quam
2825 3931 3055 3999 priurum
3083 3931 3154 3983 ad
3181 3947 3275 3983 nos
3304 3946 3479 3984 acces-

223 4035 437 4081 surum,
478 4020 727 4088 equisque
771 4017 1044 4087 confestim
1095 4017 1357 4083 adductis,
1396 4002 1565 4087 o‘ﬁicia
1597 4035 1696 4073 sua
1720 4019 2037 4089 servitiaque
2088 4018 2268 4071 omnia
2317 4018 2703 4087 prtestiturum.
2736 4014 2871 4070 Cum
2908 4017 3074 4086 igitur
3104 4016 3159 4070 in
3194 4017 3380 4071 iisdem
3409 4018 3482 4072 ud

227 4104 482 4159 Canzaca
516 4105 697 4173 positis
714 4106 902 4159 castris
932 4120 1160 4158 essemus
1186 4105 1382 4159 morati
1413 4121 1578 4176 usque
1613 4104 1683 4159 ad
1711 4105 1745 4158 5
1774 4109 1967 4160 mensis
1992 4104 2195 4177 Aprilis
2239 4105 2397 4170 diem,
2426 4105 2517 4175 qui
2553 4106 2609 4158 in
2648 4103 2981 4157 Dominicam
3019 4104 3225 4169 incidit,
3270 4104 3481 4158 advenit

230 4193 497 4248 Phuiucus
523 4193 635 4263 regi
664 4210 697 4246 u
722 4194 957 4260 secretis,
988 4194 1079 4264 qui
1108 4201 1156 4246 et
1179 4192 1403 4248 Rharnu
1428 4193 1740 4257 vocabatur,
1771 4194 1911 4248 circa
1935 4195 2123 4248 horam
2155 4192 2463 4256 secundum,
2501 4191 2848 4259 eumdemque
2872 4192 2971 4245 hac
2995 4193 3113 4260 ipsa
3153 4194 3283 4246 hora
3327 4209 3480 4247 exce-

228 4282 429 4352 pimus,
469 4280 656 4335 litteris
681 4298 713 4336 u
740 4280 943 4337 Cabata
984 4279 1148 4352 Syroe
1175 4281 1583 4336 clementissimo
1620 4281 1911 4336 Persarum
1958 4298 2098 4352 rege,
2129 4296 2248 4351 qua:
2280 4282 2394 4350 ejus
2438 4282 2914 4350 inaugurationem
2964 4279 3324 4345 continebant,
3365 4281 3485 4351 qui-

232 4374 435 4443 busque
458 4373 745 4438 nobiscum,
778 4379 827 4427 et
865 4390 986 4427 cum
1005 4374 1185 4443 quovis
1213 4375 1506 4436 hominum,
1533 4390 1715 4443 pacem
1749 4370 1942 4426 habere
1966 4369 2100 4424 velle
2132 4368 2493 4440 signiﬁcabat,
2514 4368 2578 4421 ab
2608 4366 2701 4421 illo
2722 4369 2966 4437 acceptis.
2992 4369 3166 4422 Visum
3197 4385 3318 4439 ergo
3335 4369 3484 4424 nobis

226 4469 311 4517 est
331 4460 721 4515 clementissimi
754 4458 969 4515 Cabata:
993 4459 1174 4531 Sgrois
1211 4458 1516 4513 litterarum
1550 4459 1827 4530 exemplar
1859 4457 1978 4509 huic
2007 4464 2201 4509 nostra:
2231 4455 2301 4508 ad
2322 4470 2411 4508 vos
2449 4455 2673 4516 iussioni
2701 4454 3040 4525 subjungere,
3062 4462 3121 4507 ut
3158 4463 3208 4508 et
3248 4456 3375 4525 quid
3412 4458 3484 4510 ad

226 4546 360 4603 illus
396 4549 582 4604 deinde
610 4549 1055 4618 rescripserimus.
1088 4547 1381 4602 Mansimus
1410 4564 1533 4602 vero
1558 4548 1736 4601 eodem
1764 4548 1820 4600 in
1851 4546 1961 4601 loco
1987 4554 2284 4598 castrorum
2310 4542 2567 4598 Canzacis
2602 4543 2889 4596 vicinorum
2918 4560 3081 4614 usque
3114 4544 3183 4597 ad
3205 4545 3485 4615 septimum

229 4636 455 4709 Aprilis,
480 4638 574 4692 hoc
594 4645 666 4691 est
685 4638 754 4691 27
771 4637 902 4691 dies.
936 4636 1130 4691 Octavo
1165 4644 1342 4690 autem
1368 4635 1603 4705 ejusdem
1642 4636 1834 4689 mensis
1865 4634 2103 4687 eumdem
2149 4630 2444 4685 Phaiacum
2471 4647 2504 4683 u
2544 4630 2776 4691 secretis,
2811 4628 3087 4684 Rharnum
3132 4631 3484 4702 appellatum,

232 4724 542 4794 honoriﬁce,
573 4736 833 4796 quantum
863 4724 1028 4791 licuit,
1052 4734 1344 4795 acceptum,
1378 4732 1434 4776 ut
1466 4731 1514 4776 et
1565 4723 1654 4793 qui
1682 4739 1803 4776 cum
1836 4722 1931 4777 illo
1960 4729 2135 4785 erant,
2170 4720 2487 4782 dimisimus,
2520 4726 2630 4772 etc.
2666 4718 2837 4789 Atque
2876 4720 2952 4772 ita
2987 4718 3297 4787 conﬁdimus
3325 4719 3389 4773 ι).
3414 4718 3484 4772 Ν.

232 4812 421 4867 Jesum
459 4812 725 4868 Christum
761 4813 955 4867 bonum
985 4820 1034 4865 et
1058 4814 1467 4883 omnipotentem
1500 4810 1687 4875 Deum,
1729 4819 1777 4864 et
1809 4809 2093 4863 Dominam
2160 4814 2399 4861 nostram
2440 4804 2534 4859 Dei
2577 4805 2910 4869 Cenitricem,
2945 4821 3025 4858 res
3068 4821 3246 4858 omnes
3276 4813 3486 4860 nostras

234 4902 529 4956 secundum
549 4919 730 4956 eorum
756 4902 1091 4955 clementiam
1122 4909 1422 4956 curaturos.
1454 4900 1561 4955 Nos
1593 4917 1749 4971 porro
1783 4897 2015 4968 ejusdem
2045 4894 2239 4948 mensis
2274 4894 2359 4945 die
2404 4892 2438 4946 8
2477 4892 2587 4945 Deo
2624 4893 2855 4961 auspice,
2885 4902 3066 4944 castra
3110 4894 3387 4957 movimus,
3431 4895 3489 4948 in

236 4988 550 5047 Armeniam
579 4990 678 5042 iter
705 4988 919 5058 facturi.
951 4988 1047 5041 Vos
1079 4995 1256 5042 autem
1286 4988 1412 5041 bene
1448 4988 1639 5051 valete,
1669 4989 2047 5055 continuusque
2079 5002 2139 5038 ac
2168 4982 2457 5051 indefessas
2496 4983 2761 5035 orationes
2801 4982 2870 5035 ad
2899 4980 3065 5034 Deum
3109 4981 3329 5049 fundite,
3362 4999 3487 5052 quo,

237 5077 374 5127 sicut
402 5084 760 5143 peroptamus,
789 5092 878 5129 vos
901 5092 1063 5146 quam
1093 5075 1325 5145 primum
1359 5076 1581 5129 revisere
1627 5074 1771 5127 nobis
1814 5072 2098 5143 largiatur.
2137 5072 2278 5126 Huic
2310 5070 2544 5125 Heraclii
2606 5070 2852 5139 cpistola:
2915 5069 3172 5128 subditur
3204 5071 3258 5124 in
3293 5072 3488 5125 eodem

243 5161 415 5213 Chron
431 5159 757 5214 .‘Alercandr.
787 5177 908 5232 pag.
938 5161 1063 5227 402,
1094 5178 1223 5231 pars
1267 5161 1517 5231 epistolae
1548 5162 1735 5232 Syrois
1764 5161 1831 5217 ad
1853 5160 2068 5216 Hcracl.
2092 5160 2309 5214 Titulus
2323 5166 2408 5212 est.
2432 5156 2772 5232 :_E:cemplar
2797 5159 3184 5211 commonitorii
3205 5176 3236 5210 a
3263 5158 3487 5223 Cabata,

242 5246 339 5315 qui
362 5253 411 5298 et
438 5244 628 5316 Sgroes
653 5247 822 5301 dictus
851 5230 947 5312 est,
972 5230 1373 5303 clementissimo
1401 5265 1522 5320 rege
1546 5248 1861 5316 Persarum,
1885 5249 2029 5303 missi
2062 5247 2130 5300 ad
2158 5230 2473 5299 Heracliuni
2502 5246 2794 5316 piissimum
2823 5256 2872 5299 et
2892 5264 2924 5299 a
2958 5246 3069 5300 Deo
3091 5256 3357 5299 servatum
3392 5263 3490 5299 no-

239 5342 417 5387 strum
438 5334 832 5404 imperatorem.
864 5335 902 5389 Α
936 5324 1139 5390 Cabata
1170 5334 1563 5399 Sadasudasac,
1592 5336 1840 5391 Heraclio
1879 5334 2303 5395 clementissimo,
2338 5341 2387 5385 et
2412 5350 2445 5385 a
2480 5334 2587 5385 Deo
2637 5340 2844 5385 servato
2878 5332 3191 5402 imperatori
3223 5331 3491 5385 Romano-

242 5436 388 5485 rum,
418 5419 577 5489 fratri
600 5430 799 5485 nostro,
826 5421 1116 5491 plurimam
1149 5423 1379 5492 gratiam
1406 5424 1761 5493 impertimur.
1790 5421 2203 5477 Clementissimo
2232 5422 2539 5491 imperatori
2575 5420 2958 5482 Romanorum,
2994 5429 3044 5472 et
3090 5419 3249 5488 fratri
3291 5427 3487 5473 nostra.

241 5506 353 5562 Nos
376 5508 472 5562 Dei
491 5510 819 5579 providentia
840 5512 1034 5582 absque
1058 5512 1168 5565 ullo
1190 5512 1371 5567 labore
1396 5513 1592 5583 insigni
1615 5514 1914 5567 diademate
1930 5512 2134 5573 donati,
2159 5518 2370 5578 patrum
2388 5526 2450 5562 ac
2473 5510 2739 5579 majorum
2767 5517 3068 5561 nostrorum
3092 5506 3282 5561 solium
3307 5524 3486 5560 sumus

244 5599 532 5650 consecuti.
558 5598 623 5651 At
641 5608 768 5652 cum
787 5608 897 5653 tam
921 5600 1144 5669 beneﬁce
1174 5603 1238 5655 ab
1263 5605 1375 5672 ipso
1406 5601 1517 5654 Deo
1541 5618 1634 5655 nos
1666 5601 1905 5673 dignatos
1932 5614 2298 5669 agnoscamus,
2329 5607 2383 5649 ut
2411 5597 2675 5651 illustrem
2696 5597 2826 5650 adeo
2857 5597 3103 5649 thronum
3135 5596 3489 5664 exceperimus

247 5700 313 5737 ac
340 5683 774 5754 dominationem,
805 5689 850 5741 si
870 5688 994 5757 quid
1017 5695 1145 5742 esset
1174 5689 1313 5759 quod
1327 5689 1546 5743 humani
1572 5691 1779 5759 generis
1809 5687 2028 5743 utilitati
2053 5703 2114 5738 ac
2138 5685 2329 5739 solatio
2345 5686 2676 5749 conduceret,
2713 5691 2971 5754 quantum
3010 5684 3066 5736 in
3108 5683 3251 5736 nobis
3277 5682 3396 5752 fuit,
3439 5692 3491 5735 et

247 5782 406 5842 prout
437 5773 630 5838 decuit,
669 5775 725 5827 id
762 5776 1010 5828 continuo
1054 5775 1171 5841 ﬁeri
1222 5776 1509 5830 liberaliter
1546 5777 1871 5846 beneﬁceqnc
1894 5774 2287 5845 imperauimus.
2322 5772 2754 5843 Quandoquidem
2780 5772 2939 5841 igitur
2957 5770 3026 5823 ad
3064 5786 3327 5824 summam
3355 5770 3490 5823 hunc

248 5860 560 5933 dignitatem
591 5870 638 5914 et
664 5862 941 5931 imperium
976 5878 1068 5915 nos
1101 5862 1237 5917 Deus
1262 5863 1446 5929 evexit,
1475 5863 1526 5916 id
1551 5864 1785 5932 protinus
1819 5865 1870 5916 in
1915 5862 2091 5916 animo
2131 5868 2385 5915 statutum
2415 5862 2533 5929 fuit,
2570 5868 2893 5931 ntquotquot
2917 5860 3150 5915 homines
3176 5858 3488 5914 detineban-
