4006 6500
694 353 838 418 3227
1612 364 2011 426 ZACHARUE
2049 336 2554 431 Immunem
2588 370 2995 433 HIEROSOL.
3761 380 3855 451 ω

696 478 786 525 tur
810 468 866 524 in
892 471 1134 539 vinculis,
1168 472 1582 531 dimitterentur.
1608 475 1715 532 Sed
1744 489 1793 533 et
1822 482 1867 533 si
1894 482 2019 550 quid
2050 492 2166 536 erat
2195 485 2335 552 quod
2358 487 2608 539 humana:
2634 487 2946 540 conditionis
2980 502 3044 540 ac
3076 485 3291 556 hujusce
3311 488 3432 542 vitae
3459 489 3661 546 utilitati
3678 510 3730 547 ac
3755 514 3853 553 eo...

692 560 853 612 modo
880 561 1111 628 fructum
1138 563 1369 631 afferret,
1399 563 1649 633 nobisque
1674 574 1912 621 statuere
1942 567 2139 632 liceret,
2164 572 2218 623 id
2257 570 2381 638 ﬁeri
2426 590 2531 628 non
2573 576 2725 629 modo
2747 577 3110 646 pracepimns,
3141 576 3233 630 sed
3271 584 3322 629 et
3351 578 3631 647 confectum
3660 595 3740 649 est,
3760 587 3853 653 ριέη

695 649 855 701 etiam
870 648 1014 703 nobis
1042 649 1390 705 deliberatum
1411 661 1487 705 est
1516 670 1580 709 ac
1614 657 1981 723 constitutum,
2007 660 2084 711 uti
2103 659 2363 714 vobiscum
2407 660 2769 716 Romanorum
2796 664 3112 732 imperator,
3140 664 3309 733 frater
3348 676 3543 729 noster,
3570 648 3853 739 cumque

693 752 857 789 mana
890 736 1185 807 republica,
1208 742 1515 811 cwterisque
1564 744 1795 813 pepulis,
1828 744 2052 815 aliisque
2089 746 2285 816 regulis
2308 748 2398 817 qui
2439 749 2580 802 circa
2606 751 2889 819 imperium
2932 760 3170 805 nostrum
3201 754 3435 819 undique
3473 736 3706 822 habitant,
3728 778 3851 828 pacm

692 832 743 875 et
770 825 1063 878 amiticiam
1087 825 1323 896 deinceps
1345 827 1603 885 colamus.
1626 829 1777 895 Quod
1800 842 1977 886 autem
2007 833 2319 902 fraternitas
2365 844 2565 899 vestra,
2618 836 2987 890 Romanorum
3027 838 3318 907 imperator
3336 879 3350 903 ,
3383 841 3616 910 affectam
3656 825 3852 914 “gaudio

689 910 845 974 dixit,
875 911 1014 981 quod
1044 929 1137 965 nos
1172 914 1409 967 euntdem
1433 917 1679 970 thronum
1702 919 2197 976 obtinuerimus.....
2227 921 2457 987 Czetera,
2500 922 2681 992 inquit
2720 922 2955 980 Carolus
2988 923 3075 979 Du
3101 923 3305 996 Gange,
3343 940 3459 996 pre
3485 910 3734 985 vetustate
3752 932 3849 987 desi-

680 998 967 1055 derantur
1008 999 1067 1053 in
1094 1016 1199 1054 ms.
1233 1001 1447 1057 codice.

757 1086 933 1142 Periit
955 1087 1142 1159 itaque
1171 1089 1427 1165 Cosroes,
1459 1092 1610 1161 justo
1634 1093 1731 1148 Dei
1762 1093 1996 1163 judicio,
2037 1111 2205 1151 manu
2247 1096 2438 1167 Syrois
2471 1097 2569 1153 ﬁlii
2608 1097 2698 1153 sui
2726 1106 2859 1153 natu
2894 1099 3149 1171 majoris,
3176 1116 3324 1155 anno
3350 1100 3560 1157 Christi
3593 1102 3702 1169 628,
3724 1106 3850 1163 dicis

689 1171 963 1228 Februar.
1004 1175 1143 1231 Cum
1182 1178 1334 1233 enim
1365 1177 1629 1234 Seleuciae
1658 1181 1715 1234 in
1746 1181 2073 1252 dysenteria:
2106 1185 2359 1238 morbum
2392 1181 2697 1246 incidisset,
2728 1196 2955 1251 operam
2990 1182 3144 1237 dedit
3163 1190 3225 1237 ut
3251 1184 3358 1238 sibi
3394 1186 3852 1242 succederetlledar-

688 1275 778 1315 ses
808 1262 949 1316 alter
987 1261 1133 1317 ﬁlius
1168 1278 1323 1329 suus,
1351 1280 1515 1334 quem
1548 1281 1616 1321 ex
1650 1266 1782 1338 Syra
1814 1268 2013 1325 dilecta
2065 1272 2298 1341 conjuge
2324 1277 2669 1338 susceperat.
2718 1267 2877 1334 Quod
2914 1270 3010 1324 ubi
3043 1271 3316 1339 comperit
3352 1271 3575 1343 Syroes,
3612 1288 3716 1326 cum
3754 1286 3851 1343 opu-

690 1347 937 1403 matihus
970 1349 1123 1419 regni
1159 1351 1291 1421 egit,
1324 1361 1385 1407 ut
1416 1352 1484 1407 de
1512 1354 1720 1409 mundo
1752 1366 1909 1425 pater
1934 1357 2246 1420 tolleretur,
2276 1372 2408 1413 usus
2435 1356 2605 1410 etiam
2643 1355 2712 1409 ad
2756 1354 2863 1410 hoc
2892 1356 3269 1411 Romanorum
3298 1359 3521 1413 auxilio.
3552 1358 3749 1414 Cosroes
3772 1363 3851 1430 qni-

687 1438 815 1489 dem
850 1435 1041 1506 fugere
1070 1441 1322 1505 tentavit,
1363 1440 1459 1495 sed
1492 1450 1687 1511 captus
1718 1454 1822 1509 est,
1861 1445 2040 1500 valide
2071 1446 2310 1509 vinctus,
2332 1454 2390 1498 et
2416 1443 2617 1497 missus
2655 1441 2710 1496 in
2731 1441 2957 1497 domum
2990 1443 3367 1507 tenebrarum,
3401 1461 3563 1513 quam
3599 1462 3757 1501 recens
3776 1448 3851 1515 ipse

683 1521 750 1575 ιλιι
791 1524 1170 1597 recondendas
1199 1528 1466 1596 pecunias
1488 1538 1863 1586 exstruxerat.
1903 1532 2089 1586 Aiebat
2121 1534 2265 1602 quipj

2266 1548 2312 1585 ie
2349 1529 2561 1601 Syroes,
2581 1529 2764 1598 inquit
2797 1528 3049 1598 Theoph.
3084 1530 3293 1599 pp.27l
3332 1540 3389 1585 et
3414 1531 3539 1596 273,
3558 1542 3608 1587 et
3636 1534 3754 1601 apud
3785 1534 3848 1587 Bs

686 1624 810 1663 ron.
840 1610 906 1664 ad
948 1627 1150 1666 annum
1178 1614 1312 1681 627,
1334 1632 1391 1670 n.
1434 1618 1500 1673 l7
1536 1634 1549 1669 :
1582 1616 1835 1672 Comedat
1861 1635 2053 1672 aurum
2089 1620 2228 1690 quod
2254 1621 2525 1673 incassum
2538 1616 2770 1688 collegit,
2797 1627 3009 1688 propter
3037 1618 3176 1687 quod
3204 1620 3366 1671 etiam
3396 1618 3584 1673 multos
3606 1621 3725 1690 fame
3746 1638 3849 1673 neca-

686 1696 779 1755 vit,
809 1696 1170 1767 mundumque
1200 1700 1410 1756 delevit.
1437 1702 1583 1758 Misit
1610 1704 1828 1774 insuper
1867 1714 2118 1775 satrapas
2159 1705 2229 1759 ad
2274 1721 2394 1760 eum
2439 1707 2654 1777 injuriis
2694 1706 3054 1775 impetendum
3093 1714 3144 1759 et
3194 1707 3621 1775 conspuendnm;
3645 1708 3849 1761 abductus

685 1783 846 1834 etiam
872 1781 1277 1848 Mardazanem,
1305 1788 1424 1844 sive
1454 1789 1768 1855 Medarzcn,
1802 1807 1953 1860 quem
1982 1808 2236 1846 coronare
2264 1793 2469 1847 volebat
2507 1793 2681 1861 ﬁlium
2709 1795 2827 1864 ejus
2859 1810 3039 1847 coram
3070 1794 3185 1865 ipso
3219 1795 3432 1861 occidit,
3464 1803 3513 1848 et
3539 1795 3736 1864 reliquos
3759 1796 3850 1863 flia

682 1868 796 1935 ejus
830 1870 885 1921 in
915 1883 1189 1940 conspectu
1220 1876 1382 1944 ipsius
1411 1894 1438 1929 e
1460 1879 1627 1930 medio
1659 1878 1908 1932 sustulit:
1940 1888 1990 1932 et
2016 1879 2252 1949 permisit
2281 1880 2516 1934 omnibus
2540 1881 2630 1951 qui
2649 1880 2851 1934 inimici
2887 1880 3001 1950 ejus
3021 1888 3209 1944 essent,
3242 1888 3303 1933 ut
3326 1882 3474 1934 omni
3493 1881 3773 1951 injuriarm
3792 1898 3849 1952 ge-

686 1971 811 2009 nere
832 1972 954 2012 eum
987 1960 1269 2029 ofﬁcerent,
1304 1982 1367 2016 ac
1390 1966 1685 2021 verberibus
1715 1975 2020 2021 onerarent.
2044 1967 2281 2038 Denique
2308 1966 2403 2037 per
2421 1969 2656 2038 quinque
2684 1967 2794 2022 dies
2823 1968 2919 2021 hoc
2949 1967 3113 2037 facto,
3133 1969 3296 2037 jussit
3321 1967 3515 2038 Syroes
3537 1970 3691 2038 ipsum
3709 1970 3850 2037 sagittis

684 2043 913 2111 confodi,
947 2061 1048 2115 quo
1080 2048 1135 2099 in
1163 2049 1419 2118 supplicio
1440 2053 1600 2105 vitam
1628 2051 1819 2119 finivit.
1848 2052 1941 2108 Sic
1972 2054 2181 2124 potitus
2208 2069 2380 2125 regno
2406 2054 2627 2125 Syroes,
2659 2068 2770 2109 non
2804 2052 3095 2109 immemor
3123 2054 3276 2124 pacis
3320 2070 3486 2123 quam
3533 2069 3645 2109 cum
3671 2054 3848 2108 ﬂendi:

685 2130 905 2196 inierat,
934 2132 1217 2191 Romanos
1260 2152 1456 2194 omnes
1486 2141 1736 2209 captivos
1762 2140 2025 2197 libertate
2048 2142 2296 2206 donavit,
2327 2142 2473 2197 inter
2498 2157 2641 2212 quos
2678 2140 2786 2197 fuit
2829 2141 3125 2196 Zacharias
3158 2141 3495 2211 patriarcha,
3520 2141 3847 2226 quatuordecin

684 2219 800 2273 fere
832 2219 993 2277 annis
1015 2238 1082 2277 ex
1119 2239 1231 2292 quo
1260 2225 1316 2279 in
1344 2227 1633 2282 Persidem
1690 2228 1894 2284 ductus
1936 2229 2139 2295 fuerat,
2170 2240 2229 2285 et
2267 2238 2681 2285 sacrosanctum
2706 2228 2891 2285 crucis
2936 2228 3148 2299 lignum
3182 2229 3453 2283 restituit.
3484 2219 3635 2282 Antio
3666 2242 3759 2296 seq.
3787 2226 3847 2294 qui

682 2305 923 2362 Heraclii
976 2309 1225 2367 decimus
1261 2328 1443 2369 nonus
1476 2324 1617 2380 erat,
1657 2315 1865 2373 Christi
1908 2318 2031 2373 629.
2073 2317 2127 2373 Is
2158 2317 2402 2373 recedens
2434 2315 2929 2387 Constantinopoli,
2958 2316 3141 2385 inquit
3162 2315 3554 2385 Theophanes,
3576 2330 3685 2385 pag.
3708 2314 3799 2376 273,
3813 2323 3848 2365 et

680 2396 828 2465 apud
878 2395 1079 2453 Baron.
1108 2400 1175 2455 ad
1215 2418 1422 2456 annum
1453 2404 1576 2467 628,
1602 2421 1660 2459 n.
1692 2406 1744 2461 l.
1782 2405 1907 2477 Ipso
1927 2408 2064 2462 ueris
2096 2407 2251 2462 initio
2291 2406 2639 2477 proﬁciscitur
2669 2403 3121 2474 Hierosolymam,
3169 2404 3405 2471 pretiosa
3438 2418 3503 2455 ac
3536 2401 3715 2468 viviﬁci:
3736 2402 3847 2452 crucis

683 2481 829 2553 ligna
857 2495 1136 2556 reportans
1169 2489 1239 2543 ad
1268 2491 1568 2559 gratiarum
1619 2494 1852 2547 actiones
1880 2494 2195 2550 reddendas.
2228 2492 2463 2565 Cumque
2502 2492 2830 2547 Tiberiadem
2859 2492 3099 2554 adiisset,
3134 2506 3449 2544 accusauere
3489 2488 3743 2544 Christiani
3782 2486 3847 2540 Ηι-

678 2571 878 2625 ὺνωιηη
905 2575 1185 2643 quemdam
1214 2580 1425 2632 nomine
1450 2579 1755 2650 Benjamin,
1789 2584 1943 2652 quasi
1961 2584 2061 2637 sibi
2084 2582 2229 2638 mala
2260 2583 2541 2651 facientem
2570 2597 2589 2635 :
2624 2589 2741 2634 erat
2770 2580 2908 2633 enim
2946 2578 3234 2633 admodum
3258 2578 3564 2647 opulentus,
3587 2577 3846 2646 quisnam-

678 2667 766 2711 rat
795 2660 1171 2729 imperatorem
1192 2672 1242 2716 et
1273 2667 1559 2721 exercitum
1583 2669 1718 2738 ejus.
1750 2669 1815 2724 In
1839 2686 1959 2724 eum
1983 2679 2271 2725 commotus
2293 2674 2585 2740 imperator
2611 2671 2687 2722 ait
2710 2685 2729 2724 :
2750 2668 2857 2723 Cur
2878 2667 3130 2721 molestus
3157 2665 3553 2738 aiChristianis
3577 2678 3623 2719 et
3637 2662 3847 2733 ﬁdeiChi-

677 2746 872 2800 stianae
895 2765 1057 2816 quam
1084 2750 1197 2804 colo
1216 2752 1240 2803 ?
1259 2756 1606 2824 eamdemque
1632 2756 1965 2811 admonitum
1986 2766 2043 2810 ut
2063 2759 2324 2823 crederet,
2348 2759 2717 2827 redditumque
2740 2755 3120 2820 Christianum,
3154 2756 3209 2809 in
3241 2757 3399 2809 domo
3426 2754 3680 2809 Eustachii
3701 2752 3848 2821 Nup-

682 2831 862 2897 litani,
902 2835 979 2888 ita
1015 2852 1155 2890 nunc
1175 2836 1428 2892 Samaria
1470 2841 1577 2908 (vel
1602 2843 1787 2910 potius
1812 2842 2042 2912 Sichem)
2082 2844 2297 2909 dicitur,
2330 2845 2595 2913 baptizari
2615 2843 2809 2909 voluit;
2842 2843 2984 2913 apud
3006 2859 3125 2896 eum
3166 2844 3308 2896 enim
3342 2844 3623 2913 imperator
3644 2839 3845 2908 Νιοιῂ-

677 2932 845 2975 tatus.
869 2922 1146 2993 Ingressus
1175 2925 1363 2979 deinde
1383 2928 1673 3002 imperator
1728 2929 2173 3000 Hierosolymam,
2196 2932 2436 2986 restituto
2454 2936 2575 3001 jam
2604 2932 2871 2986 Zacharia
2895 2930 3161 3002 pontiﬁce,
3195 2932 3513 2985 venerandis
3540 2932 3684 2984 crucis
3704 2928 3845 2994 viviﬁci

678 3007 825 3078 ligna
855 3011 912 3063 in
941 3013 1217 3082 praprium
1250 3011 1424 3067 locum
1452 2997 1703 3085 reposuit,
1727 2997 2090 3088 plurimasque
2123 3018 2229 3072 Deo
2267 3023 2370 3090 egit
2402 2997 2610 3092 gratias
2646 3038 2665 3076 :
2690 3023 2819 3092 quin
2866 2997 2917 3075 et
2951 2997 3117 3091 pulsis
3147 3020 3352 3075 luditis
3388 3022 3454 3075 ab
3490 3020 3607 3073 urbe
3626 3026 3845 3079 sancta,"

676 3098 749 3151 ad
786 3100 1000 3153 tertium
1028 3116 1191 3165 usque
1216 3100 1533 3157 milliarium
1554 3106 1601 3158 ei
1636 3107 2139 3175 appropinquarent
2163 3108 2398 3161 districte
2422 3109 2703 3177 prohibuit.
2735 3107 2819 3163 Ad
2840 3122 2962 3162 eam
2994 3107 3345 3162 occasionem
3378 3100 3843 3171 revocandum,quod

674 3185 876 3256 legitur
914 3187 968 3240 in
1002 3186 1276 3243 Breviario
1303 3188 1545 3244 Romano
1603 3191 1691 3246 die
1748 3193 1817 3247 14
1845 3192 2133 3262 Septemb.
2166 3194 2529 3253 Exaltationis
2562 3208 2764 3254 sanctae
2798 3197 2983 3253 erucis
3038 3197 3319 3251 memoriae
3355 3203 3677 3256 consecrata,
3700 3192 3843 3247 scilicet

676 3290 802 3327 cum
835 3273 1126 3330 Heraclius
1162 3290 1301 3331 auro
1348 3286 1404 3332 et
1430 3280 1661 3347 gemmis
1715 3290 1944 3335 ornatus
1998 3281 2206 3348 lignum
2240 3286 2425 3340 crucis
2462 3293 2793 3355 reportaret,
2823 3286 3004 3355 ipsum
3048 3284 3304 3338 insistere
3340 3291 3588 3338 coactum
3635 3279 3840 3346 subporu

675 3375 783 3428 qua
814 3360 882 3424 ad
908 3360 1173 3416 Calvariae
1199 3375 1444 3418 montem
1465 3375 1583 3420 erat
1612 3366 1750 3432 iter;
1786 3369 2167 3438 monitumque
2198 3380 2488 3440 pr0pterea
2515 3388 2543 3425 a
2560 3371 2846 3436 Zacharia,
2875 3378 2939 3424 ut
2956 3386 3025 3425 eo
3049 3370 3249 3425 vestitu
3276 3370 3547 3439 deposito,
3580 3366 3839 3421 humiliora:

675 3458 1007 3515 assumeret,
1035 3451 1287 3519 paruisse
1322 3453 1736 3523 imperatorem,
1767 3464 1823 3510 et
1869 3456 2143 3527 reliquum
2172 3457 2274 3512 via:
2326 3459 2467 3513 citra
2507 3458 2672 3513 ullam
2708 3459 3088 3513 diﬂicultatem
3139 3456 3472 3512 confecisse.
3523 3454 3696 3510 Suidas
3729 3450 3839 3505 refert

674 3534 981 3591 Modestum
1013 3537 1182 3593 fuisse
1217 3540 1775 3611 Hicrosolymitanum
1800 3544 2191 3612 patriarcham,
2222 3546 2444 3615 quando
2469 3546 2757 3601 Heraclius
2797 3561 3018 3601 crucem
3049 3554 3298 3601 sanctam
3335 3543 3396 3598 in
3426 3543 3692 3614 pristinum
3715 3540 3838 3593 locum

678 3625 952 3693 reposuit,
985 3628 1141 3695 quasi
1161 3628 1273 3697 jam
1311 3638 1443 3683 tunc
1478 3629 1810 3687 decessisset
1838 3631 2156 3696 Zacharias,
2183 3633 2277 3688 sed
2304 3633 2629 3703 Theophani
2655 3633 2751 3702 qui
2778 3633 2875 3687 illo
2898 3631 3181 3702 antiquior
3210 3631 3341 3695 fuit,
3371 3632 3555 3702 potius
3582 3623 3834 3717 credendus

674 3722 782 3767 est.
811 3714 929 3767 Non
952 3725 1130 3769 tamen
1149 3715 1243 3769 diu
1275 3717 1580 3786 supervixit
1602 3718 1915 3775 Zacharias.
1953 3720 2246 3790 Nicephori
2278 3719 2569 3792 Catalogus
2604 3721 2657 3775 ei
2694 3719 3051 3796 vigintiduos
3077 3735 3252 3775 annos
3274 3719 3561 3791 regiminis
3587 3714 3837 3805 tribuisti“

676 3800 747 3855 ab
776 3816 921 3854 anno
957 3800 1059 3854 609
1085 3802 1152 3855 ad
1180 3802 1276 3857 651
1334 3813 1485 3859 recte
1536 3814 1950 3876 computantur,
1972 3807 2048 3862 ita
2079 3818 2140 3862 ut
2170 3808 2374 3863 obi'erit
2399 3823 2467 3863 eo
2496 3822 2643 3861 anno
2669 3807 2794 3863 €51.
2827 3806 2997 3861 Addit
3024 3806 3459 3876 Papebrochius,
3482 3805 3648 3860 Tract.
3676 3797 3836 3890 νςξιὶως

674 3886 742 3941 ad
792 3895 829 3939 t.
858 3888 924 3940 lll
963 3888 1142 3942 Actor.
1166 3900 1471 3945 sanctorum
1524 3892 1673 3956 Maii,
1707 3909 1763 3961 p.
1788 3895 1879 3957 51,
1899 3911 1955 3948 n.
2000 3895 2121 3959 l37,
2147 3896 2254 3950 col.
2277 3897 2331 3957 2.
2362 3896 2530 3950 vitam
2564 3896 2685 3965 ejus
2720 3894 2942 3949 extendi
2990 3909 3152 3964 posse
3184 3910 3364 3963 usque
3398 3894 3467 3948 ad
3496 3904 3676 3947 annum
3698 3884 3786 3943 653.
3808 3884 3835 3932 si

674 3990 963 4029 successor
986 3976 1107 4044 ejus
1129 3976 1407 4033 Modestus
1450 3994 1561 4034 uno
1596 3980 1772 4034 solum
1802 3996 1947 4035 anno
1978 3990 2074 4035 aut
2115 3982 2341 4037 biennio
2384 3999 2497 4037 non
2531 3983 2749 4052 integro
2786 3982 2972 4036 sedem
3011 3982 3272 4035 tenuerit.
3306 3982 3510 4036 Verum
3546 3979 3594 4031 hi
3620 3970 3772 4035 ἤμει
3800 3976 3837 4019 ιιι

673 4060 884 4116 Latina:
921 4063 1169 4131 quaedam
1205 4066 1438 4137 catalogi
1471 4068 1769 4137 Nicephori
1800 4070 2187 4123 translationes
2224 4070 2450 4134 habent,
2499 4070 2569 4123 24
2602 4069 2882 4123 Zachariae
2902 4068 3257 4136 episcopatus
3300 4068 3456 4132 anni,
3496 4074 3737 4135 perperam
3756 4070 3835 4108 om-

674 4148 812 4203 nino
833 4149 1038 4204 ibidem
1064 4162 1395 4208 revocantur
1413 4153 1481 4209 ad
1513 4163 1729 4226 tempus
1760 4155 1910 4225 quod
1926 4157 2049 4226 ejus
2076 4157 2452 4226 captivitatem
2483 4155 2788 4227 praecessit.
2821 4153 3036 4209 Colitur
3055 4153 3353 4209 Zacharias
3377 4154 3437 4208 in
3470 4150 3662 4207 Μιηωίε
3685 4145 3836 4201 (ἑτερο-

676 4252 798 4289 rum
831 4236 922 4292 die
946 4238 1010 4291 2|
1039 4238 1311 4295 Februar.

677 4410 3807 4442 _________________________________________________.

920 4560 1548 4656 ZACHARUE
1652 4571 1866 4658 HIE
1891 4564 2800 4661 BOSOLYMITANI
2913 4563 3681 4655 PATBIARCHE

1899 4764 2713 4896 EPISTOLA.

747 4988 1088 5063 (Bibliotheca
1121 4993 1380 5063 Pangtm,
1407 4995 1551 5063 _to_m.
1588 4988 1797 5063 Xll,_p.
1824 4986 1947 5041 984.
1976 4984 2184 5063 Toxlus
2203 4979 2643 5063 autean-ecus
2669 4980 2999 5063 desumptns
3027 4989 3111 5063 est
3149 4994 3429 5063 exnopere
3468 4971 3829 5063 [inﬁci-C2”!-

673 5040 795 5115 rnsli
818 5040 927 5113 cui
944 5040 1147 5114 titulus
1174 5040 1194 5112 ’ξ
1234 5040 1418 5113 Sancti
1451 5040 1679 5112 Joannis
1694 5040 2049 5129 Chrysostomi
2064 5056 2128 5108 de
2152 5052 2435 5107 educandis
2456 5050 2632 5106 liberis
2663 5051 2791 5105 liber
2815 5040 3031 5116 aureus,
3051 5060 3186 5118 etc.,
3219 5040 3443 5106 Parisiis
3479 5046 3698 5111 [655,in.
3723 5040 3762 5093 8ο

680 5271 856 5345 l’idqrv
906 5285 1137 5345 sponsae,
1167 5272 1365 5325 civitati
1394 5272 1559 5345 _regis
1596 5272 1772 5341 Magni
1827 5271 1999 5345 liberis
2029 5272 2245 5340 orbatae,

2359 5269 2439 5339 Τιῖ
2491 5267 2846 5345 χηρίευσιξοῖη
2908 5269 3149 5345 νύμφῃ·
3198 5265 3270 5345 ζῇ
3303 5260 3676 5345 ἁτεκνῳθςίση
3700 5251 3827 5345 iis}

742 5322 1231 5411 llieros'olymitano
1248 5322 1404 5411 gregi
1742 5322 1843 5395 non

2244 5347 2248 5393 ἷ
2360 5322 2528 5393 "'zoi‘i
2554 5322 2884 5411 κβαοῖιλέὧς
3081 5322 3385 5411 pay-dior):
3435 5330 3506 5399 τῇ
3556 5322 3826 5411 ρεπέιέεάζξᾝ]

744 5420 792 5492 et
824 5398 1042 5492 reliquis
1064 5398 1300 5466 omnibus
1327 5398 1380 5492 in
1412 5398 1617 5466 Christo
1636 5412 1899 5492 Ecclesiis,
1925 5398 2247 5492 residuisque

2246 5440 2247 5443 ~
2423 5398 2644 5492 {totqfrn
2687 5398 3115 5492 759215091179"
3148 5398 3243 5459 θέαι
3290 5398 3828 5492 ,πάίῖαιῖ,,δέ,.,ἐ⁴ἔῖτῗλῗ

745 5482 800 5533 in
830 5470 948 5555 ειιξέ
968 5482 1095 5555 ﬁliis
1122 5484 1393 5555 orphanis,
1422 5492 1603 5551 pastor
1631 5484 1862 5550 humilis,
1887 5470 2052 5549 solus,
2085 5470 2256 5555 capti-

2231 5516 2256 5527 -
2423 5482 2493 5534 ἐν
2521 5470 3179 5555 ΧρὶὸξτεῖῨΕξκλησίᾳις,
3207 5476 3310 5555 καὶ
3348 5473 3467 5537 τοῖς

2424 5526 3359 5619 ξξιλέῖεξῑθέῆηῑέῆείς-έςβξρωεῖς,
3384 5526 3593 5619 sane
3612 5526 3827 5588 ταπεινες,

2421 5607 2666 5689 ἐρημὸς,
2696 5607 3101 5687 αἰχμάλωτός,⁷
3114 5607 3413 5684 Ζαχαρῖὰς
3430 5607 3732 5675 ἐλάχισται

750 5704 938 5763 Gratia
970 5710 1145 5778 vobis,
1174 5710 1295 5777 ﬁlii,
1336 5720 1393 5767 et
1414 5711 1726 5783 benignitas
1746 5752 1760 5776 ,
1791 5722 1845 5767 et
1878 5711 2254 5767 misericordia

2243 5730 2254 5767 ι
2425 5688 2599 5780 Χάρις
2629 5709 2778 5779 ὑμῖν,
2814 5706 2981 5761 τέκνα
3028 5707 3124 5760 καὶ
3169 5700 3548 5771 εὐϐπλαγχνία,
3592 5695 3672 5750 καὶ
3713 5688 3825 5788 litos.

686 5812 718 5853 a
750 5796 1039 5858 DcoPatrc
1062 5813 1290 5870 nostro,
1342 5804 1643 5859 animatum
1688 5821 1754 5861 ac
1806 5804 2029 5860 humani
2082 5804 2254 5875 ipsius

2243 5821 2254 5860 ς
2356 5802 2507 5875 παρὰ
2527 5802 2662 5856 Θεοῦ
2682 5801 2893 5872 [ἰατρὸς
2925 5799 3081 5870 ήμῶν
3132 5796 3445 5869 φιλοψύχου,
3487 5791 3575 5849 καὶ
3602 5781 3825 5861 φιλανθρώ-

745 5566 861 5617 vus,
902 5551 1195 5607 Zacharias
1240 5553 1507 5606 minimus.
