4032 6518
141 388 289 453 3229

1599 382 1723 445 EPI
1727 381 1962 444 STOLA
1968 426 1986 444 .

3278 376 3423 445 3230

142 515 273 562 που,
305 494 455 560 ἄξιον
484 492 673 559 ὅντως,
703 492 795 545 καὶ
824 491 920 546 νῦν
948 491 1141 552 είπεῖν,
1178 492 1274 545 καὶ
1295 490 1356 557 ἔξ
1382 490 1733 563 εὐχαριστίας

1854 489 2057 560 teneris
2081 496 2323 556 amante,
2360 489 2930 559 clementissimoque,
2964 495 3104 544 utet
3140 504 3292 545 nunc
3337 490 3427 545 di-

140 592 247 661 τῆς
286 587 425 659 πρὸς
454 585 599 657 ὑμᾶς
625 584 917 654 ἐπιστολῆς
944 582 1234 654 ἄρξασθαι.

219 769 337 837 Ειη
360 768 428 822 τό
456 765 646 837 ὄνομα
668 765 889 834 Κυρίου
914 764 1347 834 εὐλογημένον,
1372 764 1464 817 ὅτι
1486 765 1559 817 οὑ
1591 763 1743 818 κατὰ

144 860 256 927 τὰς
278 859 571 927 ἁμαρτίας
592 855 762 926 ἡμῶν
785 856 1081 923 ἐποίησεν
1104 854 1272 923 ἡμῖν,
1298 854 1441 908 οὐδὲ
1462 855 1612 908 κατὰ
1635 854 1743 921 τὰς

142 951 405 1017 ἀνομίας
448 947 619 1016 ἡμῶν
658 945 1084 1002 ἀνταπέδωκεν
1110 944 1274 1013 ἡμῖν.
1314 943 1528 1012 Ὅμως,
1576 944 1742 1013 Οῖμοι

147 1046 241 1099 ὅτι
269 1044 370 1113 τῆς
397 1042 537 1096 Σιὼν
560 1040 963 1110 ἐμακρύνθην,
992 1038 1089 1092 καί
1120 1037 1557 1106 κατεσκήνωσα
1592 1040 1743 1107 μετὰ

146 1134 271 1190 τῶν
299 1132 705 1202 σκηνωμάτων
735 1129 963 1199 Κηδάρο
1007 1130 1083 1194 ὡς
1130 1127 1296 1183 Δασὶδ
1341 1128 1525 1183 ποθῶν
1562 1129 1738 1197 κάγὼ,

145 1225 371 1294 ψάλλων
412 1223 604 1285 νυκτὸς
640 1222 735 1275 καὶ
779 1221 1013 1291 ήμέρας,
1064 1220 1253 1274 τοῦτον
1288 1221 1347 1274 ὲν
1392 1223 1503 1283 τοῖς
1537 1220 1741 1291 χείλεσι

151 1341 260 1395 μου
307 1324 399 1376 τὸν
442 1321 621 1389 στίχον
666 1319 1001 1389 περιφέρων
1046 1317 1188 1372 Ἐὰν
1203 1317 1571 1386 ἐπιλάθωμαι
1601 1333 1738 1382 σου,

163 1413 583 1483 Ἰερουσαλὴμ,
618 1410 920 1479 ἐπιλησθῇ
950 1411 988 1480 ἡ
1021 1409 1192 1475 δεξιά
1213 1427 1355 1480 μου,
1383 1410 1416 1481 ἢ
1446 1410 1539 1465 τοῦ
1573 1412 1630 1464 ὲν
1657 1411 1741 1464 σοὶ

150 1505 441 1576 ἐλαχίστου
474 1500 627 1557 λαοῦ.

229 1593 472 1649 Γνωστὸν
518 1592 658 1645 ἔστω
700 1591 847 1661 ὑμῖν,
890 1588 1130 1659 ἀδελφοὶ,
1178 1590 1261 1644 ὅτι
1306 1591 1399 1644 καὶ
1433 1592 1595 1663 ἡμεῖς
1640 1590 1739 1644 ἐπὶ

154 1685 279 1740 τῶν
328 1684 610 1753 ποταμῶν
646 1679 1027 1745 Βαϐυλῶνος,
1050 1679 1178 1733 ἐκεῖ
1221 1680 1606 1748 ἐκαθίσαμεν,
1638 1680 1738 1734 καί

153 1777 567 1845 ἐκλαύσαμεν,
582 1774 651 1826 ἐν
671 1771 749 1837 τῷ
765 1769 1115 1841 μνησθῆναι
1131 1768 1288 1839 ἡμᾶς
1306 1769 1420 1837 τὴν
1444 1770 1616 1836 Σιὼν,
1643 1768 1737 1822 τοῦ

155 1872 197 1923 Γ
199 1868 430 1935 ολγοθὰ.
468 1867 563 1919 τοῦ
601 1862 875 1929 ζωοποιοῦ·
902 1865 1231 1933 μνήματος,
1280 1866 1379 1935 τῆς
1412 1863 1740 1934 ἀειμνήστου

155 1960 428 2031 Βηθλεέμ.
465 1959 594 2011 Ἰδοὺ
640 1956 879 2025 ἀδελφοὶ,
914 1957 1171 2024 Ἦραμεν
1212 1955 1355 2021 τοὺς
1398 1957 1743 2026 ὀφθαλμοὺς

156 2050 332 2121 ἡμῶν
352 2053 442 2116 εὶς
466 2049 537 2103 τὰ
561 2049 666 2117 ὅρη
689 2047 865 2114 Σιὼν,
895 2047 1035 2101 ὅθεν
1056 2046 1187 2115 ἥξει
1214 2049 1252 2115 ἡ
1278 2048 1532 2114 ,βοήθεια
1552 2048 1740 2117 ἡμῶν.

156 2141 462 2195 Ἀκούσατε
493 2141 541 2194 εἰ
565 2135 1003 2206 λελυτρωμένοι
1041 2137 1163 2192 ὑπὸ
1196 2138 1440 2205 Κυρίου,
1469 2138 1575 2204 οὓς
1599 2138 1743 2193 ἐλυ-

158 2231 430 2300 τρὼσατο
458 2231 526 2284 ἐκ
557 2228 760 2299 χειρὸς
804 2228 1058 2297 ἐχθρῶν,
1095 2228 1192 2282 καὶ
1244 2230 1309 2281 ἐκ
1353 2230 1460 2283 τῶν
1514 2230 1746 2299 θλίψεων

160 2324 367 2378 ἔσωσεν
384 2323 601 2387 αὐτούς·
631 2321 897 2378 ἀκούσατε
918 2322 1018 2392 τῆς
1037 2321 1179 2391 ὲμῆς
1200 2322 1385 2392 φωνῆς
1407 2321 1500 2375 τοῦ
1522 2323 1745 2393 δεσμίου

160 2414 457 2486 Ζαχαρίου.
490 2416 581 2485 Μὴ
606 2415 750 2485 μέγα
772 2414 1100 2486 φρονήσητε,
1124 2414 1206 2466 ὅτι
1229 2412 1462 2484 Χριστὸς
1488 2414 1631 2483 ὑμᾶς
1648 2414 1747 2483 τῆς

158 2506 408 2570 δουλείας
454 2505 562 2559 τῶν
602 2504 813 2577 ἐχθρῶν
862 2503 1151 2575 ἐρρύσατο.
1192 2504 1405 2575 Ὀράτε,
1445 2504 1644 2574 μήπως
1672 2504 1747 2567 ὡς

158 2598 327 2661 νόθοι,
360 2599 454 2650 xal.
491 2598 589 2667 οὐχ
629 2597 703 2659 ὡς
749 2596 855 2649 υίοὶ
900 2596 1314 2675 κατελείφθητε.
1352 2597 1490 2667 Φησὶ
1516 2597 1645 2668 γάρ’
1680 2598 1748 2653 ει

159 2691 337 2756 ἐκτὸς
360 2690 631 2756 παιδείας
657 2689 821 2755 ἐστὲ,
851 2689 962 2757 ἄρα
989 2690 1151 2743 νόθοι
1180 2689 1277 2742 καί
1306 2690 1419 2758 οὐχ
1441 2688 1562 2741 υἱοί
1584 2687 1745 2742 ἐστε.

239 2781 501 2839 Βλέπετε.
558 2779 854 2848 φοϐηθῆτε,
902 2779 997 2831 καὶ
1054 2779 1282 2839 ἑαυτοὺς
1335 2776 1746 2846 ἁσφαλίσασθεο

162 2874 363 2945 μήπως
386 2870 617 2923 ἐνταῦθα
640 2870 715 2933 ὡς
744 2871 949 2932 ἐκεῖνος
977 2869 1005 2920 ὁ
1030 2867 1171 2922 κατὰ
1190 2868 1442 2937 Λάζαρον
1469 2866 1745 2933 πλούσιος,

160 2965 224 3017 ὲν
249 2964 452 3032 τρυφῇ,
490 2961 582 3014 καὶ
611 2961 795 3014 ἀνέσει
827 2958 1115 3026 ζήσαντες.
1145 2960 1240 3014 καὶ
1282 2959 1448 3029 μηδὲν
1501 2958 1749 3030 θλιόερὸν

163 3054 583 3124 ὑπομείναντες,
616 3053 733 3105 ἐκεῖ
759 3051 859 3112 τὰς
892 3050 1194 3113 ἀθανάτους
1217 3050 1489 3121 τιμωρίας
1544 3050 1751 3105 ἀπολά-

162 3146 321 3215 ϐητε.
363 3145 579 3215 Ὁρᾶτε,
624 3144 822 3215 μήπως
848 3142 1082 3195 ἐνταῦθα
1115 3142 1194 3210 τῷ
1222 3140 1351 3213 οϊνῳ
1382 3142 1476 3195 καὶ
1502 3144 1569 3212 τῇ
1604 3158 1749 3195 σπα-

159 3236 302 3307 τάλῃ
323 3236 625 3305 χαίροντες,
684 3236 802 3287 ἐκεῖ
855 3233 1116 3302 σταγόνος
1147 3232 1338 3297 ὓδατος
1391 3231 1742 3304 δεηθήσεσθε.
1774 3231 1795 3273 ‘-

160 3326 414 3396 Νήψατε,
453 3326 651 3395 μήπως
668 3323 904 3377 ἐνταῦθα
937 3324 1033 3393 τῆς
1048 3323 1293 3387 δουλείας
1318 3324 1747 3393 ἀπαλλαγέντες,

162 3417 284 3468 ἐκεῖ
307 3414 405 3483 τῆς
434 3415 525 3466 τοῦ
578 3413 714 3467 Θεοῦ
749 3413 925 3483 ὅψεως
950 3414 1275 3484 χωρισθῆτε.
1314 3414 1407 3485 Μὴ
1438 3414 1579 3485 μέγα
1615 3431 1749 3483 φρο-

160 3508 330 3571 νεῖτε,
362 3505 615 3574 ἀδελφοίο
659 3506 718 3559 οὐ
756 3506 863 3575 γάρ
905 3506 979 3568 ὡς
1020 3505 1263 3569 δικαίους
1294 3505 1440 3575 ὑμᾶς
1471 3508 1499 3560 ὁ
1549 3506 1753 3578 Κύριος

162 3597 532 3669 ὲλυτρὼσατο,
574 3598 689 3650 ἀλλ’
728 3598 804 3661 ὡς
828 3596 1108 3669 ῥᾳθύμους
1166 3598 1263 3652 καὶ
1293 3599 1614 3670 ἀδοκίμους,
1646 3597 1754 3653 δώ-

164 3706 268 3753 σας
294 3690 422 3759 ὑμῖν
447 3689 637 3759 καιρὸν
664 3689 800 3761 πρὸς
823 3690 1133 3759 μετάνοιαν,
1166 3689 1305 3761 πλὴν
1355 3690 1436 3744 ὅτι
1462 3690 1523 3745 τὸ
1562 3690 1754 3762 μέλλον

161 3780 393 3851 ἄδηλον·
456 3780 715 3841 πολλάκις
780 3779 886 3851 γάρ
971 3780 1212 3850 σήμερον
1268 3780 1611 3851 μακροθυμεί
1669 3780 1753 3850 ἐφ’

164 3872 314 3942 ὑμᾶς
335 3888 347 3901 ·
378 3870 566 3942 αὔριον
602 3870 658 3923 δὲ
685 3870 1020 3940 παραδίδωσι
1053 3871 1145 3923 καὶ
1169 3870 1337 3940 ὑμᾶς.
1365 3871 1475 3924 Καὶ
1492 3870 1599 3944 γὰρ
1621 3889 1757 3941 συγ-

166 3962 398 4034 γνώμης
432 3962 611 4033 πάσης
636 3963 785 4015 ἐστὶν
817 3961 1057 4029 ἀνάξιον,
1081 3964 1209 4017 ὅταν
1235 3963 1361 4026 τοὺς
1388 3962 1633 4032 ἐτέρους,
1664 3963 1760 4017 καὶ

164 4052 431 4122 ἀδελφοὺς
482 4051 636 4122 ὑμῶν
678 4052 912 4123 ὁρῶντες
966 4054 1024 4106 ὲν
1081 4051 1359 4122 βασάνοις,
1410 4052 1487 4122 μὴ
1529 4052 1759 4115 ἑαυτοὺς

165 4144 561 4219 διορθωσησθε.
587 4145 699 4215 Οὐχ
733 4146 896 4215 ὁρᾶτε
935 4144 1052 4208 πῶς
1082 4145 1177 4197 ἐπὶ
1209 4144 1316 4197 τῶν
1360 4143 1756 4214 δικαστηρίων,

167 4238 334 4293 ἄλλου
366 4236 782 4305 ὲξεταζομένου,
819 4236 1020 4298 πάντες
1052 4238 1100 4289 οἱ
1162 4233 1429 4307 παρόντες
1467 4234 1562 4289 καὶ
1593 4233 1756 4306 ὀρῶν-

164 4346 281 4393 τεςο
308 4329 448 4396 τάχα
475 4328 531 4380 δὲ
562 4327 656 4380 καὶ
676 4328 726 4380 οἱ
759 4327 1068 4394 ἀκούοντες,
1097 4328 1378 4397 φρίττουσι
1405 4326 1503 4379 καὶ
1528 4325 1761 4396 φοϐοῦν-

165 4438 278 4483 ται,
315 4418 546 4474 καὶτῶν
597 4419 783 4473 κακῶν
823 4420 1117 4489 ἀπέχονται
1148 4438 1163 4487 ;
1192 4420 1284 4491 Μὴ
1334 4420 1607 4485 ξενίζεσθε
1648 4421 1762 4474 ὅτι-

1846 597 2056 645 camus,
2091 596 2190 651 par
2220 595 2415 634 revera
2454 579 2643 645 etiam,
2680 588 2741 633 ut
2780 588 3023 634 nostram
3066 580 3135 634 ad
3168 596 3267 636 vos
3310 584 3428 652 epi-

1844 674 2043 729 stolam
2073 689 2105 728 a
2135 673 2436 743 gratiarum
2460 672 2678 727 actione
2712 672 3019 728 ordiamur.

1914 764 1996 819 Sit
2018 781 2203 818 nomen
2237 764 2447 817 Domini
2468 764 2795 817 benedictum
2818 764 2834 795 ¹
2858 765 2983 832 quia
3008 781 3111 819 non
3140 766 3427 820 secundum

1842 864 2059 927 peccata
2097 865 2278 909 nostra
2306 856 2429 925 fecit
2458 854 2624 919 nobis,
2661 870 2829 924 neque
2865 856 3151 909 secundum
3182 856 3430 926 iniquita-

1845 960 1919 1004 tes
1959 958 2165 1003 nostras
2200 947 2498 1001 retribuit'.
2539 946 2931 1001 Verumtamen
2976 962 2995 1000 :
3034 947 3149 1000 Heu
3179 965 3261 1001 me
3302 949 3427 1017 quia

1845 1042 1995 1112 longe
2019 1042 2189 1112 factus
2230 1054 2261 1092 a
2302 1036 2490 1102 Sione,
2518 1036 2751 1091 habitavi
2797 1052 2913 1090 cum
2944 1038 3301 1091 tabernaculis
3328 1038 3429 1093 Ce-

1842 1133 2010 1199 dar';
2047 1130 2327 1186 desiderio
2383 1137 2440 1184 et
2486 1129 2625 1198 ipse,
2659 1128 2737 1181 uti
2766 1128 2936 1182 David
2960 1169 2973 1192 ,
3008 1129 3101 1183 diu
3153 1141 3430 1200 noctuque

1843 1224 2103 1296 psallens,
2153 1231 2320 1291 alque
2348 1236 2572 1275 versum
2622 1221 2771 1274 hunc
2812 1220 2977 1274 labiis
3004 1221 3426 1287 circumferens,

1842 1332 1909 1371 ac
1939 1330 2037 1370 ore
2074 1327 2308 1369 versans
2346 1329 2360 1367 :
2389 1310 2448 1367 Si
2474 1312 2663 1366 oblitus
2687 1312 2833 1380 [uero
2863 1313 2961 1375 tui,
3001 1312 3295 1366 Jerusalem
3314 1318 3433 1383 (aut

1840 1406 2098 1479 pauxilla:
2119 1405 2299 1477 plebis
2316 1420 2438 1476 quae
2469 1405 2525 1459 in
2542 1414 2595 1459 te
2619 1405 2747 1476 est),
2763 1404 3009 1458 oblivioni
3039 1404 3191 1458 detur
3215 1407 3431 1460 dextera

1842 1517 1961 1555 mea
1984 1501 2025 1553 ⁸.

1913 1591 2113 1645 Notum
2142 1589 2216 1644 sit
2250 1589 2407 1647 vobis
2431 1628 2445 1653 ,
2474 1587 2694 1652 fratres,
2735 1587 2882 1656 quod
2924 1596 2981 1640 et
3009 1602 3112 1643 nos
3152 1604 3311 1657 super
3338 1591 3438 1659 ﬂu-

1841 1684 1988 1736 mina
2011 1681 2293 1753 Babylonis
2321 1680 2432 1735 illic
2461 1679 2712 1744 sedimus,
2741 1688 2788 1732 et
2813 1680 3072 1749 ﬂevimus,
3105 1680 3233 1733 dum
3259 1696 3436 1733 νει-οτ-

1843 1775 2098 1829 daremur
2144 1772 2390 1837 Sionis‘,
2412 1771 2702 1842 Golgotha,
2733 1770 2937 1824 viviﬁci
2977 1772 3253 1840 sepulcri,
3291 1772 3427 1827 nulli

1846 1881 2087 1936 unquam
2124 1864 2390 1919 oblivioni
2419 1862 2696 1919 tradenda:
2720 1861 3027 1915 Bethleem.
3060 1862 3141 1915 En
3184 1862 3384 1917 fratres
3416 1878 3432 1915 :

1845 1958 2155 2013 Levavimus
2184 1954 2359 2008 oculos
2394 1962 2599 2007 nostros
2636 1955 2692 2007 in
2722 1952 2898 2008 Siouis
2950 1962 3173 2018 montes,
3197 1956 3336 2007 unde
3350 1971 3435 2009 ve-

1846 2052 1952 2104 niet
1977 2047 2234 2102 auxilium
2263 2043 2680 2107 nobis‘.Audite,
2708 2045 2962 2113 redempti
2982 2062 3013 2095 a
3035 2043 3277 2110 Domino,
3307 2061 3435 2115 quos

1848 2141 2065 2193 redemit
2091 2139 2155 2191 de
2174 2154 2337 2191 manu
2365 2136 2703 2189 inimicorum
2727 2135 2770 2199 ⁷,
2797 2143 2857 2189 et
2884 2150 2951 2188 ex
2982 2135 3438 2194 tribulationibus

1847 2230 2079 2285 salvavit
2111 2243 2227 2282 eos.
2255 2225 2455 2281 Audite
2514 2240 2708 2279 vocem
2752 2239 2956 2287 meam,
3002 2226 3175 2278 vincti
3228 2225 3431 2282 Zacha-

1848 2324 1962 2377 riaz.
1990 2320 2171 2376 Nolite
2204 2320 2419 2373 animos
2464 2316 2679 2379 tollere,
2720 2316 2865 2385 quod
2894 2332 2993 2370 vos
3011 2314 3266 2370 Christus
3296 2316 3433 2369 libe-

1849 2414 2054 2469 raverit
2081 2411 2150 2467 ab
2179 2409 2421 2465 hostium
2463 2410 2749 2465 servitute.
2790 2407 2983 2462 Videte
3016 2423 3086 2461 ne
3137 2406 3276 2459 forte
3312 2417 3433 2461 tan-

1830 2520 2015 2574 quam
2070 2502 2266 2572 spurii,
2298 2515 2409 2555 non
2456 2510 2719 2569 tanquam
2775 2498 2875 2552 filii
2925 2497 3104 2551 relicti
3157 2498 3297 2551 sitis.
3345 2498 3437 2549 Ait

1849 2598 1996 2652 enim
2039 2594 2140 2651 :Si
2168 2602 2321 2649 extra
2350 2594 2689 2662 disciplinam
2728 2592 2874 2654 estis,
2916 2606 3040 2660 ergo
3084 2589 3336 2652 adulteri,
3386 2597 3437 2641 et

1851 2703 1955 2741 non
1984 2685 2087 2754 ﬁlii
2120 2687 2242 2741 estis
2263 2683 2307 2740 ⁸.

1926 2778 2141 2841 Videte,
2178 2778 2392 2841 timete,
2426 2774 2584 2829 vobis
2615 2773 2720 2844 ipsi
2767 2781 2980 2837 cavete,
3045 2788 3113 2826 ne
3153 2771 3293 2824 forte
3322 2771 3435 2834 hic,

1850 2872 2003 2927 velut
2036 2870 2131 2925 ille
2162 2868 2355 2925 Lazari
2387 2868 2545 2923 dives
2571 2870 2614 2932 ⁸,
2649 2866 2707 2920 in
2739 2865 2956 2921 deliciis
2988 2879 3053 2919 ac
3109 2862 3439 2917 remissione

1850 2963 2021 3018 vitam
2052 2970 2303 3032 agentes,
2367 2975 2432 3015 ac
2464 2974 2589 3014 cum
2624 2958 2768 3012 nihil
2823 2956 3121 3010 molestum
3174 2954 3437 3018 tuleritis,

1851 3068 2057 3111 aeterna
2086 3053 2199 3108 illic
2222 3052 2493 3121 supplicia
2522 3050 2822 3120 recipiatis.
2849 3048 3064 3111 Videte,
3097 3062 3166 3100 ne
3186 3046 3327 3101 forte
3349 3046 3439 3099 hic

1853 3147 1984 3201 vino
2036 3145 2312 3213 lautisque
2341 3143 2583 3212 dapibus
2631 3142 2999 3202 luxuriantes,
3065 3140 3178 3193 illic
3230 3147 3440 3209 guttam

1850 3253 2008 3309 aquae
2036 3233 2384 3292 desideretis.
2455 3234 2760 3303 Diligenter
2823 3232 3115 3297 attendite,
3147 3232 3442 3302 nequando

1854 3332 1945 3386 hic
1976 3329 2245 3386 servitute
2276 3326 2519 3391 liberati,
2572 3326 2685 3381 illic
2729 3340 2759 3379 a
2795 3325 2890 3378 Dei
2940 3324 3150 3379 visione
3191 3334 3443 3379 extorres

1854 3424 1997 3481 sitis.
2019 3422 2223 3486 Nolite,
2246 3419 2469 3483 fratres,
2524 3418 2694 3471 altum
2732 3416 2976 3486 sapere?
3028 3431 3140 3470 non
3175 3416 3323 3471 enim
3341 3429 3441 3470 vos

1854 3516 2123 3574 Dominus
2158 3511 2609 3581 tanquamjustos
2629 3507 2908 3573 liberavit,
2938 3508 3034 3561 sed
3062 3508 3214 3562 velut
3246 3522 3443 3577 segnes

1853 3625 1920 3665 ac
1950 3606 2239 3679 reprobos,
2276 3603 2593 3659 concedens
2655 3609 2876 3670 tempus
2933 3609 2995 3654 ut
3053 3599 3439 3669 ptenitentiam

1855 3699 2048 3772 agatis.
2077 3698 2281 3753 Verum
2315 3695 2446 3765 quia
2476 3694 2688 3748 incerta
2743 3692 2915 3746 futuri
2955 3692 3073 3745 alea
3122 3699 3226 3755 est,
3276 3690 3443 3743 hodie

1856 3806 1983 3848 cum
2009 3790 2063 3844 in
2077 3803 2176 3843 vos
2198 3787 2474 3857 patienter
2497 3792 2640 3855 agat,
2673 3800 2772 3838 vos
2799 3798 3023 3852 quoque
3048 3782 3104 3836 in
3135 3781 3442 3836 crastinum

1858 3877 2045 3934 tradit.
2081 3876 2301 3931 Etenim
2334 3874 2482 3928 nulla
2518 3888 2750 3942 prorsus
2766 3871 2928 3925 venia
2959 3869 3113 3940 digni
3134 3869 3304 3934 estis;
3345 3869 3442 3938 qui

1858 3969 2100 4033 scilicet,
2136 3982 2261 4021 cum
2299 3966 2503 4020 fratres
2530 3972 2746 4019 vestros
2780 3962 2836 4016 in
2870 3962 3166 4016 tormentis
3182 3960 3441 4024 videatis,

1858 4061 2143 4118 emendari
2177 4059 2283 4129 ipsi
2319 4058 2545 4112 minime
2572 4054 2868 4111 studeatis.
2918 4054 3115 4108 Nonne
3160 4052 3360 4108 videtis
3383 4060 3447 4107 ut

1861 4158 1917 4213 iu
1952 4153 2350 4218 tribunalibus,
2391 4158 2675 4221 quaerente
2733 4157 2970 4219 praetore
3001 4147 3170 4201 unius
3198 4160 3441 4210 causam,

1861 4250 1957 4321 qui
1982 4256 2165 4304 astant
2194 4258 2409 4309 omnes,
2435 4257 2499 4297 ac
2530 4242 2626 4311 qui
2668 4240 2883 4304 vident,
2939 4240 3072 4309 quin
3103 4248 3160 4293 et
3186 4238 3324 4291 forte
3347 4252 3448 4291 au-

1862 4344 2102 4406 dientes,
2125 4341 2377 4403 timeant,
2410 4352 2473 4391 ac
2508 4334 2969 4395 contremiscunt,
3022 4340 3191 4401 atque
3214 4347 3243 4384 a
3286 4330 3446 4384 malis

1862 4432 2217 4490 abstineant?
2239 4431 2320 4484 Ne
2349 4429 2550 4484 mirum
2580 4427 2858 4490 videatur,
2894 4423 3043 4494 quod
3068 4438 3098 4477 e
3129 4431 3447 4477 sanctorum

168 4508 277 4581 πέρ
298 4529 441 4574 τινες
480 4513 616 4565 ὅσιοι
667 4509 1205 4582 ᾐχμαλωτίσθησαν·
1254 4510 1401 4574 τινὲς
1454 4511 1513 4563 δὲ
1569 4511 1753 4581 ἄνομοι

1866 4540 2104 4581 numero
2126 4521 2352 4592 quidam
2378 4520 2585 4589 captivi
2616 4520 2723 4573 acti
2749 4527 2899 4579 sunt,
2951 4523 3117 4585 atque
3143 4531 3210 4569 ex
3240 4515 3447 4581 impro-

168 4603 577 4676 ὲλυτρὼθησαν.
640 4602 987 4672 Ἀκούσωμεν
1042 4601 1135 4655 τοῦ
1188 4601 1399 4671 Κυρίου
1472 4602 1755 4672 λέγοντος’

169 4696 269 4762 Μὴ
294 4696 403 4766 γὰρ
427 4688 513 4748 ὧν
539 4695 606 4749 τὸ
632 4690 775 4765 αἷμα
793 4693 1036 4763 ἐξέχεεν
1058 4691 1316 4759 Πιλᾶτος
1337 4694 1490 4764 μετὰ
1518 4694 1637 4748 τῶν
1660 4700 1761 4751 θυ-

171 4787 327 4843 σιῶν
351 4788 821 4857 ἁμαρτωλότεροι
846 4786 1092 4841 πάντων
1112 4786 1485 4857 ἐτύγχανον;
1511 4790 1583 4843 οὐ
1607 4792 1762 4858 λέγω

171 4881 338 4948 ὑμῖν,
388 4879 478 4932 ὅτι
523 4879 632 4933 ἐὰν
674 4878 835 4950 [ἀλλ’
885 4877 1013 4950 ἐὰν]
1056 4877 1144 4949 μὴ
1182 4878 1629 4947 μετανοήσητε,
1663 4880 1763 4933 καί

170 4971 344 5040 ὑμεῖς
369 4971 653 5036 ὡσαύτως
694 4970 1038 5026 ἀπολεῖσθε.
1065 4973 1174 5026 Καὶ
1200 4972 1379 5037 πάλιν,
1406 4977 1469 5027 Ol
1492 4972 1636 5027 δέκα
1662 4990 1765 5046 καὶ

172 5064 327 5116 ὀκτὼ
354 5062 445 5131 ἐφ’
472 5057 561 5126 οἷς
581 5062 803 5116 ἔπεσεν
829 5067 860 5118 d
892 5066 1119 5135 πύργος
1139 5065 1246 5119 τοῦ
1286 5066 1551 5135 Σιλωὴμ,
1581 5067 1770 5137 ἀμαρ-

172 5156 491 5221 τωλότεροι
525 5149 687 5223 ἦσαν
712 5157 872 5221 παρὰ
893 5155 1124 5223 πάντας
1152 5157 1295 5225 τοὺς
1323 5161 1642 5223 οἰκοῦντας
1678 5159 1774 5213 Ἰε-

164 5245 492 5315 ρουσαλήμ
513 5264 535 5337 ;ν
579 5247 717 5316 οὐχί
776 5248 932 5319 λέγω
976 5249 1137 5319 ὑμῖν,
1170 5250 1261 5304 ὅτι
1309 5252 1419 5305 ἐὰν
1451 5252 1610 5325 [ἀλλ’
1642 5252 1770 5337 ἐὰν]

166 5337 254 5406 μὴ
276 5336 716 5406 μετανοήσητε,
742 5340 839 5394 καί
882 5341 1053 5410 ὑμεῖς
1094 5342 1379 5410 ὡσαύτως
1422 5336 1769 5398 ἀπολεῖσθερ

256 5429 575 5492 ’Δκούσατε,
603 5432 697 5485 καὶ
726 5433 1019 5505 φοϐήθητε,
1052 5438 1148 5491 καὶ
1176 5438 1253 5508 μὴ
1310 5437 1468 5508 ἡμῶν
1527 5437 1636 5491 τῶν
1684 5438 1771 5490 δε-

174 5521 353 5591 σμίων
384 5522 844 5595 ἐπιλάθησθε.Ἒν
863 5525 1022 5598 σῶμά
1050 5530 1217 5598 ἐσμεν
1244 5529 1542 5601 ἀμφότεροι
1565 5546 1578 5560 ο
1602 5530 1769 5583 ἀκού-

174 5630 361 5683 σωμεν
394 5612 489 5667 τοῦ
525 5616 847 5669 Ἀποστόλου
875 5618 1122 5687 λέγοντος
1144 5636 1162 5654 -
1197 5621 1323 5676 Εὰν
1353 5620 1422 5675 ἓν
1439 5621 1628 5690 μέλος
1649 5622 1765 5675 πά-

252 5731 270 5761 ¹
310 5728 455 5784 Psal.
485 5744 612 5792 cxu,
637 5731 692 5784 2.
784 5732 805 5762 ¹
829 5732 969 5788 Psal.
1000 5748 1091 5797 cu,
1112 5729 1203 5791 ’10.
1279 5735 1301 5767 ³
1339 5735 1481 5791 Psal.
1513 5752 1657 5797 cxu,
1690 5736 1740 5790 5.

1858 4615 2188 4685 bisquidam
2239 4611 2533 4679 redempti.
2580 4608 2890 4663 Audiamus
2922 4606 3220 4661 Dominum
3255 4604 3448 4659 dicen-

1863 4717 1971 4764 tem
1999 4724 2013 4761 :
2046 4705 2260 4761 Putatis
2303 4703 2444 4773 quod
2470 4704 2573 4765 his,
2609 4716 2835 4770 quorum
2873 4701 3188 4768 sanguinem
3237 4696 3446 4751 Pilatus

1864 4797 2077 4856 miscuit
2100 4814 2221 4851 cum
2251 4793 2555 4862 sacriﬁciis,
2588 4808 2699 4862 pro:
2736 4792 2973 4844 omnibus
3010 4798 3305 4859 peccatores
3337 4788 3449 4857 fue-

1864 4898 1984 4943 runt
2012 4889 2036 4941 ?
2092 4886 2232 4949 Non,
2262 4885 2375 4937 dico
2400 4884 2540 4937 vobis
2568 4898 2586 4934 :
2618 4880 2708 4935 sed
2733 4881 2778 4933 si
2804 4879 3172 4950 pmnitentiam
3209 4893 3315 4930 non
3343 4878 3446 4930 Ita-

1866 4981 2102 5043 bueritis,
2124 4976 2369 5033 similiter
2417 4985 2466 5028 et
2521 4975 2621 5045 ipsi
2680 4972 2913 5044 peribitis
2950 4971 3018 5023 ‘°.
3092 4969 3161 5023 Et
3196 4968 3443 5025 iterum:

1866 5072 1957 5127 Illi
1973 5072 2147 5125 decem
2177 5079 2225 5124 et
2249 5078 2382 5135 octo,
2416 5085 2579 5137 supra
2609 5083 2737 5136 quos
2772 5065 2954 5118 cecidit
2986 5063 3146 5116 turris
3176 5064 3231 5116 in
3285 5060 3445 5128 Siloe,

1868 5166 2065 5236 putatis
2104 5163 2243 5235 quod
2269 5170 2565 5232 peccatores
2601 5161 2796 5230 fuerint
2823 5174 2933 5228 pra:
2948 5157 3189 5212 omnibus
3204 5156 3451 5211 habitan-

1871 5258 2005 5311 tibus
2036 5259 2091 5310 in
2120 5254 2463 5309 Jerusalem?
2493 5251 2611 5307 Non
2643 5254 2759 5306 dico
2792 5253 2977 5314 vobis;
3025 5250 3115 5303 sed
3156 5250 3256 5301 nisi
3285 5246 3450 5317 poeniv

1873 5347 2095 5399 tentiam
2123 5345 2353 5414 egeritis,
2380 5343 2600 5412 perinde
2622 5352 2669 5396 et
2700 5342 2800 5412 ipsi
2846 5340 3079 5409 peribitis
3109 5339 3176 5392 “.

1942 5436 2166 5501 Audite,
2184 5444 2242 5491 et
2264 5436 2477 5501 timete,
2531 5450 2635 5490 nec
2662 5449 2764 5489 nos
2793 5433 3011 5487 vinctos
3035 5428 3300 5483 oblivioni
3335 5434 3449 5480 tra-

1867 5530 2000 5585 dite.
2036 5529 2215 5585 Unum
2247 5529 2468 5598 utrique
2501 5542 2705 5597 corpus
2733 5539 2944 5580 sumus.
2970 5522 3275 5577 Audiamus
3302 5520 3450 5589 Apo-

1865 5624 2071 5679 stolum
2103 5622 2378 5677 dicentem
2420 5639 2432 5675 :
2476 5621 2531 5677 Si
2560 5622 2768 5692 patitur
2796 5634 2961 5671 unum
2993 5616 3306 5680 membrum,
3336 5626 3449 5666 om-

1821 5734 1841 5767 ⁸
1873 5736 2019 5791 Psal.
2055 5751 2270 5801 cxxxvt,
2306 5736 2360 5792 5.
2434 5737 2455 5769 ⁸
2485 5734 2618 5789 ibid.
2648 5734 2697 5787 l.
2777 5733 2795 5763 ⁸
2824 5731 2970 5787 Psal.
3000 5746 3123 5797 cxx,
3161 5731 3210 5785 1.
3257 5731 3277 5763 ⁷
3302 5729 3445 5790 Psal.

175 5816 288 5867 cvi,
328 5800 381 5853 ἓ.
457 5800 476 5830 ⁸
508 5800 675 5856 llebr.
703 5817 797 5867 xu,
833 5803 885 5857 7,
960 5804 981 5835 ⁹
1011 5800 1150 5862 ιιυιὲ.
1189 5821 1299 5873 xvi,
1334 5806 1417 5861 19.
1498 5808 1536 5836 ¹⁰
1569 5806 1702 5862 Luc.
1734 5824 1753 5861 λ

1878 5807 1935 5862 2.
2013 5807 2054 5839 ¹¹
2090 5805 2226 5863 ibid.
