4032 6542
614 400 751 467 3231

1534 408 1934 470 ZACHARUE
1970 406 2478 471 PATRIARCH/E
2517 403 2925 470 HIEROSOL.

3618 444 3621 445 ν
3732 395 3840 457 3232

616 511 709 565 nia
746 514 1142 581 compatiuntur
1175 515 1239 570 ".
1292 515 1584 573 Etiterum
1623 539 1638 576 :
1683 520 1814 587 Quis
1856 524 2227 592 inﬁrmatur“

2315 517 2413 590 νχῃ
2443 519 2793 590 συμπάσχει
2832 512 3115 569 πάντατὰ
3130 510 3440 583 μέληᾸΚαὶ
3463 510 3638 566 πᾶλιν·
3666 512 3842 579 77ch-

615 614 669 660 et
695 622 788 676 ego
821 623 926 660 non
956 607 1198 676 inﬁrmor
1235 609 1320 662 ιιι
1371 610 1448 664 Ex
1476 612 1657 678 vobis,
1679 614 1901 681 fratres,
1938 627 2184 672 nostram

2315 610 2477 673 θεν-εἷ,
2506 608 2605 662 καὶ
2643 610 2756 662 οὐκ
2777 605 3012 661 ἀσθενῶ
3038 620 3056 668 ;
3084 601 3176 667 Ἐξ
3220 601 3437 659 ἑαυτῶν
3477 601 3573 665 τὴν
3610 602 3842 673 ἡμετέραν

616 696 970 752 alllictionem
999 699 1235 755 noscite.
1263 701 1483 756 Etenim
1520 703 1768 774 ejusdem
1796 717 2007 762 naturae
2036 708 2189 763 estis.

618 787 802 841 Nolite
835 804 937 843 nos
966 789 1245 856 oblivisci,
1278 791 1497 855 fratres,
1544 808 1614 849 ne
1664 806 1721 850 et
1784 813 1886 852 nos
1927 799 2192 865 dicamus,

2301 700 2501 770 θλίψιν,
2531 698 2771 768 ἀδελφοὶ,
2809 695 3097 749 ἐπίστασθε
3122 712 3137 725 ο
3171 695 3268 764 τῆς
3309 692 3425 765 γὰρ
3476 692 3636 760 αὐτῆς
3669 694 3840 762 φύσεως

2302 792 2618 861 τυγχάνετε.
2644 790 2735 859 Μὴ
2764 787 3090 858 ἐπιλάθησθε
3109 785 3290 857 ἡμῶν,
3314 783 3559 850 ἀδελφοὶ,
3588 782 3669 833 ἴνα
3692 784 3754 852 μὴ
3772 788 3842 837 καὶ

619 877 924 932 Extraneus
968 880 1138 949 factus
1171 898 1289 935 sum
1321 882 1576 952 fratribus
1604 886 1751 950 meis,
1809 894 1857 940 et
1888 889 2196 958 peregrinus

2315 888 2461 956 ἡμεῖς
2503 883 2747 953 εἴπωμεν
2768 896 2782 911 ’
2805 878 3401 947 Ἀπηλλοτριωμένος
3450 873 3726 945 ἐγενήθην
3748 876 3841 943 τοῖς

619 968 747 1036 ﬁliis
779 970 955 1024 Sionis
998 971 1061 1025 “.

695 1062 986 1118 Eﬂicimini
1024 1065 1231 1129 animo,
1279 1066 1365 1121 his
1395 1066 1487 1135 qui
1528 1068 1695 1123 vincti
1743 1076 1892 1135 sunt,
1941 1080 2199 1140 tanquam

622 1151 924 1214 convincti,
954 1151 1040 1205 his
1078 1153 1173 1221 qui
1205 1153 1334 1208 ﬁliis
1362 1156 1564 1221 orbati,
1605 1165 1865 1226 tanquam
1914 1159 2200 1229 lugentes;

626 1241 715 1296 his
746 1241 840 1311 qui
898 1242 1182 1310 vapulant,
1246 1253 1503 1315 tanquam
1532 1248 1928 1317 condolentes;
1985 1251 2072 1306 his
2109 1252 2204 1320 qui

627 1330 915 1401 patiuntur
939 1335 1402 1400 persecutionem,
1439 1344 1698 1407 tanquam
1732 1339 1871 1411 fuga:
1891 1342 2025 1395 socii
2055 1344 2203 1397 exsi—

628 1430 838 1477 stentcs
874 1439 889 1476 :
926 1439 1037 1479 uno
1067 1424 1259 1489 verbo,
1286 1427 1519 1497 captivis
1548 1438 1609 1482 ut
1648 1431 1981 1500 concaptivi.
2013 1432 2208 1488 Videte

629 1528 701 1566 ne
734 1513 1007 1576 fugientes
1031 1516 1271 1579 labores,
1325 1534 1558 1573 coronas
1578 1522 1866 1577 amittatis.
1899 1524 2021 1578 Non
2058 1526 2207 1579 enim

635 1620 727 1662 res
742 1616 945 1662 nostrae
966 1608 1236 1677 ejusmodi
1254 1618 1405 1675 sunt,
1425 1620 1485 1665 ut
1507 1612 1774 1668 hactenus
1790 1615 1968 1669 solum
1990 1616 2208 1683 durent,

631 1698 852 1765 quando
900 1714 1142 1767 praesens
1202 1702 1557 1769 praetervolat
1617 1706 1899 1760 sateulum.
1956 1706 2210 1762 Nondum

634 1796 853 1858 tempus
880 1791 1149 1846 mercedis
1169 1793 1343 1848 venit.
1366 1794 1562 1850 Veniet
1579 1803 1814 1865 tempus,
1846 1805 1901 1851 et
1928 1814 2075 1854 nunc
2104 1807 2209 1866 est,

2305 976 2593 1046 ἀδελφοῖς
2621 994 2757 1045 μου,
2787 973 2887 1027 καί
2917 972 3091 1038 ξένος
3121 970 3245 1037 τοῖς
3272 969 3433 1036 υιοῒς
3460 966 3571 1035 τῆς
3606 967 3756 1021 Σιών.

2380 1068 2599 1123 Γίνεσθε
2627 1069 2694 1137 τῇ
2728 1065 2926 1136 καρδίᾳ
2954 1066 3064 1126 τοῖς
3096 1062 3433 1131 δεδεμένοις,
3468 1058 3543 1122 ὡς
3586 1059 3841 1129 συνδεδεμέ-

2310 1179 2389 1215 νοι
2409 1177 2422 1191 ’
2457 1161 2570 1223 τοῖς
2599 1157 3031 1226 ἁτεκνουμένοις,
3069 1154 3143 1217 ὡς
3174 1151 3505 1222 θρηνοῦντες
3524 1166 3538 1179 ·
3565 1151 3668 1210 τοῖς
3692 1166 3840 1217 μαστι-

2313 1253 2579 1323 ζομένοις,
2630 1249 2705 1313 ὡς
2751 1245 3174 1315 συναλγοῦντες*
3221 1246 3337 1306 τοῖς
3402 1239 3752 1309 διωκομένοις,
3788 1241 3841 1304 ὡς

2315 1342 2755 1415 συμφεύγοντεςο
2787 1339 2883 1393 καὶ
2914 1337 3102 1400 ἁπλῶς
3159 1336 3337 1388 εἰπεῖν
3367 1333 3482 1395 τοῖς
3536 1330 3842 1400 αἰχμαλώτοις

2313 1434 2389 1498 ὡς
2406 1432 2860 1504 συναιχμάλωτοι.
2901 1429 3137 1482 Βλέπετε
3196 1425 3271 1496 μὴ
3324 1422 3618 1493 φεύγοντες
3641 1423 3747 1484 τοὺς
3772 1424 3843 1475 πό-

2315 1541 2460 1589 νους,
2493 1521 2800 1590 ἀποτύχητε
2824 1518 2934 1571 τῶν
2962 1516 3259 1585 στεφάνων.
3300 1513 3380 1567 Οὐ
3410 1512 3523 1582 γὰρ
3548 1511 3646 1573 ἓως
3669 1512 3759 1564 τῶν
3783 1514 3844 1563 tv-

2315 1611 2489 1667 ταῦθα
2521 1613 2808 1680 στήσονται
2831 1608 2899 1662 τὰ
2922 1606 3185 1678 ἡμέτερα.
3210 1603 3383 1658 Οὔπω
3410 1604 3445 1671 ἠ
3477 1600 3592 1671 ῶρα
3623 1601 3708 1669 τῆς
3725 1602 3844 1669 μισο-

2317 1702 2608 1763 αποδοσίας
2657 1699 2913 1768 ἔφθασεν.
2972 1696 3282 1750 Ἐλεὺσεται
3312 1694 3458 1763 ῶρα,
3490 1694 3583 1746 καὶ
3606 1693 3691 1744 νῦν
3714 1695 3842 1757 ἐστιν,

2319 1794 2408 1847 ὅτε
2440 1793 2565 1847 οίὲν
2593 1790 2774 1847 ἀνέσει
2808 1790 3092 1859 ζήσαντες,
3125 1788 3222 1841 σὺν
3249 1786 3330 1855 τῷ
3363 1783 3602 1853 πλουσίῳ
3634 1800 3845 1853 κατακριο

546 1909 552 1915 -
634 1896 761 1935 cum
798 1881 853 1936 bi
887 1883 984 1952 qui
1020 1884 1075 1938 in
1133 1884 1350 1941 deliciis
1388 1888 1651 1953 vixerint,
1691 1905 1816 1945 cum
1863 1890 2037 1947 divite
2059 1890 2215 1946 dam-

2319 1886 2574 1954 θήσονται
2594 1900 2610 1917 ο
2670 1884 2718 1936 οἱ
2747 1882 2805 1935 δὲ
2854 1880 2954 1943 τὰς
3003 1879 3212 1949 θλίψεις
3244 1875 3658 1946 ὑπομείναντες,
3687 1876 3767 1928 σὺν
3787 1876 3842 1945 τῷ

635 1982 841 2027 nentur
882 1991 896 2027 :
938 1989 1004 2029 ac
1023 1976 1117 2045 qui
1151 1978 1523 2034 sustinuerint
1573 1982 1736 2046 mala,
1800 1981 2002 2038 choros
2051 1993 2217 2054 agent

634 2077 763 2116 cum
797 2062 1027 2128 Lazaro,
1052 2081 1195 2134 quos
1224 2066 1489 2122 nimirum
1524 2070 1812 2139 poeniteat,
1855 2086 1921 2126 ac
1953 2072 2048 2142 qui
2073 2088 2219 2143 aegre

636 2151 817 2207 ferant
885 2169 995 2209 non
1047 2157 1316 2213 meruisse
1371 2158 1508 2214 alias
1554 2174 1777 2231 quoque
1830 2162 2035 2219 Christi
2085 2174 2219 2236 ergo

635 2259 913 2301 aerumnas
964 2263 1024 2302 se
1062 2248 1229 2314 ferre,
1262 2259 1325 2304 ut
1367 2252 1608 2322 majores
1640 2253 1881 2310 honores
1904 2270 1969 2311 ac
1995 2258 2219 2326 praemia

638 2336 1287 2405 consequimererentur.
1325 2338 1540 2406 Videte,
1574 2344 1932 2415 animumque
1951 2346 2221 2402 attendite

638 2423 847 2481 dicenti
903 2444 918 2480 :
964 2428 1325 2486 Transivimus
1387 2448 1483 2503 per
1551 2434 1724 2504 ignem
1782 2444 1833 2489 et
1892 2453 2111 2507 aquam,
2170 2444 2223 2491 et

642 2517 872 2573 eduxisti
891 2536 984 2573 nos
1015 2522 1072 2575 in
1092 2522 1434 2593 refrigerium
1462 2526 1530 2581 ¹⁸.
1555 2525 1624 2580 Et
1649 2525 1851 2581 iterum
1876 2544 1891 2582 :
1920 2528 2102 2583 Multa
2125 2530 2224 2584 tri-

639 2605 939 2664 bulationes
968 2611 1241 2680 justorum
1276 2614 1342 2668 ¹⁶.
1368 2612 1507 2679 Quia
1528 2626 1789 2685 tanquam
1818 2610 2010 2672 a'urum
2031 2619 2087 2673 in
2114 2619 2226 2690 for-

645 2718 776 2757 nace
805 2704 1046 2773 probavit
1061 2721 1168 2772 eos,
1202 2713 1251 2760 et
1281 2709 1436 2778 quasi
1464 2707 1757 2764 holocausti
1800 2711 2029 2767 hostiam
2077 2696 2224 2768 αέα-

646 2794 725 2847 uit
747 2810 833 2848 eos
864 2796 931 2848 ".

720 2878 926 2947 Nolite,
963 2880 1084 2948 lilii,
1120 2885 1371 2955 gloriari,
1400 2888 1575 2945 nolite
1594 2890 1841 2961 gloriari,
1876 2891 2024 2963 quod
2042 2907 2075 2947 a
2096 2892 2226 2950 vitae

646 2967 815 3040 hujus
839 2970 1237 3031 afﬂictionibus
1266 2976 1389 3034 sitis
1418 2978 1641 3035 liberati
1665 2998 1680 3046 ;
1729 2982 1865 3051 quin
1921 2983 2104 3052 potius
2135 3000 2227 3055 ge-

648 3060 806 3127 mite,
830 3077 897 3117 ac
918 3064 1144 3120 solliciti
1171 3076 1376 3136 estote,
1395 3069 1532 3139 quid
1556 3071 1612 3125 in
1627 3071 1764 3126 hora
1794 3073 1978 3129 exitus
1997 3075 2226 3131 Domino

648 3154 1067 3224 respondeatis;
1099 3173 1241 3228 quos
1269 3160 1509 3224 labores,
1534 3170 1673 3233 quas
1692 3164 1745 3218 ei
1777 3164 2015 3222 virtutes
2039 3175 2229 3222 osten-

648 3244 768 3300 suri
801 3246 944 3301 sitis.
979 3225 1225 3317 Quisque
1253 3258 1498 3305 vestrum
1544 3225 1575 3306 =1
1616 3252 1900 3321 prioribus
1942 3256 2054 3326 jam
2112 3256 2226 3313 suis
2254 3225 2300 3287 θ

650 3335 972 3394 actionibus
1001 3338 1247 3395 recedat.
1278 3338 1473 3397 Videte
1506 3358 1578 3398 ne
1614 3344 1840 3401 licentia
1874 3361 1941 3401 ex
1964 3348 2232 3406 antistitis

651 3427 930 3482 amotione
978 3437 1237 3499 arrepta,
1280 3429 1565 3488 deteriora
1614 3433 1817 3489 iterum
1879 3438 2230 3507 perpetretis.

654 3516 982 3575 Remedium
1012 3521 1176 3578 nobis
1210 3523 1481 3581 Dominus
1506 3527 1575 3581 ad
1606 3526 1907 3596 parandam
1940 3529 2231 3587 sanitatem

653 3610 900 3667 donavit.
923 3613 1065 3667 Num
1083 3614 1284 3671 videtis
1304 3626 1563 3687 quantos.
1585 3628 1890 3688 praesentes
1918 3620 2081 3677 minae
2108 3637 2235 3678 san-

653 3703 842 3773 guinis
874 3704 1080 3776 injuste
1111 3705 1220 3761 fusi
1257 3708 1409 3765 rivos
1434 3709 1827 3765 cohibuerint?
1869 3721 2105 3782 quantos
2133 3730 2236 3785 pu-

656 3793 837 3850 blicos
899 3798 1169 3854 tumultus
1212 3800 1573 3857 sedaverint?
1635 3812 1876 3873 quantos
1930 3804 2237 3864 diabolicos

654 3900 880 3942 amores
911 3890 1328 3947 exstinxerint?
1370 3902 1577 3964 quanta
1606 3902 1796 3950 vetera
1818 3896 1948 3953 odio
1970 3897 2238 3955 dissolve-

656 3977 810 4031 rint?
858 3979 993 4034 Nam
1032 3982 1128 4051 qui
1186 3984 1391 4054 captivi
1446 3996 1637 4057 agunt,
1701 3990 1788 4044 vel
1825 3989 2009 4057 inviti,
2067 4007 2231 4062 quam

660 4072 820 4150 plura
844 4084 1068 4145 peccata
1092 4088 1329 4148 ponunt.
1391 4080 1606 4137 idcirco
1635 4098 1734 4139 vos
1760 4088 1853 4154 qui
1901 4084 2011 4140 vita
2036 4086 2237 4143 leniori

661 4166 872 4232 vivitis,
898 4168 1060 4239 longe
1091 4171 1329 4241 amplius
1347 4172 1522 4228 sobrii
1549 4182 1751 4240 estote,
1777 4176 2024 4247 vigilate,
2056 4177 2237 4234 facere

659 4259 803 4313 mala
839 4259 1099 4327 desinite,
1134 4261 1385 4317 divinum
1421 4264 1666 4320 favorem
1690 4266 1944 4326 lambite.
1996 4268 2237 4325 Memeno

662 4358 777 4405 tote
805 4350 945 4420 ejus,
991 4353 1087 4421 qui
1121 4353 1200 4407 ait
1234 4371 1249 4406 :
1283 4351 1446 4409 Orate
1512 4373 1608 4426 pro
1659 4358 1900 4423 invicem,
1954 4368 2011 4413 ut
2061 4360 2238 4416 salve-

663 4442 794 4495 ηιἰηὶ
829 4442 893 4497 ³⁸.
930 4442 1314 4511 Memineritis,
1346 4460 1452 4515 qua
1470 4447 1686 4503 ratione
1715 4464 1818 4519 pro
1833 4450 1998 4506 Petro
2020 4452 2239 4508 assidua

2317 1974 2556 2044 Λαζάρῳ
2585 1970 2936 2043 χορεύσουσιν
2956 2010 2970 2034 ,
3007 1967 3481 2040 μεταμελούμενοι
3512 1966 3602 2017 καὶ
3625 1964 3841 2032 λέγοντες,

2317 2064 2401 2118 ὅτι
2428 2063 2543 2118 Οὑκ
2572 2061 2888 2134 ἠξιώθημεν
2924 2061 3017 2114 καὶ
3045 2058 3210 2122 ἄλλας
3236 2057 3453 2127 θλίψεις
3482 2056 3742 2125 ὑπομεῖναι
3780 2056 3842 2108 διὰ

2318 2154 2577 2228 Χριστὸν,
2628 2154 2717 2209 ἵνα
2771 2153 3031 2225 μειζόνων
3082 2150 3259 2222 τιμῶν
3290 2147 3627 2219 ἠξιώθημεν.
3677 2146 3840 2217 Ὁρᾶτε,

2318 2247 2415 2301 καὶ
2443 2244 2738 2315 προσέχετε
2760 2242 2840 2315 τῷ
2862 2242 3093 2311 λέγοντι,
3118 2240 3454 2308 Διήλθομεν
3472 2236 3569 2291 διὰ
3593 2238 3755 2305 πυρός
3772 2238 3839 2291 καί

2316 2338 2565 2403 ὕδατος,
2600 2337 2700 2391 και
2746 2334 3040 2405 ἐξήγαγες
3086 2331 3246 2403 ἡμᾶς
3281 2334 3374 2398 εις
3421 2329 3745 2399 ἀναψυχήν.
3768 2331 3842 2383 Καὶ

2319 2431 2503 2486 πάλιν·
2561 2428 2792 2484 Eolla!
2842 2429 2903 2481 at
2948 2426 3185 2496 θλίψεις
3227 2423 3353 2479 τῶν
3393 2421 3650 2476 δικαιωνο
3684 2420 3755 2474 ὅτι
3785 2421 3840 2485 ὡς

2319 2519 2557 2591 χρυσὸν
2583 2517 2654 2573 ἐν
2690 2517 3102 2587 χωνευττηρίῳ
3134 2514 3503 2585 ἐδοκίμασεν
3531 2512 3745 2579 αὐτοὺς,
3773 2511 3841 2565 καί

2319 2614 2402 2681 ὡς
2428 2613 2821 2684 ὁλοκαύτωμα
2849 2610 3067 2678 θυσίας
3098 2607 3513 2679 προσεδέξατο
3546 2605 3756 2672 αὐτούς.

2393 2886 2487 2959 Μὴ
2514 2885 2815 2957 καυχᾶσθε,
2844 2883 3031 2949 τέκνα,
3064 2882 3140 2954 μὴ
3170 2880 3478 2954 καυχᾶσθε,
3505 2880 3690 2935 ὅτιτῶν
3702 2880 3839 2934 ἐνθάδε

2324 2980 2554 3051 θλίψεων
2586 2978 2917 3050 ὲρῤύσθητε’
2951 2974 3237 3047 μᾶλλονζδὲ
3272 2972 3568 3040 στενάξατε
3611 2973 3693 3025 καὶ
3718 2988 3838 3043 φρον-

2322 3072 2509 3128 τίσατε
2536 3070 2745 3124 ἑαυτῶν
2775 3109 2791 3132 ,
2833 3068 2890 3122 τί
2914 3068 2974 3121 ὲν
3006 3065 3184 3136 καιρῷ
3215 3065 3402 3131 ἐξόδου
3447 3064 3656 3135 μέλλετε
3683 3063 3744 3132 τῷ
3769 3065 3839 3115 As-

2331 3162 2506 3235 σπότῃ
2534 3158 3001 3231 ἀπολογήσασθαι·
3033 3157 3219 3220 ποίους
3244 3156 3549 3226 καμάτους,
3598 3153 3729 3216 ποίας
3755 3152 3839 3221 ἁρε-

2334 3254 2433 3318 τὰς
2474 3251 2621 3323 αὒτῷ
2653 3251 2874 3315 δείξετε.
2915 3249 3232 3319 Ἀποστήτω
3284 3246 3475 3300 λοιπὸν
3502 3245 3703 3307 ἕκαστος
3727 3242 3836 3311 ὑμῶν

2337 3344 2403 3400 ἑκ
2426 3343 2534 3398 τῶν
2563 3341 2843 3414 προτέρων
2863 3340 3027 3395 αὑτοῦ
3056 3337 3326 3411 πράξεων.
3378 3336 3603 3390 Βλέπετε
3628 3334 3690 3405 μὴ
3706 3332 3837 3395 ἀδείας

2337 3438 2431 3493 καὶ
2453 3436 2717 3508 ἀναρχίας
2746 3433 3091 3506 δραξάμενοι,
3124 3432 3192 3485 τὰ
3220 3431 3393 3502 χείρω
3421 3429 3576 3483 πάλιν
3606 3426 3835 3497 διαπράξη-

2340 3529 2454 3583 σθε.
2495 3526 2754 3599 ’ἰατρείαν
2786 3527 2917 3597 ἡμῖν
2946 3526 2974 3577 ὁ
3000 3524 3202 3596 Κύριος
3240 3522 3382 3594 πρὸς
3428 3519 3699 3592 θεραπείαν
3743 3516 3836 3569 ἑδω-

2343 3624 2563 3694 ρήσατο.
2596 3619 2711 3689 Οὐχ
2740 3619 2901 3689 ὁρᾶτε
2933 3616 3105 3680 πόσας
3136 3614 3447 3688 ήπαροῦσσ.
3491 3610 3669 3682 ἀπειλὴ
3690 3610 3833 3676 αἱματ-

2339 3713 2598 3785 εκχυσίας
2650 3710 2921 3776 έπαυσενς
2984 3709 3157 3772 πόσας
3214 3704 3536 3768 ὁδοστασίας
3590 3702 3835 3773 ἡμέρωσενς

2341 3805 2539 3868 πόσους
2565 3801 2775 3871 ἔρωτας
2815 3798 3153 3864 διαδολικοὺς
3211 3795 3471 3862 έσϐεσεν;
3506 3793 3659 3853 πόσας
3701 3804 3836 3858 μνησι-

2342 3895 2539 3959 κακίας
2564 3892 2837 3960 διέλυσεν;
2880 3893 2945 3945 Οί
2978 3890 3087 3962 γὰρ
3129 3888 3187 3943 ὲν
3215 3887 3561 3959 αἰχμαλωσίᾳ
3615 3882 3837 3948 διάγοντες,

2341 3989 2438 4043 καὶ
2460 3987 2535 4058 μὴ
2563 3985 2825 4047 θέλοντες,
2863 3982 3074 4037 πολλῶν
3096 3982 3383 4054 ἁμαρτιῶν
3427 3976 3749 4035 ὰποκτῶνται.
3775 3970 3838 4024 Διὸ

2343 4080 2504 4151 ὑμεῖς
2557 4078 2606 4131 oi
2658 4079 2716 4132 ὲν
2743 4076 2923 4133 ἀνέσει
2958 4074 3137 4146 πολλῷ
3171 4074 3353 4129 πλεῖον
3388 4075 3605 4146 νήψατε,
3630 4069 3837 4143 γρηγῠρή·

2346 4190 2497 4238 σατε,
2526 4171 2636 4225 τῶν
2672 4170 2861 4224 κακῶν
2907 4167 3209 4233 παύσασθε,
3241 4167 3556 4241 παρρησίαν
3592 4166 3705 4235 πρὸς
3743 4161 3835 4216 Θεὸν

2344 4261 2637 4334 κτήσασθε,
2659 4276 2763 4330 μνη
2772 4258 3067 4330 μονεὺσατε
3084 4258 3176 4311 τοῦ
3198 4258 3465 4323 εἰπόντος,
3483 4257 3724 4322 Εὐξασθε
3734 4250 3837 4318 ὑπὲρ

2344 4354 2654 4422 ἀλλήλων,
2685 4353 2845 4418 ὅπως
2867 4349 3089 4420 ιαθῆτε.
3120 4349 3412 4421 Μνήσθητε
3448 4350 3529 4401 ὅτι
3560 4346 3674 4417 εὐχὴ
3694 4340 3747 4415 ἦν
3772 4345 3835 4395 ὲκ-

2345 4449 2505 4519 τενὴς
2527 4446 2917 4517 ἐπιτελουμένη
2953 4442 3093 4514 ὑπὲρ
3124 4440 3333 4513 Πέτρου
3366 4440 3464 4495 τοῦ
3496 4438 3751 4493 ἀποστόλου
3768 4433 3836 4487 ὑπὸ

663 4530 731 4585 ad
769 4531 940 4586 Deum
982 4534 1162 4588 oratio
1222 4534 1385 4590 ﬁeret
1431 4535 1502 4590 ab
1546 4537 1792 4594 Ecclesia
1846 4541 1911 4594 ¹⁹.
1952 4540 2227 4613 Siquidem

2315 4605 2316 4613 ,
2346 4544 2444 4613 τῆς
2477 4540 2818 4612 Ἐκκλησίας.
2850 4539 2912 4593 Et
2938 4532 3031 4592 οὖν
3060 4537 3200 4608 ὑπὲρ
3231 4536 3442 4589 ἐκείνου
3471 4532 3560 4588 τοῦ
3598 4527 3835 4600 κορυφαίου,

661 4622 813 4678 enim
850 4639 951 4693 pro
992 4623 1088 4679 illo
1127 4625 1221 4694 qui
1248 4626 1506 4697 princeps
1523 4637 1663 4695 erat,
1695 4631 1787 4701 qui
1832 4631 2037 4703 ligandi
2074 4644 2227 4705 atque

2345 4635 2441 4689 τοῦ
2466 4634 2713 4702 ἐξουσίαν
2744 4632 2956 4704 ἔχοντος
2988 4630 3149 4699 δῆσαι
3200 4628 3293 4681 καὶ
3344 4626 3504 4681 λῦσαι
3548 4624 3663 4695 εὐχὴ
3704 4624 3835 4674 ἐπετε-

666 4714 922 4769 solvendi
956 4722 1283 4784 potestatem
1309 4716 1569 4785 habebat,
1606 4720 1686 4774 sic
1718 4722 1893 4777 oratio
1922 4723 2107 4787 ﬁebat,
2142 4740 2243 4794 po-

667 4804 799 4859 tiori
838 4805 1002 4875 longe
1029 4806 1243 4862 ratione
1265 4824 1365 4877 pro
1396 4809 1559 4865 nobis
1592 4812 1812 4868 assidue
1846 4815 2121 4869 orandum
2150 4816 2244 4885 sit,

667 4895 847 4950 donec
870 4896 1135 4953 Dominus
1157 4898 1444 4967 placabilis
1477 4901 1589 4956 ﬁat.
1624 4903 1757 4957 Nam
1784 4904 1830 4959 si
1858 4906 2031 4960 nostri
2058 4907 2251 4963 imme-

669 5001 853 5041 mores
878 4985 1115 5054 fueritis,
1134 4990 1253 5060 ejus
1281 5006 1500 5061 quoque
1526 5008 1714 5063 poenas
1738 4996 1921 5050 daturi
1955 4998 2110 5053 estis.

743 5079 935 5134 Videte
963 5082 1017 5134 in
1051 5082 1251 5151 quibus
1276 5100 1374 5139 vos
1399 5085 1589 5150 hodie,
1615 5102 1680 5141 ac
1709 5086 1912 5156 quibus
1935 5086 2136 5145 fratres
2155 5106 2251 5147 vev

671 5169 775 5225 stri
801 5180 1114 5227 versentur.
1171 5174 1381 5243 Videte,
1460 5177 1737 5248 inspicite,
1793 5182 2248 5252 compungimini.

672 5260 784 5316 Vos
815 5261 873 5316 in
927 5264 1210 5332 oratoriis,
1244 5282 1346 5321 nos
1380 5268 1434 5322 in
1467 5284 1726 5334 carcere;
1762 5286 1863 5326 vos
1909 5273 1965 5328 in
2012 5274 2247 5341 deliciis,

674 5369 779 5409 nos
803 5354 861 5408 in
896 5357 1176 5423 metallis;
1236 5375 1334 5413 vos
1366 5360 1421 5414 in
1464 5360 1833 5429 iucunditate,
1867 5363 1924 5418 hi
1973 5365 2026 5420 in
2064 5366 2244 5434 luctu;

605 5482 608 5486 η
674 5456 777 5497 vos
807 5444 863 5497 in
889 5444 1121 5512 balneis,
1145 5446 1312 5517 hique
1343 5448 1400 5502 in
1425 5448 1692 5515 desertis;
1725 5452 1902 5520 vosjin
1931 5455 2245 5510 exsultatio-

2349 4726 2515 4789 λεῖτο,
2570 4724 2724 4792 πόσῳ
2756 4740 2819 4789 γε
2875 4720 3074 4793 μᾶλλον
3105 4717 3244 4787 ὑπὲρ
3292 4716 3451 4787 ἡμῶν
3496 4710 3835 4786 προσευχόμενοι

2356 4815 2621 4886 μηδέποτε
2648 4812 2945 4883 παύσησθε.
2976 4810 3082 4871 ἕως
3111 4802 3172 4862 οὑ
3224 4809 3315 4861 τὸν
3360 4806 3557 4877 Κύριον
3584 4797 3836 4862 καταλλὰξη·

2355 4907 2480 4972 σθε;
2509 4906 2604 4959 ἐὰν
2629 4905 2737 4975 γὰρ
2769 4906 2801 4975 ἠ
2812 4903 2927 4974 μῶν
2951 4901 3398 4971 ἁμνημονήσητε,
3426 4898 3631 4971 μέλλετε
3655 4894 3727 4947 καὶ
3746 4888 3836 4954 ὑπὲρ

2355 4997 2546 5050 τούτου
2570 4994 2724 5057 δίκας
2745 4990 3187 5062 εἰσπράττεσθαι.

2420 5088 2737 5157 Σκοπήσατε
2781 5086 2839 5138 ὲν
2871 5083 3047 5147 ποίοις
3102 5082 3259 5153 ὑμεῖς
3304 5081 3427 5134 ἐστε
3459 5080 3689 5151 σήμερον,
3718 5066 3836 5123 καὶοὶ

2350 5178 2571 5247 ἀδελφοὶ
2587 5180 2617 5248 ἡ
2628 5177 2742 5249 μῶν
2779 5176 2831 5249 [ὑ
2841 5173 2978 5247 μῶν]
2996 5175 3052 5227 ὲν
3071 5173 3261 5236 ποίοις.
3282 5173 3340 5227 Ἐ
3347 5170 3626 5243 μὸλέψατε,
3640 5161 3835 5228 καὶιίδιτε,

2347 5272 2444 5327 καὶ
2466 5270 2834 5339 κατανύγητε.
2877 5266 3066 5337 Ὑμεῖς
3096 5265 3154 5318 ἐν
3179 5263 3506 5334 εὐκτηρίοις,
3553 5258 3692 5329 ἡμεῖς
3732 5251 3774 5302 δὲ
3800 5249 3835 5295 ἐν

2344 5362 2763 5434 δεσμωτηρίοις.
2804 5358 2995 5427 Ὑμεῖς
3021 5358 3079 5411 ὲν
3120 5355 3391 5428 σπατάλῃ,
3421 5356 3511 5406 καὶ
3553 5350 3690 5420 ἡμεῖς

2355 5455 2591 5518 τάλλοις.
2636 5454 2824 5524 Ὑμεῖς
2850 5454 2907 5506 ὲν
2930 5452 3133 5517 ἀνέσει,
3165 5445 3309 5505 οὗτοι
3330 5449 3383 5502 δὲ
3402 5448 3457 5501 ὲν
3488 5442 3675 5497 πένθει.
3710 5434 3836 5524 Ὑμεῖς

674 5549 766 5601 ne,
789 5543 953 5605 atque
977 5536 1035 5590 bi
1060 5537 1114 5591 in
1134 5538 1657 5596 necessitate.Vobis
1674 5541 1947 5598 desudant
1967 5559 2227 5600 servorun

2359 5549 2415 5601 ὲν
2438 5520 2758 5618 βαλανείοις,
2786 5545 2882 5598 καὶ
2906 5537 3053 5598 οὗτοι
3106 5545 3163 5597 ὲν
3192 5544 3311 5603 ταῖς
3349 5541 3581 5610 ἐρήμοις.
3619 5526 3768 5623 ’Υμεξς
3792 5520 3835 5623 ’ἐν

679 5627 968 5698 obsequia,
1004 5629 1062 5683 bi
1094 5638 1374 5700 praestant.
1410 5631 1492 5687 Ne
1519 5648 1648 5704 ergo
1680 5650 1917 5703 quorum
1948 5652 2006 5692 se
2052 5653 2143 5693 res
2177 5639 2227 5692 iu

2360 5615 2700 5707 ἀγαλλιάσει,
2734 5638 2887 5690 αὑτοὶ
2919 5635 2975 5690 δὲ
3006 5638 3063 5689 ὲν
3094 5637 3160 5705 τῇ
3201 5632 3431 5703 ἀνάγκη.
3462 5626 3634 5699 Ὑμεῖς
3665 5615 3833 5673 δουλεύε-

754 5748 1273 5822 n_icqr,xu,26.
1355 5753 1397 5784 η
1427 5752 1469 5807 ιι
1507 5753 1614 5807 Cor
1670 5756 1864 5819 xr,‘29.
1948 5760 2225 5816 ursam

2327 5776 2381 5815 ιι.
2417 5760 2469 5815 9.
2550 5760 2589 5793 ισ
2628 5759 2769 5814 Psal.
2810 5756 3051 5822 ων,ίί
3136 5754 3341 5810 “Psal.
3378 5743 3624 5806 “111.20.
3689 5731 3829 5800 "Sea

679 5832 765 5885 tu,
799 5820 853 5874 6.
930 5817 971 5850 “'
999 5821 1111 5876 Jac.
1146 5838 1197 5887 ι’,
1235 5823 1312 5877 16.
1394 5825 1435 5855 ¹⁹
1465 5825 1583 5880 Act.
1619 5817 1794 5894 διιεῖ.
