4006 6506
78 388 233 457 3ϊὶ3

1547 385 1909 448 EPISTOLA
1920 433 1935 448 .

3216 386 3360 453 3234

76 504 199 568 σθε,
232 499 387 556 αὐτοὶ
403 498 461 553 δὲ
477 497 916 569 δουλεύουσι.Μὴ
942 496 1122 552 τοίνυν
1149 496 1480 568 διακείμενοι
1501 495 1671 561 οὓτως

1786 499 2049 564 habeant,
2097 496 2406 569 negligatis.
2438 496 2642 553 Audite
2675 494 2972 552 Dominum
3026 498 3306 556 dicentem
3338 518 3356 553 :

74 592 423 664 ἀμελήσητε.
464 590 760 644 Ἀκούσατε
808 591 903 644 τοῦ
933 590 1139 661 Κυρίου
1190 589 1460 660 λέγοντος
1507 590 1604 644 Ἐν
1626 587 1674 654 ᾧ

70 685 273 753 μέτρῳ
293 681 580 752 μετρεῖτε,
605 681 1174 751 ἀντιμετρηθήσεται
1199 680 1362 751 ὑμῖν.
1382 682 1491 734 Καὶ
1511 680 1673 735 πάλιν

76 774 363 845 μνήσθητε
390 775 466 837 ὡς
496 772 738 841 ἐλάλησα
770 774 901 843 ὑμῖν
946 771 1027 826 ἔτι
1052 770 1127 826 ὣν
1155 772 1274 843 μεθ’
1305 770 1461 843 ὑμῶν
1489 772 1547 825 ὲν
1569 770 1673 825 Γα-

71 866 284 937 λιλαίᾳ,
336 865 531 934 λέγων,
583 865 666 918 ὅτι
696 865 923 931 Ὄντως,
956 863 1142 931 τέκνα,
1175 864 1377 935 πολλὴν
1422 861 1533 934 ὁρῶ
1573 863 1672 931 τὴν

74 958 349 1027 ἀμέλειαν
393 958 474 1020 είς
502 956 677 1025 ὑμᾶς’
732 954 935 1026 πολλὴν
989 954 1090 1024 τὴν
1122 952 1431 1025 ρᾳθυμίανο
1468 951 1672 1022 πολλὴν

72 1052 174 1120 τὴν
190 1050 409 1105 ἀδικίαν
429 1066 445 1083 ο
468 1048 670 1120 πολλὴν
690 1048 789 1119 τὴν
815 1047 1092 1116 ἀγνωσίαν
1107 1061 1122 1076 ⁸
1158 1045 1359 1116 πολλὴν
1392 1044 1492 1115 τὴν
1530 1060 1672 1115 μισ-

75 1144 347 1214 αδελφίαν
382 1160 397 1175 ο
452 1142 653 1213 πολλὴν
712 1142 812 1212 τὴν
859 1141 969 1195 τῶν
1002 1138 1377 1194 ἀποστολικῶν
1432 1137 1672 1190 κανόνων

74 1238 384 1293 κατάλυσιν
420 1237 512 1290 καὶ
532 1235 964 1306 καταφρόνησιν,
988 1234 1082 1287 καὶ
1116 1234 1215 1287 οὐκ
1242 1227 1361 1284 οῖδα
1405 1233 1557 1284 ποῖον
1581 1230 1670 1283 τό-

74 1327 171 1391 λος
203 1326 385 1393 ἕξουσι
414 1326 484 1379 τὰ
509 1326 630 1380 καθ’
671 1327 819 1396 ἡμᾶς
838 1342 851 1356 ·
885 1325 979 1379 καὶ
1014 1324 1151 1394 πρὶς
1176 1322 1349 1377 ταῦτα
1379 1320 1671 1390 ἀντιφθεγ-

76 1420 307 1490 γόμενοι
336 1419 572 1487 ἐλέγετε,
599 1419 679 1472 ὅτι
708 1416 1095 1488 Φιλάνθρωπός
1123 1416 1269 1470 ἑστιν
1301 1418 1331 1469 δ
1381 1415 1535 1481 Θεὸς,
1576 1416 1671 1468 καὶ

76 1513 182 1565 οὐκ
226 1511 457 1564 ἔπλασεν
492 1511 642 1580 ἡμᾶς
714 1510 801 1564 ἵνα
843 1508 1090 1581 ἀπολέσῃ
1134 1509 1301 1580 ἡμᾶς,
1334 1507 1469 1563 ἀλλά
1498 1507 1671 1579 δῶρον

79 1603 255 1656 σώσει
286 1603 459 1674 ἡμᾶς.
498 1601 695 1671 Κάμοῦ
720 1600 992 1668 λέγοντος,
1028 1601 1110 1653 ὅτι
1143 1598 1278 1653 Θεοῦ
1308 1598 1464 1668 λόγος
1523 1599 1671 1652 ἐστὶν

74 1694 167 1749 διά
194 1693 290 1748 τοῦ
321 1694 505 1757 Δασὶδ,
538 1695 621 1749 δτι
662 1693 870 1757 πάντας
922 1694 1050 1756 τοὺς
1101 1692 1457 1765 ἁμαρτωλοὺς
1499 1690 1672 1756 δξολο-

74 1783 326 1856 θρεύσει,
349 1783 511 1848 αὐτὸς
532 1781 803 1837 ἀποδώσει
822 1780 1040 1853 ἑκάστῳ
1065 1783 1211 1836 κατά
1229 1782 1297 1835 τά
1319 1780 1458 1853 ἔργα
1476 1779 1666 1843 αὑτοῦ,

76 1876 246 1929 πάλιν
285 1872 718 1947 προεφασίζεσθε
743 1872 1048 1944 προφάσεις
1075 1874 1134 1925 ὲν
1193 1870 1514 1943 ἁμαρτίαις,
1562 1869 1670 1935 ἓως

76 1962 139 2023 οὗ
154 1964 321 2039 ἦλθεν
336 1968 371 2038 ἡ
400 1965 539 2039 ὀργὴ
557 1964 654 2020 τοῦ
678 1962 886 2035 Κυρίου
903 1979 917 1995 ⁸
938 1963 1036 2017 καὶ
1056 1963 1178 2016 τότε
1190 1962 1379 2034 ὥσπερ
1424 1960 1484 2026 ἐξ
1501 1960 1669 2014 ὕπνου

70 2060 256 2123 οὕτως
287 2059 668 2129 διανέστημεν,
697 2057 793 2110 καὶ
813 2055 1061 2126 ἔγνωμεν
1087 2055 1169 2108 ὅτι
1224 2051 1451 2115 ἑαυτοὺς
1477 2054 1672 2123 ἑφρεν-

74 2153 419 2225 απατοῦμεν,
448 2151 638 2224 μωράς
682 2150 905 2215 ἐλπίδας
950 2151 1163 2214 ἑαυτοῖς
1219 2148 1668 2220 ὐποσπείραντες.

74 2248 292 2309 Πάντες
309 2242 600 2315 ἐπαιδεύθη
609 2259 728 2313 μεν,
753 2242 815 2296 ού
836 2242 1043 2306 πάντες
1062 2242 1118 2295 δὲ
1134 2242 1335 2312 ὁμοίως
1350 2239 1667 2311 θλιϐόμεθα.

82 2336 259 2392 Ἀλλά
284 2336 486 2399 πάντες
520 2333 935 2405 ἀγωνισάμεθα.
966 2332 1276 2405 Περιάρατε
1324 2332 1427 2403 τὴν
1461 2333 1632 2402 μέθην
1652 2346 1670 2365 ο

70 2425 371 2480 παύσασθε
406 2424 517 2478 τῶν
550 2424 820 2497 πορνειῶν
840 2464 854 2489 ,
884 2421 1167 2478 παύσασθε
1215 2422 1325 2475 τῶν
1370 2420 1669 2491 λοιδοριῶν,

69 2515 368 2571 παύσασθε
399 2514 495 2569 τοῦ
523 2514 894 2588 θησαυρίζειν,
938 2513 1173 2585 ὁρῶντες
1206 2513 1303 2567 νῦν
1351 2514 1557 2584 αἵματα
1583 2530 1673 2567 πι-

70 2607 486 2680 πρασκόμενα·
528 2605 812 2661 παύσασθε
869 2608 969 2677 τῆς
1015 2603 1307 2676 ῥᾳθυμίας,
1371 2603 1670 2673 σχολάσατε

69 2701 200 2761 ταῖς
220 2697 560 2768 ἑκκλησίαις,
591 2696 887 2768 σχολάσατε
909 2697 1145 2766 δεήσεσι.
1168 2696 1404 2765 suam
1440 2695 1672 2760 ἑαυτοὺς

82 2790 307 2861 μικρὸν,
328 2788 416 2843 διὰ
443 2794 569 2853 τοὺς
588 2788 938 2860 θλιϐομένους
962 2788 1153 2843 πολλά.
1186 2789 1396 2852 Πάντες
1438 2787 1669 2860 συνδρά-

80 2899 220 2952 μετε
250 2884 330 2946 είς
382 2881 481 2955 τὴν
529 2881 636 2936 τῶν
694 2881 939 2951 ἀδελφῶν
967 2879 1119 2951 ὑμῶν
1164 2881 1445 2952 πρόνοιαν.
1480 2882 1543 2933 υί
1569 2882 1671 2952 μὲν

79 2974 328 3044 ἔχοντες,
357 2972 447 3028 διά
474 2973 584 3027 τῶν
619 2974 941 3046 χρημάτων.
983 2973 1058 3026 Οὐ
1095 2972 1234 3044 φοϐῇ
1273 2972 1367 3026 τὸν
1397 2971 1553 3037 Θεὸν,
1577 2972 1671 3027 ἀν-

78 3066 274 3134 θρωπε
296 3080 311 3129 ;
336 3063 458 3118 οὐδὲ
484 3064 621 3118 αὐτὸ
650 3065 710 3119 τὸ
760 3065 1001 3129 συνειδός
1033 3080 1127 3118 σου
1191 3063 1443 3136 μαστίξαι
1476 3081 1557 3129 σε,
1589 3066 1671 3119 ὅτι

1697 1846 1745 1905 Β

1776 587 1843 642 In
1875 604 1980 658 qua
2015 603 2267 641 mensura
2298 589 2464 642 mensi
2496 588 2721 659 fueritis,
2777 589 3085 643 remetietur
3112 590 3251 644 vobis
3287 593 3359 645 ’⁸.

1777 681 2023 750 Itemque
2046 689 2382 736 mementote
2413 697 2522 751 qua
2553 683 2766 737 ratione
2808 682 3033 738 locutus
3067 684 3169 738 sim
3197 684 3358 740 vobis

1777 787 1901 826 cum
1927 772 2110 827 adhuc
2142 772 2435 828 vobiscum
2460 788 2637 829 essem
2674 774 2730 829 in
2758 772 3003 839 Galilaea,
3025 774 3100 829 ita
3123 775 3314 831 dicens
3342 793 3356 830 :

1776 861 1945 917 Plane
1978 862 2099 927 filii,
2130 862 2410 934 ingentem
2435 864 2492 917 in
2514 863 2672 918 vobis
2699 864 2863 919 video
2902 865 3193 929 incuriam,
3219 866 3362 919 mul-

1777 963 1886 1008 tam
1909 956 2224 1025 segnitiem,
2255 956 2599 1026 injustitiam,
2632 956 3023 1027 ignorantiam,
3056 958 3360 1013 fraternum

1774 1044 1989 1109 odium,
2041 1046 2475 1115 apostolicorum
2527 1061 2801 1100 canonum
2868 1049 3359 1118 transgressionem

1776 1146 1941 1206 atque
1977 1145 2377 1207 contemptum,
2433 1152 2539 1192 nec
2572 1138 2689 1191 scio
2738 1153 2977 1207 quonam
3021 1155 3108 1193 res
3158 1149 3361 1194 nostra;

1776 1244 2025 1285 evasura:
2049 1229 2186 1283 sint.
2215 1230 2295 1284 Ad
2333 1246 2456 1299 qua:
2473 1245 2572 1285 vos
2596 1231 2678 1285 sic
2711 1247 2778 1285 ex
2808 1231 3041 1285 adverso
3058 1232 3360 1301 responde-

1774 1320 1918 1377 batis
1945 1338 1958 1373 :
1992 1321 2178 1375 Bonus
2211 1330 2296 1375 est
2325 1321 2491 1386 Deus,
2544 1338 2648 1377 nec
2686 1337 2789 1377 nos
2815 1322 3028 1377 creavit
3070 1333 3130 1376 ut
3159 1323 3359 1392 perde-

1772 1420 1876 1476 ret,
1903 1411 2001 1465 sed
2035 1420 2095 1466 ut
2114 1412 2283 1483 gratis
2314 1412 2547 1475 salutem
2576 1412 2819 1468 afferret.
2856 1413 3051 1483 Meque
3096 1413 3315 1469 dicente
3338 1455 3355 1477 ,

1771 1503 1997 1558 Davidis
2034 1519 2133 1559 ore
2157 1504 2403 1558 locutum
2438 1504 2635 1569 Deum,
2691 1504 2829 1570 fore,
2858 1512 2920 1559 ut
2945 1520 3137 1560 omnes
3165 1521 3361 1575 pecca—

1772 1603 1922 1651 tores
1943 1596 2230 1667 disperdat
2262 1597 2331 1661 ²¹,
2354 1612 2418 1652 ac
2449 1596 2648 1653 reddat
2670 1597 2972 1667 unicuique
2997 1598 3150 1668 juxta
3189 1612 3361 1667 opera

1769 1691 1950 1753 sua”,
1979 1689 2181 1743 iterum
2213 1690 2560 1745 excusabatis
2584 1690 2970 1745 excusationes
3011 1690 3067 1744 in
3107 1699 3356 1760 peccato,

1773 1781 1951 1837 donec
1981 1782 2137 1837 venit
2171 1784 2254 1837 ira
2297 1782 2511 1838 Domini
2545 1792 2775 1856 tumque
2802 1784 3001 1839 velute
3033 1799 3255 1849 somno,
3280 1783 3361 1838 sic

1772 1874 1998 1931 excitati
2031 1890 2245 1940 sumus,
2274 1886 2342 1927 ac
2374 1889 2476 1931 nos
2508 1875 2755 1931 animum
2787 1875 3045 1946 decipere
3064 1876 3233 1931 stulta
3258 1892 3360 1930 no-

1771 1966 1859 2023 bis
1886 1966 2060 2022 ascita
2103 1968 2538 2037 exspectatione,
2590 1967 2966 2038 cognovimus.
3008 1965 3212 2022 Omnes
3267 1981 3361 2020 ca-

1772 2057 1958 2129 stigati
1988 2073 2203 2123 sumus,
2237 2068 2293 2114 at
2315 2074 2426 2114 non
2450 2073 2644 2113 omnes
2676 2058 2905 2129 perinde
2930 2058 3359 2130 ainigimnr.Ve~

1772 2165 1896 2205 rum
1917 2166 2112 2205 omnes
2133 2151 2435 2206 enitamur.
2458 2149 2687 2207 Auferte
2708 2150 3036 2206 ebrietatem
3073 2168 3087 2205 :
3118 2151 3358 2207 desinite

1772 2241 2063 2308 fornicari,
2116 2242 2357 2298 desinite
2408 2243 2621 2315 jactare
2643 2241 2925 2308 convicia;
2972 2241 3211 2297 desinite
3235 2243 3360 2298 the-

1771 2348 1967 2388 sauros
1982 2334 2289 2399 cumulare,
2321 2348 2449 2389 cum
2478 2348 2627 2389 nunc
2647 2332 2880 2388 videatis
2907 2331 3107 2388 licitari
3132 2334 3357 2405 sangui-

1771 2440 1919 2481 nem.
1947 2424 2245 2497 Segnitiem
2276 2425 2551 2491 excutite;
2582 2424 2835 2480 ecclesiis
2871 2432 3079 2489 vacate,
3100 2425 3360 2495 precibus

1774 2532 2004 2588 operam
2026 2518 2241 2588 ponite.
2267 2516 2545 2572 Modicum
2567 2516 2701 2587 quid
2730 2515 3045 2571 amictionis
3070 2516 3356 2583 assumite,

1772 2625 1966 2666 eorum
1997 2610 2175 2681 gratia
2206 2625 2445 2681 quorum
2476 2610 2673 2681 ingens
2710 2608 2936 2664 amictio
2958 2616 3065 2665 est.
3124 2609 3360 2664 Paribus

1771 2714 1967 2754 omnes
1984 2698 2186 2754 studiis
2216 2707 2277 2754 ut
2308 2698 2577 2754 fratribus
2626 2697 3009 2769 prospiciatis.
3058 2697 3355 2754 accurrite.

1773 2787 1877 2855 Qui
1900 2788 2109 2843 habent
2132 2788 2419 2858 pecunias,
2446 2789 2758 2843 conferant.
2799 2788 2843 2844 0
2860 2788 3046 2853 homo,
3063 2804 3173 2843 non
3198 2789 3360 2844 times

1772 2883 1984 2939 Deum?
2010 2882 2125 2939 Nec
2173 2883 2292 2954 ipsa
2325 2882 2669 2939 conscientia
2719 2884 2971 2953 vapulas,
3006 2882 3155 2953 quod
3198 2881 3361 2939 Chri-

1773 2985 1921 3031 stum
1950 2974 2145 3030 videas
2170 2976 2239 3029 ab
2263 2974 2534 3046 improbis
2557 2972 2725 3041 trahi,
2775 2989 2839 3028 ac
2879 2974 3144 3045 jugulari,
3186 2982 3358 3044 tuque

1773 3065 2069 3137 pecuniam
2096 3066 2380 3121 occultes?
2424 3080 2489 3121 ac
2517 3081 2643 3120 cum
2678 3065 2858 3135 possis
2882 3067 3119 3122 animam
3150 3068 3355 3122 salvam

75 3159 216 3228 ὁρᾷς
240 3155 331 3209 τὸν
353 3156 588 3229 Χριστὸν
618 3158 722 3211 ὑπὸ
750 3158 968 3230 ἀνόμων
998 3156 1295 3229 συρόμενον
1341 3157 1438 3211 καὶ
1467 3156 1671 3227 σφαζό-

1776 3156 1981 3221 facere,
2009 3157 2168 3228 cujus
2196 3172 2300 3211 nec
2332 3156 2575 3212 mundus
2607 3157 2904 3212 universus
2931 3158 3169 3227 pretium
3211 3174 3357 3214 exae-

84 3266 281 3320 μενον,
315 3250 409 3303 καὶ
439 3250 504 3304 σὺ
533 3249 604 3303 τὰ
634 3250 894 3321 χρήματα
922 3248 1364 3320 κατακρύπτεις;
1394 3248 1488 3303 καὶ
1510 3247 1671 3303 δυνά-

82 3357 254 3411 μενος
288 3342 461 3396 σῶσαι
485 3341 686 3414 ψυχὴν,
711 3336 778 3414 ἦς
805 3342 925 3406 ὅλος
954 3343 983 3395 ό
1022 3340 1227 3413 κόσμος
1273 3341 1374 3395 οὐκ
1392 3339 1667 3407 ἀντάξιος,

77 3433 145 3485 οὐ
182 3430 397 3501 σώζεις,
426 3434 559 3488 ἀλλά
600 3434 724 3505 γίνῃ
775 3434 1219 3504 ἀνθρωποκτόνος
1243 3451 1259 3502 ;
1284 3433 1415 3488 ὅταν
1445 3433 1552 3505 γάρ
1583 3450 1669 3498 τις

80 3524 391 3596 δυνάμενος
414 3525 587 3579 σῶσαι
623 3525 715 3580 τὸν
750 3525 1000 3595 ἀδελφὸν,
1043 3526 1119 3597 μὴ
1146 3524 1309 3579 σώσει
1352 3522 1668 3596 προθύμως,

78 3620 152 3670 ὲκ
178 3617 280 3689 τῆς
304 3616 483 3688 χειρδς
505 3616 670 3672 αὑτοῦ
701 3616 886 3671 λοιπὸν
910 3617 972 3671 τὸ
1009 3611 1148 3688 αίμα
1178 3615 1344 3672 αὑτοῦ
1375 3618 1669 3690 ἀπαιτήσει

78 3710 314 3783 Κύριος.
334 3709 409 3763 Ού
442 3709 604 3780 μόνον
638 3708 696 3761 δὲ
718 3709 804 3762 διά
837 3708 1138 3780 χρημάτων
1178 3708 1263 3763 δεῖ
1287 3709 1535 3777 γίνεσθαι
1565 3710 1667 3781 τὴν

80 3802 437 3873 συμπάθειαν
458 3818 472 3833 ο
496 3802 557 3855 ού
590 3801 699 3870 γάρ
730 3803 947 3857 πάντων
982 3802 1010 3855 δ
1047 3800 1297 3865 πλοῦτος.
1324 3804 1417 3855 Διὸ
1437 3802 1671 3866 ἕκαστος

76 3898 155 3951 δι’
175 3891 238 3949 οὗ
263 3895 483 3950 δύναται
538 3895 743 3967 τρόπου
774 3895 1240 3968 συγκακοπαθήοῃ
1266 3912 1281 3927 ·
1316 3894 1407 3949 διὰ
1430 3912 1670 3966 προσευ-

80 3990 213 4060 χῆς,
234 3989 323 4042 διὰ
351 3989 627 4060 νηστείας,
656 3988 746 4043 διά
786 3988 1109 4059 χαμευνίας,
1132 3988 1221 4041 διὰ
1249 3988 1523 4060 δακρύων,
1581 3987 1671 4061 διά

78 4068 451 4144 διδασκαλίας.

172 4176 262 4227 Ἐν
298 4173 515 4246 πολλαῖς
546 4172 657 4243 γὰρ
685 4172 973 4241 ἀνάγκαις,
1017 4170 1259 4239 ἀδελφοὶ,
1311 4169 1552 4242 σήμερον
1602 4170 1672 4224 τά

78 4266 354 4337 ἡμέτερα.
396 4264 736 4334 Ἑμδλέψατε
792 4264 912 4327 πῶς
950 4265 1101 4316 πᾶσα
1132 4262 1341 4333 ἡλικία,
1398 4262 1495 4316 καὶ
1520 4264 1672 4316 πᾶσα

80 4358 216 4422 ἀξία
234 4355 570 4427 μαστίζεται,
596 4355 686 4407 Διὸ
712 4355 805 4408 καὶ
836 4356 1038 4416 πάντες
1060 4354 1418 4424 αίχμάλωτοι,
1449 4353 1667 4408 πάντων

83 4448 117 4499 ὑ
126 4447 246 4515 μῶν
259 4439 333 4499 ὧν
348 4447 377 4498 ὁ
394 4444 595 4516 Κύριος
611 4443 978 4516 ἐλυτρώσατο,
996 4443 1249 4513 δεόμεθα,
1268 4446 1668 4515 οίκτειρήσατε.

1776 3256 1929 3318 quet,
1957 3247 2013 3302 id
2056 3247 2280 3303 minime
2298 3256 2546 3319 prastes,
2581 3247 2679 3303 sed
2706 3248 2983 3305 homicida
3016 3250 3156 3305 ﬁas?
3214 3251 3354 3307 Cum

1770 3337 1919 3394 enim
1963 3339 2088 3410 quis
2154 3340 2388 3397 salutem
2460 3340 2618 3395 fratri
2665 3348 2925 3411 praestare
3006 3351 3207 3414 potest,
3251 3356 3373 3400 nec‘

1770 3441 2028 3503 prompto
2050 3431 2235 3487 animo
2259 3440 2504 3502 praestat,
2539 3432 2690 3486 illius
2709 3432 2820 3503 jam
2839 3432 3104 3488 Dominus
3130 3435 3356 3506 sangui-

1772 3541 1898 3581 nem
1925 3524 1994 3580 de
2018 3526 2140 3597 ejus
2160 3540 2326 3579 manu
2358 3524 2625 3595 requiret.
2684 3524 2798 3579 Nec
2824 3540 2959 3580 vero
2980 3526 3234 3596 pecuniis
3264 3542 3354 3582 so-

1769 3619 1884 3674 lum
1905 3619 2208 3689 prastanda
2235 3618 2619 3675 misericordia
2642 3636 2656 3673 :
2678 3634 2803 3673 cum
2822 3634 2923 3673 nec
2939 3620 3199 3675 omnibus
3220 3635 3355 3691 opes

1770 3719 2084 3782 suppetant.
2126 3711 2491 3778 Quamobrem
2545 3711 2927 3781 unusquisque
2985 3711 3186 3781 quibus
3224 3714 3354 3769 licet

1772 3803 1950 3858 modis
2003 3804 2280 3858 miseriam
2316 3805 2544 3869 relevet,
2602 3802 2884 3874 precibus,
2928 3803 3167 3875 jejunio,
3225 3804 3353 3860 lecti

1770 3892 1996 3960 duritie,
2026 3893 2305 3965 lacrymis,
2336 3893 2612 3950 doctrina.

1842 4178 2061 4234 Etenim
2094 4177 2148 4233 in
2177 4177 2389 4249 magnis
2418 4177 2693 4249 angustiis
2719 4178 2906 4243 hodie,
2946 4176 3164 4240 fratres,
3215 4174 3354 4230 exsi.

1772 4279 1926 4327 stunt
1959 4285 2048 4325 res
2076 4282 2299 4325 nostrae.
2324 4268 2688 4325 Considerate
2703 4269 2979 4339 quomodo
2996 4267 3176 4321 omnis
3197 4276 3349 4331 aetas,

1773 4362 2062 4434 omnisque
2086 4363 2224 4418 ordo
2249 4378 2313 4418 ac
2346 4363 2588 4433 dignitas
2621 4362 2853 4416 verbera
2870 4361 3129 4430 patiatur.
3152 4358 3355 4425 Quam-

1772 4457 1961 4511 obrem
1992 4454 2160 4510 etiam
2188 4470 2288 4510 vos
2311 4470 2502 4509 omnes
2533 4494 2547 4520 ,
2592 4453 2737 4524 quod
2778 4453 2923 4507 Deus
2956 4451 3191 4505 redemit
3221 4492 3235 4515 ,
3264 4464 3354 4505 (a-

96 4543 314 4612 ’1ερεῖς,
351 4541 747 4611 συμπαθήσατε
796 4539 1041 4603 πολιαῖς*
1078 4539 1513 4611 σπλαγχνίσθητε
1573 4557 1670 4610 νη-

1778 4548 1912 4618 ptivi
1952 4564 2145 4603 omnes
2168 4562 2448 4618 rogamus,
2476 4554 2536 4599 ut
2570 4544 2965 4600 misereamini.
3000 4542 3350 4605 Sacerdotes,

84 4640 259 4702 πίοις,
279 4639 537 4709 ἐλεήσατε
571 4638 770 4708 χήρας,
804 4638 897 4690 καὶ
922 4638 1081 4707 χεῖρα
1100 4635 1345 4707 όρέξατε·
1381 4634 1576 4695 πάντες
1609 4632 1666 4685 δὲ

1774 4639 1924 4695 canis
1946 4654 2200 4709 aspersos
2231 4654 2412 4703 senes,
2440 4653 2664 4708 pueros,
2730 4636 2988 4699 infantes,
3020 4634 3219 4688 viduas
3250 4633 3352 4685 mi-

86 4730 431 4784 σπουδάσατε
458 4728 552 4783 τοῦ
576 4729 714 4782 κατά
743 4727 968 4798 δύναμιν
998 4724 1513 4797 ἀντιλαμϐάνεσθαι.
1544 4725 1666 4777 Ἀσ-

84 4821 353 4888 πάζονταί
388 4838 469 4884 σε,
502 4820 659 4887 Σιὼν,
708 4822 888 4874 πάντα
937 4819 1005 4873 τὰ
1044 4820 1209 4872 τέκνα
1252 4835 1368 4879 σου,
1418 4817 1664 4885 λέγοντα,

83 4911 476 4967 Ἀσπάσασθε
495 4912 563 4975 ἐξ
582 4910 748 4980 ἡμῶν
763 4911 903 4977 τοὺς
915 4911 1119 4980 ἁγίους
1138 4911 1379 4975 τόπους,
1392 4907 1664 4977 ἀδελφοί.

99 5002 465 5066 Ἀσπάζονται
504 5003 648 5073 ὑμᾶς
709 5003 945 5067 ἅπαντες
976 5005 1023 5056 οἱ
1066 5003 1192 5073 ἐμοὶ
1239 5000 1512 5054 σύνδουλοι
1570 5001 1665 5053 καὶ

85 5094 544 5163 συναιχμάλωτοι.
586 5093 650 5145 Ἦ
702 5093 882 5164 χάρις,
915 5092 1011 5146 καὶ
1069 5093 1102 5164 ή
1139 5092 1460 5162 ἀνάκλησις,
1510 5090 1604 5145 καὶ
1630 5092 1664 5162 ή

82 5185 406 5249 ἀνάστασις,
428 5184 516 5236 διά
534 5184 632 5255 τῆς
654 5184 815 5252 ἀγίας
842 5184 1190 5248 ἀναστάσεως
1222 5182 1342 5254 μεθ’
1372 5182 1546 5253 ἡμῶν,
1570 5182 1665 5234 καὶ

89 5295 157 5348 με
167 5276 216 5329 θ’
234 5276 259 5328 ύ
271 5276 407 5345 μῶν.
457 5276 651 5347 ’Δμήν.

164 5453 215 5485 ’⁸
247 5453 439 5509 Matth.
464 5472 561 5523 vn,
591 5455 647 5509 2.
725 5456 767 5486 "
792 5454 936 5511 Psal.
963 5468 1136 5519 cxuv,
1181 5450 1272 5506 ΞΟ.
1347 5451 1391 5482 ¹¹
1430 5450 1589 5506 Rom.
1624 5465 1684 5505 ιι.
1711 5448 1763 5504 6.

1670 5758 1691 5765 ε
1730 5760 1735 5763 .

1772 4731 2047 4785 seratione
2066 4730 2494 4801 prosequimini,
2531 4744 2597 4783 ac
2628 4743 2852 4782 manum
2881 4726 3169 4797 porrigite.
3193 4723 3351 4777 Salu-

1775 4827 1889 4874 tant
1919 4828 1995 4881 te,
2043 4819 2197 4882 Sion,
2245 4834 2438 4873 omnes
2469 4818 2565 4871 ﬁlii
2601 4818 2702 4882 tui,
2746 4818 2992 4872 dicentes
3040 4832 3054 4869 :
3104 4811 3367 4866 Salutate

1775 4926 1839 4965 ex
1873 4919 2051 4965 nostra
2074 4911 2283 4965 nomine
2303 4910 2417 4964 loca
2440 4921 2649 4975 sancta,
2680 4910 2895 4979 fratres.
2944 4908 3194 4963 Salutant
3250 4921 3350 4960 vos

1774 5018 1969 5058 omnes
1993 5004 2248 5058 conservi
2288 5002 2416 5068 mei,
2436 5018 2498 5057 ac
2519 5002 2849 5071 concaptivi.
2887 4998 3097 5066 Gratia,
3126 5006 3182 5053 et
3216 5012 3351 5051 con-

1772 5093 1988 5157 solatio,
2012 5109 2076 5148 ac
2099 5096 2453 5159 resurrectio,
2513 5109 2611 5164 per
2638 5091 3103 5147 resurrectionem
3156 5088 3349 5144 nobis-

1773 5200 1921 5250 cum,
1950 5201 2014 5240 ac
2038 5185 2343 5241 vobiscum.
2374 5186 2568 5240 Amen.
