4032 6478
655 380 795 443 3225

683 595 939 610 ’.ιιι-ψ.
951 597 1053 608 ου..-
1059 596 1130 614 φο-
1143 596 1170 606 α

2129 379 2156 439 Ι
2159 379 2438 440 NCERTI

1183 590 3824 618 Mm

2069 764 2547 919 lNG-Ell’l‘l

1000 1055 1150 1146 DE
1245 1050 1736 1144 PEBSICA
1822 1048 2621 1140 CAPTIVITATE
2706 1045 3434 1142 OPUSCULUM
3505 1032 3628 1139 (³).

728 1387 856 1442 Haec
876 1383 944 1438 ad
977 1347 1076 1441 eos
1098 1383 1194 1454 qni
1227 1381 1629 1452 Hierosolymis
1647 1379 1996 1445 habitabant,
2027 1395 2123 1433 seu
2148 1394 2236 1449 po-

2423 1374 2610 1430 Ταυτα
2657 1376 2796 1447 πρὸς
2846 1378 2975 1444 τοὺς
3016 1380 3076 1434 ἐν
3106 1377 3472 1452 Ἰερουσαλὴμ
3521 1383 3860 1457 κατοικοῦντας,

659 1479 771 1531 tius
814 1478 926 1531 illic
965 1473 1175 1530 residui
1207 1481 1388 1535 erant,
1450 1470 1628 1524 bonus
1659 1470 1854 1525 Pastor
1886 1470 2239 1541 signiﬁcavit.

657 1568 794 1622 Tum
825 1568 978 1624 enim
1007 1568 1077 1622 iis
1104 1581 1245 1636 quos
1277 1579 1467 1618 secum
1504 1563 1764 1627 habebat,
1807 1570 1920 1617 tum
1955 1563 2049 1632 qui
2081 1563 2241 1632 longe

655 1661 826 1730 positi
844 1670 1024 1723 erant,
1065 1657 1305 1713 habebat
1347 1673 1578 1721 curam,
1655 1664 1821 1725 atque
1870 1655 1956 1710 his
2003 1654 2240 1710 maxime

655 1756 749 1824 qui
777 1755 831 1809 in
863 1753 1032 1810 Sione
1065 1753 1366 1824 degebant.
1417 1750 1538 1806 Non
1559 1751 1710 1806 enim
1741 1750 1965 1804 nescius
1997 1758 2117 1804 erat
2159 1749 2242 1804 vir

651 1849 850 1903 beatus
873 1856 1115 1917 quantus
1163 1845 1323 1899 dolor
1363 1859 1558 1898 eorum
1603 1842 1838 1912 angebat
1877 1843 2066 1898 corda.
2104 1843 2241 1897 Fere

656 1954 897 2010 namque
932 1939 1066 2008 ipsis
1119 1936 1340 2008 gravius
1381 1935 1644 1991 dolebant
1668 1934 1764 2003 qui
1803 1934 2006 2004 captivi
2057 1934 2239 1989 abacti

651 2030 894 2094 fuerant,
923 2045 1048 2084 cum
1085 2027 1304 2084 scilicet
1333 2025 1608 2084 salutares
1644 2026 1792 2082 aedes
1821 2027 1939 2082 solo
1967 2036 2128 2080 tenus
2155 2026 2241 2080 di-

657 2132 814 2178 rutas
837 2122 1012 2178 oculis
1047 2123 1381 2192 aspicerent,
1414 2137 1479 2176 ac
1507 2135 1566 2176 se
1581 2135 1768 2186 cruce,
1795 2127 2049 2190 pastore,
2073 2135 2240 2190 grege

654 2215 842 2278 simul,
875 2229 939 2269 ac
960 2229 1072 2268 uno
1112 2215 1266 2269 velut
1298 2223 1579 2269 momento
1618 2212 1917 2267 destitutos
1963 2212 2237 2266 viderent.

649 2304 840 2375 Neque
871 2305 926 2360 id
949 2305 1149 2371 modo;
1206 2305 1305 2360 sed
1336 2313 1394 2360 et
1441 2304 1739 2360 multitudo
1797 2303 2126 2359 cadaverum
2179 2304 2236 2358 in

651 2396 900 2462 civitate,
933 2412 1000 2452 ac
1028 2412 1194 2466 quem
1230 2397 1321 2450 illa
1349 2397 1684 2452 exhalabant
1730 2395 1962 2450 fetorem
2014 2408 2124 2448 non
2160 2394 2240 2448 le-

650 2483 798 2538 viter
817 2482 1218 2549 excruciabat;
1251 2499 1444 2540 eorum
1471 2487 1749 2554 praecipue
1778 2498 1902 2552 quae
1945 2497 2109 2537 nosse
2139 2497 2238 2551 po-

653 2583 906 2630 tuerunt.
933 2575 1144 2632 Horum
1173 2591 1297 2645 quae
1319 2575 1560 2632 diximus
1585 2584 1670 2632 est
1699 2576 1996 2646 praeclarus
2047 2574 2238 2644 junior

650 2675 842 2722 noster
863 2666 1218 2730 Nicodemus,
1242 2667 1501 2736 illiusque
1525 2667 1642 2722 fere
1664 2667 1984 2736 Magdalena
2007 2666 2232 2736 conjux,

651 2757 932 2828 egregium
992 2773 1091 2826 par
1135 2771 1200 2811 ac
1221 2757 1570 2813 studiosum:
1618 2758 1712 2828 qui
1739 2757 2000 2812 nimirum
2025 2758 2239 2814 facinus

655 2847 924 2902 memoria
959 2862 1024 2902 ac
1065 2847 1380 2906 litterarum
1414 2848 1791 2904 monumentis
1821 2848 2046 2918 dignum
2075 2850 2237 2918 plane

654 2936 973 2992 ediderunt.
1010 2936 1122 2992 Hos
1172 2937 1267 3006 qui
1319 2937 1492 2992 velint
1536 2938 1910 3008 interrogent,
1979 2953 2045 2993 ac
2089 2940 2237 2994 clare

651 3035 803 3096 gesta
839 3039 954 3082 tum
975 3027 1370 3099 Hierosolymis
1393 3028 1630 3092 discent.

722 3119 788 3172 Hi
820 3119 992 3182 enim,
1041 3119 1095 3172 hi
1131 3121 1357 3174 virtutis
1378 3121 1624 3178 cultores
1670 3136 1736 3176 ac
1762 3120 1882 3188 Dei,
1931 3122 2025 3178 ubi
2053 3123 2242 3179 hostes

649 3207 937 3273 exiissem,
969 3207 1134 3276 inque
1181 3206 1460 3262 Persidem
1491 3207 1780 3272 abiissent,
1825 3217 1994 3264 totam
2026 3211 2239 3270 circum

651 3299 846 3352 urbem
901 3313 966 3353 ac
998 3298 1153 3352 vicos
1201 3299 1526 3368 lustrantes,
1593 3298 1788 3369 sicque
1837 3300 2068 3356 fratrum
2101 3302 2238 3356 reli-

650 3389 811 3458 quias
843 3391 1027 3459 jacere
1061 3390 1487 3458 conspicientes,
1541 3392 1852 3447 mercedem
1897 3392 2004 3446 sibi
2042 3401 2241 3462 parant

649 3491 856 3538 aterna
905 3481 1085 3550 reipsa
1151 3481 1440 3552 memoria
1482 3482 1959 3544 consecrandam:
1997 3485 2240 3554 projecta

653 3573 803 3628 enim
833 3574 1074 3646 sparsim
1105 3573 1312 3642 ubique
1333 3573 1600 3640 cadavera
1623 3574 1789 3629 simul
1813 3584 2157 3648 acervantes,
2182 3575 2237 3630 in

654 3678 822 3734 specu
840 3664 1148 3734 deponunt,
1185 3679 1309 3734 quae
1349 3671 1435 3720 est
1458 3673 1586 3720 ante
1617 3673 1832 3734 portam
1864 3666 1933 3720 ad
1959 3667 2240 3738 sexaginta

651 3753 896 3826 quinque
920 3755 1110 3810 millia.

724 3847 782 3900 Si
812 3847 938 3916 quis
964 3847 1132 3917 igitur
1156 3847 1318 3903 exiis
1341 3847 1436 3918 qui
1469 3858 1621 3904 certo
1657 3850 1855 3916 sciant,
1891 3867 2055 3912 nosse
2086 3852 2238 3920 velit,

652 3950 721 3990 ex
767 3936 876 3990 illis
905 3936 1158 4006 exquirat
1187 3953 1202 3990 :
1231 3937 1524 4007 palamque
1566 3938 1869 4004 docebunt,
1917 3955 1983 3993 ac
2029 3940 2238 4002 dicent,

651 4041 776 4095 quas
815 4042 917 4081 nos
953 4042 1174 4096 quoque
1218 4027 1557 4097 aspeximus.
1605 4027 1722 4094 Qua
1801 4044 1996 4098 nempe
2067 4029 2238 4084 forma

652 4125 818 4187 atque
847 4115 1039 4172 habitu
1066 4127 1380 4188 prostarent
1419 4120 1566 4174 beati
1619 4121 1738 4175 solo
1772 4121 1954 4187 strati,
2008 4122 2102 4191 qui
2133 4121 2237 4178 sub

652 4207 708 4263 id
734 4216 949 4277 tempus
978 4208 1376 4279 Hierosolymis
1412 4219 1732 4265 meruerunt
1780 4211 1980 4265 occidi.
2030 4213 2182 4266 Alter
2207 4228 2238 4267 a

652 4299 834 4369 capite
865 4299 932 4352 ad
959 4314 1054 4353 cor
1096 4315 1268 4368 usque
1297 4301 1480 4369 gladio
1508 4302 1708 4354 vulnus
1735 4310 2026 4371 acceperat
2051 4319 2065 4366 ;
2098 4303 2237 4356 alter

655 4391 726 4444 ab
752 4391 999 4443 humeris
1033 4391 1100 4444 ad
1133 4405 1307 4458 usque
1329 4401 1600 4444 ventrem.
1660 4391 1816 4446 Alius
1842 4393 2109 4462 quinque,
2140 4392 2239 4448 de-

655 4493 846 4535 cemvc
875 4479 1019 4532 ictus
1042 4477 1099 4531 in
1135 4477 1412 4533 intestinis
1444 4479 1683 4535 habebat
1717 4499 1730 4534 :
1766 4481 1908 4536 alius
1964 4482 2236 4536 dissectus

655 4571 893 4635 medius,
926 4565 1092 4639 inque
1125 4569 1236 4623 duo
1259 4569 1470 4625 divisus
1503 4581 1641 4626 erat.
1695 4572 1826 4636 Alii,
1863 4583 2054 4628 ventre
2102 4588 2235 4638 ense

653 4663 904 4734 perfosso
948 4661 1208 4715 intestina
1242 4664 1427 4717 omnia
1454 4663 1630 4718 effusa
1665 4674 1824 4719 erant
1857 4684 1870 4719 :
1904 4666 2072 4719 alium
2114 4666 2234 4720 ovis

655 4752 830 4808 instar
859 4753 912 4806 in
948 4751 1180 4806 macello
1236 4751 1344 4806 diri
1394 4755 1682 4810 carniﬁces
1739 4756 1797 4810 in
1849 4755 2026 4811 frusta
2073 4757 2232 4828 plura

655 4845 1036 4900 conciderant.

723 4935 866 5002 Quid
917 4954 1048 4994 vero
1091 4937 1494 4996 miserabiliora
1540 4939 1688 4994 alia?
1755 4939 1863 4994 Alii
1928 4939 1980 4992 in
2035 4938 2232 5008 plateis

655 5029 968 5104 speCtaculo
995 5031 1317 5101 prostabant
1340 5075 1354 5097 ,
1389 5032 1480 5085 alii
1507 5032 1562 5084 in
1583 5028 2228 5096 oratoriisnecahantur;

655 5119 747 5174 alii
772 5133 894 5172 cum
929 5121 983 5174 in
1024 5120 1222 5176 Sancta
1255 5133 1572 5177 sanctorum
1600 5121 1721 5191 Opis
1752 5137 1918 5175 causa
1969 5120 2232 5189 confuge—

656 5217 818 5261 rent:
853 5209 994 5263 alius
1032 5209 1382 5264 Dominicum
1417 5226 1656 5279 corpus;
1720 5211 1862 5264 alius
1911 5208 2118 5262 Christi
2147 5217 2228 5263 tc-

655 5311 794 5352 ncns
819 5314 1062 5354 crucem.
1090 5299 1244 5354 Alter
1268 5301 1320 5354 in
1352 5301 1616 5370 piscinam
1639 5299 1920 5370 ingressus
1940 5299 2229 5369 jugulaba-

2348 1466 2552 1535 μᾶλλον
2574 1466 2635 1519 δὲ
2652 1467 3136 1538 καταλειφθέντας,
3165 1471 3194 1524 6
3213 1472 3378 1536 καλὸς
3405 1475 3611 1545 Ποιμὴν
3627 1477 3857 1547 ἐσήμανεν.

2348 1557 2588 1627 Ἷεὶμελεν
2614 1559 2722 1630 γὰρ
2746 1558 2895 1630 αὐτῷ
2925 1562 3021 1614 καὶ
3061 1564 3190 1635 περὶ
3222 1563 3333 1617 τῶν
3367 1567 3464 1619 σὺν
3510 1566 3669 1636 αὐτῷ,
3689 1570 3767 1622 καὶ
3783 1568 3861 1623 τῶν

2342 1647 2450 1700 ἀπὸ
2480 1649 2553 1718 μή
2566 1647 2728 1701 κοθεν
2757 1648 2927 1703 ὄντων
2946 1667 2961 1683 ·
3011 1652 3106 1705 καὶ
3163 1653 3404 1721 μάλιστα
3453 1653 3560 1708 τῶν
3587 1657 3640 1708 ἐν
3661 1660 3718 1727 τῇ
3744 1659 3858 1713 Σιών.

2343 1738 2642 1806 Ἐγίνωσκε
2669 1741 2778 1810 γὰρ
2799 1741 2828 1794 6
2863 1742 3177 1814 μακαρίτης
3202 1745 3300 1813 τὴν
3331 1744 3498 1800 οὖσαν
3514 1746 3690 1818 ὀδύνην
3714 1752 3761 1802 ὲν
3777 1752 3861 1813 rei;

2343 1830 2598 1901 καρδίαις
2626 1831 2830 1886 αὐτῶν.
2861 1831 2984 1884 Τῶν
3035 1835 3581 1905 αἰχμαλωτισθέντων
3607 1839 3704 1911 γὰρ
3724 1842 3861 1910 σχεδὸν

2344 1922 2740 1993 χαλεπωτέρως
2804 1925 3164 1996 ἐδαμάζοντο,
3222 1927 3331 1997 πρὸ
3360 1927 3644 1997 ὀφθαλμῶν
3683 1931 3860 2000 ὁρῶντες

2339 2013 2467 2076 τοὺς
2497 2014 2802 2084 σωτηρίους
2816 2015 2999 2080 οἴκους
3027 2019 3122 2070 ἐπὶ
3149 2017 3244 2071 τοῦ
3280 2019 3513 2087 ἐδάφους
3539 2022 3857 2092 ἐρριμμένους,

2344 2106 2438 2178 καὶ
2466 2106 2556 2158 τὸν
2581 2107 2835 2178 σταυρὸν,
2870 2109 2966 2162 καὶ
2992 2110 3085 2163 τὸν
3117 2111 3374 2182 ποιμένα,
3433 2112 3528 2164 καὶ
3557 2113 3646 2182 τὴν
3683 2115 3858 2184 ποίμνην

2323 2183 2432 2264 ’ὑφ’
2472 2196 2530 2249 ἒν
2577 2198 2776 2261 αὐτοὺς
2809 2199 3233 2265 καταλιπόντας.
3268 2203 3345 2254 Οὐ
3377 2205 3538 2273 μόνον
3561 2202 3636 2267 δὲ,
3662 2183 3774 2256 ἀλλὰ
3796 2208 3859 2258 καὶ

2339 2289 2400 2342 τὸ
2419 2287 2623 2356 πλῆθος
2644 2289 2754 2342 τῶν
2789 2291 2848 2343 ἐν
2867 2293 2933 2360 τῇ
2973 2290 3128 2344 πόλει
3187 2293 3587 2362 σκηνωμάτων,
3619 2295 3702 2346 καὶ
3724 2296 3751 2364 ἡ
3775 2294 3857 2346 τού-

2340 2395 2448 2432 των
2463 2378 2718 2445 δυσωδία,
2757 2380 2817 2432 οὐ
2859 2381 3098 2451 μετρίως
3129 2382 3330 2446 αὐτοὺς
3361 2382 3668 2448 ἐϐασάνιζε,
3689 2383 3858 2453 καὶμᾶ-

2339 2470 2498 2523 λιστα
2526 2463 2713 2538 ὧνπερ
2748 2471 3038 2543 γνωρίζειν
3067 2473 3350 2542 ἠδύναντο.
3388 2476 3664 2546 Μαρτυρεῖ
3696 2477 3786 2536 τοίς
3805 2476 3859 2526 εἰ·

2343 2553 2600 2630 ρὴμένοις
2638 2556 2791 2625 οὗτος
2824 2563 2853 2613 ὁ
2889 2563 3055 2626 καλὸς
3085 2564 3202 2628 νέος
3222 2564 3385 2635 ἡμῶν
3420 2566 3726 2636 Νικόδημος,
3749 2567 3860 2636 καὶὴ

2338 2651 2530 2704 τούτου
2585 2653 2772 2724 σχεδὸν
2834 2654 3172 2725 Μαγδαληνὴ
3233 2656 3493 2722 σύζυγος,
3550 2658 3582 2727 η
3628 2656 3748 2727 καλὴ
3795 2659 3860 2708 καὶ

2265 2735 2312 2793 Β
2342 2743 2605 2796 σπουδαία
2632 2743 2893 2816 ξυνωρίς·
2929 2747 2978 2797 οἱ
3009 2745 3148 2809 ἄξιοι
3174 2745 3344 2810 ὅντως
3405 2747 3622 2816 μνήμης
3649 2747 3729 2799 καὶ
3771 2762 3860 2813 συγ·

2340 2840 2562 2908 γραφῆς
2607 2838 2979 2908 ὲργαισάιιιιενοι
3026 2838 3382 2908 κατόρθωμα.
3423 2840 3678 2901 Ἐκείνους
3706 2840 3747 2891 oi
3773 2841 3859 2908 βον-

2340 2929 2555 2998 λόμενοι
2586 2933 2971 3001 ἐρωτάτωσαν,
2997 2931 3094 2986 καὶ
3122 2932 3310 3001 σαφῶς
3375 2933 3722 3003 μανθάνουσιν
3756 2932 3795 2984 τί
3820 2931 3860 2983 τὸ

2340 3020 2398 3072 ἐν
2443 3021 2802 3096 Ἰερουσαλὴμ
2837 3021 3150 3091 γενόμενον.

2413 3102 2573 3161 Οὗτοι
2619 3111 2750 3180 γὰρ,
2809 3104 2977 3175 οὗτοι,
3009 3113 3312 3166 ,σπουδαῖοι
3363 3115 3463 3166 καὶ
3497 3113 3729 3181 φιλόθεοι,
3749 3115 3857 3183 ’μετὰ

2338 3201 2438 3271 τὴν
2469 3200 2576 3254 τῶν
2601 3200 2813 3272 ἐχθρῶν
2842 3202 3040 3267 ἔξοδον,
3071 3206 3166 3256 καὶ
3196 3206 3288 3263 ἐπὶ
3325 3206 3566 3273 Περσίδα
3582 3205 3772 3259 κὰίοξον
3793 3223 3856 3259 πε·

2345 3294 2677 3363 ριερχόμενοι
2743 3294 2840 3363 τὴν
2894 3296 3048 3347 πόλιν
3075 3295 3312 3363 ἃπασαν,
3372 3300 3471 3350 καὶ
3502 3301 3596 3360 τὰς
3631 3300 3856 3361 πολιτείας,

2341 3369 2436 3440 καὶ
2465 3369 2700 3455 ὁρῶντες
2731 3385 2905 3450 οὓτως
2928 3387 3155 3458 κείμενα
3181 3388 3250 3442 τὰ
3280 3389 3392 3442 τῶν
3410 3390 3646 3459 ἀδελφῶν
3668 3391 3854 3459 λείψανα,

2341 3475 2754 3545 περιποιοῦνται
2783 3477 2998 3541 ἑαυτοῖς
3034 3477 3244 3548 μισθὸν,
3278 3479 3452 3541 ὅντως
3481 3482 3558 3542 είς
3582 3479 3730 3534 αἰῶνα
3758 3497 3856 3548 μνη·

2344 3566 2727 3636 μονευόμενον.
2771 3567 2881 3619 Καὶ
2902 3566 3328 3632 ἐπισυνάξαντες
3359 3569 3420 3622 ἐν
3471 3577 3548 3641 τῷ
3607 3572 3729 3624 κατὰ
3754 3571 3855 3640 μέρη

2344 3656 2762 3726 κατερριμμὲνα
2795 3656 3155 3728 σκηνώματα,
3189 3661 3544 3716 ἀποτίθενται
3585 3665 3638 3715 ἐν
3665 3662 3855 3733 σπηὶαίῳ

2343 3745 2448 3817 πρὸ
2482 3747 2579 3816 τῆς
2607 3747 2839 3812 πόλεως,
2865 3751 2994 3819 ἄχρι
3024 3750 3273 3820 χιλιάδων
3307 3753 3570 3823 ἑξήκοντα
3599 3755 3751 3810 πέντε.

2414 3837 2481 3890 Et’
2497 3856 2579 3902 τις
2595 3839 2777 3894 τοίνυν
2809 3839 3053 3911 βούλοιτο
3083 3844 3232 3914 παρὰ
3263 3844 3372 3896 τῶν
3389 3843 3450 3899 εὖ
3475 3847 3679 3898 εἰδότων
3695 3845 3855 3915 μαθεῖν,

2343 3929 2539 3993 αὐτοὺς
2571 3929 2870 3996 ἐξεταζέτω
2895 3951 2908 3964 ·
2971 3936 3208 3988 κάκεῖνοι
3269 3938 3458 4005 σαφῶς
3490 3939 3749 4004 διδάξουσι,
3791 3939 3856 3989 καὶ

2345 4022 2579 4092 ἐροῦσιν,
2620 4023 2764 4093 ἅπερ
2799 4026 2891 4076 καὶ
2925 4027 3082 4095 ἡμεῖς
3110 4029 3459 4098 ἑωράκαμεν.
3483 4032 3650 4093 Ποίοις
3674 4032 3856 4099 σχήμασι

2345 4115 2436 4164 καὶ
2461 4114 2616 4182 ἤθεσι
2647 4115 2966 4184 προέκειντο
2998 4119 3092 4170 ἐπὶ
3147 4119 3239 4171 τοῦ
3283 4121 3518 4188 ἐδάφους
3567 4123 3614 4174 οἱ
3657 4126 3855 4190 μακάριοι

2340 4203 2398 4254 ἐν
2442 4204 2793 4277 Ἰερουσαλὴμ
2847 4211 3264 4280 κατασξαγῆναι
3317 4213 3730 4277 ἀξιωθέντεςοό
3785 4213 3853 4280 μὲν

2340 4294 2448 4348 ἀπὸ
2475 4295 2716 4367 κεφαλῆς
2765 4297 2870 4361 ἓως
2925 4301 3151 4370 καρδίας
3186 4303 3285 4371 τὴν
3313 4305 3532 4375 πληγὴν
3562 4304 3745 4357 λαϐὼν·
3773 4309 3793 4356 ὁ
3816 4303 3854 4354 δὲ

2338 4386 2445 4438 ἀπὸ
2461 4384 2626 4455 ῶμων
2651 4387 2754 4451 ἕως
2774 4389 2980 4454 κοιλίας
3011 4408 3024 4421 ⁸
3051 4393 3227 4458 ἄλλος,
3253 4396 3465 4466 πέντεῆ
3493 4397 3622 4448 δέκα
3645 4397 3854 4468 ῥομφαίας

2338 4478 2396 4529 ὲν
2425 4481 2535 4542 τοῖς
2566 4479 2816 4546 ἐγκατοις
2850 4478 2995 4552 εἶχεν
3015 4500 3027 4512 ·
3093 4484 3277 4557 ἕτερος
3312 4489 3453 4542 κατὰ
3514 4489 3672 4559 μέσης
3700 4504 3854 4555 κεκομ-

2343 4568 2523 4636 μένος.
2557 4568 2651 4620 καὶ
2686 4571 2765 4632 είς
2795 4570 2888 4624 δύο
2925 4571 3253 4644 διῃρημένος
3279 4593 3291 4606 ·
3329 4576 3488 4640 ἄλλος
3529 4579 3678 4629 πάλιν
3719 4578 3766 4626 ἐν
3808 4575 3853 4640 τῇ

2339 4660 2584 4732 μαχαίρᾳ
2605 4662 2704 4732 τὴν
2729 4663 2940 4717 κοιλίαν
2973 4669 3391 4737 κεκεντημὲνος,
3425 4672 3518 4723 καὶ
3553 4670 3712 4722 πάντα
3733 4664 3852 4719 αὑτοῦ

2334 4750 2402 4802 τὰ
2433 4751 2582 4815 ἐντὸς
2615 4753 2953 4824 προχυθέντα
2971 4773 2986 4786 θ
3016 4757 3202 4827 ἔτερος
3228 4759 3384 4830 δίκην
3433 4762 3695 4832 προϐάτου
3723 4763 3769 4812 ἐν
3787 4774 3854 4826 μαι

2335 4842 2508 4912 κέλλῳ
2535 4845 2615 4907 εἰς
2654 4845 2826 4898 πολλὰ
2849 4847 2986 4918 μέλη
3025 4850 3325 4922 κατεκόπη.

2403 4933 2466 4986 Τί
2482 4934 2537 4987 δὲ
2552 4935 2620 4988 τὰ
2645 4936 2779 4990 ἄλλα
2801 4938 3138 5010 ἐλεεινότερα
3165 4958 3180 5007 ;
3204 4943 3267 4994 Οἱ
3295 4944 3392 5013 μὲν
3415 4945 3473 4996 ὲν
3491 4946 3608 5005 ταῖς
3636 4941 3852 4999 πλατείαις

2333 5027 2650 5096 προέκειντο
2680 5027 2858 5098 θέαμα
2881 5031 3064 5084 ’ἄλλοι
3095 5034 3153 5085 ἐν
3189 5036 3300 5097 τοῖς
3333 5037 3639 5107 εὐκτηρίοις
3658 5051 3671 5064 ·
3719 5033 3852 5101 ἕτεροι

2331 5115 2411 5179 είς
2435 5120 2501 5169 τὰ
2523 5117 2686 5186 Ἀγια
2714 5119 2822 5172 τῶν
2852 5121 3022 5189 ἁγίων
3049 5126 3484 5196 καταφεύγοντες
3503 5130 3582 5192 είς
3619 5126 3850 5197 βοήθειαν

2332 5209 2426 5260 καὶ
2455 5209 2482 5260 6
2507 5208 2628 5277 μὲν,
2664 5211 2724 5262 τὸ
2753 5213 2910 5282 σῶμα
2937 5214 2996 5267 τὸ
3021 5219 3348 5271 Δεσποτικόν
3369 5235 3384 5250 ο
3412 5221 3437 5271 6
3464 5219 3542 5282 δὲ,
3572 5219 3655 5272 τὸν
3677 5215 3852 5284 σταυρὸν

2330 5297 2422 5350 τοῦ
2447 5299 2680 5370 Χριστοῦ
2712 5303 2956 5372 κατέχων
2977 5323 2990 5334 ·
3025 5306 3286 5379 ἓτεροςοέν
3305 5313 3367 5380 τῇ
3397 5309 3733 5380 κολυμϐήθρᾳ
3758 5322 3855 5359 κατ-

2267 4075 2312 4134 C

577 5435 582 5438 .
654 5397 764 5453 tur,
803 5391 942 5445 alter
963 5393 1161 5447 subtus
1185 5393 1356 5447 altare
1385 5393 1608 5446 latitans
1656 5409 1668 5445 :
1707 5390 2022 5460 ﬁcbantque
2063 5391 2226 5446 victi-

2335 5393 2652 5462 ερχὸμενος·
2686 5398 2782 5447 καὶ
2809 5395 2965 5462 ἄλλος
2991 5398 3095 5452 ὑπὸ
3130 5399 3513 5474 θυσιαστήριον
3577 5401 3854 5472 κρυδόμΞΜ

652 5493 761 5543 ma,
789 5481 980 5535 eadem
1006 5483 1228 5552 quidem
1273 5482 1367 5536 Dei
1412 5481 1805 5538 comminantis
1831 5481 2098 5545 vindicta,
2130 5481 2226 5550 qui

653 5577 836 5624 tamen
875 5571 1152 5627 diversum
1171 5574 1441 5643 judicium
1501 5587 1566 5627 ac
1595 5572 1943 5644 mysterium,
1979 5571 2059 5625 uti
2086 5571 2227 5625 dixi-

727 5706 799 5779 (ί)
843 5707 992 5762 Istud
1021 5707 1326 5779 apusc'ulum
1374 5717 1507 5762 totos
1547 5707 1815 5763 Antistitis
1855 5706 2233 5779 Hierosolymi-

655 5778 768 5834 tani
801 5780 1014 5846 spiritus
1053 5777 1168 5849 pra
1199 5795 1254 5833 se
1285 5779 1384 5848 fert
1411 5795 1428 5834 :
1458 5780 1681 5848 fortasse
1706 5780 1816 5848 ipse
1858 5785 1934 5832 est
1965 5777 2229 5834 Modestus

2333 5482 2715 5551 ἐσφαγιάζετο.
2771 5489 2881 5542 Καὶ
2912 5490 3072 5544 θυσία
3115 5495 3373 5562 ἐγίνοντο,
3411 5495 3538 5566 μίαν
3576 5496 3670 5564 μὲν
3703 5495 3855 5561 ἔχουσι

2333 5574 2432 5644 τὴν
2457 5573 2708 5647 ἀπειλὴν,
2740 5579 2998 5652 διάφορον
3031 5583 3088 5636 δὲ
3135 5583 3198 5637 τὸ
3245 5588 3421 5656 κρῖμα
3456 5586 3550 5638 καὶ
3608 5583 3668 5635 τὸ
3697 5578 3856 5651 pacti.

2311 5713 2427 5780 ’(Ιυί
2455 5713 2550 5796 {ab
2579 5715 2754 5796 ipsam
2779 5720 3139 5790 captivitatem
3166 5724 3237 5779 ad
3257 5725 3372 5796 ejus
3395 5724 3529 5782 sedis
3548 5716 3854 5796 gubernacula

2338 5790 2548 5837 υοεαιιιε
2588 5795 2685 5842 est.
