4032 6484
174 380 317 443 3237

1321 374 1420 435 DE
1456 373 1778 436 PERSICA
1814 372 2333 435 CAPTIVITATE.

3285 363 3426 427 3238

179 502 318 555 ριον,
347 484 537 556 ὥσπερ
569 484 665 537 καὶ
692 484 785 538 επὶ
816 481 1195 554 αἰχμαλωσίας
1228 482 1509 553 ἐλέγομεν.
1540 482 1618 536 Ού
1648 481 1758 554 γάρ

1864 498 1985 537 mus
2004 482 2074 537 de
2092 481 2435 552 captivitate,
2483 480 2774 536 haberent.
2797 478 2915 534 Non
2939 477 3087 534 enim
3130 492 3324 533 omnes
3358 480 3431 533 ob

175 576 383 637 πάντες
403 575 468 631 δι’
498 576 775 648 ἁμαρτίαν
807 575 1324 647 αίχμαλωτίσθησαν
1342 591 1355 605 ·
1380 574 1496 628 ἀλλ’
1530 574 1617 627 ἵνα
1648 576 1756 643 ἀμ-

175 670 398 741 φότεροι
438 672 502 723 ὲκ
552 670 653 740 τῆς
690 669 970 738 ὑπομονῆς
1032 668 1245 737 δόκιμοι
1285 666 1578 733 γένωνταν
1608 666 1757 719 ἄλλοι

1858 584 2086 645 peccata
2109 574 2165 628 in
2195 571 2573 643 captivitatem
2630 570 2737 627 acti
2804 580 2953 635 sunt,
2986 570 3083 626 sed
3116 579 3178 625 ut
3210 571 3434 642 utrique

1862 666 2145 736 patientia:
2168 665 2368 719 merito
2391 664 2609 734 probati
2648 663 2947 718 evaderent
2973 682 2987 717 :
3018 662 3113 718 alii
3136 672 3217 732 ,ιιι
3262 680 3437 734 popu-

178 761 269 816 ῐνα
294 762 385 815 τὸν
417 761 545 816 λαὸν
590 760 977 829 ὀλιγωροῦντα,
1007 758 1187 825 λόγοις
1249 756 1636 827 νουθετήσωσι,
1664 757 1759 809 καὶ

1864 761 1972 815 lum
1997 759 2367 829 negligentius
2404 766 2655 827 agentem
2696 756 2885 811 verbis
2938 756 3321 821 admonerent,
3372 771 3438 811 ac

176 854 693 924 παραμυθήσωνται
714 869 727 882 ·
761 853 939 923 ²έτεροι
967 852 1045 918 δὲ,
1082 851 1169 904 ἴνα
1202 850 1302 921 τὴν
1334 849 1630 920 μέλλουσαν
1662 848 1759 901 κό-

176 942 336 998 λασιν
364 944 701 1016 κουφοτέραν
725 944 940 1009 ἕξουσιν
962 959 977 974 ·
1010 943 1155 1006 τινες
1184 940 1263 1007 δὲ,
1304 941 1394 995 ἶνα
1444 939 1647 1009 ταύτης
1680 939 1759 1002 είς

179 1036 289 1105 πλῆ
300 1053 391 1105 ρες
402 1032 813 1101 ἀπαλλαγῶσιν.

252 1126 455 1181 Λοιπὸν
484 1126 541 1179 δὲ
570 1125 705 1196 πρὸς
730 1123 830 1195 τὴν
851 1124 1323 1180 ἐπακολουθοῦσαν
1352 1127 1535 1193 αὐτοῖς
1556 1130 1758 1202 θλίψιν,

180 1220 280 1273 καὶ⁸
310 1218 446 1289 πρὸς
472 1219 571 1281 τὰς
597 1218 893 1288 γενομένας
936 1216 1115 1271 αὐτῶν
1137 1218 1437 1289 ἁμαρτίας,
1484 1222 1626 1291 τάχα
1673 1226 1761 1277 αί-

179 1310 639 1381 χμαλωτίσθησαν
656 1310 750 1362 καὶ
773 1310 977 1373 παῖδες,
1005 1309 1153 1372 ὅπως
1186 1310 1343 1364 αὐτοὶ
1365 1312 1465 1382 μὲν
1489 1312 1563 1383 μὴ
1580 1314 1757 1386 χείρο-

180 1418 275 1464 νες
320 1401 623 1469 γένωνται·
656 1402 706 1454 οί
765 1402 822 1454 δὲ
863 1399 1090 1463 τούτους
1132 1403 1493 1473 γεννήσαντες
1548 1404 1635 1459 διὰ
1665 1406 1763 1475 τῆς

181 1494 409 1546 ἐκείνων
430 1494 681 1557 παιδείας
717 1496 1183 1565 σωφρονισθῶσιν.
1212 1499 1373 1561 Ἴσως
1395 1498 1453 1551 δὲ
1486 1499 1577 1552 καὶ
1590 1498 1760 1561 ἄλλοι,

182 1585 373 1655 ἐπειδὴ
402 1585 470 1639 τά
491 1587 598 1639 τῶν
627 1586 839 1640 ἀσεϐῶν
869 1587 975 1658 ήθη
1026 1590 1208 1642 πιστοὶ
1236 1591 1597 1662 ὑπάρχοντες,
1623 1593 1765 1662 ἠγα-

180 1677 395 1730 ποῦσαν
440 1678 535 1731 καλ⁸
564 1677 896 1731 ἑποθοῦσανο
941 1680 1023 1733 διὸ
1076 1682 1170 1734 καὶ
1203 1684 1523 1753 παρέδωκεν
1570 1684 1766 1747 αὐτοὺς

180 1766 391 1878 Κύριος
428 1768 569 1822 κατά
605 1769 706 1831 τάς
728 1770 1028 1841 ἐπιθυμίας
1050 1772 1253 1827 αὐτῶν.
1287 1773 1353 1825 Οί
1374 1773 1433 1827 δὲ
1457 1776 1553 1828 καὶ
1579 1775 1643 1828 ὲκ
1665 1775 1763 1845 τῆς
1791 1820 1839 1878 Β

179 1858 432 1921 παιδείας
463 1860 703 1929 χείρονες
723 1860 994 1928 ἐγένοντο.
1034 1862 1128 1915 καὶ
1156 1863 1391 1932 Χριστὸν
1428 1867 1755 1937 ἠρνήσαντο,

180 1948 279 2001 καὶ
308 1947 478 2012 οὕτως
505 1950 568 2003 τὸ
599 1950 774 2020 πέρας
823 1952 918 2004 τοῦ
949 1950 1066 2022 βίου
1111 1954 1457 2024 ἐποιήσαντο.
1503 1958 1665 2012 Ἀλλά
1694 1977 1759 2027 γε

179 2040 329 2092 κατά
356 2039 455 2110 τὴν
487 2041 629 2112 ἐμὴν
658 2041 935 2107 ὑπόνοιαν,
986 2045 1081 2097 καὶ
1131 2046 1195 2098 ὲκ
1244 2045 1346 2115 τῆς
1384 2048 1760 2117 αίχμαλωσίας

178 2130 559 2201 λυτρούμενοι,
588 2132 656 2186 τὰ
685 2134 853 2205 χείρω
879 2135 1115 2204 ἤμελλον
1147 2138 1599 2207 διαπράττεσθαι.
1648 2144 1759 2197 Καὶ

177 2221 358 2275 ταῦτα
396 2222 495 2293 οὐχ
555 2223 847 2294 ὁρίζοντες,
878 2226 1015 2280 ἀλλὰ
1063 2228 1293 2299 γνώμην
1337 2229 1572 2297 δίδοντες
1600 2233 1758 2304 λέγο-

182 2329 309 2382 μεν.

264 2404 501 2475 Ὁμοίως
544 2406 603 2460 δὲ
647 2407 741 2460 καλ⁵
768 2408 861 2462 ἐπὶ
912 2410 1011 2480 τῆς
1055 2417 1435 2486 κατασφαγῆς,
1474 2417 1643 2489 πολλή
1678 2436 1760 2482 τις

176 2496 279 2568 καὶ
303 2496 634 2569 ἀσύγκριτος
665 2501 698 2570 ἡ
744 2499 976 2573 διαφορά
1027 2504 1369 2576 καθέστηκεν
1391 2524 1405 2538 '
1438 2508 1597 2563 ἀλλον
1650 2511 1760 2583 γὰρ

182 2591 377 2665 μισθὸν
415 2592 577 2663 ἔχειό
628 2592 695 2647 δι’
723 2594 953 2665 ἄρνησιν
992 2598 1233 2669 Χριστοῦ
1286 2602 1755 2675 ἀποκτενόμενος·

177 2688 243 2740 ὲν
269 2685 419 2757 αύτῷ
439 2686 549 2755 γὰρ
568 2680 637 2756 ἢν
662 2688 723 2740 τὺ
744 2688 1105 2759 ἀρνήσασθαι,
1121 2693 1326 2746 καὶτοῦ
1350 2694 1581 2749 θανάτου
1603 2699 1761 2751 ἐκεί-

177 2796 275 2831 νου
324 2777 713 2843 διασώζεσθαιο
761 2783 857 2832 καί⁵
898 2781 1055 2835 ἄλλον
1081 2783 1241 2838 πάλιν
1275 2786 1365 2839 τὸν
1417 2787 1761 2858 πολεμοῦντα

176 2870 296 2930 τοῖς
335 2866 569 2938 ἐχθροῖς,
618 2868 710 2921 ὑπ’
766 2869 950 2923 αὐτῶν
984 2872 1345 2943 ἀναιρεῖσθαι.
1383 2878 1590 2943 ’Λλλως
1617 2884 1760 2937 κατά

176 2959 282 3029 τὴν
301 2958 566 3031 διαφοράν
593 2959 702 3012 τῶν
752 2961 1057 3032 ἀρνήσεων,
1089 2966 1185 3018 καὶ
1220 2966 1247 3036 ή
1273 2967 1497 3034 κόλασις
1525 2971 1755 3037 γίνεται.

191 3050 531 3120 Ἦρνήσαντο
561 3051 739 3106 τοίνυν
779 3054 926 3118 τινες
979 3055 1072 3109 τὸν
1110 3058 1344 3126 Χριστὸν
1394 3061 1458 3113 ὲκ
1510 3060 1761 3131 βασάνων

176 3147 553 3216 αἰκιζόμενοι·
592 3149 768 3219 ἕτεροι
799 3150 865 3203 ὲκ
887 3150 1080 3221 πείνης
1124 3154 1217 3205 καὶ
1255 3152 1415 3224 δίψης
1449 3156 1542 3208 καὶ
1596 3172 1761 3209 κακο-
1789 3177 1829 3233 C

178 3237 435 3301 παθείας,
463 3241 561 3309 τῆς
587 3241 786 3310 σαρκὸς
811 3242 1153 3311 φεισάμενοι.
1180 3243 1364 3297 Ἀλλοι
1410 3246 1591 3312 πάλιν,
1617 3249 1649 3317 ἢ
1675 3249 1764 3303 διὰ

176 3330 397 3396 κάλλος,
431 3329 463 3401 ἢ
497 3330 586 3384 διὰ
617 3331 777 3398 δόξαν
816 3333 912 3387 τοῦ
960 3334 1227 3405 παρόντος
1268 3336 1383 3407 βίου
1435 3338 1765 3409 ἠρνήσαντο.

176 3422 341 3486 Τινὲς
360 3423 722 3495 ἠπατήθησαν
749 3426 829 3489 είς
865 3426 1143 3492 ἀσέϐειαν,
1174 3429 1362 3499 νήπιοι
1407 3431 1501 3485 καὶ
1548 3432 1764 3502 ἀνόητοι

177 3515 542 3584 τυγχάνοντες
590 3515 759 3569 καλοῦ
802 3515 897 3571 καὶ
948 3517 1146 3573 κακοῦ.
1180 3520 1397 3575 Τούτων
1431 3521 1672 3586 πάντων,
1715 3526 1764 3577 ot

182 3605 288 3675 μὲν
312 3606 589 3678 πρότεροι,
627 3608 1003 3683 ἐλαφροτέραν
1060 3613 1282 3676 πάντως
1330 3615 1439 3667 τῶν
1495 3616 1765 3687 δευτέρων

178 3698 281 3770 τὴν
311 3699 609 3767 μέλλουσαν
645 3702 867 3756 κόλασιν
900 3705 1262 3774 ὑπομένουσιν
1286 3721 1299 3734 ·
1347 3708 1397 3759 οί
1418 3707 1474 3761 δὲ
1498 3708 1762 3780 δεύτεροι,

179 3792 500 3863 ὀλιγοτέρας
521 3794 630 3845 τῶν
662 3794 864 3864 τρίτων
885 3795 985 3859 τὰς
1010 3797 1279 3867 μάστιγας
1316 3799 1653 3870 κομίζονται.
1690 3801 1765 3855 Τὸ

179 3884 240 3939 δὲ
263 3886 444 3956 τρίτον
477 3886 671 3957 κρῖμα,
703 3886 918 3941 πάντων
943 3889 1095 3943 ἐστὶν
1122 3889 1477 3962 ἀθλιώτερον.

256 4150 391 4221 Περὶ
416 4151 473 4205 δὲ
494 4151 602 4204 τῶν
625 4152 856 4222 νηπίων,
906 4152 972 4207 ἂν
1022 4154 1119 4223 μὲν
1149 4154 1256 4225 πρὸ
1296 4154 1530 4211 θανάτου
1573 4157 1764 4229 ἄνδρες

182 4242 453 4310 ἐγένοντο,
521 4244 615 4297 καὶ
654 4246 733 4308 είς
771 4245 1121 4316 συναίσθησιν
1164 4243 1349 4317 ἦλθον,
1404 4247 1500 4300 καὶ
1535 4247 1609 4319 μὴ
1666 4250 1765 4302 έπ-

182 4336 278 4389 έστ
289 4336 476 4405 ρεψαν.
505 4339 599 4389 καὶ
626 4338 863 4408 αὐτοὶτῇ
888 4338 1106 4393 κολάσει
1129 4340 1404 4395 ἐπέπεσαν
1422 4358 1435 4371 ⁸
1453 4342 1503 4395 οί
1525 4342 1581 4395 δὲ
1608 4342 1765 4395 ἀπει-

182 4445 273 4499 ροι
308 4430 688 4499 ἀρνησάμενοι,
724 4429 818 4483 καὶ
849 4431 954 4500 πρὸ
982 4433 1293 4502 φρονήσεως
1315 4434 1409 4487 τοῦ
1442 4434 1556 4505 βίου
1575 4434 1763 4487 λυθέν-

1861 854 2325 916 consolarentur;
2358 849 2473 914 alii,
2504 858 2565 902 ut
2594 848 2676 902 eis
2705 848 2991 902 remissius
3014 848 3159 903 foret
3188 848 3439 904 futurum

1862 942 2219 1013 supplicium,
2247 939 2471 1011 quidam
2496 946 2558 992 ut
2582 936 2745 1008 plene
2773 936 2909 992 illud
2934 938 3257 994 evaderent.

1930 1122 2050 1179 Jam
2086 1135 2217 1175 vero
2236 1126 2607 1175 consentanee
2657 1133 2849 1174 eorum
2874 1132 3073 1188 pinnat,
3128 1134 3193 1172 ac
3222 1134 3323 1188 pro
3352 1135 3439 1173 ra-

1864 1213 2015 1268 tione
2042 1213 2329 1281 culparum
2372 1211 2439 1267 iis
2469 1211 2913 1273 commissarum,
2978 1208 3121 1263 forte
3167 1225 3237 1263 an
3282 1209 3440 1278 pueri

1864 1319 2084 1374 quoque
2115 1302 2318 1371 captivi
2360 1301 2539 1357 abacti
2582 1310 2731 1367 sunt,
2761 1308 2823 1355 ut
2875 1315 2945 1354 ne
3004 1300 3108 1370 ipsi
3140 1300 3443 1355 deteriores

1866 1396 2082 1459 fierent,
2107 1411 2171 1449 ac
2222 1404 2480 1465 parentes
2513 1394 2731 1449 illorum
2766 1393 3126 1463 castigatione
3178 1392 3445 1446 sobrieta-

1867 1496 1976 1542 tem
2017 1486 2389 1541 addiscerent.
2433 1483 2598 1539 Forte
2629 1499 2765 1537 vero
2801 1484 2967 1538 etiam
2998 1482 3113 1544 alii,
3164 1481 3310 1551 quod
3342 1481 3444 1534 im-

1866 1579 2082 1649 piorum
2119 1591 2323 1642 mores,
2352 1574 2457 1645 ipsi
2492 1574 2548 1627 in
2577 1573 2785 1629 Christi
2822 1573 3022 1629 castris
3052 1581 3330 1627 merentes
3355 1572 3443 1625 di-

1866 1672 2116 1725 lexerant
2150 1684 2216 1723 ac
2265 1668 2576 1737 cupierant,
2620 1666 2826 1720 idcirco
2858 1666 3024 1719 etiam
3075 1665 3306 1719 tradidit
3348 1680 3445 1719 eos

1866 1763 2140 1819 Dominus
2168 1759 2473 1815 secundum
2495 1757 2772 1812 desideria
2795 1770 3012 1812 eorum.
3054 1756 3160 1810 Alii
3191 1771 3260 1810 ex
3278 1755 3447 1810 casti-

1867 1854 2084 1923 gatione
2112 1852 2329 1922 pejores
2366 1857 2685 1913 evaserunt,
2728 1862 2793 1902 ac
2821 1855 3019 1917 negato
3043 1846 3285 1911 Christo,
3315 1860 3446 1900 eum

1868 1944 1923 1997 in
1975 1943 2221 2006 modum,
2280 1941 2407 1996 vitae
2461 1941 2627 1995 finem
2692 1947 3048 2008 acceperunt.
3126 1939 3444 2002 Enimvero,

1866 2043 2131 2105 quantum
2161 2034 2296 2087 mihi
2320 2033 2535 2103 opinari
2560 2033 2712 2096 licet,
2737 2032 2817 2096 bi,
2854 2032 2939 2086 vel
2966 2032 3012 2086 si
3037 2046 3105 2085 ex
3127 2031 3448 2100 captivitate

1868 2126 2142 2196 redempti
2166 2135 2375 2191 essent,
2429 2127 2616 2196 pejora
2648 2132 2804 2179 erant
2833 2125 3125 2194 patraturi.
3183 2125 3261 2178 Ita
3310 2137 3446 2178 vero

1866 2220 2123 2284 dicimus,
2154 2234 2263 2273 non
2290 2226 2349 2271 ut
2379 2218 2678 2288 quidquam
2703 2217 3057 2281 deﬁniamus,
3087 2225 3309 2271 certove
3353 2229 3444 2269 as-

1866 2326 2135 2375 seramus,
2160 2310 2254 2364 sed
2274 2320 2337 2363 ut
2362 2310 2530 2364 animi
2559 2325 2783 2365 sensum
2811 2310 3147 2379 aperiamus.

1937 2403 2117 2458 Simili
2141 2417 2274 2457 vero
2301 2402 2521 2457 ratione
2554 2402 2721 2456 etiam
2766 2401 2821 2456 in
2870 2418 3006 2457 nece
3038 2401 3209 2465 illata,
3252 2401 3446 2471 ingens

1866 2494 2146 2564 quoddam
2200 2509 2265 2549 ac
2342 2492 2771 2563 incomparabile
2836 2492 3053 2547 exsistit
3120 2492 3443 2546 discrimen.

1865 2584 2041 2638 Aliam
2065 2584 2217 2637 enim
2245 2582 2563 2637 mercedem
2587 2581 2953 2651 consequi-tur
2985 2582 3081 2650 qui
3133 2580 3442 2651 negationis

1868 2686 2110 2733 tentatus
2142 2684 2377 2730 mortem
2414 2674 2627 2744 appetit
2666 2674 2859 2743 (penes
2894 2673 3043 2727 enim
3096 2672 3250 2726 illum
3300 2680 3442 2735 erat,

1868 2777 1981 2822 tum
2004 2773 2063 2819 ut
2086 2773 2332 2837 negaret,
2366 2773 2481 2818 tum
2516 2772 2577 2817 ut
2608 2779 2665 2817 se
2694 2779 2829 2817 nece
2850 2764 2940 2817 illa
2964 2762 3445 2829 eximeret),aliam

1868 2862 2092 2926 iterum,
2116 2874 2280 2928 quem
2307 2872 2487 2927 pugna
2528 2855 2919 2926 defungentem
2945 2853 3209 2909 adversus
3237 2854 3445 2918 hostes,

1867 2955 1935 3008 ab
1960 2953 2026 3007 iis
2051 2950 2350 3021 contigerit
2370 2947 2572 3004 occidi.
2600 2949 2898 3011 Praeterea,
2929 2962 3031 3016 pro
3084 2945 3446 3015 negationum

1868 3041 2207 3104 discrimine,
2256 3039 2537 3093 diversum
2569 3053 2789 3106 quoque
2818 3037 3150 3106 supplicium
3194 3036 3441 3091 exsistit.

1868 3135 2221 3203 Negaverunt
2262 3132 2446 3198 itaque
2484 3128 2657 3197 aliqui
2708 3128 2988 3183 Christum
3025 3142 3093 3182 ex
3136 3136 3443 3181 tormento-

1863 3240 1984 3279 rum
2038 3222 2288 3277 cruciatu
2346 3220 2588 3274 devicti:
2620 3219 2734 3278 alii.
2788 3219 2932 3275 fame
2968 3226 3025 3273 et
3066 3218 3158 3273 siti
3217 3218 3443 3288 aliaque

1864 3316 2115 3387 corporis
2164 3311 2544 3377 aillictatione,
2608 3312 2665 3365 in
2711 3326 2937 3366 carnem
2980 3310 3441 3380 indulgentiores,

1864 3407 2134 3464 deterriti.
2156 3406 2262 3461 Alii
2294 3405 2519 3469 iterum,
2551 3412 2645 3458 aut
2670 3411 2898 3473 propter
2943 3402 3442 3473 pulchritudinem,

1864 3510 1961 3557 aut
1995 3510 2222 3571 propter
2245 3498 2432 3555 saeculi
2473 3497 2638 3567 hujus
2670 3496 2921 3568 gloriam.
2970 3496 3203 3563 Quidam
3226 3495 3445 3566 decepti

1865 3605 1927 3649 ut
1948 3594 2213 3663 impietati
2235 3592 2658 3657 assentirentur,
2701 3605 2825 3645 cum
2858 3589 3071 3658 parvuli
3109 3597 3317 3652 essent,
3339 3602 3445 3642 nec

1864 3686 2232 3757 intelligentia
2266 3684 2538 3754 pollerent
2568 3683 2698 3738 boni
2765 3697 2830 3736 ac
2875 3681 3025 3735 mali.
3062 3680 3141 3734 Ex
3197 3680 3284 3734 his
3325 3694 3446 3733 om-

1864 3777 2032 3831 nibus
2087 3776 2307 3845 priores
2367 3776 2635 3829 leviorem
2689 3772 2920 3842 reliquis
2976 3772 3069 3841 qui
3137 3780 3446 3841 sequuntur

1862 3884 2083 3939 pmnam
2110 3869 2164 3922 in
2190 3867 2378 3922 futuro
2394 3867 2608 3921 dabunt
2642 3884 2655 3921 :
2691 3865 2920 3920 secundi
2946 3865 3238 3935 pauciores
3262 3864 3445 3919 tertiis

1863 3962 2051 4032 plagas
2084 3959 2465 4029 reportabunt.
2496 3959 2743 4015 Tertium
2765 3957 3003 4027 denique
3032 3956 3306 4027 judicium
3325 3970 3446 4011 om-

1864 4053 2018 4108 nium
2049 4052 2264 4107 exsistit
2300 4050 2855 4107 miserabilissimum.

1933 4156 2089 4224 Quod
2114 4166 2295 4211 autem
2343 4156 2411 4211 ad
2439 4155 2676 4210 infantes
2699 4163 2929 4226 spectat,
2968 4153 3029 4220 ii,
3061 4154 3106 4209 si
3130 4162 3257 4209 ante
3292 4168 3443 4208 mor-

1866 4258 1976 4306 tem
2013 4250 2068 4304 in
2099 4250 2250 4304 viros
2274 4248 2571 4313 evaserint,
2597 4261 2935 4317 sensumque
2956 4246 3141 4316 adepti
3172 4262 3282 4300 non
3322 4246 3444 4301 fuc-

1864 4343 1978 4397 rint
2012 4341 2287 4409 conversi,
2312 4341 2415 4411 ipsi
2440 4355 2661 4410 quoque
2711 4339 2987 4408 supplicio
3038 4338 3261 4392 obnoxii
3290 4347 3440 4392 sunt.

1865 4436 1961 4491 Sin
1993 4446 2196 4501 autem,
2234 4451 2359 4490 cum
2408 4436 2583 4507 ignari
2633 4442 2840 4499 essent,
2870 4440 3167 4503 negarunt,
3220 4445 3285 4485 ac
3315 4438 3443 4485 ante

178 4537 298 4583 τες.
358 4522 561 4574 τούτων
624 4521 685 4574 τὸ
728 4524 901 4592 κρῖμα
936 4522 1093 4593 μόνος
1142 4526 1171 4577 ό
1214 4525 1412 4596 κριτὴς
1451 4527 1757 4589 ἐπίσταται,

1864 4537 2078 4582 enatam
2103 4528 2449 4597 prudentiam
2475 4535 2861 4596 maturumque
2883 4525 3155 4596 judicium
3179 4524 3319 4577 vivis
3344 4538 3443 4578 ex-

178 4612 375 4685 ὦσπερ
404 4616 497 4665 καὶ
539 4613 643 4666 τῶν
694 4613 897 4666 λοιπῶν
951 4616 1146 4679 οἵτινες
1189 4618 1387 4680 πάντες
1439 4618 1761 4689 τιμωρηθή-

183 4720 391 4769 σονται,
428 4707 475 4758 εί
511 4705 585 4774 μὴ
619 4704 708 4757 διά
742 4706 1029 4775 μετανοίας
1068 4708 1452 4779 μεμελημένης
1485 4710 1579 4761 καὶ
1645 4709 1763 4761 ἑπι-

181 4798 352 4851 πόνου
378 4798 598 4868 Χριστῷ
657 4798 1186 4868 ὲξομολογήσωνται,
1229 4800 1464 4871 Χριστὸν
1518 4800 1611 4853 ἐπὶ
1655 4800 1763 4854 τῶν

180 4888 406 4957 ἀνόμων
430 4887 809 4956 κηρύττοντες,
836 4888 928 4939 καὶ
956 4887 1174 4951 δούλους
1197 4887 1362 4941 αὐτοῦ
1391 4889 1618 4952 ἑαυτοὺς
1643 4890 1762 4941 ὀνο-

188 4980 473 5051 μάζοντες.
513 4980 570 5032 '0
619 4979 726 5050 γὰρ
779 4978 1155 5051 ἀρνησάμενός
1207 4997 1273 5050 με
1319 4979 1625 5051 ἔμπροσθεν
1656 4979 1764 5034 τῶν

181 5070 514 5141 ἀνθρώπων.
562 5071 874 5141 ἔμπροσθεν
905 5070 1066 5125 πάλιν
1094 5070 1205 5123 τῶν
1248 5071 1552 5143 ἀνθρώπων
1586 5088 1762 5142 χρεω·

184 5165 308 5216 στεί
333 5162 430 5233 τὴν
451 5163 742 5232 ὁμολογίαν
768 5164 1121 5235 ποιήσασθαι.
1173 5162 1247 5216 Τὸ
1278 5164 1388 5234 γὰρ
1441 5166 1616 5234 κρῖμα
1667 5163 1763 5217 τοῦ

184 5254 327 5307 Θεοῦ
362 5255 593 5325 φοϐερὸν
637 5256 729 5307 καὶ
766 5256 1084 5321 ἀδέκαστον,
1113 5256 1208 5309 καὶ
1241 5256 1394 5328 παρά
1425 5258 1624 5308 πᾶσιν
1663 5254 1763 5325 μά-

182 5345 350 5399 λιστα
376 5344 434 5398 δὲ
454 5346 582 5417 παρ’
611 5347 767 5416 ἡμῖν,
806 5347 1193 5419 ἀκατάληπτον
1226 5347 1523 5417 ἐξαιρέτως
1568 5345 1629 5399 τὸ
1672 5346 1765 5400 ἐπὶ

182 5436 285 5491 τοῦ
313 5437 576 5506 παρόντος
594 5438 937 5509 τελούμενον.
969 5440 1063 5504 Τίς
1093 5440 1203 5512 γὰρ
1232 5440 1307 5511 μὴ
1332 5439 1761 5509 ὲκπλαγήσεται,

184 5527 332 5599 δρῶν
358 5527 496 5598 ιντῇ
528 5527 726 5601 ἀπειλῇ
750 5545 903 5593 τινας
921 5527 981 5594 ἐξ
1000 5530 1156 5600 ἡμῶν
1182 5532 1245 5584 ὲκ
1271 5529 1506 5600 πτωχῶν
1530 5528 1764 5599 πλουτή-

184 5631 428 5681 σανταςσ
463 5616 525 5681 ἐξ
550 5618 784 5691 ἀπορίας
832 5620 913 5682 είς
950 5619 1210 5691 εὐπορίαν
1242 5618 1592 5691 ἐληλυθότας.
1631 5618 1765 5672 Δοῦ-

186 5706 271 5759 λοι
321 5706 648 5777 ἐκυρίευσαν
681 5709 777 5763 καὶ
805 5707 1062 5765 δεσπόται
1086 5710 1589 5784 κατεδουλώθησαν.
1613 5710 1675 5763 0t
1706 5710 1764 5762 ὲν

189 5796 475 5862 πλατείαις
523 5800 617 5855 καὶ
666 5800 892 5872 ἀγοραῖς
928 5801 1363 5874 ἀναστραφέντες
1413 5804 1472 5859 ιν
1536 5802 1764 5874 δρήμοις

1866 4620 2161 4683 cesserint,
2190 4619 2387 4673 borum
2407 4619 2676 4689 judicium
2708 4619 2859 4674 solus
2887 4620 3061 4675 Judex
3095 4618 3269 4681 novit,
3305 4627 3365 4670 ut
3386 4626 3443 4669 et

1864 4711 2227 4780 reliquorum,
2256 4726 2393 4780 quos
2412 4726 2606 4765 omnes
2629 4718 2815 4765 manet
2838 4726 3022 4781 pmna,
3044 4709 3152 4768 nisi
3181 4708 3345 4773 seria,
3377 4721 3442 4762 ac

1863 4803 2071 4857 laboris
2102 4803 2262 4872 plena
2305 4802 2631 4873 pmnitentia
2687 4802 2970 4857 Christum
3031 4800 3267 4856 confessi
3310 4814 3440 4854 eum

1863 4893 2289 4965 praedicaverint
2316 4908 2503 4948 coram
2557 4894 2847 4964 improbis,
2879 4908 2943 4947 ac
2976 4891 3201 4947 seillius
3250 4905 3440 4946 servos

1864 4984 2093 5055 professi
2122 4983 2350 5039 fuerint.
2373 4983 2477 5050 Qui
2507 4985 2656 5039 enim
2682 4984 2963 5056 negaverit
2997 4999 3087 5039 me
3120 4999 3307 5039 coram
3337 4984 3439 5038 ho-

1864 5076 2129 5139 minibus,
2155 5090 2382 5129 necesse
2421 5075 2590 5131 habet
2624 5086 2685 5130 ut
2708 5084 2764 5131 et
2792 5075 2998 5130 iterum
3033 5089 3219 5130 coram
3240 5074 3437 5130 iisdem

1864 5167 2207 5224 confiteatur.
2242 5166 2614 5223 Tremendum
2647 5169 2793 5222 enim
2824 5167 3213 5237 Dei'judicium
3258 5181 3322 5220 ac
3354 5167 3439 5221 in-

1864 5269 2206 5330 corruptum,
2239 5275 2365 5315 cum
2398 5259 2451 5313 in
2482 5258 2756 5326 omnibus,
2791 5268 2909 5314 tum
2936 5258 3211 5331 praecipue
3256 5256 3312 5311 in
3332 5272 3437 5312 no-

1865 5352 1987 5418 bis;
2044 5351 2506 5422 singulariterque
2538 5351 2718 5421 majus
2755 5365 2920 5420 quam
2950 5357 3013 5404 ut
3040 5346 3434 5418 comprehendi

1863 5443 2056 5514 possit,
2103 5442 2249 5513 quod
2300 5441 2796 5512 imprzesentiarum
2843 5441 3043 5512 agitur.
3101 5438 3235 5506 Quis
3286 5438 3434 5492 enim

1863 5551 1973 5592 non
2002 5544 2228 5605 stupore
2249 5533 2540 5605 deligatur,
2566 5534 2659 5604 qui
2678 5533 2864 5587 videat
2888 5532 3153 5604 quosdam
3180 5541 3434 5586 nostrum

1862 5623 2123 5694 saeviente
2153 5622 2251 5677 Dei
2285 5622 2367 5677 ira
2393 5638 2459 5676 ex
2508 5621 2850 5692 pauperibus
2876 5621 3052 5677 factos
3103 5620 3322 5684 divites,
3367 5633 3436 5674 ex

1860 5711 2051 5783 egenis
2080 5710 2321 5765 evasisse
2346 5710 2688 5781 locupletes?
2720 5710 2877 5766 Servi
2900 5709 3166 5765 dominati
3188 5717 3338 5773 sunt,
3369 5723 3434 5762 ac

1865 5797 2091 5879 domini,
2119 5798 2177 5854 in
2207 5798 2530 5856 servitutem
2558 5797 2782 5857 redacti.
2830 5796 2934 5868 Qui
2985 5799 3041 5854 in
3070 5796 3307 5871 plateis,
3340 5796 3433 5852 fo-
