4032 6476
634 371 775 437 3239
2125 366 2436 427 meum
2862 313 2883 321 “
3732 366 3840 431 3240

638 498 810 553 reque
837 481 1222 545 versabantur,
1275 479 1332 534 in
1356 477 1593 533 desertis
1638 477 1796 532 sedes
1858 477 2003 531 nacti
2048 486 2216 540 sunt;

2251 487 2291 536 Α
2323 472 2657 543 κατέλαχον⁶
2691 472 2787 524 καὶ
2815 473 2864 524 οἰ
2884 470 3078 542 πρώην
3128 468 3230 533 τὰς
3260 469 3495 539 ὶρήμους
3510 465 3772 539 οἰκοῦντες,
3797 478 3841 531 ὲν

639 586 704 625 ac
736 570 829 641 qui
862 584 1042 639 nuper
1066 568 1281 622 deserta
1308 566 1643 629 incolebant,
1707 564 1761 618 in
1787 564 1955 619 urbes
1981 563 2215 618 commi-

2329 568 2453 628 ταῖς
2508 564 2730 618 πόλεσιν
2782 565 3048 634 ἔφθασαν.
3083 563 3241 615 Ὅσοι
3285 562 3427 623 τινὲς
3455 562 3610 628 ἁγνὸν
3633 562 3730 629 βίον
3757 567 3844 620 δια.

639 664 956 728 graverunt.
984 654 1170 710 Sancti
1214 653 1464 725 quidam,
1522 653 1616 722 qui
1681 660 1830 707 caste
1865 651 2033 705 vitam
2088 666 2217 719 ege-

2324 657 2652 726 πράξαντες,
2668 658 2748 719 εἰς
2764 656 2947 727 ὠμοὺς
2965 655 3232 717 δεσπότας
3250 654 3592 725 περιέπεσον,
3611 658 3844 729 καὶάμαρ-

639 755 785 813 rant,
832 744 894 801 in
923 744 1177 801 crudeles
1230 744 1395 800 heros
1447 742 1800 809 inciderunt;
1857 741 2218 810 nonnullique

2169 756 2218 796 Ie
2321 747 2483 803 τωλοί
2511 765 2657 813 τινες
2701 748 2798 803 καὶ
2818 748 3139 818 ἀκάθαρτοι,
3177 749 3234 800 ὲν
3256 745 3443 800 ἀνέσει
3472 746 3761 817 κατέλαχον.

637 849 955 909 peccatores
989 854 1054 893 ac
1110 836 1334 892 obsceni
1386 834 1769 890 remissionem
1814 835 2047 905 vitatque
2081 832 2217 887 deli-

639 932 754 987 cias
784 932 1169 987 obtinuerunt.

710 1024 1053 1079 Erubescant
1087 1022 1395 1079 Samaritae.
1420 1023 1499 1077 En
1521 1022 1792 1095 judicium
1828 1037 1952 1077 cum
1979 1020 2216 1076 necdum

2395 1001 2849 1074 Αἰσχυνέσθωσαν
2880 1001 3238 1073 Σαμαρειτῶν
3272 1001 3479 1064 παῖδες.
3521 1001 3643 1054 Ἰδοὺ
3670 1004 3842 1076 πρὸτῆς

633 1115 903 1186 judicium
938 1116 1029 1170 sit.
1052 1116 1131 1169 En
1156 1122 1283 1169 ante
1313 1114 1777 1169 resurrectionem
1830 1115 1982 1168 illius
2015 1115 2218 1185 proba-

2324 1097 2560 1166 κρίσεως
2585 1113 2786 1167 κρισις.
2825 1094 2956 1148 Ἰδοὺ
2992 1094 3100 1166 πρὸ
3129 1094 3231 1165 τῆς
3257 1094 3606 1157 ἀναστάσεως
3630 1098 3662 1165 ή
3687 1097 3843 1169 ταύτης

639 1206 739 1261 ῑίο.
768 1207 963 1275 Quaeso
992 1216 1067 1270 te,
1088 1205 1451 1275 quamobrem
1475 1206 1688 1275 negasti
1714 1207 2220 1263 resurrectionem?

2326 1190 2619 1257 ἀπόδειξις.
2639 1188 2775 1242 Εἰπέ
2796 1206 2887 1259 μοι
2916 1188 3004 1253 σὺ,
3032 1187 3123 1241 διὰ
3138 1186 3190 1240 τι
3213 1188 3313 1258 τὴν
3328 1187 3622 1241 ἀνάστασιν
3644 1190 3841 1259 ἠρνήσω·

638 1296 819 1364 Quare
848 1299 927 1352 illi
956 1298 1122 1352 fidem
1155 1297 1435 1352 detrahis?
1480 1298 1741 1366 Nunquid
1774 1313 1885 1353 non
1918 1299 2104 1368 justus
2131 1300 2221 1370 ju-

2324 1280 2415 1335 διά
2463 1281 2516 1335 τί
2544 1280 2715 1352 ταύτῃ
2759 1280 3030 1343 ἀπιστεῖς.
3079 1279 3195 1333 Οὐκ
3257 1278 3409 1331 ἐστιν
3457 1278 3845 1350 δικαιοκρὴήςὸ

639 1386 744 1441 dex
766 1385 1065 1441 Christus?
1089 1385 1187 1439 Est
1212 1385 1399 1454 plane.
1439 1384 1581 1438 Num
1614 1386 1885 1456 injustitia
1901 1386 2044 1456 apud
2068 1402 2217 1450 eum,

2325 1373 2558 1443 Χριστός
2584 1389 2599 1438 ;
2627 1373 2758 1437 Ναὶ,
2785 1372 2940 1443 φησι.
2974 1372 3067 1442 Μὴ
3100 1370 3302 1436 ἀδικία,
3332 1372 3427 1424 καὶ
3479 1371 3846 1442 προσωποληψξα

639 1493 703 1532 ac
734 1492 1097 1546 personarum
1128 1476 1418 1546 acceptio?
1467 1476 1924 1547 Haudquaquam.
1958 1478 2219 1544 Quaenam

2326 1461 2455 1532 παρ’
2474 1462 2625 1532 αὐτῷ
2644 1479 2658 1527 ;
2687 1462 2975 1534 Οὐδαμῶς,
2992 1463 3145 1533 φησί.
3167 1463 3275 1515 Καὶ
3292 1463 3425 1516 ποία
3448 1461 3626 1515 λοιπὸν
3645 1465 3747 1516 εἰπέ
3764 1483 3844 1533 μοι,

640 1580 791 1630 vero,
832 1580 965 1634 rogo
995 1572 1070 1627 te,
1091 1562 1291 1635 judicii
1321 1564 1572 1633 aequitas,
1599 1573 1661 1619 ut
1692 1565 1906 1634 ego-qui
1945 1572 2114 1619 totam
2139 1566 2222 1621 vi-

2326 1556 2714 1628 δικαιοκρισία,
2743 1558 2828 1611 ἵνα
2860 1556 2973 1626 ἐγὼ
3002 1557 3181 1612 πάντα
3213 1558 3305 1611 τὸν
3335 1557 3527 1627 χρόνον
3548 1575 3643 1627 μου
3667 1558 3846 1622 δίκαιον,

640 1661 752 1706 tam
781 1652 1017 1722 justitia,
1050 1650 1169 1706 sine
1204 1651 1460 1716 crimine,
1514 1650 1788 1707 munditia
1811 1655 2053 1722 egerim;
2106 1668 2220 1707 non

2328 1648 2423 1702 καὶ
2465 1649 2772 1719 ἄμεμπτον,
2823 1650 2916 1702 καὶ
2961 1649 3203 1717 καθαρὸν
3247 1649 3452 1715 δείξαςο
3503 1649 3577 1719 μὴ
3616 1651 3847 1717 φονεύσας,

639 1738 961 1805 οοοίἀετίιιι,
991 1754 1103 1793 non
1133 1738 1235 1794 sim
1279 1736 1520 1801 furatus,
1563 1754 1675 1794 non
1699 1740 2087 1810 pejeraverim,
2119 1740 2217 1797 sed

2330 1741 2405 1812 μὴ
2429 1740 2654 1810 κλέψας,
2682 1741 2759 1813 μὴ
2791 1743 3151 1813 ἐπιορκήσας,
3194 1739 3333 1794 ἀλλὰ
3360 1740 3461 1802 τάς
3490 1739 3694 1802 emota;
3722 1742 3849 1794 αὐτοῦ

638 1834 761 1905 ejus
786 1831 1125 1889 servaverim
1147 1830 1426 1896 mandata,
1458 1830 1516 1885 in
1541 1830 1903 1887 necessitates
1954 1832 2221 1899 incidam,

2258 1836 2296 1892 Β
2327 1836 2589 1905 φυλάξας,
2625 1838 2685 1891 ὲν
2730 1837 3000 1905 ἀνάγκαις
3032 1837 3336 1907 περιπέσω,
3374 1835 3473 1890 καὶ
3504 1837 3561 1888 ὲν
3596 1835 3850 1900 ταύταιςώ

640 1921 809 1992 inque
838 1920 949 1975 illis
975 1918 1198 1974 vivendi
1237 1917 1436 1973 faciam
1480 1916 1679 1983 finem;
1739 1918 1954 1989 virique
2004 1920 2217 1991 sanguis

2325 1928 2503 1998 πέρας
2517 1927 2613 1982 τοῦ
2639 1927 2754 1999 βίου
2780 1929 2993 1997 ποιήσω
3012 1944 3027 1959 ’
3059 1928 3157 1982 καὶ
3184 1928 3379 1999 ἄνδρες
3407 1927 3670 1996 αἱμάτων,
3684 1927 3847 1996 πόρνοι,

639 2026 797 2076 num,
828 2011 1219 2077 fornicatores,
1247 2008 1508 2074 adulteri,
1536 2009 1715 2080 impii,
1769 2011 1941 2065 Deum
1968 2012 2225 2067 nescien-

2328 2020 2533 2091 μοιχοὶ,
2566 2020 2805 2086 ἀσεϐεῖς,
2832 2019 3004 2083 ἄθεοι,
3055 2020 3090 2091 ἢ
3137 2020 3276 2090 τάχα
3310 2020 3408 2074 καὶ
3428 2018 3776 2090 εἰδωλολάτραι
3807 2022 3847 2073 ἐν

643 2114 749 2169 tes,
789 2112 885 2158 aut
908 2103 1057 2159 forte
1097 2104 1266 2159 etiam
1311 2104 1583 2159 idolorum
1636 2104 1901 2170 cultores,
1966 2106 2021 2160 in
2073 2106 2225 2160 omni

2327 2113 2509 2166 ἀνέσει
2540 2115 2712 2187 πάσῃ,
2744 2112 3013 2184 μηδεμίαν
3039 2111 3217 2181 Θλίψιν
3246 2110 3485 2166 ἐνταῦθα
3516 2112 3844 2180 ὑπομένοντες

640 2191 906 2247 felicitate
934 2198 1183 2262 agentes,
1217 2207 1289 2246 ne
1319 2190 1606 2245 minimam
1647 2206 1765 2246 aevo
1816 2192 1923 2247 hoc
1973 2192 2227 2249 atllictio-

2328 2205 2499 2258 Τοῦτο
2532 2205 2770 2274 δίκαιονξς
2826 2203 3099 2275 οὐδαμῶς.
3137 2200 3310 2257 Τοῦτο
3369 2203 3844 2274 ἀπροσωπόληπτονς

639 2298 769 2337 nem
786 2282 1138 2338 sustineant?
1159 2281 1347 2337 Hocne
1364 2283 1615 2353 justum?
1641 2283 2020 2353 Nequaquam.
2038 2284 2228 2342 Hocne

2327 2295 2437 2349 οὐδ’
2470 2296 2629 2359 ὅλως,
2658 2296 2753 2350 ὲάν
2784 2296 2862 2368 μὴ
2894 2294 3009 2350 ἐστι
3043 2296 3235 2368 καιρός
3263 2313 3349 2359 τις
3397 2295 3493 2350 καὶ
3534 2294 3661 2349 αἰὼν
3687 2296 3845 2366 ἕτερος,

641 2387 672 2426 a
710 2387 1070 2442 personarum
1124 2372 1446 2441 acceptione
1484 2373 1678 2428 vacat?
1714 2373 1934 2429 Minime
1962 2375 2226 2445 gentium,

2329 2386 2387 2440 ὲν
2418 2379 2464 2455 ᾧ
2494 2386 2834 2457 ἀπολήψεται
2873 2386 3108 2450 ἕκαστος
3158 2386 3302 2440 κατά
3327 2386 3435 2457 τὴν
3482 2384 3670 2458 πρᾶξιν
3702 2384 3843 2439 αὐτοῦ.

644 2467 752 2521 nisi
777 2477 863 2522 est
894 2476 1111 2537 tempus
1136 2466 1440 2537 quoddam,
1477 2482 1544 2521 ac
1568 2467 1830 2521 saeculum
1849 2466 2022 2528 aliud,
2044 2468 2100 2521 in
2118 2482 2230 2538 quo

2330 2479 2429 2533 Διά
2445 2478 2606 2533 τοῦτο
2636 2480 2909 2550 ἀναγκαία
2929 2481 2964 2550 ή
2993 2479 3309 2542 ἀνάστασις,
3344 2479 3436 2533 ἵνα
3467 2478 3543 2551 μή
3569 2482 3597 2533 ὁ
3622 2478 3736 2543 Θεὸς
3760 2478 3848 2533 ἀδι-

648 2560 884 2631 recipiet
904 2558 1285 2630 unusquisque.
1318 2574 1419 2630 pro
1436 2573 1504 2613 eo
1534 2574 1598 2614 ac
1627 2559 1818 2629 gessit.
1856 2559 2230 2626 Quamobrem

1895 2560 2230 2624 ἓυαῐῐιοιπθῐη
2331 2590 2426 2637 κος
2447 2575 2641 2646 κριτὴς
2655 2575 2810 2647 παρά
2831 2592 2994 2629 τινων
3017 2574 3487 2647 ὕπονοηθήσηται.

642 2649 955 2705 necessaria
991 2648 1350 2716 resurrectio,
1382 2663 1452 2703 ne
1472 2648 1618 2705 Deus
1642 2648 1871 2720 iniquus
1891 2649 2063 2722 judex
2083 2649 2228 2721 apud

641 2738 859 2808 aliquos
896 2736 1268 2793 existimetur.

712 2852 983 2922 Equidem
1002 2851 1283 2907 hominem
1305 2867 1396 2908 me
1420 2851 1598 2908 fateor
1626 2860 2001 2923 peccatorem,
2027 2851 2231 2907 animal

2417 2834 2561 2904 Ἐγὼ
2585 2836 2685 2907 μὲν
2698 2832 2815 2904 οὖν,
2834 2836 2933 2892 ἀνθ
2939 2854 3123 2910 ρωπος
3137 2833 3277 2892 εἶναι
3297 2839 3549 2910 ὁμολογῶ
3565 2840 3845 2912 ἁμαρτωλὸς,

642 2942 934 3007 mutabile,
967 2959 1032 2999 ac
1061 2944 1221 2999 lluxaa
1250 2952 1469 2999 natura:
1493 2960 1509 3010 ;
1562 2944 1843 3014 credoque
1866 2943 2234 3000 resurrectio-

2335 2926 2475 2992 ζῶον
2517 2929 2775 3001 τρεπτδν,
2815 2931 2914 2985 καὶ
2948 2933 3186 3004 ῥευστῆς
3233 2931 3476 3001 φύσεως,
3526 2934 3614 2986 καὶ
3662 2934 3848 2988 πιστεύω

640 3047 791 3099 nem,
830 3048 895 3087 ac
920 3032 1274 3090 Conditorem
1305 3032 1500 3088 adoro.
1559 3032 1678 3089 Jam
1708 3048 1842 3089 vero
1881 3032 2144 3103 deinceps
2161 3032 2232 3088 ad

2330 3022 2400 3090 τῇ
2455 3020 2771 3087 ἀναστάσει,
2823 3022 2920 3077 καὶ
2949 3023 3238 3095 προσκυνῶ
3272 3024 3365 3077 τὸν
3413 3027 3718 3097 Ποιήσαντα.
3745 3028 3846 3097 Ἤδη

641 3122 957 3191 sepulcrum
976 3122 1137 3188 vado,
1184 3124 1416 3192 scioque
1445 3119 1563 3177 fore
1595 3130 1656 3178 ut
1702 3137 1816 3178 non
1846 3138 2139 3195 exsurgam
2164 3138 2233 3180 ex

2258 3177 2304 3195 Α
2334 3112 2391 3168 δὲ
2430 3114 2618 3169 λοιπὸν
2667 3117 2805 3188 πρὸς
2836 3115 2899 3169 τὸ
2929 3116 3122 3187 μνῆμα
3165 3117 3531 3189 πορεύσομαι,
3572 3121 3657 3173 καὶ
3687 3120 3844 3189 ταύτης

641 3177 766 3266 meo
788 3212 992 3268 lectulo
1025 3230 1039 3266 :
1080 3177 1366 3269 tristitiam
1400 3222 1592 3270 autem
1623 3228 1688 3268 ac
1714 3214 1957 3268 laborem
1987 3177 2233 3285 captivo-

2255 3177 2305 3242 ϐ
2337 3223 2442 3277 μου
2471 3206 2570 3277 τῆς
2603 3177 2798 3280 κλίνης
2846 3177 2964 3261 οῖδα
2997 3177 3081 3262 ὅτι
3110 3208 3210 3262 οὐκ
3241 3177 3628 3283 ’ἐγεράήσομαι
3647 3229 3659 3241 ·
3679 3214 3760 3284 τὴν

642 3318 767 3357 rum
793 3343 809 3365 ,
839 3304 1227 3369 ecclesiarum,
1258 3303 1631 3368 sacerdotum,
1666 3304 1883 3360 itineris
1902 3304 2113 3360 socium
2132 3306 2234 3360 ha-

2336 3314 2446 3367 πην
2474 3296 2533 3350 δὲ
2560 3298 2655 3351 καὶ
2693 3297 2785 3351 τὸν
2823 3298 2985 3351 πόνον
3010 3298 3119 3352 τῶν
3167 3300 3557 3372 αἰχμαλώτων,
3584 3302 3681 3355 τῶν
3702 3303 3848 3370 sxxii;-

640 3394 769 3448 beo.
794 3393 913 3449 Heu
934 3393 1134 3449 fineml
1172 3409 1282 3463 quo
1312 3403 1457 3449 statu
1505 3395 1676 3450 miser
1690 3409 1793 3467 ego
1821 3411 1911 3452 res
1948 3396 2230 3466 relinquo!

2337 3388 2492 3454 σιῶν,
2526 3390 2635 3444 τῶν
2688 3390 2899 3462 ἱερέων,
2950 3391 3338 3463 συνοδοιπόρον
3377 3395 3665 3466 κέκτημαι,
3688 3396 3744 3447 Ὢ
3778 3395 3845 3448 τοῦ

641 3482 848 3539 Vadam
876 3484 948 3539 ad
984 3483 1277 3538 Dominum
1306 3483 1553 3539 :idcirco
1587 3500 1699 3539 non
1730 3486 1891 3540 renui
1917 3485 2100 3541 facere
2131 3501 2233 3542 ve-

2333 3478 2542 3544 τέλους,
2597 3480 2656 3533 ἐν
2704 3480 2880 3545 ποίοις
2926 3481 3328 3553 καταλιμπάνω
3356 3484 3431 3538 τά
3478 3486 3749 3557 πράγματα
3770 3484 3847 3552 ἐγὼ

641 3584 810 3632 stram
833 3576 1159 3646 iussionem.
1188 3575 1328 3642 Quia
1370 3584 1554 3631 tamen
1584 3585 1975 3633 testamentum
1999 3578 2054 3632 in
2083 3593 2233 3633 mor-

2335 3569 2542 3635 ἇθλιος.
2571 3571 2716 3641 Πρὸς
2746 3572 2837 3626 τὸν
2862 3574 3144 3645 Δεσπότην
3171 3575 3539 3648 πορεύσομαι.
3568 3578 3650 3630 Διὸ
3683 3578 3759 3631 καὶ
3778 3578 3847 3647 τήν

645 3668 755 3723 tuis
775 3676 954 3722 ratum
976 3675 1098 3734 est;
1133 3674 1429 3739 argentum
1471 3676 1532 3723 et
1576 3684 1773 3723 aurum
1795 3686 1908 3724 non
1935 3681 2022 3727 est
2050 3670 2188 3726 mihi
2214 3687 2230 3739 ;

2336 3665 2608 3737 ὑμετέραν
2628 3665 2874 3721 κέλευσιν
2909 3668 3131 3739 ποιῆσαι
3163 3669 3264 3722 οὐκ
3285 3669 3533 3743 ὤκνησα.
3564 3673 3729 3744 Ὅμως
3747 3674 3848 3725 ἐπεί-

644 3760 743 3816 sed
778 3761 925 3831 quod
950 3761 1265 3817 immeritus
1284 3777 1384 3833 ego
1409 3764 1601 3833 accepi
1632 3778 1662 3818 ιι
1692 3763 1946 3829 Domino,
1998 3764 2104 3820 hoc
2136 3781 2234 3819 vo-

2336 3774 2442 3828 περ
2463 3757 2695 3830 διαθήκη
2726 3759 2819 3812 ἐπὶ
2850 3762 3064 3831 νεκροῖς
3094 3759 3291 3830 βεϐαία
3310 3778 3324 3792 ·
3355 3763 3636 3837 ἀργύριον,
3664 3765 3848 3835 καὶχρν·

641 3853 729 3908 bis
754 3853 1075 3920 relicturus,
1124 3853 1193 3908 ad
1217 3870 1413 3910 omnes
1437 3871 1538 3910 vos
1556 3856 1749 3925 paucis
1778 3872 1925 3911 nunc
1942 3857 2230 3912 disseram.

2340 3854 2452 3906 σίον
2485 3854 2584 3924 οὐχ
2618 3850 2855 3926 ὑπάρχει
2880 3870 2972 3924 μοι
2991 3869 3006 3883 ·
3039 3852 3154 3908 ἀλλ’
3178 3853 3207 3907 ὃ
3238 3857 3392 3928 παρά
3424 3859 3622 3930 Κυρίου
3649 3857 3848 3920 ὀάνὰξιος

644 3946 944 4002 Enimvero
976 3947 1084 4003 hoc
1144 3962 1303 4017 rogo,
1358 3963 1430 4002 ne
1483 3948 1747 4003 humilem
1779 3948 2130 4014 aversemini,
2171 3963 2236 4004 ac

2336 3945 2553 4015 εἴληφα,
2588 3945 2749 3999 τοῦτο
2773 3946 2902 4015 ὑμῖν
2932 3945 3356 4018 καταλείψομαι,
3383 3950 3481 4002 καὶ
3519 3950 3645 4020 πρὸς
3663 3948 3849 4008 ἅπαντας

645 4046 1041 4114 confundatis;
1092 4046 1188 4102 sed
1248 4047 1437 4117 potius
1494 4047 1734 4103 libentes
1781 4048 2053 4104 habeatis.
2120 4049 2235 4104 Nec

2337 4038 2481 4107 ὑμᾶς
2501 4038 2621 4090 νυνὶ
2646 4037 2818 4109 μικρά
2850 4037 3166 4108 διαλέξομαι
3201 4039 3337 4094 ἀλλά
3362 4041 3525 4094 τοῦτο
3552 4039 3770 4102 δυσωπῶ,
3794 4038 3846 4107 μὴ

642 4136 792 4192 enim
830 4137 997 4193 ullam
1052 4137 1288 4207 amplius
1346 4135 1506 4191 vobis
1560 4137 1870 4193 molestiam
1944 4138 2230 4193 facessam.

2335 4129 2840 4200 άποστραφήσῳμαι
2859 4130 2987 4201 παρ’
3010 4129 3164 4200 ὑμῶν
3174 4134 3649 4203 τεταπεινωμένος,
3670 4133 3848 4186 καὶκατ-

642 4217 770 4280 Hzec
793 4225 939 4279 enim
971 4240 1230 4295 suprema
1252 4224 1321 4279 ad
1354 4240 1453 4279 vos
1491 4240 1613 4278 mea
1639 4225 1954 4280 adhortatio
1980 4233 2064 4280 est
2088 4242 2101 4278 :
2127 4226 2234 4281 hoc

2333 4219 2684 4293 ῃσχυμμένος
2711 4258 2725 4283 ,
2768 4219 2903 4273 ἀλλά
2939 4219 3138 4288 μᾶλλον
3172 4222 3562 4292 προσδεχθείην
3582 4239 3595 4251 ·
3628 4221 3730 4274 οὐδὲ
3773 4223 3848 4286 γὰρ

644 4312 1036 4370 testamentum
1060 4314 1129 4369 ad
1171 4314 1372 4368 fratres
1399 4329 1572 4368 meos.
1607 4313 1707 4369 llic
1730 4314 1856 4368 linis
1885 4330 2020 4369 meae
2042 4314 2234 4386 dispu-

2334 4312 2528 4382 ὲτέραν
2557 4311 2685 4380 ὑμῖν
2709 4310 2803 4363 τοῦ
2835 4309 3025 4362 λοιποῦ
3050 4310 3272 4381 ὄχλησιν
3290 4314 3607 4382 ποιήσομαι,
3632 4311 3756 4379 Αὕτη
3773 4309 3846 4377 γάρ

644 4407 890 4474 tationis,
928 4422 992 4461 ac
1022 4406 1362 4476 principium
1401 4420 1538 4459 mem
1565 4406 1635 4461 ad
1672 4421 1773 4462 vos
1791 4407 2227 4463 contestationis.

2334 4405 2487 4459 ἐστιν
2521 4406 2724 4476 ἐσχάτη
2769 4423 2870 4476 μου
2904 4405 3040 4478 πρὸς
3083 4405 3229 4475 ὑμᾶς
3284 4405 3623 4477 παράκλησις
3646 4418 3659 4433 °
3684 4403 3794 4470 αὕτη
3824 4404 3845 4469 ἠ

644 4496 871 4563 Verum,
895 4514 1082 4568 quaeso
1098 4538 1114 4563 ,
1145 4513 1277 4569 rogo
1301 4514 1371 4554 ne
1409 4508 1666 4569 tanquam
1688 4514 1720 4553 e
1750 4500 2027 4569 magistro,
2052 4500 2148 4555 sed
2171 4508 2232 4555 ut

2256 4532 2311 4592 Β
2337 4497 2472 4568 πρὸς
2506 4499 2633 4561 τοὺς
2668 4497 2933 4567 ἀδελφούς
2992 4514 3095 4568 μου
3134 4496 3392 4567 διαθήκη.
3448 4497 3614 4550 Τοῦτο
3654 4495 3707 4548 τὸ
3741 4493 3848 4553 τέλος

644 4605 709 4644 ex
738 4590 907 4645 fratre
929 4589 1213 4659 accipiatis
1241 4607 1255 4643 :
1300 4607 1411 4646 non
1445 4600 1703 4659 tanquam
1730 4591 1911 4661 justus
1952 4592 2230 4661 loquatur,

2256 4586 2298 4592 _
2339 4588 2437 4658 τῆς
2456 4588 2595 4657 ἐμῆς
2632 4586 2941 4651 διαλέξεως,
2976 4588 3070 4640 καὶ
3102 4587 3244 4658 ἀρχὴ
3281 4588 3379 4658 τῆς
3409 4588 3545 4659 πρὸς
3568 4588 3696 4656 ὑμᾶς
3718 4600 3846 4653 παρα-

645 4681 743 4737 sed
768 4682 922 4736 velut
955 4690 1241 4750 peccator,
1265 4683 1361 4752 qui
1397 4682 1452 4737 in
1493 4676 1904 4751 iniquitatibus,
1938 4682 2237 4751 impietati-

2338 4677 2605 4749 κλήσεως.
2631 4677 2772 4730 Ἀλλ’
2804 4675 3079 4747 αἰτοῦμαι,
3107 4677 3204 4730 καὶ
3230 4677 3447 4745 δέομαι,
3493 4678 3567 4748 μὴ
3594 4678 3661 4739 ὡς
3704 4677 3755 4726 ἐκ
3792 4671 3846 4722 δι-

647 4773 1148 4843 bus,negligentiis
1170 4775 1429 4839 vixerim,
1489 4776 1678 4829 tristes
1719 4790 1854 4829 meae
1908 4774 2036 4828 vitae
2087 4774 2232 4830 dies.

2336 4771 2628 4835 δασκάλου,
2674 4771 2789 4824 ἀλλ’
2835 4771 2911 4834 ὼς
2956 4770 3015 4834 ἐξ
3057 4770 3283 4838 ἀδελφοῦ
3317 4771 3607 4836 δέξασθαι·
3642 4775 3705 4839 μή
3730 4767 3846 4828 ὼςὲκ

646 4860 887 4923 Etenim,
923 4876 1032 4914 non
1061 4861 1127 4915 ad
1152 4878 1344 4932 opera,
1374 4862 1468 4917 sed
1495 4862 1561 4917 ad
1584 4878 1920 4927 sermonem,
1954 4862 2238 4932 verbaque

2336 4864 2573 4929 δικαίου,
2599 4862 2715 4918 ἀλλ’
2747 4863 2823 4927 ὡς
2850 4863 2907 4927 ἐξ
2940 4862 3292 4932 ἀμαρτωλοῦ,
3326 4866 3421 4915 καὶ
3452 4866 3508 4916 ὲν
3535 4856 3845 4931 ἀνομίαι;,κεὶ

647 4960 931 5030 respicite.
955 4962 1158 5017 Audite
1182 4963 1500 5030 Dominum,
1558 4979 1622 5018 ac
1653 4964 1974 5032 loquentem
2010 4978 2231 5018 revere-

2338 4957 2636 5022 ἀσεὸείαις,
2675 4957 2771 5011 καὶ
2803 4956 3136 5027 ἁμερίμναις
3188 4956 3477 5027 ζήσαντος,
3504 4956 3597 5017 τάς
3642 4950 3845 5020 ὁζυνηρὰς

652 5062 812 5126 mini,
845 5062 975 5116 dum
1010 5064 1087 5117 ait
1140 5083 1154 5117 :
1208 5067 1400 5119 Omnia
1432 5080 1759 5135 qua’cunque
1804 5064 2034 5119 dixerint
2091 5064 2232 5119 vobis

2338 5050 2553 5121 ἡμέρας
2571 5050 2667 5103 τοῦ
2704 5050 2819 5118 βίου
2856 5064 2980 5119 μου.
3020 5048 3186 5101 Ἀλλά
3217 5050 3290 5119 μὴ
3323 5048 3458 5117 πρὸς
3491 5047 3556 5099 τὰ
3586 5045 3721 5114 ἔργα,
3750 5040 3846 5093 ἀλλὰ

648 5148 847 5205 Scriba:
899 5162 949 5207 et
999 5154 1258 5209 Phariswi
1308 5166 1366 5209 ut
1412 5156 1645 5226 faciatis,
1697 5154 1856 5223 facite
1887 5169 1906 5208 :
1942 5155 2230 5210 secundum

2338 5142 2475 5213 πρὸς
2499 5142 2625 5205 τοὺς
2653 5142 2843 5210 λόγους
2873 5140 3182 5211 ἐμϐλέψατε
3213 5156 3225 5169 ·
3260 5140 3527 5192 ἀκούσατε
3559 5138 3645 5190 τοῦ
3675 5138 3843 5203 Κυρίου,

647 5254 809 5308 apem
833 5256 954 5294 vero
996 5258 1176 5297 eorum
1213 5243 1376 5297 nolite
1415 5243 1590 5310 facere
1614 5242 1683 5296 ”.

2338 5235 2430 5289 καὶ
2455 5234 2836 5305 δυσωπήθητε,
2868 5234 3142 5303 λέγοντος·
3170 5235 3374 5289 Πάντα
3406 5233 3523 5288 ὅσα
3548 5232 3622 5287 ἂν
3646 5230 3846 5298 λέγωσιν

2337 5324 2479 5394 ὑμῖν
2508 5328 2562 5379 οἱ
2587 5326 2977 5396 Γραμματεῖς,
3006 5327 3104 5401 καὶ
3134 5330 3189 5382 oi
3215 5327 3517 5395 Φαρισαῖοι
3545 5323 3736 5389 ποιεῖν,
3756 5335 3846 5373 ποις

2336 5414 2474 5470 εἴτε
2511 5419 2662 5471 κατὰ
2693 5414 2762 5469 δὲ
2790 5421 2863 5470 τὰ
2884 5417 3027 5485 ἔργα
3055 5415 3255 5475 αὐτῶν
3277 5416 3364 5493 μὴ
3393 5416 3625 5470 ποιεῖτε.

722 5500 862 5556 Ecce
895 5518 1041 5557 nunc
1066 5513 1195 5559 ante
1222 5520 1322 5560 VOS
1347 5505 1556 5560 vadens
1597 5504 1663 5561 ad
1710 5520 1809 5560 VOS
1842 5514 2229 5562 testamentum

2420 5506 2551 5561 Ἰδοὺ
2577 5508 2672 5562 νῦν
2703 5509 3179 5585 προπορευόμενος
3206 5511 3360 5579 ὑμῶν
3387 5512 3517 5581 πρὸς
3540 5510 3674 5578 ὑμᾶς
3701 5501 3844 5570 διαθή·

648 5609 771 5650 sum
821 5598 1184 5653 conditurus:
1228 5615 1328 5655 vos
1372 5609 1556 5656 autem
1607 5609 1867 5669 tanquam
1921 5600 2112 5657 ﬁdeles
2165 5618 2231 5657 ac

2340 5617 2502 5673 σομαι
2519 5620 2534 5634 ο
2570 5602 2727 5673 ὑμεῖς
2749 5602 2807 5657 δὲ
2826 5602 2901 5666 ὡς
2926 5603 3108 5659 πιστοὶ
3130 5605 3224 5659 καὶ
3250 5606 3586 5677 εὐγνώμονες
3617 5601 3685 5671 μὴ
3716 5610 3846 5665 παρα·

716 5781 761 5813 ’³
783 5780 971 5836 Matth.
1000 5798 1151 5847 mn,
1183 5784 1236 5838 5.
