4032 6512
270 320 409 386 3241
1399 279 1497 381 οε
1528 320 1847 382 PERSICA
1883 322 2399 388 CAPTlVITATE.

3380 333 3519 400 3212

268 432 519 507 γράψητε
544 429 611 485 τά
640 428 929 500 λεγόμενα,
977 426 1231 497 δεόμεθα,
1261 427 1357 482 καὶ
1386 427 1839 499 παρακαλοῦμεν.

1944 433 2126 504 probi,
2148 436 2342 502 nolite,
2370 451 2704 507 quaesumus,
2730 453 2794 495 ac
2818 439 3271 508 obsecramus,ea
3287 459 3409 515 quae
3435 448 3521 505 di-

264 519 633 590 Καθάψασθαι
652 518 762 591 γὰρ
785 518 968 573 λοιπὸν
993 517 1102 572 τῶν
1135 517 1256 571 καθ’
1280 518 1429 588 ἡμᾶς
1459 517 1844 590 ρᾳθυμοτέρων

1951 526 2124 581 cenda
2158 535 2307 594 sunt,
2337 529 2493 584 irrita
2532 528 2735 587 habere
2784 540 2840 588 et
2888 549 3169 605 spernere.
3214 536 3346 594 Sum
3368 543 3520 599 enim

266 613 593 703 βουλόμεθα.
608 612 879 684 Πρότερον
900 612 958 667 δὲ
975 611 1104 683 περὶ
1126 610 1307 666 αὐτῶν
1333 610 1723 683 φθεγγώμεθα,
1755 614 1844 667 καὶ

1944 618 2059 689 jam
2100 634 2195 674 eos
2242 619 2704 690 reprehensurus,
2761 625 2856 696 qui
2906 627 2963 681 in
3022 628 3185 686 nobis
3237 634 3520 703 segniores

263 704 556 778 ἀρχόμενοι
584 702 853 776 λέγωμεν.

334 880 640 951 Εὐλογητὸς
673 876 744 945 εἴ,
781 881 809 934 ὁ
838 878 992 943 Θεὸς,
1027 878 1055 931 ὁ
1091 880 1155 933 ἐκ
1198 878 1292 932 τοῦ
1340 880 1416 950 μὴ
1467 880 1619 943 ὄντος
1652 882 1733 944 είς
1786 880 1848 934 τὸ

262 970 404 1028 εἶναι
436 971 768 1045 παραγαγὼν
789 972 938 1042 ἡμᾶς
958 987 973 1003 ·
1004 973 1031 1025 ὁ
1053 972 1116 1024 ἐκ
1135 970 1239 1039 γῆς
1282 958 1608 1034 διαπλᾶσας,
1641 972 1734 1023 καὶ
1763 973 1847 1035 είς

263 1066 369 1136 γῆν
414 1065 793 1134 ἀποστρέφων,
993 1065 1057 1117 ὲκ
1087 1064 1291 1132 ταύτης
1322 1062 1485 1116 πάλιν
1527 1056 1847 1135 παραδόξως

263 1157 515 1229 ἐγείρων.
546 1156 660 1230 Πρὸ
689 1155 907 1209 πάντων
952 1153 1187 1208 δυσωπῶ
1219 1154 1400 1208 πάσαν
1438 1152 1640 1225 ψυχὴν,
1676 1153 1845 1207 ἀκού-

261 1265 432 1302 ουσαν
456 1248 584 1318 περὶ
610 1246 711 1316 τῆς
768 1244 1044 1317 ἡμετέρας
1073 1243 1452 1309 ἀποϐιώσεως,
1504 1247 1583 1309 είς
1624 1244 1845 1316 συμπά-

264 1339 418 1394 θειαν
450 1338 756 1409 κινηθῆναι,
783 1336 878 1391 καὶ
908 1336 1000 1390 τὸν
1026 1337 1159 1390 Θεὸν
1189 1337 1484 1403 αἰτεῖσθαι,
1514 1337 1663 1400 ὅπως
1694 1335 1861 1390 ἀθλίε

268 1450 437 1496 πτως,
482 1430 803 1494 ἀκινδύνως,
850 1429 1261 1500 ἀνεμποδίστως
1292 1412 1584 1501 παρελθεῖν
1622 1446 1691 1500 με
1743 1428 1845 1493 τὰς

263 1524 442 1599 ἀρχὰς
486 1523 711 1586 καὶτὰς
756 1522 1038 1587 ὲξουσίας’
1070 1523 1166 1576 καὶ
1218 1522 1345 1585 τούς
1394 1521 1629 1593 πικροὺς
1670 1518 1867 1573 τελῶ-⁷

263 1600 393 1687 νας,
405 1618 502 1672 καὶ
525 1617 976 1688 κοσμοκράτορας
1020 1614 1114 1668 τοῦ
1150 1616 1312 1685 ἀέρος
1337 1613 1552 1680 τούτου,
1580 1614 1675 1668 καὶ
1699 1612 1840 1683 φθά-

265 1724 359 1763 σαι
382 1701 464 1781 ’με
494 1708 586 1762 τὸν
633 1706 774 1778 ἀέρα
803 1707 901 1777 τῆς
928 1704 1264 1777 ἐλευθερίας,
1313 1705 1406 1758 καὶ
1436 1704 1655 1776 Χριστῷ
1704 1704 1844 1774 μετὰ

1950 720 2097 764 sunt.
2118 711 2278 766 Prius
2302 726 2433 766 vero
2462 711 2529 766 de
2548 713 2635 769 bis
2655 714 2965 786 loquamur,
2991 734 3058 776 ac
3083 736 3394 780 sermonem
3422 740 3518 781 or-

1951 800 2193 855 diamur.

2017 888 2345 945 Benedictus
2370 905 2452 959 es,
2484 890 2649 957 Deus,
2682 894 2898 963 quinos
2922 913 2989 952 ex
3026 899 3201 955 nihilo
3233 903 3292 956 in
3332 919 3521 962 rerum

1946 988 2202 1035 naturam
2241 982 2548 1051 produxisti
2583 1000 2597 1035 :
2645 984 2740 1053 qui
2788 1001 2819 1039 e
2863 993 3011 1041 terra
3044 987 3312 1058 formasti,
3354 992 3523 1064 inque

1948 1080 2153 1127 terram
2189 1073 2429 1138 reducis,
2454 1089 2519 1127 ac
2546 1090 2736 1129 rursus
2759 1091 2827 1130 ex
2855 1092 2919 1131 ea
2940 1077 3270 1136 mirabiliter
3289 1083 3517 1139 excitas.

1944 1158 2006 1213 In
2056 1158 2250 1228 primis
2293 1175 2447 1231 rogo,
2498 1161 2749 1230 quisquis
2786 1178 2969 1218 meum
3008 1165 3077 1219 ab
3123 1166 3382 1225 humanis
3423 1185 3520 1226 ex-

1945 1267 2181 1316 cessum,
2213 1263 2557 1324 mortemque
2608 1256 2866 1323 audierit,
2901 1267 2961 1312 ut
2990 1260 3371 1320 misericordia
3400 1282 3521 1323 mo-

1945 1354 2162 1409 veatur,
2193 1345 2566 1416 precibusque
2593 1346 2662 1401 ad
2692 1348 2864 1403 Deum
2892 1360 3037 1421 agat,
3078 1363 3160 1419 ut,
3194 1356 3346 1410 omni
3398 1372 3521 1412 mo-

1943 1435 2121 1502 lestia,
2170 1437 2440 1506 periculo,
2513 1438 2907 1508 impedimento
2964 1445 3198 1510 solutus,
3248 1456 3521 1505 transeam

1943 1528 2288 1597 principatus
2319 1544 2385 1584 ac
2415 1537 2753 1600 potestates;
2801 1534 3141 1605 acerbosque
3172 1538 3518 1608 publicanos,

1942 1634 2008 1674 ac
2028 1619 2216 1674 mundi
2249 1627 2494 1676 rectores
2531 1620 2675 1676 aeris
2703 1622 2888 1694 hujus,
2932 1623 3283 1697 liberumque
3322 1638 3519 1685 nactus

1943 1708 2390 1775 aerem,Christo
2426 1726 2552 1765 cum
2579 1710 2778 1767 ﬁducia
2808 1712 2992 1779 sistar,
3033 1730 3097 1770 ac
3119 1717 3292 1787 partis
3327 1734 3520 1776 eorum

262 1802 583 1876 παρρησίας
613 1798 1056 1871 παρασταθψαι,
1086 1798 1182 1853 καὶ
1214 1798 1314 1868 τῆς
1364 1796 1474 1852 τῶν
1522 1796 1844 1869 σωζομένων

1947 1801 2043 1871 qui
2071 1801 2248 1858 salute
2272 1800 2516 1858 donandi
2540 1811 2669 1860 sunt
2690 1803 2831 1859 elIici
2859 1820 3096 1861 merear.

265 1893 493 1966 μερίδος
505 1890 826 1962 ἀξιωθῆναι.

344 1986 585 2051 Ἐπεῖτα,
617 1985 771 2039 πᾶσα
806 1980 1011 2052 σπουδὴ
1046 1981 1143 2035 καὶ
1194 1980 1345 2035 πᾶσα
1373 1981 1595 2036 πάντων
1623 1981 1847 2051 φροντὶς

260 2077 489 2148 γένηται
517 2077 613 2132 καὶ
647 2075 932 2141 πόνος,ῐνα
952 2072 1126 2129 αἰτοῦ
1166 2071 1301 2126 Θεοῦ
1319 2072 1641 2142 Ἑκκλησίαι
1667 2072 1846 2142 φυλα-

259 2171 469 2244 κθῶσιν
509 2169 772 2236 ἀσειστοι,
802 2166 903 2238 τὴν
930 2165 1097 2237 ὀρθὴν
1123 2165 1309 2220 πίστιν
1361 2164 1679 2237 ἀμολύντως
1713 2181 1845 2219 κατ-

262 2263 510 2336 έχουσαι,
533 2262 628 2316 καὶ
650 2260 778 2325 τούς
801 2257 1012 2313 ἑαυτῶν
1042 2258 1307 2329 ποιμένας
1327 2257 1623 2329 θεόφρονας
1646 2274 1847 2328 κεκτη-

266 2356 448 2428 μέναι.
483 2355 659 2408 Ὅπου
685 2351 791 2424 γάρ
816 2352 844 2405 ό
878 2352 1085 2423 ποιμὴν
1129 2349 1361 2419 ἀγαθὸς,
1399 2350 1519 2403 ἐκεῖ
1542 2348 1693 2419 καὶὴ
1727 2347 1847 2401 ποί·-

266 2465 375 2520 μνη
403 2446 714 2516 ἀγάλλεται.
738 2444 913 2497 Ὅπου
939 2442 1143 2514 ποιμὴν
1159 2444 1321 2505 ὅσιος,
1344 2441 1463 2495 ἐκεῖ
1491 2439 1753 2511 σκιρτῶσι
1778 2439 1846 2493 τά
1864 2448 1881 2465 ‘

262 2539 536 2610 πρόϐατα.
571 2538 746 2592 Ὅπου
783 2535 987 2608 ποιμὴν
1045 2535 1331 2607 ἔμπειρος,
1364 2534 1484 2587 ἐκεῖ
1540 2531 1693 2586 λύκοι
1745 2531 1845 2585 οὐκ

265 2632 565 2704 ἰσχύουσιν.
582 2631 756 2684 Ὅπου
784 2629 1039 2683 εὐσέϐεια
1064 2628 1239 2695 ἀνθεῖ,
1270 2628 1387 2679 ἐκεῖ
1409 2629 1437 2680 ὁ
1452 2625 1580 2690 λαὸς
1603 2624 1842 2679 εὐπλοεῖ.

261 2726 378 2782 Καὶ
420 2725 525 2796 γὰρ
576 2722 875 2793 οὐδαμόθεν
927 2719 1195 2793 ἑτέρωθεν
1224 2718 1684 2788 κλυδωνιζόμεθα,
1728 2716 1843 2771 ἀλλ’

2017 1992 2178 2059 Tum,
2209 1993 2390 2048 omnis
2416 1992 2721 2065 diligentia,
2764 1993 3056 2066 omnisque
3078 1996 3325 2057 omnium
3364 2013 3519 2065 cura,

1944 2100 2011 2141 ac
2032 2086 2191 2142 labor
2238 2086 2587 2152 adhibeatur,
2635 2097 2696 2142 ut
2731 2088 2828 2142 Dei
2877 2088 3140 2145 Ecclesiae
3180 2090 3523 2148 inconcussas

1945 2179 2350 2245 custodiantur,
2392 2191 2598 2236 rectam
2651 2182 2812 2238 ﬁdem
2868 2184 3157 2254 impollute
3196 2184 3519 2249 retinentes,

1944 2282 2011 2324 ac
2060 2269 2349 2340 religiosos
2391 2278 2641 2340 pastores
2694 2287 2824 2327 suos
2873 2271 3161 2327 habentes.
3214 2271 3318 2327 Ubi
3373 2270 3521 2325 enim

1945 2359 2129 2415 bonus
2155 2369 2366 2431 pastor,
2399 2361 2515 2417 illic
2535 2377 2758 2433 quoque
2783 2363 3023 2418 exsultat
3067 2377 3219 2433 grex.
3250 2361 3355 2417 Ubi
3391 2376 3519 2416 san-

1945 2464 2069 2509 ctus
2093 2462 2300 2523 pastor,
2330 2451 2463 2519 .illic
2488 2454 2735 2525 gestiunt
2759 2469 2908 2509 oves.
2943 2453 3048 2508 Ubi
3071 2453 3283 2523 peritus
3311 2460 3517 2522 pastor.

1944 2544 2059 2599 illic
2123 2545 2271 2615 lupis
2347 2546 2496 2600 vires
2583 2544 2869 2599 deﬁciunt.
2936 2545 3041 2601 Ubi
3078 2544 3252 2615 pietas
3320 2543 3517 2604 ﬂoret.

1942 2637 2059 2693 illic
2103 2653 2191 2693 res
2240 2637 2389 2707 plebi
2441 2652 2703 2707 prospere
2748 2637 2973 2693 cedunt.
3025 2638 3139 2692 Nec
3178 2637 3326 2690 enim
3370 2635 3519 2690 aliud

1944 2730 2247 2801 quidquam
2295 2731 2351 2785 in
2395 2745 2559 2785 causa
2598 2738 2702 2796 est,
2736 2738 2797 2784 ut
2851 2730 2932 2785 sic
2975 2728 3309 2786 ﬁuctuemus
3356 2736 3522 2799 atque

262 2820 345 2874 ὃτι
373 2820 422 2871 οἱ
445 2817 544 2888 μὲν
567 2816 752 2869 πολλοὶ
775 2815 884 2868 τῶν
914 2813 1219 2879 ποιμένων,
1255 2811 1351 2865 καὶ
1379 2810 1741 2882 κυϐερνητῶν
1768 2810 1844 2876 ἐξ·

1944 2823 2233 2893 jaetemur,
2261 2838 2424 2895 quam
2452 2823 2580 2892 quia
2608 2838 2801 2893 magna
2854 2830 3137 2891 pastorum
3171 2835 3299 2890 pars
3327 2835 3391 2875 ac
3420 2836 3522 2891 gu-

264 2911 452 2966 έλιπον
467 2926 480 2939 ·
516 2908 608 2962 καὶ
626 2908 778 2962 αὐτοὶ
795 2908 848 2959 δὲ
861 2907 909 2959 οἱ
935 2905 1407 2972 καταλειφθέντες,
1433 2904 1494 2957 οὐ
1525 2903 1725 2974 πολλὴν
1746 2903 1844 2974 τὴν

1944 2915 2300 2970 bernatorum
2367 2914 2728 2970 defecerunt:
2786 2913 3001 2983 ipsique
3059 2911 3197 2967 adeo
3253 2911 3523 2967 hactenus

263 2997 519 3071 φροντίδα
566 2995 906 3066 κατέχουσιν,
937 2993 998 3047 οὐ
1038 2993 1238 3065 πολλὴν
1262 2994 1360 3066 τὴν
1390 2992 1626 3063 σπουδήν
1647 3007 1662 3023 ο
1710 2992 1844 3047 ἀλλὰ

1947 3007 2155 3063 residui
2183 3023 2296 3061 non
2329 3006 2488 3061 valde
2516 3014 2732 3071 curant,
2772 3014 2869 3060 aut
2913 3004 3252 3075 diligentiam
3291 3003 3518 3057 multam

263 3093 512 3162 φίλαυτοι
538 3089 843 3159 γεγονότες,
883 3088 985 3141 οὐκ
1029 3087 1272 3159 εὐχερῶς
1314 3085 1704 3157 προαιροῦνται
1746 3086 1844 3155 τὴν

1945 3101 2245 3167 adhibent;
2275 3100 2391 3164 sed,
2424 3099 2551 3153 facti
2578 3097 2664 3153 sui
2696 3111 2982 3167 perperam
3006 3093 3522 3159 amatores,‘nolunt

260 3184 439 3255 ψυχὴν
462 3183 599 3254 ὑπὲρ
621 3182 729 3236 τῶν
751 3180 1043 3252 προϐάτων
1069 3179 1315 3233 τίθεσθαι
1334 3194 1350 3210 ⁶
1375 3178 1569 3242 ἄλλους
1588 3176 1844 3247 φωτίζειν

260 3274 688 3345 ἐπιχειροῦντες,
742 3273 899 3328 αὐτοὶ
950 3272 1247 3341 ἀφώτιστοι
1300 3270 1697 3339 τυγχάνοντεςο
1751 3270 1846 3322 καὶ

263 3367 408 3438 ὑπὲρ
435 3366 607 3421 ἄλλων
630 3366 762 3419 Θεὸν
815 3362 1171 3428 ἱκετεύοντες,
1199 3362 1652 3434 ἀπαρρησίαστον
1686 3360 1838 3415 ἔνδον

262 3457 327 3512 τὸ
355 3458 591 3520 συνειδὸς
624 3457 1001 3527 περιέχουσινο
1046 3455 1122 3520 ὡς
1151 3455 1231 3520 είς
1259 3454 1457 3519 αὐτοὺς
1501 3453 1839 3525 πληροῦσθαι

261 3550 327 3604 τὸ
373 3549 478 3602 ὑπὸ
511 3548 606 3602 τοῦ
643 3548 848 3619 Κυρίου
891 3547 1203 3620 εἰρημένον,
1231 3545 1437 3615 Ἰατρέ,
1470 3545 1847 3615 θεράπευσον

263 3638 546 3693 σεαυτόν.
571 3636 699 3702 Καὶ,
733 3639 993 3691 Ἔκϐαλε
1020 3635 1255 3704 πρῶτον
1278 3636 1393 3705 τὴν
1412 3635 1600 3690 δοκὸν
1626 3636 1848 3705 ὀφθαλ-

257 3730 383 3799 μοῦ
410 3745 548 3793 σου,
583 3730 686 3784 εἰθ⁹
719 3730 906 3795 οὕτως
929 3728 1247 3799 ἐμϐλέπεις
1274 3731 1359 3797 εἷς
1390 3728 1457 3783 τὸ
1486 3728 1715 3797 κάρφος
1737 3727 1844 3781 τοῦ

259 3822 535 3893 ἀδελφοῦ
568 3839 707 3876 σου.
759 3864 764 3869 .

348 3913 763 3969 Ἀκουσάτωσαν
783 3914 831 3966 οἱ
864 3913 1050 3985 ἱερεῖς,
1068 3914 1117 3966 οἱ
1144 3912 1234 3966 τὸν
1254 3912 1379 3966 λαὸν
1399 3913 1643 3982 ἀγιάζειν
1656 3913 1845 3982 λέγον-

259 4025 355 4073 τες
375 4026 388 4039 ·
416 4009 466 4061 οἱ
487 4009 549 4077 τῇ
579 4010 779 4077 φρικτῇ
805 4006 895 4059 καὶ
919 4006 1127 4077 φοϐερᾷ
1154 4005 1399 4077 τραπέζῃ
1420 4005 1837 4075 παριστάμενοι*

259 4104 313 4156 οἱ
372 4100 479 4153 τῶν
529 4098 779 4168 Σεραφὶμ
824 4097 1133 4168 μειζότερον
1181 4096 1399 4165 ἀξίωμα
1451 4095 1841 4167 περικείμενοι.

274 4194 513 4253 Ἐκεῖνος
546 4191 645 4244 οὐκ
673 4190 970 4259 ἐτόλμησεν
996 4192 1061 4259 τῇ
1092 4190 1235 4259 χειρὶ
1269 4187 1361 4241 τοῦ
1384 4188 1654 4258 ἄνθρακος
1706 4189 1845 4258 ἀψα-

263 4284 415 4349 σθαι,
432 4281 544 4337 ἀλλ’
568 4284 624 4336 ὲν
645 4283 712 4352 τῇ
741 4279 917 4333 λαϐἱδι
936 4279 1109 4349 τούτῳ
1135 4278 1532 4351 προσέψαυσεν·
1555 4278 1619 4331 σὺ
1645 4278 1702 4331 δὲ
1726 4280 1846 4342 ταῖς

262 4375 453 4448 χερσίν
474 4390 564 4427 σου
586 4375 708 4436 ταῖς
734 4370 985 4442 πηλίναις
1009 4369 1078 4423 τὰ
1103 4372 1215 4431 τοῖς
1237 4370 1486 4441 Σεραφὶμ
1508 4369 1714 4424 ἀθέατα
1731 4369 1845 4422 δια-

1946 3194 2104 3273 facile
2138 3209 2240 3263 pro
2273 3193 2469 3247 ovibus
2495 3191 2731 3245 animam
2756 3204 2996 3259 ponere:
3037 3186 3173 3241 alios
3206 3185 3521 3241 illuminare

1945 3289 2218 3352 nituntur,
2278 3301 2403 3341 eum
2449 3284 2552 3353 ipsi
2606 3283 2730 3337 luce
2807 3287 3062 3337 careant:
3122 3280 3400 3349 supplices
3450 3278 3521 3339 ad

1946 3381 2117 3436 Deum
2156 3394 2349 3449 preces
2380 3392 2478 3448 pro
2509 3375 2633 3430 aliis
2679 3372 2942 3439 offerunt,
2981 3373 3079 3443 qui
3117 3370 3519 3428 conscientiam

1947 3475 2097 3528 nulla
2141 3473 2435 3543 pollentem
2467 3468 2685 3531 ﬁducia,
2710 3467 2881 3523 nullis
2909 3466 3104 3521 fultam
3129 3463 3345 3520 meritis
3372 3462 3522 3517 intus

1947 3565 2337 3620 circumferant
2362 3581 2375 3616 :
2416 3570 2475 3616 ut
2507 3561 2562 3614 in
2585 3561 2691 3615 illis
2719 3560 3037 3629 impleatur,
3058 3556 3207 3627 quod
3230 3572 3258 3610 a
3290 3554 3522 3610 Domino

1948 3654 2157 3710 dictum
2189 3662 2293 3719 est,
2327 3653 2545 3717 Mediae,
2568 3667 2697 3705 cura
2723 3657 2771 3701 te
2796 3650 2968 3719 ipsum
2995 3646 3061 3700 ’5.
3088 3646 3192 3701 Et:
3237 3645 3382 3714 Ejice
3404 3646 3519 3714 pri-

1948 3765 2094 3802 mum
2126 3748 2325 3801 trabem
2356 3747 2419 3800 de
2455 3745 2604 3801 oculo
2635 3756 2744 3811 tuo,
2796 3750 3009 3812 tumque
3037 3740 3228 3796 videbis
3264 3739 3520 3809 festucam

1947 3841 2132 3911 fratris
2162 3841 2237 3893 tui
2270 3838 2337 3891 ".

2015 3933 2236 3998 Audite,
2270 3929 2602 3989 sacerdotes.
2629 3928 2723 3998 qui
2751 3924 3096 3981 sanctiﬁcarc
3125 3922 3345 3993 plebem
3389 3936 3520 3991 pro-

1945 4024 2218 4081 ﬁtemini:
2253 4021 2344 4093 qui
2388 4019 2686 4075 tremenda;
2719 4034 2782 4073 ac
2808 4014 3145 4072 formidabili
3191 4027 3394 4067 mensae
3430 4027 3521 4066 as-

1945 4116 2173 4182 sistitis;
2237 4114 2330 4185 qui
2380 4129 2490 4183 pm:
2541 4109 2829 4181 Seraphim
2871 4108 3135 4178 majorem
3196 4103 3520 4174 dignitatem

1945 4208 2225 4264 consecuti
2251 4208 2403 4262 estis.
2431 4206 2526 4259 llle
2558 4219 2666 4258 non
2692 4216 2859 4257 ausus
2889 4208 2972 4254 est
3017 4197 3311 4252 carbonem
3346 4210 3515 4249 manu

1946 4301 2283 4371 contingere,
2313 4298 2408 4353 sed
2448 4311 2573 4350 cum
2622 4294 2832 4363 forcipe
2880 4290 3215 4347 strinxit“:
3276 4296 3334 4342 tu
3386 4302 3521 4341 vero

1946 4394 2112 4449 luteis
2142 4393 2250 4447 tuis
2301 4390 2558 4444 manibus
2594 4386 2874 4457 inaspecta
2915 4382 3206 4452 Seraphim
3260 4377 3521 4451 mysteria

260 4469 373 4530 δεῖς
398 4463 607 4539 [διδυῖς]
628 4463 921 4535 μυστήρια.
937 4461 1072 4514 [lota
1090 4478 1183 4513 σου
1204 4462 1310 4530 ἄρα
1327 4462 1361 4531 ἡ
1380 4459 1528 4524 δεξιά
1548 4459 1729 4530 ἐκείνη
1753 4460 1844 4513 ὐπ-

1946 4484 2257 4542 distribuis.
2296 4482 2553 4549 Qumnatn
2576 4495 2706 4550 ergo
2747 4489 2838 4533 tua
2876 4478 2966 4531 illa
3009 4476 3235 4530 dextera
3273 4489 3393 4527 esse
3425 4471 3523 4527 dc-

263 4561 454 4632 ἀρχειν
478 4558 709 4629 ὢφειλεί
739 4557 918 4624 Πόσην
950 4552 1294 4623 καθαρότητα
1329 4553 1387 4605 ὲν
1416 4553 1582 4624 ἑαυτῇ
1620 4552 1841 4623 περιϐε-

262 4653 518 4721 ϐλῆσθαι,
547 4651 641 4704 τοῦ
662 4647 891 4719 οὐρανοῦ
917 4645 1272 4717 ὑψηλοτέραν,
1303 4644 1410 4697 τῶν
1428 4642 1675 4713 ἀγγέλων
1700 4644 1838 4715 λαμ-

260 4745 558 4816 προτέραν,
580 4742 687 4795 τῶν
704 4740 986 4811 Χερουϐὶμ
1008 4736 1310 4807 ἁγιωτέραν
1331 4735 1441 4789 εἱθε
1466 4735 1566 4789 κᾶν
1582 4737 1681 4806 τῆς
1699 4737 1837 4790 ἁκαο

261 4832 957 4907 θαρσίαςάπηλλαγμένηνί
976 4830 1047 4883 Οὐ
1069 4818 1383 4900 φρίττομεν,
1398 4828 1516 4882 εἰπέ
1537 4844 1647 4898 μοι,
1666 4825 1842 4879 τοιαύ-

257 4945 361 5000 της
376 4926 532 4997 δόξης
550 4928 605 4979 ὲν
622 4927 739 4988 ταῖς
756 4923 942 4995 χερσὶν
958 4920 1344 4991 ἐφαπτόμενοι,
1362 4919 1452 4971 καὶ
1470 4917 1709 4970 τοιοῦτον
1728 4916 1839 4988 πῦρ

260 5020 585 5091 κατέχοντες
621 5014 1005 5089 ἀπερχόμεθα;
1038 5013 1360 5083 Κλέπτομεν
1380 5014 1438 5065 ὲν
1469 5012 1589 5074 ταῖς
1627 5010 1836 5081 χερσὶν,

261 5113 576 5185 κρατοῦμεν
617 5109 978 5180 ἀκαθαρσίας,
1039 5104 1378 5176 ψηλαφῶμεν
1424 5101 1494 5156 τά
1540 5101 1615 5172 μὴ
1664 5115 1837 5171 προσ-

261 5209 487 5279 ήκοντα,
519 5202 841 5276 ἀρπάζομεν
865 5204 923 5254 ὲν
943 5200 1133 5262 αὐταῖς
1163 5197 1231 5250 τὰ
1252 5196 1506 5266 ἀλλότρια
1526 5211 1540 5225 ·
1558 5195 1833 5262 τύπτομεν

260 5302 321 5353 ὲν
345 5297 534 5359 αὐταῖς
555 5296 644 5348 τὸν
680 5293 931 5362 ἀδελφὸν,
980 5290 1280 5362 μολύνομεν
1313 5289 1407 5340 καὶ
1434 5284 1736 5355 πισποῦμεν
1767 5284 1833 5337 δι’

260 5391 465 5456 αὐτῶν,
488 5390 581 5444 καί
602 5389 700 5460 τὴν
716 5388 919 5457 ψυχὴν,
951 5386 1044 5438 καὶ
1068 5386 1130 5436 τὸ
1162 5380 1410 5451 πνεῦμαο
1444 5379 1539 5433 καὶ
1577 5376 1838 5449 ἐχόμεθα,

259 5484 359 5538 καὶ
384 5485 449 5554 τῇ
486 5484 686 5552 φρικτῇ
734 5477 984 5551 τραπέζῃ
1034 5477 1133 5530 καὶ
1165 5475 1370 5545 φοϐερᾷ
1427 5469 1837 5543 παρισταμεθα,

262 5578 358 5632 καὶ
385 5576 455 5630 τὰ
481 5574 618 5646 μέλη
647 5571 739 5627 τοῦ
772 5569 1010 5644 Χριστοῦ
1035 5566 1441 5641 διαμερίζομεν.

334 5779 379 5813 ³⁵
409 5777 545 5833 Luc.
577 5793 650 5839 tv,
673 5775 763 5830 25.
875 5775 921 5804 "
956 5772 1093 5830 Luc.
1122 5790 1194 5837 vr,
1229 5770 1319 5825 42.
1430 5770 1475 5801 ⁸⁸
1501 5767 1605 5824 lsa.
1634 5780 1704 5833 vr,
1739 5764 1791 5821 6.

502 5875 774 5935 ΡΑτιιοι..
809 5870 927 5929 Gn.
966 5867 1305 5927 LXXXVI.

1947 4578 2133 4635 heret!
2158 4577 2332 4643 Quam
2362 4582 2644 4645 oporteret
2676 4570 2935 4641 praeferre
2980 4566 3332 4629 munditiam,
3378 4564 3519 4619 coelo

1945 4666 2348 4728 sublimiorem,
2419 4658 2848 4732 splendidiorem
2917 4654 3148 4726 angelis,
3213 4652 3517 4708 Cherubim

1946 4757 2315 4814 sanctiorem!
2344 4765 2510 4824 atque
2542 4753 2752 4807 utinam
2788 4750 2873 4805 vel
2929 4744 3291 4804 immunditiaz
3325 4758 3521 4813 pecea-

1945 4853 2099 4922 tique
2128 4830 2460 4905 immunem!
2489 4846 2607 4901 Non
2639 4845 2947 4903 horremus,
2978 4838 3194 4903 amabo,
3230 4835 3327 4906 qui
3353 4833 3522 4889 clari-

1914 4954 2113 5001 tatem
2160 4940 2432 5014 ejusmodi
2481 4937 2737 4993 manibus
2779 4940 3208 4993 contrectantes,
3253 4943 3319 4982 ac
3355 4926 3518 4981 talem

1945 5046 2199 5092 tenentes
2246 5035 2449 5104 ignem,
2491 5027 2875 5086 discedamus?
2920 5026 3190 5080 Furamur
3237 5019 3515 5083 manibus,

1945 5124 2352 5182 immunditiam
2407 5131 2677 5185 tenemus,
2737 5132 2859 5189 qua:
2917 5114 3072 5170 nefas
3114 5118 3513 5181 fattrectamus,

1941 5220 2118 5274 aliena
2143 5217 2405 5286 rupimus,
2429 5214 2624 5268 fratres
2653 5210 2951 5275 caedimus;
2984 5208 3177 5262 harum
3201 5217 3367 5275 opera
3392 5200 3513 5256 ani-

1943 5327 2093 5366 mum
2152 5309 2518 5379 spiritumque
2551 5304 2868 5376 polluimus,
2901 5302 3166 5370 velutque
3196 5298 3318 5368 pice
3355 5292 3518 5361 obni-

1937 5418 2199 5476 gramus;
2254 5416 2318 5456 ac
2346 5398 2643 5455 tremendae
2666 5394 3111 5463 formidabilique
3137 5403 3340 5446 mensa:
3373 5384 3513 5441 assi-

1937 5492 2154 5560 stimus,
2187 5500 2350 5561 atque
2377 5487 2582 5546 Christi
2609 5485 2856 5543 membra
2884 5483 3202 5541 dividimus.
