4006 6484
580 341 726 406 3213

655 453 795 522 Quid
820 450 965 507 enim
985 451 1007 505 ?
1028 450 1088 505 iu
1112 449 1340 506 macello
1365 458 1530 514 astas,
1577 446 1788 501 homo?
1831 445 1937 500 Eos
1971 444 2161 500 saltem
2196 451 2236 504 Α

587 545 803 600 imitare
830 542 926 613 qui
971 540 1134 611 regia:
1185 554 1386 594 mensa:
1438 537 1751 602 assistunt;
1807 533 2156 603 corruptibili

499 671 504 676 -
584 637 686 704 iHi,
711 651 774 691 ac
802 633 1056 689 sensibus
1112 631 1395 700 expositae.
1437 629 1577 684 Num
1606 627 1752 682 enim
1794 641 2018 696 prorsus
2073 624 2162 678 hic

587 739 864 785 terrenum
894 725 1024 795 quid
1058 724 1261 794 agitur?
1302 722 1443 778 Num
1489 734 1718 792 prorsus
1763 717 2016 773 sublimis
2047 715 2161 772 elli-

584 819 764 875 ceris?
788 817 1023 872 Omnino
1049 815 1105 868 in
1130 823 1296 879 terra,
1312 828 1423 867 non
1444 811 1498 866 in
1522 826 1646 866 aere
1672 807 1930 866 consistis
1951 809 1974 862 ?
1999 808 2160 877 quin-

584 911 773 966 imo'in
801 910 962 972 cmlo,
995 921 1096 962 nec
1131 905 1185 960 id
1222 905 1406 970 modo,
1452 903 1547 959 sed
1590 914 1850 974 tanquam
1876 899 2160 956 Dominico

583 1005 704 1074 ipso
751 1002 952 1056 throno
1001 999 1247 1064 assistas,
1289 996 1368 1050 sic
1421 1005 1473 1050 te
1515 995 1748 1050 horrore
1792 1010 1856 1049 ac
1919 1003 2158 1047 tremore

583 1092 720 1148 aﬂici
750 1089 1062 1162 oportebat.
1091 1089 1157 1142 Et
1182 1087 1315 1157 quid
1354 1087 1501 1149 dico,
1537 1094 1796 1154 tanquam
1826 1083 2025 1136 throno
2049 1082 2158 1136 Do-

581 1183 830 1239 minico?
854 1181 978 1236 Scio
1008 1181 1195 1250 plures
1221 1178 1472 1233 mordere
1503 1192 1623 1246 qua:
1650 1175 1905 1238 dicimus,
1938 1173 2033 1229 sed
2051 1171 2158 1226 dici

581 1286 648 1325 ea
683 1284 907 1324 necesse
941 1277 1024 1322 est
1054 1268 1210 1321 ob‘ea
1233 1281 1353 1335 qua:
1386 1274 1676 1334 geruntur.
1705 1264 1798 1318 Est
1825 1263 1972 1317 enim
2012 1277 2160 1316 nunc

582 1363 750 1417 animi
779 1375 1152 1424 commonere,
1179 1359 1356 1428 deque
1395 1358 1579 1412 divina
1619 1358 1722 1412 hac
1772 1373 1836 1412 ac
1872 1357 2159 1411 incruenta

585 1456 762 1510 hostia
792 1456 1177 1516 disserentem,
1203 1452 1490 1506 horrorem
1522 1451 1786 1504 incutere.
1819 1449 1979 1505 Forte
2010 1449 2156 1504 enim

584 1545 909 1615 quibusdam
937 1559 965 1596 e
996 1558 1053 1596 re
1087 1549 1232 1596 esset
1271 1540 1340 1595 ab
1384 1556 1447 1595 ea
1502 1541 1692 1610 procul
1737 1540 2021 1594 absistere.
2069 1538 2156 1593 Si-

584 1636 804 1706 quidem
833 1635 979 1688 enim
1014 1633 1080 1697 is,
1107 1633 1200 1702 qui
1232 1632 1451 1702 indigne
1478 1629 1845 1685 manducatet
1879 1630 2018 1685 bibit
2050 1630 2156 1684 Do-

582 1730 844 1785 minicum
875 1744 1096 1798 corpus,
1125 1726 1394 1797 judicium
1425 1726 1530 1780 sibi
1586 1725 1876 1779 manducat
1902 1732 1957 1780 et
1978 1726 2153 1791 bibit;

583 1825 716 1894 quid
742 1826 852 1894 jam
888 1822 976 1876 ille
1008 1821 1102 1890 qui
1133 1820 1353 1890 indigne
1382 1833 1509 1873 cum
1540 1818 1837 1882 ministrat,
1889 1826 2003 1871 tum
2058 1834 2154 1872 su-

579 1915 718 1969 mit?
750 1915 868 1968 Non
915 1912 1102 1982 pudet,
1136 1911 1229 1981 qui
1283 1909 1530 1964 exterius
1567 1917 1746 1963 vestes
1791 1923 2156 1972 assumamus,

583 2019 776 2058 manus
805 2003 1072 2065 lavemus,
1101 1998 1301 2054 calceis
1352 2012 1617 2052 ornentus
1645 1995 1834 2065 pedes,
1890 1993 2048 2048 faciei
2094 2009 2159 2048 ac

585 2096 750 2167 capiti
811 2094 1064 2148 decorem
1145 2092 1498 2153 asciscamus,
1570 2089 1777 2143 mundo
1849 2087 2158 2156 fulgeamus

585 2188 810 2250 amictu,
843 2185 1103 2252 intusque
1132 2180 1337 2235 diaboli
1366 2179 1496 2237 vitia
1526 2177 1701 2232 induti
1731 2177 1925 2241 simus,
1954 2185 2157 2231 totum-

583 2295 692 2350 que
721 2275 1178 2334 contenebratum
1205 2272 1472 2334 animum,
1513 2284 1577 2324 ac
1611 2275 1818 2323 vestem
1862 2268 1982 2338 ejus
2027 2280 2159 2321 con-

585 2375 899 2439 spurcatam
931 2366 1269 2429 habeamus;
1301 2362 1394 2433 qui
1429 2361 1692 2416 nimirum
1717 2359 1826 2431 jam
1853 2359 1908 2412 in
1929 2372 2159 2428 corpore

585 2476 650 2515 ac
687 2457 947 2514 exteriori
976 2471 1198 2526 pompa,
1221 2468 1334 2510 non
1356 2452 1413 2506 in
1439 2450 1638 2522 spiritu
1671 2464 1736 2505 ac
1767 2449 2001 2505 veritate
2049 2449 2158 2503 Do-

575 2550 737 2604 mino
762 2546 1111 2604 serviamus?

659 2641 837 2696 Vultis
851 2640 1078 2706 etaliam
1107 2645 1422 2691 nostrorum
1435 2633 1781 2689 sacerdotum
1796 2629 2162 2686 miserabilio-
2221 2705 2224 2708 ι

581 2746 710 2784 rem
743 2728 1107 2783 calamitatem
1157 2739 1452 2792 casumque
1481 2737 1866 2792 exsequamur,
1896 2720 2054 2790 cujus
2075 2718 2162 2772 vel

589 2820 705 2888 ipsa
735 2817 946 2872 auditio
978 2821 1186 2870 metum
1230 2827 1294 2868 ac
1331 2821 1596 2866 terrorem
1621 2809 1782 2865 facit?
1807 2808 2044 2863 Audiant
2067 2807 2161 2877 qui

587 2911 859 2973 laborant,
889 2923 951 2962 ac
977 2904 1362 2961 emendentur.
1398 2905 1624 2958 Prmstat
1651 2902 1797 2956 enim
1829 2916 1859 2955 a
1887 2915 1944 2955 re
1979 2899 2162 2954 divina

585 3003 876 3065 absistere,
913 2989 1108 3068 quam:
1139 3011 1263 3050 eum
1288 2994 1365 3048 illi
1413 2994 1654 3058 intersis,
1681 2993 1870 3047 oculos
1902 2991 1955 3045 in
1998 2989 2163 3046 facies

1860 331 2166 392 INCERTI
2214 330 2586 392 AUCTORIS

2335 443 2400 495 Τί
2429 436 2565 514 γ’άρ;
2600 443 2687 497 Ἐν
2717 441 2973 514 μακέλλῳ
3033 441 3389 514 παρίστασαι,
3419 440 3712 513 ἄνθρωπες
3739 445 3851 500 ME-

2267 551 2436 604 ttmat
2467 535 2569 588 κᾶν
2593 535 2719 598 τοὺς
2735 537 2792 587 ἐν
2813 535 3062 608 τραπέζῃ
3089 533 3342 606 βασιλικῇ
3374 535 3845 606 παρισταμένους,

2263 631 2328 698 τῇ
2366 628 2600 698 φθαρτῇ,
2626 629 2692 699 τῇ
2722 627 2976 699 αίσθητῇ.
3013 628 3192 690 Ὅλως
3224 627 3335 698 γὰρ
3376 621 3481 681 ὦδε
3507 627 3749 696 ἐπίγειον
3790 629 3847 680 τί

2262 721 2530 784 ποιεῖται;
2591 717 2810 790 [ἐννοῶν
2865 716 3172 790 ὸφείλειω]
3231 718 3372 782 ὅλως
3433 718 3730 790 μετάρσιος
3780 718 3844 770 οὗ

2260 807 2384 881 γίνῃ
2411 825 2424 872 ;
2452 807 2587 870 ὅλως
2613 806 2706 860 ἐπὶ
2741 810 2865 878 γῆς,
2896 807 2988 860 καὶ
3015 808 3116 860 οὑκ
3144 809 3200 858 ἐν
3227 805 3306 876 τῷ
3340 805 3535 873 ἁὲρεις
3563 804 3762 875 μᾶλλον
3786 804 3846 858 δὲ

2259 901 2316 953 ὲν
2345 899 2421 967 τῷ
2443 898 2656 970 οὐρανῷ
2676 917 2689 931 ·
2714 901 2809 954 καὶ
2843 900 2904 952 οὺ
2969 899 3150 969 μόνον,
3177 899 3292 954 ἀλλ’
3326 898 3405 962 ὡς
3457 898 3612 969 αὐτῷ
3647 898 3726 968 τῷ
3755 902 3850 952 Δε-

2262 991 2504 1064 σποτικῷ
2543 991 2715 1064 θρόνῳ
2762 991 3190 1063 παριστάμενος,
3218 991 3393 1054 οὕτως
3448 992 3706 1062 φρίττειν
3757 992 3851 1045 καὶ

2262 1085 2485 1154 τρέμειν
2535 1085 2719 1155 ἐχρῆν.
2755 1085 2864 1136 Καὶ
2905 1083 2956 1136 τί
2997 1084 3160 1151 λέγω,
3187 1082 3264 1145 ὡς
3309 1085 3366 1136 ὲν
3402 1083 3479 1154 τῷ
3530 1082 3714 1153 θρόνῳ
3757 1087 3853 1135 Δε-

2262 1172 2537 1244 σποτικῷ;
2599 1168 2730 1226 Οἶδα
2783 1173 2866 1226 ὅτι
2921 1171 3147 1236 πολλοὺς
3214 1171 3399 1225 δάκνει
3439 1171 3510 1225 τὰ
3554 1172 3851 1240 λεγόμενα,

2260 1263 2378 1317 ἀλλ’
2428 1263 2638 1336 ἀνάγκη
2697 1265 2931 1336 ῥηθῆναι
2981 1263 3072 1317 διὰ
3125 1263 3194 1316 τά
3240 1263 3510 1333 λεγόμενα
3558 1261 3676 1334 [ἵσ.
3710 1263 3855 1328 γι·κᾶ-

2263 1353 2440 1426 μενα].
2467 1355 2737 1430 Βούλομαι
2773 1357 2878 1427 γὰρ
2902 1357 3208 1428 ὑπομνῆσαι
3238 1355 3352 1417 νῦν,
3391 1357 3486 1408 καὶ
3526 1355 3854 1422 δυσωπῆσαι

2262 1447 2388 1517 περὶ
2417 1447 2614 1516 ταύτης
2641 1449 2737 1518 τῆς
2765 1448 2914 1513 θείας
2953 1449 3048 1502 καὶ
3073 1448 3411 1518 ἀναιμάκτου
3448 1447 3666 1509 θυσίας.
3701 1447 3858 1516 τάχα

2260 1536 2365 1607 γάρ
2405 1553 2512 1588 τισι
2558 1537 2854 1606 συνέφερεν
2905 1538 3120 1608 μακράν
3163 1537 3366 1608 ταύτης
3409 1537 3747 1606 ἀπέχεσθαι.
3797 1538 3857 1589 ΕΞ

2260 1628 2366 1700 γὰρ
2395 1629 2421 1680 ὁ
2454 1628 2685 1692 ἀναξίως
2717 1628 2910 1682 ἐσθίων
2939 1631 3031 1682 καὶ
3060 1630 3229 1682 πίνων
3268 1629 3328 1682 τὸ
3356 1629 3450 1682 τοῦ
3486 1630 3704 1700 Κυρίου
3756 1628 3861 1680 σῶ-

2265 1738 2361 1788 μα,
2386 1722 2556 1789 κρῖμα
2577 1720 2753 1790 ἑαυτῷ
2773 1722 2938 1774 ἐσθίει
2970 1723 3062 1776 καὶ
3083 1722 3247 1774 πίνει·
3277 1721 3331 1774 τί
3351 1721 3538 1775 λοιπον
3556 1723 3583 1774 ὀ
3613 1721 3862 1786 ἁναξῖως

2189 1791 2229 1844 Β
2258 1811 2541 1894 διακονῶν,
2596 1812 2691 1865 καὶ
2728 1813 3158 1883 μεταλαμϐάνων
3185 1829 3200 1880 ;
3230 1815 3338 1866 Καὶ
3380 1812 3478 1866 οὐκ
3523 1812 3860 1881 αἰδούμεθα,

2260 1903 2456 1970 ἔξωθεν
2491 1905 2589 1976 μὲν
2617 1905 2694 1977 τῷ
2722 1905 2933 1976 σώματι
2959 1903 3393 1970 ἐξαλλάττοντες,
3427 1905 3519 1957 καὶ
3541 1908 3748 1975 χεῖρας
3783 1905 3862 1957 νὶ-

2263 2012 2506 2063 πτοντες,
2560 1997 2655 2050 καὶ
2691 1997 2857 2062 πόδας
2889 1996 3199 2067 ὑποδήμασι
3249 1996 3600 2064 κοσμοῦντες,
3638 1999 3746 2050 καὶ
3796 1999 3861 2050 τα

2261 2089 2547 2159 πρόσωπα,
2583 2088 2679 2166 καὶ
2712 2087 2811 2159 τὴν
2861 2086 3104 2160 κεφαλὴν
3142 2086 3606 2152 καλλωπίζοντες⁸
3638 2087 3861 2142 ἔνδυσιν

2262 2178 2506 2250 καθαρὰν
2542 2180 2638 2233 καὶ
2667 2179 3086 2252 ἀστράπτουσαν
3130 2180 3374 2249 ἔχοντες·
3426 2179 3636 2234 ἔσωθεν
3667 2179 3758 2243 δὲ,
3795 2182 3861 2251 τῇ

2259 2268 2402 2342 ψυχῇ
2438 2269 2508 2324 τὰ
2546 2270 2693 2338 πάθη
2739 2271 2833 2326 τοῦ
2883 2271 3130 2325 διαϐόλου
3169 2272 3559 2343 ἠμφιεσμένοι,
3589 2271 3697 2324 καᾶ⁵
3732 2271 3861 2341 ξὶην

2259 2361 2357 2432 τὴν
2381 2359 2554 2432 ψυχὴν
2583 2363 2995 2432 ὲσκοτισμένην,
3031 2363 3125 2416 καὶ
3177 2363 3273 2433 τὴν
3306 2363 3506 2431 ἐσθῆτα
3538 2364 3730 2432 αὐτῆς
3767 2381 3860 2432 με-

2264 2451 2608 2524 μολυσμὲνην
2641 2451 2883 2522 ἔχοντες·
2928 2455 2984 2508 ἐν
3016 2455 3228 2525 σώματι
3274 2454 3457 2508 λοιπὸν
3488 2453 3585 2507 καὶ
3615 2454 3859 2527 θεωρία,

2260 2543 2358 2596 ούκ
2382 2545 2438 2597 ὲν
2467 2543 2739 2614 πνεύματι
2778 2547 2871 2599 καὶ
2902 2546 3124 2618 ἀληθεία
3149 2547 3226 2617 τῷ
3251 2545 3439 2618 Κυρίῳ
3463 2546 3858 2613 δουλεύοντιςς

2337 2633 2602 2687 Βούλεσθε
2656 2636 2959 2706 γυμνώσω,
2991 2638 3084 2690 καὶ
3133 2637 3327 2709 ἑτέραν
3364 2637 3474 2690 τῶν
3521 2637 3653 2690 καθ’
3703 2639 3857 2707 ἡμᾶς

2262 2726 2388 2790 τοὺς
2415 2727 2578 2796 ἱερεῖς
2606 2725 2976 2798 ὲλεεινοτάτην
2999 2747 3061 2781 συ
3070 2728 3303 2798 μφοράν,
3325 2729 3466 2798 καὶὴ
3493 2729 3858 2797 ἁκοηφόϐον,

2267 2817 2359 2869 καὶ
2420 2817 2622 2888 τρόμος
2677 2817 3012 2888 καθέστηκε;
3055 2818 3426 2872 ’Λκουέτωσαν
3447 2819 3494 2871 οί
3533 2817 3857 2882 νοσοῦιτες,

2266 2911 2360 2962 καὶ
2387 2907 2840 2980 διορθούσθωσαν.
2883 2911 3139 2980 ’Λμεινον
3185 2911 3293 2980 γάρ
3350 2913 3448 2981 τῆς
3496 2909 3858 2981 λειτουργίας

2266 3001 2622 3069 ἀφίστασθαι,
2645 3001 2679 3071 ἢ
2710 3003 2766 3054 ὲν
2795 3001 2933 3072 αὐτῇ
2972 3000 3102 3054 ὄντα
3120 3001 3248 3064 τοὺς
3268 2999 3582 3072 ὀφθαλμοὺς
3637 3003 3729 3063 είς
3759 3002 3856 3065 τὰς

588 3095 819 3149 decoras
879 3091 1260 3158 formososque
1313 3087 1499 3140 vultus
1536 3100 1702 3156 vagos
1741 3086 1969 3155 jactare.
2019 3082 2160 3137 Con-

2265 3092 2374 3145 τῶν
2406 3091 2712 3161 προσώπων
2759 3092 3065 3165 εὐμορφίας
3126 3093 3445 3164 ῥέμϐεσθαι.
3479 3094 3706 3166 Φρίξον,
3763 3094 3856 3148 ἂν·

589 3185 864 3248 tremisee,
905 3182 1071 3236 homo
1098 3197 1113 3245 ;
1140 3180 1196 3234 in
1221 3187 1378 3233 terra:
1416 3176 1792 3248 penetralibus
1825 3175 2049 3238 abdere,
2093 3189 2160 3229 ne

589 3278 730 3348 ignis
782 3273 1128 3330 descendens
1189 3278 1477 3326 consumat
1545 3278 1618 3323 te.
1671 3267 1954 3337 Siquidem
2013 3254 2160 3322 enim

583 3371 759 3426 Moses
800 3382 925 3423 cum
972 3365 1040 3420 ad
1081 3373 1365 3418 terrenum
1415 3361 1614 3414 rubum
1674 3361 1834 3414 vellet
1876 3358 2158 3425 accedere,

585 3463 853 3517 hactenus
876 3454 1417 3530 prohibetur,donec
1439 3453 1616 3507 solvat
1632 3453 2068 3506 calceamentum
2092 3450 2158 3517 '7;

583 3553 786 3625 potiori
815 3566 916 3605 nos
961 3549 1123 3619 longe
1178 3546 1399 3601 ratione
1456 3544 1552 3615 qui
1604 3543 1812 3614 angelis
1859 3543 2162 3612 inaspecta-

585 3647 749 3702 bilem
773 3657 1084 3705 cernamus,
1100 3647 1536 3703 contreetemus,
1559 3650 1860 3699 sumamus,
1887 3633 2162 3688 solvamus
2201 3641 2210 3654 "

583 3751 807 3794 necesse
838 3743 922 3790 est
952 3741 1168 3788 mor-tua
1225 3731 1392 3784 animi
1418 3744 1588 3799 opera
1627 3743 1692 3782 ac
1726 3727 1944 3782 fcetoris
1973 3727 2155 3796 plena.

585 3829 779 3884 Rubus
810 3823 957 3881 enim
995 3822 1238 3895 mystica:
1270 3821 1436 3892 hujus
1485 3835 1688 3874 mensa:
1719 3817 1887 3889 ﬁgura
1909 3835 1922 3871 :
1946 3818 2158 3873 calcea-

586 3935 772 3979 menta
805 3936 958 3985 vero,
983 3919 1155 3990 ﬁgura
1188 3926 1566 3988 peccatorum.
1606 3914 1970 3969 Tremendam
2017 3913 2159 3968 hanc

585 4030 701 4070 rem
734 4027 947 4068 sacram
985 4010 1260 4065 reveritus
1297 4007 1492 4072 David,
1524 4007 1734 4062 aiebat:
1774 4005 1984 4061 Lavabo
2019 4007 2158 4060 inter

581 4108 881 4159 innocentes
909 4116 1098 4155 manus
1130 4115 1294 4157 meas,
1338 4106 1386 4152 et
1424 4097 1754 4152 circumdabo
1791 4095 1966 4152 altare
1988 4105 2154 4162 tuum,

581 4195 807 4250 Domine
840 4192 908 4246 “.

654 4284 1070 4356 Expergiscere,
1103 4281 1290 4337 homo.
1349 4280 1419 4337 Ut
1463 4279 1594 4350 quid
1622 4279 1712 4334 his
1761 4278 1853 4349 qui
1888 4278 2156 4334 accedunt

583 4378 663 4430 ais
690 4393 704 4428 :
737 4376 938 4444 Corpus
971 4380 1020 4427 et
1052 4373 1270 4444 sanguis
1290 4372 1429 4441 Agni
1461 4371 1572 4434 Dei,
1604 4370 1744 4441 quod
1775 4371 1866 4425 tibi
1897 4375 2059 4425 datur
2097 4373 2152 4426 in

2267 3182 2452 3254 θρωπε
2474 3198 2487 3212 ·
2517 3184 2596 3246 είς
2615 3183 2719 3252 γῆν
2744 3183 3096 3255 καταδύθητι,
3123 3185 3197 3256 μὴ
3221 3185 3476 3239 κατελθὸν
3495 3186 3611 3257 πῦρ
3634 3186 3853 3239 ἀναλώ-

2269 3291 2350 3328 σει
2386 3292 2464 3328 σε.
2494 3275 2557 3328 Εἰ
2598 3277 2708 3346 γὰρ
2729 3279 2792 3346 τῇ
2829 3276 3058 3346 ἑπιγείῳ
3086 3277 3232 3348 βάτῳ
3269 3277 3632 3348 προσεγγίσαι
3690 3277 3852 3348 θελή-

2270 3381 2369 3428 σας
2394 3365 2632 3437 Μωῦσῆς
2654 3407 2668 3429 ,
2701 3364 2971 3420 κωλύεται
3002 3367 3158 3440 ἄχρις
3182 3359 3242 3421 οὗ
3273 3368 3423 3421 λύσει
3461 3369 3521 3420 τὺ
3560 3368 3846 3438 ὑπόδημα,

2265 3456 2416 3527 πόσῳ
2443 3473 2504 3525 γε
2531 3457 2731 3526 μᾶλλον
2750 3459 2910 3528 ἡμεῖς
2937 3459 3026 3512 τὸν
3043 3459 3297 3528 ἀγγέλοις
3331 3459 3564 3513 ἀθέατον
3584 3460 3845 3530 ὁρῶντες,

2263 3548 2359 3601 καὶ
2412 3546 2794 3618 ψηλαφῶντες,
2854 3550 2947 3602 καὶ
2981 3550 3509 3621 μεταλαμϐάνοντες,
3549 3551 3846 3621 ὀφείλομεν

2262 3636 2420 3691 λύσαι
2456 3638 2524 3692 τὰ
2563 3639 2732 3711 νεκρὰ
2775 3641 2868 3694 καὶ
2891 3641 3103 3706 οζοδίας
3131 3642 3368 3712 γέμοντα
3419 3642 3561 3711 ἔργα
3603 3641 3709 3710 τῆς
3746 3641 3848 3708 ψυ·

2263 3731 2387 3801 xis-
2417 3730 2597 3796 τύπος
2625 3733 2727 3804 τῆς
2751 3735 3032 3804 τραπέζης
3059 3735 3157 3804 τῆς
3181 3735 3358 3804 μυκῆς
3386 3735 3418 3803 ἡ
3440 3733 3607 3803 βάτος
3630 3750 3646 3764 -
3671 3734 3848 3796 ηεπος

2258 3823 2316 3876 δὲ
2345 3823 2452 3876 τῶν
2482 3824 2900 3896 ἁμαρτημάτων
2943 3826 3013 3878 τά
3068 3826 3411 3896 ὑποδήματα.
3476 3826 3701 3897 Ταύτην
3747 3828 3846 3896 τὴν

2259 3915 2497 3987 φοϐερὰν
2534 3917 2873 3988 λειτουργίαν
2896 3918 3063 3971 Δαϐὶδ
3099 3918 3316 3990 τρέμων
3341 3918 3548 3986 ἔλεγεν
3577 3921 3845 3988 Ν;ἰῖ·ομαι

2257 4009 2327 4062 ἐν
2357 4008 2572 4074 ἀθώοις
2600 4008 2708 4075 τὰς
2737 4009 2942 4079 χεῖράς
2970 4029 3089 4079 μου
3111 4052 3125 4076 ,
3159 4011 3259 4067 καί
3301 4009 3604 4066 κυκλὼσω
3633 4013 3704 4066 τὸ
3742 4017 3844 4066 0v-

2257 4099 2618 4170 σιαστήριόν
2643 4117 2782 4169 σου,
2817 4102 3015 4171 Κύριε.

2342 4284 2662 4357 Ἀνάνηψον,
2698 4285 2973 4357 ἄνθρωπε.
3007 4287 3073 4340 Τί
3105 4288 3212 4350 τοῖς
3265 4289 3736 4360 προσερχομένας
3755 4291 3844 4344 λέ-

2261 4393 2399 4445 γεις,
2415 4376 2586 4447 Σῶμα
2607 4378 2704 4430 καί
2727 4373 2868 4447 αἷμα
2890 4378 2998 4432 τοῦ
3013 4379 3219 4448 idm-or”)
3236 4379 3342 4432 τοῦ
3365 4379 3516 4433 Θεοῦ
3531 4381 3847 4450 5:55pm.-

583 4468 943 4525 remissionem
973 4464 1348 4537 peccatorum?
1370 4463 1512 4530 Quid
1548 4463 1733 4518 dicis?
1770 4464 1952 4518 Alium
1979 4480 2148 4518 cona-

2265 4483 2353 4520 σοι
2378 4468 2464 4530 είς
2490 4466 2712 4535 ἄφεσιν
2739 4466 3060 4536 ἁμαρτιῶν;
3091 4469 3154 4520 Τί
3188 4469 3369 4537 λέγεις
3395 4487 3410 4535 ;
3441 4470 3639 4524 ’Δλλον
3661 4473 3846 4524 καθαί-

584 4562 661 4615 ris
681 4557 1006 4620 emundare,
1027 4571 1131 4611 nec
1149 4555 1246 4610 tibi
1263 4569 1450 4608 curam
1476 4555 1658 4626 geris?
1682 4553 1749 4608 In
1772 4555 2151 4621 remissionem,

583 4652 741 4713 dicis,
783 4657 1144 4720 peccatorum,-
1183 4657 1350 4711 actu,
1397 4646 1511 4716 ipsa
1539 4645 1923 4717 mysteriorum
1955 4647 2157 4716 imper-

588 4743 803 4804 titione,
845 4741 946 4795 tibi
1004 4739 1122 4808 ipse
1170 4745 1520 4807 peccatorum
1573 4740 1834 4808 majorem
1884 4740 2155 4794 sarcinam

581 4836 751 4892 facis?
777 4835 966 4905 Cogita
997 4832 1338 4890 tremendam
1385 4833 1528 4888 illam
1555 4849 1799 4889 mensam
1843 4849 2012 4889 caena:
2036 4849 2155 4906 my-

579 4927 749 4991 sticae,
771 4926 1124 4996 inveniesque
1145 4933 1344 4978 cuncta
1369 4924 1526 4979 nobis
1545 4926 1597 4978 in
1620 4941 1683 4980 ea
1707 4925 1918 4996 ﬁgurali
1941 4927 2150 4980 ratione

578 5019 840 5090 praedicta
860 5017 1374 5078 fuisse.Videamus,
1400 5015 1654 5081 obsecro,
1668 5017 1886 5088 singuli,
1901 5033 2008 5086 qua
2024 5016 2151 5072 huic

579 5111 790 5167 ratione
819 5110 1156 5173 assistamus,
1186 5125 1254 5165 ne
1277 5109 1417 5164 forte
1436 5125 1535 5163 nos
1557 5125 1775 5178 quoque
1809 5111 1960 5164 velut
1979 5108 2150 5164 Judas

575 5204 855 5261 Chrlstum
883 5202 1224 5273 spiritalibus
1249 5201 1452 5258 Judaeis
1485 5201 1801 5272 prodamus.
1835 5202 1972 5258 Cum
2005 5202 2152 5257 enim

577 5314 702 5356 cum
729 5313 795 5354 eo
823 5305 1103 5354 morantes
1136 5295 1280 5351 inter
1312 5296 1390 5350 rei
1434 5311 1604 5352 sacrm
1656 5297 1995 5352 tremendam
2025 5298 2152 5353 fun-

577 5393 816 5448 ctionem
845 5389 1333 5459 'saeriﬁeiumque,
1392 5391 1571 5445 locum
1613 5389 1826 5445 Satana:
1882 5392 1937 5445 in
1987 5391 2151 5447 corde

578 5492 768 5536 nostro
787 5479 1124 5545 dederimus,
1147 5479 1286 5534 nihil
1310 5479 1494 5532 minus
1516 5478 1616 5547 ipsi
1643 5479 1988 5534 tradidimus.
2008 5481 2150 5548 Quid

577 5585 707 5626 vero
753 5569 920 5625 etiam
966 5569 1141 5639 pelvis
1191 5570 1281 5625 ille
1332 5568 1696 5624 formidabilis
1747 5570 2032 5639 admonet,
2088 5590 2150 5628 ac

685 5753 732 5782 υ
755 5749 926 5807 E.~.od.
960 5766 1036 5816 nt,
1073 5743 1154 5805 3.'
1242 5750 1286 5782 "
1324 5751 1475 5806 Psal.
1511 5766 1635 5816 xxv,
1669 5751 1718 5805 6.

2255 4576 2365 4630 ρειν
2385 4559 2702 4630 ἐπιχειρεῖς,
2729 4560 2819 4610 καὶ
2842 4559 3018 4629 ἐαυτῷ
3041 4559 3101 4610 οὐ
3126 4559 3430 4630 φροντίζεις
3452 4579 3467 4626 ;
3489 4565 3595 4627 Εἰς
3625 4561 3844 4630 ἄφεσιν

2252 4649 2552 4718 ἁμαρτιῶν
2575 4650 2770 4717 λέγεις,
2791 4652 2883 4703 καὶ
2907 4652 2970 4705 σὺ
2993 4650 3308 4721 προσθήκην
3332 4653 3644 4724 ἁμαρτιῶν,
3670 4657 3764 4707 καὶ
3789 4657 3843 4707 ἐν

2255 4741 2392 4811 αὐτῇ
2415 4743 2480 4812 τῇ
2506 4742 2786 4811 μεταδόσει
2823 4741 3062 4812 ὲργάζη;
3104 4742 3386 4813 Ἐννόησον
3427 4745 3531 4814 τῆς
3565 4747 3842 4817 τραπέζης

2258 4835 2471 4904 ἐκείνης
2505 4835 2603 4906 τῆς
2635 4835 2870 4905 φοϐερᾶς
2901 4835 2994 4888 τοῦ
3022 4835 3241 4889 δειπνοῦ
3280 4836 3376 4888 τοῦ
3410 4840 3676 4905 μυστικοῦ
3703 4839 3842 4912 [κατ’

2257 4925 2372 4979 ἔλλε
2383 4927 2497 4996 ιψον
2511 4925 2623 4992 τοῦ,
2642 4944 2706 4978 πε
2715 4925 2812 4998 p‘t],
2827 4927 2920 4980 καὶ
2933 4927 2991 4978 εὑ
3001 4929 3184 4998 ρήσεις
3199 4929 3256 4980 ἐν
3273 4929 3467 4998 ἐκείνῳ
3479 4928 3696 4982 ᾶπαντα
3715 4932 3842 4999 ἡμῖν

2256 5020 2506 5081 τυπικῶς
2523 5035 2747 5090 προειρη
2758 5018 2909 5088 μένα.
2921 5019 3149 5090 Ἵδωμεν
3164 5018 3398 5072 δυσωπῶ
3411 5021 3514 5072 ἒκα
3523 5038 3648 5085 στος
3667 5023 3840 5092 ἡμῶν,

2259 5111 2376 5175 πῶς
2425 5113 2482 5164 ὲν
2529 5110 2700 5182 ταύτῃ
2751 5112 3150 5182 παριστάμεθα,
3191 5112 3388 5181 μήπως
3421 5114 3517 5165 καὶ
3565 5115 3732 5184 ἡμεῖς
3771 5114 3839 5178 ὡς

2272 5203 2472 5266 Ἰούδας
2497 5205 2586 5256 τὸν
2620 5203 2854 5274 Χριστὸν
2881 5205 2991 5266 τοῖς
3025 5207 3234 5272 νοητοῖς
3271 5204 3550 5268 Ἰουδαίοις
3577 5206 3840 5276 προδίδωο

2262 5314 2381 5369 μεν.
2405 5298 2572 5351 Ὅταν
2606 5295 2714 5365 γὰρ
2739 5295 2834 5347 σὺν
2871 5295 3018 5364 αὐτῷ
3041 5294 3408 5366 διατρίϐοντες
3441 5297 3501 5347 ἐν
3532 5299 3600 5366 τῇ
3637 5297 3840 5368 φοϐερᾷ

2256 5381 2564 5460 λειτουργία
2593 5389 2684 5439 καὶ
2713 5387 2892 5458 θυσίᾳ,
2917 5386 3103 5456 χώραν
3127 5384 3204 5455 τῷ
3233 5386 3446 5456 Σατανᾷ
3486 5385 3752 5458 δώσωμεν
3785 5390 3840 5441 δν

2257 5485 2323 5553 τῇ
2359 5481 2554 5552 καρδίᾳ
2591 5484 2658 5553 τῇ
2686 5481 2953 5550 ἡμετέρα,
2976 5479 3126 5531 οἰδὲν
3163 5496 3326 5549 ηττον
3354 5479 3452 5531 καὶ
3503 5481 3668 5549 ἡμεῖς
3699 5498 3837 5551 παρ-

2261 5573 2564 5643 εδώκαμεν.
2590 5572 2653 5625 Τί
2672 5571 2726 5624 δὲ
2755 5571 2847 5624 καῖ
2869 5574 2895 5624 ὁ
2913 5570 3111 5641 νιπτὴρ
3138 5569 3165 5621 ὁ
3195 5569 3423 5641 φοϐερὸς
3455 5572 3607 5642 ἡμᾶς
3633 5573 3834 5634 ἐκεῖνος
