4006 6516
236 332 381 400 3245

1360 336 1457 399 DE
1496 336 1816 397 PERSICA
1848 336 2365 400 CAPTIVITATE.

3336 344 3476 412 3⁸246

228 448 494 513 διδάσκει,
519 438 611 501 καὶ
647 446 790 519 ἢτοῦ
838 447 1043 501 λεντίου
1083 446 1415 520 περίζωσιςς
1440 449 1553 521 Τὴν
1578 451 1688 505 τῶν
1717 452 1797 505 δι-

1904 450 2222 520 praecinetio
2254 451 2449 507 lintei?
2483 467 2678 524 nempe
2722 452 3103 526 magistrorum
3168 467 3329 530 atque
3383 479 3479 532 pa-

228 539 534 602 δασκάλων,
581 538 676 591 καὶ
728 538 1003 608 ποιμένων
1049 538 1207 608 δῆλον
1239 540 1320 592 ὅτι
1357 542 1793 608 ωγκατάϐασιν.

227 632 295 684 Τί
315 631 373 685 δὲ
405 631 555 701 δηλοῖ
578 629 658 693 τὸ,
690 631 997 701 ἀρξάμενον
1012 631 1120 684 ἀπὸ
1141 630 1250 684 τῶν
1282 632 1524 702 ἐσχάτων
1562 634 1668 697 ἓως
1696 634 1805 688 τῶν

228 725 465 793 πρώτων
518 720 726 776 νίπτειν
763 721 889 786 τοὺς
944 721 1142 789 πόδας;
1178 723 1549 777 Ἀκουέτωσαν
1599 727 1647 778 oi
1706 726 1805 790 τὰς

226 813 632 883 προκαθεδρίας
660 813 971 883 ζητοῦντες,
1008 813 1125 876 πῶς
1152 814 1182 866 ὁ
1221 814 1453 885 Χριστὸς
1476 816 1604 879 τοὺς
1649 817 1807 887 ὲσχάο

224 922 357 967 τους
391 904 659 971 ἐδόξασεν,
692 905 772 958 διὸ
798 906 892 958 καὶ
928 905 1134 973 ἔλεγεν⁸
1167 907 1445 960 Ἔσονται
1476 910 1528 961 οἱ
1559 908 1804 976 ἔσχατοι

223 995 575 1063 πρῶτοι,καί
600 999 653 1050 οί
675 996 889 1063 πρῶτοι
916 998 1184 1064 ἔσχατοι.
1202 998 1311 1050 Καὶ
1338 999 1397 1050 ὲν
1428 1000 1527 1067 μὲν
1550 1002 1615 1069 τῇ
1639 999 1805 1069 βίϐλῳ

223 1085 330 1156 τῆς
367 1086 533 1156 ζωῆς,
571 1087 632 1139 οὐ
667 1087 1023 1157 φροντίζομεν
1039 1086 1158 1140 οὐδὲ
1188 1088 1393 1157 πρῶτοι
1434 1089 1552 1142 οὐδὲ
1576 1090 1793 1159 ἔσχατοι

222 1176 619 1248 ἀπογραφῆναι
639 1193 654 1207 ο
687 1178 745 1232 ὲν
790 1176 847 1229 δὲ
876 1179 943 1246 τῇ
983 1176 1191 1249 ματαίᾳ
1212 1177 1340 1251 δόξῃ
1368 1178 1479 1230 τῶν
1505 1177 1805 1248 ἀνθρώπων

226 1267 563 1338 μαινόμεθα,
620 1267 715 1320 καὶ
747 1267 1000 1337 ἀλλήλοις
1036 1267 1125 1322 διὰ
1166 1267 1373 1339 ταύτην
1420 1268 1800 1339 κατεσθίομεν.

300 1360 399 1423 Τίς
421 1360 569 1412 ἐστιν
599 1358 846 1428 πρῶτος;
879 1359 962 1422 τίς
1002 1360 1150 1413 ἐστὶν
1206 1360 1432 1429 ἔσχατος
1452 1359 1693 1425 ;’Βούλει
1721 1377 1803 1413 σοι

222 1448 395 1513 εἴπω,
448 1448 531 1510 τίς
575 1449 604 1500 ὁ
630 1449 844 1519 πρῶτος
867 1449 1019 1518 παρά
1065 1450 1287 1520 Χριστῷ
1308 1465 1321 1478 ·
1348 1450 1578 1504 ἄκουσον
1604 1449 1804 1514 εὐθέως

220 1539 384 1599 τίνας
414 1538 741 1608 μακαρίζει’
781 1538 1086 1607 Μακάριοι,
1123 1541 1310 1610 φησὶν,
1357 1543 1411 1594 οἱ
1456 1540 1677 1608 πτωχοί
1723 1540 1804 1606 τῷ

222 1629 539 1695 πνεύματι,
571 1628 660 1682 ὅτι
689 1629 885 1683 αὐτῶν
915 1631 1084 1683 ἐστίν
1111 1632 1149 1699 ἠ
1174 1632 1463 1695 ,ϐασιλεία
1486 1630 1602 1683 τῶν
1625 1633 1803 1699 οὐρα-

220 1720 376 1773 γῶν.
410 1723 500 1791 Μὴ
533 1716 706 1783 εἶπεν,
750 1721 1022 1791 Μακάριοι
1058 1724 1105 1774 oi
1150 1723 1355 1793 πρῶτοι
1390 1721 1468 1793 τῷ
1500 1722 1733 1792 σώματι,
1764 1720 1798 1791 ἢ

221 1814 280 1867 οἱ
320 1811 523 1882 πρῶτοι
552 1811 629 1882 τῷ
656 1810 953 1881 ἀξιώματι,
982 1812 1015 1883 ἢ
1043 1817 1101 1868 ἐν
1122 1814 1483 1884 ¹διαδήμοισινς
1518 1812 1801 1882 Οὐδαμῶς.
1835 1808 1877 1862 Β

222 1903 405 1960 Πᾶσα
428 1902 537 1973 γὰρ
567 1903 716 1967 δόξα
741 1902 1053 1971 ἀνθρώπου
1083 1904 1163 1968 ὡς
1183 1903 1365 1969 ἄνθος
1387 1904 1623 1972 χόρτου.
1647 1904 1803 1958 Πᾶσα

220 1994 533 2057 δυναστεία,
563 1992 640 2056 ὠς
671 1993 798 2046 σκιά
830 1994 1164 2064 μεσὲμϐρσυ,
1194 1995 1243 2046 εἰ
1270 1994 1365 2046 καὶ
1394 1992 1489 2047 νῦν
1520 1992 1665 2057 τινὲς
1706 1996 1804 2047 ὲπ-

221 2084 511 2156 αίρωνται.
542 2083 653 2136 Ποῦ
686 2084 735 2136 oi
774 2083 830 2149 ἐξ
876 2086 1070 2146 αἰῶνος
1110 2083 1386 2153 βασιλεῖς;
1427 2083 1563 2153 πρὸς
1607 2085 1805 2147 αὐτοὺς

220 2174 342 2243 γὰρ
362 2172 797 2243 ἀποφθέγξομαν
823 2173 917 2226 καὶ
946 2171 1102 2226 αὐτοὶ
1129 2173 1238 2242 γὰρ
1262 2172 1558 2243 ἄνθρωποι,
1587 2173 1804 2243 καὶτῆς

219 2264 508 2335 ἡμετέρας
541 2262 757 2333 φύσεως
784 2263 1142 2334 ὑπάρχουσιν.
1173 2262 1282 2316 Ποῦ
1324 2264 1371 2316 oi
1403 2263 1644 2317 τοσοῦτοι
1673 2264 1803 2333 ήγε-

225 2359 430 2427 μόνες;
460 2354 564 2409 ποῦ
594 2355 646 2409 οἱ
674 2355 968 2418 δυνάσται;
999 2354 1103 2408 ποῦ
1130 2357 1179 2408 οἱ
1211 2353 1551 2419 ἐξουσιασταί
1568 2373 1583 2421 ;
1620 2357 1679 2409 Ei
1704 2355 1803 2425 μὲν

219 2446 412 2516 ἀγαθά
452 2444 809 2517 διεπράξαντο
832 2486 848 2513 ,
894 2446 990 2501 καὶ
1037 2447 1137 2509 τὰς
1194 2447 1576 2511 πιστευθείσας
1618 2448 1803 2512 αὐτοῖς

218 2537 410 2608 ψυχὰς
435 2537 719 2603 διέσωσαν,
751 2536 970 2601 πάντως
997 2538 1055 2589 ὲν
1094 2540 1205 2601 τοῖς
1241 2537 1587 2609 ἐπουρανίοις
1626 2540 1803 2610 ὑπάρ-

219 2645 444 2700 χουσινο
474 2630 524 2682 εί
551 2628 608 2682 δὲ
636 2629 734 2700 τῆς
774 2628 1010 2699 ποίμνης
1040 2627 1346 2699 ἠμέλησαν,
1371 2629 1589 2694 πάντως
1615 2632 1673 2686 ὲν
1690 2634 1804 2695 τοῖς

222 2719 605 2791 καταχθονίοις
649 2719 1037 2792 διατρίϐουσιν.
1085 2721 1468 2789 numerame,
1499 2721 1722 2789 πάντες
1748 2722 1804 2777 οὶ

222 2814 538 2883 κρίνοντες
559 2811 674 2881 τὴν
697 2810 831 2883 τῆν·
863 2811 1237 2866 δουλεύσατε
1276 2812 1358 2879 τῷ
1381 2815 1576 2882 Κυρίῳ
1605 2815 1676 2870 ἐν
1698 2816 1805 2885 φά-

224 2910 333 2972 σῳ·
365 2905 683 2961 δουλεύσατε
704 2903 851 2971 αὖτῷ
876 2904 936 2959 ὲν
950 2904 1199 2977 ἀληθεία,
1223 2905 1324 2959 καί
1350 2905 1804 2975 ἁγαλλιάσασθε

223 2998 392 3063 αὐτῷ
417 2999 711 3068 ὲντρόμῳ.
739 2998 834 3061 Et;
860 2996 1151 3068 πρόσωπον
1172 2996 1281 3068 γὰρ
1308 2996 1475 3051 αὑτοῦ
1504 2997 1651 3068 ὑμᾶς
1678 2998 1804 3054 ἐτα-

224 3091 325 3156 ξεν
349 3089 443 3141 ἐπὶ
466 3087 566 3158 τῆς
585 3088 709 3158 γῆς.
741 3086 1073 3155 Παιδεύθητι
1098 3086 1163 3139 ὲκ
1184 3084 1286 3154 τῆς
1303 3084 1469 3139 αὑτοῦ
1498 3086 1803 3155 φιλανθρω-

225 3181 387 3248 πίας,
413 3181 505 3234 καὶ
534 3180 609 3251 μὴ
643 3177 1007 3234 ἀναϐάλλεσθε
1029 3176 1128 3241 τάς
1148 3177 1256 3230 τῶν
1288 3176 1557 3247 δεομένων
1576 3177 1803 3242 ἱκεσίας.

237 3270 304 3323 '0
331 3270 441 3342 γὰρ
468 3269 595 3323 λαοῦ
620 3269 1016 3341 προϊστάμενος
1044 3266 1139 3322 καὶ
1166 3266 1376 3338 κεφαλὴ
1407 3266 1689 3338 ὑπάρχων,
1717 3267 1808 3322 εὑ-

225 3366 367 3434 χιρῆ
396 3361 741 3433 ἀληθῶςξτὴν
784 3360 1080 3427 ἀπώλειαν,
1111 3359 1252 3431 ὐπὶρ
1287 3357 1387 3431 τὴν
1420 3359 1689 3430 σωτηρίαν
1714 3358 1809 3413 κέ-

226 3470 455 3525 κτηται.
473 3454 536 3506 Οί
559 3454 667 3524 γὰρ
698 3451 806 3506 τῶν
829 3449 1334 3521 παραπονουμένων
1361 3448 1676 3520 στεναγμοὶ,
1706 3448 1808 3503 οὐκ

225 3546 397 3599 ἐῶσιν
428 3545 593 3599 αὐτοῦ
629 3544 726 3614 τὴν
765 3542 1074 3616 προσευχὴν
1112 3543 1249 3614 πρὸς
1286 3542 1417 3596 Θεὸν
1448 3540 1806 3613 ἀνέρχεσθαι·

226 3637 351 3693 ἀλλ’
392 3636 582 3707 ὥσπερ
612 3638 789 3706 τεῖχος
839 3634 1112 3707 σιδηροῦν,
1137 3633 1312 3697 οὕτως
1345 3631 1514 3705 αὐτὴν
1539 3632 1808 3703 ἀντιπέμο

225 3746 448 3796 πουσιν,
476 3730 569 3783 καὶ
601 3729 881 3799 ἄπρακτον
910 3726 1334 3798 ἀπεργάζονται.
1385 3726 1577 3794 Μέγας
1625 3726 1654 3778 ὁ
1697 3724 1809 3780 τῶν

225 3821 419 3892 ψυχῶν
462 3821 732 3885 κίνδυνος
768 3818 911 3891 μέγα
955 3818 1017 3872 τὺ
1057 3820 1263 3873 τούτων
1295 3819 1537 3889 φορτίον
1573 3816 1807 3889 φοϐερὸν

226 3914 297 3966 τὸ
319 3913 523 3967 τούτων
550 3916 743 3984 κρῖμα,
775 3913 872 3965 καὶ
895 3914 1009 3975 τοῖς
1047 3911 1262 3975 πολλοῖς
1287 3912 1646 3966 ἐπικίνδυνον.

304 4007 628 4077 Μετρήσατε
678 4005 738 4073 ἐξ
795 4004 1024 4068 ἑαυτῶν,
1067 4004 1160 4057 καὶ
1189 4002 1361 4068 οὕτως
1407 4004 1516 4058 τῶν
1540 4004 1806 4075 δεομένων

229 4098 581 4153 είσακούσετε
626 4099 683 4150 ὲν
731 4098 906 4168 τάχει,
940 4096 1127 4169 ὥσπερ
1159 4097 1256 4151 καὶ
1304 4097 1461 4168 ὑμεῖς
1509 4096 1660 4165 παρὰ
1686 4096 1806 4167 Θεῷ

231 4190 526 4245 σπεύδεται
555 4190 989 4259 ὑπακουσθήναι.
1030 4189 1353 4244 Ἀναλὸιὸετε
1390 4189 1489 4259 τὴν
1539 4189 1648 4243 τῶν
1694 4191 1807 4243 ἱκε-

230 4283 503 4337 τευόντων
562 4282 706 4350 ὑμᾶς
739 4281 939 4351 θλίψιν,
972 4281 1070 4338 καὶ
1116 4281 1378 4352 ποιήσατε
1436 4281 1495 4335 ὲν
1523 4280 1678 4351 τάχει
1707 4280 1807 4352 τὴν

230 4374 453 4428 δικαίαν
483 4374 784 4446 ἐκδίκησιν.
811 4375 924 4427 Οὐκ
954 4373 1129 4428 οίδατε
1158 4375 1241 4427 ὅτι
1272 4373 1410 4444 μετὰ
1434 4374 1533 4445 τὴν
1555 4373 1615 4439 ἐξ
1638 4373 1805 4443 ὕψους

1912 550 2123 599 storum
2174 545 2699 616 modestiamjdocet
2756 564 2819 604 ac
2868 550 3276 607 demissionem.
3333 555 3474 621 Quid

1907 650 2095 705 porro,
2124 639 2269 707 quod
2302 638 2571 709 incipiens
2592 656 2621 694 a
2646 642 2960 697 novissimis
2978 643 3044 697 ad
3073 643 3283 713 primos
3302 660 3478 716 usque

1906 729 2053 783 lavet
2081 730 2291 799 pedes?
2349 730 2589 787 Audiant
2614 734 2707 803 qui
2741 734 2949 804 primas
2976 746 3230 804 quaerunt
3270 738 3431 792 sedes
3462 782 3475 803 ,

1906 837 2013 891 qua
2033 820 2285 879 Christus
2314 826 2527 879 ratione
2554 826 2881 881 novissimos
2898 827 3304 893 elariﬁeaverit,
3333 830 3477 885 unde

1905 921 1962 969 et
1990 914 2242 969 dicebat:
2293 916 2470 971 Erunt
2506 918 2773 971 novissimi
2802 919 2982 987 primi,
3016 927 3064 972 et
3099 921 3258 989 primi
3305 924 3479 975 novis—

1903 1006 2025 1058 simi
2065 1006 2130 1060 ³⁸.
2160 1007 2236 1073 Ac
2271 1008 2495 1077 quidem
2526 1008 2580 1063 in
2608 1009 2751 1063 libro
2791 1010 2917 1063 vitae
2952 1026 3059 1064 non
3103 1026 3361 1066 curamus
3393 1014 3478 1066 vel

1906 1096 2068 1165 primi
2097 1097 2471 1162 describi,vel
2521 1100 2847 1155 novissimi:
2897 1112 2959 1157 ut
2999 1112 3184 1157 autem
3229 1104 3283 1159 in
3328 1107 3477 1161 inani

1905 1185 2191 1241 hominum
2217 1189 2411 1258 gloria,
2450 1190 2627 1245 insani
2659 1192 2954 1259 ambimus,
2994 1194 3174 1265 obque
3216 1196 3362 1252 illam
3389 1199 3477 1253 in-

1904 1276 2082 1331 vicem
2105 1277 2455 1335 devoramus.

1975 1366 2113 1434 Quis
2153 1369 2365 1438 primus
2399 1372 2672 1441 est?quis
2713 1374 3087 1430 novissimus?
3130 1377 3226 1433 Vis
3274 1377 3475 1443 dicam,

1904 1457 2028 1527 quis
2070 1458 2214 1528 apud
2245 1459 2525 1514 Christum
2564 1463 2790 1517 exsistat
2827 1463 3076 1533 primus?
3113 1466 3252 1521 Audi
3292 1469 3475 1522 statim

1904 1563 2172 1617 quosnam
2222 1550 2414 1605 beatos
2456 1555 2815 1622 pronuntiet:
2861 1556 3032 1621 Beati,
3088 1558 3288 1628 inquit,
3346 1579 3480 1632 pau-

1905 1655 2051 1708 peres
2079 1642 2290 1711 spiritu,
2332 1645 2455 1712 quia
2486 1646 2719 1715 ipsorum
2752 1655 2827 1700 est
2863 1664 3083 1718 regnum
3128 1650 3376 1705 cwlorum
3408 1654 3473 1705 ³ο.

1904 1729 2047 1783 Num
2082 1731 2248 1785 dixit:
2280 1732 2430 1789 Beati
2461 1736 2554 1805 qui
2598 1751 2826 1807 corpore
2863 1740 3022 1809 primi
3064 1749 3211 1808 sunt,
3258 1752 3352 1797 aut
3383 1746 3477 1814 qui

1904 1822 2070 1892 primi
2116 1823 2418 1895 dignitate?
2449 1828 2567 1882 sive
2595 1829 2689 1897 qui
2727 1829 2938 1899 fulgent
2976 1832 3328 1888 diademate?
3368 1836 3477 1890 Ne-

1904 1929 2201 1983 quaquam.
2229 1915 2409 1971 Omnis
2426 1919 2571 1972 enim
2596 1919 2765 1989 gloria
2787 1922 3009 1975 hominis
3022 1924 3153 1977 sicut
3170 1928 3264 1995 ﬂos
3288 1927 3394 1995 feni
3411 1928 3475 1981 ³⁸.

1904 2004 2098 2060 Omnis
2142 2007 2409 2075 potentia
2439 2008 2593 2063 velut
2638 2011 2833 2065 umbra
2883 2013 3209 2080 meridiana,
3261 2020 3474 2072 tametsi

1903 2110 2053 2150 nunc
2070 2096 2291 2166 quidam
2313 2098 2635 2155 efferantur.
2654 2101 2886 2157 Ubinam
2912 2120 3089 2175 reges,
3107 2107 3199 2176 qui
3228 2123 3258 2163 a
3278 2111 3477 2165 szeculu

1903 2188 2159 2245 fuerunt?
2201 2192 2268 2246 ad
2311 2208 2410 2249 eos
2465 2195 2614 2249 enim
2659 2204 2815 2251 verto
2856 2213 3201 2256 sermonem:
3246 2218 3374 2257 nam
3421 2217 3478 2259 et

1904 2280 2008 2351 ipsi
2044 2283 2298 2341 homines
2341 2297 2489 2351 sunt,
2522 2301 2588 2343 ac
2621 2288 2870 2358 ejusdem
2912 2290 3205 2347 nobiscum
3244 2302 3472 2350 naturae.

1903 2372 2137 2429 Ubinam
2171 2376 2308 2431 tanti
2339 2377 2417 2431 illi
2450 2377 2662 2433 duces?
2695 2378 2788 2434 ubi
2824 2382 3155 2452 optimates?
3179 2384 3274 2440 ubi
3320 2387 3475 2456 prin-

1902 2468 2095 2537 cipes?
2120 2469 2285 2524 Plane
2310 2468 2354 2524 si
2376 2468 2598 2540 quidem
2617 2470 2762 2527 bona
2779 2474 3114 2543 egerunt,’ae
3135 2472 3479 2530 eonereditas

1901 2560 2007 2615 sibi
2038 2560 2247 2615 animas
2280 2562 2516 2633 sospites
2561 2571 2874 2629 servarunt,
2922 2565 2978 2619 in
3018 2565 3335 2622 caelestibus
3363 2580 3480 2621 om-

1901 2651 2035 2706 nino
2067 2652 2373 2708 exsistunt:
2436 2654 2525 2709 sin
2583 2664 2766 2711 autem
2821 2656 3186 2727 neglexerunt
3229 2673 3470 2728 gregem,

1902 2745 2196 2813 prorsusin
2213 2744 2403 2799 inferis
2424 2745 2813 2801 demorantur:
2836 2747 3153 2809 Erudimini.
3182 2764 3373 2802 omnes
3391 2750 3480 2819 qui

1895 2834 2151 2903 judicatis
2174 2844 2372 2889 terram
2398 2852 2418 2901 ;
2442 2838 2631 2891 servite
2670 2837 2893 2891 Domino
2925 2839 2981 2890 in
3030 2839 3215 2892 timore
3235 2838 3301 2893 ⁸⁸.
3344 2838 3479 2895 Ser-

1901 2926 2016 2981 vite
2049 2925 2127 2981 illi
2159 2927 2215 2981 in
2249 2928 2507 2994 veritate,
2568 2937 2619 2983 et
2653 2929 2913 2983 exsultare
2956 2932 3005 2984 ei
3048 2932 3102 2984 in
3142 2940 3366 2985 tremore
3407 2931 3476 2986 ³³.

1909 3016 2174 3072 Vosenim
2197 3024 2259 3071 ut
2278 3020 2395 3089 ejus
2410 3033 2698 3088 personam
2722 3019 3297 3090 gereretis,constiluit
3313 3037 3480 3091 super

1832 3143 1875 3203 ο
1908 3115 2135 3162 terram.
2181 3109 2259 3163 Ex
2306 3109 2459 3165 illius
2504 3109 2794 3165 clementia
2842 3111 3176 3167 documento
3227 3122 3475 3182 accepto,

1906 3198 2078 3253 nolite
2109 3199 2422 3270 rogantium
2454 3214 2573 3262 vos,
2620 3214 2684 3254 ac
2715 3216 3015 3270 egenorum
3047 3202 3479 3272 supplicationes

1908 3290 2151 3345 differre.
2203 3290 2308 3357 Qui
2363 3290 2510 3346 enim
2566 3292 2771 3361 populo
2805 3292 3079 3361 praesidet,
3121 3308 3186 3349 ac
3222 3293 3275 3348 ei
3312 3301 3479 3363 caput

1905 3381 2196 3451 praefectus
2216 3390 2320 3448 est,
2352 3380 2570 3438 facilius
2598 3397 2792 3438 revera
2816 3382 3181 3453 perditionem
3210 3382 3473 3447 inveniat,

1905 3488 2068 3543 quam
2100 3482 2159 3528 ut
2192 3474 2423 3529 salutem
2452 3474 2827 3531 nanciscatur.
2866 3473 3206 3531 Aﬂlictorum
3238 3491 3476 3546 namque

1905 3565 2141 3637 gemitus
2184 3582 2293 3621 non
2340 3566 2530 3621 sinunt
2579 3576 2641 3622 ut
2684 3568 2804 3638 ejus
2834 3565 2903 3621 ad
2928 3566 3099 3622 Deum
3130 3583 3325 3638 preces
3377 3583 3472 3623 su-

1906 3654 2106 3710 blimes
2139 3655 2425 3723 ferantur;
2454 3656 2551 3712 sed
2586 3665 2846 3728 tanquam
2888 3674 3080 3714 murus
3112 3658 3344 3725 ferreus,
3396 3660 3479 3714 sic

1909 3746 1987 3801 illi
2018 3746 2116 3802 bas
2150 3748 2443 3818 repellunt,
2480 3764 2544 3804 ac
2581 3749 2767 3804 irritas
2819 3749 3078 3804 reddunt.
3122 3749 3321 3820 Ingens
3358 3751 3477 3804 ani-

1907 3853 2121 3893 morum
2152 3839 2485 3909 periculum,
2524 3841 2719 3912 ingens
2763 3841 2959 3897 hoi'um
2997 3857 3161 3897 onus.
3208 3841 3477 3898 Tremen-

1904 3930 2036 3985 dum
2064 3930 2355 4002 judicium,
2396 3949 2457 3988 ac
2481 3934 2666 3989 multis
2691 3934 2821 3989 aleae
2856 3935 3097 4004 plenum.

1974 4024 2056 4079 Ex
2085 4023 2261 4091 vobis,
2298 4025 2400 4094 ipsi
2448 4041 2544 4082 vos
2585 4025 2888 4081 metimini:
2927 4025 3118 4097 sicque
3170 4024 3281 4081 cito
3320 4027 3479 4083 vobis

1905 4116 2180 4187 supplices
2208 4116 2537 4182 exaudietis,
2570 4118 3032 4188 quemadmodum
3051 4127 3113 4174 ut
3136 4119 3279 4189 apud
3304 4120 3476 4174 Deum

1903 4205 2270 4260 exaudiamini
2296 4206 2397 4276 ipsi
2430 4207 2696 4278 satagitis.
2744 4208 3010 4262 Recreate
3050 4224 3213 4278 quam
3239 4209 3314 4263 illi
3338 4208 3477 4263 ami-

1907 4297 2153 4352 ctionem
2182 4298 2476 4361 sustinent,
2507 4314 2569 4353 ac
2597 4300 2798 4370 justam
2821 4299 2984 4353 cilius
3005 4298 3167 4354 facite
3193 4300 3475 4354 ultionem.

1904 4388 2045 4443 Num
2070 4390 2299 4445 nescitis
2337 4390 2639 4445 secundum
2690 4405 2984 4460 supernam
3041 4406 3224 4461 opem,
3284 4392 3339 4445 in
3379 4407 3479 4447 vos

230 4464 508 4536 βοήθειαν,
543 4467 624 4529 εἰς
656 4466 801 4535 ὑμᾶς
828 4466 1027 4527 πάντες
1063 4466 1113 4518 οἱ
1155 4464 1624 4536 καταπονούμενοι
1657 4467 1797 4519 ἀπο-

1907 4479 2153 4533 omnium
2185 4494 2481 4533 conversos
2506 4478 2697 4533 oculos
2725 4478 2819 4549 qui
2868 4479 3084 4549 injuriis
3124 4480 3250 4534 ullis
3288 4483 3477 4550 oppri-

227 4556 557 4623 6λέπουσιν;
600 4557 816 4628 Ὀρᾶτε,
852 4556 1149 4627 προσέχετε
1198 4556 1396 4627 ὑμεῖς·
1429 4556 1505 4627 μὴ
1552 4557 1801 4625 εὐλογίας

228 4648 357 4703 κατ’
381 4648 560 4702 αὐτῶν
612 4650 721 4705 τῶν
752 4649 1124 4718 ἀδικουμένων
1151 4647 1476 4719 κομίσησθε,
1499 4648 1803 4718 δυναμένας

226 4740 401 4802 ὅντως
421 4741 652 4812 χωρίσαι
682 4741 825 4811 ὑμᾶς
846 4742 941 4793 τοῦ
968 4741 1260 4810 προσώπου
1288 4740 1384 4793 τοῦ
1416 4737 1552 4793 Θεοῦ
1570 4756 1584 4771 ο
1630 4739 1801 4803 τύπος

226 4833 400 4886 πᾶσιν
424 4832 732 4905 ἀνθρώποις
785 4832 1022 4901 γίνεσθε,
1055 4831 1224 4897 τύπος
1259 4832 1483 4901 ἀγαθὸς,
1512 4831 1683 4895 τύπος
1706 4831 1801 4886 καὶ

226 4925 537 4996 ὑπόδειγμα
587 4926 767 4996 πάσης
815 4923 1211 4996 ἀγαθοεργίας·
1248 4924 1417 4989 τύπος
1451 4926 1756 4997 πραότητος
1782 4942 1797 4956 ·

224 5018 325 5069 καὶ
357 5018 464 5088 πρὸ
510 5016 729 5070 πάντων
766 5017 1190 5088 ἀμνησικακίας.
1245 5016 1427 5070 Τύπον
1479 5017 1712 5088 ἔχοντες,
1740 5019 1803 5073 τὸ

228 5108 428 5178 μέλλον
480 5109 985 5181 ἀπροσωπόληπτον
1011 5111 1382 5181 δικαστήριον,
1420 5110 1512 5163 τὸν
1538 5110 1802 5182 ἀδωροδό-

222 5216 395 5269 κητον
421 5200 630 5270 κριτὴν,
662 5200 737 5272 μὴ
771 5201 859 5255 διὰ
883 5202 989 5255 τῶν
1008 5201 1196 5273 δώρων
1224 5202 1314 5254 τὸν
1344 5201 1565 5273 ἱδρῶτα,
1598 5202 1797 5272 μᾶλλον

222 5290 284 5343 δὲ
310 5291 378 5343 τὰ
412 5292 619 5361 αἵματα
664 5291 775 5344 τῶν
816 5292 1001 5363 χηρῶν
1039 5294 1133 5346 καὶ
1162 5292 1412 5364 ὀρφανῶν
1460 5293 1796 5346 κατεσθίετε.

223 5376 357 5444 Πῦρ
388 5382 517 5453 γὰρ,
552 5385 716 5453 φησὶν
763 5384 792 5435 ὁ
837 5384 1117 5454 Σολομὼν,
1170 5384 1564 5454 καταφάγεται
1596 5386 1801 5452 οἴκους

224 5472 624 5541 δωροδοκιῶν.
656 5477 746 5547 Μὴ
785 5476 869 5529 διὰ
925 5477 1071 5547 δῶρα
1124 5477 1427 5547 πιπράσετε
1475 5477 1535 5530 τὸ
1574 5477 1798 5545 δίκαιον,

226 5565 320 5619 ἴνα
353 5564 427 5635 μὴ
456 5565 530 5628 ὡς
550 5568 781 5636 Χριστὸν
803 5569 1137 5640 πολήσαντες
1170 5569 1449 5640 κρίνησθε.

335 5742 380 5774 ²⁹
405 5742 595 5799 Matth.
640 5747 850 5811 ΠΛΟ.
965 5749 1008 5782 ³⁰
1043 5749 1233 5805 Matth.
1269 5767 1323 5816 ν,
1362 5750 1415 5804 5.

1414 5900 1502 5918 ’λυ

1528 5754 1567 5785 ³⁸
1608 5752 1712 5807 lsa.
1754 5769 1838 5821 XL,
1866 5754 1917 5808 6.

1906 4569 2171 4622 muntur?
2206 4567 2418 4633 Videte,
2452 4567 2755 4622 attendite:
2804 4569 2973 4625 nolite
3003 4584 3231 4623 munera
3277 4573 3479 4624 adver-

1906 4673 2000 4712 sus
2048 4659 2213 4726 ipsos,
2258 4673 2397 4727 quos
2448 4658 2662 4726 injuria:
2705 4658 2950 4729 fatigant,
3008 4662 3278 4730 accipere,
3330 4661 3478 4730 ejus-

1905 4748 2051 4803 modi
2090 4748 2249 4817 plane
2282 4757 2356 4815 ut
2393 4763 2422 4801 a
2475 4747 2573 4801 Dei
2613 4764 2710 4803 vos
2748 4748 2888 4804 facie
2939 4765 3193 4820 separare
3239 4750 3473 4804 valeant.

1906 4838 2134 4895 Cunctis
2173 4855 2365 4893 norma
2406 4848 2583 4895 estote
2637 4857 2651 4894 :
2706 4857 2899 4896 norma
2948 4843 3111 4907 bona,
3159 4856 3352 4896 norma
3412 4856 3478 4896 ac

1905 4932 2215 5001 exemplum
2284 4931 2411 4986 boni
2467 4932 2645 4988 omnis
2683 4935 2867 5003 operis
2915 4951 2929 4988 :
2982 4934 3228 4989 lenitatis
3276 4932 3474 4994 forma.

1907 5038 1970 5078 ac
2010 5024 2330 5093 cumprimis
2354 5025 2544 5089 animi,
2577 5041 2739 5095 quem
2783 5027 2932 5080 nulla
2977 5026 3302 5097 lnjuriarum
3356 5042 3474 5081 me-

1905 5115 2076 5170 moria
2120 5115 2372 5171 lacessat.
2424 5115 2527 5182 Qui
2553 5117 2801 5172 futurum
2839 5118 3101 5183 tribunal,
3134 5119 3282 5173 nulla
3316 5133 3476 5173 acce—

1904 5207 2108 5278 ptionis
2130 5223 2485 5277 personarum
2512 5209 2630 5263 labe
2656 5208 2928 5273 laborans,
2944 5209 3183 5279 judicem
3226 5208 3467 5261 muneri-

1905 5299 2008 5355 bus
2033 5299 2409 5370 incorruptum
2446 5301 2673 5355 formam
2705 5302 2991 5367 habeatis;
3026 5301 3195 5355 nolite
3224 5299 3474 5354 commit-

1908 5398 2025 5447 tere
2063 5400 2122 5445 ut
2155 5407 2444 5447 munerum
2489 5395 2808 5464 acceptione
2852 5393 3131 5457 sudorem,
3164 5406 3259 5446 seu
3290 5390 3475 5462 potius

1908 5483 2228 5553 sanguinem
2287 5484 2573 5539 viduarum
2641 5500 2704 5539 ac
2787 5484 3122 5555 pupillorum
3176 5482 3469 5539 devoretis.

1906 5572 2050 5646 Ignis
2068 5574 2236 5641 enim,
2264 5575 2446 5646 inquit
2495 5575 2775 5642 Salomon,
2801 5576 3065 5632 devoravit
3088 5575 3267 5632 domos
3294 5591 3475 5630 eorum

2032 5756 2074 5786 ³²
2106 5756 2245 5811 Psal.
2300 5773 2357 5827 ιι,
2395 5755 2480 5810 10.
2593 5756 2635 5787 ³³
2665 5752 2805 5833 Ibid.
2834 5753 2917 5809 il.
