4032 6498
589 406 727 476 324⁵7
1841 386 2152 448 INCERTI

2222 380 2565 445 LUCTORIS
3706 373 3814 440 3248

594 520 683 591 qui
730 528 949 571 munera
996 509 1217 564 libenter
1275 503 1538 574 accipiunt
1594 498 1661 555 ⁸⁸.
1719 496 1900 552 Nolite
1949 501 2178 566 propter
2210 505 2442 547 munera
2489 488 2581 560 jus
2606 483 2868 551 vendere,
2890 497 2961 539 ne
3025 492 3283 554 tanquam
3318 479 3518 538 Christi
3555 481 3818 543 venditores

591 607 801 682 judicio
837 601 1060 660 obnoxii
1091 599 1232 656 sitis.

666 701 729 756 In
754 709 1013 767 magnum
1043 705 1235 748 revera
1272 686 1512 745 stadium
1558 679 1815 754 provecti-
1854 679 2011 745 estis,
2065 688 2175 748 quo
2206 678 2251 735 A

2218 678 2251 735 Α
2304 765 2310 767 Α
2348 671 2442 734 Εἰς
2476 668 2618 739 μέγα
2655 666 2874 767 ἀληθῶς
2919 664 3170 767 ’σαξάμμα
3213 660 3544 734 προήχθητε,
3591 663 3810 739 ὀξυτέραν

592 788 901 863 promptior
930 785 1105 840 salute
1151 780 1420 844 interitio,
1478 775 1760 844 animique
1792 772 2026 827 exitium
2080 768 2172 824 sit.

2287 765 2408 835 ἕχον
2451 763 2552 831 τὴν
2586 760 2863 815 ἀπώλειαν
2911 757 3054 828 ὑπὲρ
3101 757 3201 826 τὴν
3260 754 3551 827 σωτηρίαν.
3582 757 3812 831 Εἰγὰρτδ

594 844 651 935 gi
691 844 914 948 quidem
956 872 1104 934 enim
1144 869 1383 941 ingentis
1439 863 1669 937 periculi
1711 862 1795 917 sui
1841 858 2018 930 ipsius
2064 856 2179 927 pri-

2283 852 2479 907 ὲαυτοῦ
2508 854 2689 923 κρῖμα
2714 848 2900 904 δοῦναι
2924 846 3173 906 κίνδυνος
3208 844 3712 925 μέγαςκαθέστηκε,
3742 852 3813 905 πό.

594 978 900 1038 vatumque
949 963 1223 1036 judicium
1272 967 1378 1023 est,
1432 964 1638 1027 quanto
1700 951 1873 1023 magis
1925 958 1988 1005 ut
2052 947 2178 1019 quis

2288 962 2366 1015 σῳ
2396 960 2462 1012 γε
2495 942 2695 1013 μᾶλλον
2732 939 2824 993 καὶ
2858 935 2952 991 τοῦ
2978 936 3109 991 λαοῦ
3134 953 3148 1002 ;
3173 934 3425 1006 Νήψατε,
3460 936 3540 988 ὅτι
3568 936 3702 1005 ἔχετε
3746 943 3815 995 καὶ

595 1032 763 1116 etiam
797 1024 990 1129 popilii
1039 1054 1265 1110 nomine
1309 1024 1627 1123 iudicetur?
1675 1037 1932 1115 Vigilate,
1960 1057 2089 1096 nam
2118 1047 2176 1095 et

2289 1037 2445 1108 ὑμεῖς
2469 1037 2527 1089 ὲν
2547 1033 2795 1102 οὐρανοῖς
2826 1026 3057 1082 Βασιλέα
3082 1026 3192 1080 τῶν
3226 1024 3513 1096 βασιλέων,
3538 1027 3625 1079 καὶ
3655 1028 3818 1101 Κριτὴν

599 1115 699 1209 vos
727 1115 948 1224 quoque
972 1151 1177 1219 Regem
1216 1115 1426 1215 regum,
1460 1139 1711 1195 iudicem
1756 1135 2031 1207 judicum,
2074 1133 2180 1187 Do-

2285 1128 2394 1183 τῶν
2412 1126 2615 1198 κριτῶν
2636 1141 2653 1157 ⁸
2680 1123 2948 1193 Δικαστὴν
2974 1119 3085 1173 τῶν
3112 1115 3409 1183 δικαστῶν,
3438 1120 3531 1172 καὶ
3548 1118 3726 1189 Κύριον
3740 1124 3819 1174 τῶν

2402 1218 2413 1224 -
2555 1217 2620 1224 -_
2699 1206 2729 1224 η
2869 1214 2880 1224 .
3151 1211 3163 1224 .
3465 1212 3489 1224 ,.
3510 1207 3525 1224 .
3652 1213 3674 1224 ,.
3807 1215 3817 1224 .

602 1246 816 1301 minum
845 1243 1197 1299 dominorum
1227 1236 1285 1290 in
1309 1232 1465 1289 ccelis
1480 1229 1700 1285 habetis
1725 1248 1739 1283 :
1767 1228 1832 1283 In
1863 1244 1965 1298 quo
1979 1224 2179 1297 judicio

2286 1218 2513 1290 κυρίων,
2555 1217 2660 1272 Ἔν
2689 1206 2736 1281 ᾧ
2783 1214 3019 1283 κρίματι
3065 1211 3320 1281 κρίνετε,
3352 1207 3716 1279 κριθήσεσθε
3748 1215 3819 1269 καὶ

607 1330 984 1394 iudicaveritis,
1012 1322 1379 1395 iudicabimini
1404 1337 1421 1375 :
1456 1329 1503 1374 et
1533 1320 1589 1373 in
1619 1334 1723 1389 qua
1748 1332 1993 1370 mensura
2016 1312 2181 1367 mensi

2286 1311 2358 1366 ἐν
2403 1304 2452 1378 ᾧ
2488 1309 2682 1380 μέτρῳ
2707 1305 2973 1377 μετρεῖτε
2997 1345 3014 1372 ,
3060 1303 3499 1375 μετρηθήσεται
3543 1305 3689 1374 ὑμῖν.
3713 1308 3822 1375 Περὶ

605 1421 833 1493 fueritis,
865 1418 1173 1473 remetietur
1204 1415 1345 1469 vobis
1383 1412 1451 1467 ⁸⁸.
1499 1409 1575 1465 De
1599 1408 1758 1463 vobis
1784 1407 2178 1461 admonemur:

2291 1402 2447 1475 ὑμῶν
2475 1399 2991 1474 παραγγελλόμεθα,
3029 1398 3127 1466 Μὴ
3150 1398 3497 1453 πεποιθέναι
3534 1397 3619 1451 ἐπ’
3659 1398 3825 1467 ἄρχον-

604 1484 779 1566 iVolite
814 1484 1074 1577 conﬁdere
1100 1507 1156 1559 in
1189 1501 1533 1576 principibus,
1564 1501 1620 1553 in
1646 1498 1771 1568 ﬁliis
1800 1497 2091 1560 hominum,
2127 1493 2183 1547 in

2288 1513 2416 1563 τας,
2443 1494 2542 1549 ἐπὶ
2574 1492 2743 1559 υἱοὺς
2786 1492 3118 1561 ἀνθρώπων
3145 1484 3234 1557 οἷς
3262 1492 3373 1544 οὐκ
3400 1488 3567 1545 ἐστιν
3592 1492 3821 1557 σωτηρία.

602 1602 790 1674 quibus
822 1617 924 1653 non
959 1607 1035 1652 est
1066 1596 1213 1651 satus
1238 1597 1303 1649 “.
1341 1595 1420 1648 Ac
1460 1592 1621 1663 plane
1660 1580 1893 1644 merito.
1922 1587 2057 1643 Nam
2090 1583 2184 1654 qui

2290 1589 2403 1644 Καὶ
2453 1587 2598 1659 μάλα
2652 1583 2903 1649 εἰκότως.
2949 1584 3010 1637 '0
3044 1582 3142 1654 μὲν
3187 1582 3297 1653 γὰρ
3327 1582 3507 1653 ψυχὴν
3551 1580 3736 1646 σώζων,
3771 1581 3826 1645 ὡς

605 1692 781 1748 salvat
812 1703 1074 1753 animam,
1126 1687 1240 1741 Deo
1292 1682 1569 1740 conditori
1613 1679 1809 1737 similis
1847 1696 1862 1732 :
1920 1691 2049 1749 ergo
2087 1674 2184 1747 qui

2292 1680 2427 1743 Θεὸς
2455 1681 2485 1733 6
2521 1678 2743 1743 κτίζωνο
2774 1674 2970 1730 οὐκοῦν
2995 1676 3023 1728 6
3041 1673 3222 1745 ψυχὴν
3258 1670 3589 1746 [ἀπολλύων]
3608 1672 3824 1727 ἀπόλλων.

608 1783 845 1837 animam
869 1778 1075 1851 perdit,
1112 1777 1266 1833 velut
1307 1774 1564 1830 diabolus
1611 1771 1925 1827 destructor
1952 1766 2185 1823 exsistit.

2292 1773 2369 1835 ὡς
2395 1772 2637 1836 διάϐολος
2659 1772 2687 1825 6
2714 1770 3021 1826 καταλύων.
3057 1769 3201 1840 Ὅρα
3231 1769 3305 1840 μή
3344 1783 3405 1821 σε
3441 1767 3529 1821 τὸν
3549 1766 3640 1838 τὴν
3664 1769 3828 1839 πορρύ-

608 1874 747 1930 Vide
777 1888 847 1929 ne
871 1866 947 1937 te,
993 1870 1088 1942 qui
1121 1883 1423 1940 purpuram
1472 1880 1537 1920 ac
1562 1863 1817 1919 diadema
1845 1861 2072 1917 indutus
2089 1859 2187 1924 sis,

2301 1887 2399 1941 ραν
2451 1869 2547 1924 καὶ
2594 1868 2657 1923 τὸ
2704 1867 2949 1938 διάδημα
3003 1862 3390 1935 περικείμενον
3469 1862 3767 1933 ὲξεπαιρέτω
3807 1866 3828 1917 ὁ

610 1966 865 2022 diabolus
901 1966 956 2020 in
983 1961 1300 2034 superbiam
1328 1968 1471 2032 agat.
1524 1957 1648 2015 Noli
1686 1956 1834 2012 enim
1856 1968 1923 2009 eo
1966 1950 2191 2007 nomine

2296 1960 2560 2024 διάϐολος.
2603 1960 2697 2032 Μὴ
2741 1959 2852 2031 γὰρ
2899 1958 2989 2013 διά
3035 1956 3193 2010 τοῦτο
3230 1955 3505 2028 καυχήσῃ,
3534 1953 3660 2009 ἀλλὰ
3681 1954 3826 2023 φοὸοῦ,

611 2058 832 2131 gloriari
858 2075 873 2124 ;
913 2055 1010 2112 sed
1040 2063 1213 2109 treme
1241 2070 1306 2109 ac
1336 2053 1489 2108 time.

1040 2063 1213 2109 treme
1241 2070 1306 2109 ac
1336 2053 1489 2108 time.
2236 2044 2276 2099 Β
2306 2052 2403 2106 καὶ
2428 2050 2620 2124 τρέμε.

682 2150 823 2204 Num
854 2148 1056 2203 audisti
1083 2148 1177 2217 qui
1205 2146 1315 2200 ait:
1359 2144 1608 2200 Potentes
1651 2146 1889 2212 potenter
1934 2142 2197 2191 tormenta

2374 2144 2489 2198 Ούκ
2514 2142 2751 2214 ἤκουσας
2769 2138 2866 2194 τοῦ
2897 2138 3167 2207 λέγοντος,
3191 2135 3445 2191 Aurata!
3466 2133 3712 2201 δυνατῶς
3732 2134 3825 2189 ἕως

615 2245 884 2314 patientur
905 2240 947 2271 ⁸⁷
969 2240 992 2293 ?
1018 2239 1101 2294 Ad
1126 2238 1361 2294 salutem
1392 2250 1490 2290 vos
1512 2231 1701 2303 populi
1720 2228 1985 2286 Dominus
2009 2225 2203 2299 praefe-

2301 2236 2655 2303 σθήσονται.
2697 2233 2791 2297 Εἰς
2832 2226 3223 2301 σωτηρίανξτοῦ
3265 2226 3402 2280 λαοῦ
3449 2228 3478 2281 6
3512 2226 3697 2297 Κύριος
3719 2227 3826 2297 ἡμᾶς

616 2338 714 2404 Cit,
741 2352 851 2391 non
879 2333 946 2388 ad
968 2330 1334 2403 perditionem
1355 2344 1370 2395 ;
1398 2335 1775 2396 utegenorum
1798 2319 2199 2385 miseremini,
2303 2327 2699 2400 προεστήσατο,
2724 2324 2827 2377 οὐκ
2860 2322 2948 2386 εις
2978 2320 3275 2375 ἀπώλειαν,
3301 2317 3412 2372 Τοῦ
3437 2317 3599 2371 ἐλεεῖν
3620 2318 3727 2380 τοὺς
3744 2317 3825 2370 δερ.

617 2443 731 2483 non
755 2435 815 2482 ιιι
837 2438 1029 2481 eorum
1068 2437 1157 2477 res
1202 2419 1447 2489 rapiatis.
1477 2416 1663 2474 Vitam
1710 2430 1741 2469 a
1786 2413 2035 2468 criminis
2078 2411 2203 2467 labe

2309 2420 2524 2491 μένους,
2587 2417 2649 2470 οὐ
2694 2414 2877 2486 μέντοι
2935 2412 3285 2485 ἀφαρπάζειν
3309 2410 3385 2465 τά
3411 2409 3541 2480 ,τῶν
3587 2408 3822 2479 δεομένων.

619 2534 836 2591 puram,
852 2513 1153 2588 praepositi,
1177 2511 1462 2575 assumite,
1478 2522 1572 2574 ne,
1597 2521 1723 2562 cum
1747 2505 1885 2561 alios
1905 2503 2205 2560 admonere

2310 2512 2637 2581 ’Δμεμπτον
2666 2507 2780 2579 βίον
2836 2504 3156 2571 ἀναλάϐετε,
3190 2504 3243 2557 οἱ
3293 2500 3649 2573 προεστῶτες,
3677 2501 3748 2554 ἴνα
3772 2501 3826 2571 μὴ

621 2625 848 2666 necesse
894 2608 1034 2671 erit,
1099 2601 1537 2660 contundamini.
1582 2601 1872 2669 lncrepate
1907 2597 2205 2667 inquietos,

2306 2603 2528 2673 ἑτέρους
2583 2598 2981 2662 νουθετοῦντες,
3040 2593 3401 2666 ἑντρέπεσθε.
3461 2593 3583 2655 Τοῖς
3628 2591 3825 2655 ἀτάκτοις

623 2702 876 2757 inﬁrmos
910 2692 1311 2759 miscreamini,
1341 2692 1410 2746 iis
1443 2690 1539 2761 qui
1587 2687 1876 2744 offendunt
1916 2684 2205 2757 ignoscite,

2309 2693 2601 2763 ἐπιτιμᾶτε
2621 2708 2636 2724 ο
2666 2691 2783 2753 τοῖς
2816 2687 3072 2742 ἀσθενέσι
3099 2685 3430 2758 συμπάθητε
3449 2702 3466 2716 ο
3496 2687 3604 2746 τοῖς
3629 2683 3824 2736 πταίουσι

624 2796 685 2850 in
724 2807 821 2848 eos
846 2791 940 2863 qui
982 2804 1096 2843 non
1150 2785 1517 2842 emendantur
1560 2778 2014 2842 animadvertite,
2045 2791 2210 2848 pere-

2312 2783 2717 2855 συγγινὼσκετε
2741 2799 2756 2814 ο
2772 2784 2884 2845 τοῖς
2909 2775 3638 2849 ἀδιορθώτοιςὲπεξέρχεσθε
3657 2793 3668 2805 ·
3691 2776 3824 2840 ξένους

627 2886 820 2957 grinos
882 2879 1186 2951 suscipite,
1260 2877 1478 2933 viribus
1538 2871 1817 2930 destitutis
1879 2870 2209 2926 miniStrate.

2312 2878 2514 2948 εἰσδέχε
2523 2874 2636 2929 σθε·
2657 2874 2939 2937 ἀδυνάτοις
2968 2872 3288 2926 διακονεῖτε.
3308 2869 3409 2940 Μὴ
3431 2871 3600 2940 εἴπῃς·
3624 2866 3826 2929 Βασιλεύς

627 2976 754 3033 Noli
782 2975 1006 3029 dicere:
1051 2972 1167 3026 Rex
1190 2984 1334 3026 sum.
1369 2967 1449 3023 Ne
1483 2965 1717 3021 dixeris:
1766 2963 1900 3021 Sum
1934 2962 2209 3032 princeps,

2313 2972 2459 3042 εἰμι’
2495 2970 2569 3041 μὴ
2608 2969 2795 3041 εἰπῃς·
2828 2967 3038 3036 Ἀρχων
3058 2964 3092 3033 ἢ
3114 2962 3351 3033 κεφαλή.
3386 2962 3522 3015 Πότε
3543 2974 3827 3028 ταπεινοφρο-

630 3076 731 3125 aut
762 3072 946 3136 caput.
1001 3060 1233 3130 Quando
1276 3074 1342 3115 ea
1389 3067 1444 3114 te
1491 3056 1763 3112 modestia
1817 3053 2075 3110 demittes
2106 3067 2214 3123 qua

2314 3059 2500 3130 νήσεις
2520 3055 2772 3111 τοσοῦτον
2802 3055 2925 3109 ὅσον
2947 3056 2975 3107 6
2995 3053 3220 3126 Κύριος,
3243 3052 3302 3116 ὃς
3316 3052 3423 3105 οὐκ
3452 3046 3729 3120 ἀπηξίωσεν
3741 3048 3824 3101 δού-

629 3157 921 3223 Dominus,
952 3155 1051 3225 qui
1082 3167 1186 3209 nec
1210 3165 1499 3207 servorum
1544 3147 1873 3219 dedignatus
1908 3151 1995 3201 est
2046 3142 2216 3217 pedes

1227 3165 1499 3207 servorum
1544 3147 1873 3219 dedignatus
1908 3151 1995 3201 est
2046 3142 2216 3217 pedes
2315 3151 2424 3205 λων
2448 3149 2617 3214 πόδας
2646 3148 2819 3219 νίψαι.

633 3252 818 3307 lavare
834 3250 857 3303 ?

706 3342 887 3398 Vultis
915 3338 1201 3398 ostendam
1223 3337 1381 3393 vobis
1405 3351 1530 3392 cum
1560 3336 1704 3407 regis
1732 3348 1947 3400 vocem,
1973 3337 2089 3387 tum
2124 3345 2219 3401 pa-
2248 3392 2284 3407 Α

2248 3392 2284 3407 η
2389 3333 2653 3389 Βούλεσθε
2697 3334 2826 3403 ύμῖν
2856 3330 3015 3397 δείξω
3064 3326 3159 3382 καὶ
3194 3324 3463 3397 βασιλέως
3486 3321 3574 3377 καὶ
3622 3320 3826 3390 πατριάρ-

638 3432 934 3486 triarebaz?
974 3428 1145 3485 David
1176 3427 1400 3499 quidem
1445 3426 1665 3483 aiebat:
1707 3426 1818 3496 Ego
1856 3442 1968 3480 sum
2004 3424 2213 3487 vermis,

2245 3392 2286 3450 Ο
2319 3445 2415 3498 χου
2451 3392 2747 3496 φωνάς
2771 3423 2870 3494 μὲν
2900 3392 3064 3475 Δάὸὶδ
3095 3392 3300 3491 ﬂeru-
3333 3416 3477 3486 Ἐγὼ
3496 3415 3601 3487 ειμι
3622 3411 3824 3477 σκώληξ,

638 3529 689 3574 et
720 3536 821 3572 non
852 3520 1003 3572 homo
1026 3534 1045 3583 ;
1082 3516 1421 3588 opprobrium
1450 3515 1725 3568 hominum
1765 3522 1811 3567 ct
1840 3511 2062 3582 abjectio
2103 3509 2217 3581 ple-

2321 3519 2419 3576 καὶ
2448 3519 2557 3573 οὐκ
2585 3516 2918 3585 ἄνθρωπος’
2949 3513 3183 3581 ὄνειδος
3225 3511 3567 3582 ἀνθρώπων,
3596 3507 3681 3561 καὶ
3704 3504 3826 3569 ἐξου-

640 3611 716 3666 bis
750 3610 819 3664 ³⁸.
852 3610 1129 3664 Abraham
1174 3623 1340 3664 vero:
1376 3609 1487 3678 Ego
1532 3623 1650 3661 sum
1693 3612 1859 3669 terra,
1906 3613 1955 3658 et
1994 3604 2122 3657 cinis
2151 3601 2217 3658 ³³.

2320 3614 2548 3682 θένημα
2594 3610 2770 3666 λαοῦ.
2820 3609 2881 3663 '0
2931 3610 2988 3663 δὲ
3048 3609 3327 3679 Ἀϐραάμ·
3356 3605 3504 3675 Ἐγώ
3538 3601 3718 3673 ειμιτή
3759 3597 3824 3651 ita!

643 3703 915 3759 Similiter
940 3702 1107 3757 etiam
1133 3702 1374 3757 Joannes
1396 3698 1641 3770 Baptista
1689 3696 1873 3752 aiebat
1898 3714 1912 3750 :
1951 3695 2071 3750 Non
2103 3711 2221 3748 sum

2320 3704 2573 3769 σποδός.
2603 3703 2836 3773 Ὁμοίως
2864 3702 2958 3755 καὶ
3000 3703 3029 3755 6
3061 3699 3374 3772 Βαπτιστὴς
3425 3698 3655 3765 Ἰωάννης
3676 3692 3825 3757 ἔλεγεν·

643 3790 831 3862 dignus
878 3797 934 3843 ut
967 3788 1171 3844 solvam
1202 3789 1488 3859 corrigiam
1531 3785 1881 3840 calceamenti
1906 3782 2116 3838 Christi
2145 3782 2215 3835 ⁸ο.

2327 3798 2448 3855 οὐκ
2479 3794 2597 3865 ειμι
2632 3794 2801 3861 ἄξιος
2827 3794 2928 3847 ἵνα
2952 3792 3062 3847 τὸν
3092 3791 3305 3863 ἱμάντα
3338 3790 3510 3845 λύσω
3532 3784 3628 3841 τοῦ
3658 3778 3826 3841 ὑποδή-

643 3882 949 3936 Audiamus
999 3892 1316 3935 sanctorum
1377 3877 1725 3941 modestiam,
1775 3886 1831 3931 et
1876 3875 2218 3930 aemulemur.

2318 3905 2507 3959 ματος
2534 3886 2795 3959 Χριστοῦ.
2848 3884 3198 3955 Ἀκούσωμεν
3248 3883 3348 3955 τὴν
3374 3881 3484 3934 τῶν
3514 3878 3666 3946 ἁγίων
3691 3869 3828 3925 ταπεί-

646 3972 1041 4039 Quamobrem,
1078 3971 1264 4035 homo,
1292 3969 1463 4022 altum
1497 3967 1685 4037 sapis?
1718 3965 1796 4020 Eo
1828 3964 2050 4019 nomine
2074 3962 2223 4033 quod

2324 3998 2510 4048 νωσιν,
2542 3980 2636 4034 καὶ
2673 3978 3023 4051 ζηλώσωμεν.
3050 3977 3146 4041 Εἰς
3177 3976 3228 4030 τί
3268 3972 3688 4045 μεγαλοφρονεῐς,
3710 3959 3827 4018 (biv-

645 4081 742 4121 rex
771 4064 868 4130 sis,
898 4063 1047 4134 quod
1086 4062 1395 4125 thesauros,
1420 4058 1746 4122 exercitum,
1765 4071 1954 4113 servos
1983 4053 2226 4109 habeas?

2328 4072 2546 4144 θρωπε’
2579 4074 2657 4135 εἰς
2693 4070 2939 4141 βασιλέα,
2978 4070 3011 4141 ἢ
3042 4071 3122 4134 εἰς
3161 4065 3541 4139 θηοαυροὺς,ῆ
3574 4064 3642 4125 εἰς
3664 4055 3828 4128 στρατό-

648 4158 794 4230 quod
822 4157 997 4212 forma
1028 4164 1275 4225 prmsles,
1307 4151 1456 4223 quod
1484 4152 1563 4207 sis
1604 4150 1912 4206 substantia
1958 4148 2222 4217 locuples,

2328 4166 2487 4231 πεδα,
2511 4165 2544 4235 ἢ
2572 4165 2650 4228 εἰς
2678 4162 2955 4230 δουλείαν;
2986 4163 3067 4225 εις
3109 4161 3324 4223 κάλλος,
3359 4158 3392 4228 ἢ
3426 4158 3503 4220 εὶς
3528 4154 3750 4223 ὕπαρσινς
3773 4146 3826 4205 εἰς

608 4270 615 4291 ε
649 4249 795 4317 quod
820 4245 1089 4317 sapientia
1120 4246 1421 4315 ingenuus,
1461 4241 1606 4311 quod
1653 4240 1863 4311 pollens
1891 4239 2183 4309 prudentia

2330 4258 2539 4327 σοφίαν,
2569 4256 2700 4327 ἢεὶς
2730 4256 3019 4327 φρόνησιν;
3038 4254 3146 4307 Καὶ
3170 4254 3251 4315 τίς
3279 4252 3307 4304 6
3330 4250 3503 4304 ταῦτα
3533 4246 3696 4308 δόσις
3720 4238 3828 4301 Τῐςὸ

654 4342 988 4409 Requisnam
1032 4339 1149 4392 haec
1208 4334 1397 4389 dedit!
1453 4332 1703 4402 quisnam
1750 4331 1977 4385 tribuit?
2036 4330 2229 4385 Nonne

2328 4350 2502 4404 ταῦτα
2532 4348 2931 4419 χαρισάμενος;
2974 4346 3087 4399 Ούκ
3122 4346 3150 4399 6
3171 4342 3441 4414 Χριστός;
3477 4339 3546 4411 μὴ
3580 4334 3682 4408 μεθ’
3716 4329 3825 4419 ἡμῶν

652 4431 949 4493 Christus?
1000 4429 1143 4484 Num
1189 4427 1283 4482 illa
1336 4425 1626 4481 nobiscum
1688 4424 1853 4478 nata?
1917 4424 2057 4478 Num
2122 4439 2229 4477 una

2330 4418 2729 4510 ἐγεννήθησανς
2780 4436 2855 4508 μὴ
2917 4435 3034 4507 μεθ’
3088 4434 3245 4506 ἡμῶν
3310 4428 3738 4502 συμπορεύονται;
3776 4418 3825 4510 μὴ

653 4522 945 4578 nobiscum
1003 4517 1467 4590 proﬁciscentur?
1522 4517 1664 4571 Num
1712 4517 1801 4571 illa
1846 4515 2231 4571 condidimus?

2330 4531 2492 4601 ἡμεῖς
2538 4530 2675 4583 αὐτὰ
2726 4526 3094 4598 ὲκτισάμεθα;
3130 4524 3421 4594 Ούδαμῶςο
3453 4524 3514 4576 Εἰ
3549 4519 3601 4573 δὲ
3640 4515 3718 4570 καὶ
3738 4509 3825 4601 ίλέ·

656 4613 1117 4683 Haudquaquam.
1199 4610 1343 4676 Quin
1408 4608 1513 4665 etsi
1590 4608 1926 4679 accepimus,
1993 4622 2107 4661 non
2174 4608 2228 4661 in

2332 4598 2555 4692 δουμεν,
2589 4623 2648 4676 ού
2673 4621 2759 4676 διὰ
2788 4620 2887 4692 τὴν
2919 4618 3128 4674 ὲαυτὼν
3167 4617 3375 4689 χρείαν,
3405 4612 3537 4668 ἀλλά
3562 4608 3646 4664 καὶ
3668 4605 3740 4657 διὰ
3760 4598 3826 4692 τὴν

657 4714 904 4761 nostrum
934 4703 1177 4774 ipsorum
1214 4717 1397 4766 usum,
1419 4701 1513 4756 sed
1537 4699 1604 4755 ad
1629 4700 1905 4772 egentium
1945 4699 2228 4756 solandam

2264 4755 2305 4787 η
2332 4690 2446 4769 τῶν
2457 4716 2724 4787 δεομένων
2747 4690 3085 4785 περίστασιν.
3117 4710 3307 4781 Ἡμεῖς
3325 4708 3383 4760 δὲ
3400 4706 3567 4767 οὕτως
3580 4690 3826 4787 διακείμεθα

660 4798 920 4868 inopiam.
984 4796 1094 4851 Nos
1151 4809 1281 4848 vero
1340 4793 1433 4849 sic.
1490 4792 1757 4848 atlicimur
1804 4793 1953 4848 velut
1999 4794 2230 4848 immor-

2263 4781 2305 4809 υ
2330 4809 2520 4880 ὥσπερ
2547 4781 2834 4863 ἀθανάτοι.⁷
2857 4804 2955 4860 καὶ
2972 4804 3052 4867 εἰς
3080 4802 3254 4856 αἰῶνα
3281 4801 3392 4862 τοῖς
3416 4798 3671 4868 χρήμασιν
3691 4781 3826 4854 impio

662 4889 797 4955 tales
828 4887 1020 4954 simus,
1054 4901 1119 4941 ac
1152 4886 1208 4939 in
1266 4892 1594 4955 perpetuum
1641 4884 1849 4939 divitiis
1886 4898 2110 4939 manere
2141 4897 2234 4937 va-

1178 4902 1208 4938 n
1266 4892 1594 4955 perpetuum
1641 4884 1849 4939 divitiis
1886 4898 2110 4939 manere
2141 4897 2234 4937 va-
2329 4900 2770 4972 νεινδυνάμενοι,

660 4979 890 5033 leamus.

734 5072 841 5127 Sed
871 5080 928 5127 et
980 5087 1151 5136 nunc,
1206 5070 1501 5126 universos
1553 5070 1804 5135 obsecro,
1858 5070 2120 5141 praesides
2172 5082 2236 5123 ac

2234 5090 2236 5116 ε
2407 5067 2569 5122 Ἀλλά
2601 5065 2698 5120 καὶ
2755 5063 2851 5118 νῦν
2903 5061 3138 5115 δυσωπῶ
3184 5060 3449 5123 ἅπαντας,
3489 5057 3722 5128 ἄρχοντας
3761 5040 3826 5141 κα)

661 5163 938 5230 subditos,
982 5178 1169 5218 servos
1203 5177 1268 5217 ac
1298 5162 1571 5227 dominos,
1628 5162 1898 5235 ingenuos
1954 5178 2019 5218 ac
2079 5163 2238 5234 igno-

2234 5192 2238 5201 ›
2327 5160 2683 5233 ἀρχομένους,
2741 5154 2959 5217 δούλους
3025 5150 3456 5216 καὶ-δεσπότας,
3514 5145 3724 5215 εὐγενεῖς
3759 5133 3826 5233 tu}

664 5255 826 5323 biles,
862 5263 1273 5321 convertamur,
1308 5255 1351 5309 si
1382 5255 1539 5321 libet,
1569 5256 1637 5310 ab
1669 5272 1856 5312 errore
1893 5255 1993 5311 viae
2015 5264 2236 5319 nostrae,

2233 5298 2236 5312 .
2328 5224 2561 5322 o't-y's‘vsig,
2606 5246 3046 5319 ἐπιστρέψωμεν,
3070 5245 3117 5297 εἰ
3145 5243 3311 5309 δοκεῖ,
3334 5244 3398 5296 ὲκ
3421 5241 3613 5308 πλάνης
3634 5234 3715 5302 τῆς
3740 5224 3825 5323 ὀδοῦ

666 5355 1051 5405 convertamur
1078 5362 1108 5401 a
1136 5346 1435 5416 'prioribus
1486 5348 1753 5403 moribus.
1785 5348 1943 5403 Nune
1969 5350 2138 5413 enim,
2174 5356 2234 5399 ut

2334 5314 3002 5416 nptbvriémorp'éduipsv
3071 5333 3179 5386 τῶν
3248 5333 3522 5403 προτέρων
3600 5314 3827 5416 συνηθειῷ

651 5455 931 5512 unquam.
961 5438 1342 5495 conversionis
1373 5452 1607 5511 tempus.
1636 5441 1777 5497 Ecce
1822 5451 2035 5510 tempus
2057 5439 2234 5509 penni-

2336 5407 2513 5507 ἧξιῶν-
2552 5407 2913 5503 Ἐπιστροφῆς
2970 5427 3078 5498 γάρ
3124 5424 3335 5496 καιρὸς.
3368 5426 3439 5489 ὡς
3470 5407 3826 5476 coagmenta

671 5531 877 5597 tentiaz,
910 5531 1219 5602 ingruentis
1249 5547 1383 5603 ergo
1429 5532 1787 5604 captivitatis.
1836 5504 1975 5588 Ecce
2021 5504 2236 5601 tempus

2235 5571 2236 5577 η
2339 5528 2530 5600 καιρὸς
2558 5524 2865 5597 μετανοίας,
2883 5521 2970 5574 διὰ
2997 5519 3098 5589 τὴν
3128 5519 3477 5589 ἐπικειμένην
3506 5504 3827 5584 α’χμάλωσίινι

667 5619 1034 5678 confessionis
1059 5621 1289 5677 fratrum
1311 5632 1632 5679 nostrorum
1655 5623 2028 5695 castigationis
2051 5599 2235 5676 causa.

2353 5621 2482 5674 Ἰδοὺ
2507 5619 2696 5690 καιρὸς
2722 5614 3185 5687 ἐξομολογήσεως,
3211 5611 3297 5665 διὰ
3325 5612 3447 5676 τοὺς
3482 5599 3830 5672 παιδευομένους

737 5757 784 5791 ⁸⁵
824 5759 936 5813 imo
960 5759 1063 5815 Job
1091 5776 1177 5824 xv,
1200 5762 1289 5819 3i.
1366 5767 1410 5799 ³⁸
1440 5766 1628 5822 Matth.
1660 5783 1755 5834 vn,
1782 5767 1836 5821 2.
1915 5765 1958 5797 ³⁸
1992 5764 2132 5821 Psal.
2162 5779 2258 5821 CXL

666 5828 758 5884 27.
837 5830 881 5862 ιο
910 5830 1069 5886 Joan.
1108 5848 1144 5896 ι,
1174 5832 1263 5885 26.

2240 5780 2317 5831 ιν,
2344 5764 2399 5818 2.
2508 5764 2550 5795 ⁵⁷
2588 5762 2714 5830 Sap.
2752 5777 2828 5825 vx,
2856 5757 2909 5810 7.
2987 5754 3031 5788 ³⁸
3073 5756 3215 5812 Psal.
3250 5771 3359 5821 xxi,
3396 5755 3445 5809 7.
3516 5744 3695 5802 "Gzn.
3719 5748 3832 5798 NII.
