4032 6524
207 416 355 499 3249

1352 421 1442 481 DE
1483 418 1805 483 PERSICA
1836 420 2351 488 CAPTIVITATE.

3335 422 3477 489 3250

205 531 470 602 ἀδελφοὺς
495 530 679 603 ήμῶν.
721 527 854 584 ’ἰδοὺ
884 527 1076 601 καιρὸς
1104 528 1365 598 δεήσεως,
1395 529 1475 584 διδ
1512 529 1795 601 προσέχω-

1925 531 2042 587 Ecce
2076 541 2292 604 tempus
2320 534 2629 601 orationis;
2669 536 3027 605 quamobrem
3075 534 3368 605 diligenter
3391 537 3478 593 his

209 640 309 695 μιν
339 621 477 693 μετά
510 620 796 694 ἀκριϐείας
837 622 952 685 τοῖς
980 620 1297 691 λεγομένοις
1317 636 1332 653 ο
1363 624 1461 676 κα)⁵
1510 621 1586 693 μὴ
1629 625 1789 693 μόνον

206 714 554 786 ἀκούσωμεν,
613 712 753 767 ἀλλὰ
823 714 922 767 καὶ
970 713 1312 785 ποιήσωμεν.
1371 711 1794 785 Ἐπιστήσωμεν

207 806 300 860 τὸν
328 806 476 871 νοῦν,
515 803 841 877 παρακαλῶ,
876 804 1000 859 ἐπεὶ
1032 804 1128 859 καὶ
1179 805 1466 877 βασιλικῆς
1504 805 1797 875 ἐπιστολῆς

210 898 834 969 ύπαναγινωσκομένης,
857 896 1063 961 πάντες
1084 896 1339 970 τρέχουσι
1358 911 1372 925 ⁸
1404 897 1604 961 πάντες
1628 914 1798 950 σπου-

209 991 432 1056 δάζουσι
450 1006 466 1023 ο
488 989 689 1053 πάντες
711 989 902 1061 μαθεῖν
922 988 1262 1061 ἐπιζητοῦσι.
1298 988 1410 1043 Καὶ
1438 987 1491 1042 τί
1523 988 1668 1058 λέγω
1696 988 1800 1058 βα-

213 1084 425 1155 σιλικῆς
449 1082 751 1146 κελεύσεως
769 1080 1284 1151 άναγινωσκομένης
1305 1097 1321 1147 ;
1346 1079 1683 1152 κιθαριστῶν
1706 1081 1801 1134 καὶ

213 1173 451 1228 αὐλιτῶν
470 1172 565 1227 καὶ
593 1172 776 1243 μίμων
800 1170 1114 1238 ἀκούοντες,
1147 1169 1287 1241 μετὰ
1304 1168 1503 1240 πολλῆς
1517 1170 1618 1239 τῆς
1640 1186 1803 1229 σπουε

214 1266 308 1335 δῆς
327 1263 735 1337 παριστάμεθα,
776 1262 864 1317 ἵνα
922 1262 1147 1334 αἰσχρὸν
1180 1261 1394 1331 γέλωτα
1448 1260 1798 1331 θεασώμεθα,

215 1355 313 1410 καὶ
335 1355 601 1426 ἀσχήμων
649 1353 994 1425 πραγμάτων
1029 1351 1257 1421 παίγνια
1291 1352 1694 1423 ἱστορήσωμεν.
1736 1351 1801 1404 Εἰ

216 1445 313 1500 οὖν
366 1446 425 1498 ἐν
460 1446 569 1508 τοῖς
598 1443 690 1498 τοῦ
724 1442 972 1497 διαϐόλου
1036 1442 1291 1514 θεάμασι,
1326 1441 1562 1495 τοιοῦτοι
1607 1441 1807 1513 θερμοὶ

220 1538 317 1590 κοιλ⁸
367 1536 641 1608 πρόθυμοι
693 1536 1056 1606 τυγχάνομεν,
1091 1532 1265 1604 πόσην
1326 1531 1551 1586 κόλασιν
1579 1531 1798 1603 ἕξομεν,

218 1629 302 1682 ὅτι
332 1629 392 1681 ἐν
426 1628 545 1691 ταῖς
572 1625 892 1696 ἐκκλησίαις
947 1624 1091 1697 μετὰ
1131 1622 1389 1696 τοιαύτης
1425 1624 1685 1696 ἀμελείας
1710 1626 1806 1679 καὶ

222 1718 498 1791 ῥᾳθυμίας
543 1720 635 1771 καὶ
661 1706 877 1782 ἀτονίας
931 1716 1233 1787 ίστάμεθα·
1289 1715 1481 1789 ῶσπερ
1509 1717 1575 1771 ἐκ
1608 1715 1802 1788 πυρὸς,

219 1810 394 1872 οὕτως
432 1810 531 1878 τῆς
568 1810 878 1880 προσευχῆς
922 1807 1171 1881 ἐξιλῆσαι
1222 1807 1579 1874 σπεύδοντεςς
1611 1807 1708 1862 καὶ
1743 1806 1805 1861 τὸ

220 1901 623 1973 χαλεπώτερον,
658 1901 739 1954 ὅτι
768 1903 862 1955 καὶ
882 1901 1255 1972 εἰσερχόμενοι
1282 1900 1339 1953 ἐν
1366 1900 1560 1963 αὑταῖς
1616 1901 1685 1954 δι’
1713 1899 1801 1964 ἐξ·
1836 1884 1879 1939 Β

221 1989 437 2061 άλειψιν
474 1990 909 2062 ἁμαρτημάτων,
940 1989 1085 2044 ἐστιν
1110 1988 1251 2043 ὥστε
1284 1988 1604 2063 προσθήκην
1636 1990 1803 2061 θραυ-

224 2084 413 2155 μάτων
432 2081 743 2154 ποιούμενοι
764 2080 1122 2153 ἐξερχόμεθα.
1159 2081 1270 2136 Καὶ
1302 2080 1420 2144 πῶς
1442 2079 1552 2150 ἐγὼ
1572 2081 1633 2134 τὺ
1655 2082 1805 2153 εἰρη-

225 2177 392 2249 μένον
420 2177 632 2248 ποιήσω
661 2174 1002 2245 κατάδηλον;
1034 2175 1145 2245 Οὐχ
1182 2174 1255 2238 ὡς
1291 2173 1511 2246 ἐτέρους
1539 2174 1801 2245 κατακρί-

221 2287 352 2335 νων,
376 2268 514 2323 ἀλλά
545 2267 613 2321 τὰ
647 2265 842 2320 ἐαυτοῦ
876 2263 1245 2336 ἐλαττώματα
1266 2264 1637 2336 θριαμϐεύων.

294 2361 432 2417 Εἰπέ
463 2379 575 2433 μοι,
612 2361 670 2415 ἐν
719 2361 840 2424 ταῖς
881 2358 1201 2428 ἐκκλησίαις
1231 2359 1325 2413 καὶ
1357 2359 1668 2430 εύκτηρίοις
1692 2359 1804 2411 εἱσι

232 2453 542 2528 ερχόμενοι,
599 2452 746 2517 τίνος
778 2452 967 2506 ἕνεκεν
999 2453 1116 2506 ἐκεῖ
1150 2452 1527 2523 πορευόμεθα;
1582 2452 1808 2516 Πάντως

226 2550 393 2621 ἐρεῖς,
422 2546 520 2601 Διὰ
547 2548 889 2619 προσευχήν*
923 2545 990 2599 δι’
1022 2546 1295 2615 ἐξάλειψιν
1322 2544 1804 2617 παραπτωμάτων.

226 2641 400 2710 Κάγὼ
437 2657 518 2694 σοι
548 2639 677 2709 ἐρῶ,
710 2640 836 2702 Πῶς
863 2632 955 2693 οὖν
997 2637 1064 2692 δι’
1119 2636 1282 2709 ’ἐτερα
1320 2635 1709 2706 εἰσερχόμενοι,
1740 2634 1807 2688 τὰ

227 2734 445 2789 ἐναντία
466 2730 959 2803 διαπράττομεν.Τί
992 2731 1185 2794 ποιεῖς,
1210 2726 1459 2797 ἄνθρωπε
1480 2745 1495 2794 ;
1517 2727 1617 2781 Διὰ
1638 2743 1809 2797 προσ-

228 2823 396 2896 ευχὴν
438 2821 811 2893 εἰσελήλυθας,
864 2819 961 2872 καὶ
990 2821 1061 2873 τά
1091 2818 1383 2887 πρόσωπα,
1402 2818 1496 2871 καὶ
1532 2817 1593 2870 τὸ
1617 2816 1811 2879 κάλλος

1904 639 2028 694 quae
2069 625 2354 693 dicuntur,
2409 626 2651 681 animum
2709 628 3099 694 attendamus;
3157 643 3256 684 nec
3296 629 3477 684 solum

1896 713 2207 782 audiamus,
2233 714 2329 770 sed
2356 723 2409 770 et
2432 715 2717 771 faciamus.
2741 716 3001 785 Mentem,
3027 718 3279 785 obsecro,
3311 719 3477 774 adhi-

1897 804 2128 862 beamus
2172 823 2186 860 :
2236 798 2390 875 nam:
2416 818 2474 862 et
2516 809 2727 879 regium
2797 809 3038 880 diploma
3084 824 3209 865 cum
3254 812 3478 883 legitur,

1899 911 2093 952 omnes
2124 905 2444 964 accurrunt,
2476 912 2671 955 omnes
2701 900 2923 955 solliciti
2959 910 3109 967 sunt,
3163 916 3227 955 ac
3254 898 3475 964 favent;

1900 1003 2092 1045 omnes
2126 989 2341 1045 discere
2364 994 2639 1062 satagunt.
2667 990 2809 1057 Quid
2856 1008 2988 1047 vero
3018 992 3164 1059 dico,
3211 1006 3337 1048 cum
3390 988 3478 1046 di-

1900 1080 2085 1152 ploma
2113 1080 2330 1152 regium
2360 1080 2609 1152 legitur?
2646 1081 2828 1136 Etiam
2869 1081 3222 1149 citharoedos,
3259 1088 3319 1137 et
3347 1079 3481 1136 tibi-

1901 1173 2084 1237 cines,
2114 1188 2179 1229 ac
2208 1172 2409 1228 mimos
2435 1172 2745 1238 audientes,
2780 1172 2951 1228 multa
3002 1172 3288 1245 diligentia
3335 1182 3483 1229 asta-

1902 1279 2044 1330 mus,
2078 1271 2139 1319 ut
2162 1264 2309 1320 risus
2336 1264 2560 1321 obsceni
2595 1273 2938 1335 spectatores
2962 1264 3155 1331 simus,
3186 1279 3485 1334 rerumque

1903 1354 2320 1412 inhonestamm
2352 1354 2565 1411 ludicra
2606 1363 2988 1411 contueamur.
3029 1354 3167 1411 Cum
3220 1354 3384 1426 igitur
3428 1355 3486 1409 in

1904 1447 2111 1503 diaboli
2141 1448 2470 1518 spectaculis
2509 1448 2589 1502 sic
2632 1447 2905 1503 ferventes
2926 1457 3090 1517 atque
3109 1448 3320 1503 alacres
3343 1446 3487 1502 exsi-

1906 1539 2126 1602 stimus,
2161 1554 2427 1609 quasnam
2467 1537 2723 1593 dabimus
2755 1553 2965 1608 pmnas,
2994 1538 3086 1608 qui
3126 1537 3181 1592 in
3239 1537 3489 1593 ecclesiis

1906 1648 2032 1687 cum
2062 1638 2210 1685 tanta
2237 1629 2451 1685 incuria
2511 1644 2576 1684 ac
2605 1628 2879 1692 socordia,
2913 1627 3107 1697 sicque
3161 1627 3373 1683 remissi
3404 1642 3490 1682 as-

1906 1723 2203 1790 sistamus;
2238 1737 2303 1777 ac
2335 1721 2485 1776 velut
2516 1720 2585 1775 ab
2613 1720 2757 1791 igne,
2793 1718 2871 1773 sic
2903 1734 2932 1772 a
2964 1717 3224 1789 precibus
3274 1718 3491 1772 resilire

1908 1800 2199 1870 confestim
2248 1810 2614 1868 Studeamus?
2657 1808 2924 1879 Quodque
2974 1808 3197 1879 gravius
3225 1814 3331 1874 est,
3363 1822 3490 1862 cum

1909 1906 2178 1962 ecclesias
2211 1904 2587 1976 ingrediamur
2611 1901 2678 1957 ad
2700 1900 2935 1956 delenda
2956 1910 3200 1971 peccata.
3231 1898 3491 1969 quando-

1909 2014 2018 2070 que
2051 1998 2368 2053 accessione
2399 1992 2723 2051 vulneribus
2762 1991 2923 2057 facta,
2954 1990 3312 2062 egredimur?
3341 1989 3494 2058 Quo-

1910 2107 2038 2146 nam
2062 2105 2196 2144 vero
2229 2089 2417 2154 modo,
2444 2085 2592 2157 quod
2619 2084 2827 2139 dictum
2867 2090 2973 2149 est,
3006 2080 3496 2152 planumfaciam?

1910 2184 2137 2253 Utique,
2162 2198 2273 2238 non
2308 2190 2369 2236 ut
2396 2179 2765 2235 condemnem
2794 2173 2956 2242 alios,
2984 2175 3079 2230 sed
3113 2184 3173 2229 ut
3203 2188 3355 2228 meos
3379 2172 3494 2244 ipse

1912 2273 2165 2329 defectus
2196 2273 2501 2328 traducam.

1983 2364 2102 2440 Dic,
2150 2380 2360 2435 quaeso,
2413 2363 2471 2417 in
2529 2363 2793 2420 ecclesias
2842 2378 2907 2419 ac
2947 2362 3190 2418 oratoria
3240 2357 3495 2431 ingressi,

1913 2473 2021 2529 qua
2055 2458 2186 2513 illuc
2215 2473 2381 2514 causa
2419 2457 2714 2513 venimus?
2752 2457 2991 2514 Omnino
3036 2455 3227 2511 dices:
3271 2453 3343 2510 Ut
3369 2467 3496 2524 prel-

1914 2566 2008 2608 ces
2042 2549 2372 2616 fundamus;
2407 2559 2469 2605 ut
2492 2549 2692 2605 delicta
2722 2550 3066 2606 aboleamus.
3096 2545 3177 2601 Ad
3208 2560 3331 2617 quae
3364 2558 3497 2616 ego:

1912 2637 2025 2695 Cur
2059 2637 2228 2709 igitur
2256 2638 2488 2692 aliorum
2516 2652 2681 2693 causa
2712 2637 2973 2710 ingressi,
3009 2634 3292 2693 contraria
3313 2642 3501 2704 patra-

1914 2730 2080 2785 mus?
2114 2729 2257 2797 Quid
2282 2729 2438 2795 facis,
2484 2729 2686 2785 homo?
2732 2727 3014 2800 Ingressus
3042 2744 3102 2782 es
3170 2734 3232 2780 ut
3285 2734 3337 2780 te
3388 2724 3503 2794 ipse

1916 2820 1972 2875 in
2012 2836 2204 2891 preces
2267 2820 2429 2876 dares
2476 2839 2489 2875 :
2533 2821 2832 2891 vultusque
2902 2836 2967 2876 ac
3030 2816 3505 2891 pulchritudinem

227 2913 294 2969 τὸ
322 2915 397 2986 μὴ
421 2913 512 2967 σὺν
544 2911 883 2978 κανονίζειςς
935 2910 1004 2964 δι’
1052 2908 1332 2980 ἐξάλειψιν
1380 2908 1685 2980 ἁμαρτιῶν,
1714 2907 1811 2960 καὶ

1925 2930 2029 2970 non
2055 2923 2203 2970 tuam
2229 2914 2297 2969 ad
2328 2913 2592 2969 amussim
2622 2928 2827 2970 vocans
2855 2911 3071 2969 curiose
3099 2908 3403 2979 expendis?
3424 2906 3506 2961 Ad

230 3007 444 3070 τούτοις
478 3004 801 3075 προστιθῶν,
825 3004 925 3057 οὐκ
951 3003 1181 3075 αἰσχύνῃ
1210 3002 1381 3056 ποιῶν
1418 3001 1509 3055 τὸν
1540 2997 1688 3055 οἷκον
1716 2998 1809 3054 τοῦ

1925 3008 2149 3065 delenda
2183 3014 2408 3079 peccata
2439 3023 2455 3061 :
2496 3007 2768 3077 pluraque
2801 3004 3086 3077 prioribus
3119 3002 3348 3069 addens,
3394 3014 3508 3055 non

232 3099 369 3155 Θεοῦ
389 3096 646 3166 πρόξενόν
664 3113 745 3150 σοι
769 3094 1077 3166 ἀμαρτίας;
1111 3094 1199 3147 ἵνα
1227 3092 1323 3146 τοῦ
1353 3092 1678 3163 ἐπουρανίου
1709 3090 1813 3145 Βα-

1925 3099 2205 3155 erubescis
2239 3098 2463 3154 domum
2488 3098 2586 3153 Dei
2618 3097 2894 3153 oilicinam
2951 3109 3018 3150 ac
3060 3094 3346 3148 tabernam
3392 3106 3509 3146 mc—

234 3191 429 3253 σιλέως
468 3188 743 3260 μυστήρια
766 3186 963 3259 θεάσῃ,
994 3186 1090 3239 καὶ
1119 3184 1190 3238 τὰ
1230 3181 1326 3238 τοῦ
1379 3183 1623 3237 διαϐόλου
1674 3181 1814 3252 πρά-

1925 3191 2178 3247 ritoriam
2238 3189 2424 3246 facere
2471 3186 2857 3273 peccati?.Ut
2903 3186 3146 3244 caelestis
3186 3185 3333 3257 regis
3388 3199 3510 3253 my—

233 3299 271 3351 γ
280 3297 424 3353 ματα
444 3277 813 3352 περιεργάζῃ;
836 3277 923 3330 ἵνα
939 3276 1053 3339 τοῖς
1086 3274 1385 3345 ὀφθαλμοῖς
1399 3271 1694 3345 δακρύσῃς,
1729 3271 1822 3325 καὶ

1928 3282 2102 3338 steria
2156 3280 2589 3352 contempleris;
2649 3271 2847 3350 resque
2884 3276 3188 3333 diabolicas
3218 3275 3513 3346 diligenter

236 3371 462 3435 τούτους
511 3372 591 3434 εἰς
641 3367 911 3440 οὐρανοὺς
950 3364 1264 3439 ἀνυψώσῃς,
1325 3365 1421 3418 καὶ
1466 3365 1639 3418 ταῦτα
1669 3362 1823 3433 άερὼν

1925 3372 2195 3430 attendis?
2228 3370 2300 3429 Ut
2329 3372 2509 3428 oculis
2532 3371 2731 3427 fundas
2765 3370 3058 3447 lacrymas,
3112 3384 3177 3424 ac
3228 3367 3286 3422 in
3335 3366 3506 3422 cmlos

236 3466 360 3527 ταῖς
386 3462 633 3533 γυναιξὶν
663 3463 720 3516 ἐν
743 3461 936 3524 αὐταῖς
962 3458 1216 3530 διανεύῃ;
1250 3457 1336 3511 ἵνα
1364 3456 1460 3511 τοῦ
1492 3453 1823 3509 Δεσποτικοῦ

1925 3465 2191 3521 sublimes
2237 3479 2335 3520 eos
2377 3465 2566 3520 tollas:
2599 3463 2800 3534 hisque
2850 3460 3057 3529 missis,
3094 3457 3421 3515 mulieribus
3456 3456 3514 3511 in

240 3558 498 3630 σώματος
559 3556 618 3609 ἐν
662 3554 742 3627 τῷ
822 3552 1050 3623 στόματι
1097 3549 1447 3623 ἀπολαύσῃς,
1499 3547 1593 3604 καὶ
1654 3546 1823 3602 ταῦτα

1925 3556 2007 3613 eis
2026 3556 2225 3612 lascive
2247 3555 2486 3611 annuis?
2510 3555 2579 3613 Ut
2605 3553 2952 3610 Dominicum
2971 3566 3172 3623 corpus
3188 3566 3285 3607 ore
3306 3564 3510 3611 sumas,

241 3648 490 3728 [ταύτας]
513 3646 880 3720 προσομιλῶν,
893 3645 1051 3699 τοῦτο
1092 3643 1368 3714 μολύνεις;

1927 3666 1993 3707 ac
2008 3649 2284 3722 mysteriis
2305 3648 2535 3716 fruarisj:
2568 3647 2814 3718 illudque
2832 3646 2918 3702 his
2936 3646 3259 3716 colloquens
3279 3642 3515 3713 polluis?

322 3744 391 3797 Ὢ
423 3741 669 3814 πονηρᾶς
700 3738 1034 3808 ἐναλλαγῆςί
1065 3736 1111 3790 ῶ
1144 3736 1244 3807 τῆς
1288 3734 1670 3807 κατασχούσης
1714 3752 1823 3788 πω-

1997 3743 2042 3800 0
2066 3744 2260 3799 malam
2287 3741 2807 3798 commutationem!
2836 3755 2869 3794 0
2899 3737 3083 3794 cordis
3107 3736 3369 3791 duritiam
3392 3738 3405 3788 l
3437 3733 3515 3787 Ne

248 3834 505 3910 ρώσεωςί
533 3832 668 3888 Ούδέ
699 3832 799 3903 τὴν
824 3829 973 3903 ὥραν
997 3829 1098 3902 τῆς
1141 3828 1449 3901 προσευχῆς
1469 3826 1548 3900 τῷ
1580 3826 1702 3899 Θεῷ
1735 3827 1823 3881 τὸν

1935 3834 2208 3891 orationis
2226 3833 2453 3903 quidem
2488 3840 2737 3901 tempore
2773 3828 3017 3883 animum
3042 3826 3110 3882 ad
3144 3826 3317 3882 Deum
3344 3822 3516 3893 erigi-

245 3930 373 3985 νοῦν
396 3925 820 3998 ἀναπέμπομεν,
843 3922 980 3978 ἀλλὰ
1018 3920 1115 3976 καὶ
1149 3918 1321 3992 αὐτὴν
1368 3920 1492 3983 ταῖς
1532 3918 1832 3990 ἡμετέραις

152 4036 156 4042 ‘
246 4017 634 4092 πλημμελείας
658 4012 1056 4087 ἀσχολούμεθα.
1102 4010 1258 4066 Εἴπω
1286 4009 1382 4065 καὶ
1436 4008 1625 4081 ἕτερον
1673 4008 1834 4079 χαλε-

248 4111 497 4183 πώτερον
528 4107 741 4162 τούτου.
766 4107 906 4171 Τοὺς
933 4104 1195 4175 ἀδελφοὺς
1224 4102 1387 4175 ἡμῶν
1421 4101 1682 4165 πολλάκις
1701 4117 1835 4172 προ-

252 4202 594 4276 κομίζοντες,
625 4200 659 4272 ἢ
682 4198 858 4265 λιτὰς,
891 4198 987 4253 καὶ
1017 4196 1230 4261 ἱκεσίας
1257 4195 1336 4268 τῷ
1365 4193 1484 4267 Θεῷ
1512 4193 1652 4264 ὑπὲρ
1678 4192 1835 4245 ἀπει-

250 4298 364 4352 λῶν
416 4295 804 4367 προφέροντος,
862 4292 957 4345 καὶ
1001 4291 1183 4343 ἐκεῖσε
1235 4290 1351 4352 τοῖς
1413 4285 1837 4359 προειρημένοις

254 4384 711 4459 ἐνασχολούμεθα.
742 4384 853 4436 Καὶ
895 4381 1083 4446 ἁπλῶς
1127 4381 1309 4434 πᾶσαν
1365 4378 1523 4450 ήμῶν
1562 4379 1661 4450 τὴν
1691 4376 1837 4447 ζωὴν

254 4482 338 4554 τῷ
367 4480 598 4550 διαϐόλῳ
630 4473 1134 4544 κατεδουλώσαμεν.
1182 4472 1272 4525 Ἐν
1306 4471 1604 4541 ἁμαρτίαις
1634 4467 1841 4539 κοιμώ-

1932 3941 2056 3981 mus
2083 3943 2096 3979 :
2123 3924 2221 3980 sed
2248 3940 2315 3980 eo
2334 3939 2554 3994 quoque
2572 3921 2789 3977 delictis
2808 3918 3012 3976 nostris
3030 3932 3306 3973 vacamus.
3332 3915 3518 3970 Dicam

1933 4026 1989 4073 et
2009 4016 2161 4073 aliud
2192 4014 2299 4074 isto
2325 4014 2629 4070 molestius.
2659 4013 2879 4068 Fratres
2902 4017 3127 4065 nostros
3146 4023 3257 4064 non
3275 4022 3402 4062 raro
3422 4022 3522 4077 po-

1937 4112 2048 4166 tius
2082 4107 2510 4180 prastendentes,
2538 4119 2707 4176 quam
2747 4112 2807 4161 ut
2830 4104 2940 4158 Deo
2970 4115 3167 4172 preces
3203 4115 3267 4155 ac
3307 4098 3521 4169 suppli-

1940 4200 2194 4256 cationes
2222 4198 2294 4253 ob
2340 4197 2460 4268 ejus
2504 4195 2561 4250 in
2601 4209 2704 4250 nos
2742 4193 2955 4264 ﬂagella
2994 4190 3313 4256 oﬂ‘eramus,
3354 4190 3521 4268 etiam

1939 4295 2052 4352 illic
2090 4294 2179 4348 his
2218 4308 2341 4363 qua:
2370 4290 2632 4356 diximus,
2672 4298 2890 4359 tempus
2921 4287 3177 4342 terimus.
3207 4284 3343 4357 Atqt

1940 4387 2113 4444 verbo
2148 4384 2350 4450 dicam,
2382 4383 2551 4438 vitam
2600 4390 2769 4436 totam
2823 4378 3045 4435 diabolo
3086 4377 3389 4432 addiximu.
3491 4409 3524 4453 ,ι

1941 4481 2184 4554 peccatis
2209 4476 2534 4541 dormimus,
2566 4474 2621 4529 in
2653 4472 2899 4544 peccatis
2920 4486 2951 4525 e
2972 4484 3168 4525 somno
3190 4467 3518 4531 excitamur,

262 4575 429 4648 μεθα,
458 4574 514 4627 ἐν
539 4570 835 4643 ἁμαρτίαις
860 4564 1187 4639 ἐγειρόμεθα
1204 4581 1219 4598 ι
1243 4565 1301 4617 ἐν
1321 4563 1617 4634 ἁμαρτίαις
1644 4580 1823 4635 προερ

1947 4575 2004 4629 in
2038 4571 2283 4644 peccatis
2311 4567 2686 4639 procedimus,
2717 4566 2771 4618 in
2816 4562 3055 4635 peccatis
3086 4560 3426 4627 recedimus;
3467 4559 3525 4613 in

260 4667 496 4741 Χόμεθα,
528 4667 607 4729 είς
630 4662 907 4735 ἁμαρτίας
952 4656 1373 4730 ἀναχωροῦμεψ
1430 4657 1510 4719 εις
1540 4656 1838 4727 ἁμαρτίας,

263 4760 358 4815 καὶ
382 4760 439 4812 ἐν
463 4756 799 4828 ἐκκλησίαις,
821 4753 914 4807 καὶ
950 4753 1007 4806 ἐν
1023 4753 1136 4811 τοῖς
1158 4749 1351 4812 οἴκοις,
1380 4747 1474 4801 καὶ
1489 4749 1546 4801 ἐν
1563 4749 1682 4810 ταῖς
1712 4748 1843 4816 ἁγο-

267 4854 413 4925 ραῖς,
427 4851 520 4903 καὶ
536 4851 593 4903 ἐν
609 4850 721 4910 τοῖς
739 4847 986 4918 μνήμασι
1001 4840 1362 4915 πορευόμεθα.
1381 4840 1490 4895 Καὶ
1502 4841 1561 4894 τὸ
1572 4840 1848 4910 ἀνοητότε-

266 4964 384 5020 ρον,
396 4945 478 4999 ὅτι
490 4942 660 5005 οὓτως
671 4940 747 5012 τῷ
763 4937 991 4993 διαϐόλω
1002 4932 1365 5000 δουλεύοντες,
1378 4933 1474 4988 καὶ
1488 4934 1546 4986 ἐν
1558 4934 1721 4987 παντὶ
1735 4950 1851 4987 και-

268 5037 370 5111 ρῷ,
400 5037 494 5091 καὶ
517 5035 685 5105 τόπῳ,
702 5032 796 5085 καὶ
818 5029 1124 5101 πράγματι,
1142 5026 1233 5081 τὸν
1250 5024 1383 5079 Θεὸν
1402 5024 1846 5097 παροργίςοντες,

267 5130 523 5200 λέγομεν,
577 5125 672 5180 καὶ
708 5119 1050 5194 ξενιζόμεθα,
1081 5118 1354 5188 λέγοντες·
1382 5116 1557 5171 Πόθεν
1584 5116 1845 5182 ἀπειλαῖς

270 5221 439 5275 πόθεν
469 5219 524 5272 αἱ
552 5216 824 5283 παιδεῖαι;
854 5214 1020 5269 πόθεν
1048 5215 1083 5285 ἡ
1110 5211 1490 5283 αἰχμαλωσία;
1524 5208 1737 5280 πόθενή
1766 5225 1858 5263 το-

271 5311 445 5384 σαύτη
468 5309 605 5382 ὀργὴ
632 5308 716 5379 ἐφ’
748 5307 934 5378 ἡμᾶςς

349 5404 414 5457 Ὢ
453 5401 651 5469 πολλῆς
705 5402 799 5455 καὶ
836 5398 1121 5470 ἀμυθήτου
1162 5394 1511 5468 πωρώσεωςι
1549 5394 1679 5459 τοὺς
1702 5393 1855 5448 ἁδελ-

273 5496 411 5569 φοδς
468 5497 525 5550 έν
580 5492 829 5567 μνημείῳ
896 5490 1315 5558 κατατιθέντες,
1384 5488 1507 5543 οὗδέ
1555 5488 1614 5557 ἐξ
1687 5488 1858 5560 αὐτῆς

277 5589 511 5657 θεωρίας
542 5590 620 5653 εἰς
646 5584 999 5655 συναίσθησιν
1023 5583 1314 5656 ἐρχόμεθα.
1346 5581 1683 5656 Ἑμϐλέψατε
1722 5579 1860 5651 πρὸς

276 5680 370 5734 τὸν
398 5679 586 5747 τάφον,
631 5679 680 5732 οί
714 5678 967 5749 ἄφρονες,
1002 5677 1098 5730 καὶ
1141 5674 1471 5746 ἀνανήψατε.
1523 5671 1861 5745 Ἐμϐλέψατε

283 5770 422 5840 πρὸς
447 5771 546 5843 τὴν
574 5772 759 5844 σορὸν,
784 5773 835 5825 ot
867 5770 1292 5844 μεγαλόφρονες,
1339 5769 1434 5824 καὶ
1473 5767 1548 5840 μὴ
1592 5764 1858 5837 φυσᾶσθε.

268 5857 458 5935 λίὄετε
495 5858 564 5915 τὰ
600 5858 762 5929 ὀστᾶ,
792 5862 840 5917 οί
869 5860 1233 5932 σοφιζόμενοι,
1291 5860 1382 5914 καὶ
1434 5859 1506 5931 μὴ
1548 5854 1860 5929 ἐπαίρεσθε.

1946 4664 2190 4739 peccatis
2234 4663 2292 4717 in
2326 4660 2599 4724 ecclesiis,
2636 4658 2690 4712 in
2721 4656 2997 4722 domibus,
3034 4654 3089 4708 in
3142 4652 3284 4715 foro,
3333 4652 3389 4706 in
3438 4665 3526 4704 ses

1950 4756 2161 4829 pulcris
2210 4751 2538 4808 incedimus.
2592 4748 2860 4818 Quodque
2908 4745 3227 4801 dementius
3255 4751 3361 4809 est,
3400 4757 3526 4797 cum

1949 4852 2030 4906 sic
2084 4847 2302 4904 diabolo
2357 4844 2686 4908 serviamus,
2743 4840 3008 4909 omnique
3056 4846 3325 4906 tempore,
3384 4835 3523 4898 loco,

1950 4943 2172 5014 negotio
2214 4939 2309 4995 Dei
2337 4939 2473 4993 iram
2516 4949 2906 5007 provocemus,
2943 4929 3183 4987 dicimus
3218 4940 3427 4993 tamen,
3462 4943 3526 4981 ac

1949 5051 2051 5091 ceu
2079 5049 2282 5089 novum
2306 5032 2574 5087 mirantes
2598 5029 2832 5084 dicimus
2856 5044 2870 5081 :
2898 5024 3182 5082 Undenam
3201 5022 3406 5077 minae?
3430 5037 3532 5075 un-

1951 5127 2149 5184 denam
2188 5124 2437 5196 ﬂagella?
2482 5122 2754 5177 undenam
2806 5117 3190 5190 eaptivitates?
3252 5113 3529 5171 undenam

1954 5227 2105 5274 tanta
2130 5216 2225 5271 Dei
2260 5218 2315 5271 in
2340 5231 2442 5271 nos
2465 5213 2589 5269 ira?

2027 5395 2072 5453 Ο
2104 5410 2374 5466 magnam,
2415 5409 2480 5449 ac
2523 5390 2787 5463 majorem
2832 5388 3096 5460 cogitatu,
3143 5382 3328 5440 cordis
3379 5378 3534 5435 duri-

1959 5488 2120 5544 tiem!
2149 5487 2286 5543 Cum
2311 5485 2506 5540 fratres
2530 5484 2585 5538 in
2610 5483 2863 5553 sepulcro
2896 5492 3185 5550 ponamus,
3218 5490 3288 5530 ne
3319 5490 3389 5553 ex
3416 5473 3534 5543 ipso

1961 5578 2184 5651 quidem
2218 5587 2443 5647 aspectu
2486 5574 2543 5629 in
2592 5588 2815 5629 sensum
2862 5570 3138 5625 venimus.
3185 5546 3428 5636 Aspicite
3479 5564 3535 5617 in

1963 5672 2298 5743 sepulcrum,
2327 5668 2501 5733 stulti,
2533 5682 2598 5722 ac
2628 5664 2957 5735 resipiscite.
2997 5659 3241 5730 Aspicite
3273 5659 3328 5712 in
3383 5656 3537 5710 locu-

1964 5765 2078 5819 lum
2113 5777 2440 5833 urnamquc,
2487 5758 2581 5828 qui
2614 5758 2787 5812 altum
2822 5755 3037 5826 sapitis,
3062 5762 3119 5809 et
3142 5752 3312 5807 nolite
3338 5744 3573 5803 animi!

1970 5865 2297 5914 tumescere.
2359 5853 2545 5910 Videte
2582 5866 2727 5920 ossa,
2761 5847 2958 5922 arguti,
3007 5858 3064 5903 et
3116 5845 3282 5902 nolite
3321 5837 3536 5898 efferri.
