4032 6486
517 447 656 529 325i

1792 444 2103 509 INCERTI
2144 444 2523 508 AUCTORIS

3643 442 3779 516 39.52

517 561 623 617 Sed
661 557 767 616 etsi
808 558 1086 630 sapientes
1117 557 1273 625 estis,
1315 557 1419 615 etsi
1473 558 1644 612 multa
1687 557 1905 628 polletis
1956 573 2090 628 pru-

2211 555 2368 610 Ἀλλὰ
2392 556 2489 610 ἐὰν
2524 554 2678 624 σοφοὶ
2704 554 2848 622 ἐστὲ,
2870 553 2966 610 ἐὰν
2989 553 3188 628 πολλὴν
3210 553 3472 627 φρόνησιν
3492 558 3783 629 κέκτησθε,

517 648 726 711 (lentia,
774 647 990 711 docete,
1023 646 1224 702 edicite
1269 646 1325 701 in
1377 645 1488 701 illis
1536 646 1817 716 corruptis
1870 645 2091 700 ossibus

516 743 766 811 quisnam
832 747 949 805 rex,
997 753 1060 792 ac
1101 737 1227 809 quis
1273 737 1551 808 privatus;
1607 738 1736 808 quis
1806 746 2089 809 tyrannus,

515 849 579 888 ac
634 833 756 902 quis
810 831 1142 897 imbecillis;
1195 831 1323 902 quis
1378 830 1551 895 dives,
1585 846 1649 886 ac
1681 829 1805 900 quis
1839 845 2090 901 pauper;

515 925 639 996 quis
667 924 908 996 sapiens.
940 940 1003 980 ac
1038 924 1163 996 quis
1189 925 1486 996 insipiens;
1521 925 1648 994 quis
1682 938 1841 995 puer,
1868 937 1934 978 ac
1965 922 2092 992 quis

515 1031 727 1081 senex;
775 1031 1024 1085 quaenam
1077 1016 1326 1086 speciosa
1372 1015 1574 1086 puella,
1625 1031 1690 1071 ac
1731 1030 1856 1085 quae
1895 1001 2088 1080 ianus;

515 1102 766 1175 quaenam
807 1103 1023 1159 florenti
1080 1104 1302 1167 decore,
1355 1119 1420 1159 ac
1468 1120 1589 1174 qua:
1620 1104 1780 1159 annis
1822 1103 2088 1158 marcida.

514 1195 657 1252 Num
686 1202 845 1266 potes
884 1194 1108 1250 dicere?
1149 1210 1280 1249 num
1330 1195 1479 1248 vales
1521 1193 1856 1248 ostendere?
1909 1191 2094 1247 [laud-

516 1302 812 1358 qnaquam.
855 1286 1048 1342 Nonne
1089 1300 1283 1339 omnes
1327 1284 1468 1340 cinis
1514 1284 1737 1340 effecti?
1783 1299 1966 1341 nonne
2012 1282 2092 1338 fa-

515 1378 690 1433 villa?
716 1378 909 1433 Nonne
935 1377 1217 1431 vermibus
1249 1383 1482 1441 scatent,
1511 1375 1853 1446 fcetentque?
1894 1375 2092 1431 Nonne

517 1469 663 1525 idem
690 1484 791 1523 nos
829 1482 1048 1538 quoque
1088 1468 1312 1521 omnino
1355 1467 1613 1538 poculum
1639 1467 1858 1521 manet?
1896 1467 2091 1523 Nonne

517 1575 747 1630 prorsus
785 1558 976 1612 eadem
1002 1558 1136 1611 ~via?
1167 1557 1348 1612 Nolite
1387 1573 1594 1624 errare,
1633 1557 1976 1629 insipientes.
2014 1558 2092 1613 Ne

517 1668 620 1706 nos
654 1651 779 1722 ipsi,
825 1649 1161 1714 cliarissimi,
1210 1649 1572 1720 decipiamus.
1605 1649 1798 1706 Omnia
1852 1666 2091 1720 namque

518 1749 873 1813 przetereunt,
907 1757 968 1797 ac
1017 1751 1252 1812 pereunt
1281 1741 1463 1796 omnia
1499 1758 1512 1794 :
1551 1749 1607 1796 et
1655 1741 1797 1796 sicut
1825 1755 2017 1810 passer
2060 1757 2091 1796 e

519 1829 775 1883 manibus
802 1828 1030 1897 nostris,
1067 1830 1147 1884 sic
1185 1829 1370 1884 omnia
1415 1838 1643 1898 repente
1689 1831 1929 1885 avolant.
1981 1830 2095 1886 Ilac

520 1917 776 1972 Salomon
808 1917 1038 1972 scientia
1061 1917 1254 1980 fretus,
1277 1916 1494 1971 aiebat:
1520 1917 1736 1971 Vauitas
1769 1919 2097 1983 ranitatum;
2131 1898 2170 1953 Β

521 2011 701 2064 omnia
773 2011 983 2064 vanitas
1041 2009 1110 2064 ".
1180 2007 1354 2063 David
1419 2023 1640 2078 quoque
1714 2007 1769 2062 id
1827 2008 2093 2079 cogitans,

520 2100 832 2158 clamabat:
883 2099 947 2156 In
997 2100 1229 2172 imagine
1279 2100 1566 2172 pertransit
1620 2100 1814 2155 homo:
1867 2108 1915 2153 et
1965 2115 2098 2154 vane

520 2198 869 2252 conturbatur
908 2195 973 2250 δ’.

591 2292 728 2347 Vere
758 2289 928 2354 enim,
965 2300 1094 2343 vere
1119 2285 1344 2354 frustra,
1366 2287 1554 2351 homo,
1590 2284 1829 2340 turbaris
1856 2302 1870 2353 ;
1895 2283 2099 2340 frustra

521 2382 737 2448 curris;
764 2380 968 2437 frustra
986 2381 1205 2438 laboras
1235 2381 1471 2448 enitens,
1505 2380 1876 2442 tumultuaris,
1897 2379 2101 2450 cogita-

524 2476 732 2532 tionum
768 2481 963 2530 aestum
989 2473 1196 2540 ferens,
1237 2489 1326 2529 res
1351 2473 1535 2529 saeculi
1565 2472 1718 2528 brevi
1753 2483 1874 2542 post
1896 2473 2102 2541 peritu-

524 2583 614 2622 ras
643 2567 950 2638 colligens;
989 2582 1081 2624 res
1110 2565 1405 2638 ejusmodi,
1443 2574 1505 2621 ut
1537 2565 1592 2620 in
1623 2565 1712 2621 die
1734 2565 1929 2636 judicii
1962 2563 2100 2619 nihil

527 2668 579 2714 te
608 2660 803 2730 juvare
835 2659 1075 2715 valeant.
1128 2659 1372 2714 Tametsi
1404 2657 1553 2712 enim
1580 2658 1869 2712 thesauros
1912 2671 2103 2713 omnes

525 2750 1082 2821 congregaverimus,
1137 2749 1270 2805 nudi
1323 2765 1391 2805 ex
1448 2749 1552 2804 hac
1578 2749 1688 2803 vita
1729 2750 2101 2820 egrediantur,

527 2842 605 2896 uti
637 2849 692 2896 et
722 2839 953 2912 ingrcssi
1012 2855 1222 2895 sumus.
1278 2839 1424 2894 Nudi
1479 2854 1694 2902 revera,
1741 2839 2100 2906 miserabiles,

527 2933 730 2996 maesti,
754 2931 1055 2998 tenebrosi,
1081 2931 1329 2996 contriti,
1362 2930 1594 2995 onerati,
1624 2929 1873 2995 revelati,
1903 2930 2101 2997 timidi,

530 3025 753 3096 trepidi,
789 3022 1109 3096 pudebundi
1133 3064 1148 3090 ,
1203 3021 1490 3079 doloribus
1517 3021 1684 3087 anxii,
1713 3021 1957 3088 solliciti,
2009 3021 2106 3077 de-

527 3101 785 3174 misso-in
809 3126 1008 3173 terram
1042 3117 1227 3184 vultu;
1260 3133 1325 3172 ac
1372 3118 1464 3186 qui
1499 3117 1699 3172 bonam
1729 3113 2105 3172 defensionem

2193 647 2444 714 διδάξατέ
2485 665 2575 719 με,
2607 647 2702 702 καὶ
2745 646 3120 719 έρμηνεύσατέ
3161 665 3253 722 μρι
3299 649 3359 702 ἐν
3398 649 3634 716 ἐκείνοις
3674 658 3785 718 τοῖς

2194 736 2607 808 διεφθαρμένοις
2631 737 2862 800 ὀστέοις,
2894 736 2978 801 τίς
3007 737 3152 791 ἐστὶν
3173 737 3202 789 6
3227 737 3505 808 βασιλεὺς,
3537 741 3635 794 καὶ
3656 744 3738 807 τίς
3758 747 3784 797 6

2197 827 2410 899 ἰδιώτης
2436 843 2450 857 ·
2501 827 2586 892 τίς
2624 828 2652 882 6
2687 827 2970 900 τύραννος,
3009 829 3102 883 καὶ
3132 829 3216 892 τίς
3255 831 3284 883 6
3313 829 3613 896 ἀδύνατος’
3647 835 3729 896 τίς
3759 837 3782 889 6

2193 917 2470 985 πλούσιος,
2489 917 2585 970 καὶ
2609 918 2918 988 τίςὸπένης
2939 935 2952 948 ·
2985 919 3068 982 τίς
3099 919 3126 971 6
3158 919 3349 989 σοφὸς,
3379 921 3476 974 καὶ
3506 922 3633 986 τίςό
3661 925 3782 978 ἀσο-

2193 1027 2313 1078 φος·
2335 1009 2417 1074 τίς
2447 1010 2476 1063 6
2499 1011 2650 1073 παῖς,
2671 1008 2766 1063 καὶ
2789 1008 2871 1072 τίς
2901 1009 2928 1061 6
2957 1008 3019 1078 γέ
3030 1026 3136 1079 ρων
3157 1025 3171 1040 ο
3204 1009 3330 1064 ποία
3348 1012 3380 1080 ἡ
3399 1011 3606 1082 ἐνειδὴς
3627 1012 3780 1084 κόρη,

2193 1101 2288 1156 καὶ
2312 1101 2446 1156 ποία
2473 1102 2507 1174 ἡ
2534 1100 2708 1171 γραῦς
2726 1118 2740 1132 °
2775 1101 2903 1155 ποία
2933 1102 2966 1172 ἡ
2995 1101 3312 1156 άπανθοῦσα
3337 1102 3412 1173 τῷ
3434 1104 3659 1168 κάλλει,
3693 1109 3783 1159 καὶ

2164 1201 2170 1206 ’
2195 1195 2324 1249 ποία
2344 1197 2376 1267 ἡ
2401 1194 2741 1266 μαρανθεῖσα
2769 1192 2846 1264 τῷ
2865 1193 3061 1266 χρόνῳ.
3092 1194 3185 1264 Μὴ
3202 1193 3346 1264 ἔχεις
3366 1197 3546 1248 εἰπεῖν
3567 1213 3584 1258 ;
3606 1197 3682 1266 μὴ
3697 1197 3784 1250 δύο

2193 1305 2351 1342 νασαι
2379 1286 2580 1354 δεῖξαι;
2617 1284 2905 1356 Οὐδαμῶς.
2922 1285 2996 1355 Q6
3026 1285 3224 1349 πάντες
3249 1285 3398 1349 κόνις
3418 1285 3698 1351 ὲγένοντο;
3723 1287 3783 1339 οὗ

2193 1381 2395 1444 πάντες
2435 1380 2648 1450 τέφρας
2693 1379 2755 1432 οὐ
2791 1379 2990 1441 πάντες
3039 1378 3339 1447 σκωλήκων
3372 1377 3468 1430 καὶ
3520 1377 3784 1443 δυσωδίας

2195 1473 2457 1544 πλήρεις;
2483 1471 2544 1524 οὐ
2571 1471 2789 1532 πάντως
2819 1470 2914 1523 καὶ
2936 1471 3082 1539 ἡμᾶς
3106 1468 3164 1520 τὸ
3187 1469 3318 1521 αὐτὸ
3337 1470 3600 1538 ποτήριον
3615 1470 3784 1541 μένεις

2193 1564 2254 1618 ού
2297 1563 2515 1627 πάντως
2553 1565 2588 1633 ὴ
2623 1561 2762 1632 αὑτὴ
2807 1562 2956 1626 όδός;
2993 1559 3066 1630 μὴ
3102 1558 3408 1624 ἁπατᾶσθε,
3440 1554 3486 1613 ὦ
3521 1561 3783 1630 ἄφρονες·

2197 1656 2273 1729 μὴ
2304 1657 2668 1727 πλανήσωμεν
2693 1654 2937 1716 ἑαυτοὺς,
2962 1645 3007 1704 ὦ
3031 1651 3194 1720 φίλοι.
3228 1652 3414 1705 Πάντα
3439 1651 3552 1721 γάρ
3580 1651 3789 1722 παρέρτ

2194 1767 2383 1821 χονται
2413 1748 2511 1803 καὶ
2542 1746 2875 1801 ἀπόλλυνται
2905 1759 2918 1774 ·
2950 1744 3043 1797 καὶ
3072 1741 3261 1809 ὥσπερ
3293 1742 3577 1812 στρουθίον
3605 1744 3670 1795 ἐκ
3691 1743 3788 1812 τῆς

2197 1839 2381 1911 χειρὸς
2419 1837 2598 1908 ἡμῶν,
2629 1835 2801 1898 οὕτως
2835 1833 3096 1902 ἐξαίφνης
3121 1832 3404 1886 πέτανται.
3435 1831 3608 1886 Τοῦτο
3627 1834 3790 1901 γινώ-

2201 1948 2346 1984 σκων
2369 1931 2399 1983 6
2429 1927 2702 1999 Σολομὼν,
2733 1926 2947 1993 ἔλεγεν’
2978 1923 3316 1989 Ματαιότης
3351 1922 3788 1992 ματαιοτήτων,

2197 2021 2269 2075 τὰ
2330 2018 2527 2073 πάντα
2571 2016 2918 2088 ματαιότης.
2955 2013 3126 2067 Τοῦτο
3163 2012 3359 2066 ἐννοῶν
3406 2015 3502 2066 καὶ
3550 2015 3578 2067 6
3627 2014 3792 2067 Δαϐὶδ

2198 2111 2349 2166 ὲϐόαο
2389 2109 2494 2164 Ἐν
2522 2109 2709 2164 εἰκόνι
2740 2106 3152 2176 διαπορεύεται
3181 2103 3517 2173 ἄνθρωπος,
3549 2105 3648 2159 καί
3681 2105 3791 2174 μά-

2198 2221 2312 2273 την
2338 2201 2726 2272 ταράσσεται.

2271 2299 2483 2359 Ὄντως
2513 2294 2644 2366 γὰρ,
2666 2293 2835 2356 ὅντως
2855 2291 3033 2363 μάτην
3052 2290 3319 2362 ταράττῃ,
3346 2288 3606 2362 ἄνθρωπε
3631 2305 3648 2322 ο
3683 2288 3791 2360 μά-

2197 2406 2299 2459 την
2327 2387 2545 2459 τρέχεις
2567 2402 2583 2418 ·
2617 2386 2797 2455 μάτην
2849 2380 3046 2446 κοπίας
3074 2381 3499 2453 ἀγωνιζόμενος,
3525 2379 3792 2452 θορυϐού-

2205 2496 2387 2552 μενος,
2416 2477 2811 2549 χειμαζόμενος
2829 2489 2844 2504 ο
2881 2473 3130 2542 συνάγων
3151 2472 3222 2526 τὰ
3262 2472 3381 2544 μετ’
3411 2472 3596 2540 ὀλίγον
3626 2470 3795 2525 ἀπολ-

2200 2566 2408 2638 λύμενα
2437 2565 2531 2618 τοῦ
2559 2563 2676 2636 βίου
2704 2563 3003 2635 πράγματα
3023 2579 3038 2594 ο
3067 2561 3138 2615 τὰ
3172 2562 3338 2633 μηδέν
3387 2579 3446 2615 σε
3483 2563 3542 2616 ἐν
3602 2560 3794 2632 ἡμέρᾳ

2202 2659 2443 2730 κρίσεως
2473 2655 2756 2726 ὠφελῆσαι
2813 2652 3089 2723 ἰσχύοντα.
3127 2653 3247 2707 Κᾶν
3288 2653 3398 2724 γὰρ
3420 2651 3634 2715 πάντας
3665 2653 3793 2715 τοὺς

2205 2749 2513 2821 θησαυροὺς
2549 2745 2988 2818 ἐπισυνάξωμεν,
3021 2744 3221 2815 γυμνοὶ
3249 2743 3342 2799 τοῦ
3369 2744 3645 2814 παρόντος
3672 2742 3791 2813 βίου

2203 2839 2560 2912 ἐξερχόμεθα,
2591 2837 2781 2910 ὥσπερ
2811 2838 2905 2891 καὶ
2957 2835 3301 2908 εἰσήλθομεν.
3341 2835 3548 2906 Γυμνοὶ
3597 2835 3792 2899 ϐντως,

2203 2932 2450 2997 ὲλεεινοί,
2486 2929 2828 3000 σκυθρωποὶ,
2864 2928 3152 2995 σκοτεινοὶ,
3192 2925 3667 2998 συντετριμμένοι,
3693 2944 3796 2980 ςπ-

2205 3024 2560 3096 φορτωμένοι,
2579 3021 3082 3094 τετραχηλισμένοι,
3102 3021 3350 3092 ἔμφοϐοι,
3373 3019 3650 3093 ἔντρομοι,
3665 3037 3796 3076 κατ-

2207 3114 2389 3182 ηφεῖς,
2440 3110 2716 3181 ὀδυνηροὶ,
2761 3111 3115 3182 ἐμμέριμνοι,
3158 3113 3236 3174 εἰς
3257 3110 3362 3181 γῆν
3394 3110 3455 3164 τὸ
3502 3109 3794 3180 πρόσωπον

529 3211 735 3265 nullam
764 3208 1160 3280 paraverimus.
1181 3209 1296 3264 Hoc
1325 3218 1575 3264 nostrum
1602 3217 1950 3280 peccatorum
1975 3208 2100 3276 iter,

2211 3203 2438 3276 ἔχοντες,
2467 3201 2761 3270 ἀπολογίαν
2793 3201 2849 3254 δὲ
2878 3201 3088 3270 ἀγαθὴν
3107 3200 3182 3273 μὴ
3201 3201 3663 3273 εύτρεπήσαντες.
3694 3200 3794 3255 Οὔ·

533 3303 627 3374 qui
661 3303 715 3357 in
746 3302 892 3357 curis
919 3301 1087 3356 vitam
1123 3317 1367 3373 agamus,
1403 3317 1466 3356 ac
1490 3302 1544 3354 in
1576 3301 1863 3358 doloribus
1896 3301 2104 3358 moria-

536 3411 680 3448 mur.
710 3393 800 3449 Sic
844 3392 1143 3463 sepelimur
1172 3431 1186 3456 ,
1243 3391 1322 3446 sic
1351 3390 1722 3462 resurgimus,
1780 3389 1969 3462 sicque
2009 3407 2110 3448 nos

535 3485 642 3556 ipsi
699 3483 1066 3540 defendimus.
1111 3482 1414 3550 Quinimo,
1472 3483 1550 3538 sic
1609 3483 2001 3538 confundimur
2055 3484 2110 3538 in

536 3574 738 3632 acerbo
771 3573 884 3640 illo,
921 3571 1072 3627 orbis
1094 3571 1360 3636 universi,
1398 3570 1708 3635 tremendo,
1741 3586 1805 3625 ac
1836 3570 2112 3642 plerisque

538 3668 870 3734 tenebroso,
932 3681 1299 3737 personarum
1352 3667 1725 3735 acceptionem
1780 3666 1988 3720 nullam
2013 3666 2113 3719 ha-

539 3762 703 3817 bente
724 3804 739 3827 ,
764 3760 1105 3830 incorrupto,
1131 3757 1502 3828 inexplicabili
1543 3757 1769 3828 judicio,
1799 3773 1863 3812 ac
1895 3757 2117 3811 carnifi-

541 3853 699 3921 cina;
751 3851 845 3907 ubi
905 3857 1148 3906 tremunt
1205 3848 1402 3920 angeli,
1448 3856 1730 3918 ponuntur
1759 3849 1937 3912 sedes,
1987 3847 2114 3904 libri

545 3944 910 4015 aperiuntur,
957 3957 1021 3995 ae
1075 3939 1523 4012 inexstinguibile
1571 3939 1924 3994 tenebrosum
1977 3939 2118 4011 ignis

545 4036 749 4091 flumen
779 4033 1014 4090 exsistit.

617 4228 1095 4298 Quemadmodum
1127 4227 1274 4283 enim
1303 4226 1611 4297 plumbum,
1639 4237 1734 4280 aut
1761 4225 1852 4295 pix
1896 4225 2004 4296 igni
2029 4241 2118 4282 so-

546 4324 687 4387 luta,
729 4321 809 4376 sic
831 4329 887 4376 et
930 4320 1072 4391 ignis
1115 4319 1210 4374 ille
1240 4318 1422 4372 omnis
1450 4333 1650 4387 expers
1678 4317 1821 4373 lucis
1862 4327 1966 4373 est.
2017 4317 2122 4373 Ubi

551 4414 782 4469 immitis
840 4413 1080 4478 vermis,
1139 4426 1203 4465 ac
1253 4410 1679 4480 insoporabilis;
1741 4411 1833 4466 ubi
1883 4410 2125 4466 tenebrae

549 4504 702 4562 nulla
739 4503 1108 4568 dilutaaluce;
1135 4500 1227 4554 ubi
1253 4499 1425 4554 tristis
1453 4508 1688 4555 tartarus
1711 4501 1890 4556 omnis
1935 4516 2126 4556 exsors

2209 3315 2316 3362 τως
2349 3297 2398 3351 οἰ
2432 3293 2747 3368 ἁμαρτωλοὶ
2770 3295 3116 3368 πορευόμεθα
3145 3295 3202 3346 ἐν
3237 3293 3474 3366 φροντίδι
3505 3293 3789 3366 ζήσαντες,

2211 3390 2306 3444 καὶ
2335 3393 2399 3444 ἐν
2417 3389 2627 3452 ὀδύναις
2655 3388 3003 3460 θνήσκοντες.
3069 3386 3257 3450 Οὖτως
3312 3385 3658 3458 θαπτόμεθα,
3707 3385 3793 3440 οὗ·

2211 3500 2318 3548 τως
2338 3479 2697 3552 ἀνιστάμεθα,
2725 3480 2820 3534 καὶ
2831 3479 3001 3544 οὕτως
3024 3479 3460 3552 ἀπολογούμεθα,
3485 3479 3692 3551 μᾶλλον
3716 3478 3788 3541 δὲ,

2211 3575 2385 3638 οὕτως
2417 3572 2809 3644 αἰσχυνόμεθα,
2842 3573 2918 3637 εἰς
2945 3574 3120 3627 ἐκεῖνο
3159 3573 3218 3627 τὸ
3245 3574 3466 3646 πικρὸν,
3499 3573 3582 3636 εἰς
3621 3575 3792 3627 έκεῖνο

2213 3668 2275 3720 τὸ
2312 3665 2708 3736 οἰκουμενικὸν,
2763 3665 2824 3719 τὸ
2858 3664 3088 3736 φοϐερὸν
3139 3666 3370 3730 καὶτοῖς
3403 3664 3625 3729 πολλοῖς
3675 3682 3793 3719 σκο-

2215 3759 2416 3813 τεινόν⁹
2477 3757 2536 3810 τὸ
2590 3757 3114 3828 ἁπροσωπόληπτον,
3159 3757 3221 3811 τὸ
3260 3757 3694 3828 ἀδωροδόκητον,
3735 3757 3791 3809 τὸ

2219 3853 2618 3923 ἀνερμήνευτον
2682 3850 3065 3922 δικαστήριον,
3145 3851 3239 3904 καὶ
3307 3851 3620 3922 κριτήριον,
3703 3850 3793 3902 καὶ

2218 3944 2602 4013 κολαστήριον⁸
2646 3942 2779 3995 ὅπου
2807 3942 3024 4011 ἄγγελοι
3071 3943 3398 4013 τρέμουσιν
3431 3943 3565 3996 ὅπου
3621 3942 3793 4014 θρόνοι

2220 4035 2486 4101 τίθενται,
2512 4035 2644 4087 ὅπου
2677 4034 2734 4086 αἰ
2768 4034 2940 4105 βίϐλοι
2962 4035 3289 4104 ἀνοίγονται,
3329 4036 3462 4089 ὅπου
3486 4037 3515 4088 6
3538 4034 3796 4098 ἄσϐεστος

2220 4130 2314 4182 τοῦ
2348 4130 2517 4200 πυρὸς
2545 4130 2814 4194 σκοτεινὸς
2840 4132 3103 4201 ποταμός.

2295 4222 2505 4290 ’Ὠσπερ
2530 4222 2639 4291 γὰρ
2681 4221 2948 4292 μόλιϐδος,
2988 4223 3020 4293 ἢ
3055 4223 3222 4275 πίσσα
3251 4220 3519 4292 λελυμένη
3555 4219 3662 4273 ὑπὸ
3696 4237 3795 4272 rtu-

2229 4313 2338 4385 ρὸς,
2368 4312 2543 4376 οὕτως
2569 4313 2745 4367 καὶτὸ
2793 4313 2897 4384 πῦρ
2937 4314 3113 4368 ἐκεῖνο
3135 4313 3460 4384 ¹ἀφώτιστον
3517 4315 3794 4384 τυγχάνει.

2227 4406 2413 4459 Ὅπου·
2432 4408 2459 4460 ό
2487 4405 2765 4477 ἀνήμερος
2791 4403 3027 4476 σκώληξ,
3074 4409 3170 4460 καὶ
3201 4408 3501 4478 ἀκοίμητος
3522 4424 3535 4436 ·
3569 4408 3701 4459 ὃπου
3742 4405 3798 4458 τὸ

2227 4494 2530 4565 ἀφώτιστον
2562 4494 2769 4561 σκότος,
2801 4495 2934 4550 ὅπου
2965 4496 2992 4547 6
3037 4495 3295 4567 ὀδυνηρὸς
3349 4496 3622 4567 τάρταρος
3656 4499 3684 4549 6
3727 4497 3798 4566 μὴ

550 4598 784 4665 caloris;
819 4596 916 4654 ubi
945 4595 1089 4669 iugis
1120 4595 1390 4666 eiulatus:
1420 4591 1512 4646 ubi
1544 4593 1868 4649 immortalis
1896 4594 2109 4660 stridor;

2233 4589 2475 4659 μετέχων
2505 4586 2734 4658 θέρμης,
2763 4588 2896 4641 ὅπου
2924 4589 2951 4641 6
2986 4588 3246 4657 ἁσίγητος
3283 4588 3584 4659 κλαυθμὸς,
3621 4588 3755 4642 ὅπου
3775 4586 3800 4638 6

550 4691 648 4746 ubi
684 4690 1029 4761 sempiternae
1069 4687 1354 4757 lacrymze;
1389 4683 1483 4737 ubi
1521 4684 1732 4738 nullum
1778 4685 1940 4738 tinem
1973 4684 2128 4739 habi-

557 4783 665 4837 turi
691 4782 967 4852 gemitus;
1002 4781 1094 4834 ubi
1133 4781 1316 4834 luctus
1362 4779 1605 4848 cogitatu
1638 4778 1840 4848 major;
1869 4777 1960 4830 ubi
1996 4793 2126 4832 cru—

553 4872 876 4930 ciandorum
947 4886 1112 4926 voces
1204 4869 1550 4924 miserabiles
1627 4883 1693 4922 ac
1757 4867 2122 4922 tristissima:

553 4966 760 5027 Parce,
826 4978 1024 5033 parce,
1085 4961 1225 5028 sine,
1277 4961 1430 5027 sine;
1489 4959 1782 5023 miserere,
1833 4958 2125 5026 miserere;

558 5071 738 5122 serva,
770 5054 1182 5125 serva;judex,
1208 5053 1396 5126 iudex.
1441 5051 1541 5108 Ubi
1579 5067 1684 5105 non
1731 5051 1896 5117 risus,
1924 5050 2127 5106 sedlu-

557 5157 680 5204 ctus
702 5154 785 5201 est
828 5163 840 5200 :
877 5145 972 5201 ubi
1013 5161 1121 5200 non
1141 5145 1422 5216 gaudium,
1460 5142 1555 5198 sed
1588 5144 1854 5214 gemitus;
1886 5143 1978 5197 ubi
2019 5159 2128 5197 non

555 5239 768 5307 laetitia,
792 5237 889 5296 sed
916 5237 1106 5306 dolor;
1132 5237 1224 5292 ubi
1261 5253 1370 5291 non
1409 5236 1642 5298 delicia.
1683 5236 1778 5291 sed
1803 5234 2004 5306 judex;
2037 5234 2128 5289 ubi

559 5346 670 5387 non
698 5347 849 5402 opes,
875 5331 972 5388 sed
1003 5330 1242 5386 tenebrae
1268 5347 1281 5383 :
1312 5328 1405 5382 ubi
1426 5344 1535 5382 non
1566 5329 1765 5383 choros
1795 5343 1954 5398 agere
1979 5327 2128 5393 licet,

562 5423 659 5481 Sed
689 5424 924 5494 suspiria
943 5423 1184 5478 trahere.
1216 5421 1520 5476 Tremenda
1539 5422 1656 5476 haec
1683 5419 1912 5485 auditu;
1940 5434 2132 5474 verum

563 5514 845 5571 tremenda
901 5516 1073 5587 magis
1157 5531 1222 5570 ac
1281 5515 1552 5570 amariora
1604 5521 1827 5583 aspectu
1877 5529 1893 5567 :
1961 5512 2137 5583 majus

564 5608 803 5678 denique
851 5607 921 5664 ad
987 5610 1287 5665 cruciatum
1345 5624 1410 5663 ac
1452 5607 1730 5661 miseriam
1763 5647 1776 5671 ,
1824 5614 1885 5660 ut
1935 5621 2000 5661 ea
2048 5621 2140 5676 pa-

566 5694 784 5752 tiamur.

677 5871 721 5903 δι
752 5872 928 5932 Eccle.
955 5889 994 5941 ι,
1027 5872 1082 5928 2.
1193 5867 1237 5905 δ’
1267 5873 1409 5930 Psal.
1437 5889 1659 5940 xxxvm,
1686 5876 1736 5930 'l.

2233 4678 2586 4749 ἀτελεύτητος
2615 4677 2880 4749 βρυγμὸς,
2911 4677 3043 4732 ὅπου
3066 4678 3126 4730 τὸ
3148 4678 3363 4732 αἰώνιον
3391 4679 3650 4750 δάκρυον,
3674 4679 3800 4732 ὅπου

2233 4773 2282 4825 οἰ
2309 4771 2560 4840 ἀσίγητοι
2593 4770 2906 4840 στεναγμοὶ,
2949 4770 3082 4823 ὅπου
3109 4771 3169 4824 τὸ
3208 4769 3646 4842 ἀπαραμύθητον
3677 4771 3801 4823 πέν-

2237 4864 2348 4928 θος,
2380 4864 2510 4917 ὄπου
2549 4862 2656 4914 τῶν
2679 4861 3119 4932 βασανιζομένων
3151 4864 3206 4915 αἱ
3241 4861 3418 4932 φωναὶ
3450 4861 3686 4916 ὲλεειναὶ
3716 4864 3802 4914 καὶ

2225 4955 2480 5027 ὀδυνηραί
2501 4971 2514 4985 ·
2545 4956 2751 5019 Φείσαι,
2781 4957 2964 5024 φεῖσαι
2984 4971 2995 4982 ⁸
3023 4957 3146 5018 ἄνες
3165 5000 3179 5022 ,
3208 4955 3333 5020 ἄνες
3353 4969 3367 4984 ο
3397 4955 3644 5026 ἐλέησον,
3665 4954 3803 5023 ἐλέη-

2231 5065 2320 5100 σον
2415 5047 2606 5112 σῶσον,
2666 5045 2874 5099 σῶσονο
2906 5046 3158 5109 δικαστά,
3211 5045 3476 5100 δικαστά’
3517 5047 3656 5100 ὅπου
3709 5046 3804 5099 οὒκ

2233 5141 2349 5194 ἔστι
2381 5139 2573 5209 γέλως,
2604 5140 2740 5194 ἀλλά
2797 5142 3025 5212 θρῆνοςο
3057 5143 3190 5196 ὅπου
3248 5143 3348 5196 οὐκ
3395 5141 3512 5194 ἔστι
3538 5138 3802 5210 χαρμονὴ.

2232 5231 2368 5285 ἀλλὰ
2411 5231 2753 5301 στεναγμός·
2788 5232 2923 5286 ὅπου
2988 5232 3087 5286 οὐκ
3126 5232 3274 5286 ἔστιν
3323 5232 3656 5302 εὐφροσύνη,
3697 5226 3807 5283 ἀλλ’

2235 5325 2396 5397 ὀδύνη
2417 5341 2432 5356 ο
2459 5325 2592 5378 ὅπου
2626 5325 2728 5378 οὐκ
2753 5324 2869 5378 ἐστι
2903 5327 3104 5398 τρυφὴ.
3131 5326 3266 5379 ἀλλὰ
3296 5326 3516 5397 κριτήςο
3551 5324 3688 5377 ὅπου
3716 5322 3810 5374 οὐκ

2241 5417 2356 5472 ἔστι
2399 5416 2650 5482 πλοῦτος,
2685 5416 2823 5470 ἀλλά
2856 5418 3064 5481 σκότος’
3096 5418 3229 5470 ὅπου
3263 5417 3363 5470 οὒκ
3389 5416 3504 5468 εστι
3530 5413 3809 5486 χορεῦσαι,

2244 5506 2381 5563 ἁλλά
2405 5505 2674 5571 στενάξαι.
2705 5506 2940 5577 Φοϐερὸν
2966 5507 3027 5560 τὸ
3063 5507 3235 5561 ταῦτα
3265 5507 3516 5571 ἀκοῦσαι,
3553 5504 3694 5558 ἀλλά
3723 5519 3812 5571 φοι

2245 5601 2551 5673 ϐερὼτερον
2601 5599 2694 5653 καὶ
2743 5600 3067 5671 πικρότερον
3107 5598 3306 5652 ἰδέσθαι
3329 5614 3341 5628 ·
3371 5597 3466 5651 καὶ
3499 5595 3662 5650 πάλιν
3691 5592 3811 5647 ὀδυ-

2248 5693 2440 5768 νηρότε
2451 5709 2541 5765 ρον
2561 5692 2652 5745 καὶ
2680 5689 3010 5763 ἀθλιώτερον
3034 5690 3093 5745 τὸ
3115 5689 3287 5745 ταῦτα
3318 5688 3526 5744 παθεῖν.
