4032 6478
534 392 676 472 3Ξ55

1783 400 2095 462 INCERTI
2130 400 2508 463 AUCTORIS

3646 405 3775 471 3256

594 506 757 570 Tunc
781 501 1231 573 blasphemorum
1263 503 1372 574 igni
1408 504 1681 560 torrenda:
1707 504 1910 578 linguae
1936 524 1949 561 :
1980 516 2106 563 tunc

2282 508 2417 562 Τότε
2447 508 2558 563 τῶν
2613 507 2952 580 βλασφήμων
3002 510 3058 565 αί
3111 510 3355 581 γλῶσσαι
3408 514 3773 583 φλογίζονται*

526 597 925 655 fornicatorum
964 596 1247 652 exurenda
1300 613 1567 669 corpora;
1618 606 1750 655 tunc
1788 600 2108 656 convician-

535 692 673 747 tium
719 688 1061 746 conterenda
1110 706 1228 757 ora,
1279 707 1383 747 nec
1434 693 1544 747 erit
1607 693 1702 763 qui
1752 693 2106 749 misereatur.

532 780 689 836 Tunc
733 779 1199 836 immiscricordes
1253 780 1767 837 immisericorditer
1817 783 2104 853 puniendi.

530 871 685 927 Tune
726 871 1009 943 superfluo
1056 873 1207 927 cultu
1244 874 1599 943 gloriantium
1651 875 1837 931 vultus
1880 875 2108 943 fuligine

532 961 837 1017 inﬁciendi.
871 963 1027 1019 Tunc
1058 963 1333 1035 impudice
1367 966 1729 1021 annuentium
1769 968 1913 1023 oculi
1948 968 2107 1023 obte-

528 1054 817 1110 nebrandi.
848 1054 983 1121 Quis
1019 1056 1387 1111 misereatur?
1410 1058 1544 1124 Quis
1573 1059 1801 1114 salutem
1847 1063 2109 1130 prrestet?

528 1144 634 1200 Ubi
677 1155 806 1202 tunc
826 1149 1127 1215 parentes?
1160 1149 1253 1202 ubi
1288 1149 1633 1205 fratres?ubi
1656 1151 1848 1221 pater?
1870 1152 1962 1206 ubi
1994 1169 2108 1207 ma-

529 1238 647 1291 ter?
661 1238 754 1292 ubi
773 1238 984 1294 amicus
998 1240 1022 1293 ?
1038 1240 1130 1295 ubi
1150 1256 1338 1311 regum
1357 1242 1799 1312 magnificentia?
1817 1243 1957 1310 Quid
1973 1261 2107 1301 vero

528 1328 655 1384 dico
687 1340 843 1399 pater
864 1346 927 1385 ac
960 1342 1136 1387 mater
1156 1332 1180 1385 ?
1198 1332 1308 1387 Nec
1334 1334 1511 1403 angeli
1541 1334 1668 1404 ipsi,
1694 1350 1795 1390 nec
1819 1344 2103 1408 martyres,

529 1436 634 1476 nec
654 1424 909 1491 apostoli,
947 1431 1077 1477 tunc
1095 1424 1445 1480 obsecrantes
1474 1426 1860 1481 exaudientur.

598 1512 794 1577 Nemo,
853 1512 1080 1579 fratres,
1136 1516 1377 1585 seipsum
1434 1526 1619 1573 mente
1682 1517 1943 1589 decipiat.
2002 1520 2103 1576 Ubi

528 1602 677 1658 enim
714 1604 862 1659 Deus
896 1605 1161 1662 adversus
1198 1608 1478 1664 hominem
1513 1610 1805 1676 clauserit,
1837 1611 1962 1680 quis
1994 1612 2104 1681 jam

530 1694 784 1763 aperiat?
818 1696 923 1751 Ubi
968 1704 1099 1753 tunc
1143 1700 1481 1769 optimates?
1520 1700 1747 1757 Confusi
1798 1712 1946 1757 sunt.
1999 1704 2103 1760 Ubi

527 1788 788 1858 jndiees?
833 1790 1053 1847 Judieio
1096 1791 1339 1848 damnati
1393 1802 1541 1847 sunt.
1609 1793 1713 1849 Ubi
1781 1802 1913 1849 tunc
1960 1797 2101 1850 servi

2209 598 2331 652 τότε
2352 598 2423 652 τά
2447 598 2558 652 τῶν
2590 597 2805 669 πορνῶν
2849 598 3077 670 σώματα
3107 603 3496 658 κατακαίοντα.
3527 605 3661 658 Τότε
3680 608 3777 662 τῶν

2209 689 2465 761 λοιδόρων
2485 690 2555 745 τὰ
2584 693 2830 762 στόματα
2884 693 3282 763 συντρίϐονται,
3339 694 3435 747 καὶ
3450 695 3551 749 οῦκ
3580 698 3724 752 ἔσται
3751 702 3778 753 6

2209 782 2536 838 ἑ).εῶν.Τὸτε
2564 784 2612 835 οἱ
2637 784 2973 855 ἀσπλαγχνοι
3006 785 3251 857 ἀνηλεῶς
3278 786 3627 850 κολάζονται.
3657 790 3777 843 Τότε

2209 872 2702 943 καλλωπιζομένων
2730 873 2799 927 τὰ
2830 874 3099 945 πρόσωπα
3128 876 3507 930 ἀσϐολοῦνται.
3531 876 3664 931 Τότε
3683 882 3779 933 τῶν

2207 964 2564 1019 διανευόντων
2595 966 2644 1019 oi
2686 965 2960 1037 ὀφθαλμοὶ
3003 968 3363 1032 σκοτίζονται.
3398 970 3498 1032 Τίς
3527 972 3556 1023 6
3584 972 3775 1035 ὲλεῶν;

2206 1057 2292 1121 τίς
2314 1058 2342 1110 6
2367 1055 2557 1120 σώζων
2578 1074 2592 1123 ;
2615 1057 2725 1110 Ποῦ
2759 1058 2879 1111 τότε
2906 1061 3085 1127 γονεῖς
3106 1075 3121 1125 ;
3154 1059 3258 1112 ποῦ
3280 1060 3504 1131 ἀδελφοί
3525 1077 3540 1126 ;
3568 1061 3671 1114 ποῦ
3695 1081 3781 1116 πα-

2206 1149 2348 1218 τὴρ;
2386 1148 2491 1201 ποῦ
2549 1151 2766 1220 μήτηρ·
2799 1149 2903 1203 ποῦ
2961 1150 3115 1215 φίλος
3136 1168 3151 1182 ⁸
3186 1151 3289 1204 ποῦ
3316 1154 3349 1220 ἡ
3386 1153 3500 1204 τῶν
3529 1151 3782 1220 βασιλέων

2210 1238 2509 1308 φαντασία;
2536 1240 2647 1292 Καὶ
2664 1240 2716 1292 τί
2739 1240 2884 1309 λέγω
2909 1240 3094 1312 πατὴρ
3114 1242 3208 1295 καὶ
3237 1243 3457 1314 μήτηρς
3482 1244 3619 1297 Οὐδὲ
3644 1244 3782 1298 αὐτοὶ

2208 1332 2256 1384 οί
2290 1331 2531 1399 ἄγγελοι,
2563 1332 2683 1385 οὐδὲ
2716 1332 2767 1386 οἱ
2822 1333 3123 1404 μάρτυρες,
3158 1334 3281 1387 οὐδὲ
3336 1335 3652 1403 ἀπόστολοι,
3673 1337 3781 1390 τότε

2208 1422 2654 1493 παρακαλοῦντες
2686 1424 3081 1479 εἰσακούονται.

2271 1515 2499 1586 Μηδεὶς,
2531 1517 2770 1584 ἀδελφοὶ,
2800 1517 2987 1570 ἑαυτὸν
3013 1522 3434 1590 φρεναπατάτω.
3469 1521 3650 1575 Ὅπου
3686 1521 3783 1591 γᾶρ

2207 1607 2341 1671 Θεὸς
2368 1608 2557 1679 κλείσῃ
2617 1609 2760 1661 κατά
2801 1608 3115 1679 ἀνθρώπου,
3170 1610 3382 1676 λοιπὸν,
3417 1612 3505 1677 τίς
3557 1612 3780 1680 ἀνοίξεις

2208 1698 2318 1751 Ποῦ
2357 1698 2477 1751 τότε
2527 1698 2814 1769 ἀρχοντες;
2854 1699 3288 1771 ᾜσχυνήθησαν.
3347 1703 3461 1757 Ποῦ
3509 1703 3781 1769 δικασταί;

2208 1790 2842 1861 Κατεδικάσθησαν.,Ποῦ
2867 1792 2987 1846 τότε
3018 1793 3067 1847 οί
3121 1793 3296 1848 δοῦλοι
3322 1795 3373 1848 οἱ
3405 1797 3784 1866 μαστιζόμενοι

529 1881 669 1935 «lure
692 1881 1056 1952 vapulantes?
1078 1883 1181 1940 Ubi
1214 1884 1425 1939 ancilla:
1456 1884 1548 1939 hic
1576 1899 1607 1938 a
1633 1885 1794 1941 nobis
1816 1887 2105 1942 laboribus

2211 1883 2474 1953 ἀφειδῶς;
2502 1882 2612 1935 Ποῦ
2635 1884 2692 1936 αἱ
2719 1882 2975 1948 δουλίδες,
3002 1885 3058 1938 αἱ
3094 1885 3400 1940 καταπονού
3412 1903 3573 1956 μεναι
3604 1879 3702 1939 ὧδε
3732 1887 3784 1951 ἰξ

529 1974 851 2042 oppressae?
878 1974 1034 2028 Tunc
1066 1975 1102 2029 ii
1134 1975 1188 2029 in
1221 1975 1383 2031 bonis
1433 1985 1632 2043 erunt;
1680 1977 1877 2031 borum
1925 1987 2108 2031 autem

532 2061 741 2116 domini
766 2061 821 2116 in
854 2061 1266 2119 cruciamentis.
1300 2064 1401 2120 Ubi
1428 2063 1743 2136 superﬂuus
1777 2064 1959 2118 cultus
1980 2080 2109 2119 cor-

530 2152 728 2224 poris?
759 2155 861 2210 Ubi
889 2163 1073 2211 vestes
1104 2156 1399 2225 exquisitis
1432 2157 1714 2213 coloribus
1744 2158 1971 2213 tinctaa?
2004 2158 2107 2214 Ubi

529 2248 649 2301 auri
665 2248 957 2317 probatio?
979 2248 1080 2304 Ubi
1099 2250 1311 2320 argenti
1328 2250 1534 2305 sonus?
1552 2250 1654 2307 Ubi
1683 2251 1947 2306 unionum
1971 2252 2114 2307 aesti-

532 2341 743 2395 matio?
766 2341 861 2396 ubi
886 2351 1117 2397 ornatus
1136 2344 1444 2398 manuum?
1477 2343 1582 2399 Ubi
1603 2343 1857 2399 delicias?
1880 2343 1987 2400 Ubi
2020 2344 2109 2400 di-

533 2445 693 2486 versa
715 2430 884 2486 vina?
908 2431 1011 2487 Ubi
1043 2433 1218 2504 equi?
1253 2433 1359 2489 Ubi
1381 2433 1538 2489 frena
1583 2435 1790 2490 aurea?
1822 2434 1928 2491 Ubi
1966 2451 1997 2491 a
2030 2437 2110 2491 la-

536 2530 652 2577 tere
682 2525 1017 2579 currentes?
1061 2525 1165 2582 Ubi
1219 2527 1437 2581 turbam
1486 2527 1877 2582 submoventes
1923 2527 2113 2583 servi?

534 2613 637 2669 Ubi
672 2615 924 2685 superbae
963 2616 1147 2671 aedes?
1188 2617 1289 2673 Ubi
1349 2618 1402 2673 in
1451 2618 1787 2673 formidabili
1828 2617 1917 2673 illa
1974 2618 2112 2675 hora

534 2705 629 2774 qui
691 2705 1084 2760 resurrectioni
1137 2721 1202 2761 ac
1257 2707 1529 2777 supplicio
1584 2707 1885 2763 detrahunt
1913 2708 2109 2775 fidem,

532 2794 794 2865 velutque
848 2795 1190 2852 immortales
1234 2797 1314 2852 sic
1344 2812 1403 2853 se
1439 2798 1687 2853 habent?
1731 2799 1835 2855 Ubi
1867 2800 1960 2869 qui
1992 2800 2113 2856 tbe-

532 2900 729 2941 sauros
763 2894 1048 2957 aggerum,
1082 2901 1185 2942 nec
1202 2886 1433 2942 fratrum
1474 2882 1827 2944 miseratione
1876 2898 2111 2960 tangun-

533 2974 668 3029 tur?
698 2972 804 3029 Ubi
837 2984 1019 3030 vestes
1050 2975 1288 3031 sericaa?
1322 2974 1427 3031 Ubi
1456 2975 1699 3046 byssus?
1735 2976 1839 3032 Ubi
1867 2977 2110 3048 pretiosa

535 3066 945 3123 ealceamcnta?
972 3065 1074 3123 Ubi
1106 3068 1430 3138 unguenta?
1458 3067 1562 3123 Ubi
1607 3084 1762 3123 vanae
1788 3068 2114 3125 infumatio-

534 3173 636 3213 nes
654 3198 669 3222 ,
706 3173 940 3228 quarum
967 3167 1187 3229 sumptu
1216 3158 1516 3230 juvenibus
1539 3158 1706 3215 decor
1734 3159 2111 3215 conciliatur?

534 3249 590 3304 id
616 3265 748 3306 vero
772 3264 895 3305 cum
922 3250 1192 3321 quosdam
1219 3250 1499 3306 videamus
1528 3249 1706 3306 frusto
1736 3251 1894 3321 panis
1921 3266 2105 3321 egere,

533 3342 760 3414 vinique
801 3343 983 3414 ipsum
1017 3342 1245 3400 odorem
1271 3342 1614 3409 desiderare,
1654 3358 1759 3400 nec
1795 3343 1905 3399 illis
1936 3344 2107 3400 mise-

532 3450 774 3490 reamur.

601 3538 745 3605 Quid
777 3548 909 3594 tunc
930 3538 1205 3610 iuvabunt
1255 3539 1550 3597 ambitioso
1584 3556 1735 3596 nunc
1757 3549 1956 3596 ornatu
1976 3539 2105 3597 lecti

530 3617 845 3699 splendidi?
872 3630 976 3687 Ubi
1017 3638 1149 3687 tunc
1178 3632 1272 3701 qui
1317 3632 1656 3703 pauperibus
1706 3632 2103 3703 improperant,

530 3734 735 3790 eosque
759 3722 1129 3778 aversantur?
1152 3720 1273 3789 Quo
1310 3731 1442 3778 tunc
1465 3723 1817 3787 amandandi,
1846 3724 1941 3795 qui
1977 3740 2108 3780 con-

529 3810 755 3866 stitutos
776 3810 831 3866 in
858 3813 1285 3869 necessitatibus
1306 3812 1657 3883 despiciunt?
1685 3814 1781 3869 ubi
1829 3815 2107 3886 sapientes

530 3914 596 3955 ac
622 3903 912 3957 oratores?
949 3903 1044 3958 ubi
1079 3904 1136 3959 in
1170 3905 1442 3977 tympanis
1495 3912 1552 3960 et
1588 3905 1778 3963 choris
1806 3906 1997 3962 vinum
2021 3906 2107 3961 bi-

528 3990 769 4047 bentes?
819 3992 937 4059 ubi,
969 4010 1176 4065 quazso,
1210 4004 1361 4062 tunc,
1396 4012 1461 4052 ac
1492 3997 1771 4069 quomodo
1816 3999 1993 4054 acturi
2022 3999 2109 4054 lu-

529 4090 703 4149 ctum,
729 4085 825 4156 qui
874 4087 1135 4143 continue
1169 4087 1307 4143 risui
1353 4088 1683 4161 indulgent?
1716 4090 1808 4145 ubi
1844 4091 1939 4161 qui
1974 4092 2108 4147 reli-

526 4175 713 4247 giosus
734 4177 988 4235 homines
1009 4180 1492 4237 subsannant?ubi
1511 4182 1604 4250 qui
1629 4183 1777 4238 nulla
1807 4192 2109 4255 tanguntur

526 4281 662 4323 cura
716 4269 1021 4340 dicuntque
1059 4290 1072 4326 :
1106 4271 1347 4326 Edamus
1407 4282 1455 4327 et
1488 4274 1755 4339 bibamus;
1800 4291 1919 4329 cras
1968 4277 2107 4330 enim

528 4360 821 4412 moriemur
842 4360 927 4413 “?
953 4360 1057 4416 Ubi
1093 4361 1190 4415 Dei
1221 4361 1438 4416 timoris
1466 4370 1895 4433 contemptores,
1933 4365 2105 4419 nihil-

527 4463 637 4519 que
667 4464 821 4505 suam
852 4466 954 4521 pro
981 4452 1077 4507 illo
1115 4452 1373 4507 tribunali
1419 4453 1792 4510 defensionem
1824 4467 2105 4524 curantes,

2137 3230 2181 3293 C

2212 1973 2371 2044 ήμῶν
2397 1990 2413 2039 ;
2443 1973 2579 2027 Τότε
2612 1974 2767 2027 αὐτοὶ
2789 1975 2846 2029 ὲν
2872 1974 3114 2043 ἀγαθοῖς,
3147 1976 3197 2027 οί
3217 1975 3271 2028 δὲ
3303 1975 3513 2029 τούτων
3539 1974 3786 2028 δεσπόται

2211 2066 2269 2118 ὲν
2300 2064 2604 2136 θλιϐεροῖς;
2636 2065 2748 2120 Ποῦ
2770 2065 2798 2117 6
2826 2064 3215 2135 καλλωπισμὸς
3240 2064 3333 2119 τοῦ
3367 2066 3657 2136 σώματοςς
3686 2065 3785 2119 Ποῦ

2210 2158 2265 2211 αἱ
2286 2156 2446 2228 χροαὶ
2473 2157 2581 2209 τῶν
2607 2157 2868 2227 ίματίων;
2899 2156 3005 2211 Ποῦ
3033 2158 3067 2227 ἡ
3095 2157 3190 2211 τοῦ
3214 2158 3435 2229 χρυσίου
3458 2157 3785 2229 δοκιμασίας

2212 2248 2323 2302 Ποῦ
2356 2251 2385 2302 6
2414 2248 2621 2313 κτύπος
2641 2248 2736 2302 τοῦ
2770 2248 3034 2320 ἀργύρου,
3060 2248 3164 2303 ποῦ
3187 2250 3243 2303 ai
3296 2249 3405 2302 τῶν
3436 2250 3787 2321 μαργαριτῶ

2210 2340 2369 2409 τιμαί
2392 2357 2407 2407 ;
2434 2340 2545 2394 Ποῦ
2580 2343 2613 2412 ἡ
2642 2340 2912 2412 κόσμησις
2936 2341 3045 2394 τῶν
3072 2342 3291 2413 χειρῶν.
3342 2340 3453 2393 Ποῦ
3486 2342 3524 2411 ἠ
3576 2341 3784 2411 τρυφή;

2211 2430 2324 2486 Ποῦ
2345 2432 2374 2485 6
2398 2427 2541 2496 οἶνος
2569 2434 2597 2486 6
2628 2431 2917 2503 διάφορος;
2950 2432 3060 2487 Ποῦ
3088 2433 3138 2485 οἱ
3160 2432 3349 2497 ῖπποι;
3386 2430 3498 2485 Ποῦ
3521 2430 3575 2483 οἱ
3611 2432 3787 2501 χρυσῶ

2211 2522 2453 2594 χαλινοῖς
2478 2522 2587 2577 Ποῦ
2606 2524 2655 2575 oi
2683 2523 3121 2595 παρατρέχοντες
3142 2540 3157 2589 ;
3176 2523 3287 2576 Ποῦ
3309 2525 3357 2575 οξ
3383 2540 3455 2575 πα
3465 2522 3787 2593 ρασύροντες

2210 2615 2388 2669 δοῦλοι
2416 2632 2431 2682 ;
2459 2614 2571 2669 Ποῦ
2602 2615 2659 2668 αι
2696 2615 2865 2670 οἰκίαι
2896 2615 3409 2685 κεκαλλωπισμέναι
3440 2632 3455 2680 ;
3496 2614 3612 2668 Ποῦ
3645 2616 3701 2666 ἐν
3724 2616 3783 2684 τῇ

2214 2707 2423 2779 φοϐερᾷ
2452 2706 2574 2778 ὥρᾳ
2600 2706 2786 2778 ἐκείνῃ
2830 2706 2880 2761 οί
2907 2709 2974 2778 τῇ
3000 2708 3295 2761 ἀναστάσει
3353 2708 3446 2761 καί
3478 2709 3551 2776 τῇ
3579 2706 3784 2758 κολάσει

2217 2801 2291 2872 μὴ
2342 2799 2712 2865 πιστεύοντες,
2759 2801 2855 2855 καὶ
2893 2800 2970 2863 ὡς
3000 2799 3257 2853 ἀθάνατοι
3282 2800 3625 2869 διακείμενοι
3649 2816 3663 2862 ;
3686 2797 3783 2851 Ποῦ

2213 2893 2265 2946 οἱ
2291 2890 2733 2962 θησαυρίζοντες,
2765 2890 2860 2945 καὶ
2896 2890 3023 2953 τοὺς
3067 2890 3330 2960 ἀδελφοὺς
3363 2890 3440 2961 μὴ
3470 2889 3780 2955 ἐλεοῦντεςς

2214 2982 2324 3037 Ποῦ
2356 2982 2426 3036 τά
2458 2982 2661 3053 σηρικά
2690 3000 2705 3049 ;
2745 2981 2854 3035 Ποῦ
2885 2981 2953 3035 τά
2981 2981 3247 3052 βύσσινα;
3280 2982 3389 3035 Ποῦ
3422 2982 3491 3034 τά
3520 2980 3783 3050 πολύτιμα

2215 3075 2579 3146 ύποδήματα;
2608 3074 2720 3128 Ποῦ
2750 3074 2819 3128 τὰ
2856 3074 3037 3145 μόρας
3072 3074 3181 3128 Ποῦ
3206 3074 3275 3127 τὰ
3316 3073 3677 3144 καπνίσματα
3723 3073 3782 3124 τὰ

2217 3166 2444 3235 μάταια,
2477 3168 2544 3219 τὰ
2568 3167 2647 3229 είς
2674 3165 2733 3218 τὸ
2745 3165 2938 3229 κάλλος
2955 3164 3055 3236 τῆς
3079 3164 3330 3235 νεότητος
3345 3165 3746 3236 ἀναλισκόμενα
3765 3179 3781 3194 ⁸

2211 3256 2496 3312 καὶταῦτα
2521 3258 2757 3328 ὁρῶντες
2780 3259 2932 3322 τινάς
2952 3259 3266 3329 κλάσματος
3290 3260 3456 3329 ἄρτου
3481 3258 3783 3329 δεομένους,

2210 3348 2299 3401 ναὶ
2337 3348 2659 3421 ὀσφρήσεως
2696 3351 2840 3405 οἴνου
2899 3349 3325 3421 ἐπιθυμοῦντας,
3378 3351 3473 3404 καὶ
3520 3350 3599 3422 μὴ
3638 3350 3781 3420 ἐλεήο

2211 3457 2425 3505 σαντες.

2279 3532 2347 3586 Τί
2386 3548 2444 3586 σε
2479 3533 2601 3586 τότε
2625 3532 3002 3605 ὠφελήσουσιν
3038 3536 3092 3588 al
3142 3534 3237 3589 νῦν
3264 3536 3645 3605 κοσμούμεναι
3672 3533 3779 3586 κλίσ

2208 3644 2329 3696 ναις
2362 3626 2471 3681 Ποῦ
2498 3626 2619 3680 τότε
2641 3626 2690 3680 οί
2714 3627 2841 3691 τοὺς
2874 3630 3124 3698 πτωχοὺς
3163 3627 3510 3692 ὀνειδίζοντες
3538 3627 3635 3680 καὶ⁵
3662 3630 3782 3681 ἀπο-

2212 3719 2592 3793 στρεφόμενοι.
2629 3719 2737 3774 Ποῦ
2776 3721 2897 3775 τότε
2956 3721 3208 3793 μέλλουσι
3244 3719 3712 3792 παραπέμπεσθαι
3736 3720 3778 3770 οί

2208 3810 2650 3885 παραϐλέποντες
2680 3812 2808 3874 τοὺς
2857 3812 2915 3866 ὲν
2954 3811 3255 3881 ἀνάγκαις;
3304 3811 3414 3866 Ποῦ
3439 3814 3487 3865 oi
3523 3812 3681 3881 σοφοὶ
3700 3810 3780 3863 καὶ

2210 3908 2441 3977 ῥήτορες
2460 3921 2475 3938 ·
2502 3905 2605 3961 ποῦ
2628 3906 2677 3958 οἱ
2712 3905 2851 3975 μετὰ
2882 3906 3183 3976 τυμπάνων
3215 3904 3310 3958 καὶ
3338 3904 3517 3977 χορῶν
3547 3905 3640 3957 τὸν
3651 3898 3779 3956 οἶνον

2209 3999 2493 4064 πίνοντες;
2536 3998 2646 4052 Ποῦ
2686 3997 2793 4069 ἀρα
2824 3999 2966 4061 τότε,
3018 3996 3051 4068 ἢ
3104 3996 3220 4061 πῶς
3254 3996 3508 4067 μέλλουσι
3554 3996 3775 4067 θρηνεῖν,

2206 4095 2255 4148 οἱ
2285 4094 2550 4166 διηνεκῶς
2584 4092 2877 4164 γελῶντες’
2912 4091 3014 4147 ποῦ
3047 4094 3096 4146 oi
3123 4094 3251 4156 τοὺς
3282 4090 3537 4155 εὐλαϐεῖς
3586 4106 3778 4162 μυκτη-

2208 4187 2484 4257 ρίξοντεςο
2541 4185 2645 4239 ποῦ
2680 4187 2730 4239 οἱ
2762 4184 3198 4257 ἀμεριμνῶντες,
3240 4184 3334 4236 καὶ
3372 4183 3650 4250 λέγοντες·
3681 4180 3782 4234 Φά-

2206 4294 2401 4349 τωμεν
2445 4277 2543 4354 καὶ
2591 4277 2835 4347 πίωμεν·
2889 4277 3101 4344 αύριον
3136 4276 3245 4347 γὰρ
3283 4273 3779 4342 ἀποθνήσκομεν;

2209 4371 2319 4427 Ποῦ
2359 4372 2408 4425 οἱ
2442 4370 2533 4424 τοῦ
2564 4370 2730 4440 φόϐου
2765 4369 2860 4424 τοῦ
2894 4369 3028 4423 Θεοῦ
3053 4366 3545 4439 καταφρονοῦντες,
3578 4368 3669 4420 καὶ
3692 4367 3779 4435 τῆς

2209 4464 2415 4517 ἑαυτῶν
2455 4462 2755 4531 ἀπολογίας
2781 4462 3036 4535 φροντίδα
3074 4460 3148 4532 μὴ
3181 4458 3515 4529 ποιούμενοι,
3547 4459 3683 4512 ἀλλὰ
3710 4457 3781 4509 λέ-

524 4541 621 4596 sed
664 4540 913 4598 dicentes
944 4560 958 4597 :
992 4542 1471 4600 Clementissimus
1508 4545 1654 4603 Deus
1682 4554 1786 4612 est,
1831 4562 1896 4603 ae
1935 4548 2106 4619 gratis

2211 4574 2400 4627 γοντες
2422 4573 2435 4587 ·
2461 4556 2843 4629 Φιλάνθρωπος
2895 4557 3042 4609 ἐστὶν
3079 4558 3105 4610 6
3130 4554 3284 4620 Θεδς,
3308 4552 3403 4607 καὶ
3456 4553 3633 4624 δῶρον
3654 4552 3781 4606 ἐλεεῖ

526 4633 689 4688 nobis
714 4634 950 4689 salutem
974 4635 1265 4691 concedet.

596 4724 737 4791 Heu,
769 4726 988 4788 fratres.
1012 4729 1289 4799 quomodo
1313 4740 1444 4786 tunc
1476 4730 1860 4802 deplorabunt,
1889 4735 2018 4806 quia
2037 4751 2102 4793 ea

524 4832 649 4888 qua:
679 4818 826 4874 dicta
857 4828 1008 4886 sunt,
1042 4828 1157 4876 tum
1181 4821 1520 4892 loquuntur,
1561 4833 1675 4878 tum
1704 4828 1910 4896 agunt?
1951 4826 2100 4895 Quo—

526 4909 690 4965 modo
721 4921 853 4967 tunc
880 4913 1161 4985 plangent,
1199 4931 1303 4971 nec
1339 4916 1447 4971 erit
1475 4917 1569 4988 qui
1603 4933 1796 4973 eorum
1841 4920 2105 4977 miserea-

526 5002 661 5055 tur?
705 5000 919 5068 Quanta
968 5006 1189 5061 trahent
1235 5007 1514 5079 suspiria,
1570 5026 1676 5066 nec
1740 5012 1963 5067 ullusin
2008 5028 2104 5069 eos

527 5094 883 5151 miseratione
912 5106 1186 5169 tangetur,
1227 5110 1321 5155 aut
1361 5101 1520 5158 malis
1542 5103 1785 5173 eripiet?
1816 5104 2104 5171 Quomodo

523 5200 582 5240 se
615 5194 745 5242 tunc
786 5186 1138 5261 deplangent,
1172 5192 1422 5250 dicentes
1452 5211 1465 5248 :
1492 5195 1584 5250 Vae
1608 5237 1621 5259 ,
1658 5213 1760 5260 we,
1816 5197 1918 5268 ipsi
1942 5198 2104 5253 nobis

526 5278 847 5335 illusimus?
883 5280 1022 5336 Vere
1056 5282 1154 5353 ipsi
1201 5301 1303 5340 nos
1324 5285 1667 5357 decepimus.
1694 5288 1861 5344 Planc
1889 5290 2103 5345 erravi~

523 5383 647 5449 mus
701 5385 893 5426 errore
962 5375 1287 5444 gravissimo
1339 5393 1403 5433 ac
1449 5388 1675 5434 aeterno.
1733 5381 2099 5449 Docebamur,

522 5477 626 5517 nec
690 5464 937 5519 animum
989 5467 1434 5524 attendebamus.
1488 5471 1976 5541 Admonebamur,
2035 5488 2099 5530 ac

520 5558 939 5625 spernebamus.
970 5559 1435 5617 Contcstabantur
1467 5566 1647 5629 nobis,
1684 5582 1784 5621 nec
1806 5568 1967 5623 ﬁdem
1996 5569 2096 5624 ba-

520 5645 805 5703 bebamus.
847 5649 1161 5720 Seripturas
1203 5654 1495 5712 audientes
1520 5697 1534 5723 ,
1596 5658 1736 5713 male
1778 5662 2099 5730 exponeba-

520 5754 664 5793 mus.
696 5739 913 5795 Justum
939 5741 1035 5797 Dei
1060 5743 1353 5811 judicium.
1388 5747 1557 5819 Digne
1590 5765 1781 5806 revera
1813 5752 2096 5822 punimur.

596 5853 638 5883 “
671 5853 840 5910 lCor.
878 5871 964 5924 xv,
994 5856 1082 5910 5:2.

2210 4651 2380 4721 ἡμᾶς.

2282 4740 2465 4811 Οίμοι,
2502 4740 2741 4811 ἀδελφοὶ,
2784 4740 2899 4805 πῶς
2928 4742 3050 4795 τότε
3081 4741 3368 4812 μέλλουσιν
3399 4738 3776 4811 ἀποδύρεσθαι,

2209 4834 2256 4886 οἱ
2284 4834 2351 4885 τὰ
2383 4831 2756 4903 προειρημένα
2786 4831 3054 4897 εἰπόντες,
3107 4834 3202 4885 καὶ
3262 4833 3595 4903 ποιήσαντες
3622 4846 3635 4894 ;
3667 4828 3778 4889 Πῶς

2209 4925 2330 4979 τότε
2360 4925 2635 4995 κόψονται,
2668 4924 2762 4977 καὶ
2793 4924 2893 4977 οὐκ
2922 4921 3073 4977 ἔσται
3100 4925 3127 4977 6
3158 4924 3322 4977 ἐλεῶν
3351 4924 3583 4987 αύῖούςς
3644 4922 3778 4974 Πόσα

2213 5016 2581 5081 στενάξουσιν,
2616 5016 2709 5069 καὶ
2731 5015 2831 5069 οὒκ
2860 5015 3010 5068 ἔστιν
3048 5017 3075 5069 ὀ
3103 5016 3368 5085 οἰκτέρων
3396 5014 3617 5079 αὐτοὺς,
3663 5010 3775 5066 οὐδὲ

2209 5110 2237 5162 6
2265 5109 2629 5180 λυτρούμενος
2652 5125 2666 5175 ;
2701 5108 2827 5171 Πῶς
2844 5109 2961 5161 τότε
2996 5107 3221 5170 ἑαυτοὺς
3243 5107 3679 5167 κατακόπτοντες
3701 5102 3775 5156 εἴ·

2211 5216 2408 5253 πωσιν·
2446 5201 2606 5265 Οὐαὶ,
2648 5200 2791 5264 οὐαὶ,
2829 5201 3055 5263 ἑαυτοὺς
3107 5199 3502 5270 ἐχλευάσαμεν.
3545 5195 3777 5265 Ἀληθῶς

2214 5293 2439 5356 ἑαυτοὺς
2470 5292 2851 5363 ἡπιτήταμεν.
2886 5292 3094 5354 Ὄντως
3127 5290 3511 5361 ἐπλανήθημεν
3574 5284 3778 5353 πλάνην

2210 5384 2469 5456 χαλεπὴν,
2502 5384 2596 5437 καὶ
2626 5383 2863 5436 αίὼνιον.
2902 5382 3343 5454 Ἐδιδασκόμεθα,
3371 5381 3465 5435 καὶ
3501 5379 3562 5432 ού
3613 5389 3778 5444 προσ-

2207 5476 2444 5547 είχομεν.
2505 5475 2982 5546 Ἐνουθετούμεοα,
3046 5476 3141 5528 καὶ
3190 5471 3647 5544 κατεφρονοῦμεν.
3695 5468 3778 5517 Δι-

2206 5566 2587 5639 εμαρτύραντο
2616 5568 2767 5639 ἡμῖν,
2826 5569 2919 5622 καὶ
2948 5569 3047 5622 οὐκ
3075 5567 3453 5635 ἐπιστεύομεν.
3485 5563 3605 5617 Τῶν
3643 5559 3779 5629 Γρα-

2210 5661 2326 5730 φῶν
2381 5660 2703 5725 ἀκούοντες,
2754 5661 2957 5724 ταύτας
3012 5658 3432 5733 παρηγούμεθα.
3500 5654 3693 5709 Δικαία
3741 5650 3771 5719 ἠ

2626 5752 2784 5808 Θεοῦ.
2887 5756 3091 5819 Ὄντως
3163 5752 3331 5818 ἀξίως
3417 5744 3769 5817 κολαζόμεθα.

2210 5773 2387 5826 κριτις
2466 5754 2559 5808 τοῦ
