4032 6486
258 358 395 426 3257

1374 368 1470 430 DE
1510 370 1825 434 PERSICA
1862 371 2383 436 CAPTIVITATE.
2469 448 2476 454 _

3361 372 3504 437 3258

272 476 510 552 Ἀληθῶς
596 481 907 553 πρεπῦντως
988 476 1062 539 ὧν
1089 482 1405 556 ἐπράξαμεν
1509 485 1819 557 ἀπολαμὸἁο

1942 487 2077 543 Vere
2120 487 2317 543 merito
2351 502 2451 558 pro
2483 500 2675 543 eorum
2704 472 2827 560 quae
2874 482 3252 545 commisimus
3293 487 3506 546 ratione

258 590 444 644 νομεν.

328 664 487 733 Οὐαὶ,
527 666 670 731 οὐαὶ,
693 663 782 721 διὰ
809 666 1142 741 πρόσκαιρον
1169 669 1267 737 τῆς
1297 669 1497 741 σαρκὸς
1518 671 1713 746 ἡδονὴν
1730 674 1832 748 τὴν

259 758 534 830 ῥυπαρὰν,
577 760 683 813 ἰδοὺ
709 758 954 813 ἀθάνατα
983 760 1422 832 βασανιζόμεθαί
1457 765 1669 837 Μικρὸν
1701 767 1831 839 χρό-

256 870 347 906 νον
384 853 459 923 μὴ
482 852 901 919 σπουδάσαντες,
933 855 981 907 oi
1012 854 1293 919 τάλαντες,
1316 855 1529 922 ἑαυτοῖς
1561 858 1660 931 τὴν
1720 877 1831 913 σω-

254 944 453 1014 τηρίαν
505 944 936 1015 άπεκλείσαμεν.
991 946 1091 1000 Διά
1150 946 1482 1021 πρόσκαιρον
1517 950 1698 1015 δόξαν.
1731 951 1832 1021 τῆς

257 1036 491 1107 ἀληθοῦς
542 1038 712 1103 ὅντως
755 1038 913 1109 δόξης
981 1038 1337 1111 ἐξεπέσαμεν.
1385 1040 1485 1096 Διά
1546 1042 1705 1112 σῶμα
1737 1042 1833 1095 καὶ

258 1128 565 1200 ἀκάθαρτον
592 1129 825 1203 τρυφὴν,
852 1130 952 1201 τῆς
968 1129 1062 1184 τοῦ
1089 1132 1421 1203 παραδείσου
1445 1133 1661 1204 τρυφῆς
1677 1134 1832 1187 em-

261 1220 530 1292 ρήθημεν.
570 1222 670 1276 Διά
711 1222 941 1277 πλοῦτον
999 1222 1251 1294 μάταιον,
1305 1222 1401 1277 τοῦ
1450 1223 1683 1278 πλούτου
1731 1225 1833 1292 τῆς

260 1313 541 1384 βασιλείας
601 1313 965 1385 ἀπετύχομεν.
1012 1315 1101 1367 Ἐν
1123 1313 1201 1386 τῷ
1251 1315 1464 1385 ματαίῳ
1484 1314 1641 1368 αἰῶνι
1671 1317 1832 1386 ἡμεῖς

258 1405 677 1476 ἀπελαύσαμεν·
708 1406 822 1459 ἀλλ’
856 1408 916 1459 ὲν
961 1405 1158 1475 τούτῳ,
1184 1406 1236 1459 οἱ
1292 1405 1367 1477 μὴ
1403 1406 1829 1473 ἀπολαύσαντες,

258 1496 663 1567 εὐφραίνονται.
700 1497 815 1549 Νῦν
842 1497 887 1550 οἱ
926 1495 1323 1567 νηστεύσαντες
1360 1494 1662 1566 τρυφῶσιν.
1715 1493 1832 1547 Νῦν

256 1588 309 1641 οί
332 1588 495 1656 ἁγνὸν
524 1588 622 1641 καὶ⁹
650 1587 876 1643 ἄσπιλον
904 1588 1000 1642 καὶ
1034 1589 1333 1659 ἀμὸλυντον
1360 1588 1421 1641 τδ
1466 1587 1625 1658 σῶμα
1666 1586 1834 1656 φυλά-

259 1678 472 1745 ξαντες,
495 1680 577 1742 εἰς
597 1679 687 1733 τὸν
712 1678 964 1750 οὐράνιον
993 1676 1260 1748 νυμφῶνα
1306 1676 1624 1749 χορεύοντες
1650 1675 1831 1747 εἰσέρ-

257 1786 465 1840 χονται.
497 1767 611 1821 Νῦν
648 1769 695 1822 οἱ
728 1767 1059 1830 κλαύσαντες
1090 1766 1412 1836 ἀγάλλονται
1432 1781 1446 1796 ·
1483 1766 1534 1819 οί
1556 1781 1832 1837 καταφροσ

1932 593 2256 649 recipimus.

2000 672 2126 727 νωι
2152 673 2267 727 vae!
2304 670 2375 727 ob
2406 681 2838 742 temporaneam,
2859 671 3143 728 sordidam
3171 672 3353 729 carnis
3382 672 3510 729 libi-

1933 764 2141 830 dinem,
2166 779 2234 819 en
2264 773 2530 819 aeternum
2572 766 2920 820 cruciamur!
2964 766 3119 833 Quod
3168 766 3323 822 brevi
3370 776 3510 822 tem-

1931 872 2066 927 pore
2097 871 2320 928 operam
2358 856 2547 912 miseri
2572 871 2685 911 non
2712 856 3057 923 navavimus,
3086 860 3317 915 salutem
3348 858 3509 913 nobis

1931 948 2290 1004 exclusimus.
2339 946 2422 1003 0b
2456 956 2865 1019 temporaneam
2918 949 3148 1020 gloriam
3173 967 3306 1006 vera
3349 951 3510 1020 plane

1931 1041 2107 1112 gloria
2163 1039 2488 1096 excidimus.
2529 1040 2611 1095 0b
2634 1056 2838 1111 corpus
2879 1056 2945 1096 ac
2984 1042 3229 1110 impuras
3255 1041 3510 1111 volupta-

1932 1138 2038 1197 tes,
2066 1128 2309 1200 paradisi
2338 1128 2555 1184 deliciis
2588 1129 2786 1200 privati
2812 1144 3022 1185 sumus.
3052 1130 3134 1185 Ob
3160 1146 3327 1185 vanas
3366 1130 3509 1185 divi-

1934 1220 2060 1284 tias,
2121 1219 2277 1291 regni
2306 1236 2439 1290 opes
2496 1219 2803 1275 amisimus.
2850 1220 2907 1275 In
2956 1234 3099 1277 vano
3128 1221 3328 1275 saeculo
3367 1219 3513 1275 bona

1933 1312 2284 1382 percepimus
2319 1329 2333 1366 :
2372 1322 2429 1367 at
2479 1312 2572 1383 qui
2610 1327 2719 1367 non
2748 1320 3143 1383 perceperunt,
3188 1311 3244 1365 in
3280 1311 3387 1365 isto
3417 1311 3513 1366 lm-

1933 1413 2142 1460 tantur.
2170 1404 2327 1460 Nunc
2354 1404 2447 1475 qui
2475 1406 2818 1477 jejunarunt,
2855 1404 2912 1459 in
2938 1405 3153 1460 deliciis
3186 1414 3335 1459 sunt.
3356 1404 3515 1460 Nunc

1931 1496 2028 1567 qui
2054 1505 2265 1551 castum
2299 1511 2364 1552 ac
2417 1496 2539 1552 sine
2572 1498 2784 1553 macula
2826 1497 3288 1566 impollutumque
3315 1510 3516 1564 corpus

1934 1599 2314 1655 servaverunt,
2349 1589 2405 1644 in
2439 1590 2722 1645 ccelestem
2749 1589 3048 1644 thalamum
3074 1588 3273 1643 choros
3294 1596 3519 1657 agentes

1936 1679 2341 1750 ingrediuntur.
2363 1679 2520 1735 Nunc
2538 1680 2839 1742 exsultant,
2874 1679 2929 1733 hi
2965 1680 3059 1749 qui
3091 1679 3355 1733 luxerunt
3380 1696 3392 1732 :
3421 1678 3517 1747 qui

1935 1778 2391 1841 contempserunt
2414 1778 2656 1837 terrena,
2683 1771 2927 1828 cmlcstia
2968 1771 3268 1840 recipiunt.
3303 1769 3509 1825 Omnes

256 1862 522 1932 νήσαντες
550 1859 658 1914 τῶν
697 1860 957 1929 ἐπιγείων
1001 1859 1447 1930 ἀπολαμϐάνουσι
1487 1859 1556 1913 τὰ
1585 1858 1833 1929 οὐράνια.

1942 1865 2247 1930 exsultant;
2303 1863 2405 1918 soli
2431 1878 2535 1918 nos
2584 1862 2772 1919 miseri
2823 1878 2924 1933 pro
2969 1862 3183 1917 meritis
3244 1869 3519 1916 tormento

259 1954 469 2017 Πάντες
492 1952 842 2023 ἀγάλλονται,
877 1953 1030 2024 μόνοι
1058 1951 1116 2007 δὲ
1152 1953 1320 2024 ἡμεῖς·
1339 1953 1386 2005 οἱ
1419 1951 1615 2014 ἄθλιοι.
1650 1953 1717 2021 τῇ
1747 1967 1839 2003 κο-

254 2044 416 2098 λάσει
444 2045 610 2112 ἀξίως
635 2044 1110 2115 κατεδικάσθημεν
1130 2061 1144 2077 ο
1177 2044 1271 2098 καὶ
1292 2042 1387 2097 νῦν
1411 2043 1709 2114 κράζομεν,
1740 2041 1839 2097 καὶ

251 2136 359 2189 οὐκ
390 2135 538 2189 ἐστιν
566 2135 594 2188 ὁ
621 2134 788 2188 ἐλεῶν
810 2151 823 2165 ·
856 2134 1206 2206 στενάζομεν,
1242 2134 1337 2188 καὶ
1363 2134 1465 2187 οὐκ
1494 2133 1641 2187 ἔστιν
1674 2134 1701 2186 ό
1731 2132 1838 2187 σώ-

257 2227 371 2292 ζων
392 2243 406 2258 '
437 2227 733 2299 βρύχομεν,
756 2227 849 2281 καὶ
861 2227 1037 2291 οὐδεὶς
1053 2229 1081 2281 ὀ
1100 2226 1488 2300 ἐξαιρούμενος
1506 2243 1521 2259 ο
1551 2227 1835 2297 κλαίομεν,

254 2318 355 2373 καὶ
384 2319 559 2383 οὐδεὶς
587 2322 615 2373 ὁ
637 2319 993 2390 παρακαλῶν.

331 2412 449 2465 Ἵνα
479 2411 572 2465 οὖν
610 2412 707 2465 καὶ
730 2413 890 2483 ἡμεῖς
922 2411 997 2483 μὴ
1030 2411 1146 2483 μετ’
1176 2411 1402 2465 ἐκείνων
1427 2413 1538 2464 των
1586 2413 1835 2481 ἀφρόνων

256 2502 355 2557 καὶ
388 2501 658 2568 ἐλεεινῶν,
700 2502 770 2556 τὰ
823 2503 1047 2557 τοιαῦτα
1096 2504 1319 2574 ῥήματα
1359 2504 1420 2557 ὲν
1475 2501 1553 2573 τῷ
1589 2502 1836 2572 μέλλοντι

258 2596 419 2649 αἰῶνι
448 2594 840 2666 μετανοοῦντες
856 2596 1093 2666 ἀνόνητα
1113 2595 1572 2665 εἴπωμεν,κδεῦτε,
1592 2595 1837 2666 προφθά-

259 2702 442 2758 σωμεν
479 2685 541 2740 τὸ
586 2685 798 2739 ἑαυτῶν
851 2685 1026 2750 τέλος.
1059 2685 1428 2757 Προλάϐωμιν
1456 2685 1548 2739 τὸν
1584 2685 1833 2752 θάνατον,

262 2779 351 2835 ῐνα
389 2781 463 2852 μὴ
526 2779 952 2851 προληφθῶμεν.
1007 2779 1319 2850 Δράμωμεν
1344 2779 1481 2851 πρὸς
1509 2780 1741 2851 Χριστὸν
1778 2780 1837 2833 ὲν

260 2874 374 2943 ὅσῳ
405 2874 465 2926 ὲν
493 2875 559 2943 τῇ
586 2872 726 2943 θύρᾳ
752 2870 1044 2937 καθέζεται
1091 2873 1217 2934 τοὺς
1250 2871 1647 2941 μετανοοῦντας
1689 2871 1838 2941 δεχόσ-

263 2981 445 3035 μενος.
486 2964 836 3035 Στενάξωμεν
859 2981 873 2996 ·
914 2965 1365 3035 μετανοήσωμενο
1402 2963 1833 3035 ὲξυπνισθῶμεν,

1935 1956 2139 2013 addicti
2185 1971 2410 2023 sumus;
2466 1971 2726 2026 nuncque
2787 1956 3108 2019 clamamus,
3161 1971 3265 2010 nec
3312 1952 3521 2025 estqui

1936 2048 2298 2116 misereatur;
2348 2050 2779 2121 ingemisciinus,
2838 2064 2941 2105 nec
2995 2060 3080 2104 est
3140 2050 3234 2120 qui
3283 2049 3517 2104 salutem

1938 2149 2189 2213 przestet;
2220 2142 2540 2208 stridemus,
2572 2159 2678 2200 nec
2723 2152 2809 2198 cst
2846 2141 2939 2213 qui
2980 2142 3215 2213 eripiat;
3247 2142 3518 2212 lugcmus,

1937 2248 2003 2289 ac
2027 2248 2193 2290 nemo
2227 2235 2567 2290 consolatur.
2960 2213 3015 2225 ρ

2006 2411 2086 2467 Ne
2125 2427 2255 2483 ergo
2302 2428 2404 2467 nos
2441 2428 2663 2484 quoque
2697 2428 2821 2467 cum
2869 2412 2979 2468 illis
3009 2411 3402 2484 insipientibus
3444 2425 3509 2466 ac

1937 2503 2346 2559 miserabilibus
2376 2505 2542 2559 verba
2574 2505 2845 2575 ejusmodi
2902 2503 2957 2558 in
2994 2504 3180 2559 futuro
3213 2504 3413 2559 εωουὶο
3441 2502 3526 2556 in-

1942 2596 2065 2650 utili
2121 2596 2464 2665 poeuitudine
2519 2598 2809 2661 dicamus,
2851 2597 3073 2662 venite,
3126 2596 3525 2667 przeveniamus

1936 2694 2187 2741 nostrum
2222 2688 2407 2743 finem.
2441 2688 2789 2758 Occupemus
2820 2697 3077 2753 mortem,
3125 2702 3194 2742 ne
3248 2703 3311 2741 ea
3358 2701 3524 2741 occu~

1935 2791 2154 2846 pemur.
2185 2775 2487 2833 Curramus
2518 2779 2586 2832 ad
2633 2778 2941 2842 Christum,
3002 2777 3245 2847 quandiu
3278 2776 3332 2830 in
3367 2783 3525 2846 porta

1936 2868 2093 2924 sedet
2124 2875 2184 2923 ut
2216 2868 2445 2939 recipiat
2465 2870 2824 2939 pmnitentes.
2865 2867 3185 2932 Gemamus,
3235 2866 3515 2937 poeniten-

1939 2962 2069 3016 tiam
2120 2976 2345 3032 agamus
2383 2962 2873 3031 :expcrgiscamur
2898 3002 2912 3024 ,
2966 2976 3175 3028 quaeso,
3206 2974 3274 3012 ex
3329 2973 3524 3012 somno

258 3054 473 3126 δέομαι,
498 3056 562 3109 ὲκ
586 3056 680 3109 τοῦ
705 3055 871 3110 ὕπνου
899 3055 1006 3110 τῶν
1032 3056 1269 3126 ἀνομιῶν
1299 3056 1479 3127 ἡμῶν.
1500 3055 1838 3126 ’Υψώσωμεν

1942 3053 2298 3123 iniquitatum
2342 3062 2677 3107 nostrarum.
2718 3052 2990 3107 Levemus
3035 3066 3229 3104 manus
3268 3048 3335 3103 ad
3396 3065 3525 3104 eum

261 3146 360 3210 τὰς
392 3150 576 3219 χεῖρας
607 3147 763 3218 ἡμῶν
796 3150 932 3220 πρὸς
962 3148 1055 3201 τὸν
1086 3148 1259 3201 σῶσαι
1283 3146 1600 3217 δυνάμενον,
1636 3148 1734 3201 καὶ
1769 3148 1841 3201 εἴ·
1865 3131 1907 3152 υ

262 3254 475 3309 πωμενο
512 3238 714 3307 Κύριε,
741 3238 973 3304 σῶσον,
1006 3239 1420 3309 ἀπολλύμεθα.
1459 3238 1637 3294 Μόνον
1667 3238 1838 3293 σπεύ-

264 3345 449 3399 σωμεν
489 3330 617 3401 πρὶν
650 3330 678 3382 ὁ
706 3328 858 3401 ἥλιος
885 3329 1019 3400 δύσῃ
1040 3346 1054 3361 ·
1086 3329 1217 3401 πρὶν
1246 3331 1280 3401 ἡ
1320 3328 1459 3402 θύρα
1481 3328 1837 3401 ἀποκλεισθῇο

261 3422 371 3493 πρὸ
426 3421 522 3476 τοῦ
570 3422 673 3493 τὴν
724 3421 1036 3494 πανήγυριν
1073 3421 1303 3495 λυθῆναι
1326 3438 1340 3455 ο
1378 3421 1508 3495 πρὶν
1542 3423 1576 3493 ἡ
1607 3421 1706 3487 νὺξ
1741 3424 1841 3494 τῆς

261 3514 614 3579 ἀναστάσεως
658 3512 814 3585 ἔλθῃ,
869 3513 965 3567 καὶ
994 3512 1172 3577 οὐδεὶς
1221 3512 1565 3585 ἐργάσασθαι
1591 3512 1839 3567 δύναται.

330 3694 425 3766 Μὴ
477 3693 840 3763 πλανηθῶμεν
863 3708 877 3723 '
902 3692 1003 3747 ούκ
1034 3690 1181 3746 ἔστιν
1203 3692 1260 3746 ὲν
1291 3691 1391 3764 ᾄδῃ
1416 3689 1803 3762 ἐξομολόγησις
1822 3706 1837 3722 ⁸

260 3785 365 3838 οὐκ
433 3782 583 3837 ἔστιν
628 3782 958 3849 ἀνάκλησις·
1011 3781 1112 3835 οὐκ
1153 3779 1269 3833 εστι
1333 3780 1609 3850 μετάνοια.
1656 3777 1841 3831 Ταῦτα

261 3874 373 3928 τῶν
409 3873 704 3945 αἱρετικῶν
733 3872 798 3926 τά
818 3872 1085 3943 δόγματα.
1119 3872 1232 3943 Οὐχ
1258 3871 1475 3943 ὁρῶμεν
1513 3873 1641 3936 τοὺς
1674 3889 1843 3926 κατα-

260 3966 466 4030 δίκους,
505 3966 593 4018 ὅτε
630 3964 725 4018 ὲάν
767 3964 1070 4035 δυνηθῶσιν
1099 3963 1156 4017 ὲν
1201 3963 1417 4035 φυλακῇ
1473 3962 1647 4027 ὄντες,
1679 3964 1727 4016 εί
1752 3963 1844 4017 διὰ

261 4059 372 4115 τῶν
393 4059 695 4128 συγγενῶν,
717 4058 750 4130 ἢ
775 4058 862 4111 διὰ
895 4058 1197 4129 χρημάτων
1235 4057 1347 4111 τῶν
1406 4057 1585 4111 αὐτῶν
1616 4056 1842 4127 ἐξευμε-

261 4151 538 4215 νίσασθαι,
583 4151 645 4205 εὖ
688 4152 782 4204 καὶ
827 4150 1039 4213 καλῶς’
1070 4151 1211 4214 ἐπεὶ,
1261 4149 1400 4204 ἐπάν
1429 4151 1526 4223 τὴν
1566 4150 1842 4221 ἀπόφασιν

261 4244 542 4313 δέξωνται,
572 4244 674 4297 οὐκ
719 4244 834 4295 ἔστι
863 4242 1223 4312 παράκλησις.
1250 4240 1597 4311 Λὶδεσθῶμεν
1627 4240 1837 4305 λοιπὸν,

261 4337 503 4406 ἀδελφοὶ,
539 4336 682 4390 πόσα
722 4335 810 4389 τὸν
847 4335 1123 4405 Δεσπότην
1187 4332 1617 4405 παροργίζομεν.
1670 4332 1843 4395 Αὐτὸς

1941 3145 2036 3215 qui
2066 3145 2298 3198 salutem
2340 3146 2601 3213 przestare
2631 3150 2835 3211 potest,
2877 3150 3043 3211 atque
3083 3140 3331 3195 dicamus
3370 3158 3384 3193 :
3417 3139 3528 3193 Do-

1946 3238 2107 3302 mine,
2140 3235 2292 3291 salva
2357 3252 2473 3299 nos,
2532 3236 2763 3305 perimus
2789 3234 2855 3287 ".
2911 3233 3149 3287 Tantum
3202 3231 3528 3286 festinemus

1940 3330 2256 3401 priusquam
2279 3329 2358 3383 sol
2388 3327 2602 3383 occidat
2634 3344 2647 3393 ;
2682 3326 3001 3397 priusquam
3028 3324 3316 3380 claudatur
3328 3324 3521 3396 janua;

1940 3430 2233 3491 antequam
2286 3428 2590 3475 conventus
2639 3432 2703 3472 ac
2748 3418 3010 3472 nundinae
3048 3417 3335 3473 solvantur
3369 3434 3383 3470 :
3417 3432 3519 3470 an-

1942 3522 2162 3585 tequam
2202 3513 2388 3568 veniat
2423 3510 2853 3567 resurrectionis
2882 3525 3019 3579 nox,
3060 3525 3126 3566 ac
3148 3508 3363 3566 cunctis
3391 3523 3527 3581 0pc-

1942 3605 2099 3661 randi
2122 3604 2356 3661 facultas
2387 3603 2693 3659 auferatur.

2010 3697 2263 3753 Nolimus
2314 3711 2506 3752 errare
2534 3711 2549 3750 :
2580 3708 2693 3750 non
2750 3703 2836 3751 est
2883 3694 2939 3750 in
2972 3693 3192 3749 inferno
3230 3691 3523 3759 confessio,

1941 3805 2053 3847 non
2074 3799 2160 3846 est
2186 3788 2484 3856 revocatio,
2518 3804 2629 3845 non
2651 3796 2735 3845 est
2755 3786 3100 3858 pcenitentia.
3127 3785 3526 3841 Haeretieorum

1942 3881 2058 3937 haec
2084 3881 2301 3952 placita.
2337 3881 2528 3937 Nonne
2555 3896 2680 3936 reos
2710 3880 2981 3944 videmus,
3010 3877 3255 3949 quandiu
3304 3876 3527 3947 quidem

1943 3973 1999 4028 in
2028 3987 2253 4028 carcere
2277 3979 2562 4035 tenentur,
2585 3971 2630 4025 si
2664 3985 2886 4025 suorum
2911 3969 3220 4024 ambitiosis
3246 3966 3527 4038 precibus,

1942 4076 2040 4122 aut
2077 4065 2441 4136 pecuniarum
2489 4064 2665 4120 effusa
2693 4062 2989 4134 largitione
3035 4062 3254 4132 placare
3285 4058 3529 4131 iudicem

1941 4158 2190 4229 possint;
2252 4156 2393 4211 bene
2440 4155 2519 4217 id,
2571 4170 2635 4211 ac
2681 4165 2832 4211 recte
2863 4171 2878 4209 :
2910 4169 3039 4209 nam
3068 4152 3163 4208 ubi
3194 4151 3528 4208 sententiam

1941 4250 2282 4322 exceperint,
2328 4250 2470 4304 nihil
2507 4249 2742 4320 amplius
2794 4246 3024 4303 remedii
3078 4254 3186 4302 est.
3217 4246 3354 4309 {Jam
3402 4258 3526 4309 nos,

1942 4341 2161 4407 fratres,
2192 4341 2423 4411 pudeat,
2452 4341 2675 4410 quantis
2720 4339 3014 4395 Dominum
3042 4337 3110 4392 ad
3147 4338 3284 4392 iram
3331 4352 3531 4406 provo-

262 4427 567 4499 εὐεργετεῖ,
594 4427 807 4491 σκέπει,
830 4426 1042 4498 τρέφει,
1080 4425 1355 4491 ζωοποιεῖ.
1384 4425 1575 4495 Ἡμεῖς
1604 4424 1661 4478 δὲ
1701 4440 1838 4494 παρ⁹

1946 4450 2156 4491 eamus.
2184 4434 2281 4488 Ille
2316 4432 2603 4488 beneficiis
2643 4432 2980 4497 demeretur,
3022 4430 3174 4499 tegit,
3210 4430 3327 4495 alit,
3360 4428 3529 4483 vitam

259 4521 575 4592 οργίζομεν,
608 4519 1029 4592 παρακούομεν,
1074 4517 1448 4588 παροξύνομεν
1486 4517 1666 4572 αὐτόν.
1699 4516 1845 4580 Ἕως

269 4616 425 4679 πότε,
461 4612 700 4683 ἀδελφοὶ,
746 4613 851 4676 ἓως
879 4612 1008 4665 πότε
1040 4611 1096 4663 αἱ
1121 4609 1340 4682 ἡδοναίς
1366 4608 1472 4672 ’ἐως
1499 4608 1627 4662 πότε
1655 4607 1716 4661 ού
1746 4607 1845 4677 νή-

262 4722 490 4777 φωμεν;
541 4704 646 4769 ἕως
672 4705 816 4766 τινος
850 4702 1224 4775 ρᾳθυμῶμενς
1257 4701 1321 4754 Οἱ
1359 4699 1635 4771 προφῆται
1657 4697 1843 4752 νουθε-

258 4796 482 4860 τοῦντες
503 4797 772 4867 ἡτόνησαν
792 4811 805 4825 ·
830 4793 1116 4848 ἀπόστολοι
1144 4790 1591 4863 παρακαλοῦντες
1619 4788 1837 4843 ἀπεκα-

264 4904 397 4961 μον·
429 4888 813 4958 εύαγγελισταὶ
864 4887 1051 4941 λοιπὸν
1099 4887 1228 4958 παρ’
1281 4885 1415 4956 ἡμῖν
1468 4882 1743 4955 ἐλήρησαν
1772 4896 1785 4909 ·
1811 4882 1841 4935 ὁ

260 4980 396 5045 Θεὸς
421 4980 692 5037 παιδεύων
726 4978 1009 5051 ὴτὸνησεν,
1044 4978 1129 5032 ἵνα
1179 4975 1350 5039 οὕτως
1398 4975 1557 5029 εἴπω.
1605 4974 1679 5027 Οὐ
1730 4971 1839 5043 γὰρ

263 5072 536 5144 βούλεται,
565 5072 684 5126 οὐδὲ
715 5072 857 5125 θέλει
886 5070 1058 5134 οὕτως
1092 5068 1380 5123 παιδεῦσαι
1403 5083 1418 5099 ο
1460 5066 1522 5120 οὐ
1554 5065 1698 5135 φιλεῖ
1733 5081 1840 5134 μα·

264 5163 465 5231 στίξαι,
500 5164 614 5217 ἀλλ’
647 5163 998 5234 ἐπιστρέψαι.
1038 5158 1476 5232 Θεραπεύσωμεν
1533 5155 1718 5210 λοιπὸν
1748 5155 1839 5208 καὶ

261 5257 447 5320 αύτὶν,
474 5256 660 5327 ἐπειδὴ
685 5255 775 5308 τὸν
805 5255 1049 5309 διάδολον
1095 5253 1182 5306 ἀεὶ
1216 5249 1612 5324 θεραπεύομεν,
1642 5248 1737 5301 καλ⁵
1768 5248 1839 5302 τὰ

264 5348 547 5419 θελήματα
578 5347 740 5401 αὐτοῦ
768 5346 1070 5410 σπουδαίως
1101 5343 1465 5417 ἐργαζόμεθα.

348 5438 735 5509 Ἐπιδείξωμεν
750 5438 933 5492 λοιπὸν
946 5438 1021 5509 τῷ
1039 5440 1226 5508 φιλανθ
1237 5438 1401 5510 ρώπῳ
1416 5436 1534 5509 Θεῷ
1550 5436 1841 5509 μετάνοιαν

267 5530 703 5603 μεριμνημένην,
736 5532 831 5584 καὶ
865 5531 1099 5602 κρίσεως
1125 5531 1336 5603 ἡμέραν
1369 5530 1839 5603 μεμελετημένην,

265 5620 360 5674 καὶ
391 5621 666 5692 ἁμαρτίαν
694 5624 827 5691 παρ’
882 5624 1014 5693 ήμιι
1052 5621 1453 5696 μεμισημένην,
1497 5621 1592 5677 καὶ
1618 5620 1842 5693 γνώμην

264 5710 695 5783 ἐνηλλαγμένην,
722 5713 819 5767 καὶ
834 5715 1060 5786 καρδίαν
1079 5713 1563 5788 συντετριμμένην.
1590 5714 1842 5769 Ἀνακαι-

337 5831 382 5863 δ⁸
419 5830 608 5889 Matth.
651 5850 760 5901 vm,
796 5835 886 5889 ‘23.

1940 4525 2179 4595 praebet;
2207 4539 2310 4578 nos
2334 4539 2465 4579 vero
2498 4524 2567 4577 ad
2592 4524 2731 4577 iram
2771 4538 3159 4594 provocamus,
3193 4519 3530 4590 immorigeri

1941 4630 2155 4680 sumus,
2188 4614 2602 4670 exaeerbamus.
2620 4614 2898 4681 Quandiu,
2922 4613 3140 4678 fratres,
3159 4611 3403 4683 quandiu
3430 4625 3527 4664 vo-

1940 4706 2179 4777 luptates
2200 4706 2221 4757 ?
2240 4705 2496 4772 Quandiu
2524 4722 2635 4760 non
2677 4706 2954 4777 sapiemus
2977 4706 2999 4760 ?
3040 4704 3293 4772 Quandiu
3332 4718 3530 4773 segnes

1942 4796 2194 4852 erimus?
2238 4796 2529 4866 Prophetae
2572 4796 2933 4852 admonentes
2979 4796 3527 4866 elanguerunt,apo-

1946 4889 2072 4945 stoli
2104 4888 2394 4943 hortantes
2423 4888 2610 4944 lassati
2664 4898 2824 4956 sunt,
2877 4887 3052 4944 divini
3104 4889 3216 4956 jam
3249 4900 3529 4956 praecones

1945 4980 2090 5052 apud
2117 4994 2217 5036 nos
2241 4988 2499 5050 tanquam
2526 4996 2700 5053 nugas
2726 4982 3016 5052 loquentes
3040 4978 3363 5034 audiuntur.
3382 4978 3531 5032 Deus

1947 5071 2266 5144 castigando
2292 5071 2518 5135 fatiscit,
2549 5082 2611 5128 ut
2639 5073 2720 5129 sic
2764 5073 2980 5144 loquar.
3013 5072 3133 5127 Non
3157 5070 3305 5125 enim
3326 5068 3527 5124 verbe-

1940 5178 2064 5218 rare
2108 5163 2307 5233 placet,
2353 5161 2451 5218 sed
2486 5169 2548 5217 ut
2598 5170 3006 5218 convertamur.
3037 5160 3179 5225 Jam,
3214 5171 3418 5227 quaeso,
3449 5153 3527 5208 illi

1938 5256 2107 5311 etiam
2129 5256 2525 5325 obsequamur:
2545 5256 2749 5326 quippe
2778 5252 3105 5325 quidiaholo
3131 5263 3349 5318 semper
3369 5246 3531 5301 obse-

1943 5350 2188 5422 quimur,
2236 5364 2301 5404 ac
2324 5364 2446 5419 qua:
2475 5350 2553 5405 illi
2598 5347 2844 5403 allubent
2870 5345 3158 5416 diligenter
3183 5348 3527 5411 praestamus.

2015 5439 2389 5496 Exhibcamus
2429 5440 2541 5511 jam
2563 5436 2964 5494 clementisimo
2995 5431 3229 5488 Domino
3278 5427 3528 5483 sollicitae

1948 5531 2151 5586 mentis
2170 5530 2569 5601 paenitentiam,
2592 5528 2823 5585 extremi
2862 5524 3054 5598 judicii
3078 5521 3276 5577 seriam
3320 5517 3529 5589 cogita-

1949 5623 2157 5679 tionem
2182 5661 2200 5689 ,
2255 5626 2465 5696 peccati
2497 5622 2709 5686 odium,
2738 5617 2909 5674 animi
2936 5612 3399 5674 immutationem,
3430 5622 3527 5663 cor

1950 5716 2273 5773 contritum.
2329 5716 2663 5773 innovemur
2711 5711 2909 5770 iterum
2945 5701 3298 5793 paznitentia,
3320 5699 3523 5774 quippe
