4032 6488
495 399 637 467 3239

1768 402 2086 466 ‘INCERTl
2124 403 2506 468 AUCTORIS

3627 401 3765 468 3246'!

492 526 621 569 eum
669 519 895 582 peccato
936 510 992 566 in
1036 518 1313 566 vetustum
1361 509 1682 566 abicrimus.
1728 511 2087 567 lmmutemus

2197 513 2467 585 νισθῶμεν
2496 513 2661 569 πάλιν
2683 513 2769 568 διά
2803 516 3116 586 μετανοίας,
3143 513 3329 587 ἐπειδὴ
3350 513 3768 587 ἐπαλαιῶθημεν

493 605 683 670 vitam,
709 604 959 658 utDeum
991 603 1310 672 placabilem
1336 603 1651 660 reddamus.
1688 604 1940 672 Quonam
1979 621 2076 660 au-

497 707 605 754 tem
634 698 797 752 modo
831 698 977 752 istud
1023 696 1136 762 ﬁet,
1169 697 1422 753 dicturus
1455 699 1660 754 accedo
1701 716 1716 754 :

565 791 857 846 Scrutetur
874 791 1254 861 unusquisque
1277 791 1694 857 conscientiam;
1724 807 1865 846 onus
1894 807 2075 856 suum,

495 897 562 936 ac
605 882 749 936 mala
793 883 1035 953 plangat.
1074 881 1180 949 Qui
1229 881 1537 937 iurabatur.
1586 882 1932 954 ingruentem
1981 884 2078 938 Dei

497 973 657 1039 iram,
689 990 752 1030 ac
781 975 1029 1030 futurum
1059 975 1393 1046 supplicium
1419 975 1688 1046 cogitans,
1737 975 1910 1030 iurari
1936 975 2078 1029 desi-

498 1071 612 1116 nat.
651 1062 979 1119 Fornicator
1039 1065 1425 1135 pcenitentiam
1476 1073 1620 1135 agat,
1689 1080 1754 1119 ac
1805 1081 1929 1118 cum
1972 1065 2083 1119 Deo

501 1153 810 1222 paciscatur
840 1155 959 1211 fore
993 1165 1106 1211 uta
1147 1155 1344 1212 foetore
1381 1155 1658 1228 ejusmodi
1689 1171 1748 1211 se
1788 1156 2083 1209 abstineat.

500 1247 823 1318 Quanquam
877 1267 1011 1307 vero
1055 1253 1254 1308 iterum
1304 1253 1501 1318 cadat,
1553 1259 1805 1322 resurgat
1856 1251 2083 1305 iterum.

501 1353 854 1410 pugnamque
904 1343 1175 1399 instauret
1219 1344 1485 1399 adversus
1521 1343 1825 1407 diabolum,
1871 1357 1974 1396 nec
2018 1339 2087 1394 ad

2177 604 2244 660 δι’
2263 607 2560 678 ἁμαρτίας.
2594 605 3012 680 Ἐναλλάξωμεν
3067 610 3160 662 τὸν
3189 608 3325 680 βίον.
3357 608 3449 662 ἴνα
3503 608 3769 662 καταλλά-

2180 697 2360 766 ξωμεν
2379 698 2444 752 τὸ
2469 699 2630 754 θεῖον.
2661 699 2786 763 Πῶς
2805 699 2864 753 δέ
2897 699 3054 753 τοῦτο
3079 699 3166 753 ίνα
3190 699 3414 771 γένηται
3431 740 3447 765 ,
3475 699 3588 768 ἐγὼ
3606 699 3768 768 λέγω·

2263 790 2643 862 Ἐρευνησάτω
2666 791 2896 855 ἕκαστος
2925 793 2986 845 τὺ
3020 791 3214 845 ἑαυτοῦ
3252 790 3493 854 συνειδός
3511 808 3526 824 ⁸
3561 790 3624 843 τὸ
3644 791 3770 844 ἐαυ-

2180 882 2275 937 τοῦ
2324 882 2564 954 φορτίον,
2599 884 2693 938 καὶ
2741 884 2812 937 τὰ
2840 883 3035 941 ἐαυτοῦ
3077 883 3222 937 κακά
3251 882 3521 936 κοπτέτω.
3569 881 3629 935 '0
3649 882 3772 936 κλέ-

2186 993 2328 1047 πτης
2361 977 2419 1029 ἐν
2443 975 2580 1029 νοῶν
2600 975 2697 1047 τὴν
2731 975 3091 1047 ἐπικειμένην
3108 975 3362 1046 ἀπειλὴν.
3389 975 3485 1028 καὶ
3507 973 3610 1044 τήν
3646 973 3770 1042 μέ).-

2186 1068 2385 1123 λουσαν
2415 1068 2658 1133 κόλασιν,
2701 1068 3001 1122 παυσάσθω
3051 1069 3146 1120 τοῦ
3177 1067 3468 1121 κλέπτεινθ
3507 1069 3537 1120 ὁ
3581 1067 3773 1135 πόρνος

2188 1161 2540 1224 κατανοείτω,
2579 1160 2675 1214 καὶ
2710 1162 2960 1230 στησάτω
3001 1160 3137 1232 πρὺς
3188 1159 3321 1212 Θεὸν
3367 1157 3670 1228 συνθήκας,
3694 1157 3774 1208 ὅτι

2188 1252 2286 1322 τῆς
2323 1251 2578 1324 τοιαύτης
2600 1252 2865 1315 δυσωδίας
2901 1253 3151 1306 παύεται.
3181 1253 3296 1306 Κᾶν
3329 1252 3387 1306 δέ
3414 1251 3581 1305 πάλιν
3607 1249 3769 1320 πέσῃ,

2192 1340 2354 1394 πάλιν
2386 1342 2696 1412 ἀναστήτω,
2739 1342 2834 1394 καὶ
2880 1341 2959 1412 τῷ
3011 1342 3244 1412 διαὸόλῳ
3279 1340 3637 1411 πολεμείτωο
3683 1340 3775 1394 καὶ

503 1439 736 1486 mortem
787 1449 963 1503 usque
1012 1436 1090 1490 illi
1133 1437 1314 1492 cedat.
1365 1438 1632 1501 Mendax,
1687 1452 1795 1491 non
1855 1436 2090 1505 amplius

2197 1431 2296 1495 ἕως
2333 1431 2564 1486 θανάτου
2605 1433 2788 1500 ταύτῳ
2851 1435 2925 1503 μὴ
2991 1434 3364 1504 συγχωρείτω.
3407 1433 3470 1484 '0
3506 1431 3772 1502 ψεύστης,

504 1522 742 1591 priorem
780 1540 985 1579 morem
1009 1527 1263 1593 retineat,
1290 1529 1534 1598 cogitans
1557 1529 1702 1598 quod
1737 1528 1943 1582 dictum
1973 1535 2088 1581 est:

2198 1523 2394 1594 μηκέτι
2437 1525 2506 1595 τῇ
2553 1525 2794 1595 προτέρᾳ
2871 1524 3131 1596 συνηθείᾳ
3187 1526 3494 1595 ἐμμενέτω,
3574 1524 3775 1579 ἐννοῶν

502 1617 700 1671 Perdes
735 1635 914 1673 omnes
953 1621 1042 1691 qui
1097 1620 1384 1692 loquuntur
1433 1622 1769 1674 mendacium
1797 1620 1866 1674 ".
1903 1618 2091 1673 llomi-

2197 1612 2286 1667 τοῦ
2310 1613 2578 1684 λέγοντος·
2622 1615 2884 1682 Ἆπολεῖς
2911 1615 3142 1681 πάντας
3163 1617 3305 1683 τοὺς
3330 1617 3690 1685 λαλοῦντας
3716 1619 3780 1673 τὸ

505 1707 626 1761 rida
658 1710 1039 1778 paenitentiam
1072 1721 1229 1782 agat:
1267 1711 1449 1766 Virum
1480 1713 1625 1766 enim
1667 1713 1992 1782 sanguinum
2046 1727 2091 1771 et

2197 1705 2442 1775 ⁴Ψεῦδος.
2491 1707 2548 1760 '0
2575 1707 2861 1774 φονεύσας,
2893 1707 3218 1777 μετανοείτω
3236 1725 3251 1740 ο
3296 1709 3524 1777 ’Ἄνδρα
3552 1711 3668 1780 γὰρ
3695 1715 3781 1764 al-

504 1796 746 1851 dolosum
789 1799 1188 1853 abominabitur
1219 1800 1562 1854 Dominus".
1616 1801 1884 1856 Ebriosus
1945 1802 2091 1871 cogi-

2197 1795 2401 1864 μάτων
2414 1795 2512 1849 καὶ
2527 1795 2735 1851 δόλιον
2744 1799 3153 1863 ,ϐδελύσσεται
3176 1801 3410 1868 Κύριος.
3431 1802 3489 1853 '0
3518 1801 3779 1871 μέθυσος,

505 1892 585 1940 tet
610 1887 953 1956 captivorum
972 1890 1235 1956 esuriem,
1274 1906 1338 1944 ac
1367 1891 1512 1960 quod
1556 1907 1624 1945 ex
1667 1890 1796 1945 vino
1842 1891 2089 1944 nascitur

2197 1888 2446 1943 ἐννοείτω
2461 1888 2560 1960 τὴν
2584 1889 2693 1941 τῶν
2716 1889 3078 1960 αἰχμαλώτων
3107 1893 3320 1955 πεῖναν,
3346 1893 3440 1944 καὶ
3464 1891 3567 1960 τὴν
3601 1894 3668 1945 ἐκ
3687 1892 3777 1945 τοῦ

507 1977 795 2044 damnum,
821 1994 992 2049 seque
1051 1981 1166 2050 ipse
1198 1983 1475 2037 emendet.
1507 1982 1737 2038 Adulter
1765 1998 1872 2037 non
1901 1983 2090 2052 despe-

506 2075 614 2134 ret,
659 2069 755 2125 sed
807 2080 1097 2141 peccatum
1163 2073 1484 2145 deplangat.
1519 2089 1583 2129 ac
1628 2073 1844 2129 veniam
1893 2089 2088 2130 conse-

506 2170 728 2230 qnetur.

577 2266 707 2321 fleri
735 2267 1045 2337 proximum
1077 2270 1342 2325 conviciis
1385 2270 1740 2342 petebamus;
1769 2270 1934 2326 hodie
1966 2269 2087 2326 fau-

505 2357 606 2413 stis
640 2374 769 2413 eum
812 2361 955 2415 votis
1003 2377 1422 2432 prosequamur.
1469 2363 1597 2419 lleri
1624 2363 2086 2431 detrahehamus,

504 2450 674 2506 tinem
703 2452 868 2508 hodie
899 2453 1226 2510 detrahendi
1261 2455 1545 2511 faciamus.
1580 2455 1709 2511 Heri
1742 2456 1930 2530 injurii
1961 2475 2086 2515 era-

505 2558 651 2608 mus,
693 2560 760 2600 eo
793 2546 1017 2601 nomine
1049 2547 1213 2602 hodie
1258 2548 1644 2618 pmniteamus.
1687 2549 1817 2604 lleri
1859 2550 2088 2623 injuria-

506 2651 627 2690 rum
656 2652 930 2693 memores
969 2655 1261 2695 rancorem
1307 2640 1610 2707 aiebamus,
1646 2641 1811 2696 hodie
1842 2643 2090 2714 ignosca-

507 2741 650 2781 mus.
686 2727 814 2783 lleri
859 2730 1150 2786 thesauros
1193 2733 1634 2797 cumulabamus,
1681 2733 1849 2790 hodie
1878 2734 2092 2805 disper-

506 2834 720 2890 gamus.
756 2820 886 2876 lleri
934 2823 1158 2892 superbi
1197 2823 1580 2890 tumebamus,
1634 2825 1798 2879 hodie
1844 2826 2094 2882 modeste

506 2911 804 2980 sapiamus.
823 2912 951 2968 lleri
976 2914 1179 2986 injusto
1212 2915 1422 2971 faenore
1442 2926 1709 2988 quaestum
1733 2917 2089 2986 faetcbamus,

507 2997 674 3054 hodie
710 3015 797 3055 res
824 3011 1039 3058 nostras
1064 3004 1118 3058 in
1160 3019 1430 3074 pauperes
1463 3021 1774 3077 erogemus.
1808 3006 1912 3071 Ne,
1937 3023 2089 3079 rogo,

508 3091 657 3161 quod
688 3108 902 3160 sumus,
933 3111 1373 3166 perseveremus,
1394 3113 1462 3152 ne
1489 3106 1546 3152 et
1574 3097 1737 3153 minae
1764 3098 1819 3152 in
1842 3114 1944 3154 nos
1971 3114 2092 3153 ma~

508 3194 694 3240 neant.
724 3184 879 3252 Quod
917 3203 1110 3243 sumus
1138 3188 1520 3255 immntemur,
1555 3197 1615 3243 ut
1640 3197 1822 3245 cesset
1859 3189 1961 3244 ira.

580 3274 659 3329 Ne
682 3275 833 3330 dicas
869 3292 882 3330 :
920 3275 1181 3332 Peccator
1211 3294 1354 3345 sum,
1388 3279 1692 3334 sceleratus
1717 3319 1732 3344 ,
1786 3279 2089 3347 homicida,

509 3365 812 3433 veneﬁcus,
865 3367 1030 3431 latro,
1089 3385 1268 3440 neque
1318 3385 1403 3425 me
1439 3371 1724 3440 suscipiet.
1775 3371 1921 3426 Nihil
1963 3373 2091 3436 tale,

511 3457 699 3522 homo,
727 3457 993 3529 loquaris.
1021 3460 1162 3527 Quid
1192 3462 1338 3517 enim
1363 3462 1386 3517 ?
1414 3463 1556 3517 Num
1579 3464 1724 3520 Deus
1753 3473 1983 3534 prepter
2007 3465 2096 3536 ju-

511 3556 627 3604 stos
650 3549 846 3604 venit?
888 3552 1137 3620 Minime;
1201 3554 1295 3609 sed
1339 3565 1566 3626 propter
1601 3571 1702 3612 nos
1756 3555 2092 3622 luxuriosos,

512 3636 818 3712 improbos,
851 3643 1218 3714 blasphemos,
1243 3646 1579 3713 immundos,
1615 3649 1820 3720 pigros,
1855 3648 2096 3704 fornica-

516 3739 689 3796 tores,
719 3733 1028 3791 mendaces.
1079 3737 1261 3794 Nostri
1311 3754 1475 3794 causa
1505 3755 1535 3795 e
1585 3742 1728 3796 cmlo
1773 3741 2092 3808 descendit;

517 3821 689 3876 nostri
727 3825 902 3894 gratia
937 3826 988 3878 in
1021 3833 1179 3881 utero
1212 3828 1504 3896 habitavit,
1540 3832 1718 3901 sputis
1748 3831 1955 3886 oblitus
1989 3842 2093 3896 est,

514 3911 687 3983 virgis
703 3928 899 3979 caesus,
921 3917 1069 3970 cruci
1095 3916 1305 3979 aﬂixus.
1325 3918 2094 3991 QuaprOpterresipiscamus,

515 4019 726 4075 nosque
747 4007 882 4064 adeo
907 4009 1105 4063 horum
1138 4011 1385 4065 omnium
1414 4013 1633 4068 nomine
1669 4013 2094 4081 confessionem,

517 4111 582 4150 ac
611 4097 794 4153 cordis
822 4101 1240 4156 conversionem
1278 4102 1356 4157 illi
1388 4101 1794 4169 oil‘eramus,ne
1823 4105 1965 4160 forte
1997 4122 2096 4160 no-

517 4189 602 4244 bis
631 4190 776 4245 inter
797 4192 1154 4263 iudicandum
1189 4193 1508 4264 exprobret,
1557 4193 1748 4249 dicens
1792 4212 1806 4250 :
1834 4195 1878 4248 Ο
1908 4209 2100 4264 pecca-

517 4288 687 4346 tores,
711 4298 774 4337 ac
803 4283 1013 4349 miseri,
1055 4285 1412 4354 quamobrem
1447 4301 1535 4339 me
1557 4285 1881 4353 sprevistis?
1903 4285 2096 4340 Nonne

515 4378 755 4423 vestram
783 4369 836 4422 in
864 4372 1092 4440 gratiam
1118 4373 1284 4426 homo
1316 4373 1496 4427 factus
1526 4373 1694 4427 sum?
1721 4373 1914 4428 Nonne
1938 4374 2095 4429 diee-

515 4459 665 4525 bam,
686 4459 834 4529 quia,
859 4460 975 4515 Non
1001 4463 1117 4516 veni
1147 4479 1336 4517 vocare
1353 4465 1546 4534 justas,
1582 4465 1673 4517 sed
1693 4474 1986 4534 peccatores
2001 4466 2044 4498 ⁸⁸
2071 4467 2096 4520 .9

2192 1978 2338 2033 οίνου
2368 1978 2692 2051 τικτομένην
2719 1980 2941 2051 βλάϐην,
2967 1981 3061 2034 καὶ
3087 1981 3278 2035 ἐαυτὸν
3304 1982 3679 2052 σωφονιζέτω.
3722 1982 3780 2036 '0

2198 2069 2512 2144 μοιχεύσας,
2540 2071 2613 2142 μὴ
2632 2072 2824 2126 ἑαυτὸν
2844 2073 3289 2141 ἀπογινωσκέτω,
3311 2073 3448 2128 ἀλλά
3467 2074 3573 2146 τὴν
3596 2074 3779 2144 ἀμαρ-

2193 2163 2315 2218 τίαν
2339 2164 2738 2236 περικοπτέτω,
2766 2165 2862 2219 καὶ
2878 2166 3127 2233 τεύξεται
3163 2166 3478 2238 ωγνὼμης.

2265 2225 2699 2326 ΧθὲςΙέλοιδοροῦ
2708 2225 2808 2325 μεν
2831 2255 2924 2309 τὸν
2944 2225 3168 2327 πλήσιον
3189 2275 3205 2290 υ
3231 2225 3474 2329 σήμερον
3496 2257 3670 2311 αὑτὸν
3703 2257 3782 2311 εὖ·
3881 2225 3889 2233 1

2193 2346 2536 2419 λογήσωμεν.
2572 2349 2718 2412 Χθὲς
2741 2349 3226 2422 κατελαλήσαμενο
3259 2353 3503 2423 σήμερον
3553 2352 3781 2405 παυσώ-

2201 2440 2360 2514 μεθα.
2387 2440 2530 2504 Χθὲς
2563 2441 2924 2513 ἐνυϐρίσαμεν
2947 2459 2963 2473 °
3001 2444 3240 2514 σήμερον
3267 2441 3466 2514 [αὐτῷ]
3510 2443 3781 2514 μετανοή-

2199 2549 2403 2604 σωμεν.
2425 2531 2570 2596 xor;
2609 2534 3138 2605 ἐμνησικακήσαμεν
3158 2550 3173 2565 ο
3205 2535 3445 2605 σήμερον
3483 2537 3780 2605 συγχωρή-

2199 2641 2402 2695 σωμεν.
2422 2623 2564 2688 Χθές
2586 2624 3048 2696 ἐθησαυρήσαμεν
3067 2641 3083 2656 '
3104 2626 3346 2697 σήμερον
3362 2626 3778 2697 σκορπίσωμεν.

2196 2716 2338 2780 Χθές
2365 2715 2892 2788 ύπερηφανευόμεθα
2911 2733 2928 2747 ·
2978 2717 3222 2789 σήμερον
3253 2717 3779 2788 ταπεινοφρονήσω·

2201 2825 2321 2880 μεν.
2356 2807 2498 2871 Χθὲς
2526 2807 2724 2871 ἀδίκως
2750 2808 3064 2880 ἐτοκίξομεν
3086 2826 3101 2840 °
3134 2810 3378 2883 σήμερον
3423 2813 3522 2864 καὶ
3553 2813 3630 2865 τὰ
3660 2813 3782 2866 ἐαυο

2196 2900 2306 2956 τῶν
2321 2899 2716 2972 μεταδώσωμεν
2733 2901 2977 2971 πένησιν.
2993 2903 3083 2972 Μὴ
3111 2903 3384 2974 μείνωμεν
3421 2904 3566 2975 ὅπερ
3586 2904 3778 2973 ἐσμὲν,

2197 2996 2454 3059 δυσωπῶ,
2487 2997 2574 3049 ἵνα
2606 2996 2680 3067 μὴ
2714 2997 2806 3049 καλ⁸
2837 2998 2869 3066 ή
2895 2997 3091 3067 ἀπειλὴ
3121 2999 3278 3070 μείνῃ
3305 2999 3388 3067 ἐφ’
3421 2999 3779 3070 ήμᾶς.”οπερ

2198 3087 2346 3142 ἐστὶν
2369 3085 2769 3158 ἐναλλάξωμεν,
2805 3088 2899 3141 καὶ
2928 3088 3120 3160 ήόργὴ
3151 3089 3452 3142 πέπαυται.

2270 3271 2363 3344 Μή
2394 3271 2576 3344 είπῃς,
2610 3270 2962 3344 Ἀμαρτωλός
3021 3271 3158 3345 είμι,
3195 3272 3536 3345 παράνομος,
3563 3271 3778 3342 φονεὺς,

2197 3366 2507 3436 φαρμάκος,
2555 3363 2781 3435 λῃστής,
2837 3363 2935 3418 καί¹
2967 3361 3029 3416 ού
3062 3363 3425 3436 προσδέχεταί
3472 3382 3563 3435 με.
3591 3365 3781 3434 Μηδὲν

2193 3457 2433 3510 τοιοῦτον
2453 3457 2635 3528 εἴπῃς,
2663 3457 2939 3532 ἀνθρωπε.
2968 3456 3157 3528 Τίγάρ
3176 3476 3190 3525 ;
3211 3457 3310 3510 Διά
3331 3456 3577 3521 δικαίους
3599 3460 3630 3509 ὀ
3653 3458 3779 3520 Θεὸς

2195 3540 2388 3617 ﬁmi-1v;
2417 3545 2687 3617 Οὐδαμῶς
2713 3563 2728 3576 ο
2758 3546 2896 3601 ἀλλά
2931 3547 2998 3600 δι’
3026 3549 3172 3618 ἡμᾶς
3198 3548 3324 3610 τοὺς
3355 3548 3625 3613 ἀσώτους,
3658 3548 3780 3612 τοὺς

2196 3637 2448 3709 ἀνόμους,
2487 3640 2608 3702 τοὺς
2648 3638 3024 3710 βλασφήμους,
3079 3640 3207 3704 τοὺς
3235 3639 3607 3709 ἀκαθάρτους,
3656 3641 3778 3704 τοὺς

2198 3731 2496 3802 ῥᾳθύμους,
2519 3732 2645 3794 τοὺς
2689 3731 2943 3804 πόρνους,
2975 3733 3101 3798 τοὺς
3128 3731 3400 3803 ψεύστας·
3435 3732 3505 3787 δι’
3548 3735 3698 3804 ήμᾷς
3724 3734 3779 3797 ἐξ

2195 3821 2428 3891 οὐρανοῦ
2477 3820 2742 3892 κατῆλθεν
2764 3837 2777 3853 ο
2819 3821 2886 3874 δι’
2921 3823 3066 3893 ἡμᾶς
3098 3823 3154 3875 ἐν
3212 3824 3394 3894 μήτρᾳ
3422 3823 3645 3894 ᾤκησεν
3673 3840 3687 3854 ·
3711 3823 3775 3876 δι’

2198 3912 2343 3981 ἡμᾶς
2366 3910 2676 3983 ἁνεπτύσθη
2699 3927 2711 3943 ο
2729 3911 2796 3964 δι’
2818 3913 2965 3983 ἡμᾶς
2993 3913 3261 3984 ἐραπίσθη
3283 3929 3295 3942 °
3320 3913 3386 3965 δι’
3407 3915 3560 3984 ἡμᾶς
3591 3917 3780 3967 ἐσταυο

2199 4000 2369 4071 ρώθη.
2402 4000 2492 4054 Διὸ
2523 4001 2802 4072 νήψωμεν,
2853 4002 2946 4056 καὶ
2993 4004 3448 4072 προσενέγκωμεν
3505 4003 3778 4073 αὐτῷκαὶ

2198 4093 2360 4165 ἡμεῖς
2391 4093 2531 4166 ὑπὲρ
2565 4093 2771 4146 τούτων
2802 4094 3078 4159 ἁπάντων,
3113 4092 3500 4163 ἐξομολόγησιν
3533 4095 3632 4148 καὶ
3662 4095 3778 4147 ἐπι-

2201 4183 2438 4256 στροφὴν
2469 4184 2716 4255 καρδίας,
2777 4184 2971 4254 μήπως
3009 4183 3267 4254 ὀνειδίσῃ,
3314 4185 3464 4253 ἡμᾶς
3506 4185 3567 4238 ἐν
3607 4185 3780 4256 καιρῷ

2201 4277 2452 4349 κρίσεως,
2485 4276 2657 4345 λέγων
2684 4293 2697 4307 ·
2727 4272 2798 4330 Ὦ
2853 4276 3166 4347 ἁμαρτωλοὶ
3201 4276 3292 4329 καὶ
3319 4277 3677 4349 ταλαίπωροι,
3696 4279 3781 4330 διὰ

2198 4370 2250 4424 τί
2282 4387 2382 4441 μου
2415 4370 2855 4441 κατεφρονήσατε
2884 4387 2898 4434 ;
2934 4369 3007 4422 Οὐ
3055 4368 3120 4423 δι’
3177 4370 3321 4440 ὑμᾶς
3347 4371 3778 4443 ἐνηνθρώπησα;

2199 4465 2312 4518 Οὐκ
2338 4461 2487 4516 εἷπον
2517 4465 2619 4528 ὅτι,
2653 4466 2774 4517 Οὐκ
2803 4459 3278 4534 ἦλθονηκαλέσαι
3305 4464 3602 4531 δικαίους,
3625 4465 3781 4520 ἀλλὰ

516 4549 694 4618 Quare
729 4568 835 4606 non
870 4553 1003 4607 estis
1053 4557 1340 4610 conversi?
1389 4556 1531 4624 Quid
1569 4557 1675 4611 mei
1728 4573 1893 4613 causa
1927 4559 2091 4614 susti-

2197 4557 2612 4627 ἁμαρτωλούς;
2634 4555 2731 4609 Διὰ
2755 4557 2805 4608 τί
2835 4556 2936 4608 οὐκ
2956 4557 3322 4627 ἐπεστρέψατε
3344 4574 3359 4623 ;
3383 4558 3447 4611 Τί
3483 4558 3621 4628 ὑπὲρ
3651 4555 3778 4627 ἐμοῦ

516 4644 761 4700 nuistis?
795 4645 937 4713 Quid
964 4645 1117 4714 mihi;
1149 4657 1324 4704 utvos
1354 4649 1632 4720 recipiam,
1669 4649 1921 4705 atl‘ertis?

587 4827 728 4896 Quid
759 4846 912 4902 ergo,
953 4832 1172 4898 fratres,
1208 4842 1341 4888 tunc
1384 4832 1630 4888 habituri
1686 4835 2092 4907 sumus?jeju-

519 4919 708 4986 nium;
765 4921 1011 4991 vigilias;
1066 4923 1424 4994 martyrium;
1488 4924 1846 4991 castitatem;
1907 4926 2096 4980 mode-

519 5010 718 5077 stiam;
756 5013 1001 5066 animum
1054 5014 1192 5068 nihil
1242 5014 1490 5068 rancoris
1519 5014 1852 5082 habentem;
1880 5016 2095 5071 miseri-

521 5103 799 5170 cordiam;
863 5103 1247 5172 dilectionem;
1312 5106 1829 5176 longanimitatem?
1881 5108 2096 5163 Revera

526 5195 610 5250 his
641 5195 900 5250 omnibus
955 5196 1204 5251 destituti
1261 5212 1473 5266 sumus,
1530 5215 1634 5254 nec
1658 5201 1856 5254 horum
1911 5201 2096 5270 aliqua

522 5291 754 5362 egimus,
785 5299 845 5345 ut
875 5291 954 5345 illi
992 5288 1309 5344 olieramus.
1349 5291 1548 5347 Verum
1567 5291 1697 5362 quid
1732 5293 1892 5347 nobis
1911 5307 2097 5348 comes

522 5383 855 5448 abeuntibus
873 5384 1118 5451 exsistat,
1145 5385 1311 5440 vultis
1330 5385 1556 5440 dicam?
1592 5383 1670 5437 Ne
1707 5383 1894 5438 verbis
1923 5384 2096 5438 mole-

522 5481 642 5528 stus
674 5474 776 5530 sim
806 5492 819 5528 :
857 5492 980 5530 nam
1012 5478 1300 5533 veritatem
1327 5477 1543 5547 loquar.
1569 5476 1772 5533 Videre
1818 5484 1904 5531 est
1950 5475 2097 5547 apud

524 5582 624 5622 nos
648 5566 740 5623 hic
771 5582 912 5634 esse,
939 5569 1180 5640 hincque
1216 5587 1316 5626 nos
1335 5569 1677 5638 comitantia,
1714 5586 1777 5625 ac
1809 5585 1931 5640 qua:
1971 5579 2102 5624 tunc

526 5658 900 5724 traducantur,
931 5660 1254 5734 iniuriarum
1305 5662 1476 5731 labes,
1523 5661 2103 5730 invidentias,tumul—

607 5833 647 5864 ⁸⁸
687 5835 824 5889 Ριιξιί.
849 5852 900 5902 γ,
931 5837 980 5891 7.

1055 5837 1096 5867 "
1132 5837 1268 5892 ibid.
1350 5839 1390 5870 Ψ
1428 5839 1612 5895 Matth.
1642 5855 1714 5906 Ix,
1756 5839 1834 5892 l5.

2206 4648 2577 4720 ὑπεμείνατε;
2613 4648 2678 4702 Τί
2747 4665 2836 4720 μοι
2895 4651 3257 4721 προσφέρετε,
3297 4651 3384 4704 ἵνα
3441 4652 3589 4721 ὑμᾶς
3620 4649 3778 4715 δέξω-

2205 4757 2326 4812 μαι.

2271 4831 2337 4884 Τί
2367 4830 2460 4884 οὖν
2493 4832 2760 4904 μέλλομεν
2807 4832 2953 4903 ἐχειν
2997 4833 3142 4898 τότε,
3184 4834 3445 4904 ἀδελφοί;
3487 4835 3774 4906 νηστείανς

2199 4920 2540 4992 ἀγρυπνίαν;
2579 4922 2921 4994 μαρτυρίαν;
2980 4924 3372 4994 σωφροσύνην;
3419 4924 3775 4989 ταπείνωσιν,

2201 5010 2606 5080 ἀμνησικακίαν
2629 5029 2643 5078 ;
2666 5011 3042 5083 ἐλεημοσύνην
3057 5030 3071 5078 ;
3087 5013 3304 5082 ἀγάπην
3323 5030 3337 5076 ;
3363 5013 3774 5083 μακροθυμίανς

2203 5103 2369 5155 Οὐδὲν
2396 5101 2862 5174 τοιοῦτονξέχομεν
2915 5105 3152 5178 ἀληθῶς,
3188 5105 3305 5158 οὐδὲ
3348 5105 3664 5176 ἐπράξαμεν
3691 5107 3776 5158 ἵνα

2203 5195 2354 5267 αὐτῷ
2383 5195 2864 5267 προσενέγκωμεν.
2898 5195 3061 5250 Ἀλλά
3087 5197 3141 5248 τί
3159 5197 3265 5267 ἄρα
3290 5196 3406 5264 μεθ’
3434 5196 3593 5265 ήμῶν
3609 5196 3777 5264 ἀπέρ-

2202 5305 2376 5360 χεται,
2397 5286 2652 5357 βούλεσθε
2675 5287 2850 5354 είπω;
2884 5287 2960 5359 μὴ
3001 5288 3230 5360 λυπήσω
3276 5288 3450 5354 λέγων
3473 5303 3490 5317 ·
3521 5288 3776 5356 ἀλήθειαν

2201 5382 2310 5454 γὰρ
2333 5382 2463 5454 ἐρῶ.
2512 5382 2694 5436 Ἐστὶν
2729 5382 2856 5436 ίδεῑν
2880 5381 3012 5453 παρ’
3042 5383 3074 5451 ἡ
3085 5379 3202 5451 μῶν
3231 5379 3465 5434 ἐνταῦθα
3502 5379 3653 5443 ὄντα,
3684 5379 3778 5430 καὶ

2201 5475 2257 5528 ἐν
2285 5475 2416 5544 ἡμῖν
2443 5473 2814 5545 ἁπερχόμενα,
2845 5474 2939 5526 καί
2989 5473 3111 5526 τότε
3170 5472 3631 5543 θριαμϐευόμενα,
3657 5471 3777 5524 ἁδι-

2205 5564 2347 5636 κίας,
2382 5564 2759 5636 μισαδελφίας,
2785 5564 3032 5635 φθόνους,
3052 5564 3482 5627 ἀκαταστασίας,
3501 5562 3774 5634 πορνείας,
3868 5559 3873 5566 ’

2207 5655 2397 5728 μέθας,
2433 5657 2812 5731 φιλαργυρίας,
2854 5657 3155 5730 ἐπιορκίας,
3205 5656 3554 5722 καταλαὶιὶις,
3603 5653 3773 5707 λοιδο-
