4032 6504
234 407 368 475 3261

1338 407 1437 468 DE
1474 404 1797 468 PEBSICA
1836 406 2366 471 CAPTIVITATE.

3358 408 3501 473 3262

237 530 377 604 ρίας,
404 525 678 592 διαϐολὰς,
724 525 1220 599 ψευδομαρτυρίας,
1268 524 1529 597 αἱρέσεις,
1557 526 1834 596 διχοστα-,

1936 540 2026 589 us,
2052 523 2467 589 fornicationes,
2505 522 2874 590 tcmulentias,
2925 524 3202 589 avaritias,
3234 527 3499 598 pcrjuria.

237 625 377 687 σίας.
421 621 606 676 Ταῦτα
634 619 790 692 ήμῶν
837 619 906 672 τὰ
947 617 1093 672 κακά
1135 616 1342 687 ἐφόδια.
1386 615 1537 687 Αῦτη
1581 616 1737 685 ἡμῶν
1771 616 1805 687 ὴ

238 716 429 783 σίδηρα
471 712 678 773 άλυσις.
699 710 792 764 Διὸ
844 710 1188 781 πονήσωμεν.
1220 706 1548 778 παρακαλῶ,
1583 698 1685 759 ὧδε
1722 723 1809 774 μι-

235 807 385 879 κρὸν,
429 805 516 859 ἵνα
562 802 636 875 μὴ
669 801 1022 870 κολασθῶμεν
1059 801 1175 853 ἐκεῖ
1206 797 1371 851 πολύ*
1413 795 1809 866 ἀγωνισώμεθα

236 895 592 969 προσκαιρὸν,
628 894 716 947 ἵνα
748 892 822 963 μὴ
855 890 1264 961 βασανισθῶμεν
1295 886 1550 949 αίωνίως.
1589 886 1649 938 '0
1680 884 1809 956 χρό-

236 1005 323 1052 νος
358 985 575 1057 μικρὸς,
610 984 643 1055 ή
676 983 735 1036 δὲ
764 982 943 1052 κρίσις
966 980 1171 1051 μακρά.
1202 978 1278 1031 Τὸ
1314 976 1468 1039 τέλος
1500 976 1689 1045 ἐγγὺς,
1715 976 1812 1028 καὶ

237 1080 265 1134 ό
304 1078 466 1146 φόϐος
504 1074 693 1141 πολὺς,
723 1076 816 1127 καὶ
860 1074 888 1126 ὁ
919 1071 1061 1125 λύων
1115 1070 1288 1134 οὐδεὶς
1341 1068 1438 1122 καὶ
1470 1069 1498 1122 ὁ
1542 1066 1818 1130 σπεύδων,

238 1186 384 1240 νικᾳ.

310 1342 449 1398 οὐαὶ
484 1342 560 1413 τῷ
579 1337 906 1413 ρᾳθυμοῦντι
924 1377 940 1402 ,
971 1337 1124 1408 ζητεῖ
1149 1334 1256 1408 γὰρ
1282 1334 1374 1389 τὸν
1405 1332 1599 1403 καιρδν
1631 1331 1697 1385 ὃν
1724 1350 1821 1387 κα-

240 1439 349 1502 κῶς
406 1436 768 1505 ἐδαπάνησεν.
829 1431 965 1485 Οὐαὶ
996 1429 1077 1500 τῷ
1128 1426 1443 1499 ἀμελοῦντι,
1476 1428 1558 1479 ὅτι
1587 1424 1821 1495 ζητήσει

242 1530 472 1599 σταγόνα
505 1527 694 1589 ὓδατος
724 1528 779 1578 ὲν
804 1524 882 1595 τῷ
913 1523 1068 1593 πυρί.
1105 1521 1242 1577 Οὐαὶ
1285 1519 1364 1587 τῷ
1391 1516 1718 1572 ἀπιστοῦντι
1754 1518 1819 1589 τῇ

241 1625 439 1696 κρίσει,
482 1623 565 1675 ὄτι
598 1620 687 1674 διά
706 1618 817 1673 τῶν
844 1617 1021 1687 ἔργων
1051 1614 1145 1668 καὶ
1172 1612 1281 1666 τῶν
1309 1611 1559 1683 βασάνων
1588 1610 1822 1679 πεισθή-

243 1733 412 1771 σεται.
446 1714 584 1767 Ούαὶ
608 1710 686 1781 τῷ
724 1711 799 1779 μὴ
830 1705 1200 1780 μετανοοῦντι,
1244 1704 1327 1757 ὅτι
1360 1703 1497 1773 πρὸς
1541 1703 1823 1773 αὐστηρὸν

242 1807 431 1878 κριτὴν
448 1803 765 1875 πορεύεται.
803 1801 939 1853 Οὐαὶ
970 1797 1047 1867 τῷ
1074 1796 1149 1867 μὴ
1178 1794 1448 1866 τρέχοντι,
1475 1794 1556 1845 ὅτι
1587 1796 1652 1847 ἐν
1694 1794 1824 1864 ἐρη-

245 1901 389 1973 μίαις
414 1896 827 1967 αὐλισθὴσεται.
858 1890 997 1946 Οὐαὶ
1042 1889 1122 1961 τῷ
1154 1885 1527 1951 ἀπελπίζοντι,
1556 1886 1644 1938 ὅτι
1683 1884 1821 1954 πρὸς
1854 1869 1897 1928 Β

241 1991 553 2061 ἀποτόμους
585 1986 849 2057 ἀγγέλους
900 1984 1271 2057 παραδίδοται.
1300 1980 1514 2054 Χρυσδν
1538 1980 1640 2050 μὲν
1663 1982 1772 2052 γὰρ
1797 1979 1826 2033 ό

244 2083 518 2147 ἀπόλλων,
547 2079 704 2134 ἄλλον
742 2078 963 2149 εὑρήσει
985 2091 999 2107 ·
1032 2075 1221 2147 χρόνον
1259 2073 1317 2127 δὲ
1356 2074 1385 2126 ό
1423 2071 1700 2135 ἀπόλλων,
1730 2070 1828 2139 οὐχ

241 2176 460 2247 εὑρήσει
491 2173 680 2241 ἕτερον
704 2170 839 2242 πρὸς
860 2167 1169 2238 μετάνοιαν.

312 2266 404 2337 Μὴ
444 2261 769 2333 φεισώμεθα
819 2259 1093 2330 σώματος,
1124 2257 1219 2310 καὶ
1238 2254 1413 2325 ψυχὴν
1442 2252 1826 2323 ἀπολέσωμεν,

242 2354 376 2411 ἀλλὰ
399 2350 823 2421 κατατρίψωμεν
848 2346 983 2401 αὐτό
1001 2363 1016 2379 ’
1047 2343 1258 2413 ἐπειδὴ,
1281 2339 1576 2410 Μακάριοι
1603 2343 1657 2395 οἱ
1683 2354 1828 2393 πεν-

243 2447 514 2511 θοῦντες,
542 2446 597 2498 οι
617 2440 958 2506 πεινῶντες,
981 2439 1036 2492 οἱ
1057 2434 1371 2506 διψῶντες,
1393 2435 1449 2487 οἱ
1472 2426 1827 2498 πονοῦντες,

246 2542 327 2595 ὅτι
360 2538 655 2611 μέλλουσιν
711 2530 947 2587 αἰωνίων
980 2529 1164 2583 κόπων
1219 2526 1314 2580 καὶ
1345 2525 1623 2611 κολάσεων
1650 2524 1824 2577 ἀπαλ-

242 2608 558 2686 λάττεσθαι.
612 2622 687 2675 Τὸ
717 2621 897 2690 σῶμα,
956 2616 1126 2687 πηλός
1164 2617 1351 2668 ἐστιν·
1402 2611 1502 2665 καὶ
1548 2608 1830 2664 ἐλεύσεται

244 2723 378 2795 ὥρα,
405 2719 510 2773 καὶ
537 2714 715 2787 ἡμέρα
743 2710 950 2782 φοϐερὰ
971 2709 1066 2762 καὶ
1089 2704 1486 2776 ἀπαραίτητος,
1505 2701 1602 2756 καὶ
1626 2702 1707 2764 εἰς
1726 2699 1832 2769 γῆν

246 2792 307 2885 ili
333 2810 404 2881 γῆ
453 2805 783 2878 πορεύεταιο
826 2802 921 2857 καὶ
975 2800 1010 2871 ἡ
1055 2798 1204 2862 κόνις
1257 2796 1419 2852 πάλιν
1480 2795 1630 2859 κόνις
1678 2792 1833 2863 γένε..

245 2922 356 2963 ται.

312 2996 624 3068 Νήψωμεν,
672 2987 943 3044 δυσωπῶ·
992 2984 1459 3057 όδοιπορήσωμεν,
1487 2978 1832 3048 όξυποδήσω-

253 3111 350 3167 μεν
369 3109 383 3124 ·
406 3090 693 3147 ἐλεύσεται
709 3087 874 3149 ὅντως
894 3084 1011 3152 ὥρα
1030 3083 1233 3153 ἐσχάτη
1264 3077 1544 3132 ἐλεύσεται
1575 3075 1790 3135 πάντως
1814 3086 1830 3153 ἡ

383 3183 617 3242 ἑαυτοὺς
664 3178 1059 3248 ἀπατήσωμεν.
1107 3172 1290 3224 Ἔστω
1347 3168 1443 3221 καὶ
1501 3163 1829 3235 τρυφῶμεν·

1919 616 2369 681 detractationes,
2402 616 2674 681 convicia,
2715 617 3018 672 calumnias
3042 659 3054 683 ,
3090 616 3220 672 falsa
3254 620 3501 674 testimo-

1918 709 2029 772 nia,
2072 708 2326 773 hzercses,
2352 707 2739 763 dissidia.Ha:c
2766 710 2937 764 nostri
2964 709 3089 763 mali
3122 721 3496 766 commeatus:

1918 799 2036 854 haec
2083 799 2261 853 ferrea
2304 807 2491 851 nostra
2522 806 2736 852 catena.
2772 798 2984 853 ldcirco
3034 800 3347 855 laboremus
3388 801 3498 869 hic,

1920 905 2075 961 rogo,
2110 889 2397 959 tantisper,
2422 903 2492 942 ne
2534 888 2627 942 diu
2653 888 2765 943 illic
2802 904 2993 958 ptenas
3022 890 3236 946 demus.
3260 891 3340 945 Ad
3367 899 3502 946 tem-

1918 997 2022 1055 pus
2054 982 2404 1037 decertemus
2429 1022 2443 1048 ,
2486 995 2555 1034 ne
2583 980 2832 1034 cruciatu
2870 989 3083 1036 aeterno
3122 990 3498 1052 torqueamur.

1919 1075 2160 1143 Tempus
2191 1073 2358 1127 breve
2395 1078 2500 1135 est,
2539 1071 2762 1140 longum
2808 1070 3076 1140 judicium
3136 1072 3260 1127 finis
3300 1073 3497 1140 instat;

1920 1165 2112 1235 ingens
2143 1164 2325 1228 timor,
2356 1162 2449 1232 qui
2481 1162 2726 1217 decutiat
2757 1175 2920 1216 nemo
2968 1170 3053 1215 est
3079 1203 3093 1228 ,
3141 1163 3348 1230 vincet,
3405 1164 3501 1234 qui

1921 1254 2160 1311 festinat.

1990 1349 2082 1403 Vae
2111 1347 2289 1419 pigro,
2314 1357 2524 1417 quaeret
2540 1346 2687 1403 enim
2707 1355 2921 1418 tempus
2947 1347 3091 1418 quod
3126 1347 3266 1402 male
3295 1347 3503 1402 insum-

1919 1441 2049 1513 psit.
2083 1441 2175 1496 Va:
2205 1439 2501 1510 negligenti
2527 1482 2541 1505 ,
2574 1440 2705 1509 quia
2747 1448 2957 1510 guttam
2992 1455 3146 1509 aquae
3191 1439 3245 1493 in
3272 1438 3503 1503 flammis

1922 1532 2184 1602 requiret.
2216 1531 2309 1587 Vae
2368 1529 2534 1584 fidem
2587 1530 2800 1601 judicio
2856 1529 3206 1597 detrahenti,
3250 1545 3377 1583 nam
3408 1543 3505 1598 per

1922 1639 2010 1680 res
2067 1623 2210 1693 ipsas
2260 1636 2324 1676 ac
2369 1622 2740 1676 cruciamenta
2788 1621 2866 1675 illi
2914 1621 3047 1676 fides
3097 1621 3211 1676 fiet.
3248 1622 3340 1677 Vae
3391 1635 3502 1674 non

1922 1715 2104 1787 agenti
2155 1711 2581 1783 paenitentiam,
2639 1712 2764 1781 quia
2815 1712 2882 1766 ad
2942 1720 3222 1765 austerum
3262 1710 3504 1782 judicent

1924 1807 2091 1862 vadit.
2128 1806 2221 1861 Va:
2257 1804 2486 1859 remisso
2512 1804 2578 1857 ad
2614 1819 2857 1868 cursum,
2883 1805 3012 1874 quia
3045 1804 3096 1857 in
3123 1805 3355 1858 desertis
3383 1819 3504 1857 ma-

1925 1899 2100 1953 nebit.
2126 1897 2218 1953 Va:
2251 1894 2538 1961 diffidenti,
2570 1896 2697 1965 quia
2727 1896 2793 1950 ad
2816 1895 2984 1950 duros
3012 1895 3360 1964 immitesque
3405 1910 3504 1948 an-

1926 1992 2076 2063 gelos
2102 1988 2376 2045 transibit.
2398 1987 2534 2043 Nam
2574 1987 2669 2057 qui
2699 1987 2819 2042 auri
2846 1989 3117 2058 iacturam
3166 1986 3316 2053 facit,
3354 1985 3504 2040 aliud

1927 2081 2306 2152 recuperabit;
2332 2080 2427 2150 qui
2459 2094 2593 2134 vero
2624 2078 2877 2133 amiserit
2920 2088 3159 2149 tempus,
3201 2077 3351 2133 aliud
3383 2076 3507 2133 nul-

1927 2177 2041 2232 lum
2064 2174 2130 2229 ad
2151 2172 2535 2244 pmnitentiam
2567 2170 2827 2240 deinceps
2854 2171 3148 2226 obtinebit.

1999 2266 2078 2322 Nc
2130 2279 2424 2337 parcamus
2486 2262 2731 2333 corpori,
2772 2277 2837 2317 ac
2888 2263 3128 2317 animam
3176 2262 3502 2332 perdamus;

1929 2360 2063 2431 quin
2086 2355 2219 2412 illud
2251 2369 2613 2418 maceremus,
2660 2353 2932 2423 siquidem
2970 2352 3273 2423 :Beatiqui
3308 2351 3507 2423 lugent,

1931 2450 2023 2522 qui
2057 2448 2314 2511 esuriant,
2338 2446 2545 2508 sitiunt,
2586 2443 2833 2498 laborant
2856 2443 2922 2510 ",
2947 2442 3093 2514 quod
3118 2444 3340 2498 aeternis
3357 2441 3510 2497 labo-

1931 2540 2177 2611 ribuszac
2211 2536 2554 2595 cruciatibus
2604 2534 2878 2590 liberandi
2907 2544 3052 2589 sunt.
3085 2533 3298 2604 Corpus
3328 2532 3509 2587 lutum

1931 2641 2017 2687 est
2047 2648 2060 2684 :
2102 2629 2398 2697 venietque
2438 2627 2597 2691 hora,
2631 2640 2696 2679 ac
2742 2624 3025 2679 tremenda
3054 2624 3194 2687 dies,
3231 2637 3509 2693 quamque

1931 2738 2096 2779 nemo
2119 2720 2366 2791 effugiat,
2400 2734 2522 2774 cum
2548 2726 2695 2772 terra
2728 2717 2784 2771 in
2815 2726 3020 2770 terram
3065 2723 3396 2780 revertetur,
3446 2729 3511 2769 ac

1933 2815 2076 2872 cinis
2102 2813 2305 2869 iterum
2328 2810 2467 2866 cinis
2500 2808 2612 2864 fiet.

2014 2990 2334 3064 Vigilemus,
2354 3004 2487 3059 rogo
2512 3005 2525 3041 :
2549 2987 2654 3041 iter
2676 2983 3095 3050 contendamus,
3116 2983 3511 3038 acceleremus.

1937 3085 2136 3142 Veniet
2182 3097 2377 3138 revera
2414 3094 2673 3150 suprema
2720 3078 2859 3133 dies.
2911 3077 3108 3131 Veniet
3158 3075 3405 3139 omnino,
3442 3090 3513 3128 ne

1938 3194 2042 3234 nos
2074 3176 2427 3232 sedueamus.
2458 3171 2592 3225 Esto
2624 3170 2792 3224 etiam
2823 3168 3042 3223 deliciis
3076 3168 3362 3231 fruamur;
3392 3174 3512 3220 esto

254 3278 391 3332 έστω
412 3276 514 3332 καὶ
548 3272 869 3341 πλουτῶμεν
894 3266 1254 3336 πεντήκοντα,
1299 3262 1347 3313 εί
1370 3261 1462 3312 καὶ
1490 3257 1685 3313 ἑκατὸν
1714 3255 1831 3324 έτη.

1940 3279 1999 3326 οι
2039 3267 2242 3325 divites
2291 3264 2495 3329 simus,
2536 3277 2711 3317 annos
2745 3260 3169 3331 quinquaginta,
3207 3274 3303 3313 seu
3345 3260 3515 3312 etiam

254 3363 405 3430 Εἶτα,
440 3365 540 3419 κοιλ.
569 3362 706 3433 μετά
731 3358 910 3420 τοῦτο,
935 3354 986 3407 τί
1010 3372 1024 3419 ;
1057 3352 1249 3414 Νόσος.
1275 3348 1384 3402 Καὶ
1404 3348 1469 3400 ὲκ
1493 3345 1716 3417 ταύτης,
1740 3344 1794 3396 τί
1816 3359 1832 3409 ;

264 3457 583 3528 Ἀδυναμία.
618 3454 729 3508 Kal.
754 3454 818 3505 ὲκ
873 3446 1099 3517 ταύτης,
1150 3442 1241 3507 τίς
1284 3442 1349 3497 Ἠ
1404 3438 1607 3511 φρικτὴ
1650 3434 1836 3528 ἐκείνη

253 3554 392 3623 ὥρα,
416 3527 639 3618 ήίπαρᾶ
672 3545 888 3598 πάντων
914 3534 1345 3611 προσδοκωμένη
1369 3532 1465 3586 καὶ
1496 3527 1832 3602 φριττομένη

253 3619 348 3701 καὶ
390 3638 764 3713 ἀμελουμένη.
800 3634 1013 3702 Μέγας,
1051 3626 1271 3698 ἀδελφοί
1303 3643 1425 3698 μου,
1454 3625 1483 3678 ό
1523 3622 1687 3692 φόϐος
1714 3619 1838 3673 τότε

255 3741 487 3809 γίνεται.
516 3733 673 3801 Μέγα
714 3728 917 3783 ἰδέσθαι
968 3722 1147 3795 ψυχὴν
1174 3720 1281 3776 ύπδ
1309 3717 1558 3809 ἀγγέλων
1610 3713 1839 3809 χωριζο-

259 3830 428 3901 μένην
447 3823 545 3879 τοῦ
578 3820 827 3891 σώματος
849 3816 1011 3887 κενήν
1032 3830 1048 3847 ’
1090 3812 1195 3867 ὑπὸ
1215 3809 1485 3881 δαιμόνων
1516 3805 1838 3874 λογοθετου-

260 3896 451 3994 μένην.
505 3912 733 3983 Μεγάλη
782 3913 815 3980 ἡ
843 3908 961 3979 ὥρα
1005 3906 1104 3975 τῆς
1132 3903 1400 3994 ἀνάγκης,
1425 3898 1521 3952 καὶ
1548 3896 1837 3994 τοῦΔχωρι-

259 3988 400 4086 σμοῦ
465 4006 696 4068 ἐκείνου,
736 4004 863 4057 ὃταν
902 4001 952 4054 oi
994 3996 1260 4068 ὀφθαλμοὶ
1289 3993 1445 4064 ἡμῶν
1477 3988 1841 4059 ἀλοιωοήσον-

258 4079 384 4158 ταιο
422 4101 553 4156 ὅταν
584 4097 618 4167 ἡ
643 4094 796 4165 φωνὴ
855 4092 959 4144 ὑπὸ
999 4089 1098 4158 τῆς
1133 4086 1361 4155 συνοχῆς
1396 4079 1837 4167 κρατηθήσεται·

259 4195 388 4250 ὅταν
421 4193 456 4264 ἡ
476 4166 699 4259 γλῶσσα
725 4184 816 4237 τὸν
844 4181 1000 4249 λόγον
1031 4178 1092 4232 οὐ
1131 4175 1347 4230 δίδοσιν.
1375 4166 1510 4225 Εἶτα
1536 4168 1843 4238 στρέφομεν

261 4288 387 4348 τοὺς
416 4279 729 4359 ὀφθαλμοὺς
749 4270 851 4330 ὧδε
891 4271 1095 4343 συχνά·
1126 4268 1187 4322 τὸ
1231 4264 1450 4336 πνεῦμα
1479 4265 1839 4334 ταράττεται·

266 4352 475 4446 ίλιγγιᾷ
500 4375 533 4445 ἡ
587 4352 763 4441 ψῦχὴο
794 4364 1089 4435 συστρέφει
1126 4360 1217 4413 τὸν
1262 4356 1388 4411 νοῦν
1421 4353 1549 4427 τῇδε
1578 4352 1804 4407 κάκεῖσε
1824 4365 1838 4381 ·

265 4467 417 4540 ζητεῖ
449 4466 545 4520 τὸν
579 4462 840 4535 ῥυόμενον
859 4474 871 4486 ·
904 4456 1044 4526 τάχα
1076 4453 1133 4507 δὲ
1182 4452 1277 4505 καὶ
1309 4450 1421 4503 τῶν
1472 4442 1844 4518 παρεστώτων

263 4538 444 4615 δέεται
466 4575 482 4592 ο
512 4558 642 4618 ίσως
669 4554 724 4606 δέ
748 4551 843 4605 καὶ
860 4550 959 4621 τῆς
983 4546 1168 4615 κλίνης
1192 4543 1416 4613 φεύγειν
1447 4538 1842 4609 δοκιμάζομεν.

264 4655 405 4718 Τοὺς
440 4646 796 4722 παρεστῶτας
816 4645 949 4715 ἡμῖν
976 4640 1183 4711 φίλους,
1215 4637 1250 4707 ἢ
1278 4633 1562 4702 ἀδελφοὺς,
1587 4631 1621 4699 ἢ
1643 4630 1839 4722 γονεῖς,

265 4720 695 4819 οίΐγνωρίζομεν
716 4756 730 4771 ο
757 4738 899 4808 τάχα
920 4735 985 4807 δὴ
1006 4723 1627 4802 γνωρίζοντες,’).αλῆσαι
1661 4720 1844 4783 αὐτοῖς

267 4842 369 4897 οὐκ
401 4838 682 4911 ἰσχύομεν.

342 4906 469 4986 Τῶν
479 4906 832 5001 ’Θρηνούντων
858 4916 1006 4991 ἡμᾶς
1033 4913 1306 4984 ἀκούομεν
1334 4910 1430 4965 καὶ
1483 4906 1710 4971 τούτους
1739 4922 1845 4959 πα-

275 4998 697 5103 ραμυθήσασθαι
743 5016 805 5070 οὐ
845 5009 1141 5081 δυνάμεθα.
1175 5006 1258 5061 Τά
1311 5004 1479 5058 τέκνα
1536 4998 1849 5070 όδυνὼμενα

274 5094 370 5175 καί
400 5094 705 5189 δακρύοντα
740 5110 1032 5181 βλέπομεν,
1082 5101 1179 5157 καὶ
1210 5099 1303 5153 τὸν
1331 5098 1491 5152 πόνον
1536 5094 1637 5164 τῆς
1673 5094 1846 5189 όρφα-

277 5213 395 5276 νίας
423 5209 600 5265 αὐτῶν
627 5206 861 5277 ἔχοντες,
883 5195 1249 5273 πορευόμεθα.
1278 5191 1388 5246 Καὶ
1410 5189 1463 5243 τί
1482 5189 1624 5256 λέγω
1646 5188 1809 5240 τέκνα
1832 5202 1848 5251 ;

290 5304 451 5375 Ἐμοὶ
483 5302 629 5355 δοκεί
657 5300 740 5352 ὃτι
767 5294 981 5364 ἐκείνης
1004 5291 1105 5361 τῆς
1131 5287 1280 5359 ὥρας
1311 5279 1744 5348 καταλαϐούσης,
1763 5277 1849 5331 ού⁶

280 5368 389 5459 δεὶς
414 5391 670 5466 μεριμνᾷ,
699 5389 762 5442 ού
790 5386 1017 5447 τέκνων,
1042 5382 1104 5435 οὐ
1126 5378 1318 5449 φίλων,
1346 5375 1447 5429 οῦκ
1496 5371 1762 5440 ἀδελφῶν,
1794 5368 1856 5423 οὐ

285 5459 573 5553 γυναικόςνθ
596 5459 715 5533 οῦδὲ
748 5477 884 5546 άλλη
925 5470 1146 5544 φροντίς
1189 5486 1271 5534 τις
1329 5466 1424 5521 καὶ
1455 5463 1606 5533 λύπη
1644 5459 1859 5530 συνέχει

289 5576 467 5639 αὑτὸν,
494 5575 543 5626 εἰ
576 5571 651 5641 μὴ
674 5569 836 5641 ἡτῶν
872 5564 1065 5618 ἑαυτοῦ
1092 5562 1577 5634 παραπτωμάτων,
1619 5557 1712 5609 καὶ
1745 5553 1860 5616 πῶς

290 5669 592 5739 ἀπαντήσει
622 5656 699 5735 τῷ
731 5662 911 5733 κριτῇ,
946 5658 1040 5711 καὶ
1062 5657 1115 5713 τί
1136 5653 1533 5726 ἀπολογήσεται
1554 5667 1569 5683 ’
1606 5648 1699 5710 καὶ
1724 5646 1860 5719 ποία

367 5847 408 5881 δ’
435 5849 624 5906 Matth.
656 5847 707 5917 5,
738 5848 768 5907 5
800 5862 950 5921 seqq.

1936 3370 2180 3419 centum.
2212 3359 2351 3413 Tum
2398 3371 2576 3425 eoque
2621 3354 2842 3424 expleto
2890 3362 3160 3422 tempore,
3215 3351 3518 3421 quidnam?

1936 3452 2249 3526 ASgritudo.
2282 3450 2360 3505 E'x
2387 3464 2451 3503 ea
2482 3463 2638 3511 vero,
2684 3445 2861 3517 quid?
2896 3444 3110 3502 Virium
3144 3444 3402 3500 defectio.
3437 3444 3519 3498 Ex

1937 3562 2003 3602 ea
2027 3545 2180 3608 item,
2213 3540 2386 3612 quid?
2411 3537 2718 3593 Tremenda
2777 3536 2868 3591 illa
2904 3537 3065 3601 hora,
3106 3535 3366 3590 omnibus
3409 3548 3513 3588 cx-

1938 3644 2185 3707 spectata
2210 3675 2224 3700 ,
2266 3634 2556 3689 horrorem
2593 3629 2823 3695 faciens,
2861 3645 2925 3684 ac
2942 3629 3212 3699 neglecta.
3257 3627 3517 3698 Magnus,

1938 3727 2136 3782 fratres
2164 3725 2296 3789 mei,
2330 3731 2464 3779 tunc
2492 3722 2659 3777 timor
2706 3723 2948 3792 ingruet.
3000 3721 3253 3792 Magnum
3281 3720 3519 3776 animam

1938 3820 2149 3883 videre,
2188 3833 2353 3888 quam
2396 3815 2577 3886 angeli
2626 3828 2862 3884 corpore
2910 3813 3211 3868 extrudant
3245 3828 3510 3873 vacuam;

1939 3911 2217 3967 daemones
2248 3908 2316 3964 ad
2352 3907 2597 3963 rationes
2627 3906 2948 3975 deposcant.
2987 3904 3180 3974 Magna
3230 3904 3363 3957 hora
3414 3917 3520 3957 ne-

1941 4003 2253 4066 cessitatis,
2302 4017 2364 4055 ac
2402 3998 2625 4054 divortii
2684 3997 2851 4059 illius,
2894 4012 3020 4051 cum
3080 3994 3523 4049 immutabuntnr

1942 4094 2119 4159 oculi;
2150 4108 2278 4148 cum
2324 4107 2389 4145 ex
2428 4089 2811 4145 imbecillitate
2846 4104 2951 4141 vox
3001 4087 3355 4156 impedietur,
3393 4099 3521 4139 cum

1941 4187 2125 4256 lingua
2142 4184 2364 4255 negabit
2384 4197 2719 4237 sermonem.
2745 4179 3002 4248 Tumque
3025 4178 3221 4233 crebro
3243 4177 3352 4230 huc
3370 4175 3519 4238 illuc,

1945 4285 2201 4348 torquet,
2242 4275 2440 4346 quaerit
2489 4274 2584 4344 qui
2641 4273 2890 4328 liberet:
2930 4272 3076 4325 forte
3120 4279 3304 4324 autem
3355 4268 3522 4323 etiam

1945 4378 2187 4426 astantes
2220 4377 2379 4439 rogat
2420 4384 2434 4421 :
2485 4366 2713 4421 forsitan
2750 4364 2916 4419 ctiam
2950 4364 3097 4417 lecto
3126 4362 3393 4416 enitimur
3432 4360 3522 4414 fu-

1945 4478 2095 4534 gere.
2157 4461 2415 4516 Astantes
2458 4459 2623 4513 nobis
2674 4458 2913 4522 amicos,
2961 4457 3182 4521 fratres,
3243 4464 3522 4525 parentes,

1948 4569 2059 4608 non
2121 4551 2506 4624 cognoscimus
2530 4590 2546 4618 ,
2590 4549 2735 4605 forte
2782 4558 2964 4604 autem
3001 4548 3205 4618 alloqui
3245 4563 3353 4601 non
3392 4560 3523 4615 pos-

1947 4659 2160 4701 sumus.

2022 4901 2303 4973 Lugentes
2334 4916 2436 4957 nos
2468 4899 2749 4965 audimus,
2790 4912 2897 4954 nec
2939 4898 3041 4953 bos
3069 4894 3344 4952 consolari
3376 4894 3529 4948 vale-

1955 5012 2098 5052 mus.
2141 4994 2401 5049 Dolentes
2466 4992 2609 5049 filios
2643 5007 2709 5047 ac
2743 4991 2941 5045 ﬂentes
2985 4988 3300 5054 cernimus;
3347 5000 3527 5055 eoque

1954 5088 2179 5145 nomine
2208 5102 2353 5157 mgre
2380 5086 2671 5146 habentes,
2704 5083 2852 5153 quod
2894 5082 3135 5153 pupillos
3186 5080 3310 5135 illos
3362 5077 3529 5131 relin-

1955 5194 2208 5253 quamus,
2243 5177 2602 5233 discedimus.
2643 5175 2859 5245 Ecquid
2889 5174 3015 5229 dico
3059 5172 3234 5226 filios?
3263 5170 3530 5225 Existimo

1956 5290 2021 5331 ea
2069 5269 2516 5343 apprchendente
2555 5268 2714 5332 hora,
2770 5266 3049 5321 neminem
3084 5261 3379 5317 sollicitum
3408 5273 3530 5313 esse

1961 5367 2221 5429 filiorum,
2294 5363 2622 5426 amicorum,
2692 5362 2961 5421 fratrum,
3019 5355 3236 5418 uxoris;
3299 5352 3531 5406 aliamve

1958 5474 2147 5515 curam
2186 5457 2377 5520 ullam,
2404 5470 2470 5510 ac
2501 5452 2783 5509 tristitiam
2820 5449 3183 5506 decedentem
3227 5445 3528 5507 incessere,

1957 5568 2122 5625 quam
2172 5565 2401 5607 suorum
2450 5548 2811 5611 delictorum,
2859 5560 2923 5599 ac
2973 5555 3211 5613 quonam
3257 5537 3421 5592 modo
3460 5536 3533 5591 sit

1960 5659 2297 5703 occursurus
2325 5641 2522 5717 iudici,
2555 5638 2761 5712 quidve
2801 5645 3348 5709 rcsponsurus:qua
3395 5628 3534 5685 hora
