  <div class='ocr_page' id='page_1' title='image "/cluster/home/n/w/nwhite01/storage/ocr_20150623/86:2/hvd.32044012719696/761.png"; bbox 0 0 4032 6502; ppageno 0'>
   <div class='ocr_carea' id='block_1_1' title="bbox 521 390 665 456">
    <p class='ocr_par' dir='ltr' id='par_1_1' title="bbox 521 390 665 456">
     <span class='ocr_line' id='line_1_1' title="bbox 521 390 665 456; baseline -0.007 0"><span class='ocrx_word' id='word_1_1' title='bbox 521 390 665 456; x_wconf 81' lang='lat'><strong>3263</strong></span> 
     </span>
    </p>
   </div>
   <div class='ocr_carea' id='block_1_2' title="bbox 1678 368 2517 446">
    <p class='ocr_par' dir='ltr' id='par_1_2' title="bbox 1678 368 2517 446">
     <span class='ocr_line' id='line_1_2' title="bbox 1678 368 2517 446; baseline 0.001 -2"><span class='ocrx_word' id='word_1_2' title='bbox 1678 412 1681 413; x_wconf 49' lang='grc' dir='ltr'>ί</span> <span class='ocrx_word' id='word_1_3' title='bbox 1764 368 2099 445; x_wconf 72' lang='grc' dir='ltr'><strong>ἸΝΟΕΗΤΙ</strong></span> <span class='ocrx_word' id='word_1_4' title='bbox 2139 384 2517 446; x_wconf 83' lang='lat' dir='ltr'><strong>AUCTORIS</strong></span> 
     </span>
    </p>
   </div>
   <div class='ocr_carea' id='block_1_3' title="bbox 3642 384 3769 448">
    <p class='ocr_par' dir='ltr' id='par_1_3' title="bbox 3642 384 3769 448">
     <span class='ocr_line' id='line_1_3' title="bbox 3642 384 3769 448; baseline 0 0"><span class='ocrx_word' id='word_1_5' title='bbox 3642 384 3769 448; x_wconf 55' lang='lat'><strong>3%</strong></span> 
     </span>
    </p>
   </div>
   <div class='ocr_carea' id='block_1_4' title="bbox 521 496 2110 578">
    <p class='ocr_par' dir='ltr' id='par_1_4' title="bbox 521 498 2096 578">
     <span class='ocr_line' id='line_1_4' title="bbox 521 498 2096 578; baseline -0.004 -16"><span class='ocrx_word' id='word_1_6' title='bbox 521 518 815 578; x_wconf 76' lang='lat' dir='ltr'><strong>egressura</strong></span> <span class='ocrx_word' id='word_1_7' title='bbox 849 504 924 561; x_wconf 97' lang='lat' dir='ltr'><strong>sit</strong></span> <span class='ocrx_word' id='word_1_8' title='bbox 953 499 1217 559; x_wconf 80' lang='lat' dir='ltr'><strong>adversus</strong></span> <span class='ocrx_word' id='word_1_9' title='bbox 1265 514 1394 555; x_wconf 89' lang='lat' dir='ltr'><strong>eum</strong></span> <span class='ocrx_word' id='word_1_10' title='bbox 1438 498 1730 565; x_wconf 76' lang='lat' dir='ltr'><strong>sententia,</strong></span> <span class='ocrx_word' id='word_1_11' title='bbox 1759 515 1825 556; x_wconf 90' lang='lat' dir='ltr'><strong>ac</strong></span> <span class='ocrx_word' id='word_1_12' title='bbox 1856 500 1983 571; x_wconf 83' lang='lat' dir='ltr'><strong>quis</strong></span> <span class='ocrx_word' id='word_1_13' title='bbox 2010 501 2096 573; x_wconf 91' lang='lat' dir='ltr'><strong>ip-</strong></span> 
     </span>
    </p>
   </div>
   <div class='ocr_carea' id='block_1_5' title="bbox 2211 496 3770 578">
    <p class='ocr_par' dir='ltr' id='par_1_5' title="bbox 2211 496 3770 571">
     <span class='ocr_line' id='line_1_5' title="bbox 2211 496 3770 571; baseline 0.001 -19"><span class='ocrx_word' id='word_1_14' title='bbox 2211 497 2323 571; x_wconf 77' lang='grc' dir='ltr'><strong>ὦρᾳ</strong></span> <span class='ocrx_word' id='word_1_15' title='bbox 2349 501 2382 569; x_wconf 81' lang='grc' dir='ltr'>ἡ</span> <span class='ocrx_word' id='word_1_16' title='bbox 2407 498 2683 568; x_wconf 82' lang='grc' dir='ltr'>ἀπόφασις</span> <span class='ocrx_word' id='word_1_17' title='bbox 2708 496 2833 552; x_wconf 83' lang='grc' dir='ltr'>κατ’</span> <span class='ocrx_word' id='word_1_18' title='bbox 2860 496 3025 553; x_wconf 79' lang='grc' dir='ltr'>αὑτοῦ</span> <span class='ocrx_word' id='word_1_19' title='bbox 3054 497 3360 570; x_wconf 74' lang='grc' dir='ltr'>ἐξέρχεται,</span> <span class='ocrx_word' id='word_1_20' title='bbox 3399 499 3502 554; x_wconf 73' lang='grc' dir='ltr'><strong>καὶ</strong></span> <span class='ocrx_word' id='word_1_21' title='bbox 3530 500 3675 561; x_wconf 80' lang='grc' dir='ltr'>ποῖος</span> <span class='ocrx_word' id='word_1_22' title='bbox 3694 500 3770 553; x_wconf 78' lang='grc' dir='ltr'><strong>τό·</strong></span> 
     </span>
    </p>
   </div>
   <div class='ocr_carea' id='block_1_6' title="bbox 521 590 2097 662">
    <p class='ocr_par' dir='ltr' id='par_1_6' title="bbox 521 590 2097 662">
     <span class='ocr_line' id='line_1_6' title="bbox 521 590 2097 662; baseline -0.004 -9"><span class='ocrx_word' id='word_1_23' title='bbox 521 612 645 651; x_wconf 90' lang='lat' dir='ltr'><strong>sum</strong></span> <span class='ocrx_word' id='word_1_24' title='bbox 696 598 769 652; x_wconf 93' lang='lat' dir='ltr'><strong>sit</strong></span> <span class='ocrx_word' id='word_1_25' title='bbox 813 597 971 652; x_wconf 91' lang='lat' dir='ltr'><strong>locus</strong></span> <span class='ocrx_word' id='word_1_26' title='bbox 1014 600 1399 662; x_wconf 83' lang='lat' dir='ltr'><strong>suscepturus.</strong></span> <span class='ocrx_word' id='word_1_27' title='bbox 1468 591 1608 646; x_wconf 90' lang='lat' dir='ltr'><strong>Num</strong></span> <span class='ocrx_word' id='word_1_28' title='bbox 1654 590 1899 646; x_wconf 72' lang='lat' dir='ltr'><strong>tenebra:</strong></span> <span class='ocrx_word' id='word_1_29' title='bbox 1942 601 2097 648; x_wconf 84' lang='lat' dir='ltr'><strong>exte-</strong></span> 
     </span>
    </p>
   </div>
   <div class='ocr_carea' id='block_1_7' title="bbox 522 680 2096 756">
    <p class='ocr_par' dir='ltr' id='par_1_7' title="bbox 522 680 2096 756">
     <span class='ocr_line' id='line_1_7' title="bbox 522 680 2096 756; baseline -0.006 -12"><span class='ocrx_word' id='word_1_30' title='bbox 522 688 746 744; x_wconf 85' lang='lat' dir='ltr'><strong>riores?</strong></span> <span class='ocrx_word' id='word_1_31' title='bbox 770 688 913 743; x_wconf 86' lang='lat' dir='ltr'><strong>Num</strong></span> <span class='ocrx_word' id='word_1_32' title='bbox 950 700 1076 756; x_wconf 83' lang='lat' dir='ltr'><strong>spes</strong></span> <span class='ocrx_word' id='word_1_33' title='bbox 1112 683 1223 737; x_wconf 87' lang='lat' dir='ltr'><strong>ulla</strong></span> <span class='ocrx_word' id='word_1_34' title='bbox 1259 680 1654 736; x_wconf 86' lang='lat' dir='ltr'><strong>misericordiae</strong></span> <span class='ocrx_word' id='word_1_35' title='bbox 1690 688 1804 734; x_wconf 89' lang='lat' dir='ltr'><strong>tum</strong></span> <span class='ocrx_word' id='word_1_36' title='bbox 1849 693 2096 751; x_wconf 89' lang='lat' dir='ltr'><strong>superet,</strong></span> 
     </span>
    </p>
   </div>
   <div class='ocr_carea' id='block_1_8' title="bbox 524 772 2098 849">
    <p class='ocr_par' dir='ltr' id='par_1_8' title="bbox 524 772 2098 849">
     <span class='ocr_line' id='line_1_8' title="bbox 524 772 2098 849; baseline -0.004 -15"><span class='ocrx_word' id='word_1_37' title='bbox 524 787 752 849; x_wconf 88' lang='lat' dir='ltr'><strong>repente</strong></span> <span class='ocrx_word' id='word_1_38' title='bbox 787 778 1009 849; x_wconf 83' lang='lat' dir='ltr'><strong>cogitat,</strong></span> <span class='ocrx_word' id='word_1_39' title='bbox 1040 783 1334 845; x_wconf 89' lang='lat' dir='ltr'><strong>astantque</strong></span> <span class='ocrx_word' id='word_1_40' title='bbox 1366 773 1491 829; x_wconf 90' lang='lat' dir='ltr'><strong>duri</strong></span> <span class='ocrx_word' id='word_1_41' title='bbox 1520 789 1584 829; x_wconf 92' lang='lat' dir='ltr'><strong>ac</strong></span> <span class='ocrx_word' id='word_1_42' title='bbox 1623 772 1867 828; x_wconf 84' lang='lat' dir='ltr'><strong>immites</strong></span> <span class='ocrx_word' id='word_1_43' title='bbox 1915 773 2098 843; x_wconf 88' lang='lat' dir='ltr'><strong>angeli</strong></span> 
     </span>
    </p>
   </div>
   <div class='ocr_carea' id='block_1_9' title="bbox 523 868 1393 927">
    <p class='ocr_par' dir='ltr' id='par_1_9' title="bbox 523 868 1393 927">
     <span class='ocr_line' id='line_1_9' title="bbox 523 868 1393 927; baseline -0.003 -3"><span class='ocrx_word' id='word_1_44' title='bbox 523 871 592 927; x_wconf 87' lang='lat' dir='ltr'><strong>ab</strong></span> <span class='ocrx_word' id='word_1_45' title='bbox 616 870 923 925; x_wconf 89' lang='lat' dir='ltr'><strong>animarum</strong></span> <span class='ocrx_word' id='word_1_46' title='bbox 950 868 1183 924; x_wconf 89' lang='lat' dir='ltr'><strong>Domino</strong></span> <span class='ocrx_word' id='word_1_47' title='bbox 1218 868 1393 922; x_wconf 88' lang='lat' dir='ltr'><strong>missi.</strong></span> 
     </span>
    </p>
   </div>
   <div class='ocr_carea' id='block_1_10' title="bbox 597 957 2097 1029">
    <p class='ocr_par' dir='ltr' id='par_1_10' title="bbox 597 957 2097 1029">
     <span class='ocr_line' id='line_1_10' title="bbox 597 957 2097 1029; baseline -0.002 -13"><span class='ocrx_word' id='word_1_48' title='bbox 597 963 736 1017; x_wconf 87' lang='lat' dir='ltr'><strong>Tum</strong></span> <span class='ocrx_word' id='word_1_49' title='bbox 791 977 894 1016; x_wconf 91' lang='lat' dir='ltr'><strong>nos</strong></span> <span class='ocrx_word' id='word_1_50' title='bbox 938 976 1035 1017; x_wconf 91' lang='lat' dir='ltr'><strong>eos</strong></span> <span class='ocrx_word' id='word_1_51' title='bbox 1078 960 1369 1025; x_wconf 85' lang='lat' dir='ltr'><strong>videntes,</strong></span> <span class='ocrx_word' id='word_1_52' title='bbox 1427 958 1521 1029; x_wconf 90' lang='lat' dir='ltr'><strong>qui</strong></span> <span class='ocrx_word' id='word_1_53' title='bbox 1584 957 1837 1028; x_wconf 85' lang='lat' dir='ltr'><strong>imparati</strong></span> <span class='ocrx_word' id='word_1_54' title='bbox 1901 957 2097 1024; x_wconf 89' lang='lat' dir='ltr'><strong>simus,</strong></span> 
     </span>
    </p>
   </div>
   <div class='ocr_carea' id='block_1_11' title="bbox 523 1049 2101 1125">
    <p class='ocr_par' dir='ltr' id='par_1_11' title="bbox 523 1049 2101 1125">
     <span class='ocr_line' id='line_1_11' title="bbox 523 1049 2101 1125; baseline -0.004 -16"><span class='ocrx_word' id='word_1_55' title='bbox 523 1055 800 1125; x_wconf 91' lang='lat' dir='ltr'><strong>quomodo</strong></span> <span class='ocrx_word' id='word_1_56' title='bbox 830 1052 1091 1107; x_wconf 87' lang='lat' dir='ltr'><strong>turbandi</strong></span> <span class='ocrx_word' id='word_1_57' title='bbox 1120 1050 1352 1107; x_wconf 86' lang='lat' dir='ltr'><strong>sumus?</strong></span> <span class='ocrx_word' id='word_1_58' title='bbox 1383 1063 1486 1104; x_wconf 91' lang='lat' dir='ltr'><strong>nos</strong></span> <span class='ocrx_word' id='word_1_59' title='bbox 1529 1050 1680 1119; x_wconf 89' lang='lat' dir='ltr'><strong>ipsos</strong></span> <span class='ocrx_word' id='word_1_60' title='bbox 1725 1049 2101 1120; x_wconf 80' lang='lat' dir='ltr'><strong>discerpturi?</strong></span> 
     </span>
    </p>
   </div>
   <div class='ocr_carea' id='block_1_12' title="bbox 523 1139 2097 1212">
    <p class='ocr_par' dir='ltr' id='par_1_12' title="bbox 523 1139 2097 1212">
     <span class='ocr_line' id='line_1_12' title="bbox 523 1139 2097 1212; baseline -0.001 -16"><span class='ocrx_word' id='word_1_61' title='bbox 523 1141 706 1212; x_wconf 83' lang='lat' dir='ltr'><strong>fugam</strong></span> <span class='ocrx_word' id='word_1_62' title='bbox 728 1141 1057 1212; x_wconf 64' lang='lat' dir='ltr'><strong>quaesituri?</strong></span> <span class='ocrx_word' id='word_1_63' title='bbox 1103 1139 1355 1195; x_wconf 87' lang='lat' dir='ltr'><strong>conaturi</strong></span> <span class='ocrx_word' id='word_1_64' title='bbox 1390 1139 1637 1208; x_wconf 90' lang='lat' dir='ltr'><strong>quidem,</strong></span> <span class='ocrx_word' id='word_1_65' title='bbox 1686 1147 1743 1194; x_wconf 90' lang='lat' dir='ltr'><strong>at</strong></span> <span class='ocrx_word' id='word_1_66' title='bbox 1797 1140 2097 1195; x_wconf 83' lang='lat' dir='ltr'><strong>incassum.</strong></span> 
     </span>
    </p>
   </div>
   <div class='ocr_carea' id='block_1_13' title="bbox 526 1232 2096 1299">
    <p class='ocr_par' dir='ltr' id='par_1_13' title="bbox 526 1232 2096 1299">
     <span class='ocr_line' id='line_1_13' title="bbox 526 1232 2096 1299; baseline 0 -12"><span class='ocrx_word' id='word_1_67' title='bbox 526 1233 684 1288; x_wconf 87' lang='lat' dir='ltr'><strong>Tunc</strong></span> <span class='ocrx_word' id='word_1_68' title='bbox 746 1232 1159 1288; x_wconf 86' lang='lat' dir='ltr'><strong>miserabilibus</strong></span> <span class='ocrx_word' id='word_1_69' title='bbox 1216 1232 1270 1285; x_wconf 92' lang='lat' dir='ltr'><strong>in</strong></span> <span class='ocrx_word' id='word_1_70' title='bbox 1329 1246 1425 1287; x_wconf 90' lang='lat' dir='ltr'><strong>eos</strong></span> <span class='ocrx_word' id='word_1_71' title='bbox 1484 1232 1712 1286; x_wconf 88' lang='lat' dir='ltr'><strong>intentis</strong></span> <span class='ocrx_word' id='word_1_72' title='bbox 1768 1232 2096 1299; x_wconf 89' lang='lat' dir='ltr'><strong>luminibus,</strong></span> 
     </span>
    </p>
   </div>
   <div class='ocr_carea' id='block_1_14' title="bbox 526 1322 2099 1394">
    <p class='ocr_par' dir='ltr' id='par_1_14' title="bbox 526 1322 2099 1394">
     <span class='ocr_line' id='line_1_14' title="bbox 526 1322 2099 1394; baseline 0.001 -18"><span class='ocrx_word' id='word_1_73' title='bbox 526 1324 684 1377; x_wconf 92' lang='lat' dir='ltr'><strong>vultu</strong></span> <span class='ocrx_word' id='word_1_74' title='bbox 728 1331 949 1390; x_wconf 75' lang='lat' dir='ltr'><strong>incesto,</strong></span> <span class='ocrx_word' id='word_1_75' title='bbox 1010 1323 1386 1387; x_wconf 83' lang='lat' dir='ltr'><strong>obsecrantes,</strong></span> <span class='ocrx_word' id='word_1_76' title='bbox 1447 1322 1746 1392; x_wconf 85' lang='lat' dir='ltr'><strong>supplices,</strong></span> <span class='ocrx_word' id='word_1_77' title='bbox 1806 1324 1862 1378; x_wconf 93' lang='lat' dir='ltr'><strong>in</strong></span> <span class='ocrx_word' id='word_1_78' title='bbox 1921 1338 2099 1394; x_wconf 82' lang='lat' dir='ltr'><strong>genua</strong></span> 
     </span>
    </p>
   </div>
   <div class='ocr_carea' id='block_1_15' title="bbox 526 1414 2098 1487">
    <p class='ocr_par' dir='ltr' id='par_1_15' title="bbox 526 1414 2098 1487">
     <span class='ocr_line' id='line_1_15' title="bbox 526 1414 2098 1487; baseline 0 -18"><span class='ocrx_word' id='word_1_79' title='bbox 526 1416 776 1487; x_wconf 83' lang='lat' dir='ltr'><strong>provolvi</strong></span> <span class='ocrx_word' id='word_1_80' title='bbox 824 1415 1099 1477; x_wconf 85' lang='lat' dir='ltr'><strong>nitentes,</strong></span> <span class='ocrx_word' id='word_1_81' title='bbox 1150 1414 1398 1468; x_wconf 91' lang='lat' dir='ltr'><strong>dicemus</strong></span> <span class='ocrx_word' id='word_1_82' title='bbox 1446 1430 1461 1466; x_wconf 89' lang='lat'><strong>:</strong></span> <span class='ocrx_word' id='word_1_83' title='bbox 1513 1414 1847 1469; x_wconf 85' lang='lat' dir='ltr'><strong>Miseremini</strong></span> <span class='ocrx_word' id='word_1_84' title='bbox 1901 1415 2098 1478; x_wconf 88' lang='lat' dir='ltr'><strong>nostri,</strong></span> 
     </span>
    </p>
   </div>
   <div class='ocr_carea' id='block_1_16' title="bbox 528 1504 2098 1578">
    <p class='ocr_par' dir='ltr' id='par_1_16' title="bbox 528 1504 2098 1578">
     <span class='ocr_line' id='line_1_16' title="bbox 528 1504 2098 1578; baseline -0.003 -15"><span class='ocrx_word' id='word_1_85' title='bbox 528 1506 1123 1578; x_wconf 86' lang='lat' dir='ltr'><strong>benignissimiangeli.</strong></span> <span class='ocrx_word' id='word_1_86' title='bbox 1149 1505 1225 1560; x_wconf 83' lang='lat' dir='ltr'><strong>Ne</strong></span> <span class='ocrx_word' id='word_1_87' title='bbox 1246 1521 1331 1559; x_wconf 88' lang='lat' dir='ltr'><strong>me</strong></span> <span class='ocrx_word' id='word_1_88' title='bbox 1352 1504 1534 1559; x_wconf 84' lang='lat' dir='ltr'><strong>fructu</strong></span> <span class='ocrx_word' id='word_1_89' title='bbox 1569 1506 1719 1559; x_wconf 90' lang='lat' dir='ltr'><strong>omni</strong></span> <span class='ocrx_word' id='word_1_90' title='bbox 1751 1506 2098 1571; x_wconf 90' lang='lat' dir='ltr'><strong>destitutum,</strong></span> 
     </span>
    </p>
   </div>
   <div class='ocr_carea' id='block_1_17' title="bbox 528 1596 2102 1667">
    <p class='ocr_par' dir='ltr' id='par_1_17' title="bbox 528 1596 2102 1667">
     <span class='ocr_line' id='line_1_17' title="bbox 528 1596 2102 1667; baseline 0.001 -15"><span class='ocrx_word' id='word_1_91' title='bbox 528 1597 991 1667; x_wconf 88' lang='lat' dir='ltr'><strong>immundumque</strong></span> <span class='ocrx_word' id='word_1_92' title='bbox 1034 1597 1101 1651; x_wconf 93' lang='lat' dir='ltr'><strong>ad</strong></span> <span class='ocrx_word' id='word_1_93' title='bbox 1128 1597 1373 1665; x_wconf 81' lang='lat' dir='ltr'><strong>judicem</strong></span> <span class='ocrx_word' id='word_1_94' title='bbox 1406 1596 1629 1651; x_wconf 85' lang='lat' dir='ltr'><strong>trahite.</strong></span> <span class='ocrx_word' id='word_1_95' title='bbox 1679 1597 1758 1651; x_wconf 81' lang='lat' dir='ltr'><strong>Ne</strong></span> <span class='ocrx_word' id='word_1_96' title='bbox 1809 1597 1961 1651; x_wconf 90' lang='lat' dir='ltr'><strong>omni</strong></span> <span class='ocrx_word' id='word_1_97' title='bbox 2012 1613 2102 1654; x_wconf 92' lang='lat' dir='ltr'><strong>me</strong></span> 
     </span>
    </p>
   </div>
   <div class='ocr_carea' id='block_1_18' title="bbox 528 1686 2098 1758">
    <p class='ocr_par' dir='ltr' id='par_1_18' title="bbox 528 1686 2098 1758">
     <span class='ocr_line' id='line_1_18' title="bbox 528 1686 2098 1758; baseline -0.001 -14"><span class='ocrx_word' id='word_1_98' title='bbox 528 1689 675 1744; x_wconf 91' lang='lat' dir='ltr'><strong>bono</strong></span> <span class='ocrx_word' id='word_1_99' title='bbox 701 1703 869 1758; x_wconf 89' lang='lat' dir='ltr'><strong>opere</strong></span> <span class='ocrx_word' id='word_1_100' title='bbox 900 1688 1109 1741; x_wconf 91' lang='lat' dir='ltr'><strong>nudum</strong></span> <span class='ocrx_word' id='word_1_101' title='bbox 1144 1702 1375 1756; x_wconf 85' lang='lat' dir='ltr'><strong>corpore</strong></span> <span class='ocrx_word' id='word_1_102' title='bbox 1408 1686 1708 1743; x_wconf 78' lang='lat' dir='ltr'><strong>extrudite.</strong></span> <span class='ocrx_word' id='word_1_103' title='bbox 1738 1688 2098 1755; x_wconf 86' lang='lat' dir='ltr'><strong>Miseremini,</strong></span> 
     </span>
    </p>
   </div>
   <div class='ocr_carea' id='block_1_19' title="bbox 2203 584 3774 662">
    <p class='ocr_par' dir='ltr' id='par_1_19' title="bbox 2203 584 3774 662">
     <span class='ocr_line' id='line_1_19' title="bbox 2203 584 3774 662; baseline -0.001 -16"><span class='ocrx_word' id='word_1_104' title='bbox 2203 608 2301 655; x_wconf 88' lang='grc' dir='ltr'><strong>πος</strong></span> <span class='ocrx_word' id='word_1_105' title='bbox 2355 591 2585 656; x_wconf 82' lang='grc' dir='ltr'>δέξεται.</span> <span class='ocrx_word' id='word_1_106' title='bbox 2614 584 2765 661; x_wconf 64' lang='grc' dir='ltr'>’Δρα</span> <span class='ocrx_word' id='word_1_107' title='bbox 2794 592 2855 645; x_wconf 79' lang='grc' dir='ltr'>τὸ</span> <span class='ocrx_word' id='word_1_108' title='bbox 2883 589 3149 662; x_wconf 73' lang='grc' dir='ltr'><strong>ἐξώτερον</strong></span> <span class='ocrx_word' id='word_1_109' title='bbox 3188 591 3382 657; x_wconf 83' lang='grc' dir='ltr'>σκότος</span> <span class='ocrx_word' id='word_1_110' title='bbox 3404 607 3422 656; x_wconf 88' lang='grc'><strong>;</strong></span> <span class='ocrx_word' id='word_1_111' title='bbox 3444 585 3598 660; x_wconf 69' lang='grc' dir='ltr'>’Δρα</span> <span class='ocrx_word' id='word_1_112' title='bbox 3641 592 3774 645; x_wconf 75' lang='grc' dir='ltr'>ἐστὶν</span> 
     </span>
    </p>
   </div>
   <div class='ocr_carea' id='block_1_20' title="bbox 2202 678 3776 753">
    <p class='ocr_par' dir='ltr' id='par_1_20' title="bbox 2202 678 3776 753">
     <span class='ocr_line' id='line_1_20' title="bbox 2202 678 3776 753; baseline 0 -17"><span class='ocrx_word' id='word_1_113' title='bbox 2202 684 2333 752; x_wconf 78' lang='grc' dir='ltr'>ἡμῖν</span> <span class='ocrx_word' id='word_1_114' title='bbox 2349 682 2503 746; x_wconf 71' lang='grc' dir='ltr'>ἐλπὶς</span> <span class='ocrx_word' id='word_1_115' title='bbox 2533 682 2752 750; x_wconf 78' lang='grc' dir='ltr'>ὲλέους;</span> <span class='ocrx_word' id='word_1_116' title='bbox 2772 678 2891 736; x_wconf 75' lang='grc' dir='ltr'>εἶτα</span> <span class='ocrx_word' id='word_1_117' title='bbox 2904 686 3075 738; x_wconf 86' lang='grc' dir='ltr'>ὲννοεί</span> <span class='ocrx_word' id='word_1_118' title='bbox 3093 683 3378 753; x_wconf 74' lang='grc' dir='ltr'>ἐξαίφνης,</span> <span class='ocrx_word' id='word_1_119' title='bbox 3401 682 3506 737; x_wconf 76' lang='grc' dir='ltr'><strong>καὶ</strong></span> <span class='ocrx_word' id='word_1_120' title='bbox 3541 682 3776 750; x_wconf 73' lang='grc' dir='ltr'>ἐφίσταν-</span> 
     </span>
    </p>
   </div>
   <div class='ocr_carea' id='block_1_21' title="bbox 2199 773 3773 848">
    <p class='ocr_par' dir='ltr' id='par_1_21' title="bbox 2199 773 3773 848">
     <span class='ocr_line' id='line_1_21' title="bbox 2199 773 3773 848; baseline -0.001 -19"><span class='ocrx_word' id='word_1_121' title='bbox 2199 792 2291 829; x_wconf 86' lang='grc' dir='ltr'><strong>ται</strong></span> <span class='ocrx_word' id='word_1_122' title='bbox 2345 774 2566 843; x_wconf 79' lang='grc' dir='ltr'>ἄγγελοι</span> <span class='ocrx_word' id='word_1_123' title='bbox 2614 775 2921 846; x_wconf 84' lang='grc' dir='ltr'>ἀπόστομοι</span> <span class='ocrx_word' id='word_1_124' title='bbox 2943 776 3097 848; x_wconf 80' lang='grc' dir='ltr'>ποιρά</span> <span class='ocrx_word' id='word_1_125' title='bbox 3122 775 3219 831; x_wconf 89' lang='grc' dir='ltr'><strong>τοῦ</strong></span> <span class='ocrx_word' id='word_1_126' title='bbox 3240 775 3524 830; x_wconf 86' lang='grc' dir='ltr'>Δεσπότου</span> <span class='ocrx_word' id='word_1_127' title='bbox 3554 773 3660 827; x_wconf 86' lang='grc' dir='ltr'><strong>τῶν</strong></span> <span class='ocrx_word' id='word_1_128' title='bbox 3680 774 3773 845; x_wconf 78' lang='grc' dir='ltr'><strong>ψυ-</strong></span> 
     </span>
    </p>
   </div>
   <div class='ocr_carea' id='block_1_22' title="bbox 2202 864 2762 937">
    <p class='ocr_par' dir='ltr' id='par_1_22' title="bbox 2202 864 2762 937">
     <span class='ocr_line' id='line_1_22' title="bbox 2202 864 2762 937; baseline 0.005 -20"><span class='ocrx_word' id='word_1_129' title='bbox 2202 864 2319 936; x_wconf 89' lang='grc' dir='ltr'><strong>χῶν</strong></span> <span class='ocrx_word' id='word_1_130' title='bbox 2342 865 2762 937; x_wconf 81' lang='grc' dir='ltr'><strong>ἀπεσταλμένοι.</strong></span> 
     </span>
    </p>
   </div>
   <div class='ocr_carea' id='block_1_23' title="bbox 2270 957 3776 1032">
    <p class='ocr_par' dir='ltr' id='par_1_23' title="bbox 2270 957 3776 1032">
     <span class='ocr_line' id='line_1_23' title="bbox 2270 957 3776 1032; baseline -0.001 -21"><span class='ocrx_word' id='word_1_131' title='bbox 2270 959 2404 1012; x_wconf 86' lang='grc' dir='ltr'><strong>Τότε</strong></span> <span class='ocrx_word' id='word_1_132' title='bbox 2416 958 2638 1023; x_wconf 82' lang='grc' dir='ltr'><strong>τούτους</strong></span> <span class='ocrx_word' id='word_1_133' title='bbox 2652 960 2813 1031; x_wconf 79' lang='grc' dir='ltr'>ἡμεῖς</span> <span class='ocrx_word' id='word_1_134' title='bbox 2831 958 3165 1032; x_wconf 80' lang='grc' dir='ltr'><strong>θεωροῦντες</strong></span> <span class='ocrx_word' id='word_1_135' title='bbox 3176 957 3604 1030; x_wconf 82' lang='grc' dir='ltr'>ἀνευτρέπιστοι</span> <span class='ocrx_word' id='word_1_136' title='bbox 3620 957 3776 1023; x_wconf 78' lang='grc' dir='ltr'>ὅντες,</span> 
     </span>
    </p>
   </div>
   <div class='ocr_carea' id='block_1_24' title="bbox 2201 1049 3778 1122">
    <p class='ocr_par' dir='ltr' id='par_1_24' title="bbox 2201 1049 3778 1122">
     <span class='ocr_line' id='line_1_24' title="bbox 2201 1049 3778 1122; baseline 0.001 -19"><span class='ocrx_word' id='word_1_137' title='bbox 2201 1050 2321 1114; x_wconf 85' lang='grc' dir='ltr'><strong>πῶς</strong></span> <span class='ocrx_word' id='word_1_138' title='bbox 2356 1050 2488 1122; x_wconf 80' lang='grc' dir='ltr'>ἄρα,</span> <span class='ocrx_word' id='word_1_139' title='bbox 2536 1050 2655 1114; x_wconf 82' lang='grc' dir='ltr'><strong>πῶς</strong></span> <span class='ocrx_word' id='word_1_140' title='bbox 2702 1051 2971 1122; x_wconf 81' lang='grc' dir='ltr'>μέλλομεν</span> <span class='ocrx_word' id='word_1_141' title='bbox 3012 1051 3421 1122; x_wconf 83' lang='grc' dir='ltr'>ταράττεσθαι;</span> <span class='ocrx_word' id='word_1_142' title='bbox 3452 1049 3778 1119; x_wconf 81' lang='grc' dir='ltr'><strong>σπαράσσειν</strong></span> 
     </span>
    </p>
   </div>
   <div class='ocr_carea' id='block_1_25' title="bbox 2202 1139 3777 1213">
    <p class='ocr_par' dir='ltr' id='par_1_25' title="bbox 2202 1139 3777 1213">
     <span class='ocr_line' id='line_1_25' title="bbox 2202 1139 3777 1213; baseline 0.001 -19"><span class='ocrx_word' id='word_1_143' title='bbox 2202 1142 2296 1194; x_wconf 78' lang='grc' dir='ltr'><strong>καὶ</strong></span> <span class='ocrx_word' id='word_1_144' title='bbox 2318 1141 2568 1211; x_wconf 79' lang='grc' dir='ltr'>φεύγειν·</span> <span class='ocrx_word' id='word_1_145' title='bbox 2610 1141 2929 1213; x_wconf 80' lang='grc' dir='ltr'><strong>δοκιμάζειν</strong></span> <span class='ocrx_word' id='word_1_146' title='bbox 2955 1141 3077 1213; x_wconf 83' lang='grc' dir='ltr'>μὲν,</span> <span class='ocrx_word' id='word_1_147' title='bbox 3116 1140 3192 1213; x_wconf 83' lang='grc' dir='ltr'>μὴ</span> <span class='ocrx_word' id='word_1_148' title='bbox 3240 1140 3516 1194; x_wconf 81' lang='grc' dir='ltr'>δύνασθαι</span> <span class='ocrx_word' id='word_1_149' title='bbox 3556 1139 3777 1197; x_wconf 79' lang='grc' dir='ltr'>δὲ.Τάτι</span> 
     </span>
    </p>
   </div>
   <div class='ocr_carea' id='block_1_26' title="bbox 2203 1230 3775 1303">
    <p class='ocr_par' dir='ltr' id='par_1_26' title="bbox 2203 1230 3775 1303">
     <span class='ocr_line' id='line_1_26' title="bbox 2203 1230 3775 1303; baseline 0 -18"><span class='ocrx_word' id='word_1_150' title='bbox 2203 1230 2525 1301; x_wconf 81' lang='grc' dir='ltr'>ἀτενίζομεν</span> <span class='ocrx_word' id='word_1_151' title='bbox 2555 1231 2691 1303; x_wconf 76' lang='grc' dir='ltr'>πρὸς</span> <span class='ocrx_word' id='word_1_152' title='bbox 2718 1232 2916 1295; x_wconf 77' lang='grc' dir='ltr'>αὐτοὺς</span> <span class='ocrx_word' id='word_1_153' title='bbox 2934 1233 3186 1297; x_wconf 76' lang='grc' dir='ltr'>ἐλεεινοῖς</span> <span class='ocrx_word' id='word_1_154' title='bbox 3215 1230 3551 1301; x_wconf 71' lang='grc' dir='ltr'><strong>ὀφθαλμοῖς,</strong></span> <span class='ocrx_word' id='word_1_155' title='bbox 3577 1233 3775 1303; x_wconf 80' lang='grc' dir='ltr'><strong>στυγνῷ</strong></span> 
     </span>
    </p>
   </div>
   <div class='ocr_carea' id='block_1_27' title="bbox 2205 1322 3776 1395">
    <p class='ocr_par' dir='ltr' id='par_1_27' title="bbox 2205 1322 3776 1395">
     <span class='ocr_line' id='line_1_27' title="bbox 2205 1322 3776 1395; baseline 0.002 -20"><span class='ocrx_word' id='word_1_156' title='bbox 2205 1322 2514 1395; x_wconf 81' lang='grc' dir='ltr'><strong>προσώπῳ·</strong></span> <span class='ocrx_word' id='word_1_157' title='bbox 2549 1324 3032 1395; x_wconf 84' lang='grc' dir='ltr'>παρακαλοῦντες,</span> <span class='ocrx_word' id='word_1_158' title='bbox 3067 1325 3430 1389; x_wconf 74' lang='grc' dir='ltr'>ἱκετεύοντες,</span> <span class='ocrx_word' id='word_1_159' title='bbox 3474 1330 3776 1392; x_wconf 77' lang='grc' dir='ltr'>γονυπετείν</span> 
     </span>
    </p>
   </div>
   <div class='ocr_carea' id='block_1_28' title="bbox 2202 1415 3776 1487">
    <p class='ocr_par' dir='ltr' id='par_1_28' title="bbox 2202 1415 3776 1487">
     <span class='ocr_line' id='line_1_28' title="bbox 2202 1415 3776 1487; baseline 0 -18"><span class='ocrx_word' id='word_1_160' title='bbox 2202 1415 2607 1484; x_wconf 77' lang='grc' dir='ltr'>δοκιμάζοντες,</span> <span class='ocrx_word' id='word_1_161' title='bbox 2636 1416 2889 1487; x_wconf 82' lang='grc' dir='ltr'>λέγομεν·</span> <span class='ocrx_word' id='word_1_162' title='bbox 2906 1415 3197 1487; x_wconf 82' lang='grc' dir='ltr'>Ἐλεήσατε</span> <span class='ocrx_word' id='word_1_163' title='bbox 3224 1419 3398 1487; x_wconf 81' lang='grc' dir='ltr'>ἡμᾶς,</span> <span class='ocrx_word' id='word_1_164' title='bbox 3422 1415 3776 1487; x_wconf 78' lang='grc' dir='ltr'>φιλάνθρωποι</span> 
     </span>
    </p>
   </div>
   <div class='ocr_carea' id='block_1_29' title="bbox 2204 1504 3778 1577">
    <p class='ocr_par' dir='ltr' id='par_1_29' title="bbox 2204 1504 3778 1577">
     <span class='ocr_line' id='line_1_29' title="bbox 2204 1504 3778 1577; baseline 0.001 -18"><span class='ocrx_word' id='word_1_165' title='bbox 2204 1504 2444 1574; x_wconf 80' lang='grc' dir='ltr'>ἄγγελοι.</span> <span class='ocrx_word' id='word_1_166' title='bbox 2504 1508 2594 1576; x_wconf 87' lang='grc' dir='ltr'><strong>Μή</strong></span> <span class='ocrx_word' id='word_1_167' title='bbox 2628 1524 2696 1577; x_wconf 89' lang='grc' dir='ltr'><strong>με</strong></span> <span class='ocrx_word' id='word_1_168' title='bbox 2728 1506 2979 1577; x_wconf 79' lang='grc' dir='ltr'>ἄκαρπον</span> <span class='ocrx_word' id='word_1_169' title='bbox 3037 1506 3132 1559; x_wconf 81' lang='grc' dir='ltr'>καὶ</span> <span class='ocrx_word' id='word_1_170' title='bbox 3157 1506 3480 1577; x_wconf 80' lang='grc' dir='ltr'>ἀκάθαρτον</span> <span class='ocrx_word' id='word_1_171' title='bbox 3533 1507 3669 1577; x_wconf 80' lang='grc' dir='ltr'>πρὸς</span> <span class='ocrx_word' id='word_1_172' title='bbox 3696 1506 3778 1560; x_wconf 79' lang='grc' dir='ltr'><strong>τὸν</strong></span> 
     </span>
    </p>
   </div>
   <div class='ocr_carea' id='block_1_30' title="bbox 2205 1598 3779 1671">
    <p class='ocr_par' dir='ltr' id='par_1_30' title="bbox 2205 1598 3779 1671">
     <span class='ocr_line' id='line_1_30' title="bbox 2205 1598 3779 1671; baseline -0.001 -18"><span class='ocrx_word' id='word_1_173' title='bbox 2205 1599 2400 1671; x_wconf 84' lang='grc' dir='ltr'>κριτὴν</span> <span class='ocrx_word' id='word_1_174' title='bbox 2431 1599 2795 1671; x_wconf 81' lang='grc' dir='ltr'>ἀπενέγκητε.</span> <span class='ocrx_word' id='word_1_175' title='bbox 2829 1600 2920 1671; x_wconf 86' lang='grc' dir='ltr'><strong>Μή</strong></span> <span class='ocrx_word' id='word_1_176' title='bbox 2952 1616 3020 1670; x_wconf 92' lang='grc' dir='ltr'><strong>με</strong></span> <span class='ocrx_word' id='word_1_177' title='bbox 3047 1598 3253 1669; x_wconf 85' lang='grc' dir='ltr'>γυμνὸν</span> <span class='ocrx_word' id='word_1_178' title='bbox 3304 1599 3497 1669; x_wconf 78' lang='grc' dir='ltr'>πάσης</span> <span class='ocrx_word' id='word_1_179' title='bbox 3528 1598 3779 1670; x_wconf 75' lang='grc' dir='ltr'>ἀγαθοερ-</span> 
     </span>
    </p>
   </div>
   <div class='ocr_carea' id='block_1_31' title="bbox 2205 1689 3778 1762">
    <p class='ocr_par' dir='ltr' id='par_1_31' title="bbox 2205 1689 3778 1762">
     <span class='ocr_line' id='line_1_31' title="bbox 2205 1689 3778 1762; baseline 0 -19"><span class='ocrx_word' id='word_1_180' title='bbox 2205 1691 2332 1759; x_wconf 86' lang='grc' dir='ltr'>γίας</span> <span class='ocrx_word' id='word_1_181' title='bbox 2370 1690 2464 1743; x_wconf 90' lang='grc' dir='ltr'><strong>τοῦ</strong></span> <span class='ocrx_word' id='word_1_182' title='bbox 2489 1689 2741 1761; x_wconf 84' lang='grc' dir='ltr'>σώματος</span> <span class='ocrx_word' id='word_1_183' title='bbox 2761 1691 3061 1762; x_wconf 86' lang='grc' dir='ltr'>χωρίσητε.</span> <span class='ocrx_word' id='word_1_184' title='bbox 3105 1691 3420 1761; x_wconf 81' lang='grc' dir='ltr'>Ἑλεήσατε,</span> <span class='ocrx_word' id='word_1_185' title='bbox 3464 1690 3778 1761; x_wconf 80' lang='grc' dir='ltr'>μιμούμενοι</span> 
     </span>
    </p>
   </div>
   <div class='ocr_carea' id='block_1_32' title="bbox 530 1780 2110 1856">
    <p class='ocr_par' dir='ltr' id='par_1_32' title="bbox 530 1780 2101 1852">
     <span class='ocr_line' id='line_1_32' title="bbox 530 1780 2101 1852; baseline 0.002 -18"><span class='ocrx_word' id='word_1_186' title='bbox 530 1781 746 1834; x_wconf 87' lang='lat' dir='ltr'><strong>Domini</strong></span> <span class='ocrx_word' id='word_1_187' title='bbox 778 1780 1127 1835; x_wconf 90' lang='lat' dir='ltr'><strong>clementiam</strong></span> <span class='ocrx_word' id='word_1_188' title='bbox 1164 1780 1387 1835; x_wconf 85' lang='lat' dir='ltr'><strong>imitati.</strong></span> <span class='ocrx_word' id='word_1_189' title='bbox 1431 1780 1610 1836; x_wconf 89' lang='lat' dir='ltr'><strong>Sinite</strong></span> <span class='ocrx_word' id='word_1_190' title='bbox 1666 1782 1833 1836; x_wconf 89' lang='lat' dir='ltr'><strong>breve</strong></span> <span class='ocrx_word' id='word_1_191' title='bbox 1881 1791 2101 1852; x_wconf 89' lang='lat' dir='ltr'><strong>tempus</strong></span> 
     </span>
    </p>
   </div>
   <div class='ocr_carea' id='block_1_33' title="bbox 2211 1780 3780 1856">
    <p class='ocr_par' dir='ltr' id='par_1_33' title="bbox 2211 1783 3780 1856">
     <span class='ocr_line' id='line_1_33' title="bbox 2211 1783 3780 1856; baseline 0.001 -21"><span class='ocrx_word' id='word_1_192' title='bbox 2211 1785 2474 1837; x_wconf 87' lang='grc' dir='ltr'>Δεσπότου</span> <span class='ocrx_word' id='word_1_193' title='bbox 2505 1783 2940 1856; x_wconf 80' lang='grc' dir='ltr'>φιλανθρωπίαν.</span> <span class='ocrx_word' id='word_1_194' title='bbox 2984 1784 3211 1838; x_wconf 85' lang='grc' dir='ltr'>Ἐάσατε</span> <span class='ocrx_word' id='word_1_195' title='bbox 3235 1784 3425 1851; x_wconf 79' lang='grc' dir='ltr'>ὀλίγον</span> <span class='ocrx_word' id='word_1_196' title='bbox 3446 1784 3641 1853; x_wconf 81' lang='grc' dir='ltr'>χρόνον</span> <span class='ocrx_word' id='word_1_197' title='bbox 3691 1800 3780 1854; x_wconf 83' lang='grc' dir='ltr'>με·</span> 
     </span>
    </p>
   </div>
   <div class='ocr_carea' id='block_1_34' title="bbox 529 1860 2110 1947">
    <p class='ocr_par' dir='ltr' id='par_1_34' title="bbox 529 1872 2097 1943">
     <span class='ocr_line' id='line_1_34' title="bbox 529 1872 2097 1943; baseline 0.003 -19"><span class='ocrx_word' id='word_1_198' title='bbox 529 1872 863 1941; x_wconf 68' lang='grc' dir='ltr'>ρωιιίιοηιίιο</span> <span class='ocrx_word' id='word_1_199' title='bbox 928 1872 1080 1935; x_wconf 89' lang='lat' dir='ltr'><strong>dare,</strong></span> <span class='ocrx_word' id='word_1_200' title='bbox 1150 1887 1407 1942; x_wconf 86' lang='lat' dir='ltr'><strong>gemere,</strong></span> <span class='ocrx_word' id='word_1_201' title='bbox 1453 1873 1833 1943; x_wconf 84' lang='lat' dir='ltr'><strong>eleemosynas</strong></span> <span class='ocrx_word' id='word_1_202' title='bbox 1893 1872 2097 1929; x_wconf 79' lang='lat' dir='ltr'><strong>facere.</strong></span> 
     </span>
    </p>
   </div>
   <div class='ocr_carea' id='block_1_35' title="bbox 2211 1860 3777 1947">
    <p class='ocr_par' dir='ltr' id='par_1_35' title="bbox 2211 1873 3777 1947">
     <span class='ocr_line' id='line_1_35' title="bbox 2211 1873 3777 1947; baseline -0.001 -18"><span class='ocrx_word' id='word_1_203' title='bbox 2211 1875 2485 1945; x_wconf 83' lang='grc' dir='ltr'>τανοῆσαι,</span> <span class='ocrx_word' id='word_1_204' title='bbox 2520 1876 2789 1944; x_wconf 78' lang='grc' dir='ltr'>στενάξαι,</span> <span class='ocrx_word' id='word_1_205' title='bbox 2807 1873 3176 1947; x_wconf 78' lang='grc' dir='ltr'>ἐλεημοσύνας</span> <span class='ocrx_word' id='word_1_206' title='bbox 3194 1875 3448 1945; x_wconf 83' lang='grc' dir='ltr'>ποιῆσαι.</span> <span class='ocrx_word' id='word_1_207' title='bbox 3482 1875 3777 1938; x_wconf 64' lang='lat' dir='ltr'><strong>Ausum:er</strong></span> 
     </span>
    </p>
   </div>
   <div class='ocr_carea' id='block_1_36' title="bbox 530 1964 2106 2035">
    <p class='ocr_par' dir='ltr' id='par_1_36' title="bbox 530 1964 2106 2035">
     <span class='ocr_line' id='line_1_36' title="bbox 530 1964 2106 2035; baseline 0.001 -16"><span class='ocrx_word' id='word_1_208' title='bbox 530 1965 717 2035; x_wconf 75' lang='lat' dir='ltr'><strong>Rogo,</strong></span> <span class='ocrx_word' id='word_1_209' title='bbox 774 1965 972 2032; x_wconf 88' lang='lat' dir='ltr'><strong>miser;</strong></span> <span class='ocrx_word' id='word_1_210' title='bbox 1026 1965 1352 2033; x_wconf 66' lang='lat' dir='ltr'><strong>exoramini,</strong></span> <span class='ocrx_word' id='word_1_211' title='bbox 1394 1964 1649 2021; x_wconf 88' lang='lat' dir='ltr'><strong>obsecro.</strong></span> <span class='ocrx_word' id='word_1_212' title='bbox 1705 1964 1921 2033; x_wconf 72' lang='lat' dir='ltr'><strong>Quaeso,</strong></span> <span class='ocrx_word' id='word_1_213' title='bbox 1978 1974 2106 2021; x_wconf 88' lang='lat' dir='ltr'><strong>vota</strong></span> 
     </span>
    </p>
   </div>
   <div class='ocr_carea' id='block_1_37' title="bbox 531 2046 2106 2127">
    <p class='ocr_par' dir='ltr' id='par_1_37' title="bbox 531 2046 2106 2127">
     <span class='ocr_line' id='line_1_37' title="bbox 531 2046 2106 2127; baseline 0.002 -18"><span class='ocrx_word' id='word_1_214' title='bbox 531 2056 820 2125; x_wconf 90' lang='lat' dir='ltr'><strong>suscipite,</strong></span> <span class='ocrx_word' id='word_1_215' title='bbox 881 2072 948 2112; x_wconf 91' lang='lat' dir='ltr'><strong>eo</strong></span> <span class='ocrx_word' id='word_1_216' title='bbox 982 2046 1128 2127; x_wconf 80' lang='lat' dir='ltr'><strong>quod</strong></span> <span class='ocrx_word' id='word_1_217' title='bbox 1165 2058 1307 2112; x_wconf 91' lang='lat' dir='ltr'><strong>male</strong></span> <span class='ocrx_word' id='word_1_218' title='bbox 1350 2057 1542 2123; x_wconf 88' lang='lat' dir='ltr'><strong>vitam,</strong></span> <span class='ocrx_word' id='word_1_219' title='bbox 1575 2072 1641 2112; x_wconf 88' lang='lat' dir='ltr'><strong>ac</strong></span> <span class='ocrx_word' id='word_1_220' title='bbox 1680 2071 1857 2113; x_wconf 87' lang='lat' dir='ltr'><strong>annos</strong></span> <span class='ocrx_word' id='word_1_221' title='bbox 1897 2057 2106 2115; x_wconf 86' lang='lat' dir='ltr'><strong>insum-</strong></span> 
     </span>
    </p>
   </div>
   <div class='ocr_carea' id='block_1_38' title="bbox 528 2146 758 2216">
    <p class='ocr_par' dir='ltr' id='par_1_38' title="bbox 528 2146 758 2216">
     <span class='ocr_line' id='line_1_38' title="bbox 528 2146 758 2216; baseline 0.009 -17"><span class='ocrx_word' id='word_1_222' title='bbox 528 2146 758 2216; x_wconf 89' lang='lat' dir='ltr'><strong>pserim.</strong></span> 
     </span>
    </p>
   </div>
   <div class='ocr_carea' id='block_1_39' title="bbox 602 2237 2103 2309">
    <p class='ocr_par' dir='ltr' id='par_1_39' title="bbox 602 2237 2103 2309">
     <span class='ocr_line' id='line_1_39' title="bbox 602 2237 2103 2309; baseline -0.001 -18"><span class='ocrx_word' id='word_1_223' title='bbox 602 2238 728 2293; x_wconf 63' lang='lat' dir='ltr'><strong>llaec</strong></span> <span class='ocrx_word' id='word_1_224' title='bbox 766 2253 797 2293; x_wconf 90' lang='lat' dir='ltr'><strong>a</strong></span> <span class='ocrx_word' id='word_1_225' title='bbox 847 2239 1009 2294; x_wconf 92' lang='lat' dir='ltr'><strong>nobis</strong></span> <span class='ocrx_word' id='word_1_226' title='bbox 1061 2248 1176 2294; x_wconf 89' lang='lat' dir='ltr'><strong>tum</strong></span> <span class='ocrx_word' id='word_1_227' title='bbox 1224 2238 1517 2294; x_wconf 90' lang='lat' dir='ltr'><strong>audientes</strong></span> <span class='ocrx_word' id='word_1_228' title='bbox 1561 2238 1765 2309; x_wconf 78' lang='lat' dir='ltr'><strong>angeli,</strong></span> <span class='ocrx_word' id='word_1_229' title='bbox 1795 2237 1862 2293; x_wconf 92' lang='lat' dir='ltr'><strong>ad</strong></span> <span class='ocrx_word' id='word_1_230' title='bbox 1894 2252 1995 2292; x_wconf 90' lang='lat' dir='ltr'><strong>nos</strong></span> <span class='ocrx_word' id='word_1_231' title='bbox 2017 2237 2103 2291; x_wconf 89' lang='lat' dir='ltr'><strong>di-</strong></span> 
     </span>
    </p>
   </div>
   <div class='ocr_carea' id='block_1_40' title="bbox 531 2330 2107 2398">
    <p class='ocr_par' dir='ltr' id='par_1_40' title="bbox 531 2330 2107 2398">
     <span class='ocr_line' id='line_1_40' title="bbox 531 2330 2107 2398; baseline -0.002 -11"><span class='ocrx_word' id='word_1_232' title='bbox 531 2339 659 2387; x_wconf 91' lang='lat' dir='ltr'><strong>cent</strong></span> <span class='ocrx_word' id='word_1_233' title='bbox 694 2331 930 2387; x_wconf 86' lang='lat' dir='ltr'><strong>:Misera</strong></span> <span class='ocrx_word' id='word_1_234' title='bbox 970 2332 1174 2398; x_wconf 85' lang='lat' dir='ltr'><strong>anima,</strong></span> <span class='ocrx_word' id='word_1_235' title='bbox 1215 2331 1439 2387; x_wconf 88' lang='lat' dir='ltr'><strong>ubinam</strong></span> <span class='ocrx_word' id='word_1_236' title='bbox 1475 2340 1618 2386; x_wconf 85' lang='lat' dir='ltr'><strong>totos</strong></span> <span class='ocrx_word' id='word_1_237' title='bbox 1646 2331 1765 2386; x_wconf 82' lang='lat' dir='ltr'><strong>dies</strong></span> <span class='ocrx_word' id='word_1_238' title='bbox 1790 2341 1914 2386; x_wconf 92' lang='lat' dir='ltr'><strong>tuos</strong></span> <span class='ocrx_word' id='word_1_239' title='bbox 1939 2330 2107 2385; x_wconf 87' lang='lat' dir='ltr'><strong>eras?</strong></span> 
     </span>
    </p>
   </div>
   <div class='ocr_carea' id='block_1_41' title="bbox 531 2422 2107 2494">
    <p class='ocr_par' dir='ltr' id='par_1_41' title="bbox 531 2422 2107 2494">
     <span class='ocr_line' id='line_1_41' title="bbox 531 2422 2107 2494; baseline -0.002 -15"><span class='ocrx_word' id='word_1_240' title='bbox 531 2422 603 2479; x_wconf 89' lang='lat' dir='ltr'><strong>Ut</strong></span> <span class='ocrx_word' id='word_1_241' title='bbox 636 2422 767 2493; x_wconf 91' lang='lat' dir='ltr'><strong>quid</strong></span> <span class='ocrx_word' id='word_1_242' title='bbox 805 2423 1176 2494; x_wconf 88' lang='lat' dir='ltr'><strong>negligentius</strong></span> <span class='ocrx_word' id='word_1_243' title='bbox 1215 2424 1414 2494; x_wconf 85' lang='lat' dir='ltr'><strong>egisti?</strong></span> <span class='ocrx_word' id='word_1_244' title='bbox 1454 2422 1744 2489; x_wconf 84' lang='lat' dir='ltr'><strong>Quomodo</strong></span> <span class='ocrx_word' id='word_1_245' title='bbox 1765 2424 1878 2494; x_wconf 88' lang='lat' dir='ltr'><strong>jam</strong></span> <span class='ocrx_word' id='word_1_246' title='bbox 1924 2422 2107 2493; x_wconf 70' lang='lat' dir='ltr'><strong>poeni-</strong></span> 
     </span>
    </p>
   </div>
   <div class='ocr_carea' id='block_1_42' title="bbox 532 2515 2108 2587">
    <p class='ocr_par' dir='ltr' id='par_1_42' title="bbox 532 2515 2108 2587">
     <span class='ocr_line' id='line_1_42' title="bbox 532 2515 2108 2587; baseline -0.001 -16"><span class='ocrx_word' id='word_1_247' title='bbox 532 2516 760 2571; x_wconf 84' lang='lat' dir='ltr'><strong>tentiam</strong></span> <span class='ocrx_word' id='word_1_248' title='bbox 790 2515 1034 2587; x_wconf 65' lang='lat' dir='ltr'><strong>qureris?</strong></span> <span class='ocrx_word' id='word_1_249' title='bbox 1064 2515 1155 2570; x_wconf 89' lang='lat' dir='ltr'><strong>Sol</strong></span> <span class='ocrx_word' id='word_1_250' title='bbox 1185 2523 1312 2570; x_wconf 89' lang='lat' dir='ltr'><strong>tuus</strong></span> <span class='ocrx_word' id='word_1_251' title='bbox 1360 2515 1624 2586; x_wconf 80' lang='lat' dir='ltr'><strong>deinceps</strong></span> <span class='ocrx_word' id='word_1_252' title='bbox 1668 2515 1893 2570; x_wconf 90' lang='lat' dir='ltr'><strong>occidit.</strong></span> <span class='ocrx_word' id='word_1_253' title='bbox 1942 2515 2108 2570; x_wconf 90' lang='lat' dir='ltr'><strong>Tem-</strong></span> 
     </span>
    </p>
   </div>
   <div class='ocr_carea' id='block_1_43' title="bbox 532 2606 2112 2677">
    <p class='ocr_par' dir='ltr' id='par_1_43' title="bbox 532 2606 2112 2677">
     <span class='ocr_line' id='line_1_43' title="bbox 532 2606 2112 2677; baseline 0 -16"><span class='ocrx_word' id='word_1_254' title='bbox 532 2622 639 2677; x_wconf 88' lang='lat' dir='ltr'><strong>pus</strong></span> <span class='ocrx_word' id='word_1_255' title='bbox 676 2616 827 2662; x_wconf 89' lang='lat' dir='ltr'><strong>tunm</strong></span> <span class='ocrx_word' id='word_1_256' title='bbox 874 2619 1157 2677; x_wconf 85' lang='lat' dir='ltr'><strong>peractum</strong></span> <span class='ocrx_word' id='word_1_257' title='bbox 1200 2615 1286 2662; x_wconf 89' lang='lat' dir='ltr'><strong>est</strong></span> <span class='ocrx_word' id='word_1_258' title='bbox 1332 2628 1345 2662; x_wconf 88' lang='lat'><strong>:</strong></span> <span class='ocrx_word' id='word_1_259' title='bbox 1387 2607 1545 2663; x_wconf 91' lang='lat' dir='ltr'><strong>venit</strong></span> <span class='ocrx_word' id='word_1_260' title='bbox 1583 2608 1718 2662; x_wconf 85' lang='lat' dir='ltr'><strong>hora</strong></span> <span class='ocrx_word' id='word_1_261' title='bbox 1764 2622 1891 2662; x_wconf 90' lang='lat' dir='ltr'><strong>cum</strong></span> <span class='ocrx_word' id='word_1_262' title='bbox 1934 2606 2112 2661; x_wconf 81' lang='lat' dir='ltr'><strong>infru-</strong></span> 
     </span>
    </p>
   </div>
   <div class='ocr_carea' id='block_1_44' title="bbox 534 2697 2109 2768">
    <p class='ocr_par' dir='ltr' id='par_1_44' title="bbox 534 2697 2109 2768">
     <span class='ocr_line' id='line_1_44' title="bbox 534 2697 2109 2768; baseline -0.003 -14"><span class='ocrx_word' id='word_1_263' title='bbox 534 2707 725 2754; x_wconf 84' lang='lat' dir='ltr'><strong>ctuosa</strong></span> <span class='ocrx_word' id='word_1_264' title='bbox 750 2697 1118 2752; x_wconf 76' lang='lat' dir='ltr'><strong>exscindenda</strong></span> <span class='ocrx_word' id='word_1_265' title='bbox 1146 2712 1225 2752; x_wconf 91' lang='lat' dir='ltr'><strong>es.</strong></span> <span class='ocrx_word' id='word_1_266' title='bbox 1248 2699 1395 2753; x_wconf 87' lang='lat' dir='ltr'><strong>Dens</strong></span> <span class='ocrx_word' id='word_1_267' title='bbox 1420 2697 1619 2768; x_wconf 83' lang='lat' dir='ltr'><strong>jussit;</strong></span> <span class='ocrx_word' id='word_1_268' title='bbox 1651 2698 1776 2766; x_wconf 86' lang='lat' dir='ltr'><strong>quis</strong></span> <span class='ocrx_word' id='word_1_269' title='bbox 1794 2698 2053 2767; x_wconf 88' lang='lat' dir='ltr'><strong>poculum</strong></span> <span class='ocrx_word' id='word_1_270' title='bbox 2077 2711 2109 2751; x_wconf 92' lang='lat' dir='ltr'><strong>a</strong></span> 
     </span>
    </p>
   </div>
   <div class='ocr_carea' id='block_1_45' title="bbox 535 2788 2112 2857">
    <p class='ocr_par' dir='ltr' id='par_1_45' title="bbox 535 2788 2112 2857">
     <span class='ocr_line' id='line_1_45' title="bbox 535 2788 2112 2857; baseline -0.001 -14"><span class='ocrx_word' id='word_1_271' title='bbox 535 2796 590 2843; x_wconf 88' lang='lat' dir='ltr'><strong>te</strong></span> <span class='ocrx_word' id='word_1_272' title='bbox 610 2796 857 2843; x_wconf 90' lang='lat' dir='ltr'><strong>avertere</strong></span> <span class='ocrx_word' id='word_1_273' title='bbox 885 2788 1127 2857; x_wconf 88' lang='lat' dir='ltr'><strong>poterit?</strong></span> <span class='ocrx_word' id='word_1_274' title='bbox 1151 2788 1194 2843; x_wconf 94' lang='grc' dir='ltr'>Ο</span> <span class='ocrx_word' id='word_1_275' title='bbox 1225 2788 1424 2841; x_wconf 88' lang='lat' dir='ltr'><strong>misera</strong></span> <span class='ocrx_word' id='word_1_276' title='bbox 1454 2788 1661 2857; x_wconf 92' lang='lat' dir='ltr'><strong>probro</strong></span> <span class='ocrx_word' id='word_1_277' title='bbox 1694 2788 1925 2852; x_wconf 74' lang='lat' dir='ltr'><strong>suﬂ‘usa,</strong></span> <span class='ocrx_word' id='word_1_278' title='bbox 1956 2802 2112 2857; x_wconf 87' lang='lat' dir='ltr'><strong>egre-</strong></span> 
     </span>
    </p>
   </div>
   <div class='ocr_carea' id='block_1_46' title="bbox 536 2878 2109 2949">
    <p class='ocr_par' dir='ltr' id='par_1_46' title="bbox 536 2878 2109 2949">
     <span class='ocr_line' id='line_1_46' title="bbox 536 2878 2109 2949; baseline -0.003 -14"><span class='ocrx_word' id='word_1_279' title='bbox 536 2881 700 2946; x_wconf 87' lang='lat' dir='ltr'><strong>dere;</strong></span> <span class='ocrx_word' id='word_1_280' title='bbox 751 2880 943 2935; x_wconf 88' lang='lat' dir='ltr'><strong>dolens</strong></span> <span class='ocrx_word' id='word_1_281' title='bbox 1003 2894 1375 2949; x_wconf 72' lang='lat' dir='ltr'><strong>mmrensqne,</strong></span> <span class='ocrx_word' id='word_1_282' title='bbox 1427 2895 1707 2949; x_wconf 87' lang='lat' dir='ltr'><strong>separare.</strong></span> <span class='ocrx_word' id='word_1_283' title='bbox 1763 2879 1941 2941; x_wconf 82' lang='lat' dir='ltr'><strong>Veni,</strong></span> <span class='ocrx_word' id='word_1_284' title='bbox 1995 2878 2109 2948; x_wconf 88' lang='lat' dir='ltr'><strong>igni</strong></span> 
     </span>
    </p>
   </div>
   <div class='ocr_carea' id='block_1_47' title="bbox 536 2969 2109 3040">
    <p class='ocr_par' dir='ltr' id='par_1_47' title="bbox 536 2969 2109 3040">
     <span class='ocr_line' id='line_1_47' title="bbox 536 2969 2109 3040; baseline -0.003 -12"><span class='ocrx_word' id='word_1_285' title='bbox 536 2972 913 3028; x_wconf 89' lang='lat' dir='ltr'><strong>addiscentem</strong></span> <span class='ocrx_word' id='word_1_286' title='bbox 941 2970 1294 3035; x_wconf 87' lang='lat' dir='ltr'><strong>sententiam,</strong></span> <span class='ocrx_word' id='word_1_287' title='bbox 1332 2985 1431 3040; x_wconf 92' lang='lat' dir='ltr'><strong>pro</strong></span> <span class='ocrx_word' id='word_1_288' title='bbox 1473 2980 1565 3025; x_wconf 88' lang='lat' dir='ltr'><strong>tua</strong></span> <span class='ocrx_word' id='word_1_289' title='bbox 1595 2969 1965 3035; x_wconf 79' lang='lat' dir='ltr'><strong>immodeStia,</strong></span> <span class='ocrx_word' id='word_1_290' title='bbox 2008 2985 2109 3039; x_wconf 90' lang='lat' dir='ltr'><strong>pro</strong></span> 
     </span>
    </p>
   </div>
   <div class='ocr_carea' id='block_1_48' title="bbox 535 3061 2111 3133">
    <p class='ocr_par' dir='ltr' id='par_1_48' title="bbox 535 3061 2111 3133">
     <span class='ocr_line' id='line_1_48' title="bbox 535 3061 2111 3133; baseline -0.002 -12"><span class='ocrx_word' id='word_1_291' title='bbox 535 3081 727 3121; x_wconf 89' lang='lat' dir='ltr'><strong>eorum</strong></span> <span class='ocrx_word' id='word_1_292' title='bbox 793 3064 1006 3118; x_wconf 87' lang='lat' dir='ltr'><strong>ratione</strong></span> <span class='ocrx_word' id='word_1_293' title='bbox 1073 3079 1195 3133; x_wconf 69' lang='lat' dir='ltr'><strong>qua:</strong></span> <span class='ocrx_word' id='word_1_294' title='bbox 1258 3063 1624 3129; x_wconf 88' lang='lat' dir='ltr'><strong>commisisti,</strong></span> <span class='ocrx_word' id='word_1_295' title='bbox 1681 3064 1893 3132; x_wconf 78' lang='lat' dir='ltr'><strong>excipe.</strong></span> <span class='ocrx_word' id='word_1_296' title='bbox 1950 3061 2111 3118; x_wconf 84' lang='lat' dir='ltr'><strong>Nulla</strong></span> 
     </span>
    </p>
   </div>
   <div class='ocr_carea' id='block_1_49' title="bbox 538 3155 2178 3250">
    <p class='ocr_par' dir='ltr' id='par_1_49' title="bbox 538 3155 2178 3250">
     <span class='ocr_line' id='line_1_49' title="bbox 538 3155 2178 3250; baseline -0.005 -34"><span class='ocrx_word' id='word_1_297' title='bbox 538 3159 802 3228; x_wconf 87' lang='lat' dir='ltr'><strong>deinceps</strong></span> <span class='ocrx_word' id='word_1_298' title='bbox 833 3156 933 3211; x_wconf 91' lang='lat' dir='ltr'><strong>tibi</strong></span> <span class='ocrx_word' id='word_1_299' title='bbox 966 3170 1090 3225; x_wconf 88' lang='lat' dir='ltr'><strong>spes</strong></span> <span class='ocrx_word' id='word_1_300' title='bbox 1128 3155 1359 3225; x_wconf 88' lang='lat' dir='ltr'><strong>reliqua.</strong></span> <span class='ocrx_word' id='word_1_301' title='bbox 1391 3155 1511 3211; x_wconf 84' lang='lat' dir='ltr'><strong>Non</strong></span> <span class='ocrx_word' id='word_1_302' title='bbox 1555 3165 1642 3210; x_wconf 90' lang='lat' dir='ltr'><strong>est</strong></span> <span class='ocrx_word' id='word_1_303' title='bbox 1684 3155 1853 3220; x_wconf 92' lang='lat' dir='ltr'><strong>salus,</strong></span> <span class='ocrx_word' id='word_1_304' title='bbox 1887 3169 1998 3209; x_wconf 89' lang='lat' dir='ltr'><strong>non</strong></span> <span class='ocrx_word' id='word_1_305' title='bbox 2026 3161 2112 3209; x_wconf 90' lang='lat' dir='ltr'><strong>est</strong></span> <span class='ocrx_word' id='word_1_306' title='bbox 2137 3193 2178 3250; x_wconf 79' lang='lat' dir='ltr'><strong><em>C</em></strong></span> 
     </span>
    </p>
   </div>
   <div class='ocr_carea' id='block_1_50' title="bbox 538 3246 2112 3324">
    <p class='ocr_par' dir='ltr' id='par_1_50' title="bbox 538 3246 2112 3324">
     <span class='ocr_line' id='line_1_50' title="bbox 538 3246 2112 3324; baseline -0.004 -17"><span class='ocrx_word' id='word_1_307' title='bbox 538 3250 883 3324; x_wconf 59' lang='lat' dir='ltr'><strong>paenitentia,</strong></span> <span class='ocrx_word' id='word_1_308' title='bbox 916 3265 1027 3304; x_wconf 88' lang='lat' dir='ltr'><strong>non</strong></span> <span class='ocrx_word' id='word_1_309' title='bbox 1080 3258 1166 3303; x_wconf 91' lang='lat' dir='ltr'><strong>est</strong></span> <span class='ocrx_word' id='word_1_310' title='bbox 1195 3248 1498 3313; x_wconf 89' lang='lat' dir='ltr'><strong>revocatio,</strong></span> <span class='ocrx_word' id='word_1_311' title='bbox 1526 3263 1638 3301; x_wconf 91' lang='lat' dir='ltr'><strong>non</strong></span> <span class='ocrx_word' id='word_1_312' title='bbox 1670 3255 1757 3303; x_wconf 89' lang='lat' dir='ltr'><strong>est</strong></span> <span class='ocrx_word' id='word_1_313' title='bbox 1798 3246 2112 3302; x_wconf 88' lang='lat' dir='ltr'><strong>misericor-</strong></span> 
     </span>
    </p>
   </div>
   <div class='ocr_carea' id='block_1_51' title="bbox 537 3339 2108 3406">
    <p class='ocr_par' dir='ltr' id='par_1_51' title="bbox 537 3339 2108 3406">
     <span class='ocr_line' id='line_1_51' title="bbox 537 3339 2108 3406; baseline -0.005 -6"><span class='ocrx_word' id='word_1_314' title='bbox 537 3345 650 3406; x_wconf 77' lang='lat' dir='ltr'><strong>dia,</strong></span> <span class='ocrx_word' id='word_1_315' title='bbox 694 3358 802 3397; x_wconf 92' lang='lat' dir='ltr'><strong>non</strong></span> <span class='ocrx_word' id='word_1_316' title='bbox 825 3348 955 3398; x_wconf 89' lang='lat' dir='ltr'><strong>sunt</strong></span> <span class='ocrx_word' id='word_1_317' title='bbox 980 3339 1365 3396; x_wconf 87' lang='lat' dir='ltr'><strong>miserationes</strong></span> <span class='ocrx_word' id='word_1_318' title='bbox 1403 3357 1415 3393; x_wconf 88' lang='lat'><strong>:</strong></span> <span class='ocrx_word' id='word_1_319' title='bbox 1444 3339 1602 3395; x_wconf 88' lang='lat' dir='ltr'><strong>deest</strong></span> <span class='ocrx_word' id='word_1_320' title='bbox 1637 3339 1967 3403; x_wconf 87' lang='lat' dir='ltr'><strong>consolatio,</strong></span> <span class='ocrx_word' id='word_1_321' title='bbox 1998 3353 2108 3392; x_wconf 90' lang='lat' dir='ltr'><strong>non</strong></span> 
     </span>
    </p>
   </div>
   <div class='ocr_carea' id='block_1_52' title="bbox 538 3430 2111 3506">
    <p class='ocr_par' dir='ltr' id='par_1_52' title="bbox 538 3430 2111 3506">
     <span class='ocr_line' id='line_1_52' title="bbox 538 3430 2111 3506; baseline -0.006 -13"><span class='ocrx_word' id='word_1_322' title='bbox 538 3446 625 3495; x_wconf 88' lang='lat' dir='ltr'><strong>est</strong></span> <span class='ocrx_word' id='word_1_323' title='bbox 651 3434 1008 3506; x_wconf 84' lang='lat' dir='ltr'><strong>exspectatio,</strong></span> <span class='ocrx_word' id='word_1_324' title='bbox 1048 3433 1342 3489; x_wconf 88' lang='lat' dir='ltr'><strong>clementia</strong></span> <span class='ocrx_word' id='word_1_325' title='bbox 1371 3431 1563 3488; x_wconf 84' lang='lat' dir='ltr'><strong>deﬁcit</strong></span> <span class='ocrx_word' id='word_1_326' title='bbox 1598 3449 1612 3484; x_wconf 93' lang='lat'><strong>:</strong></span> <span class='ocrx_word' id='word_1_327' title='bbox 1660 3432 1811 3486; x_wconf 89' lang='lat' dir='ltr'><strong>nulla</strong></span> <span class='ocrx_word' id='word_1_328' title='bbox 1842 3431 1941 3485; x_wconf 89' lang='lat' dir='ltr'><strong>tibi</strong></span> <span class='ocrx_word' id='word_1_329' title='bbox 1970 3430 2111 3485; x_wconf 88' lang='lat' dir='ltr'><strong>resi-</strong></span> 
     </span>
    </p>
   </div>
   <div class='ocr_carea' id='block_1_53' title="bbox 540 3521 2112 3597">
    <p class='ocr_par' dir='ltr' id='par_1_53' title="bbox 540 3521 2112 3597">
     <span class='ocr_line' id='line_1_53' title="bbox 540 3521 2112 3597; baseline -0.006 -13"><span class='ocrx_word' id='word_1_330' title='bbox 540 3528 650 3584; x_wconf 80' lang='lat' dir='ltr'><strong>dua</strong></span> <span class='ocrx_word' id='word_1_331' title='bbox 690 3525 1002 3597; x_wconf 86' lang='lat' dir='ltr'><strong>benignitas</strong></span> <span class='ocrx_word' id='word_1_332' title='bbox 1062 3542 1075 3579; x_wconf 90' lang='lat'><strong>:</strong></span> <span class='ocrx_word' id='word_1_333' title='bbox 1132 3524 1284 3580; x_wconf 89' lang='lat' dir='ltr'><strong>nulla</strong></span> <span class='ocrx_word' id='word_1_334' title='bbox 1351 3522 1665 3581; x_wconf 67' lang='lat' dir='ltr'><strong>cruciandte</strong></span> <span class='ocrx_word' id='word_1_335' title='bbox 1728 3521 2112 3577; x_wconf 89' lang='lat' dir='ltr'><strong>misericordia</strong></span> 
     </span>
    </p>
   </div>
   <div class='ocr_carea' id='block_1_54' title="bbox 540 3616 1365 3690">
    <p class='ocr_par' dir='ltr' id='par_1_54' title="bbox 540 3616 1365 3690">
     <span class='ocr_line' id='line_1_54' title="bbox 540 3616 1365 3690; baseline -0.007 -14"><span class='ocrx_word' id='word_1_336' title='bbox 540 3626 786 3690; x_wconf 79' lang='lat' dir='ltr'><strong>superat,</strong></span> <span class='ocrx_word' id='word_1_337' title='bbox 821 3616 920 3672; x_wconf 90' lang='lat' dir='ltr'><strong>sed</strong></span> <span class='ocrx_word' id='word_1_338' title='bbox 946 3625 1154 3672; x_wconf 74' lang='lat' dir='ltr'><strong>aeterna</strong></span> <span class='ocrx_word' id='word_1_339' title='bbox 1180 3632 1365 3687; x_wconf 85' lang='lat' dir='ltr'><strong>poena.</strong></span> 
     </span>
    </p>
   </div>
   <div class='ocr_carea' id='block_1_55' title="bbox 608 3708 2111 3781">
    <p class='ocr_par' dir='ltr' id='par_1_55' title="bbox 608 3708 2111 3781">
     <span class='ocr_line' id='line_1_55' title="bbox 608 3708 2111 3781; baseline -0.005 -14"><span class='ocrx_word' id='word_1_340' title='bbox 608 3712 714 3781; x_wconf 85' lang='lat' dir='ltr'><strong>Qui</strong></span> <span class='ocrx_word' id='word_1_341' title='bbox 744 3712 860 3768; x_wconf 72' lang='lat' dir='ltr'><strong>hzec</strong></span> <span class='ocrx_word' id='word_1_342' title='bbox 888 3710 1200 3776; x_wconf 89' lang='lat' dir='ltr'><strong>audiamus,</strong></span> <span class='ocrx_word' id='word_1_343' title='bbox 1233 3724 1297 3765; x_wconf 90' lang='lat' dir='ltr'><strong>ac</strong></span> <span class='ocrx_word' id='word_1_344' title='bbox 1326 3724 1456 3763; x_wconf 89' lang='lat' dir='ltr'><strong>vera</strong></span> <span class='ocrx_word' id='word_1_345' title='bbox 1489 3708 1781 3764; x_wconf 90' lang='lat' dir='ltr'><strong>credamus</strong></span> <span class='ocrx_word' id='word_1_346' title='bbox 1819 3722 1962 3774; x_wconf 91' lang='lat' dir='ltr'><strong>esse,</strong></span> <span class='ocrx_word' id='word_1_347' title='bbox 2000 3722 2111 3762; x_wconf 87' lang='lat' dir='ltr'><strong>non</strong></span> 
     </span>
    </p>
   </div>
   <div class='ocr_carea' id='block_1_56' title="bbox 542 3800 2110 3871">
    <p class='ocr_par' dir='ltr' id='par_1_56' title="bbox 542 3800 2110 3871">
     <span class='ocr_line' id='line_1_56' title="bbox 542 3800 2110 3871; baseline -0.005 -9"><span class='ocrx_word' id='word_1_348' title='bbox 542 3806 775 3870; x_wconf 81' lang='lat' dir='ltr'><strong>fabulas,</strong></span> <span class='ocrx_word' id='word_1_349' title='bbox 800 3805 1221 3866; x_wconf 84' lang='lat' dir='ltr'><strong>contendamus,</strong></span> <span class='ocrx_word' id='word_1_350' title='bbox 1258 3812 1320 3857; x_wconf 91' lang='lat' dir='ltr'><strong>ut</strong></span> <span class='ocrx_word' id='word_1_351' title='bbox 1348 3810 1476 3857; x_wconf 89' lang='lat' dir='ltr'><strong>ante</strong></span> <span class='ocrx_word' id='word_1_352' title='bbox 1515 3802 1663 3856; x_wconf 90' lang='lat' dir='ltr'><strong>illam</strong></span> <span class='ocrx_word' id='word_1_353' title='bbox 1700 3801 1891 3855; x_wconf 89' lang='lat' dir='ltr'><strong>horam</strong></span> <span class='ocrx_word' id='word_1_354' title='bbox 1927 3800 2110 3871; x_wconf 88' lang='lat' dir='ltr'><strong>parati</strong></span> 
     </span>
    </p>
   </div>
   <div class='ocr_carea' id='block_1_57' title="bbox 541 3892 2111 3959">
    <p class='ocr_par' dir='ltr' id='par_1_57' title="bbox 541 3892 2111 3959">
     <span class='ocr_line' id='line_1_57' title="bbox 541 3892 2111 3959; baseline -0.005 -5"><span class='ocrx_word' id='word_1_355' title='bbox 541 3898 892 3954; x_wconf 79' lang='lat' dir='ltr'><strong>(xsistamus.</strong></span> <span class='ocrx_word' id='word_1_356' title='bbox 926 3894 1341 3952; x_wconf 90' lang='lat' dir='ltr'><strong>Consuetudine</strong></span> <span class='ocrx_word' id='word_1_357' title='bbox 1400 3894 1655 3949; x_wconf 88' lang='lat' dir='ltr'><strong>inolitum</strong></span> <span class='ocrx_word' id='word_1_358' title='bbox 1699 3900 1805 3958; x_wconf 91' lang='lat' dir='ltr'><strong>est,</strong></span> <span class='ocrx_word' id='word_1_359' title='bbox 1842 3892 1944 3959; x_wconf 88' lang='lat' dir='ltr'><strong>ais,</strong></span> <span class='ocrx_word' id='word_1_360' title='bbox 2000 3907 2111 3946; x_wconf 90' lang='lat' dir='ltr'><strong>non</strong></span> 
     </span>
    </p>
   </div>
   <div class='ocr_carea' id='block_1_58' title="bbox 544 3983 2113 4062">
    <p class='ocr_par' dir='ltr' id='par_1_58' title="bbox 544 3983 2113 4062">
     <span class='ocr_line' id='line_1_58' title="bbox 544 3983 2113 4062; baseline -0.006 -16"><span class='ocrx_word' id='word_1_361' title='bbox 544 4004 765 4062; x_wconf 72' lang='lat' dir='ltr'><strong>jossum</strong></span> <span class='ocrx_word' id='word_1_362' title='bbox 798 3986 1175 4057; x_wconf 72' lang='lat' dir='ltr'><strong>ptenitentiam</strong></span> <span class='ocrx_word' id='word_1_363' title='bbox 1201 4001 1381 4057; x_wconf 88' lang='lat' dir='ltr'><strong>agere.</strong></span> <span class='ocrx_word' id='word_1_364' title='bbox 1416 3985 1610 4040; x_wconf 83' lang='lat' dir='ltr'><strong>Nonne</strong></span> <span class='ocrx_word' id='word_1_365' title='bbox 1653 3983 1810 4039; x_wconf 86' lang='lat' dir='ltr'><strong>vides</strong></span> <span class='ocrx_word' id='word_1_366' title='bbox 1846 3983 2113 4040; x_wconf 85' lang='lat' dir='ltr'><strong>lactentes</strong></span> 
     </span>
    </p>
   </div>
   <div class='ocr_carea' id='block_1_59' title="bbox 543 4077 2114 4154">
    <p class='ocr_par' dir='ltr' id='par_1_59' title="bbox 543 4077 2114 4154">
     <span class='ocr_line' id='line_1_59' title="bbox 543 4077 2114 4154; baseline -0.004 -15"><span class='ocrx_word' id='word_1_367' title='bbox 543 4101 560 4154; x_wconf 88' lang='grc' dir='ltr'><strong>ι</strong></span> <span class='ocrx_word' id='word_1_368' title='bbox 582 4098 768 4148; x_wconf 86' lang='lat' dir='ltr'><strong>ueros,</strong></span> <span class='ocrx_word' id='word_1_369' title='bbox 795 4096 903 4152; x_wconf 89' lang='lat' dir='ltr'><strong>qua</strong></span> <span class='ocrx_word' id='word_1_370' title='bbox 928 4079 1190 4151; x_wconf 89' lang='lat' dir='ltr'><strong>paulatim</strong></span> <span class='ocrx_word' id='word_1_371' title='bbox 1229 4079 1442 4135; x_wconf 91' lang='lat' dir='ltr'><strong>ratione</strong></span> <span class='ocrx_word' id='word_1_372' title='bbox 1468 4078 1839 4133; x_wconf 90' lang='lat' dir='ltr'><strong>inhibeamus.</strong></span> <span class='ocrx_word' id='word_1_373' title='bbox 1864 4077 2114 4133; x_wconf 84' lang='lat' dir='ltr'><strong>Nolimus</strong></span> 
     </span>
    </p>
   </div>
   <div class='ocr_carea' id='block_1_60' title="bbox 546 4168 2112 4244">
    <p class='ocr_par' dir='ltr' id='par_1_60' title="bbox 546 4168 2112 4244">
     <span class='ocr_line' id='line_1_60' title="bbox 546 4168 2112 4244; baseline -0.004 -15"><span class='ocrx_word' id='word_1_374' title='bbox 546 4189 647 4230; x_wconf 90' lang='lat' dir='ltr'><strong>nos</strong></span> <span class='ocrx_word' id='word_1_375' title='bbox 696 4174 845 4244; x_wconf 90' lang='lat' dir='ltr'><strong>ipsos</strong></span> <span class='ocrx_word' id='word_1_376' title='bbox 889 4171 1169 4241; x_wconf 88' lang='lat' dir='ltr'><strong>decipere,</strong></span> <span class='ocrx_word' id='word_1_377' title='bbox 1197 4169 1415 4224; x_wconf 84' lang='lat' dir='ltr'><strong>fratres.</strong></span> <span class='ocrx_word' id='word_1_378' title='bbox 1439 4168 1719 4224; x_wconf 87' lang='lat' dir='ltr'><strong>Judicium</strong></span> <span class='ocrx_word' id='word_1_379' title='bbox 1752 4176 1858 4233; x_wconf 91' lang='lat' dir='ltr'><strong>est,</strong></span> <span class='ocrx_word' id='word_1_380' title='bbox 1907 4178 2112 4222; x_wconf 73' lang='lat' dir='ltr'><strong>:rterna</strong></span> 
     </span>
    </p>
   </div>
   <div class='ocr_carea' id='block_1_61' title="bbox 542 4259 2113 4334">
    <p class='ocr_par' dir='ltr' id='par_1_61' title="bbox 542 4259 2113 4334">
     <span class='ocr_line' id='line_1_61' title="bbox 542 4259 2113 4334; baseline -0.008 -10"><span class='ocrx_word' id='word_1_381' title='bbox 542 4265 845 4329; x_wconf 57' lang='lat' dir='ltr'><strong>cruciatio,</strong></span> <span class='ocrx_word' id='word_1_382' title='bbox 890 4263 1029 4334; x_wconf 82' lang='lat' dir='ltr'><strong>ignis</strong></span> <span class='ocrx_word' id='word_1_383' title='bbox 1062 4261 1547 4331; x_wconf 79' lang='lat' dir='ltr'><strong>inexstinguibilis,</strong></span> <span class='ocrx_word' id='word_1_384' title='bbox 1597 4259 1801 4314; x_wconf 83' lang='lat' dir='ltr'><strong>vermis</strong></span> <span class='ocrx_word' id='word_1_385' title='bbox 1832 4259 1948 4328; x_wconf 63' lang='lat' dir='ltr'><strong>:qui</strong></span> <span class='ocrx_word' id='word_1_386' title='bbox 2002 4274 2113 4313; x_wconf 90' lang='lat' dir='ltr'><strong>non</strong></span> 
     </span>
    </p>
   </div>
   <div class='ocr_carea' id='block_1_62' title="bbox 544 4349 2113 4422">
    <p class='ocr_par' dir='ltr' id='par_1_62' title="bbox 544 4349 2113 4422">
     <span class='ocr_line' id='line_1_62' title="bbox 544 4349 2113 4422; baseline -0.006 -10"><span class='ocrx_word' id='word_1_387' title='bbox 544 4356 768 4419; x_wconf 85' lang='lat' dir='ltr'><strong>dormit,</strong></span> <span class='ocrx_word' id='word_1_388' title='bbox 799 4362 1058 4417; x_wconf 86' lang='lat' dir='ltr'><strong>tartarus,</strong></span> <span class='ocrx_word' id='word_1_389' title='bbox 1079 4352 1337 4422; x_wconf 87' lang='lat' dir='ltr'><strong>ejulatus,</strong></span> <span class='ocrx_word' id='word_1_390' title='bbox 1357 4349 1822 4419; x_wconf 88' lang='lat' dir='ltr'><strong>quemadmodum</strong></span> <span class='ocrx_word' id='word_1_391' title='bbox 1855 4350 1911 4403; x_wconf 91' lang='lat' dir='ltr'><strong>in</strong></span> <span class='ocrx_word' id='word_1_392' title='bbox 1931 4349 2113 4404; x_wconf 82' lang='lat' dir='ltr'><strong>Evan-</strong></span> 
     </span>
    </p>
   </div>
   <div class='ocr_carea' id='block_1_63' title="bbox 544 4441 2109 4520">
    <p class='ocr_par' dir='ltr' id='par_1_63' title="bbox 544 4441 2109 4520">
     <span class='ocr_line' id='line_1_63' title="bbox 544 4441 2109 4520; baseline -0.004 -17"><span class='ocrx_word' id='word_1_393' title='bbox 544 4449 703 4520; x_wconf 69' lang='lat' dir='ltr'><strong>geliis</strong></span> <span class='ocrx_word' id='word_1_394' title='bbox 749 4445 1007 4510; x_wconf 90' lang='lat' dir='ltr'><strong>monuit,</strong></span> <span class='ocrx_word' id='word_1_395' title='bbox 1070 4460 1174 4498; x_wconf 89' lang='lat' dir='ltr'><strong>nec</strong></span> <span class='ocrx_word' id='word_1_396' title='bbox 1226 4443 1523 4513; x_wconf 87' lang='lat' dir='ltr'><strong>quidquam</strong></span> <span class='ocrx_word' id='word_1_397' title='bbox 1587 4441 1872 4507; x_wconf 90' lang='lat' dir='ltr'><strong>mentitur,</strong></span> <span class='ocrx_word' id='word_1_398' title='bbox 1927 4443 2109 4498; x_wconf 88' lang='lat' dir='ltr'><strong>absit:</strong></span> 
     </span>
    </p>
   </div>
   <div class='ocr_carea' id='block_1_64' title="bbox 2206 1966 3777 2040">
    <p class='ocr_par' dir='ltr' id='par_1_64' title="bbox 2206 1966 3777 2040">
     <span class='ocr_line' id='line_1_64' title="bbox 2206 1966 3777 2040; baseline -0.001 -19"><span class='ocrx_word' id='word_1_399' title='bbox 2206 1968 2395 2034; x_wconf 80' lang='grc' dir='ltr'>τάλας,</span> <span class='ocrx_word' id='word_1_400' title='bbox 2408 1969 2468 2021; x_wconf 90' lang='grc' dir='ltr'><strong>δυ</strong></span> <span class='ocrx_word' id='word_1_401' title='bbox 2476 1968 2788 2039; x_wconf 83' lang='grc' dir='ltr'>σωπήθητε,</span> <span class='ocrx_word' id='word_1_402' title='bbox 2808 1967 3131 2040; x_wconf 85' lang='grc' dir='ltr'>παρακαλῶ.</span> <span class='ocrx_word' id='word_1_403' title='bbox 3146 1966 3573 2039; x_wconf 84' lang='grc' dir='ltr'>Παρακλήθητε,</span> <span class='ocrx_word' id='word_1_404' title='bbox 3585 1967 3777 2037; x_wconf 75' lang='grc' dir='ltr'>δέομαι,</span> 
     </span>
    </p>
   </div>
   <div class='ocr_carea' id='block_1_65' title="bbox 2208 2056 3779 2131">
    <p class='ocr_par' dir='ltr' id='par_1_65' title="bbox 2208 2056 3779 2131">
     <span class='ocr_line' id='line_1_65' title="bbox 2208 2056 3779 2131; baseline -0.001 -19"><span class='ocrx_word' id='word_1_405' title='bbox 2208 2058 2340 2113; x_wconf 77' lang='grc' dir='ltr'>διότι</span> <span class='ocrx_word' id='word_1_406' title='bbox 2394 2059 2581 2125; x_wconf 82' lang='grc' dir='ltr'>κακῶς</span> <span class='ocrx_word' id='word_1_407' title='bbox 2612 2059 2704 2115; x_wconf 84' lang='grc' dir='ltr'><strong>τὸν</strong></span> <span class='ocrx_word' id='word_1_408' title='bbox 2745 2056 2940 2113; x_wconf 79' lang='grc' dir='ltr'>ἑαυτοῦ</span> <span class='ocrx_word' id='word_1_409' title='bbox 2990 2058 3105 2131; x_wconf 87' lang='grc' dir='ltr'>βίον</span> <span class='ocrx_word' id='word_1_410' title='bbox 3150 2058 3476 2130; x_wconf 81' lang='grc' dir='ltr'>ὲδαπὰνησα</span> <span class='ocrx_word' id='word_1_411' title='bbox 3526 2059 3620 2112; x_wconf 79' lang='grc' dir='ltr'><strong>καὶ</strong></span> <span class='ocrx_word' id='word_1_412' title='bbox 3666 2060 3779 2130; x_wconf 61' lang='lat' dir='ltr'><strong>avi;-</strong></span> 
     </span>
    </p>
   </div>
   <div class='ocr_carea' id='block_1_66' title="bbox 2208 2150 2378 2205">
    <p class='ocr_par' dir='ltr' id='par_1_66' title="bbox 2208 2150 2378 2205">
     <span class='ocr_line' id='line_1_66' title="bbox 2208 2150 2378 2205; baseline 0.006 -1"><span class='ocrx_word' id='word_1_413' title='bbox 2208 2150 2378 2205; x_wconf 83' lang='grc' dir='ltr'>λωσα.</span> 
     </span>
    </p>
   </div>
   <div class='ocr_carea' id='block_1_67' title="bbox 2279 2241 3776 2315">
    <p class='ocr_par' dir='ltr' id='par_1_67' title="bbox 2279 2241 3776 2315">
     <span class='ocr_line' id='line_1_67' title="bbox 2279 2241 3776 2315; baseline -0.001 -18"><span class='ocrx_word' id='word_1_414' title='bbox 2279 2243 2465 2299; x_wconf 89' lang='grc' dir='ltr'>Ταῦτα</span> <span class='ocrx_word' id='word_1_415' title='bbox 2492 2245 2623 2315; x_wconf 83' lang='grc' dir='ltr'>παρ’</span> <span class='ocrx_word' id='word_1_416' title='bbox 2650 2244 2807 2315; x_wconf 80' lang='grc' dir='ltr'>ἡμῶν</span> <span class='ocrx_word' id='word_1_417' title='bbox 2832 2244 2956 2298; x_wconf 84' lang='grc' dir='ltr'>τότε</span> <span class='ocrx_word' id='word_1_418' title='bbox 2984 2244 3274 2307; x_wconf 89' lang='grc' dir='ltr'>ἀκούοντες</span> <span class='ocrx_word' id='word_1_419' title='bbox 3320 2244 3372 2297; x_wconf 77' lang='lat' dir='ltr'><strong>el</strong></span> <span class='ocrx_word' id='word_1_420' title='bbox 3427 2242 3669 2311; x_wconf 82' lang='grc' dir='ltr'>ἄγγελοι,</span> <span class='ocrx_word' id='word_1_421' title='bbox 3701 2241 3776 2295; x_wconf 84' lang='grc' dir='ltr'><strong>λέ-</strong></span> 
     </span>
    </p>
   </div>
   <div class='ocr_carea' id='block_1_68' title="bbox 2210 2331 3779 2407">
    <p class='ocr_par' dir='ltr' id='par_1_68' title="bbox 2210 2331 3779 2407">
     <span class='ocr_line' id='line_1_68' title="bbox 2210 2331 3779 2407; baseline -0.003 -17"><span class='ocrx_word' id='word_1_422' title='bbox 2210 2353 2365 2406; x_wconf 79' lang='grc' dir='ltr'>γουσι</span> <span class='ocrx_word' id='word_1_423' title='bbox 2393 2336 2527 2407; x_wconf 77' lang='grc' dir='ltr'>πρὸς</span> <span class='ocrx_word' id='word_1_424' title='bbox 2556 2331 2803 2407; x_wconf 81' lang='grc' dir='ltr'><strong>ἡμᾶς-Ὦ</strong></span> <span class='ocrx_word' id='word_1_425' title='bbox 2832 2336 2995 2389; x_wconf 90' lang='grc' dir='ltr'>ἀθλία</span> <span class='ocrx_word' id='word_1_426' title='bbox 3016 2335 3183 2407; x_wconf 74' lang='grc' dir='ltr'>ψυχὴ,</span> <span class='ocrx_word' id='word_1_427' title='bbox 3210 2335 3396 2398; x_wconf 86' lang='grc' dir='ltr'>πάσας</span> <span class='ocrx_word' id='word_1_428' title='bbox 3418 2351 3517 2387; x_wconf 90' lang='grc' dir='ltr'><strong>σου</strong></span> <span class='ocrx_word' id='word_1_429' title='bbox 3547 2337 3643 2397; x_wconf 82' lang='grc' dir='ltr'><strong>τὰς</strong></span> <span class='ocrx_word' id='word_1_430' title='bbox 3660 2334 3779 2404; x_wconf 70' lang='grc' dir='ltr'>ἡμέε-</span> 
     </span>
    </p>
   </div>
   <div class='ocr_carea' id='block_1_69' title="bbox 2214 2424 3775 2500">
    <p class='ocr_par' dir='ltr' id='par_1_69' title="bbox 2214 2424 3775 2500">
     <span class='ocr_line' id='line_1_69' title="bbox 2214 2424 3775 2500; baseline -0.001 -19"><span class='ocrx_word' id='word_1_431' title='bbox 2214 2445 2310 2499; x_wconf 77' lang='grc' dir='ltr'><strong>ρας</strong></span> <span class='ocrx_word' id='word_1_432' title='bbox 2339 2429 2441 2481; x_wconf 89' lang='grc' dir='ltr'><strong>ποῦ</strong></span> <span class='ocrx_word' id='word_1_433' title='bbox 2470 2424 2566 2500; x_wconf 80' lang='grc' dir='ltr'>ἧς;</span> <span class='ocrx_word' id='word_1_434' title='bbox 2589 2428 2688 2482; x_wconf 87' lang='grc' dir='ltr'>Διά</span> <span class='ocrx_word' id='word_1_435' title='bbox 2717 2428 2771 2482; x_wconf 88' lang='grc' dir='ltr'><strong>τί</strong></span> <span class='ocrx_word' id='word_1_436' title='bbox 2804 2427 3122 2500; x_wconf 75' lang='grc' dir='ltr'>ἠμέλησαςς</span> <span class='ocrx_word' id='word_1_437' title='bbox 3154 2426 3278 2490; x_wconf 86' lang='grc' dir='ltr'><strong>Πῶς</strong></span> <span class='ocrx_word' id='word_1_438' title='bbox 3302 2427 3433 2499; x_wconf 79' lang='grc' dir='ltr'>ἄρτι</span> <span class='ocrx_word' id='word_1_439' title='bbox 3465 2428 3775 2497; x_wconf 82' lang='grc' dir='ltr'>μετανοῆσαι</span> 
     </span>
    </p>
   </div>
   <div class='ocr_carea' id='block_1_70' title="bbox 2212 2517 3776 2592">
    <p class='ocr_par' dir='ltr' id='par_1_70' title="bbox 2212 2517 3776 2592">
     <span class='ocr_line' id='line_1_70' title="bbox 2212 2517 3776 2592; baseline -0.003 -17"><span class='ocrx_word' id='word_1_440' title='bbox 2212 2522 2383 2585; x_wconf 78' lang='grc' dir='ltr'>θέλεις</span> <span class='ocrx_word' id='word_1_441' title='bbox 2403 2539 2419 2589; x_wconf 91' lang='grc'><strong>;</strong></span> <span class='ocrx_word' id='word_1_442' title='bbox 2444 2520 2546 2575; x_wconf 90' lang='grc' dir='ltr'><strong>Σοῦ</strong></span> <span class='ocrx_word' id='word_1_443' title='bbox 2582 2520 2770 2576; x_wconf 81' lang='grc' dir='ltr'>λοιπὸν</span> <span class='ocrx_word' id='word_1_444' title='bbox 2796 2523 2824 2575; x_wconf 84' lang='grc' dir='ltr'><strong>ὁ</strong></span> <span class='ocrx_word' id='word_1_445' title='bbox 2854 2520 3002 2592; x_wconf 80' lang='grc' dir='ltr'>ἥλιος</span> <span class='ocrx_word' id='word_1_446' title='bbox 3020 2519 3225 2574; x_wconf 70' lang='grc' dir='ltr'>ἔδυσεν.</span> <span class='ocrx_word' id='word_1_447' title='bbox 3246 2517 3347 2572; x_wconf 91' lang='grc' dir='ltr'><strong>Σοῦ</strong></span> <span class='ocrx_word' id='word_1_448' title='bbox 3368 2519 3401 2571; x_wconf 83' lang='grc' dir='ltr'>ὁ</span> <span class='ocrx_word' id='word_1_449' title='bbox 3425 2517 3616 2589; x_wconf 83' lang='grc' dir='ltr'>χρόνος</span> <span class='ocrx_word' id='word_1_450' title='bbox 3639 2519 3776 2572; x_wconf 86' lang='grc' dir='ltr'>τετέ-</span> 
     </span>
    </p>
   </div>
   <div class='ocr_carea' id='block_1_71' title="bbox 2209 2610 3775 2686">
    <p class='ocr_par' dir='ltr' id='par_1_71' title="bbox 2209 2610 3775 2686">
     <span class='ocr_line' id='line_1_71' title="bbox 2209 2610 3775 2686; baseline 0 -23"><span class='ocrx_word' id='word_1_451' title='bbox 2209 2613 2415 2669; x_wconf 85' lang='grc' dir='ltr'>λεσται.</span> <span class='ocrx_word' id='word_1_452' title='bbox 2442 2613 2544 2667; x_wconf 91' lang='grc' dir='ltr'>Σοῦ</span> <span class='ocrx_word' id='word_1_453' title='bbox 2570 2614 2668 2684; x_wconf 82' lang='grc' dir='ltr'>τῆς</span> <span class='ocrx_word' id='word_1_454' title='bbox 2697 2614 2948 2686; x_wconf 79' lang='grc' dir='ltr'>ἀκάρπου</span> <span class='ocrx_word' id='word_1_455' title='bbox 2975 2612 3238 2684; x_wconf 80' lang='grc' dir='ltr'>ήὲκτομὴ</span> <span class='ocrx_word' id='word_1_456' title='bbox 3273 2610 3535 2680; x_wconf 76' lang='grc' dir='ltr'>ἔφθασεν.</span> <span class='ocrx_word' id='word_1_457' title='bbox 3579 2611 3634 2664; x_wconf 82' lang='grc'><strong>’0</strong></span> <span class='ocrx_word' id='word_1_458' title='bbox 3662 2612 3775 2674; x_wconf 76' lang='grc' dir='ltr'>Θεὸς</span> 
     </span>
    </p>
   </div>
   <div class='ocr_carea' id='block_1_72' title="bbox 2212 2701 3772 2776">
    <p class='ocr_par' dir='ltr' id='par_1_72' title="bbox 2212 2701 3772 2776">
     <span class='ocr_line' id='line_1_72' title="bbox 2212 2701 3772 2776; baseline -0.003 -18"><span class='ocrx_word' id='word_1_459' title='bbox 2212 2706 2494 2759; x_wconf 77' lang='grc' dir='ltr'>ἐκέλευσεν</span> <span class='ocrx_word' id='word_1_460' title='bbox 2516 2722 2531 2739; x_wconf 89' lang='grc'><strong>·</strong></span> <span class='ocrx_word' id='word_1_461' title='bbox 2555 2706 2639 2770; x_wconf 90' lang='grc' dir='ltr'><strong>τίς</strong></span> <span class='ocrx_word' id='word_1_462' title='bbox 2662 2706 2722 2759; x_wconf 84' lang='grc' dir='ltr'><strong>τδ</strong></span> <span class='ocrx_word' id='word_1_463' title='bbox 2756 2707 3013 2776; x_wconf 84' lang='grc' dir='ltr'>ποτήριον</span> <span class='ocrx_word' id='word_1_464' title='bbox 3040 2703 3381 2775; x_wconf 77' lang='grc' dir='ltr'>ἀποστρέψαι</span> <span class='ocrx_word' id='word_1_465' title='bbox 3409 2720 3507 2755; x_wconf 86' lang='grc' dir='ltr'><strong>σου</strong></span> <span class='ocrx_word' id='word_1_466' title='bbox 3539 2701 3772 2763; x_wconf 81' lang='grc' dir='ltr'>δύναταις</span> 
     </span>
    </p>
   </div>
   <div class='ocr_carea' id='block_1_73' title="bbox 2209 2791 3773 2867">
    <p class='ocr_par' dir='ltr' id='par_1_73' title="bbox 2209 2791 3773 2867">
     <span class='ocr_line' id='line_1_73' title="bbox 2209 2791 3773 2867; baseline -0.003 -17"><span class='ocrx_word' id='word_1_467' title='bbox 2209 2791 2281 2850; x_wconf 83' lang='grc' dir='ltr'><strong><em>Ὦ</em></strong></span> <span class='ocrx_word' id='word_1_468' title='bbox 2328 2797 2578 2865; x_wconf 84' lang='grc' dir='ltr'>τάλαινα,</span> <span class='ocrx_word' id='word_1_469' title='bbox 2609 2796 2791 2865; x_wconf 77' lang='grc' dir='ltr'>ἔξελθε</span> <span class='ocrx_word' id='word_1_470' title='bbox 2840 2796 2979 2866; x_wconf 88' lang='grc' dir='ltr'><strong>μετά</strong></span> <span class='ocrx_word' id='word_1_471' title='bbox 3027 2794 3325 2867; x_wconf 77' lang='grc' dir='ltr'>αἰσχύνης·</span> <span class='ocrx_word' id='word_1_472' title='bbox 3373 2794 3617 2867; x_wconf 80' lang='grc' dir='ltr'>χωρίζου</span> <span class='ocrx_word' id='word_1_473' title='bbox 3671 2792 3773 2865; x_wconf 82' lang='grc' dir='ltr'>μετ’</span> 
     </span>
    </p>
   </div>
   <div class='ocr_carea' id='block_1_74' title="bbox 2211 2885 3772 2960">
    <p class='ocr_par' dir='ltr' id='par_1_74' title="bbox 2211 2885 3772 2960">
     <span class='ocr_line' id='line_1_74' title="bbox 2211 2885 3772 2960; baseline -0.003 -19"><span class='ocrx_word' id='word_1_474' title='bbox 2211 2889 2422 2960; x_wconf 83' lang='grc' dir='ltr'>ὀδύνης.</span> <span class='ocrx_word' id='word_1_475' title='bbox 2469 2888 2659 2959; x_wconf 84' lang='grc' dir='ltr'>Δεῦρο,</span> <span class='ocrx_word' id='word_1_476' title='bbox 2713 2887 3074 2953; x_wconf 78' lang='grc' dir='ltr'>κσταδικάζου</span> <span class='ocrx_word' id='word_1_477' title='bbox 3105 2889 3165 2941; x_wconf 83' lang='grc' dir='ltr'>ὲν</span> <span class='ocrx_word' id='word_1_478' title='bbox 3222 2888 3355 2959; x_wconf 73' lang='grc' dir='ltr'>πυρὶ</span> <span class='ocrx_word' id='word_1_479' title='bbox 3386 2886 3616 2956; x_wconf 82' lang='grc' dir='ltr'>αἰωνίῳ.</span> <span class='ocrx_word' id='word_1_480' title='bbox 3647 2885 3772 2937; x_wconf 82' lang='grc' dir='ltr'>κατὰ</span> 
     </span>
    </p>
   </div>
   <div class='ocr_carea' id='block_1_75' title="bbox 2222 2976 3771 3050">
    <p class='ocr_par' dir='ltr' id='par_1_75' title="bbox 2222 2976 3771 3050">
     <span class='ocr_line' id='line_1_75' title="bbox 2222 2976 3771 3050; baseline -0.001 -18"><span class='ocrx_word' id='word_1_481' title='bbox 2222 2982 2321 3050; x_wconf 76' lang='grc' dir='ltr'>τὴν</span> <span class='ocrx_word' id='word_1_482' title='bbox 2355 2980 2583 3044; x_wconf 78' lang='grc' dir='ltr'>ἀταξίαν</span> <span class='ocrx_word' id='word_1_483' title='bbox 2608 2997 2722 3045; x_wconf 91' lang='grc' dir='ltr'>σου,</span> <span class='ocrx_word' id='word_1_484' title='bbox 2741 2980 2836 3034; x_wconf 78' lang='grc' dir='ltr'>καὶ</span> <span class='ocrx_word' id='word_1_485' title='bbox 2865 2978 3008 3034; x_wconf 83' lang='grc' dir='ltr'>κατὰ</span> <span class='ocrx_word' id='word_1_486' title='bbox 3026 2979 3126 3043; x_wconf 81' lang='grc' dir='ltr'>τὰς</span> <span class='ocrx_word' id='word_1_487' title='bbox 3152 2979 3379 3050; x_wconf 81' lang='grc' dir='ltr'>πράξεις</span> <span class='ocrx_word' id='word_1_488' title='bbox 3409 2995 3530 3032; x_wconf 87' lang='grc' dir='ltr'>σου.</span> <span class='ocrx_word' id='word_1_489' title='bbox 3556 2976 3771 3048; x_wconf 69' lang='grc' dir='ltr'>Οὐδεμία</span> 
     </span>
    </p>
   </div>
   <div class='ocr_carea' id='block_1_76' title="bbox 2214 3069 3772 3141">
    <p class='ocr_par' dir='ltr' id='par_1_76' title="bbox 2214 3069 3772 3141">
     <span class='ocr_line' id='line_1_76' title="bbox 2214 3069 3772 3141; baseline -0.001 -18"><span class='ocrx_word' id='word_1_490' title='bbox 2214 3088 2307 3124; x_wconf 84' lang='grc' dir='ltr'><strong>σου</strong></span> <span class='ocrx_word' id='word_1_491' title='bbox 2328 3070 2514 3124; x_wconf 81' lang='grc' dir='ltr'>λοιπὸν</span> <span class='ocrx_word' id='word_1_492' title='bbox 2536 3071 2710 3134; x_wconf 74' lang='grc' dir='ltr'>ἐλπίς.</span> <span class='ocrx_word' id='word_1_493' title='bbox 2754 3071 2869 3125; x_wconf 86' lang='grc' dir='ltr'>Ούκ</span> <span class='ocrx_word' id='word_1_494' title='bbox 2921 3070 3039 3124; x_wconf 78' lang='grc' dir='ltr'>ἔστι</span> <span class='ocrx_word' id='word_1_495' title='bbox 3085 3070 3367 3141; x_wconf 82' lang='grc' dir='ltr'>σωτηρία·</span> <span class='ocrx_word' id='word_1_496' title='bbox 3408 3070 3514 3122; x_wconf 70' lang='grc' dir='ltr'><strong>οὐκ</strong></span> <span class='ocrx_word' id='word_1_497' title='bbox 3556 3069 3661 3121; x_wconf 79' lang='grc' dir='ltr'>ἔστι</span> <span class='ocrx_word' id='word_1_498' title='bbox 3688 3083 3772 3137; x_wconf 84' lang='grc' dir='ltr'>με·</span> 
     </span>
    </p>
   </div>
   <div class='ocr_carea' id='block_1_77' title="bbox 2212 3158 3771 3232">
    <p class='ocr_par' dir='ltr' id='par_1_77' title="bbox 2212 3158 3771 3232">
     <span class='ocr_line' id='line_1_77' title="bbox 2212 3158 3771 3232; baseline -0.003 -17"><span class='ocrx_word' id='word_1_499' title='bbox 2212 3164 2430 3217; x_wconf 85' lang='grc' dir='ltr'>τάνοια·</span> <span class='ocrx_word' id='word_1_500' title='bbox 2465 3164 2567 3216; x_wconf 78' lang='grc' dir='ltr'><strong>οὐκ</strong></span> <span class='ocrx_word' id='word_1_501' title='bbox 2621 3162 2769 3216; x_wconf 79' lang='grc' dir='ltr'>ἔστιν</span> <span class='ocrx_word' id='word_1_502' title='bbox 2794 3161 3091 3232; x_wconf 80' lang='grc' dir='ltr'>ἀνάκλησις</span> <span class='ocrx_word' id='word_1_503' title='bbox 3115 3177 3129 3192; x_wconf 96' lang='grc'><strong>·</strong></span> <span class='ocrx_word' id='word_1_504' title='bbox 3163 3161 3263 3215; x_wconf 89' lang='grc' dir='ltr'><strong>ούκ</strong></span> <span class='ocrx_word' id='word_1_505' title='bbox 3309 3160 3464 3215; x_wconf 82' lang='grc' dir='ltr'>ἔστιν</span> <span class='ocrx_word' id='word_1_506' title='bbox 3486 3160 3658 3223; x_wconf 77' lang='grc' dir='ltr'>ἕλεος·</span> <span class='ocrx_word' id='word_1_507' title='bbox 3686 3158 3771 3212; x_wconf 71' lang='grc' dir='ltr'>οὑκ</span> 
     </span>
    </p>
   </div>
   <div class='ocr_carea' id='block_1_78' title="bbox 2212 3250 3771 3326">
    <p class='ocr_par' dir='ltr' id='par_1_78' title="bbox 2212 3250 3771 3326">
     <span class='ocr_line' id='line_1_78' title="bbox 2212 3250 3771 3326; baseline -0.004 -18"><span class='ocrx_word' id='word_1_508' title='bbox 2212 3256 2350 3308; x_wconf 74' lang='grc' dir='ltr'>εἰσὶν</span> <span class='ocrx_word' id='word_1_509' title='bbox 2382 3256 2683 3325; x_wconf 77' lang='grc' dir='ltr'>οἰκτιρμοί·</span> <span class='ocrx_word' id='word_1_510' title='bbox 2722 3256 2823 3309; x_wconf 84' lang='grc' dir='ltr'><strong>ούκ</strong></span> <span class='ocrx_word' id='word_1_511' title='bbox 2871 3254 3019 3326; x_wconf 77' lang='grc' dir='ltr'>ἔχεις</span> <span class='ocrx_word' id='word_1_512' title='bbox 3070 3252 3473 3325; x_wconf 80' lang='grc' dir='ltr'>παραμυθίαν·</span> <span class='ocrx_word' id='word_1_513' title='bbox 3525 3252 3621 3305; x_wconf 72' lang='grc' dir='ltr'><strong>οὐκ</strong></span> <span class='ocrx_word' id='word_1_514' title='bbox 3645 3250 3771 3302; x_wconf 76' lang='grc' dir='ltr'>ἔστιν</span> 
     </span>
    </p>
   </div>
   <div class='ocr_carea' id='block_1_79' title="bbox 2212 3341 3768 3418">
    <p class='ocr_par' dir='ltr' id='par_1_79' title="bbox 2212 3341 3768 3418">
     <span class='ocr_line' id='line_1_79' title="bbox 2212 3341 3768 3418; baseline -0.004 -18"><span class='ocrx_word' id='word_1_515' title='bbox 2212 3346 2453 3418; x_wconf 79' lang='grc' dir='ltr'>ἂναμονή</span> <span class='ocrx_word' id='word_1_516' title='bbox 2475 3363 2490 3378; x_wconf 87' lang='grc'><strong>·</strong></span> <span class='ocrx_word' id='word_1_517' title='bbox 2518 3348 2620 3400; x_wconf 77' lang='grc' dir='ltr'><strong>οὐκ</strong></span> <span class='ocrx_word' id='word_1_518' title='bbox 2647 3346 2792 3417; x_wconf 75' lang='grc' dir='ltr'>ἔχεις</span> <span class='ocrx_word' id='word_1_519' title='bbox 2813 3345 3226 3416; x_wconf 79' lang='grc' dir='ltr'>φιλανρθωπίαν</span> <span class='ocrx_word' id='word_1_520' title='bbox 3245 3359 3260 3375; x_wconf 93' lang='grc'><strong>·</strong></span> <span class='ocrx_word' id='word_1_521' title='bbox 3289 3343 3387 3397; x_wconf 81' lang='grc' dir='ltr'><strong>οὐκ</strong></span> <span class='ocrx_word' id='word_1_522' title='bbox 3422 3342 3542 3395; x_wconf 80' lang='grc' dir='ltr'>ἔστι</span> <span class='ocrx_word' id='word_1_523' title='bbox 3568 3359 3645 3395; x_wconf 92' lang='grc' dir='ltr'><strong>σοι</strong></span> <span class='ocrx_word' id='word_1_524' title='bbox 3675 3341 3768 3394; x_wconf 83' lang='grc' dir='ltr'>λοι-</span> 
     </span>
    </p>
   </div>
   <div class='ocr_carea' id='block_1_80' title="bbox 2212 3432 3767 3512">
    <p class='ocr_par' dir='ltr' id='par_1_80' title="bbox 2212 3432 3767 3512">
     <span class='ocr_line' id='line_1_80' title="bbox 2212 3432 3767 3512; baseline -0.005 -20"><span class='ocrx_word' id='word_1_525' title='bbox 2212 3438 2315 3492; x_wconf 80' lang='grc' dir='ltr'><strong>πὸν</strong></span> <span class='ocrx_word' id='word_1_526' title='bbox 2337 3438 2717 3512; x_wconf 82' lang='grc' dir='ltr'>φιλανθρωπία</span> <span class='ocrx_word' id='word_1_527' title='bbox 2739 3454 2754 3470; x_wconf 95' lang='grc'><strong>·</strong></span> <span class='ocrx_word' id='word_1_528' title='bbox 2778 3440 2879 3493; x_wconf 79' lang='grc' dir='ltr'><strong>οὐκ</strong></span> <span class='ocrx_word' id='word_1_529' title='bbox 2916 3436 3063 3492; x_wconf 78' lang='grc' dir='ltr'>ἔστιν</span> <span class='ocrx_word' id='word_1_530' title='bbox 3092 3453 3175 3490; x_wconf 91' lang='grc' dir='ltr'><strong>σοι</strong></span> <span class='ocrx_word' id='word_1_531' title='bbox 3202 3435 3387 3489; x_wconf 77' lang='grc' dir='ltr'>λοιπὸν</span> <span class='ocrx_word' id='word_1_532' title='bbox 3419 3432 3767 3503; x_wconf 81' lang='grc' dir='ltr'>εῦσπλαγχνία</span> 
     </span>
    </p>
   </div>
   <div class='ocr_carea' id='block_1_81' title="bbox 2214 3528 3274 3603">
    <p class='ocr_par' dir='ltr' id='par_1_81' title="bbox 2214 3528 3274 3603">
     <span class='ocr_line' id='line_1_81' title="bbox 2214 3528 3274 3603; baseline -0.003 -18"><span class='ocrx_word' id='word_1_533' title='bbox 2214 3530 2575 3603; x_wconf 75' lang='grc' dir='ltr'>κολαζομένη,</span> <span class='ocrx_word' id='word_1_534' title='bbox 2609 3531 2743 3586; x_wconf 79' lang='grc' dir='ltr'>ἀλλὰ</span> <span class='ocrx_word' id='word_1_535' title='bbox 2774 3530 2991 3595; x_wconf 84' lang='grc' dir='ltr'>αἰώνιος</span> <span class='ocrx_word' id='word_1_536' title='bbox 3012 3528 3274 3601; x_wconf 85' lang='grc' dir='ltr'>τιμωρία.</span> 
     </span>
    </p>
   </div>
   <div class='ocr_carea' id='block_1_82' title="bbox 2287 3701 3764 3780">
    <p class='ocr_par' dir='ltr' id='par_1_82' title="bbox 2287 3701 3764 3780">
     <span class='ocr_line' id='line_1_82' title="bbox 2287 3701 3764 3780; baseline -0.003 -16"><span class='ocrx_word' id='word_1_537' title='bbox 2287 3709 2473 3764; x_wconf 84' lang='grc' dir='ltr'>Ταῦτα</span> <span class='ocrx_word' id='word_1_538' title='bbox 2504 3708 2855 3774; x_wconf 86' lang='grc' dir='ltr'>ἀκούσαντες,</span> <span class='ocrx_word' id='word_1_539' title='bbox 2886 3710 2982 3765; x_wconf 77' lang='grc' dir='ltr'>καὶ</span> <span class='ocrx_word' id='word_1_540' title='bbox 3027 3709 3379 3774; x_wconf 73' lang='grc' dir='ltr'>πιστεύοντες</span> <span class='ocrx_word' id='word_1_541' title='bbox 3410 3707 3589 3780; x_wconf 79' lang='grc' dir='ltr'>ἀληθῆ</span> <span class='ocrx_word' id='word_1_542' title='bbox 3625 3701 3764 3771; x_wconf 73' lang='grc' dir='ltr'>εἶναι,</span> 
     </span>
    </p>
   </div>
   <div class='ocr_carea' id='block_1_83' title="bbox 2215 3800 3765 3873">
    <p class='ocr_par' dir='ltr' id='par_1_83' title="bbox 2215 3800 3765 3873">
     <span class='ocr_line' id='line_1_83' title="bbox 2215 3800 3765 3873; baseline -0.003 -17"><span class='ocrx_word' id='word_1_543' title='bbox 2215 3803 2310 3856; x_wconf 73' lang='grc' dir='ltr'>καὶ</span> <span class='ocrx_word' id='word_1_544' title='bbox 2329 3802 2389 3855; x_wconf 89' lang='grc' dir='ltr'><strong>ού</strong></span> <span class='ocrx_word' id='word_1_545' title='bbox 2417 3801 2641 3872; x_wconf 90' lang='grc' dir='ltr'>μύθους,</span> <span class='ocrx_word' id='word_1_546' title='bbox 2691 3800 3110 3873; x_wconf 81' lang='grc' dir='ltr'>ἀγωνισώμεθα,</span> <span class='ocrx_word' id='word_1_547' title='bbox 3144 3803 3250 3873; x_wconf 79' lang='grc' dir='ltr'><strong>πρὸ</strong></span> <span class='ocrx_word' id='word_1_548' title='bbox 3272 3802 3371 3872; x_wconf 85' lang='grc' dir='ltr'>τῆς</span> <span class='ocrx_word' id='word_1_549' title='bbox 3399 3801 3553 3873; x_wconf 82' lang='grc' dir='ltr'>ὥρας</span> <span class='ocrx_word' id='word_1_550' title='bbox 3582 3801 3765 3869; x_wconf 78' lang='grc' dir='ltr'>ἐκείνης</span> 
     </span>
    </p>
   </div>
   <div class='ocr_carea' id='block_1_84' title="bbox 2216 3889 3767 3965">
    <p class='ocr_par' dir='ltr' id='par_1_84' title="bbox 2216 3889 3767 3965">
     <span class='ocr_line' id='line_1_84' title="bbox 2216 3889 3767 3965; baseline -0.002 -17"><span class='ocrx_word' id='word_1_551' title='bbox 2216 3889 2351 3948; x_wconf 74' lang='grc' dir='ltr'>εἶναι</span> <span class='ocrx_word' id='word_1_552' title='bbox 2379 3894 2606 3965; x_wconf 74' lang='grc' dir='ltr'>ἕτοιμοι.</span> <span class='ocrx_word' id='word_1_553' title='bbox 2643 3894 3002 3965; x_wconf 79' lang='grc' dir='ltr'>Σεσυνήθικα,</span> <span class='ocrx_word' id='word_1_554' title='bbox 3027 3894 3123 3949; x_wconf 75' lang='grc' dir='ltr'><strong>καὶ</strong></span> <span class='ocrx_word' id='word_1_555' title='bbox 3166 3894 3226 3948; x_wconf 84' lang='grc' dir='ltr'><strong>ού</strong></span> <span class='ocrx_word' id='word_1_556' title='bbox 3256 3893 3499 3963; x_wconf 88' lang='grc' dir='ltr'>δύναμαι</span> <span class='ocrx_word' id='word_1_557' title='bbox 3537 3892 3767 3964; x_wconf 83' lang='grc' dir='ltr'>μετανοῆ-</span> 
     </span>
    </p>
   </div>
   <div class='ocr_carea' id='block_1_85' title="bbox 2219 3986 3761 4059">
    <p class='ocr_par' dir='ltr' id='par_1_85' title="bbox 2219 3986 3761 4059">
     <span class='ocr_line' id='line_1_85' title="bbox 2219 3986 3761 4059; baseline -0.003 -18"><span class='ocrx_word' id='word_1_558' title='bbox 2219 4004 2330 4041; x_wconf 88' lang='grc' dir='ltr'>σαι.</span> <span class='ocrx_word' id='word_1_559' title='bbox 2393 3988 2504 4057; x_wconf 84' lang='grc' dir='ltr'><strong>Οὐχ</strong></span> <span class='ocrx_word' id='word_1_560' title='bbox 2537 3988 2669 4059; x_wconf 72' lang='grc' dir='ltr'>ὁρᾷς</span> <span class='ocrx_word' id='word_1_561' title='bbox 2698 3986 2768 4041; x_wconf 77' lang='grc' dir='ltr'>τὰ</span> <span class='ocrx_word' id='word_1_562' title='bbox 2797 3988 2969 4057; x_wconf 86' lang='grc' dir='ltr'>νήπια</span> <span class='ocrx_word' id='word_1_563' title='bbox 3009 3986 3081 4040; x_wconf 81' lang='grc' dir='ltr'>τὰ</span> <span class='ocrx_word' id='word_1_564' title='bbox 3113 3986 3368 4055; x_wconf 76' lang='grc' dir='ltr'>θηλάζειν</span> <span class='ocrx_word' id='word_1_565' title='bbox 3400 3986 3761 4056; x_wconf 83' lang='grc' dir='ltr'>συνηθίσαντα,</span> 
     </span>
    </p>
   </div>
   <div class='ocr_carea' id='block_1_86' title="bbox 2218 4077 3763 4151">
    <p class='ocr_par' dir='ltr' id='par_1_86' title="bbox 2218 4077 3763 4151">
     <span class='ocr_line' id='line_1_86' title="bbox 2218 4077 3763 4151; baseline -0.001 -20"><span class='ocrx_word' id='word_1_566' title='bbox 2218 4078 2335 4142; x_wconf 82' lang='grc' dir='ltr'><strong>πῶς</strong></span> <span class='ocrx_word' id='word_1_567' title='bbox 2370 4078 2510 4131; x_wconf 80' lang='grc' dir='ltr'>κατὰ</span> <span class='ocrx_word' id='word_1_568' title='bbox 2549 4079 2744 4149; x_wconf 77' lang='grc' dir='ltr'>μικρὸν</span> <span class='ocrx_word' id='word_1_569' title='bbox 2792 4078 3205 4149; x_wconf 73' lang='grc' dir='ltr'>ἀνακόπτομενς</span> <span class='ocrx_word' id='word_1_570' title='bbox 3262 4079 3335 4151; x_wconf 82' lang='grc' dir='ltr'>μὴ</span> <span class='ocrx_word' id='word_1_571' title='bbox 3396 4077 3763 4150; x_wconf 86' lang='grc' dir='ltr'>πλανηθῶμεν,</span> 
     </span>
    </p>
   </div>
   <div class='ocr_carea' id='block_1_87' title="bbox 2216 4164 3766 4240">
    <p class='ocr_par' dir='ltr' id='par_1_87' title="bbox 2216 4164 3766 4240">
     <span class='ocr_line' id='line_1_87' title="bbox 2216 4164 3766 4240; baseline -0.003 -17"><span class='ocrx_word' id='word_1_572' title='bbox 2216 4168 2456 4238; x_wconf 80' lang='grc' dir='ltr'>ἀδελφοί.</span> <span class='ocrx_word' id='word_1_573' title='bbox 2504 4168 2702 4240; x_wconf 84' lang='grc' dir='ltr'>Κρίσις</span> <span class='ocrx_word' id='word_1_574' title='bbox 2752 4166 2933 4220; x_wconf 76' lang='grc' dir='ltr'>ἐστίν·</span> <span class='ocrx_word' id='word_1_575' title='bbox 2988 4167 3208 4230; x_wconf 86' lang='grc' dir='ltr'>κόλασις</span> <span class='ocrx_word' id='word_1_576' title='bbox 3271 4168 3490 4233; x_wconf 78' lang='grc' dir='ltr'>αίωνία,</span> <span class='ocrx_word' id='word_1_577' title='bbox 3533 4169 3622 4221; x_wconf 81' lang='grc' dir='ltr'><strong>καὶ</strong></span> <span class='ocrx_word' id='word_1_578' title='bbox 3674 4164 3766 4235; x_wconf 81' lang='grc' dir='ltr'><strong>πῦρ</strong></span> 
     </span>
    </p>
   </div>
   <div class='ocr_carea' id='block_1_88' title="bbox 2216 4257 3767 4330">
    <p class='ocr_par' dir='ltr' id='par_1_88' title="bbox 2216 4257 3767 4330">
     <span class='ocr_line' id='line_1_88' title="bbox 2216 4257 3767 4330; baseline -0.004 -16"><span class='ocrx_word' id='word_1_579' title='bbox 2216 4260 2499 4328; x_wconf 74' lang='grc' dir='ltr'>ἄσϐεστον,</span> <span class='ocrx_word' id='word_1_580' title='bbox 2530 4260 2625 4314; x_wconf 79' lang='grc' dir='ltr'>καὶ</span> <span class='ocrx_word' id='word_1_581' title='bbox 2661 4257 2874 4330; x_wconf 80' lang='grc' dir='ltr'>σκώληξ</span> <span class='ocrx_word' id='word_1_582' title='bbox 2901 4258 3219 4329; x_wconf 78' lang='grc' dir='ltr'>ἀκοίμητος,</span> <span class='ocrx_word' id='word_1_583' title='bbox 3252 4262 3344 4312; x_wconf 67' lang='grc' dir='ltr'><strong>καὶ</strong></span> <span class='ocrx_word' id='word_1_584' title='bbox 3377 4262 3662 4330; x_wconf 73' lang='grc' dir='ltr'>τάρταρος,</span> <span class='ocrx_word' id='word_1_585' title='bbox 3688 4257 3767 4310; x_wconf 77' lang='grc' dir='ltr'>καὶ</span> 
     </span>
    </p>
   </div>
   <div class='ocr_carea' id='block_1_89' title="bbox 2218 4349 3765 4422">
    <p class='ocr_par' dir='ltr' id='par_1_89' title="bbox 2218 4349 3765 4422">
     <span class='ocr_line' id='line_1_89' title="bbox 2218 4349 3765 4422; baseline 0 -18"><span class='ocrx_word' id='word_1_586' title='bbox 2218 4351 2481 4422; x_wconf 79' lang='grc' dir='ltr'>βρυγμὸς,</span> <span class='ocrx_word' id='word_1_587' title='bbox 2512 4351 2606 4404; x_wconf 76' lang='grc' dir='ltr'>καὶ</span> <span class='ocrx_word' id='word_1_588' title='bbox 2628 4351 2922 4420; x_wconf 77' lang='grc' dir='ltr'>κλαυθμὸς,</span> <span class='ocrx_word' id='word_1_589' title='bbox 2942 4349 3016 4413; x_wconf 77' lang='grc' dir='ltr'>ὡς</span> <span class='ocrx_word' id='word_1_590' title='bbox 3047 4352 3076 4404; x_wconf 80' lang='grc' dir='ltr'><strong>ὁ</strong></span> <span class='ocrx_word' id='word_1_591' title='bbox 3105 4350 3304 4421; x_wconf 83' lang='grc' dir='ltr'>Κύριος</span> <span class='ocrx_word' id='word_1_592' title='bbox 3330 4352 3387 4403; x_wconf 80' lang='grc' dir='ltr'>ὲν</span> <span class='ocrx_word' id='word_1_593' title='bbox 3415 4353 3530 4414; x_wconf 83' lang='grc' dir='ltr'>τοῖς</span> <span class='ocrx_word' id='word_1_594' title='bbox 3551 4350 3765 4417; x_wconf 55' lang='lat' dir='ltr'><strong>Edam-</strong></span> 
     </span>
    </p>
   </div>
   <div class='ocr_carea' id='block_1_90' title="bbox 2217 4438 3765 4514">
    <p class='ocr_par' dir='ltr' id='par_1_90' title="bbox 2217 4438 3765 4514">
     <span class='ocr_line' id='line_1_90' title="bbox 2217 4438 3765 4514; baseline -0.001 -19"><span class='ocrx_word' id='word_1_595' title='bbox 2217 4443 2351 4507; x_wconf 84' lang='grc' dir='ltr'>λίοις</span> <span class='ocrx_word' id='word_1_596' title='bbox 2371 4443 2773 4514; x_wconf 68' lang='grc' dir='ltr'>ἐμνημόνευσεν</span> <span class='ocrx_word' id='word_1_597' title='bbox 2791 4459 2804 4471; x_wconf 89' lang='grc'><strong>·</strong></span> <span class='ocrx_word' id='word_1_598' title='bbox 2843 4443 2935 4495; x_wconf 80' lang='grc' dir='ltr'><strong>καὶ</strong></span> <span class='ocrx_word' id='word_1_599' title='bbox 2968 4442 3028 4495; x_wconf 85' lang='grc' dir='ltr'><strong>ού</strong></span> <span class='ocrx_word' id='word_1_600' title='bbox 3050 4441 3321 4512; x_wconf 80' lang='grc' dir='ltr'>ψεύδεται,</span> <span class='ocrx_word' id='word_1_601' title='bbox 3364 4441 3440 4513; x_wconf 82' lang='grc' dir='ltr'>μὴ</span> <span class='ocrx_word' id='word_1_602' title='bbox 3463 4443 3681 4512; x_wconf 78' lang='grc' dir='ltr'>γένοιτο.</span> <span class='ocrx_word' id='word_1_603' title='bbox 3711 4438 3765 4491; x_wconf 87' lang='lat'><strong>&#39;0</strong></span> 
     </span>
    </p>
   </div>
   <div class='ocr_carea' id='block_1_91' title="bbox 544 4526 2110 4604">
    <p class='ocr_par' dir='ltr' id='par_1_91' title="bbox 544 4532 2110 4602">
     <span class='ocr_line' id='line_1_91' title="bbox 544 4532 2110 4602; baseline -0.002 -11"><span class='ocrx_word' id='word_1_604' title='bbox 544 4533 746 4593; x_wconf 66' lang='lat' dir='ltr'><strong>Caium</strong></span> <span class='ocrx_word' id='word_1_605' title='bbox 792 4533 962 4595; x_wconf 81' lang='lat' dir='ltr'><strong>enim,</strong></span> <span class='ocrx_word' id='word_1_606' title='bbox 1007 4532 1205 4602; x_wconf 89' lang='lat' dir='ltr'><strong>inquit,</strong></span> <span class='ocrx_word' id='word_1_607' title='bbox 1255 4541 1302 4585; x_wconf 81' lang='lat' dir='ltr'><strong>et</strong></span> <span class='ocrx_word' id='word_1_608' title='bbox 1351 4541 1495 4586; x_wconf 81' lang='lat' dir='ltr'><strong>terra</strong></span> <span class='ocrx_word' id='word_1_609' title='bbox 1546 4533 1880 4599; x_wconf 77' lang='lat' dir='ltr'><strong>transibunt,</strong></span> <span class='ocrx_word' id='word_1_610' title='bbox 1958 4535 2110 4588; x_wconf 84' lang='lat' dir='ltr'><strong>verba</strong></span> 
     </span>
    </p>
   </div>
   <div class='ocr_carea' id='block_1_92' title="bbox 2211 4526 3764 4604">
    <p class='ocr_par' dir='ltr' id='par_1_92' title="bbox 2221 4529 3764 4604">
     <span class='ocr_line' id='line_1_92' title="bbox 2221 4529 3764 4604; baseline -0.003 -18"><span class='ocrx_word' id='word_1_611' title='bbox 2221 4534 2329 4602; x_wconf 84' lang='grc' dir='ltr'>γὰρ</span> <span class='ocrx_word' id='word_1_612' title='bbox 2370 4533 2649 4603; x_wconf 78' lang='grc' dir='ltr'>οὐρανὸς,</span> <span class='ocrx_word' id='word_1_613' title='bbox 2687 4533 2872 4604; x_wconf 68' lang='grc' dir='ltr'>φησιν,</span> <span class='ocrx_word' id='word_1_614' title='bbox 2909 4534 3005 4588; x_wconf 76' lang='grc' dir='ltr'><strong>καί</strong></span> <span class='ocrx_word' id='word_1_615' title='bbox 3034 4534 3073 4601; x_wconf 78' lang='grc' dir='ltr'>ἡ</span> <span class='ocrx_word' id='word_1_616' title='bbox 3120 4531 3199 4601; x_wconf 73' lang='grc' dir='ltr'><strong><em>τῇ</em></strong></span> <span class='ocrx_word' id='word_1_617' title='bbox 3239 4535 3690 4603; x_wconf 76' lang='grc' dir='ltr'>παρελεύσεται·</span> <span class='ocrx_word' id='word_1_618' title='bbox 3719 4529 3764 4583; x_wconf 73' lang='grc' dir='ltr'>οἱ</span> 
     </span>
    </p>
   </div>
   <div class='ocr_carea' id='block_1_93' title="bbox 545 4625 2114 4698">
    <p class='ocr_par' dir='ltr' id='par_1_93' title="bbox 545 4625 2114 4698">
     <span class='ocr_line' id='line_1_93' title="bbox 545 4625 2114 4698; baseline -0.001 -15"><span class='ocrx_word' id='word_1_619' title='bbox 545 4637 721 4683; x_wconf 76' lang='lat' dir='ltr'><strong>autem</strong></span> <span class='ocrx_word' id='word_1_620' title='bbox 757 4644 872 4682; x_wconf 88' lang='lat' dir='ltr'><strong>mea</strong></span> <span class='ocrx_word' id='word_1_621' title='bbox 916 4642 1016 4681; x_wconf 83' lang='lat' dir='ltr'><strong>non</strong></span> <span class='ocrx_word' id='word_1_622' title='bbox 1048 4626 1491 4697; x_wconf 62' lang='lat' dir='ltr'><strong>prwtcribunt‘”.</strong></span> <span class='ocrx_word' id='word_1_623' title='bbox 1528 4625 1654 4681; x_wconf 56' lang='lat' dir='ltr'><strong>llaec</strong></span> <span class='ocrx_word' id='word_1_624' title='bbox 1703 4628 1844 4698; x_wconf 87' lang='lat' dir='ltr'><strong>ejus,</strong></span> <span class='ocrx_word' id='word_1_625' title='bbox 1898 4627 2114 4691; x_wconf 81' lang='lat' dir='ltr'><strong>fratres,</strong></span> 
     </span>
    </p>
   </div>
   <div class='ocr_carea' id='block_1_94' title="bbox 546 4717 2113 4788">
    <p class='ocr_par' dir='ltr' id='par_1_94' title="bbox 546 4717 2113 4788">
     <span class='ocr_line' id='line_1_94' title="bbox 546 4717 2113 4788; baseline 0 -15"><span class='ocrx_word' id='word_1_626' title='bbox 546 4718 906 4774; x_wconf 82' lang='lat' dir='ltr'><strong>formidolosa</strong></span> <span class='ocrx_word' id='word_1_627' title='bbox 953 4717 1163 4782; x_wconf 89' lang='lat' dir='ltr'><strong>verba,</strong></span> <span class='ocrx_word' id='word_1_628' title='bbox 1211 4717 1667 4788; x_wconf 89' lang='lat' dir='ltr'><strong>tremendamque</strong></span> <span class='ocrx_word' id='word_1_629' title='bbox 1708 4718 1855 4772; x_wconf 89' lang='lat' dir='ltr'><strong>illam</strong></span> <span class='ocrx_word' id='word_1_630' title='bbox 1899 4719 2113 4785; x_wconf 90' lang='lat' dir='ltr'><strong>boram,</strong></span> 
     </span>
    </p>
   </div>
   <div class='ocr_carea' id='block_1_95' title="bbox 544 4808 2111 4880">
    <p class='ocr_par' dir='ltr' id='par_1_95' title="bbox 544 4808 2111 4880">
     <span class='ocr_line' id='line_1_95' title="bbox 544 4808 2111 4880; baseline 0.001 -16"><span class='ocrx_word' id='word_1_631' title='bbox 544 4826 712 4880; x_wconf 87' lang='lat' dir='ltr'><strong>quam</strong></span> <span class='ocrx_word' id='word_1_632' title='bbox 753 4809 1014 4875; x_wconf 79' lang='lat' dir='ltr'><strong>diximus,</strong></span> <span class='ocrx_word' id='word_1_633' title='bbox 1054 4808 1169 4879; x_wconf 86' lang='lat' dir='ltr'><strong>jugi</strong></span> <span class='ocrx_word' id='word_1_634' title='bbox 1200 4808 1467 4864; x_wconf 86' lang='lat' dir='ltr'><strong>memoria</strong></span> <span class='ocrx_word' id='word_1_635' title='bbox 1504 4818 1824 4875; x_wconf 89' lang='lat' dir='ltr'><strong>teneamus;</strong></span> <span class='ocrx_word' id='word_1_636' title='bbox 1858 4826 2111 4880; x_wconf 83' lang='lat' dir='ltr'><strong>vespere,</strong></span> 
     </span>
    </p>
   </div>
   <div class='ocr_carea' id='block_1_96' title="bbox 545 4898 2113 4969">
    <p class='ocr_par' dir='ltr' id='par_1_96' title="bbox 545 4898 2113 4969">
     <span class='ocr_line' id='line_1_96' title="bbox 545 4898 2113 4969; baseline 0.001 -14"><span class='ocrx_word' id='word_1_637' title='bbox 545 4916 729 4965; x_wconf 90' lang='lat' dir='ltr'><strong>mane,</strong></span> <span class='ocrx_word' id='word_1_638' title='bbox 762 4899 1030 4965; x_wconf 87' lang='lat' dir='ltr'><strong>meridie;</strong></span> <span class='ocrx_word' id='word_1_639' title='bbox 1061 4900 1117 4954; x_wconf 91' lang='lat' dir='ltr'><strong>in</strong></span> <span class='ocrx_word' id='word_1_640' title='bbox 1161 4898 1301 4965; x_wconf 80' lang='lat' dir='ltr'><strong>foro,</strong></span> <span class='ocrx_word' id='word_1_641' title='bbox 1332 4899 1388 4954; x_wconf 91' lang='lat' dir='ltr'><strong>in</strong></span> <span class='ocrx_word' id='word_1_642' title='bbox 1412 4899 1669 4963; x_wconf 90' lang='lat' dir='ltr'><strong>ecclesia,</strong></span> <span class='ocrx_word' id='word_1_643' title='bbox 1706 4899 1763 4953; x_wconf 92' lang='lat' dir='ltr'><strong>in</strong></span> <span class='ocrx_word' id='word_1_644' title='bbox 1815 4911 2113 4969; x_wconf 88' lang='lat' dir='ltr'><strong>conventu,</strong></span> 
     </span>
    </p>
   </div>
   <div class='ocr_carea' id='block_1_97' title="bbox 547 4990 2122 5060">
    <p class='ocr_par' dir='ltr' id='par_1_97' title="bbox 547 4990 2122 5060">
     <span class='ocr_line' id='line_1_97' title="bbox 547 4990 2122 5060; baseline 0.001 -15"><span class='ocrx_word' id='word_1_645' title='bbox 547 4992 605 5045; x_wconf 89' lang='lat' dir='ltr'><strong>in</strong></span> <span class='ocrx_word' id='word_1_646' title='bbox 637 4990 803 5055; x_wconf 84' lang='lat' dir='ltr'><strong>lectu,</strong></span> <span class='ocrx_word' id='word_1_647' title='bbox 837 4991 894 5045; x_wconf 92' lang='lat' dir='ltr'><strong>in</strong></span> <span class='ocrx_word' id='word_1_648' title='bbox 925 4991 1152 5057; x_wconf 88' lang='lat' dir='ltr'><strong>balneo;</strong></span> <span class='ocrx_word' id='word_1_649' title='bbox 1197 4991 1254 5045; x_wconf 91' lang='lat' dir='ltr'><strong>in</strong></span> <span class='ocrx_word' id='word_1_650' title='bbox 1302 5005 1492 5045; x_wconf 87' lang='lat' dir='ltr'><strong>mensa</strong></span> <span class='ocrx_word' id='word_1_651' title='bbox 1534 4990 1859 5060; x_wconf 91' lang='lat' dir='ltr'><strong>cumprimis</strong></span> <span class='ocrx_word' id='word_1_652' title='bbox 1889 4992 2122 5047; x_wconf 84' lang='lat' dir='ltr'><strong>laudan-</strong></span> 
     </span>
    </p>
   </div>
   <div class='ocr_carea' id='block_1_98' title="bbox 548 5081 2115 5151">
    <p class='ocr_par' dir='ltr' id='par_1_98' title="bbox 548 5081 2115 5151">
     <span class='ocr_line' id='line_1_98' title="bbox 548 5081 2115 5151; baseline 0.003 -17"><span class='ocrx_word' id='word_1_653' title='bbox 548 5089 652 5146; x_wconf 89' lang='lat' dir='ltr'><strong>tes,</strong></span> <span class='ocrx_word' id='word_1_654' title='bbox 689 5096 759 5136; x_wconf 89' lang='lat' dir='ltr'><strong>ne</strong></span> <span class='ocrx_word' id='word_1_655' title='bbox 786 5096 953 5150; x_wconf 90' lang='lat' dir='ltr'><strong>supra</strong></span> <span class='ocrx_word' id='word_1_656' title='bbox 983 5082 1204 5136; x_wconf 89' lang='lat' dir='ltr'><strong>modum</strong></span> <span class='ocrx_word' id='word_1_657' title='bbox 1242 5082 1458 5137; x_wconf 91' lang='lat' dir='ltr'><strong>deliciis</strong></span> <span class='ocrx_word' id='word_1_658' title='bbox 1514 5081 1919 5151; x_wconf 82' lang='lat' dir='ltr'><strong>indulgeamus.</strong></span> <span class='ocrx_word' id='word_1_659' title='bbox 1962 5084 2115 5138; x_wconf 86' lang='lat' dir='ltr'><strong>Nun-</strong></span> 
     </span>
    </p>
   </div>
   <div class='ocr_carea' id='block_1_99' title="bbox 548 5170 2119 5241">
    <p class='ocr_par' dir='ltr' id='par_1_99' title="bbox 548 5170 2119 5241">
     <span class='ocr_line' id='line_1_99' title="bbox 548 5170 2119 5241; baseline 0.004 -18"><span class='ocrx_word' id='word_1_660' title='bbox 548 5184 713 5239; x_wconf 88' lang='lat' dir='ltr'><strong>quam</strong></span> <span class='ocrx_word' id='word_1_661' title='bbox 758 5170 878 5241; x_wconf 84' lang='lat' dir='ltr'><strong>ejus</strong></span> <span class='ocrx_word' id='word_1_662' title='bbox 919 5185 1022 5225; x_wconf 88' lang='lat' dir='ltr'><strong>nos</strong></span> <span class='ocrx_word' id='word_1_663' title='bbox 1083 5170 1288 5227; x_wconf 87' lang='lat' dir='ltr'><strong>oblivio</strong></span> <span class='ocrx_word' id='word_1_664' title='bbox 1329 5171 1532 5241; x_wconf 87' lang='lat' dir='ltr'><strong>capiat.</strong></span> <span class='ocrx_word' id='word_1_665' title='bbox 1583 5172 1677 5226; x_wconf 90' lang='lat' dir='ltr'><strong>Ait</strong></span> <span class='ocrx_word' id='word_1_666' title='bbox 1730 5175 1881 5228; x_wconf 88' lang='lat' dir='ltr'><strong>enim</strong></span> <span class='ocrx_word' id='word_1_667' title='bbox 1933 5173 2119 5230; x_wconf 87' lang='lat' dir='ltr'><strong>divina</strong></span> 
     </span>
    </p>
   </div>
   <div class='ocr_carea' id='block_1_100' title="bbox 549 5259 2121 5329">
    <p class='ocr_par' dir='ltr' id='par_1_100' title="bbox 549 5259 2121 5329">
     <span class='ocr_line' id='line_1_100' title="bbox 549 5259 2121 5329; baseline 0.003 -15"><span class='ocrx_word' id='word_1_668' title='bbox 549 5259 833 5329; x_wconf 73' lang='lat' dir='ltr'><strong>Scriptura</strong></span> <span class='ocrx_word' id='word_1_669' title='bbox 859 5279 872 5314; x_wconf 89' lang='lat'><strong>:</strong></span> <span class='ocrx_word' id='word_1_670' title='bbox 896 5259 1192 5315; x_wconf 83' lang='lat' dir='ltr'><strong>Memorare</strong></span> <span class='ocrx_word' id='word_1_671' title='bbox 1225 5262 1505 5317; x_wconf 81' lang='lat' dir='ltr'><strong>novissima</strong></span> <span class='ocrx_word' id='word_1_672' title='bbox 1538 5272 1652 5329; x_wconf 79' lang='lat' dir='ltr'><strong>tua,</strong></span> <span class='ocrx_word' id='word_1_673' title='bbox 1690 5275 1737 5318; x_wconf 80' lang='lat' dir='ltr'><strong>et</strong></span> <span class='ocrx_word' id='word_1_674' title='bbox 1779 5267 1835 5320; x_wconf 78' lang='lat' dir='ltr'><strong>in</strong></span> <span class='ocrx_word' id='word_1_675' title='bbox 1865 5272 2121 5319; x_wconf 80' lang='lat' dir='ltr'><strong>wternum</strong></span> 
     </span>
    </p>
   </div>
   <div class='ocr_carea' id='block_1_101' title="bbox 548 5350 1006 5421">
    <p class='ocr_par' dir='ltr' id='par_1_101' title="bbox 548 5350 1006 5421">
     <span class='ocr_line' id='line_1_101' title="bbox 548 5350 1006 5421; baseline 0.002 -17"><span class='ocrx_word' id='word_1_676' title='bbox 548 5366 653 5404; x_wconf 80' lang='lat' dir='ltr'><strong>non</strong></span> <span class='ocrx_word' id='word_1_677' title='bbox 688 5350 918 5421; x_wconf 78' lang='lat' dir='ltr'><strong>peccabis</strong></span> <span class='ocrx_word' id='word_1_678' title='bbox 936 5353 1006 5405; x_wconf 78' lang='grc' dir='ltr'><strong>⁸ο.</strong></span> 
     </span>
    </p>
   </div>
   <div class='ocr_carea' id='block_1_102' title="bbox 622 5441 2121 5518">
    <p class='ocr_par' dir='ltr' id='par_1_102' title="bbox 622 5441 2121 5518">
     <span class='ocr_line' id='line_1_102' title="bbox 622 5441 2121 5518; baseline 0.005 -21"><span class='ocrx_word' id='word_1_679' title='bbox 622 5441 822 5513; x_wconf 87' lang='lat' dir='ltr'><strong>Utique</strong></span> <span class='ocrx_word' id='word_1_680' title='bbox 850 5459 983 5499; x_wconf 90' lang='lat' dir='ltr'><strong>vero</strong></span> <span class='ocrx_word' id='word_1_681' title='bbox 1017 5444 1287 5514; x_wconf 89' lang='lat' dir='ltr'><strong>tantisper</strong></span> <span class='ocrx_word' id='word_1_682' title='bbox 1310 5460 1413 5517; x_wconf 87' lang='lat' dir='ltr'><strong>ego</strong></span> <span class='ocrx_word' id='word_1_683' title='bbox 1445 5445 1721 5518; x_wconf 90' lang='lat' dir='ltr'><strong>Sapientis</strong></span> <span class='ocrx_word' id='word_1_684' title='bbox 1754 5449 1986 5505; x_wconf 86' lang='lat' dir='ltr'><strong>verbum</strong></span> <span class='ocrx_word' id='word_1_685' title='bbox 2015 5449 2121 5505; x_wconf 91' lang='lat' dir='ltr'><strong>im-</strong></span> 
     </span>
    </p>
   </div>
   <div class='ocr_carea' id='block_1_103' title="bbox 550 5534 2121 5606">
    <p class='ocr_par' dir='ltr' id='par_1_103' title="bbox 550 5534 2121 5606">
     <span class='ocr_line' id='line_1_103' title="bbox 550 5534 2121 5606; baseline 0.008 -20"><span class='ocrx_word' id='word_1_686' title='bbox 550 5541 793 5599; x_wconf 85' lang='lat' dir='ltr'><strong>mutans,</strong></span> <span class='ocrx_word' id='word_1_687' title='bbox 835 5534 1015 5590; x_wconf 88' lang='lat' dir='ltr'><strong>dicam</strong></span> <span class='ocrx_word' id='word_1_688' title='bbox 1050 5554 1063 5590; x_wconf 91' lang='lat'><strong>:</strong></span> <span class='ocrx_word' id='word_1_689' title='bbox 1099 5536 1396 5603; x_wconf 77' lang='lat' dir='ltr'><strong>Memento,</strong></span> <span class='ocrx_word' id='word_1_690' title='bbox 1443 5554 1477 5594; x_wconf 90' lang='grc' dir='ltr'><strong>ο</strong></span> <span class='ocrx_word' id='word_1_691' title='bbox 1532 5540 1718 5606; x_wconf 86' lang='lat' dir='ltr'><strong>homo,</strong></span> <span class='ocrx_word' id='word_1_692' title='bbox 1753 5541 1985 5597; x_wconf 85' lang='lat' dir='ltr'><strong>fratrum</strong></span> <span class='ocrx_word' id='word_1_693' title='bbox 2016 5559 2121 5599; x_wconf 84' lang='lat' dir='ltr'><strong>no-</strong></span> 
     </span>
    </p>
   </div>
   <div class='ocr_carea' id='block_1_104' title="bbox 549 5626 2119 5703">
    <p class='ocr_par' dir='ltr' id='par_1_104' title="bbox 549 5626 2119 5703">
     <span class='ocr_line' id='line_1_104' title="bbox 549 5626 2119 5703; baseline 0.006 -22"><span class='ocrx_word' id='word_1_694' title='bbox 549 5633 790 5681; x_wconf 76' lang='lat' dir='ltr'><strong>atrorum</strong></span> <span class='ocrx_word' id='word_1_695' title='bbox 821 5626 915 5696; x_wconf 89' lang='lat' dir='ltr'><strong>qui</strong></span> <span class='ocrx_word' id='word_1_696' title='bbox 948 5627 1002 5681; x_wconf 92' lang='lat' dir='ltr'><strong>in</strong></span> <span class='ocrx_word' id='word_1_697' title='bbox 1035 5630 1350 5698; x_wconf 80' lang='lat' dir='ltr'><strong>captivitate</strong></span> <span class='ocrx_word' id='word_1_698' title='bbox 1393 5630 1621 5703; x_wconf 85' lang='lat' dir='ltr'><strong>degunt.</strong></span> <span class='ocrx_word' id='word_1_699' title='bbox 1665 5642 1722 5689; x_wconf 94' lang='lat' dir='ltr'><strong>et</strong></span> <span class='ocrx_word' id='word_1_700' title='bbox 1764 5632 1822 5687; x_wconf 91' lang='lat' dir='ltr'><strong>in</strong></span> <span class='ocrx_word' id='word_1_701' title='bbox 1851 5642 2119 5690; x_wconf 67' lang='lat' dir='ltr'><strong>azternum</strong></span> 
     </span>
    </p>
   </div>
   <div class='ocr_carea' id='block_1_105' title="bbox 624 5801 1824 5877">
    <p class='ocr_par' dir='ltr' id='par_1_105' title="bbox 624 5801 1824 5877">
     <span class='ocr_line' id='line_1_105' title="bbox 624 5801 1824 5877; baseline 0.007 -21"><span class='ocrx_word' id='word_1_702' title='bbox 624 5801 686 5833; x_wconf 76' lang='lat'><strong>“‘</strong></span> <span class='ocrx_word' id='word_1_703' title='bbox 733 5801 922 5859; x_wconf 78' lang='lat' dir='ltr'><strong>Matth.</strong></span> <span class='ocrx_word' id='word_1_704' title='bbox 990 5821 1135 5871; x_wconf 71' lang='lat' dir='ltr'><strong>xxxv,</strong></span> <span class='ocrx_word' id='word_1_705' title='bbox 1198 5806 1286 5863; x_wconf 76' lang='lat'><strong>55.</strong></span> <span class='ocrx_word' id='word_1_706' title='bbox 1361 5809 1406 5841; x_wconf 83' lang='grc' dir='ltr'><strong>⁸ο</strong></span> <span class='ocrx_word' id='word_1_707' title='bbox 1438 5808 1608 5867; x_wconf 87' lang='lat' dir='ltr'><strong>Eccli.</strong></span> <span class='ocrx_word' id='word_1_708' title='bbox 1647 5827 1737 5877; x_wconf 86' lang='lat' dir='ltr'><strong>vn,</strong></span> <span class='ocrx_word' id='word_1_709' title='bbox 1772 5811 1824 5866; x_wconf 62' lang='grc' dir='ltr'><strong>ί.</strong></span> 
     </span>
    </p>
   </div>
   <div class='ocr_carea' id='block_1_106' title="bbox 2222 4620 3763 4694">
    <p class='ocr_par' dir='ltr' id='par_1_106' title="bbox 2222 4620 3763 4694">
     <span class='ocr_line' id='line_1_106' title="bbox 2222 4620 3763 4694; baseline -0.004 -16"><span class='ocrx_word' id='word_1_710' title='bbox 2222 4624 2291 4678; x_wconf 86' lang='grc' dir='ltr'>δὲ</span> <span class='ocrx_word' id='word_1_711' title='bbox 2319 4625 2490 4694; x_wconf 78' lang='grc' dir='ltr'>λόγοι</span> <span class='ocrx_word' id='word_1_712' title='bbox 2512 4642 2633 4694; x_wconf 83' lang='grc' dir='ltr'><strong>μου</strong></span> <span class='ocrx_word' id='word_1_713' title='bbox 2667 4625 2742 4679; x_wconf 86' lang='grc' dir='ltr'>οὐ</span> <span class='ocrx_word' id='word_1_714' title='bbox 2764 4623 2849 4694; x_wconf 78' lang='grc' dir='ltr'>μὴ</span> <span class='ocrx_word' id='word_1_715' title='bbox 2880 4623 3280 4692; x_wconf 74' lang='grc' dir='ltr'>παρέλθωσιν.</span> <span class='ocrx_word' id='word_1_716' title='bbox 3332 4622 3552 4676; x_wconf 84' lang='grc' dir='ltr'>Τούτων</span> <span class='ocrx_word' id='word_1_717' title='bbox 3601 4620 3763 4685; x_wconf 76' lang='grc' dir='ltr'>αὐτοῦ,</span> 
     </span>
    </p>
   </div>
   <div class='ocr_carea' id='block_1_107' title="bbox 2221 4713 3764 4787">
    <p class='ocr_par' dir='ltr' id='par_1_107' title="bbox 2221 4713 3764 4787">
     <span class='ocr_line' id='line_1_107' title="bbox 2221 4713 3764 4787; baseline -0.001 -19"><span class='ocrx_word' id='word_1_718' title='bbox 2221 4714 2460 4783; x_wconf 76' lang='grc' dir='ltr'>ἀδελφοὶ,</span> <span class='ocrx_word' id='word_1_719' title='bbox 2483 4715 2591 4770; x_wconf 91' lang='grc' dir='ltr'><strong>τῶν</strong></span> <span class='ocrx_word' id='word_1_720' title='bbox 2626 4714 2868 4784; x_wconf 67' lang='grc' dir='ltr'>φοϐερῶν</span> <span class='ocrx_word' id='word_1_721' title='bbox 2901 4714 3093 4783; x_wconf 85' lang='grc' dir='ltr'>λόγων,</span> <span class='ocrx_word' id='word_1_722' title='bbox 3128 4716 3223 4769; x_wconf 67' lang='grc' dir='ltr'><strong>καὶ</strong></span> <span class='ocrx_word' id='word_1_723' title='bbox 3246 4715 3349 4785; x_wconf 78' lang='grc' dir='ltr'><strong>τῆς</strong></span> <span class='ocrx_word' id='word_1_724' title='bbox 3382 4715 3612 4787; x_wconf 79' lang='grc' dir='ltr'>φρικτῆς</span> <span class='ocrx_word' id='word_1_725' title='bbox 3640 4713 3764 4784; x_wconf 80' lang='grc' dir='ltr'>ὥρας</span> 
     </span>
    </p>
   </div>
   <div class='ocr_carea' id='block_1_108' title="bbox 2220 4805 3766 4881">
    <p class='ocr_par' dir='ltr' id='par_1_108' title="bbox 2220 4805 3766 4881">
     <span class='ocr_line' id='line_1_108' title="bbox 2220 4805 3766 4881; baseline -0.003 -19"><span class='ocrx_word' id='word_1_726' title='bbox 2220 4809 2436 4880; x_wconf 77' lang='grc' dir='ltr'>ἐκείνης</span> <span class='ocrx_word' id='word_1_727' title='bbox 2470 4808 2573 4878; x_wconf 82' lang='grc' dir='ltr'><strong>τῆς</strong></span> <span class='ocrx_word' id='word_1_728' title='bbox 2605 4807 3010 4881; x_wconf 79' lang='grc' dir='ltr'>προειρημένης</span> <span class='ocrx_word' id='word_1_729' title='bbox 3046 4808 3132 4861; x_wconf 83' lang='grc' dir='ltr'><strong>διὰ</strong></span> <span class='ocrx_word' id='word_1_730' title='bbox 3167 4808 3381 4868; x_wconf 82' lang='grc' dir='ltr'>πάντως</span> <span class='ocrx_word' id='word_1_731' title='bbox 3410 4805 3766 4879; x_wconf 77' lang='grc' dir='ltr'>μνημονεύσω-</span> 
     </span>
    </p>
   </div>
   <div class='ocr_carea' id='block_1_109' title="bbox 2217 4895 3759 4970">
    <p class='ocr_par' dir='ltr' id='par_1_109' title="bbox 2217 4895 3759 4970">
     <span class='ocr_line' id='line_1_109' title="bbox 2217 4895 3759 4970; baseline -0.001 -18"><span class='ocrx_word' id='word_1_732' title='bbox 2217 4915 2336 4970; x_wconf 90' lang='grc' dir='ltr'>μεν·</span> <span class='ocrx_word' id='word_1_733' title='bbox 2373 4900 2432 4953; x_wconf 76' lang='grc' dir='ltr'>ὲν</span> <span class='ocrx_word' id='word_1_734' title='bbox 2449 4899 2680 4970; x_wconf 77' lang='grc' dir='ltr'>ἑσπέρᾳ,</span> <span class='ocrx_word' id='word_1_735' title='bbox 2705 4898 2801 4952; x_wconf 79' lang='grc' dir='ltr'>καὶ</span> <span class='ocrx_word' id='word_1_736' title='bbox 2833 4897 2999 4970; x_wconf 80' lang='grc' dir='ltr'>πρωῒ,</span> <span class='ocrx_word' id='word_1_737' title='bbox 3034 4899 3129 4953; x_wconf 77' lang='grc' dir='ltr'><strong>καὶ</strong></span> <span class='ocrx_word' id='word_1_738' title='bbox 3152 4898 3490 4969; x_wconf 74' lang='grc' dir='ltr'>μεσημϐρία·</span> <span class='ocrx_word' id='word_1_739' title='bbox 3515 4899 3573 4951; x_wconf 82' lang='grc' dir='ltr'>ἐν</span> <span class='ocrx_word' id='word_1_740' title='bbox 3590 4895 3759 4966; x_wconf 78' lang='grc' dir='ltr'>ἀγορᾷ,</span> 
     </span>
    </p>
   </div>
   <div class='ocr_carea' id='block_1_110' title="bbox 2215 4988 3763 5061">
    <p class='ocr_par' dir='ltr' id='par_1_110' title="bbox 2215 4988 3763 5061">
     <span class='ocr_line' id='line_1_110' title="bbox 2215 4988 3763 5061; baseline -0.005 -18"><span class='ocrx_word' id='word_1_741' title='bbox 2215 4992 2271 5043; x_wconf 84' lang='grc' dir='ltr'>ὲν</span> <span class='ocrx_word' id='word_1_742' title='bbox 2291 4989 2574 5060; x_wconf 69' lang='grc' dir='ltr'>ἐκκλησίᾳ,</span> <span class='ocrx_word' id='word_1_743' title='bbox 2606 4992 2664 5041; x_wconf 77' lang='grc' dir='ltr'>ὲν</span> <span class='ocrx_word' id='word_1_744' title='bbox 2695 4989 3023 5061; x_wconf 86' lang='grc' dir='ltr'>πανηγύρει,</span> <span class='ocrx_word' id='word_1_745' title='bbox 3050 4991 3108 5043; x_wconf 82' lang='grc' dir='ltr'>ὲν</span> <span class='ocrx_word' id='word_1_746' title='bbox 3136 4988 3313 5060; x_wconf 81' lang='grc' dir='ltr'>κλίνῃ,</span> <span class='ocrx_word' id='word_1_747' title='bbox 3345 4991 3402 5042; x_wconf 78' lang='grc' dir='ltr'>ὲν</span> <span class='ocrx_word' id='word_1_748' title='bbox 3428 4988 3693 5059; x_wconf 81' lang='grc' dir='ltr'>βαλανείω,</span> <span class='ocrx_word' id='word_1_749' title='bbox 3715 4988 3763 5037; x_wconf 80' lang='grc' dir='ltr'>ἑν</span> 
     </span>
    </p>
   </div>
   <div class='ocr_carea' id='block_1_111' title="bbox 2214 5077 3761 5153">
    <p class='ocr_par' dir='ltr' id='par_1_111' title="bbox 2214 5077 3761 5153">
     <span class='ocr_line' id='line_1_111' title="bbox 2214 5077 3761 5153; baseline -0.015 -4"><span class='ocrx_word' id='word_1_750' title='bbox 2214 5080 2465 5153; x_wconf 79' lang='grc' dir='ltr'>τραπέζῃ</span> <span class='ocrx_word' id='word_1_751' title='bbox 2493 5080 2808 5145; x_wconf 74' lang='grc' dir='ltr'>δοξάζοντες</span> <span class='ocrx_word' id='word_1_752' title='bbox 2862 5081 3119 5151; x_wconf 81' lang='grc' dir='ltr'>μάλιστα,</span> <span class='ocrx_word' id='word_1_753' title='bbox 3180 5080 3270 5134; x_wconf 79' lang='grc' dir='ltr'><strong>ἵνα</strong></span> <span class='ocrx_word' id='word_1_754' title='bbox 3300 5080 3373 5151; x_wconf 78' lang='grc' dir='ltr'>μὴ</span> <span class='ocrx_word' id='word_1_755' title='bbox 3400 5080 3539 5153; x_wconf 77' lang='grc' dir='ltr'>ὑπὲρ</span> <span class='ocrx_word' id='word_1_756' title='bbox 3588 5077 3761 5152; x_wconf 58' lang='grc' dir='ltr'>μέτροχ</span> 
     </span>
    </p>
   </div>
   <div class='ocr_carea' id='block_1_112' title="bbox 2217 5166 3761 5244">
    <p class='ocr_par' dir='ltr' id='par_1_112' title="bbox 2217 5166 3761 5244">
     <span class='ocr_line' id='line_1_112' title="bbox 2217 5166 3761 5244; baseline -0.005 -15"><span class='ocrx_word' id='word_1_757' title='bbox 2217 5174 2605 5244; x_wconf 86' lang='grc' dir='ltr'>τρυφήσωμεν.</span> <span class='ocrx_word' id='word_1_758' title='bbox 2660 5174 2948 5244; x_wconf 84' lang='grc' dir='ltr'>Μηδέποτε</span> <span class='ocrx_word' id='word_1_759' title='bbox 2978 5173 3184 5243; x_wconf 85' lang='grc' dir='ltr'>ταύτης</span> <span class='ocrx_word' id='word_1_760' title='bbox 3217 5170 3624 5241; x_wconf 80' lang='grc' dir='ltr'>ἐπιλαθώμεθα·</span> <span class='ocrx_word' id='word_1_761' title='bbox 3648 5166 3761 5235; x_wconf 62' lang='lat' dir='ltr'><strong>(mil</strong></span> 
     </span>
    </p>
   </div>
   <div class='ocr_carea' id='block_1_113' title="bbox 2217 5258 3757 5336">
    <p class='ocr_par' dir='ltr' id='par_1_113' title="bbox 2217 5258 3757 5336">
     <span class='ocr_line' id='line_1_113' title="bbox 2217 5258 3757 5336; baseline -0.006 -18"><span class='ocrx_word' id='word_1_762' title='bbox 2217 5265 2326 5336; x_wconf 84' lang='grc' dir='ltr'>γὰρ</span> <span class='ocrx_word' id='word_1_763' title='bbox 2353 5266 2387 5335; x_wconf 76' lang='grc' dir='ltr'>ἡ</span> <span class='ocrx_word' id='word_1_764' title='bbox 2410 5264 2531 5319; x_wconf 89' lang='grc' dir='ltr'>θεία</span> <span class='ocrx_word' id='word_1_765' title='bbox 2554 5265 2593 5318; x_wconf 88' lang='grc' dir='ltr'><strong>Γ</strong></span> <span class='ocrx_word' id='word_1_766' title='bbox 2598 5266 2769 5335; x_wconf 81' lang='grc' dir='ltr'>ραφὴ,</span> <span class='ocrx_word' id='word_1_767' title='bbox 2784 5262 3275 5334; x_wconf 77' lang='grc' dir='ltr'>’Υπομιμνήσκου</span> <span class='ocrx_word' id='word_1_768' title='bbox 3304 5264 3374 5317; x_wconf 89' lang='grc' dir='ltr'>τὰ</span> <span class='ocrx_word' id='word_1_769' title='bbox 3398 5258 3621 5329; x_wconf 76' lang='grc' dir='ltr'>ἐσχατά</span> <span class='ocrx_word' id='word_1_770' title='bbox 3639 5271 3757 5319; x_wconf 80' lang='grc' dir='ltr'>σου,</span> 
     </span>
    </p>
   </div>
   <div class='ocr_carea' id='block_1_114' title="bbox 2218 5354 3406 5426">
    <p class='ocr_par' dir='ltr' id='par_1_114' title="bbox 2218 5354 3406 5426">
     <span class='ocr_line' id='line_1_114' title="bbox 2218 5354 3406 5426; baseline -0.005 -14"><span class='ocrx_word' id='word_1_771' title='bbox 2218 5357 2319 5412; x_wconf 79' lang='grc' dir='ltr'>καὶ</span> <span class='ocrx_word' id='word_1_772' title='bbox 2349 5360 2438 5423; x_wconf 81' lang='grc' dir='ltr'><strong>είς</strong></span> <span class='ocrx_word' id='word_1_773' title='bbox 2469 5358 2577 5412; x_wconf 79' lang='grc' dir='ltr'><strong>τὸν</strong></span> <span class='ocrx_word' id='word_1_774' title='bbox 2599 5357 2785 5413; x_wconf 80' lang='grc' dir='ltr'>αίῶνιι</span> <span class='ocrx_word' id='word_1_775' title='bbox 2814 5358 2885 5412; x_wconf 82' lang='grc' dir='ltr'>οὐ</span> <span class='ocrx_word' id='word_1_776' title='bbox 2907 5356 2993 5426; x_wconf 79' lang='grc' dir='ltr'>μὴ</span> <span class='ocrx_word' id='word_1_777' title='bbox 3033 5354 3406 5425; x_wconf 78' lang='grc' dir='ltr'>άμαρτήσῃς.</span> 
     </span>
    </p>
   </div>
   <div class='ocr_carea' id='block_1_115' title="bbox 2289 5440 3761 5521">
    <p class='ocr_par' dir='ltr' id='par_1_115' title="bbox 2289 5440 3761 5521">
     <span class='ocr_line' id='line_1_115' title="bbox 2289 5440 3761 5521; baseline -0.008 -17"><span class='ocrx_word' id='word_1_778' title='bbox 2289 5450 2443 5520; x_wconf 84' lang='grc' dir='ltr'>Τάχα</span> <span class='ocrx_word' id='word_1_779' title='bbox 2463 5450 2521 5504; x_wconf 80' lang='grc' dir='ltr'><strong>δὲ</strong></span> <span class='ocrx_word' id='word_1_780' title='bbox 2540 5450 2736 5521; x_wconf 81' lang='grc' dir='ltr'>μικρὸν</span> <span class='ocrx_word' id='word_1_781' title='bbox 2763 5448 2875 5518; x_wconf 76' lang='grc' dir='ltr'>ἐγὼ</span> <span class='ocrx_word' id='word_1_782' title='bbox 2897 5448 2993 5503; x_wconf 89' lang='grc' dir='ltr'><strong>τοῦ</strong></span> <span class='ocrx_word' id='word_1_783' title='bbox 3023 5448 3196 5519; x_wconf 78' lang='grc' dir='ltr'>Σοφοῦ</span> <span class='ocrx_word' id='word_1_784' title='bbox 3228 5448 3321 5503; x_wconf 78' lang='grc' dir='ltr'><strong>τὸν</strong></span> <span class='ocrx_word' id='word_1_785' title='bbox 3342 5448 3497 5516; x_wconf 80' lang='grc' dir='ltr'>λόγον</span> <span class='ocrx_word' id='word_1_786' title='bbox 3528 5440 3761 5497; x_wconf 72' lang='grc' dir='ltr'>ἐναλλάττ</span> 
     </span>
    </p>
   </div>
   <div class='ocr_carea' id='block_1_116' title="bbox 2216 5535 3760 5613">
    <p class='ocr_par' dir='ltr' id='par_1_116' title="bbox 2216 5535 3760 5613">
     <span class='ocr_line' id='line_1_116' title="bbox 2216 5535 3760 5613; baseline -0.006 -18"><span class='ocrx_word' id='word_1_787' title='bbox 2216 5558 2345 5606; x_wconf 83' lang='grc' dir='ltr'>των,</span> <span class='ocrx_word' id='word_1_788' title='bbox 2369 5540 2533 5610; x_wconf 82' lang='grc' dir='ltr'>λέγω.</span> <span class='ocrx_word' id='word_1_789' title='bbox 2566 5541 3038 5613; x_wconf 81' lang='grc' dir='ltr'>Ὺπομιμνήσκου,</span> <span class='ocrx_word' id='word_1_790' title='bbox 3068 5540 3114 5594; x_wconf 85' lang='grc' dir='ltr'><strong>ῶ</strong></span> <span class='ocrx_word' id='word_1_791' title='bbox 3152 5540 3427 5612; x_wconf 86' lang='grc' dir='ltr'>ἄνθρωπε,</span> <span class='ocrx_word' id='word_1_792' title='bbox 3449 5538 3551 5592; x_wconf 88' lang='grc' dir='ltr'><strong>τῶν</strong></span> <span class='ocrx_word' id='word_1_793' title='bbox 3577 5538 3631 5590; x_wconf 79' lang='grc' dir='ltr'>ὲν</span> <span class='ocrx_word' id='word_1_794' title='bbox 3657 5535 3760 5601; x_wconf 66' lang='lat' dir='ltr'><strong>nix-</strong></span> 
     </span>
    </p>
   </div>
   <div class='ocr_carea' id='block_1_117' title="bbox 2223 5628 3763 5707">
    <p class='ocr_par' dir='ltr' id='par_1_117' title="bbox 2223 5628 3763 5707">
     <span class='ocr_line' id='line_1_117' title="bbox 2223 5628 3763 5707; baseline -0.003 -18"><span class='ocrx_word' id='word_1_795' title='bbox 2223 5635 2470 5707; x_wconf 77' lang='grc' dir='ltr'>αα).ωσίᾳ</span> <span class='ocrx_word' id='word_1_796' title='bbox 2496 5633 2739 5706; x_wconf 68' lang='grc' dir='ltr'>ἀδελφῶν</span> <span class='ocrx_word' id='word_1_797' title='bbox 2759 5633 2938 5706; x_wconf 84' lang='grc' dir='ltr'>ἡμῶν,</span> <span class='ocrx_word' id='word_1_798' title='bbox 2971 5632 3068 5688; x_wconf 71' lang='grc' dir='ltr'><strong>καὶ</strong></span> <span class='ocrx_word' id='word_1_799' title='bbox 3104 5634 3183 5697; x_wconf 78' lang='grc' dir='ltr'>εἰς</span> <span class='ocrx_word' id='word_1_800' title='bbox 3210 5632 3380 5687; x_wconf 78' lang='grc' dir='ltr'>αἰῶνα</span> <span class='ocrx_word' id='word_1_801' title='bbox 3401 5631 3461 5687; x_wconf 86' lang='grc' dir='ltr'><strong>ού</strong></span> <span class='ocrx_word' id='word_1_802' title='bbox 3499 5630 3571 5702; x_wconf 78' lang='grc' dir='ltr'>μὴ</span> <span class='ocrx_word' id='word_1_803' title='bbox 3603 5628 3763 5700; x_wconf 75' lang='grc' dir='ltr'>ἁμαρ·</span> 
     </span>
    </p>
   </div>
  </div>
