4032 6520
279 369 425 438 3265

1402 355 1503 419 DE
1541 353 1865 417 PERSICA
1902 356 2417 423 CAPTIVITATE.

3415 362 3561 433 ΒΜ

284 478 385 549 τῆς
404 492 420 508 ⁸
452 472 540 532 va‘t
564 471 820 538 δυσωπῶ,
877 468 954 543 μὴ
980 465 1162 523 αὐτῶν
1200 464 1276 531 ὡς
1309 463 1649 535 ἀσπλαγχνοι
1678 462 1874 517 ἐπιλα-

1996 480 2088 520 ιοιι
2137 467 2417 536 peccabis.
2467 466 2543 523 lta
2608 465 2846 525 obsecro
2894 483 2967 526 ne
3028 484 3252 534 eorum,
3297 480 3561 545 tanquam

282 567 542 642 θώμεθαο
577 564 695 621 ἀλλ’
739 567 799 619 ἐν
826 563 992 618 παντὶ
1021 559 1201 633 καιρῷ
1230 557 1325 613 καὶ
1372 556 1524 628 τόπῳ
1563 555 1874 628 μνημονεύ-

286 678 504 734 σωμενο
530 659 720 730 ῶσπερ
749 658 849 728 τὴν
882 656 1104 728 μνήμην
1132 649 1229 707 τοῦ
1273 652 1531 719 Θανάτου,
1552 650 1730 715 οὕτως
1779 649 1877 705 καὶ

283 757 384 830 τὴν
417 753 644 809 ἐκείνων
678 754 736 805 ὲν
763 750 947 813 αὐτοῖς
975 747 1386 819 περιφέροντες.
1424 745 1553 801 Ἐάν
1591 747 1650 799 έν
1678 744 1879 815 εὐκτη-

288 850 429 922 ρίοις
463 846 767 916 διάγωμεν,
798 844 916 899 ἐκεῖ
952 839 1133 894 αὐτῶν
1190 839 1427 910 μάλιστα
1459 836 1596 909 μετὰ
1624 834 1876 908 δακρύων

290 938 775 1014 μνημονεύσωμεν.
822 934 940 988 Κᾶν
964 931 1127 986 πάλιν
1156 932 1214 986 ὲν
1242 927 1492 1004 τραπέζῃ
1517 928 1875 999 ἀνακείμενοι

286 1035 647 1107 ύπάρχωμεν,
687 1029 781 1084 καὶ
810 1030 868 1081 ὲν
902 1027 1039 1098 αὐτῇ
1066 1024 1168 1098 τὴν
1216 1022 1605 1095 αἰχμαλωσίαν
1657 1036 1872 1092 μνημο-

286 1126 589 1197 νεύσωμεν,
628 1122 882 1193 λέγοντες
902 1137 917 1154 ο
948 1120 1070 1182 Πῶς
1098 1118 1147 1171 oi
1175 1116 1396 1185 ἀδελφοὶ
1439 1113 1598 1186 ήμῶν
1646 1113 1771 1185 ἀρτι
1798 1112 1877 1184 τῷ

287 1218 436 1292 λιμῷ
456 1215 811 1288 δαμάζονται,
862 1214 1022 1284 ἡμεῖς
1045 1210 1102 1265 δὲ
1130 1208 1385 1279 ἐσθίομεν
1434 1207 1533 1260 καὶ
1584 1203 1878 1275 εὐφραινό-

294 1311 467 1385 μεθα;
503 1308 622 1365 Κᾶν
651 1308 709 1362 έν
737 1308 805 1379 τῇ
826 1305 984 1377 κλίνῃ
1023 1300 1379 1365 καθεύδοντες
1434 1299 1532 1353 σὺν
1561 1300 1627 1369 τῇ
1662 1295 1877 1368 συμϐίῳ

293 1402 574 1477 ὲσῶμεθα,
616 1399 845 1454 ἐκείνων
875 1397 973 1469 τὴν
1006 1396 1217 1449 ἔννοιαν
1248 1391 1611 1463 ἀναλάϐωμεν
1637 1391 1875 1461 ἐκπλητ-

288 1497 532 1567 τόμενοι,
555 1494 649 1550 καὶ
670 1492 942 1562 λέγοντες·
972 1487 1155 1552 Πῶςοί
1178 1485 1556 1557 εὐγενέστεροι
1589 1484 1746 1557 ἡμῶν
1780 1484 1877 1538 σὺν

276 1590 404 1651 τοῖς
437 1585 648 1660 θηρίοις
695 1584 753 1638 ὲν
807 1584 874 1654 τῇ
905 1579 1027 1653 ῶρᾳ
1066 1578 1243 1653 ταύτῃ
1266 1579 1327 1632 ὲν
1366 1578 1596 1651 ἐρήμοις
1640 1576 1737 1631 ἐπὶ
1784 1574 1876 1630 τοῦ

291 1679 527 1751 ἐδάφους
548 1674 926 1740 καθεύδουσινς

363 1772 480 1827 Οὐκ
524 1767 918 1841 αἰσχυνόμεθα,
975 1764 1218 1836 ἀδελφοὶ,
1253 1762 1377 1818 οὐδὲ
1426 1761 1529 1832 τὴν
1575 1759 1878 1834 μέλλουσαν

288 1863 477 1937 κρίσιν
505 1861 806 1934 φρίττομεν
825 1876 841 1891 ο
870 1859 1084 1930 ὅτιπερ
1129 1859 1292 1930 ἡμεῖς
1326 1855 1531 1928 σηρικά
1560 1854 1656 1909 καὶ
1689 1854 1878 1926 βύσσι-

289 1974 360 2013 να
393 1953 730 2027 ἐνδεδυμένοι
749 1954 807 2007 ὲν
834 1954 904 2024 τῇ
932 1949 1202 2021 ἐκκλησίᾳ
1223 1946 1521 2020 ἐρχόμεθα,
1552 1947 1682 2011 τοὺς
1719 1945 1876 2000 ἀδελ-

291 2051 428 2117 φοὺς
458 2048 614 2121 ήμῶν
644 2047 751 2120 πρὸ
797 2045 908 2100 τῶν
950 2043 1133 2101 πυλῶν
1165 2041 1266 2112 τῆς
1308 2040 1606 2113 ἐκκλησίας
1636 2040 1881 2112 γυμνοὺς

291 2143 392 2196 καλ⁸
445 2139 770 2214 ὲρῤιμένους
834 2139 929 2192 καὶ
967 2133 1346 2205 ταλαιπώρους
1394 2132 1879 2205 παραϐλέποντεςς

294 2235 671 2290 Ἀκουέτωσαν
692 2233 749 2288 αί
763 2230 1134 2304 κοσμούμεναι
1154 2227 1248 2282 καὶ
1264 2224 1761 2299 καλλωπιζόμεναι,
1785 2224 1882 2281 καὶ

292 2326 721 2382 παυσάσθωσαν.

365 2418 431 2471 Τί
455 2419 648 2484 ποιεῖς,
667 2419 695 2471 ὁ
713 2415 896 2486 γύναι,
910 2414 988 2487 τῷ
1000 2412 1176 2487 και
1190 2414 1250 2468 ού
1266 2413 1544 2485 πρέποντα
1555 2410 1881 2485 πράγματας

290 2506 443 2584 *Δρα
483 2527 544 2564 σε
570 2510 631 2563 ού
674 2508 927 2581 μαστίςει
974 2507 1228 2579 χαλεπῶς
1275 2505 1337 2559 τὸ
1362 2504 1625 2571 συνειδὸς,
1659 2504 1741 2558 ὅτι
1775 2520 1883 2575 περ

294 2600 353 2654 ὲν
373 2598 600 2673 τοιαύτῃ
629 2598 828 2670 ἀπειλῇ
864 2596 1051 2670 χρυσῷ
1077 2596 1174 2650 καὶ
1226 2594 1596 2667 μαργαρίταις
1642 2611 1883 2648 κατακο-

297 2695 511 2766 σμήσαι
540 2691 738 2762 σουτὸν
757 2690 1048 2762 τράχηλον,
1072 2689 1169 2754 τὰς
1186 2691 1397 2760 χεῖρας,
1420 2688 1545 2751 τοὺς
1564 2686 1754 2751 πόδας,
1782 2687 1883 2755 τὴν

298 2787 500 2859 ζώνην,
532 2785 801 2857 βλέπουσα
845 2782 972 2846 τοὺς
1007 2782 1132 2845 σοὺς
1187 2780 1474 2849 ἀδελφοὺς,
1539 2777 1670 2840 ἴσως
1700 2776 1757 2828 δὲ
1792 2774 1885 2827 καὶ

300 2879 740 2951 εὐγενεστέρους,
762 2876 1022 2949 σιδήροις,
1045 2874 1142 2928 καὶ
1171 2871 1370 2938 κλοοϊς,
1400 2870 1495 2926 καὶ
1527 2869 1703 2935 ξύλοις
1720 2883 1887 2920 πεπε-

298 2972 364 3045 δη
373 2972 588 3044 μένους,
610 2971 705 3025 καὶ
724 2968 1200 3040 πεφορτωμένους,
1220 2965 1315 3019 καὶ
1326 2962 1642 3035 καταϐαρου
1650 2961 1846 3034 μένους
1866 2974 1884 3027 ;

301 3066 418 3120 Ούκ
441 3064 772 3135 αίδούμεοα;
797 3065 870 3118 Ού
906 3058 1309 3132 συστελλόμεθα
1326 3058 1437 3115 τῶν
1455 3057 1713 3113 τοιούτων
1743 3070 1886 3126 πρα-

300 3159 530 3232 γμάτων
548 3174 564 3226 ;

387 3248 549 3304 Ἀλλὰ
563 3246 616 3302 τί
641 3245 843 3307 εὐθέως
864 3242 973 3299 τῶν
997 3242 1253 3299 τοιούτων
1272 3240 1524 3314 ἀφρόνων
1542 3237 1613 3294 τά
1636 3237 1888 3310 ρήματας

304 3340 406 3395 Διά
435 3338 613 3406 τοῦτο,
641 3337 826 3408 φησιν,
857 3335 1092 3390 δέδωκέν
1110 3352 1204 3406 μοι
1224 3337 1252 3388 ὁ
1279 3333 1415 3397 θεὸς
1443 3333 1531 3387 ἵνα
1559 3331 1738 3387 αὐτῶν
1757 3333 1892 3387 ἀπο·

303 3432 511 3501 λαύσω,
540 3434 635 3487 καὶ
654 3433 713 3485 ὲν
732 3432 917 3494 αὐτοῖς
946 3428 1348 3501 εὐφραίνωμαι.
1381 3426 1756 3499 Πεπλάνησαι,
1786 3425 1890 3480 άν-

309 3526 518 3600 θρωπε.
559 3522 935 3596 Ἐλυτρώσατό
961 3539 1021 3576 σε
1046 3521 1315 3593 Χριστός·
1354 3518 1583 3573 πλοῦτόν
1619 3536 1701 3573 σοι
1729 3517 1893 3571 δέδω-

308 3637 429 3687 κεν,
461 3618 550 3675 ἵνα
596 3619 723 3682 τοὺς
753 3618 877 3681 σοὺς
906 3614 1170 3685 ἀδελφοὺς
1198 3611 1519 3686 λυτρώσῃςο
1554 3613 1643 3667 ῐνα
1704 3612 1891 3674 αὐτοῖς

306 3712 696 3786 συμπαθήσῃς,
727 3712 821 3765 καὶ
842 3708 930 3762 διά
954 3709 1053 3779 τῆς
1091 3705 1458 3777 συμπαθείας,
1496 3702 1688 3757 ἑαυτὸν
1722 3701 1891 3766 δντως

308 3808 509 3879 adiam.
573 3804 810 3857 Εκδυσαι
835 3799 1117 3869 συντόμως
1158 3798 1227 3850 τά
1260 3793 1491 3867 περιττὰ
1509 3792 1604 3847 καὶ
1623 3793 1889 3865 ἀνόνητα·

309 3900 513 3973 μᾶλλον
539 3895 598 3952 δὲ
639 3895 709 3951 τά
739 3892 980 3967 βλαϐερά
1018 3891 1113 3945 καὶ
1143 3888 1386 3961 ὀλέθρια.
1416 3888 1681 3941 Πείνασον
1701 3884 1889 3952 ὀξέως.

306 3991 651 4061 Διὰθρυψον
681 3985 931 4042 πεινῶσι
966 3983 1074 4039 τὸν
1102 3982 1305 4053 ἄρτον.
1336 3981 1519 4035 Σῶσον
1542 3978 1889 4051 κηδεύοντας.

312 4086 410 4140 “Av
457 4082 663 4154 γυμνὸν
689 4080 830 4153 ἴδῃς,
861 4076 1049 4132 τοῦτον
1079 4076 1320 4143 ἔνδυσον,
1360 4073 1557 4129 ἐννοῶν
1581 4074 1662 4128 ὅτι
1686 4071 1892 4143 γυμνὸς

1977 554 2442 613 immisericordia
2465 559 2780 629 compositi,
2816 559 3251 631 obliviscamur;
3285 565 3382 620 scd
3408 570 3561 623 omni

1978 656 2228 721 tempore
2275 666 2340 706 ac
2373 653 2496 707 loco
2528 667 2723 708 eorum
2753 655 3177 713 meminerimus
3203 668 3305 713 :ut
3342 674 3559 727 eorum,

1977 742 2125 798 haud
2162 758 2324 799 secus
2351 759 2414 799 ac
2451 745 2667 812 mortis,
2708 747 2897 817 jugem
2930 747 2985 802 in
3022 748 3186 804 nobis
3236 753 3561 808 memoriam

1977 838 2455 894 circumferamus.
2499 837 2637 894 Cum
2684 839 2958 897 fuerimus
3017 842 3075 896 in
3123 846 3389 913 oratorio,
3446 847 3562 902 illic

1978 932 2213 988 maxime
2243 947 2437 988 eorum
2470 946 2595 987 cum
2620 932 2878 1003 lacrymis
2906 934 3081 991 simus
3113 952 3408 993 memores.
3434 937 3562 992 Sive

1980 1023 2181 1078 iterum
2214 1024 2271 1077 in
2308 1038 2499 1078 mensa
2540 1023 2960 1090 recumbamus,
2994 1025 3051 1080 in
3100 1042 3164 1081 ea
3200 1043 3422 1098 quoque
3467 1044 3563 1083 ρο-

1976 1116 2159 1187 ptivos
2198 1119 2530 1185 recolamus,
2561 1117 2811 1175 dicentes
2848 1137 2861 1173 :
2896 1119 3185 1187 Quomodo
3212 1122 3323 1193 jam
3364 1122 3566 1178 fratres

1978 1210 2154 1266 nostri
2188 1209 2332 1266 fame
2360 1220 2732 1277 macerantur,
2759 1228 2861 1268 nos
2888 1229 3023 1268 vero
3054 1214 3459 1269 manducamus
3507 1224 3565 1271 ct

1978 1304 2305 1374 epulamur?
2336 1304 2465 1361 Sive
2503 1306 2561 1360 in
2607 1306 2753 1361 lecto
2799 1321 2926 1362 cum
2974 1322 3147 1361 uxore
3199 1306 3563 1375 dormiamus,

1980 1396 2201 1451 illorum
2249 1411 2597 1453 resumamus
2641 1398 2991 1463 memoriam,
3028 1397 3417 1454 vehementius
3459 1400 3566 1454 mi-

1981 1496 2188 1554 rantes,
2222 1504 2286 1543 ac
2328 1487 2579 1545 dicentes
2607 1506 2622 1543 :
2654 1488 2944 1556 Quomodo
2973 1490 3068 1560 qui
3104 1488 3271 1545 nobis
3308 1497 3439 1545 sunt
3469 1505 3569 1547 no-

1981 1580 2235 1647 biliorcs,
2266 1582 2386 1652 ipsa
2412 1583 2519 1639 hac
2554 1582 2690 1637 hora
2716 1598 2844 1639 cum
2873 1583 3068 1639 bestiis
3098 1583 3154 1638 in
3174 1583 3398 1640 deserto
3418 1584 3568 1641 nuda

1981 1673 2152 1727 humo
2191 1674 2441 1728 cubant?

2051 1764 2174 1820 Non
2204 1781 2307 1821 nos
2330 1767 2523 1838 pudet,
2559 1766 2779 1834 fratres,
2814 1784 2999 1840 neque
3025 1767 3568 1841 futurumjudieium

1984 1859 2308 1927 horremus;
2364 1861 2513 1932 quod
2548 1862 2745 1919 sericis
2776 1862 3053 1937 byssoque
3084 1863 3271 1924 induti
3301 1864 3357 1921 in
3390 1866 3570 1923 eccle-

1982 1951 2120 2006 siam
2173 1952 2496 2023 veniamus,
2532 1953 2841 2027 fratresquc
2890 1966 3115 2013 nostros
3172 1970 3274 2028 pro
3320 1957 3572 2015 ecclesia

1982 2044 2201 2101 foribus
2226 2046 2427 2114 nudos,
2456 2049 2756 2121 projectos,
2784 2049 3133 2106 miserabiles
3160 2050 3573 2123 despiciamus‘!

1984 2138 2230 2196 Audiant
2254 2156 2377 2212 quae
2415 2141 2754 2213 superﬂuum
2791 2141 3067 2199 mundum
3096 2144 3383 2203 luxuriose
3406 2143 3571 2202 adhi-

1984 2230 2141 2298 bent,
2170 2246 2350 2303 eoque
2376 2232 2714 2290 abstineant.

2056 2411 2220 2479 Quid,
2247 2412 2470 2477 mulier,
2497 2420 2748 2484 praestas,
2775 2429 2896 2485 qua:
2929 2422 3060 2470 sunt
3087 2413 3323 2484 tempori
3352 2413 3573 2471 dissen-

1987 2504 2184 2559 tanea?
2210 2503 2350 2558 Num
2380 2514 2433 2560 te
2460 2504 2805 2560 conscientia
2836 2505 3083 2577 graviter
3107 2505 3390 2572 verberat,
3420 2505 3574 2576 quod

1987 2593 2044 2650 in
2091 2602 2242 2650 tanta
2295 2594 2685 2651 comminantis
2732 2594 2833 2651 Dei
2882 2595 3273 2663 districtione,
3328 2610 3465 2653 auro
3509 2611 3576 2653 ac

1986 2687 2304 2758 margaritis
2326 2688 2554 2753 collum,
2584 2704 2805 2753 manus,
2844 2688 3038 2758 pedes,
3064 2703 3259 2743 zonam
3285 2703 3573 2759 perornes,

1986 2793 2114 2832 cum
2144 2777 2347 2833 fratres
2374 2778 2565 2833 videas
2590 2785 2735 2843 tuos,
2780 2777 2923 2833 forte
2957 2793 3091 2833 vero
3118 2778 3287 2833 etiam
3310 2777 3574 2834 nobiliori

1986 2879 2138 2926 ortos
2164 2879 2487 2937 stemmate,
2538 2886 2606 2927 ac
2646 2871 2986 2942 ingenuitate
3012 2880 3362 2942 prmstantes,
3399 2872 3573 2939 ferro,

1984 2961 2164 3032 cippis
2225 2961 2463 3026 vinctos,
2518 2969 2770 3026 onustos,
2846 2962 3142 3031 gravatos?
3212 2962 3356 3017 Num
3411 2976 3573 3018 vere-

1990 3051 2193 3108 cundia
2217 3066 2506 3108 movemur
2526 3050 2550 3106 ?
2569 3051 2713 3107 Num
2744 3051 2815 3107 ab
2837 3052 3110 3123 ejusmodi
3135 3052 3299 3110 factis
3325 3060 3575 3109 actutum

1916 3162 1960 3223 c
1991 3142 2369 3199 retrahimur?

2062 3248 2135 3304 At
2158 3248 2290 3321 quid
2318 3247 2528 3316 statim,
2564 3264 2626 3305 ea
2650 3248 2928 3305 dementia
2978 3248 3302 3307 laborantes
3332 3251 3575 3323 loquun-

1991 3340 2109 3395 tur?
2159 3339 2393 3405 Idcirco,
2418 3339 2620 3410 inquit,
2644 3341 2801 3397 dedit
2830 3341 2966 3396 mibi
2994 3343 3163 3407 Deus,
3190 3352 3252 3398 ut
3284 3343 3373 3399 his
3394 3343 3573 3413 fruar,

1992 3432 2160 3502 inque
2193 3431 2303 3486 illis
2340 3430 2591 3487 delicier.
2625 3431 2813 3498 Erras,
2835 3431 3023 3487 homo.
3054 3429 3313 3489 Redemit
3342 3441 3395 3491 te
3417 3433 3577 3492 Chri-

1992 3533 2141 3590 stus;
2192 3522 2345 3579 dedit
2396 3522 2622 3578 divitias
2660 3530 2722 3577 ut
2753 3522 2996 3578 redimas
3036 3522 3238 3580 fratres
3275 3532 3401 3581 tuos
3434 3566 3450 3592 ,
3513 3536 3577 3583 ut

1992 3630 2186 3672 eorum
2218 3614 2553 3679 miserearis,
2599 3630 2665 3670 ac
2711 3615 3099 3671 misericordia
3127 3617 3185 3671 in
3226 3632 3325 3673 eos
3356 3619 3577 3689 impen-

1992 3710 2126 3775 sior,
2154 3707 2389 3764 salutem
2414 3708 2799 3779 consequaris.
2834 3708 3089 3780 Spoliare
3118 3710 3231 3766 cito
3261 3712 3575 3783 superﬂua,

1992 3818 2057 3859 ac
2074 3818 2195 3871 qua:
2215 3800 2454 3857 utilitate
2474 3810 2694 3869 carent;
2729 3801 2841 3857 imo
2865 3818 2991 3873 quae
3010 3814 3233 3869 nocent,
3257 3819 3325 3860 ac
3344 3806 3577 3864 exitium

1993 3893 2237 3965 pariunt.
2284 3890 2541 3947 Esuriem
2600 3901 2892 3962 promptus
2946 3892 3327 3962 amplectere:
3364 3894 3580 3967 Frange

1992 3983 2248 4039 esurienti
2270 3998 2466 4053 panem
2490 3981 2559 4035 ".
2590 3979 2761 4036 Serva
2790 3981 2959 4037 animi
2987 3982 3199 4038 anxios.
3252 3983 3311 4040 Si
3372 3984 3580 4042 videris

1994 4076 2231 4141 nudum,
2280 4083 2461 4129 vestes
2521 4072 2727 4143 praebe,
2780 4074 3029 4146 cogitans
3082 4075 3200 4131 fore
3272 4085 3333 4132 ut
3392 4094 3579 4136 coram

308 4174 448 4248 πρὸς
468 4150 556 4227 τὸν
577 4150 770 4244 κριτὴν
790 4170 1092 4242 ἁπελεύσῃ.
1111 4168 1238 4223 Ἐὰν
1260 4167 1409 4234 ξένον
1428 4166 1617 4240 θεάσῃ,
1639 4165 1886 4229 ὑπόδεξαι

1996 4166 2177 4241 judice
2212 4165 2399 4220 nudus
2447 4164 2686 4221 sistaris.
2744 4163 2801 4220 Si
2854 4150 3187 4236 peregrinus
3245 4168 3579 4235 occurrerit,

309 4267 379 4322 δι’
399 4264 567 4321 αὐτοῦ
599 4263 862 4337 Χριστὸν,
895 4262 987 4317 τὸν
1009 4262 1099 4317 διά
1126 4262 1185 4317 σὲ
1213 4260 1307 4315 ἐπὶ
1334 4259 1441 4331 γῆς
1485 4257 1886 4324 ξενιτεύσαντα.

1996 4259 2217 4331 suscipe
2254 4259 2310 4314 in
2359 4274 2427 4314 eo
2468 4257 2775 4326 Christum,
2806 4259 2901 4329 qui
2940 4257 3017 4313 tui
3072 4276 3238 4316 causa
3293 4260 3495 4333 hospes
3524 4262 3583 4318 in

315 4361 415 4414 “Av
443 4356 811 4431 χρεωφιλέτην
846 4354 1019 4427 λάϐῃς
1040 4356 1421 4426 ἀπορήσαντα,
1453 4348 1886 4421 γονυπετούντα,

1998 4362 2146 4409 terra
2178 4352 2303 4408 fuit.
2337 4351 2395 4407 Si
2425 4349 2739 4408 debitorem
2790 4368 2902 4407 non
2930 4352 3198 4409 solvendo
3225 4356 3583 4412 exsistentem

311 4449 687 4517 δυσωποῦντα,
711 4449 906 4519 ἄφεσιν
928 4446 1373 4520 παρακαλοῦντα,
1392 4442 1733 4513 κατανύγηθι
1747 4458 1762 4474 ·
1787 4443 1886 4494 πᾶ-

1998 4444 2405 4517 deprchendas,
2464 4444 2622 4515 isque
2671 4443 2945 4515 procidat,
2998 4444 3329 4511 obtestetur,
3379 4445 3585 4502 dimitti

313 4562 414 4599 σαν
444 4543 641 4616 ὀφελὴν
664 4541 908 4612 εὔλογον,
939 4540 974 4613 ἢ
1033 4540 1226 4609 ἄλογον
1256 4535 1570 4609 διάρρηξον.
1600 4535 1700 4589 “Av
1735 4534 1886 4588 ἀσθε-

2001 4524 2280 4609 eﬂlagitet,
2318 4536 2505 4591 animo
2535 4551 2942 4607 compungere;
2996 4537 3312 4594 cautionem
3340 4553 3583 4603 omnem,

313 4637 512 4691 νούντα
533 4635 676 4708 ὕψει,
701 4634 869 4703 ὀξέως
901 4652 968 4687 πε
980 4632 1260 4703 ριποίησαι
1278 4646 1294 4662 ο
1332 4628 1433 4701 τὴν
1462 4626 1561 4698 σὴν
1587 4624 1743 4694 ὑγίαν
1764 4622 1906 4677 αἰδέο

316 4729 498 4801 σθητι.
526 4728 624 4781 “Av
670 4726 1015 4797 αἰχμάλωτον
1071 4723 1241 4795 θεάσῃ
1295 4719 1625 4793 δακρύοντα,
1664 4714 1904 4788 προσπί-

316 4839 543 4889 πτοντα,
564 4817 1038 4892 ταλαιπωροῦντα,
1082 4810 1499 4888 χειμαζόμενον,
1532 4809 1697 4865 τόπον
1726 4810 1790 4861 ὲκ
1818 4805 1907 4860 τό·

318 4933 424 4970 που
456 4914 594 4988 πρὸς
622 4912 871 4968 εὐποιίαν
898 4910 1321 4985 μετερχόμενον,
1342 4901 1739 4977 μαστιζόμενον
1762 4898 1905 4971 ὑπὲρ

318 5007 582 5081 Χριστοῦ,
620 5005 1121 5077 καταπονούμενον,
1156 5003 1252 5056 καὶ
1270 5000 1346 5063 ὡς
1367 4997 1563 5067 κτῆνος
1583 4991 1901 5066 πιπρασκόο

322 5100 485 5175 μενον
508 5117 524 5133 ·
552 5099 629 5172 μὴ
654 5098 814 5171 μόνον
837 5099 1097 5170 χρήματα
1115 5135 1132 5162 ,
1154 5092 1269 5148 ἀλλ’
1286 5093 1335 5153 εί
1350 5089 1594 5155 δυνατὸν,
1612 5088 1681 5143 τά
1694 5087 1906 5143 ἑαυτῶν

322 5196 555 5268 σώματα
586 5192 1006 5266 μεταδώσωμεν.
1038 5187 1221 5244 Καλὸν
1251 5186 1359 5258 γὰρ
1376 5184 1646 5257 ἀγορήσαι
1668 5182 1906 5256 Χριστὸν

319 5285 795 5358 πιπρασκόμενον.
820 5282 932 5354 Τὴν
968 5280 1078 5353 γὰρ
1110 5279 1293 5352 κρίσιν
1332 5277 1514 5331 πᾶσαν
1545 5273 1708 5338 αὐτὸς
1739 5272 1907 5327 πεπί-

322 5393 578 5434 στευται·
608 5376 705 5431 καὶ
758 5374 947 5448 μέλλει
1001 5374 1158 5445 ἡμῖν,
1190 5371 1266 5438 ὡς
1313 5367 1467 5435 Θεδς,
1499 5366 1597 5437 τὴν
1630 5364 1910 5437 βασιλείαν

322 5470 670 5544 χαρίζεσθαι.

398 5654 513 5707 Ούκ
532 5652 805 5723 ἀκούομεν
829 5652 880 5706 τί
902 5652 929 5705 ὁ
947 5651 1199 5717 πλούσιος
1217 5651 1423 5715 έκεϊνος
1441 5646 1641 5705 ἔπαθεν
1657 5666 1672 5718 ;
1691 5646 1908 5720 Ἐπειδὴ

405 5842 450 5873 ³⁸
497 5837 605 5896 lsa.
647 5852 799 5917 ιτίιιι,
833 5836 889 5917 7.

2002 4647 2110 4702 qua
2159 4629 2209 4685 is
2248 4631 2373 4702 jure
2402 4629 2487 4685 vel
2536 4630 2740 4700 injuria
2774 4630 3177 4704 obstringatur,
3207 4633 3485 4703 dirumpe.
3527 4630 3586 4688 Si

2002 4721 2251 4777 infirmos
2294 4720 2508 4786 videas,
2557 4736 2747 4776 curam
2808 4722 2995 4778 statim
3038 4722 3269 4789 adhibe;
3328 4738 3588 4780 reverere

2001 4810 2151 4882 quod
2184 4826 2354 4867 sanus
2381 4810 2499 4882 ipse
2535 4810 2793 4868 exsistas.
2832 4811 2930 4868 Sin
2958 4813 3214 4883 captivus
3271 4812 3328 4869 in
3394 4815 3591 4871 oculos

2004 4905 2277 4971 incurrat,
2299 4903 2460 4970 ﬂens,
2488 4903 2807 4975 procidens,
2831 4904 3092 4967 afﬂictus,
3118 4907 3379 4976 jactatus,
3410 4906 3592 4961 locum

2004 5014 2073 5053 ex
2114 4998 2234 5052 loco
2272 4995 2340 5052 ad
2391 4995 2795 5052 beneﬂcientiae
2844 4995 3154 5052 subsidium
3188 4995 3414 5067 aliquod
3473 5012 3597 5052 mu-

2008 5100 2153 5155 tans,
2179 5089 2275 5161 qui
2300 5088 2508 5145 Christi
2527 5104 2694 5145 causa
2717 5089 2963 5161 vapulet,
2988 5088 3276 5146 laboribus
3296 5098 3591 5154 atteratur,

2009 5182 2066 5238 in
2114 5181 2349 5255 jumenti
2398 5196 2615 5238 morem
2654 5190 2898 5251 vteneat;
2930 5180 3137 5237 nedum
3170 5182 3456 5252 pecunias,
3492 5180 3591 5236 sed

2010 5284 2067 5333 et
2096 5285 2306 5343 nostra,
2342 5276 2387 5331 si
2424 5274 2544 5332 ﬂeri
2575 5276 2771 5348 possit,
2806 5291 3041 5347 corpora
3074 5274 3161 5329 his
3189 5273 3587 5345 impendamus.

2012 5367 2228 5424 Bonum
2260 5367 2408 5423 enim
2444 5367 2728 5423 Christum
2756 5383 2943 5424 emere
2988 5381 3206 5421 vannum
3238 5362 3593 5433 expositum;

2014 5458 2221 5531 quippe
2254 5457 2333 5514 illi
2365 5458 2751 5516 concreditum
2797 5474 2962 5517 omne
2997 5457 3306 5531 judicium;
3342 5470 3407 5511 ac
3434 5455 3599 5513 nobis

2017 5552 2158 5625 ipse,
2190 5554 2344 5611 velut
2372 5553 2540 5621 Deus,
2576 5569 2807 5625 regnum
2841 5552 3146 5624 largiturus
3183 5558 3289 5605 cst.

2087 5646 2208 5705 Non
2250 5646 2510 5705 audimus
2571 5646 2704 5719 quid
2757 5645 2911 5703 diviti
2970 5644 3049 5700 illi
3107 5639 3425 5701 acciderit?
3479 5638 3599 5698 Una
