4006 6490
2139 220 2172 232 κ
2197 216 2201 219 .

1519 321 1921 385 MODESTUS
1968 321 2458 386 PATRIARCHA
2494 318 2903 386 HIEROSOL.

559 319 700 384 3267

3705 319 3843 387 338

555 435 676 505 ejus
722 431 1124 504 suppliciorum
1175 433 1341 499 ratio,
1411 434 1562 504 quod
1625 435 1896 490 Lazarum
1941 434 2143 506 despe-

2255 435 2342 492 τὸν
2379 433 2636 506 Λάζαρον
2683 435 2958 508 ὑπερεῖδεν,
3010 435 3308 507 ὑπέμεινεν
3330 432 3481 505 ἅπερ
3531 431 3839 504 ὑπέμεινεν,

555 524 700 581 xerit
717 527 787 578 δ’.
810 527 971 582 Nunc
993 540 1128 580 vero
1158 526 1326 582 hodie
1355 525 1546 597 plures
1571 536 1704 582 sunt
1731 527 1878 597 apud
1919 543 2022 583 nos
2043 527 2151 582 La-

555 616 692 671 zari.
720 618 949 672 Praestat
995 634 1194 672 aurum
1224 617 1565 689 impendere,
1600 632 1664 673 ac
1695 616 1980 674 Christum
2018 632 2148 675 coe-

560 723 731 762 mere.
783 707 947 773 Num,
972 707 1017 764 si
1044 723 1278 779 regnum
1299 709 1568 763 cmlorum
1588 723 1698 763 non
1717 707 1915 765 liceret
1935 725 2142 776 emere,

556 801 746 871 plures
793 799 998 856 dicturi
1053 810 1216 856 erant
1249 817 1264 856 :
1295 801 1519 857 Utinam
1552 803 1820 872 pecunias
1854 818 2145 874 possemus

556 894 714 960 dare,
752 909 1056 964 earumque
1093 895 1276 964 pretio
1303 895 1403 950 Dei
1440 910 1670 966 regnum
1710 897 1953 952 referre!
1986 896 2144 952 Nunc

555 995 740 1041 autem
775 987 950 1057 palam
983 987 1238 1042 videmus
1263 987 1604 1055 venundati;
1637 1003 1818 1059 neque
1847 989 1901 1044 id
1945 989 2141 1055 multo,

555 1087 619 1132 ut
646 1076 742 1148 qui
765 1077 951 1134 minus
970 1077 1284 1150 locupletes
1308 1088 1461 1147 sunt,
1484 1081 1903 1136 excusationem
1934 1081 2141 1136 nullam

554 1177 881 1240 praztexant.

625 1261 760 1329 Quis
778 1263 852 1317 ita
877 1279 1111 1334 egenus,
1142 1271 1204 1320 ut
1223 1280 1334 1320 non
1353 1266 1530 1336 possit
1563 1265 1677 1322 duo
1706 1266 1904 1338 exigua
1929 1267 2143 1323 minuta

556 1370 754 1426 magna
805 1355 975 1410 animi
1022 1355 1368 1423 incitatione,
1419 1357 1501 1412 uti
1547 1357 1718 1414 vidua
1771 1359 1962 1424 illa",
2009 1358 2144 1414 dare

553 1445 807 1514 Christo;
868 1465 991 1519 quae
1041 1465 1234 1505 revera
1267 1466 1334 1506 ex
1372 1466 1619 1521 paupere
1671 1451 1830 1507 dives
1864 1452 2142 1524 extemplo

553 1538 696 1596 facta
722 1542 852 1596 est?
880 1543 1054 1597 Nemo
1079 1543 1273 1599 inanes
1296 1545 1686 1600 excusationes
1709 1553 1941 1615 qumrat.
1967 1546 2143 1602 Nemo

555 1631 742 1686 dicat:
779 1633 899 1687 Non
951 1634 1159 1702 habeo;
1195 1651 1410 1706 pauper
1462 1651 1606 1690 sum.
1638 1636 1776 1702 Quis
1818 1653 1928 1692 non
1977 1637 2143 1694 habet

553 1721 819 1795 frigidum
847 1741 1004 1796 aqua:
1032 1727 1262 1783 calicem
1293 1729 1316 1781 ?
1345 1727 1482 1795 Quis
1505 1729 1580 1783 ita
1617 1744 1848 1799 egenus,
1876 1738 1935 1783 ut
1961 1728 2142 1784 bonus

2250 526 2368 583 Νῦν
2393 527 2454 582 δὶ
2487 529 2732 602 σήμερον
2772 529 2904 600 παρ’
2932 528 3092 599 ήμῶν
3120 528 3310 584 πολλοὶ
3356 525 3631 598 Λάζαροι.
3668 527 3844 580 Καλὸν

2251 619 2674 691 ἀποκτήσασθαι
2701 619 2794 674 τὸν
2814 619 3039 691 χρυσὸν,
3061 621 3157 674 καὶ
3177 618 3452 691 ἀγοράσαι
3477 619 3574 671 τὸν
3593 619 3839 689 Χριστόν.

2249 707 2396 784 Ἀρα
2425 713 2476 767 ei
2509 712 2586 784 μὴ
2612 707 2682 785 ἦν
2705 713 2978 784 ἀγοράσαι
2993 714 3092 785 τὴν
3121 711 3406 784 βασιλείαν
3433 710 3554 764 τῶν
3573 712 3634 764 οὐ
3645 710 3837 780 per-«Iw,

2249 804 2350 859 οὐκ
2371 799 2518 876 εἶχον
2544 805 2594 858 oi
2627 803 2814 859 πολλοὶ
2844 804 3026 873 λέγειν
3049 821 3065 838 ο
3095 805 3221 859 Εἴθε
3239 800 3309 877 ἦν
3344 802 3538 858 δοῦναι
3564 803 3839 874 χρήματα,

2249 896 2346 951 καὶ
2372 897 2472 968 τὴν
2503 895 2786 968 βασιλείαν
2815 896 2911 950 τοῦ
2925 897 3060 954 Θεοῦ
3085 896 3458 968 κομίσασθαι;
3494 898 3620 946 νυνὶ
3641 893 3700 946 δὲ
3717 895 3843 962 ὁρῶ-

2251 1007 2354 1060 μεν
2387 991 2561 1061 αὐτὴν
2593 989 3054 1062 πιπρασκομένην
3076 989 3395 1061 προφανῶς,
3442 988 3547 1042 καὶ
3571 986 3699 1039 οὐδὲ
3727 987 3845 1039 πολ-

2247 1080 2366 1149 λοῦ,
2387 1081 2475 1137 ἵνα
2509 1081 2587 1154 μὴ
2617 1080 3070 1154 προφασεσωνται
3094 1083 3144 1135 οἱ
3173 1081 3538 1152 πτωχότεροι.

2315 1263 2414 1328 Τίς
2439 1263 2539 1317 οὐκ
2574 1262 2688 1335 ἔχει
2707 1262 2884 1318 λεπτὰ
2904 1261 2999 1317 δύο
3031 1261 3202 1335 μικρὰ
3222 1261 3409 1316 δοῦναι
3439 1259 3674 1330 Χριστῷ
3714 1258 3841 1329 μετὰ

2251 1356 2495 1428 μεγάλης
2529 1356 2863 1428 προθέσεως,
2890 1355 2966 1420 ὡς
2988 1357 3183 1427 ἡχήρα
3208 1355 3470 1425 exeundi
3503 1353 3678 1415 ὅντως
3705 1349 3839 1417 ἐξιξο

2249 1467 2388 1520 φνης
2424 1451 2489 1503 ὲκ
2519 1449 2712 1511 πενίας
2741 1449 3133 1518 πλουτήσασα;
3160 1449 3367 1520 Μηδεὶς
3392 1445 3835 1519 προφασιξέσῧω.

2247 1543 2338 1613 Μή
2375 1558 2465 1612 μοι
2495 1539 2647 1610 λέγε,
2682 1541 2797 1594 Οὐκ
2827 1540 2962 1610 ἔχω·
3015 1541 3232 1612 πτωχός
3276 1541 3418 1609 εἰμι.
3466 1538 3568 1602 Τίς
3603 1539 3707 1590 οὐκ
3734 1538 3838 1606 ἔχει

2249 1635 2510 1705 ποτήριον
2534 1633 2741 1704 ψυχρὸν
2773 1632 2985 1697 ὕδατος.
3016 1633 3112 1697 Τίς
3143 1634 3244 1688 οὐκ
3264 1633 3494 1702 εὐπορεῖ
3518 1632 3683 1698 λόγον
3713 1630 3838 1696 ἀτα-

2250 1727 2371 1793 Θόνς
2404 1725 2499 1790 Τίς
2514 1727 2574 1780 οὐ
2587 1725 2810 1780 δύναται
2836 1727 3086 1794 στενάξαι
3112 1725 3206 1780 ἐπὶ
3233 1725 3469 1795 attraxi};
3503 1724 3698 1786 Οὐδεὶς
3721 1723 3834 1775 τού-

552 1831 680 1870 eum
737 1834 922 1873 sermo
985 1818 1248 1876 deﬁciat?
1281 1820 1383 1876 Cui
1431 1837 1542 1876 non
1595 1821 1727 1876 licet
1782 1831 1842 1876 ut
1888 1822 2143 1893 pauperis

2255 1838 2357 1874 των
2383 1823 2602 1892 ἀπορεῖ.
2636 1821 2776 1875 Ἀλλ’
2798 1821 2969 1884 ὅντως
2988 1823 3023 1890 ἡ
3039 1817 3233 1890 γνώμη
3253 1817 3496 1888 ἀσθενής
3523 1831 3539 1844 ⁸
3568 1819 3668 1870 καὶ
3687 1815 3834 1869 τοῦτο

554 1908 912 1966 miseratione
955 1913 1183 1983 gemat?
1224 1913 1371 1967 Nulli
1403 1913 1521 1968 hare
1555 1912 1787 1968 facultas
1831 1912 2007 1967 deest.
2069 1915 2139 1968 At

2255 1915 2626 1986 γινώσκοντες,
2657 1917 2740 1970 ὅτι
2767 1916 2858 1969 καὶ
2887 1915 3052 1986 ἡμεῖς
3079 1911 3424 1985 αἰχμάλωτοι
3448 1910 3544 1965 ὃν.
3564 1951 3577 1966 .
3597 1949 3614 1965 .

554 2016 748 2058 revera
772 2003 995 2058 animus
1040 2003 1294 2060 inﬁrmus
1325 2013 1408 2060 est
1446 2022 1460 2059 :
1493 2004 1658 2075 idque
1691 2020 1818 2061 cum
1874 2006 2138 2071 sciamus,

550 2107 674 2150 esse
707 2109 810 2149 nos
833 2111 1054 2167 quoque
1087 2098 1408 2168 captivos...

1089 2214 1312 2286 (Desunt
1349 2217 1604 2287 reliqua.)

2903 2213 3175 2285 (Λείπει.)

626 2371 674 2403 ⁸⁸
706 2369 840 2427 Luc.
875 2385 949 2437 vt,
986 2371 1079 2431 l9.
1151 2373 1199 2407 ⁸³
1230 2375 1368 2431 Luc.
1398 2390 1510 2439 xxi,
1541 2375 1596 2430 2.

1783 2822 1786 2826 _
1840 2761 2015 2807 ANNO
2058 2759 2290 2806 nomen
2330 2760 2542 2805 ncxw.

1596 2932 2773 3124 MODESTUS

1114 3237 2376 3351 HIEBOSOLYMITANUS
2475 3255 3274 3350 PATRIARCHA.

2022 3568 2352 3630 NOTITIA.

1545 3737 1848 3810 (Comum-'13.
1886 3732 2134 3790 Biblioth.
2167 3734 2462 3789 concional.
2491 3741 2530 3791 ι.
2555 3731 2600 3801 Ι,
2628 3750 2689 3805 p.
2717 3734 2836 3809 3i.)

2161 3877 2232 3890 _

615 4006 916 4073 Modestus,
943 4005 1219 4062 Zacharize
1242 4004 1296 4060 in
1323 4004 1972 4076 sedellierosolymilana
2001 4020 2308 4072 successor,
2334 4004 2612 4075 illiusque,
2636 4021 2704 4062 eo
2732 4007 2950 4078 captivo
2976 4007 3032 4062 in
3058 4007 3285 4079 regione
3303 4008 3629 4077 Persarum,
3659 4010 3817 4068 admi-

543 4099 843 4164 nistrator;
878 4098 1035 4170 cujus
1067 4096 1232 4150 etiam
1268 4095 1380 4151 sint
1423 4095 1538 4161 illa,
1584 4110 1684 4166 per
1719 4105 1939 4167 tempus
1985 4095 2120 4151 illud
2145 4097 2500 4168 captivitatis,
2536 4097 2683 4152 dicta
2713 4113 2776 4153 ac
2811 4099 3015 4169 scripta
3046 4099 3290 4156 solandis
3327 4103 3521 4172 populi
3556 4105 3811 4175 reliquiis,

543 4209 667 4265 quae
697 4190 1082 4262 repraesentari
1115 4189 1395 4260 manipulo
1424 4188 1518 4244 illo
1541 4197 1872 4244 tractatuum
1899 4187 2301 4261 Chrysostomi,
2329 4188 2640 4256 Severiani,
2670 4189 2854 4246 Basilii
2882 4191 3168 4258 Seleuciae,
3199 4201 3332 4258 etc.,
3362 4194 3576 4266 quibus
3612 4197 3690 4252 sic
3709 4214 3816 4269 gra-

544 4290 704 4362 phice
726 4289 846 4360 ejus
867 4285 1203 4358 captivitatis
1239 4285 1490 4346 miserias
1522 4283 1807 4354 deplorat;
1855 4283 2120 4355 quasdam
2159 4284 2383 4355 scripsit
2413 4284 2680 4341 llomilias
2703 4286 2758 4340 in
2780 4286 3044 4344 mulieres
3080 4299 3360 4360 unguenta
3392 4289 3671 4358 ferentes,
3694 4292 3813 4349 etin

547 4387 748 4442 festum
782 4382 1079 4446 Occursus,
1108 4395 1340 4450 quarum
1376 4388 1633 4448 excerpta
1667 4378 1820 4434 dedit
1868 4379 2118 4443 Photius,
2162 4378 2354 4434 codice
2389 4377 2514 4444 275,
2547 4395 2614 4435 ex
2643 4394 2755 4450 quo
2804 4379 2922 4450 ipse
2961 4389 3264 4438 mutuatus.
3310 4383 3718 4442 Laudationem
3763 4386 3811 4440 in

543 4473 938 4529 Dormitionem
980 4481 1182 4528 sancta:
1213 4471 1308 4525 Dei
1337 4469 1632 4525 Genitricis
1667 4485 1724 4525 se
1759 4470 1958 4540 legisse
1991 4470 2067 4524 ait
2105 4470 2358 4538 Photius,
2397 4471 2535 4526 nihil
2571 4481 2755 4528 tamen
2796 4473 2854 4529 in
2895 4474 2985 4529 illa
3017 4475 3394 4531 necessarium
3427 4479 3730 4545 invenisse,
3755 4498 3810 4537 ac

541 4567 810 4638 eiusmodi
845 4565 1027 4638 qualia
1061 4565 1229 4620 habet
1260 4561 1339 4618 illi
1379 4563 1648 4634 superior,
1683 4562 1780 4626 Εἰς
1812 4563 1911 4627 τὰς
1950 4563 2312 4639 μυροφόρους.
2345 4563 2486 4619 Sunt
2514 4573 2665 4620 certe
2695 4565 2845 4621 illius
2872 4567 3171 4638 singularia
3196 4568 3264 4624 de
3300 4570 3649 4642 Magdalena,
3677 4575 3808 4646 quod

540 4660 698 4731 virgo
730 4660 916 4726 fuerit,
946 4657 1097 4729 quod
1145 4665 1270 4728 post
1318 4665 1519 4711 sanctae
1551 4655 1736 4711 Mariae
1778 4656 2204 4723 Dormitionem,
2240 4656 2506 4713 Joannem
2553 4659 2833 4730 Ephesum
2873 4673 3063 4718 secuta
3109 4663 3211 4727 sit,
3252 4663 3444 4735 ibique
3495 4671 3808 4740 martyrium

541 4751 743 4809 obierit
770 4770 788 4808 :
822 4749 968 4822 quod
1008 4749 1111 4805 sub
1141 4746 1310 4802 Maria
1349 4747 1448 4802 Dei
1477 4746 1759 4802 Genitrice
1788 4757 1843 4803 et
1883 4747 2100 4819 Virgine
2125 4747 2236 4804 dux
2281 4758 2338 4804 et
2381 4749 2639 4821 princeps
2672 4749 2880 4807 Christi
2913 4751 3333 4824 discipularum,
3361 4755 3442 4810 uti
3479 4757 3600 4814 fere
3628 4761 3806 4819 Petrus

540 4844 939 4916 discipulorum
967 4841 1299 4906 exsisteret;
1332 4838 1421 4894 cui
1459 4854 1754 4893 commune
1785 4855 1910 4894 cum
1945 4839 2035 4894 illa
2082 4856 2288 4896 nomen
2335 4849 2519 4896 esset:
2552 4842 2759 4912 duplici
2794 4843 2964 4899 choro
2996 4845 3392 4917 discipulorum
3418 4858 3478 4904 et
3512 4851 3803 4924 discipula-

541 4954 688 5002 rum,
719 4936 813 5006 qui
855 4933 1146 4990 Dominum
1177 4940 1386 5002 etquae
1414 4930 1631 4986 Domini
1667 4931 1894 4986 Matrem
1945 4942 2290 5004 sequeretur,
2324 4950 2450 4990 cum
2490 4935 2704 4991 scilicet
2744 4937 3011 4993 Dominus
3055 4954 3180 4994 cum
3216 4941 3554 4999 mulieribus
3614 4965 3805 5003 senue-

540 5048 668 5090 nem
691 5047 802 5087 non
831 5030 1088 5086 misceret
1114 5047 1127 5082 :
1150 5027 1281 5094 Qua:
1303 5027 1388 5081 vir
1417 5037 1664 5091 sanctus,
1693 5027 1895 5098 partim
1926 5042 1994 5081 ex
2021 5026 2307 5097 Scriptura
2336 5027 2616 5091 habuerit,
2653 5028 2852 5099 partim
2889 5045 2953 5084 ex
2995 5047 3108 5085 suae
3135 5031 3395 5088 Ecclesiae
3424 5037 3667 5104 quadam
3701 5049 3802 5092 tra-

541 5127 785 5192 ditione;
823 5124 878 5179 in
911 5140 1075 5194 quam
1107 5124 1416 5194 inquirere,
1459 5122 1642 5193 iisque
1679 5138 2013 5193 componere
2043 5139 2166 5192 qua:
2207 5121 2275 5178 de
2313 5123 2627 5195 Magdalena
2669 5126 2761 5180 alii
2813 5126 3038 5194 habent,
3069 5143 3173 5183 nec
3219 5129 3315 5184 otii
3363 5132 3456 5197 sit,
3501 5149 3608 5190 nec
3648 5134 3799 5205 hujus

539 5235 739 5292 operae.
765 5219 885 5275 Non
912 5217 1046 5273 satis
1066 5217 1324 5273 convenit
1351 5215 1674 5287 Theophani
1700 5225 1756 5272 et
1781 5225 1972 5271 sancto
2001 5215 2336 5287 Nieepboro,
2361 5218 2713 5288 quandonam
2743 5219 2924 5276 factus
2954 5222 3248 5294 episc0pus
3269 5223 3572 5290 Modestus,
3604 5238 3661 5283 et
3680 5245 3799 5283 num

541 5313 834 5370 Zacharias
863 5309 1032 5366 redux
1069 5326 1098 5365 a
1129 5309 1448 5380 captivitate
1477 5309 1596 5382 ipse
1625 5307 1883 5364 Heraclio
1922 5307 2107 5363 socius
2139 5309 2307 5364 fuerit
2361 5325 2426 5366 ac
2467 5311 2689 5384 adjutor
2729 5314 3044 5383 reponenda
3091 5314 3308 5369 Domini
3345 5333 3531 5384 cruce,
3561 5321 3652 5375 vel
3686 5332 3800 5376 ante

541 5400 686 5456 diem
717 5399 938 5455 obierit.
970 5398 1106 5465 lmo,
1139 5413 1272 5453 num
1311 5397 1424 5471 jam
1473 5398 1720 5454 Modesto
1759 5398 2022 5468 episcopo
2052 5398 2186 5454 urbs
2219 5410 2374 5471 capta
2420 5401 2520 5468 sit;
2565 5419 2687 5472 qua:
2732 5405 2910 5459 sancti
2943 5405 3242 5478 Nicephori
3273 5410 3544 5466 sententia
3589 5413 3801 5470 videtur

543 5491 771 5546 adversa
795 5488 1149 5560 Theophanis
1179 5488 1425 5544 historia:
1448 5499 1505 5544 et
1544 5489 2027 5562 chronographize.
2069 5489 2184 5558 Qua
2225 5491 2294 5548 de
2325 5507 2384 5548 re
2419 5493 2696 5563 Petavius,
2737 5494 2806 5550 ad
2847 5506 3096 5553 sanctum
3134 5493 3534 5571 Nicephorum,
3567 5502 3631 5559 P.
3663 5502 3800 5560 Goer

540 5585 602 5643 in
623 5578 979 5656 Theophane,
1009 5581 1236 5654 ipseque
1266 5581 1414 5638 notis
1450 5579 1517 5638 ad
1552 5597 1679 5638 eum
1710 5591 1917 5653 poster.
