4006 6526
223 369 373 435 2269
1701 367 2026 433 ΝΟΤΙἸἹΑ.
3323 362 3465 429 3270

1525 711 1827 774 ΝΟΤΙΤΙΑ
1861 712 2179 774 ALTERA.

1306 873 1583 945 (LEQUlEN.
1614 871 1704 929 Or.
1740 872 1933 929 Christ.
1964 883 2002 928 t.
2030 873 2119 938 lll,
2147 875 2200 944 p.
2233 870 2384 941 23:8.)

303 1168 566 1226 Zacharia
588 1168 1084 1242 Hierosolymitano
1111 1169 1424 1240 patriarcha
1463 1169 1704 1226 abducto
1740 1170 1795 1224 in
1817 1167 2099 1224 Persidem
2145 1183 2288 1222 anno
2320 1166 2521 1223 Christi
2578 1167 2702 1230 614,
2738 1166 2887 1221 circa
2927 1182 3172 1223 mensem
3217 1167 3460 1231 Junium,

230 1267 296 1314 ut
323 1273 492 1328 supra
539 1259 748 1314 dictum
772 1267 878 1320 est,
914 1273 984 1312 ne
1015 1257 1251 1327 pastoris
1279 1258 1544 1328 regimine
1590 1258 1707 1311 haec
1740 1258 1978 1312 ecclesia
2028 1265 2266 1320 careret,
2301 1257 2421 1326 ejus
2450 1255 2984 1311 administrationem
3011 1257 3244 1326 sumpsit
3285 1257 3373 1326 (ad
3408 1257 3464 1312 id

230 1347 554 1417 designatus
578 1346 770 1415 procul
795 1345 966 1402 dubio
996 1345 1064 1400 ab
1095 1346 1214 1416 ipso
1241 1345 1508 1399 Zacharia
1533 1361 1667 1400 suus
1698 1361 1798 1414 per
1832 1345 2138 1400 absentiam
2157 1342 2420 1411 vicarius,
2452 1358 2515 1398 ac
2543 1343 2610 1397 de
2630 1359 2902 1398 consensu
2924 1343 3305 1414 episcOporum
3335 1360 3464 1414 pro-

227 1433 432 1489 vincia:
463 1433 558 1502 qui
587 1433 963 1502 captivitatem
989 1431 1318 1502 eﬁ'ugerant)
1349 1432 1650 1495 Modestus,
1687 1433 1754 1486 de
1786 1449 1895 1502 quo
1926 1432 2259 1487 Antiochum
2305 1431 2361 1486 in
2408 1431 2642 1501 epistola
2685 1431 2796 1502 jam
2847 1430 3015 1485 citata
3049 1431 3294 1485 locutum
3325 1432 3467 1486 Vidi-

229 1537 376 1575 mus.
410 1520 460 1573 ls
483 1520 807 1588 prmpositus
827 1528 945 1574 erat
980 1519 1298 1573 monasterii
1334 1519 1506 1574 sancti
1540 1519 1835 1573 Theodosii
1859 1521 1911 1574 in
1939 1519 2244 1585 Palaestina,
2276 1535 2342 1574 ex
2365 1519 2705 1590 Papebroch.
2743 1529 2868 1572 tom.
2908 1517 2964 1572 11
2994 1517 3186 1583 .llart.,
3217 1521 3287 1573 ad
3327 1521 3465 1574 diem

233 1609 324 1673 Η,
353 1625 404 1661 u.
449 1606 538 1672 24,
570 1622 692 1675 pag.
728 1607 818 1668 68,
847 1607 946 1659 col.
973 1607 1023 1658 2.
1054 1606 1284 1672 Quando
1314 1606 1429 1661 hmc
1476 1606 1627 1660 sedis
1673 1606 2182 1677 Hierosolymitanat
2218 1621 2349 1660 cura
2379 1606 2429 1660 ci
2459 1608 2750 1660 commissa
2806 1614 2909 1668 est,
2965 1604 3289 1675 insignitum
3335 1621 3468 1675 pro-

232 1704 421 1764 pterea
449 1692 744 1762 episc0pali
775 1701 1074 1752 caractcte,
1105 1693 1233 1747 licet
1265 1707 1524 1762 expresse
1563 1707 1673 1746 non
1711 1691 1932 1746 tradant
1965 1701 2242 1757 auctores,
2272 1692 2426 1746 illum
2457 1693 2546 1746 vix
2593 1691 2804 1746 inlicias
2839 1691 3017 1755 iverit,
3051 1690 3145 1761 qui
3188 1692 3464 1758 eumdem,

231 1782 453 1836 vivente
481 1780 662 1834 adhuc
688 1780 974 1844 Zacharia,
999 1781 1506 1850 Hierosolymorum
1531 1781 1820 1851 praesulem
1854 1781 2130 1835 interdum
2155 1779 2430 1834 nominari
2452 1779 2773 1834 adverterit.
2802 1779 2877 1832 Ea
2903 1778 3087 1848 itaque
3116 1779 3467 1833 administra-

231 1867 383 1922 tione
415 1876 632 1931 auctus,
660 1866 944 1920 nominato
975 1865 1028 1918 in
1058 1865 1307 1935 praedicti
1334 1865 1657 1922 monasterii
1681 1867 1932 1922 abbatem
1972 1866 2228 1938 Georgio,
2261 1881 2456 1936 magno
2485 1865 2706 1930 ardore,
2733 1880 2842 1919 non
2875 1865 2943 1919 iis
2990 1874 3199 1920 tantum
3237 1881 3358 1934 quze
3399 1866 3466 1921 ad

233 1954 580 2025 Spiritualem
605 1952 914 2006 animarum
944 1955 1278 2022 prol‘ectum,
1319 1963 1378 2009 et
1406 1955 1800 2009 monachorum
1829 1954 2100 2023 imprimis
2126 1954 2374 2024 requiem
2406 1953 2716 2007 attinebant
2750 1953 3050 2023 prospexit,
3097 1953 3190 2007 sed
3241 1953 3468 2022 insuper

233 2042 390 2112 quasi
424 2041 563 2096 alter
595 2039 925 2104 Zorobabel,
957 2041 1010 2094 in
1048 2042 1426 2096 restaurandis
1447 2041 1694 2098 aediﬁciis
1722 2058 1787 2097 ac
1837 2042 2053 2111 templis
2083 2058 2204 2112 cura:
2256 2041 2377 2111 igne
2412 2049 2738 2111 consumpta
2772 2040 3010 2105 fuerant,
3048 2040 3470 2096 adversantibus

231 2130 366 2185 licet
403 2138 513 2184 tota
541 2129 744 2182 virtute
772 2128 1000 2194 Judaeis,
1031 2129 1325 2200 Persisque
1355 2130 1693 2202 tyrannicam
1715 2139 1839 2186 actu
1879 2131 2270 2186 exercentibus
2298 2131 2354 2183 in
2385 2129 2672 2184 Palaestina
2702 2129 3156 2194 dominationem,
3190 2129 3336 2199 quod
3367 2129 3470 2183 im-

227 2217 496 2288 possibile
525 2215 841 2282 videbatur,
873 2227 1155 2272 strenuam
1189 2216 1552 2272 nihilominus
1582 2217 1824 2273 admovit
1861 2234 2106 2288 operam.
2158 2218 2550 2273 Monachorum
2598 2217 2691 2288 qui
2727 2233 2756 2272 a
2812 2216 3102 2272 Saracenis
3155 2217 3469 2272 immaniter

235 2304 494 2359 trucidati
535 2303 754 2358 fuerant
786 2303 1077 2372 exsequias
1118 2303 1430 2358 celebrasse
1457 2303 1570 2374 jam
1604 2303 2044 2371 observavimus,
2102 2315 2362 2360 narrante
2393 2305 2684 2370 Antiocho,
2735 2305 2829 2375 qui
2884 2305 2963 2360 sic
3006 2301 3360 2375 prosequitur
3411 2305 3469 2362 in

229 2391 426 2446 eadem
459 2389 690 2461 epistola
721 2405 812 2460 pp.
850 2389 1006 2455 1025,
1040 2389 1200 2456 1024,
1237 2399 1293 2446 et
1325 2390 1470 2460 apud
1504 2389 1704 2447 Baron.
1730 2391 1796 2446 ad
1827 2408 1957 2447 ann.
1987 2393 2090 2448 606
2140 2409 2239 2448 nn.
2279 2393 2312 2447 5
2352 2376 2490 2448 et'G.
2518 2390 2622 2446 Nos
2655 2391 2874 2463 proinde
2913 2390 3136 2445 humiles
3171 2399 3220 2444 et
3257 2393 3467 2462 abjecti,

231 2479 410 2548 gratia
439 2478 668 2548 primum
689 2475 806 2542 Dei,
829 2477 1018 2531 deinde
1043 2479 1182 2531 seria
1213 2477 1498 2532 admodum
1527 2486 1576 2531 et
1599 2487 1852 2533 accurata
1876 2479 2151 2551 diligentia
2186 2480 2578 2551 prwmemorati
2611 2479 2932 2533 sanctissimi
2964 2478 3202 2542 Modesti,
3228 2479 3470 2532 sedenta-

231 2566 373 2618 riam
399 2565 534 2619 hanc
569 2565 824 2634 exigimus
845 2564 1007 2620 vitam
1036 2566 1091 2619 in
1119 2564 1360 2619 liberiore
1403 2574 1451 2618 et
1495 2565 1868 2637 tranquilliore
1889 2569 2014 2621 otio.
2057 2567 2125 2622 Et
2151 2582 2345 2622 rursus
2381 2583 2394 2620 :
2435 2564 2621 2620 Gratia
2666 2567 2790 2619 item
2822 2565 3037 2630 Christi,
3083 2565 3175 2618 sed
3213 2574 3262 2620 et
3287 2565 3470 2619 solerti

233 2651 525 2706 sedulitate
539 2651 660 2722 jam
691 2650 818 2705 dicti
847 2652 1134 2706 venerandi
1162 2653 1401 2724 apprime
1430 2651 1611 2706 Patris
1638 2655 1806 2708 nostri
1846 2655 2086 2722 Modesti,
2131 2664 2318 2709 cuncta
2373 2657 2428 2709 id
2471 2656 2718 2725 temporis
2753 2654 3057 2708 incoluntur
3118 2655 3279 2725 eﬂ‘usa
3321 2656 3472 2708 istius

234 2738 398 2792 eremi
426 2740 768 2792 monasteria.
797 2739 866 2793 Et
888 2739 1051 2808 paulo
1076 2747 1204 2809 post
1229 2756 1241 2792 :
1269 2737 1566 2810 Supersunt
1593 2741 1780 2794 nuntia
1804 2741 2005 2814 aliquot
2026 2759 2155 2796 sane
2181 2759 2341 2814 quam
2379 2741 2524 2807 lana,
2557 2758 2778 2813 quorum
2807 2741 2954 2810 ﬁdeli
2985 2741 3178 2807 relatu,
3208 2751 3255 2795 et
3275 2751 3468 2806 vestra,

237 2838 286 2883 et
327 2828 494 2882 omnis
522 2828 796 2882 sinceriter
828 2827 1117 2884 Christiani
1142 2829 1324 2883 anima
1349 2834 1536 2883 merito
1567 2829 1729 2900 possit
1762 2831 2162 2886 exhilarescere.
2188 2833 2313 2887 Ilwc
2338 2833 2500 2904 igitur
2527 2848 2591 2886 ea:
2639 2841 2887 2903 promptu
2910 2840 2958 2885 et
2991 2831 3171 2887 alacer
3214 2834 3474 2888 annuntio

234 2915 376 2971 vobis
397 2932 415 2969 :
448 2913 709 2970 Modestus
730 2917 1029 2971 sanctitatis
1061 2917 1268 2971 eximia:
1293 2918 1376 2972 vir
1405 2917 1491 2988 (de
1517 2933 1618 2987 quo
1644 2934 1748 2972 non
1780 2917 1941 2973 semel
1990 2920 2230 2986 dictum),
2263 2936 2365 2973 non
2388 2935 2565 2973 eorum
2605 2918 2757 2972 modo
2792 2918 3063 2989 providam
3113 2920 3244 2990 gerit
3288 2937 3473 2974 curam

242 3003 524 3067 sollicitus,
555 3020 674 3074 qua:
705 3019 800 3075 per
831 3004 967 3058 hanc
991 3015 1199 3060 vastam
1228 3020 1459 3058 eremum
1493 3007 1722 3076 sparsim
1751 3007 1968 3078 disjecta
2001 3016 2124 3062 sunt
2151 3009 2610 3071 monasteriorum,
2633 3006 2722 3061 sed
2761 3014 2809 3060 et
2835 3005 3171 3060 moderanda:
3195 3008 3314 3060 huic
3344 3008 3474 3061 civi-

235 3093 357 3157 tati,
389 3108 451 3146 ac
472 3093 728 3146 universae
761 3091 1200 3161 circumﬁnitima:
1251 3093 1452 3164 regioni
1489 3093 1710 3148 solerter
1747 3095 2016 3165 prospicit,
2057 3093 2166 3148 Deo
2193 3094 2356 3148 eidem
2379 3103 2685 3164 cooperante
2716 3095 2772 3148 in
2826 3093 3084 3148 omnibus.
3105 3092 3201 3147 Hic
3241 3094 3380 3146 enim
3403 3093 3474 3146 ad

235 3180 410 3234 vivum
442 3177 586 3232 nobis
611 3178 858 3249 exprimit
886 3179 1171 3250 imaginem
1195 3180 1314 3233 novi
1339 3179 1636 3250 cujuspiaur
1660 3178 1958 3246 Beseleelis,
1989 3189 2082 3234 aut
2108 3179 2621 3234 certe’Zorobabelis.
2648 3178 2835 3236 Gratia
2873 3181 3013 3234 enim
3030 3178 3216 3249 plenus
3246 3177 3473 3252 Spiritus

233 3263 432 3330 sancti,
461 3265 654 3336 templa
686 3263 980 3321 Saluatoris
1012 3267 1179 3322 nostri
1204 3265 1330 3322 Iesu
1361 3265 1576 3333 Christi,
1595 3283 1712 3338 qua
1762 3268 1971 3340 quidem
2021 3266 2298 3322 barbarico
2340 3269 2459 3338 igne
2499 3269 2922 3338 conﬂagrarunt,
2971 3267 3028 3321 in
3072 3267 3294 3322 sublime
3322 3269 3474 3339 erigit

235 3353 384 3407 omni
408 3367 623 3423 prorsus
646 3354 808 3425 digna
841 3355 1194 3418 veneratione,
1224 3363 1352 3425 puta
1406 3354 1541 3409 cedes
1570 3363 1770 3409 sancta:
1803 3351 2088 3421 Calvariae,
2139 3370 2202 3407 ac
2251 3363 2453 3408 sancta:
2500 3353 2938 3419 Resurrectionis,
2996 3353 3209 3408 domum
3258 3355 3476 3425 insuper

234 3441 454 3510 dignam
475 3441 617 3494 omni
643 3441 838 3494 honore
857 3441 1171 3496 veneranda:
1195 3440 1398 3508 Crucis,
1427 3457 1544 3512 qua:
1569 3440 1744 3495 Mater
1767 3441 2126 3496 Ecclesiarum
2155 3450 2231 3496 est
2245 3459 2264 3508 ;
2300 3443 2391 3496 sed
2411 3451 2461 3496 et
2479 3450 2678 3497 sanctcv
2697 3442 3079 3514 Assumptionis
3099 3443 3261 3497 azdem
3291 3461 3322 3498 a
3353 3445 3476 3513 fun-

233 3527 498 3582 damentis
536 3527 828 3598 exwdiﬁcat
862 3529 1034 3583 :adeo
1062 3537 1119 3582 ut
1149 3544 1241 3598 per
1267 3529 1376 3582 hate
1413 3529 1538 3582 laeta
1572 3529 1748 3594 initia,
1780 3528 1845 3582 de
1881 3529 2072 3598 futuris
2107 3545 2312 3601 quoque
2355 3546 2470 3599 spes
2515 3529 2872 3600 amplissimas
2915 3531 3292 3602 concipiamus,
3322 3531 3478 3602 idque

233 3614 321 3670 vel
341 3615 402 3668 ob
431 3631 514 3669 eos
541 3617 770 3670 maxime
788 3617 878 3688 qui
915 3616 1013 3670 huc
1045 3625 1332 3686 sperantur
1360 3617 1566 3670 venturi
1596 3615 1661 3669 ab
1691 3617 1918 3670 externis
1944 3617 2239 3687 regionibus
2268 3625 2453 3671 sancta
2481 3617 2590 3670 haec
2620 3615 2736 3670 loca
2769 3626 2823 3670 ut
2862 3617 3102 3682 adorent,
3135 3627 3192 3672 ut
3222 3635 3397 3673 omnes
3421 3619 3476 3672 in

228 3719 512 3756 commune
539 3702 891 3773 gloriﬁcemus
923 3703 1114 3757 Deum.
1161 3702 1287 3759 Ilzec
1314 3703 1637 3758 Antiochus.
1681 3702 2096 3772 Papcbrochius
2146 3719 2280 3758 vero
2322 3713 2476 3757 tract.
2513 3702 2804 3774 pra’limiu.
2841 3705 2895 3758 in
2926 3713 3052 3758 tom.
3080 3704 3168 3759 ΙΙΙ
3197 3707 3473 3763 Actorum.

231 3790 431 3844 mensis
461 3789 611 3854 Maii,
635 3805 687 3858 p.
721 3790 810 3852 5i,
839 3806 892 3842 ιι.
927 3789 1047 3853 156,
1081 3790 1180 3845 col.
1218 3791 1266 3856 1,
1297 3800 1586 3861 postquam
1622 3791 1814 3845 retulit
1857 3791 2031 3845 verba
2061 3791 2310 3861 quaedam
2345 3790 2592 3860 epistola:
2624 3789 2904 3844 Zachariae
2936 3790 2990 3844 in
3019 3790 3243 3846 Perside
3273 3792 3476 3862 captivi

229 3877 309 3932 ad
340 3877 602 3946 populum
647 3877 1232 3948 Ilierosolymitanum,
1275 3893 1396 3948 qua:
1439 3894 1541 3933 nos
1590 3893 1756 3948 supra
1783 3876 1852 3933 de
1877 3877 2139 3932 Zacharia
2165 3885 2392 3948 agentes
2424 3892 2490 3932 ex
2515 3877 2634 3946 ipso
2670 3876 3023 3940 adduximus,
3061 3877 3290 3932 subdit:
3327 3879 3478 3933 Hanc

233 3965 547 4034 epistolam,
578 3963 867 4034 prolixiori
901 3965 1032 4029 alia,
1070 3965 1342 4034 planeque
1377 3964 1444 4019 ad
1474 3964 1799 4020 movendam
1829 3965 2311 4034 compunctionem
2349 3962 2578 4028 eﬁicaci,
2633 3963 2701 4017 ad
2744 3979 2937 4020 omnes
2976 3963 3169 4020 ﬁdeles
3215 3965 3479 4022 exhorta-

237 4052 390 4105 tione
418 4051 773 4120 prosequitur
800 4051 1076 4107 Modestus
1108 4051 1386 4108 Zacharite
1419 4052 1690 4114 vicarius;
1720 4060 1776 4107 et
1831 4061 2090 4122 tanquam
2118 4067 2281 4107 suum
2335 4059 2724 4106 testamentum
2759 4052 3026 4118 condens,
3077 4053 3260 4109 omnis
3283 4055 3479 4110 condi-

233 4137 429 4201 tionis,
459 4137 636 4194 aetatis
658 4153 722 4193 ac
755 4153 918 4194 sexus
955 4139 1146 4194 ﬁdeles
1171 4139 1338 4194 oﬁicii
1361 4140 1448 4194 sui
1476 4139 1759 4205 admonet,
1785 4139 2058 4210 incipiens
2086 4139 2152 4193 ab
2175 4138 2432 4192 tristibus
2473 4138 2543 4193 iis
2580 4154 2706 4208 qua:
2747 4139 2954 4194 residui
2998 4140 3055 4194 in
3097 4139 3234 4195 urbe
3291 4149 3479 4196 sancta

233 4224 454 4288 ﬁdeles,
489 4231 611 4293 post
639 4239 887 4290 crucem,
914 4226 1284 4296 patriarcham
1311 4233 1368 4280 et
1392 4235 1624 4282 caeteros
1659 4227 1948 4292 abductos,
1978 4226 2261 4281 viderunt.
2287 4225 2501 4280 Laudat
2526 4225 2580 4278 in
2609 4224 2802 4294 primis
2846 4226 3206 4281 Nicodemum
3251 4242 3315 4282 ac
3347 4243 3480 4282 con-

227 4314 420 4385 jugem
446 4311 843 4382 Magdalenam,
879 4314 966 4383 qui
991 4322 1272 4384 postquam
1301 4315 1472 4368 hostes
1503 4315 1745 4367 exiissem
1775 4322 1932 4386 atque
1959 4314 2012 4367 in
2037 4312 2306 4368 Persidem
2342 4313 2635 4376 rediissent,
2665 4320 2828 4366 totam
2869 4313 3064 4366 circum
3098 4313 3276 4368 urbem
3303 4330 3365 4367 ac
3399 4315 3480 4368 vi-

230 4418 325 4456 cos
353 4401 660 4466 lustrantes,
697 4401 1028 4471 fratrumque
1060 4402 1312 4473 reliquias
1354 4391 1643 4472 insepulth
1669 4403 1849 4474 jacere
1903 4401 2294 4471 conspicientes,
2339 4401 2571 4470 projecta
2611 4400 2843 4470 sparsim
2911 4403 3168 4455 cadavera
3203 4417 3480 4456 coacerva-

236 4499 364 4543 runt
389 4491 444 4542 in
479 4505 712 4560 specum,
739 4504 856 4558 qua:
879 4496 955 4542 est
985 4498 1110 4542 ante
1146 4498 1378 4560 portam,
1416 4493 1484 4544 ad
1501 4493 1779 4562 sexaginta
1807 4490 2034 4559 quinque
2053 4487 2244 4540 millia.
2277 4487 2345 4540 Et
2375 4487 2531 4542 abiis
2558 4487 2773 4556 exquiri
2801 4487 2978 4558 jubet,
3007 4504 3110 4557 qua
3135 4487 3306 4557 forma
3324 4497 3481 4558 atque

230 4578 421 4631 habitu
449 4577 849 4632 inveniebantur
878 4575 989 4631 solo
1003 4578 1160 4630 strati
1181 4578 1317 4631 beati
1344 4578 1424 4632 illi
1447 4578 1534 4648 qui
1556 4579 1648 4633 sub
1678 4580 1732 4631 id
1759 4589 1958 4650 tempus
1980 4585 2285 4632 meruerunt
2311 4576 2690 4646 Hierosolymis
2721 4577 2904 4630 occidi.
2935 4574 3050 4640 Quo
3074 4578 3225 4629 modo
3249 4577 3477 4633 scilicet:

237 4664 383 4718 alter
409 4682 441 4718 a
474 4666 642 4735 capite
668 4664 737 4718 ad
763 4681 853 4718 cor
883 4680 1046 4736 usque
1069 4664 1260 4718 vulnus
1290 4674 1583 4733 acceperat,
1632 4664 1769 4718 alter
1798 4667 1860 4719 ab
1897 4667 2129 4720 humeris
2162 4665 2232 4720 ad
2264 4681 2425 4734 usque
2478 4672 2735 4728 ventrem,
2761 4663 2897 4718 alius
2921 4665 3148 4735 quinque
3191 4663 3270 4717 vel
3306 4664 3478 4718 decem

236 4753 372 4805 ictus
401 4753 457 4805 in
479 4751 739 4805 intestinis
762 4749 1005 4814 habebat,
1033 4751 1171 4805 alius
1203 4752 1452 4804 dissectus
1475 4751 1672 4805 medius
1705 4753 1861 4822 inque
1891 4753 1994 4806 duo
2025 4751 2219 4806 divisus
2245 4760 2383 4816 erat,
2422 4751 2519 4805 alii
2560 4759 2740 4806 ventre
2788 4767 2909 4805 ense
2949 4752 3185 4822 perfosso
3227 4751 3478 4805 intestina

236 4839 422 4894 omnia
452 4840 614 4910 eﬁ'usa
633 4839 888 4909 ﬂuebant,
915 4837 1105 4905 alium,
1141 4841 1250 4892 ovis
1285 4839 1460 4892 instar
1485 4840 1538 4893 in
1569 4838 1948 4904 macello,.diri
1976 4839 2249 4908 carniﬁces
2277 4839 2331 4892 in
2363 4838 2534 4908 frusta
2589 4837 2747 4909 plura
2775 4838 3134 4901 conciderant,
3163 4844 3258 4890 etc.
3287 4835 3330 4890 A
3367 4837 3480 4892 Μο-

239 4925 402 4980 desto
432 4923 488 4980 S.
520 4924 843 4980 Anastasius
870 4926 1056 4990 Persa,
1087 4925 1180 4995 qui
1211 4941 1403 4981 recens
1438 4925 1598 4980 ﬁdem
1622 4925 1825 4981 Christi
1862 4926 2143 4996 amplexus
2179 4926 2379 4991 fuerat,
2419 4925 2751 4996 baptismum
2796 4923 3039 4993 suscepit
3065 4924 3474 4996 Hierosolymis,

238 5023 306 5068 ut
333 5012 504 5067 refert
531 5011 695 5083 hujus
721 5011 986 5082 temporis
1009 5013 1247 5082 scriptor
1280 5013 1336 5067 in
1369 5014 1519 5068 Actis
1551 5014 1692 5084 ejus,
1714 5029 1835 5084 qua:
1871 5013 1927 5068 in
1955 5015 2196 5070 secunda
2246 5013 2456 5086 synodo
2493 5015 2710 5070 Nicaena
2739 5013 3016 5084 proposita
3047 5021 3195 5067 sunt.
3248 5012 3479 5068 Exstant

240 5100 389 5170 apud
418 5098 712 5153 Baronium
742 5099 806 5153 ad
841 5115 1045 5154 annum
1071 5100 1175 5154 61-5
1198 5116 1290 5153 nn.
1321 5100 1388 5154 35
1411 5109 1467 5155 et
1496 5116 1650 5170 seqq.
1688 5117 1755 5156 ex
1775 5101 2140 5172 Metaphraste
2174 5109 2390 5171 sumpta
2417 5120 2431 5168 ;
2461 5101 2557 5157 sed
2578 5118 2698 5172 qua:
2721 5103 2834 5171 ipse
2857 5100 3176 5171 sumpsitex
3198 5101 3348 5156 Actis
3370 5101 3478 5156 illis

243 5185 649 5242 vetustioribus
674 5185 728 5239 in
758 5185 969 5257 synodo
1003 5185 1227 5241 Nicaeus
1247 5175 1491 5242 secunda
1519 5187 1720 5253 allatis,
1745 5197 1802 5244 et
1846 5203 1876 5242 a
1906 5189 2040 5243 Boll.
2068 5190 2359 5245 recensitis
2411 5189 2480 5244 ad
2526 5189 2671 5244 diem
2695 5189 2764 5244 ‘22
2791 5188 3014 5243 Januar.
3041 5188 3166 5245 Haec
3193 5198 3376 5242 autem
3410 5204 3478 5242 ex

237 5273 478 5330 Baronjo
504 5272 812 5328 transcribo
845 5290 860 5329 :
889 5271 1021 5329 Cum
1049 5291 1246 5346 magna
1275 5277 1463 5330 civitas
1499 5275 1982 5350 Hierosolymorum
2005 5289 2160 5350 capta
2186 5279 2363 5349 {uisset
2402 5296 2433 5332 a
2467 5294 2586 5349 rege
2610 5277 2916 5342 Persarum,
2951 5286 3000 5330 et
3029 5277 3170 5346 facta
3202 5275 3298 5329 illa
3330 5274 3474 5337 loca,

240 5379 363 5434 qua:
392 5363 494 5417 mei
519 5361 717 5418 Christi
737 5361 982 5416 viderant
1009 5366 1464 5419 conversationem
1501 5373 1552 5419 et
1576 5368 1720 5420 cruci
1744 5366 2047 5436 afﬁxionem
2076 5374 2123 5419 et
2147 5366 2608 5429 resurrectionem,
2641 5365 2913 5419 Medorum
2945 5362 3140 5416 lancea:
3175 5370 3224 5415 et
3249 5363 3382 5432 igni,
3413 5362 3477 5414 iis

239 5467 372 5518 quos
401 5451 515 5520 ipse
544 5451 685 5504 novit
713 5449 902 5515 modis,
928 5458 1099 5504 essent
1130 5451 1332 5505 tradita
1367 5468 1386 5505 :
1424 5460 1472 5506 et
1504 5451 1673 5506 multa
1707 5452 1818 5507 alia
1844 5462 2000 5524 capta
2042 5461 2307 5507 suntcum
2333 5453 2574 5513 civitate;
2607 5460 2664 5504 ut
2705 5450 2893 5504 salutis
2916 5464 3119 5519 quoque
3149 5457 3342 5502 nostra:
3366 5456 3476 5501 tro-

239 5554 438 5610 paeum,
470 5538 653 5593 mortis
702 5535 916 5602 solutio,
944 5539 1142 5607 peccati
1168 5540 1474 5604 iuternecio,
1513 5539 1738 5610 lignum,
1779 5541 2019 5611 inquam,
2050 5539 2269 5608 viviﬁca:
2305 5540 2474 5593 crucis
2517 5537 2666 5592 illinc
2707 5537 3028 5590 translatum
3080 5545 3156 5589 est
3195 5537 3250 5589 in
3301 5535 3480 5590 Persi-

241 5627 382 5690 dem,
408 5633 505 5677 etc.
535 5624 669 5694 (htec
692 5630 882 5678 sancta
917 5623 1108 5693 Crux),
1135 5624 1406 5680 Persidem
1436 5629 1643 5692 evertit,
1665 5637 1715 5682 et
1738 5627 1932 5699 spoliat
1951 5625 2146 5696 falsam
2174 5623 2503 5696 religionem,
2531 5632 2579 5676 ct
2614 5639 2730 5694 qua:
2766 5639 2821 5677 se
2862 5623 3035 5692 digna:
3060 5630 3210 5674 erant
3241 5623 3478 5690 captivas

243 5714 459 5767 abducit
494 5713 705 5765 animas
734 5726 853 5765 vere
886 5709 1142 5766 laudabili
1167 5722 1214 5766 et
1237 5712 1389 5785 longe
1413 5714 1770 5784 pulcherrima
1800 5716 2144 5785 captivitate:
2189 5721 2302 5778 aut,
2345 5721 2403 5766 ut
2438 5712 2606 5783 magis
2631 5711 2841 5782 proprie
2871 5710 3066 5775 dicam,
3109 5726 3140 5762 a
3173 5709 3479 5779 captivitate

246 5810 418 5867 vocat,
457 5808 504 5854 et
525 5799 597 5853 eis
634 5815 840 5853 rursum
874 5799 1152 5868 pristinae:
1188 5803 1414 5855 restituit
1443 5802 1751 5859 libertatem.
1785 5800 1959 5858 Simul
2004 5819 2065 5858 ac
2102 5802 2238 5858 enim
2284 5800 2582 5872 ingreditur
2619 5799 2909 5866 Persidem,
2941 5814 3056 5853 eam
3095 5799 3274 5852 statim
3309 5805 3476 5852 totam
