4032 6478
591 329 726 396 3271
1552 319 1958 383 monusrus
1996 315 2489 380 PATRIARCHA
2527 313 2933 377 HIEROSOL.
3688 316 3805 384 3:43

588 446 871 502 illustrans
888 440 1054 495 radiis
1074 452 1185 494 sua:
1208 436 1417 509 gratiae,
1434 433 1551 504 ferit
1569 430 1781 503 quidem
1803 430 2013 484 animas
2029 426 2349 495 inﬁdelium,
2365 441 2470 479 non
2485 440 2634 478 secus
2652 440 2715 478 ac
2729 423 2829 487 sol,
2844 423 2934 492 qui
2953 420 3282 475 laborantem
3306 418 3511 474 oculum
3530 419 3808 492 ingreditur:

588 530 773 600 ﬁdeles
801 537 1000 591 autem,
1039 543 1144 580 non
1178 508 1326 578 secus
1371 539 1433 576 ac
1465 519 1641 590 fulgor
1666 517 1883 589 quidam
1912 529 2178 584 apparens
2209 513 2265 566 in
2298 512 2546 578 tenebris,
2567 520 2794 566 revocat.
2822 510 2905 563 Ex
2927 509 3111 579 quibus
3135 508 3235 576 fuit
3259 524 3485 561 unus....
3512 509 3807 581 Anastasius,

590 594 685 672 etsi
710 617 944 671 nondum
960 614 1169 683 quidem
1190 610 1335 665 cultu
1361 606 1707 680 (ﬁdelis),sed
1716 606 1837 675 jam
1865 602 2092 657 moribus
2119 608 2169 653 et
2193 601 2434 655 instituto
2456 599 2581 667 :qui
2604 598 2854 668 processit
2877 611 2904 649 e
2921 596 3032 648 vico
3055 595 3146 665 qui
3167 594 3450 648 vocabatur
3468 594 3749 654 Rasnuni...
3763 603 3810 655 in

591 705 829 759 Perside.
863 703 996 757 Erat
1037 708 1217 755 autem
1243 714 1433 753 nomen
1474 696 1657 767 ejus...
1684 691 2047 762 Magundat...
2088 688 2205 743 Bau
2241 687 2385 755 ﬁlius
2413 684 2560 758 (fuit)
2601 686 2691 755 qui
2731 691 2848 738 erat
2880 684 2935 736 in
2983 697 3039 735 re
3074 682 3281 752 magica
3315 685 3755 752 praestantissimus
3773 699 3809 743 et

591 793 994 847 eruditissimus.
1010 790 1142 859 (Bau
1174 784 1379 853 autem)
1401 802 1519 838 cum
1543 790 1787 853 praeesset
1803 780 2071 833 communi
2103 777 2223 831 ludo
2247 775 2533 839 litterario,
2550 781 2598 827 et
2631 771 2821 827 multos
2845 770 3056 825 haberet
3083 770 3435 823 adolescentes
3459 771 3528 823 ad
3549 787 3658 825 eum
3672 778 3811 830 venti-

591 888 987 949 tautes,cuptus
1016 857 1197 931 amore
1223 873 1635 945 pra’stigiarum,
1662 885 1781 923 cum
1801 870 1855 921 in
1872 868 1966 921 hoc
1984 865 2154 919 solum
2180 879 2331 917 omne
2353 879 2506 917 suum
2525 861 2760 915 studium
2789 866 3195 930 poneret...rem
3220 858 3484 928 magicam
3514 857 3810 929 (lilium)tam

590 946 877 1038 diligenter.
893 967 1062 1029 docet,
1084 974 1142 1018 ut
1163 966 1218 1018 in
1239 964 1351 1034 ejus
1373 961 1668 1032 cognitione
1699 957 1841 1028 patri
1860 953 1993 1009 nihil
2017 961 2145 1007 esset
2177 951 2457 1022 reliquum,
2481 948 2621 1019 quod
2646 964 2751 1001 non
2780 956 2961 1000 notum
2992 962 3196 1018 quoque
3215 955 3346 999 esset
3376 946 3510 1014 ﬁlio.
3530 946 3652 1001 Cum
3668 960 3812 1002 autem

592 1033 961 1110 adolescentia:
976 1062 1185 1108 aetatem
1200 1033 1319 1121 jam
1341 1050 1646 1119 attingeret,
1661 1055 1707 1099 et
1730 1062 1821 1099 rex
1843 1043 2093 1099 Chosroes
2116 1054 2306 1094 novum
2324 1038 2605 1090 exercitum
2621 1036 2678 1088 in
2696 1033 2912 1087 Perside
2926 1033 3213 1104 colligeret,
3232 1035 3339 1103 ipse
3358 1052 3563 1105 quoque
3584 1051 3692 1089 cum
3717 1038 3812 1092 aliis

594 1143 823 1213 refertur
864 1143 918 1195 in
940 1156 1222 1193 numerum
1252 1139 1506 1191 tironum.
1536 1133 1803 1199 Quoniam
1831 1147 1950 1187 vero
1980 1127 2281 1185 veneranda
2304 1140 2435 1177 crux
2486 1122 2698 1176 Domini
2748 1130 2915 1174 totam
2953 1121 3194 1191 agitabat
3225 1129 3274 1173 et
3302 1121 3647 1191 perturbabat
3673 1123 3814 1179 Persi-

594 1209 713 1283 dem
739 1249 758 1295 ,-
792 1228 1096 1296 inﬁdelibus
1121 1226 1336 1297 quidem
1373 1225 1651 1277 horrorem
1686 1230 1734 1274 et
1769 1228 2024 1274 terrorem
2059 1216 2339 1276 incutiens,
2369 1210 2610 1280 ﬁdelibus
2638 1217 2816 1263 autem
2842 1211 3075 1262 suaviter
3101 1209 3386 1262 admodum
3427 1219 3476 1262 et
3506 1209 3698 1279 placide
3717 1212 3814 1265 illu-

595 1332 797 1369 cescens
825 1295 858 1368 :7
878 1316 942 1367 de
960 1331 1019 1371 ea
1050 1295 1260 1382 quidem
1282 1312 1427 1380 fama
1458 1309 1699 1381 quaedam
1724 1324 1817 1375 per
1840 1322 2019 1361 omnes
2049 1301 2385 1372 peruadebat,
2419 1300 2586 1369 fama,
2622 1299 2868 1368 inquam,
2906 1313 3023 1367 qua:
3054 1295 3214 1367 paulo
3238 1297 3472 1350 crassius
3508 1305 3556 1349 et
3593 1299 3812 1354 indoctius

595 1404 942 1475 pra’dicabat,
967 1402 1390 1457 Christianorum
1417 1399 1584 1453 Deum
1618 1399 1797 1452 adesse
1827 1397 2028 1451 Persis.
2064 1393 2145 1449 Ad
2165 1407 2326 1463 quam
2354 1391 2437 1443 hic
2490 1386 2795 1440 adolescens
2831 1392 3045 1455 repente
3082 1384 3181 1454 fuit
3211 1400 3465 1439 accensus
3491 1386 3662 1438 animo
3688 1402 3705 1439 :
3718 1388 3813 1457 jam

594 1474 735 1546 enim
763 1490 962 1544 occulte
987 1506 1107 1543 eum
1147 1488 1396 1559 tangebat
1425 1486 1517 1540 ille
1549 1487 1687 1556 ignis
1720 1501 1873 1556 quem
1893 1483 2132 1537 Christus
2161 1480 2303 1533 venit
2325 1479 2511 1549 jacere
2535 1492 2696 1547 super
2722 1484 2943 1540 terram,
2971 1476 3062 1545 qui
3087 1474 3300 1543 quidem
3333 1491 3442 1528 non
3471 1474 3672 1529 sinebat
3692 1481 3812 1547 quie-

594 1596 738 1634 scere
764 1578 1042 1648 pulchram
1072 1575 1218 1630 illius
1250 1574 1683 1637 adolescentiam,
1710 1572 1801 1626 sed
1826 1572 2011 1626 statim
2043 1584 2220 1623 omnes
2251 1567 2424 1620 obibat
2460 1574 2660 1636 partes,
2693 1564 2755 1616 de
2796 1578 2855 1616 eo
2876 1563 3177 1627 sciscitans,
3213 1579 3377 1632 quam
3411 1565 3816 1620 vehementissime

596 1674 822 1739 poterat,
863 1674 910 1719 et
941 1664 1365 1735 diligentissime.
1392 1661 1523 1718 Cum
1558 1662 1767 1715 audiret
1791 1667 1969 1714 autem
1992 1657 2054 1712 ab
2088 1656 2327 1709 omnibus
2352 1669 2467 1706 eam
2505 1668 2616 1706 esse
2640 1667 2845 1705 crucem
2878 1651 2933 1704 in
2967 1667 3072 1720 qua
3098 1648 3338 1705 Christus
3366 1649 3465 1703 Dei
3496 1649 3671 1716 Filius,
3691 1656 3766 1723 qui
3791 1676 3815 1709 a

594 1738 909 1810 Christianis
932 1753 1213 1818 adoratur,
1241 1752 1342 1821 fuit
1368 1750 1692 1819 cruciﬁxus:
1723 1747 1885 1802 veluti
1913 1748 2087 1817 ignem
2110 1745 2220 1815 igni
2246 1742 2459 1812 adjecit,
2494 1747 2542 1794 et
2570 1739 2849 1810 quaestioni
2873 1738 3163 1809 {conjunxit
3197 1739 3565 1808 quaestionem,
3595 1747 3641 1791 et
3664 1756 3721 1793 ex
3751 1758 3816 1795 re-

592 1842 877 1912 sponsione
917 1840 1115 1910 accepit
1144 1839 1471 1893 occasionem
1525 1837 1746 1892 alterius
1788 1832 2254 1904 interrogationis;
2306 1839 2356 1884 et
2387 1827 2553 1883 multo
2593 1829 2761 1898 magis
2817 1826 3025 1880 sitiebat
3070 1826 3290 1891 discere,
3325 1826 3816 1896 quemadmodumex

596 1927 726 1983 caelo
757 1928 1103 1991 descenderit,
1135 1943 1255 1980 cum
1283 1927 1352 1980 sit
1376 1925 1535 1983 Deus.
1563 1933 1614 1978 et
1631 1922 2075 1995 quemadmodum
2110 1920 2269 1972 etiam
2294 1918 2464 1988 factus
2497 1916 2564 1970 sit
2584 1915 2760 1979 homo,
2792 1925 2842 1968 et
2861 1931 2956 1968 cur
2988 1916 3153 1969 etiam
3182 1916 3249 1968 sit
3276 1914 3347 1967 ad
3376 1931 3583 1968 crucem
3614 1919 3816 1971 condem-

595 2026 776 2081 natus,
808 2024 857 2070 et
892 2034 924 2071 a
951 2016 1158 2087 quibus,
1182 2024 1230 2068 et
1264 2032 1335 2069 an
1356 2016 1423 2068 sit
1446 2013 1514 2067 ad
1556 2013 1744 2067 coelum
1774 2026 2012 2065 reversus
2047 2008 2185 2061 unde
2213 2005 2573 2059 descenderat.
2613 2001 2743 2058 Cum
2764 2010 2942 2055 autem
2970 2001 3204 2073 a.(viris)
3226 2002 3326 2071 piis
3356 2002 3407 2055 ei
3434 2004 3806 2057 annuntiaretur

605 2105 785 2159 carnis
819 2112 1138 2174 susceptae...
1165 2103 1498 2174 mysterium,
1538 2117 1694 2154 aures
1723 2099 1936 2170 quidem
1966 2097 2179 2168 pietatis
2202 2094 2406 2148 semina
2442 2091 2663 2145 libenter
2714 2089 3088 2160 suscipiebant,
3149 2096 3331 2143 anima
3380 2106 3507 2144 vero
3543 2094 3815 2161 producebat

597 2193 793 2247 sensim
818 2192 1021 2262 spicam
1064 2189 1213 2259 ﬁdei,
1243 2198 1289 2243 et
1325 2190 1370 2243 ei
1398 2187 1717 2261 desiderium
1747 2184 2009 2255 paulatim
2055 2181 2454 2246 innascebatur,
2479 2178 2789 2249 subibatque
2822 2176 3092 2233 aemulatio
3126 2177 3241 2248 ejus
3279 2182 3816 2253 perpessionum:qva

595 2295 715 2333 cum
738 2280 793 2332 in
816 2279 930 2348 ejus
958 2278 1141 2331 anima
1181 2284 1340 2331 aucta
1366 2283 1414 2328 et
1443 2273 1773 2344 ampliﬁcata
1797 2280 1988 2336 essent,
2012 2287 2131 2324 eum
2167 2271 2457 2341 informant
2484 2276 2533 2322 et
2562 2268 2846 2321 instituunt
2878 2267 2946 2320 ad
2972 2267 3227 2337 Optimum
3262 2269 3383 2322 vitae
3411 2286 3594 2339 geuus,
3621 2270 3814 2325 clarum-

595 2383 696 2438 que
719 2375 769 2420 et
791 2367 1078 2436 insignem,
1113 2372 1317 2427 testem,
1347 2372 1634 2434 martyrem
1662 2363 1904 2431 inquam,
1943 2358 2197 2429 efﬁciunt,
2228 2366 2286 2411 ut
2309 2358 2428 2428 jam
2452 2355 2739 2426 procedens
2771 2353 3067 2408 declarabit
3109 2356 3295 2407 oratio.
3328 2355 3459 2409 llmc
3490 2366 3611 2426 post
3633 2356 3815 2413 Surium

595 2453 889 2519 Baronius,
919 2453 1012 2523 qui
1043 2452 1197 2507 addit
1247 2450 1446 2506 deinde
1482 2449 1759 2520 quomodo
1807 2448 1898 2502 ille
1929 2446 2274 2510 Anastasius,
2322 2458 2509 2497 amore
2544 2440 2881 2511 suscipiendi
2932 2440 3303 2510 baptismatis,
3337 2442 3535 2497 relicto
3568 2444 3813 2500 Persarum

598 2541 873 2604 exercitu,
903 2555 962 2595 se
990 2539 1291 2595 contulerit
1315 2537 1381 2592 ad
1422 2537 1799 2591 Romanorum
1832 2534 2041 2603 copias,
2072 2540 2128 2586 et
2162 2529 2495 2600 Hierapolim
2544 2529 2877 2598 porrexerit,
2914 2526 3011 2581 ubi
3057 2526 3202 2597 apud
3246 2529 3619 2598 argentarium
3652 2529 3815 2601 degens

598 2643 800 2699 genere
822 2629 1046 2683 Persam
1086 2626 1183 2682 sed
1209 2625 1477 2697 religione
1499 2623 1900 2687 Christianum,
1929 2620 2095 2675 latius
2128 2618 2387 2689 mysteria
2406 2616 2724 2671 Christiana
2751 2614 3031 2679 didicerit,
3059 2614 3320 2669 incensus
3347 2631 3571 2685 quoque
3595 2616 3740 2671 fuerit
3762 2617 3813 2672 ad

598 2717 949 2773 subeundum
978 2714 1303 2786 martyrium
1333 2730 1399 2767 ex
1445 2722 1746 2784 martyrum
1776 2708 2175 2766 certaminibus
2195 2720 2317 2776 quas
2332 2703 2637 2775 parietibus
2658 2702 2988 2774 templorum
3018 2702 3338 2757 intuebatur
3358 2703 3611 2773 depicta;
3636 2705 3814 2759 demum

599 2804 1035 2873 Hierosolymam
1059 2801 1339 2871 profectus
1362 2800 1546 2854 fuerit.
1568 2798 1972 2868 Hmc,inquam,
1998 2797 2353 2851 sicnarratex
2372 2792 2577 2847 eisdem
2611 2791 2864 2857 Actis,ad
2886 2806 3014 2846 ann.
3040 2791 3133 2846 62I
3150 2833 3163 2857 ,
3184 2809 3238 2845 n.
3264 2790 3329 2845 10
3352 2800 3408 2846 et
3432 2807 3597 2863 seqq:
3618 2792 3813 2848 Primum

599 2892 812 2963 quidem
855 2890 1001 2961 (post
1027 2889 1207 2960 fugam
1235 2888 1303 2943 ad
1336 2888 1639 2957 Romanos)
1676 2904 1795 2941 cum
1818 2887 2043 2940 venisset
2072 2879 2429 2953 Hierapolim,
2459 2881 2666 2935 divertit
2696 2881 2765 2935 ad
2794 2881 3074 2951 quemdam
3098 2880 3320 2935 Persam
3341 2879 3708 2945 Christianum,
3726 2891 3815 2935 arte

599 2980 809 3050 argenti
832 2980 1197 3049 con/latorem,
1221 2985 1270 3030 et
1300 2992 1418 3029 cum
1437 2984 1606 3028 artem
1628 2974 1892 3045 conflandi
1918 2973 2126 3043 argenti
2153 2971 2488 3035 exercuisset,
2516 2986 2706 3023 manus
2725 2968 2933 3039 quidem
2954 2967 3173 3021 habebat
3201 2969 3434 3022 intentas
3464 2970 3621 3041 aperi,
3644 2970 3814 3024 animus

601 3076 779 3120 autem
806 3081 1012 3135 semper
1048 3072 1096 3118 et
1120 3064 1367 3135 cogitatio
1396 3065 1453 3117 in
1480 3061 1579 3115 Dei
1609 3077 1789 3115 amore
1814 3060 2192 3115 versabatur...
2225 3073 2446 3130 eumque
2473 3058 2571 3111 sibi
2618 3057 2793 3111 adhuc
2815 3057 2984 3127 magis
3007 3056 3339 3121 accendebat,
3367 3066 3417 3109 et
3450 3058 3514 3111 ab
3537 3061 3640 3128 ipso
3668 3076 3813 3112 rursus

598 3153 1036 3225 inﬁammabatur
1047 3152 1419 3206 vehementius.
1440 3148 1787 3215 Quamobrem
1800 3148 1967 3203 Deum
1978 3147 2220 3219 rogabat.
2235 3187 2269 3201 ..
2281 3155 2340 3199 ut
2357 3147 2593 3200 divinum
2609 3145 2926 3217 baptismum
2943 3152 3362 3214 consequeretur,
3378 3153 3429 3198 et
3442 3147 3647 3200 omnino
3662 3164 3688 3198 a
3703 3148 3814 3217 prio-

600 3241 746 3295 ribus
764 3241 1002 3295 sordibus
1027 3248 1435 3310 expurgaretur,
1460 3247 1507 3289 et
1528 3237 1590 3290 ab
1611 3236 1707 3289 illa
1728 3235 1844 3289 labe
1859 3236 2250 3307 prtestigiarum
2268 3253 2286 3302 ,'
2304 3245 2363 3290 ut
2387 3253 2491 3290 non
2507 3234 2968 3301 solumvoluntate
2990 3242 3036 3288 et
3054 3234 3321 3298 electione,
3339 3236 3431 3288 sed
3460 3240 3633 3289 anima
3650 3253 3813 3307 quoque

600 3339 653 3383 et
670 3344 888 3399 corpore
913 3324 1519 3397 essetpurga‘tus...Cum
1540 3324 1634 3379 ille
1659 3334 1834 3378 autem
1864 3340 1926 3377 ex
1946 3324 2115 3378 Persis
2134 3325 2339 3377 timeret
2364 3324 2676 3393 periculum,
2693 3322 2875 3377 etideo
2902 3322 3158 3376 morando
3186 3338 3295 3375 rem
3322 3322 3617 3393 differret...
3641 3325 3812 3376 interim

602 3418 672 3472 ad
701 3418 880 3471 divina
903 3414 1105 3487 templa
1130 3414 1312 3468 adiens
1343 3431 1495 3468 suum
1519 3409 1796 3467 solabatur
1821 3412 2159 3477 desiderium,
2179 3411 2299 3465 visis
2326 3424 2448 3464 vero
2473 3409 2747 3464 miraculis
2775 3418 2825 3462 et
2850 3408 3225 3463 certaminibus
3257 3420 3563 3464 sanctorum
3588 3411 3810 3479 descriptis

600 3504 658 3559 in
681 3503 1019 3576 templorum,
1056 3518 1173 3574 qua:
1203 3519 1319 3556 cum
1342 3503 1480 3555 socio
1509 3518 1602 3556 suo
1632 3502 1838 3572 argenti
1861 3503 2147 3572 con/latore
2172 3500 2470 3568 frequenter
2495 3497 2761 3561 vi'sitabat,
2798 3496 3084 3566 parietibus
3103 3538 3117 3562 ,
3141 3497 3205 3550 de
3227 3497 3292 3550 iis
3311 3496 3469 3549 illum
3493 3496 3740 3567 diligenter
3752 3498 3813 3549 ir-

604 3592 928 3662 terrogabat.
957 3589 1092 3645 Cum
1122 3591 1301 3661 itaque
1331 3590 1634 3654 audivisset,
1659 3588 1832 3659 qualis
1857 3589 1929 3642 eis
1945 3588 2052 3641 vita
2078 3586 2316 3657 (fuisset,
2343 3584 2461 3656 qui)
2486 3600 2677 3649 mores,
2702 3584 2863 3654 (qum)
2889 3584 3075 3648 virtus,
3095 3594 3142 3637 et
3166 3582 3347 3655 qualia
3369 3592 3584 3655 propter
3596 3583 3808 3640 Christum

604 3678 957 3752 (subiissent)
989 3679 1353 3732 certamina...
1388 3693 1493 3730 non
1526 3684 1731 3748 poterat
1761 3674 1989 3746 amplius
2015 3675 2280 3727 continere
2317 3672 2373 3725 id
2410 3672 2549 3743 quod
2586 3688 2711 3725 suus
2758 3673 2973 3726 animus
2996 3672 3358 3743 parturiebat,
3408 3674 3504 3726 sed
3529 3674 3696 3726 statuit
3720 3688 3811 3742 per-

600 3782 724 3836 gere
742 3764 1188 3835 Hierosolymam,
1214 3770 1270 3815 ut
1292 3762 1611 3832 baptismum
1636 3758 1746 3814 illic
1771 3767 2189 3830 consequeretur.
2226 3757 2375 3815 Venit
2399 3776 2522 3833 ergo
2564 3763 2619 3815 in
2682 3769 2927 3815 sanctam
2968 3762 3265 3825 civitatem,
3316 3770 3362 3813 et
3391 3762 3465 3814 ad
3502 3761 3746 3831 quemdam
3768 3776 3811 3813 se

602 3852 795 3925 recepit
818 3855 1026 3923 argenti
1048 3867 1254 3924 quoque
1295 3851 1564 3921 conﬂandi
1586 3849 1835 3920 peritum.
1877 3848 1942 3902 Ei
1970 3848 2140 3919 aperit
2175 3865 2394 3903 causam
2413 3851 2495 3902 sui
2532 3849 2807 3912 adventus,
2834 3862 3019 3917 nempe
3063 3847 3202 3918 quod
3239 3847 3395 3901 vellet
3444 3849 3516 3902 ad
3556 3866 3713 3902 verum
3737 3848 3809 3901 Dii

584 3940 800 3995 cultum
827 3957 919 4011 per
946 3940 1263 4010 baptismum
1285 3938 1513 3992 initiari.
1541 3936 1643 3991 Ille
1668 3945 1845 3991 autem
1876 3951 1993 3989 eum
2018 3937 2165 3989 ducit
2195 3936 2264 3990 ad
2280 3936 2481 4002 Eliam,
2508 3945 2709 3990 sancta:
2730 3934 3463 4005 Resurrectionispiissimum
3483 3938 3804 4007 presbyterum,

604 4029 695 4099 qui
718 4044 836 4082 eum
863 4028 1066 4098 supinis
1099 4028 1179 4097 (ut
1203 4025 1431 4095 dicitur)
1461 4024 1702 4079 manibus
1728 4026 1974 4093 suscepit,
2007 4034 2055 4076 et
2084 4024 2146 4077 de
2175 4040 2232 4077 eo
2261 4022 2441 4077 retulit
2469 4023 2538 4077 ad
2556 4022 2871 4087 Modestum,
2904 4024 2993 4093 qui
3017 4022 3138 4076 huic
3160 4024 3272 4076 sedi
3304 4032 3537 4094 prmerat
3560 4024 3807 4094 apostolicae

606 4117 909 4185 (Zacharire
940 4116 1151 4171 scilicet
1182 4113 1385 4185 captivi
1404 4114 1581 4170 vicem
1606 4128 1824 4184 gerens,
1849 4112 1901 4165 in
1928 4110 2119 4166 Graeco
2143 4112 2171 4165 ὁ
2194 4111 2590 4183 τοποτηρητὴς,
2619 4109 3030 4173 locum-tenens,
3053 4110 3233 4180 inquit
3261 4111 3660 4179 Papebroehius
3680 4125 3805 4179 supra

604 4207 850 4275 citatus),
884 4212 931 4258 et
964 4206 1037 4258 sic
1063 4206 1303 4258 divinum
1333 4203 1654 4273 baptismum
1684 4200 2010 4270 assequitur,
2037 4199 2351 4254 veneranda:
2374 4200 2542 4253 crucis
2571 4214 2691 4253 vere
2726 4198 2944 4269 pulcher
2972 4199 3172 4268 fructus
3197 4199 3426 4267 effectus,
3458 4209 3509 4251 et
3546 4199 3806 4253 Anastasiis

604 4293 931 4366 appellatus,
968 4300 1181 4358 sumpta
1217 4290 1646 4343 denominatione
1669 4306 1702 4342 a
1730 4288 2057 4341 revocatione
2076 4295 2126 4340 et
2163 4286 2234 4339 ad
2282 4286 2505 4341 meliora
2543 4287 2837 4340 mutatione
2873 4303 2904 4339 a
2934 4287 3099 4356 priori
3134 4286 3449 4354 inﬁdelitate
3482 4297 3531 4341 et
3559 4286 3804 4354 pra’stigiis,

606 4380 751 4451 (qua:
792 4380 959 4434 fuerit
991 4378 1148 4448 quasi
1179 4376 1515 4431 resurrectio
1539 4390 1570 4428 a
1594 4383 1771 4428 morte
1797 4373 1865 4427 ad
1895 4372 2111 4443 vitam).
2146 4373 2262 4428 Una
2287 4377 2447 4429 etiam
2471 4392 2588 4429 cum
2624 4391 2684 4428 eo
2712 4374 3011 4445 baptizatus
3052 4384 3126 4428 est
3152 4374 3367 4445 quidam
3396 4376 3622 4445 ejusdem
3656 4375 3806 4446 patric

605 4479 655 4525 et
680 4470 932 4541 regionis,
958 4469 1051 4539 qui
1075 4468 1174 4537 fuit
1198 4466 1312 4535 ejus
1340 4479 1547 4535 quoque
1577 4465 1631 4517 in
1674 4465 1918 4535 passione
1940 4478 2036 4533 pro
2081 4461 2286 4517 Christo
2320 4465 2510 4527 socius,
2538 4463 2746 4516 easdem
2786 4478 2904 4515 cum
2939 4477 2999 4515 eo
3031 4461 3244 4516 Edessa:
3274 4474 3576 4517 consecutus
3610 4477 3804 4515 coronas.

603 4561 764 4614 Anno
791 4557 1060 4628 siquidem
1083 4555 1286 4610 Christi
1305 4553 1407 4609 628
1423 4552 1512 4608 die
1528 4552 1597 4607 22
1616 4550 1885 4617 Januarii,
1904 4552 2149 4622 quinque
2169 4551 2434 4606 duntaxat
2456 4549 2893 4605 hebdomadibus
2913 4558 2969 4604 et
2989 4549 3205 4603 duobus
3231 4550 3425 4604 diebus
3452 4561 3577 4607 ante
3594 4549 3806 4606 Chosruis

605 4648 840 4710 obitum,
878 4644 1127 4717 ejusdem
1161 4644 1340 4715 jussu,
1368 4642 1460 4697 hic
1497 4642 1843 4707 Anastasius,
1878 4639 1973 4711 qui
2025 4640 2232 4711 pluries
2260 4640 2371 4710 jam
2410 4652 2553 4691 anno
2579 4636 2851 4706 superiori
2895 4636 3101 4691 Christi
3139 4637 3314 4692 fuerat
3345 4639 3626 4694 confessus
3658 4638 3804 4699 (idem,

605 4735 852 4791 thsarea
880 4732 1203 4797 Palaestinze,
1227 4731 1296 4785 ad
1322 4729 1576 4786 eumdem
1597 4729 1881 4785 Cbosroen
1912 4728 2135 4794 missus,
2162 4724 2363 4798 magna
2381 4725 2550 4780 animi
2582 4725 2889 4789 alacritate,
2917 4725 3036 4779 dira
3068 4741 3362 4796 perpessus
3395 4736 3674 4790 tormenta,
3696 4743 3805 4779 Illar-

607 4824 808 4896 tyrium
842 4820 1060 4877 tandem
1118 4819 1356 4875 cervicis
1406 4818 1747 4873 abscissione
1779 4817 2187 4873 consummavit
2224 4833 2237 4870 :
2291 4816 2358 4870 de
2392 4828 2501 4884 quo
2545 4813 2814 4884 legendus
2863 4813 3133 4868 BarOnius
3164 4813 3231 4868 ad
3268 4831 3476 4869 annum
3522 4815 3619 4869 627
3647 4814 3740 4868 n.3
3764 4821 3805 4865 et

607 4926 764 4981 seqq.
799 4910 893 4964 ubi
918 4926 975 4963 n.
1011 4910 1062 4977 ‘l,
1096 4909 1229 4962 Acta
1253 4906 1500 4978 ejusdem
1530 4905 1807 4960 Anastasii
1840 4904 2063 4975 conjicit
2087 4903 2290 4974 scripta
2316 4902 2505 4967 fuisse,
2531 4902 2618 4956 vel
2649 4901 2717 4956 ab
2746 4900 3021 4956 Antiocho
3050 4903 3344 4967 monacho,
3380 4904 3464 4958 vel
3490 4920 3519 4958 a
3540 4900 3804 4973 Saphrunio

609 4998 705 5069 qui
739 4997 985 5052 Modesto
1008 4997 1063 5050 in
1088 4995 1218 5051 sede
1246 4993 1741 5065 ilierosolymitana
1766 4992 2054 5047 successit.
2094 4990 2392 5045 Bollandus
2434 5000 2616 5043 tamen
2652 4997 2786 5044 tom.
2819 4988 2863 5042 ll
2898 4987 3150 5042 Actorum
3175 5000 3484 5043 sanctorum
3512 4991 3686 5043 mensis
3728 4987 3804 5040 Ja-

612 5086 813 5148 nuarii,
845 5083 910 5137 ad
935 5084 1081 5138 diem
1103 5082 1192 5147 22,
1221 5098 1277 5152 p.
1305 5081 1428 5146 422,
1464 5097 1519 5135 ιι.
1555 5082 1608 5146 4,
1638 5080 1741 5135 sibi
1792 5080 1969 5135 videri
2020 5079 2099 5134 ait
2129 5087 2408 5135 auctorem
2454 5076 2588 5131 Vitae
2628 5076 2796 5147 hujus
2836 5076 3092 5145 martyris
3166 5076 3336 5131 fuisse
3388 5077 3617 5147 aliquem
3658 5090 3807 5129 mona-

613 5173 779 5228 chum
810 5170 1049 5226 ρωποι)ὶί
1082 5170 1137 5223 in
1162 5169 1307 5239 quod
1332 5170 1449 5238 ipse
1475 5175 1598 5238 post
1624 5167 1958 5237 baptismum
1984 5182 2105 5223 sese
2137 5172 2441 5236 receperat,
2471 5174 2527 5220 ct
2562 5165 2729 5219 vitam
2767 5164 3122 5218 monasticam
3148 5164 3433 5233 amplexus
3479 5181 3614 5219 anno
3641 5159 3805 5218 Christi

614 5259 739 5327 620,
772 5273 947 5314 annos
971 5265 1180 5328 septem
1212 5264 1586 5311 commoratus
1608 5264 1695 5309 est
1732 5272 1747 5309 :
1795 5254 1942 5325 quod
1972 5254 2141 5309 infert
2165 5270 2231 5308 cx
2261 5254 2350 5308 bis
2387 5251 2553 5322 hujus
2582 5250 2826 5306 auctoris
2851 5252 3035 5305 verbis
3072 5268 3128 5306 ιι.
3164 5253 3247 5316 15,
3272 5251 3515 5322 ejusdem
3549 5251 3692 5306 Vitae.
3726 5247 3808 5301 Hoc

613 5358 789 5404 autem
821 5350 1015 5401 scimus
1042 5362 1134 5399 nos
1158 5360 1275 5398 eum
1313 5344 1598 5398 mirantem
1633 5352 1682 5396 et
1716 5344 2159 5413 obstupescentem
2198 5341 2551 5396 constantiam
2567 5347 2896 5402 sanctorum,
2920 5339 3053 5392 nihil
3078 5340 3187 5409 fere
3212 5339 3362 5392 aliud
3409 5338 3571 5409 legere
3601 5338 3806 5399 coluisse,

615 5438 718 5491 nisi
747 5436 887 5506 quod
912 5434 1066 5489 illum
1094 5433 1265 5487 sancti
1293 5431 1541 5485 desiderii
1568 5430 1815 5487 ardorem
1846 5432 2090 5485 nutriret.
2119 5429 2396 5484 Zachariae
2444 5436 2665 5482 mortuo
2692 5440 2837 5481 anno
2869 5425 3073 5482 Christi
3122 5428 3209 5479 151
3249 5428 3336 5480 vel
3384 5428 3499 5491 1'55,
3524 5425 3809 5480 substitutus

614 5534 698 5580 est
722 5523 1025 5589 Modestus,
1063 5522 1156 5592 qui
1180 5530 1329 5576 tanta
1356 5534 1480 5575 cum
1507 5519 1670 5574 laude
1703 5520 1843 5575 lianc
1877 5517 2177 5574 Ecclesiam
2209 5533 2308 5589 per
2333 5515 2753 5587 quatuordecim
2774 5514 2889 5569 fere
2918 5528 3113 5575 annos.
3146 5513 3278 5567 dum
3312 5514 3596 5569 Zacharias
3616 5512 3808 5584 patriar-

616 5613 719 5666 cha
753 5612 1096 5667 detineretur
1116 5609 1366 5679 captivus
1388 5608 1443 5663 in
1468 5608 1716 5671 Perside,
1749 5608 2256 5672 administraverat;
2282 5620 2403 5661 eam
2436 5620 2567 5659 vero
2594 5603 2917 5674 dignitatem
2944 5603 3000 5656 in
3033 5603 3255 5674 plenum
3288 5603 3512 5657 sortitus
3534 5602 3676 5657 brevi
3700 5610 3805 5653 teni-

618 5714 750 5764 pore
775 5697 982 5753 sedisse
1006 5697 1349 5768 perhibetur.
1384 5696 1796 5766 Papebrochius
1827 5694 1974 5749 enim
1999 5694 2051 5748 in
2077 5694 2248 5748 Tract.
2285 5692 2513 5765 prwlim.
2540 5692 2609 5746 ad
2638 5702 2765 5746 tom.
2802 5690 2890 5745 Ill
2936 5690 3065 5745 Maii
3092 5693 3282 5761 δοερὶιιδ
3308 5694 3573 5757 recensita,
3603 5708 3711 5761 pag.
3734 5690 3803 5750 5t,

620 5804 674 5841 n.
712 5785 832 5853 158,
862 5785 961 5841 col.
991 5786 1045 5853 2,
1076 5785 1327 5845 observat
1354 5799 1383 5838 a
1411 5783 1744 5854 Nicephoro,
1764 5784 1853 5839 cui
1888 5783 2205 5839 membrana
2236 5780 2492 5840 Rultcana
2518 5780 2816 5848 consentit,
2842 5794 3049 5836 annum
3075 5795 3247 5834 unum
3275 5780 3553 5852 regiminis
3580 5778 3762 5850 (utique
3783 5790 3805 5828 a
