4006 6492
207 363 355 427 3:273
1141 368 1223 429 IN
1266 368 1683 430 UNGUENTA
1720 369 2116 432 FERENTES
2132 372 2548 433 MULIERES.
3322 373 3462 437 3274

208 478 392 523 morte
424 467 720 533 Zachariae,
757 469 845 524 cui
875 485 943 525 ex
975 470 1201 527 Perside
1236 488 1459 528 reverso
1484 474 2019 533 administrationem
2053 481 2157 534 sibi
2193 481 2497 551 delegatam
2530 480 2868 547 restituerat,
2902 481 2988 536 vel
3014 497 3179 551 quam
3210 480 3461 541 fortassis

209 557 322 611 sub
355 557 471 621 illo,
495 573 563 612 ex
588 557 763 626 ipsius
809 574 1107 624 consensu,
1139 575 1399 616 exercere
1445 565 1789 631 perrexerat)
1841 567 2144 636 assignari;
2198 569 2336 623 duos
2380 584 2513 623 vero
2542 584 2717 623 annos
2753 568 2821 622 ab
2864 578 3090 623 auctore
3142 571 3461 629 tabularum

207 642 543 715 Theophani
600 646 929 700 insertarum
970 664 983 699 :
1025 648 1121 702 sed
1162 649 1270 703 nisi
1315 650 1573 705 decessor
1606 654 1725 722 ejus
1755 652 2072 717 Zacharias,
2112 656 2312 726 inquit,
2345 656 2635 725 plusquam
2670 656 2740 709 22
2768 671 2943 710 annos
2973 664 3096 723 post
3129 672 3283 712 suam
3311 660 3462 714 ordi-

207 735 499 787 nationem
532 732 751 799 vixerit,
779 750 882 789 nec
911 736 968 789 hi
996 736 1309 804 suﬂiciunt;
1346 755 1470 793 cum
1494 750 1649 795 certo
1672 750 1890 796 constet
1916 757 2294 797 successorem
2326 744 2448 814 ejus
2476 743 2847 813 Sophronium
2867 745 3075 798 mensis
3109 745 3232 799 Maii
3262 757 3461 815 quarta

205 819 328 886 die,
367 822 561 876 indict.
594 832 767 887 sexta,
799 822 852 877 id
884 834 969 878 est
1004 840 1149 878 anno
1180 827 1304 890 655,
1334 827 1652 884 interfuisse
1687 831 1898 901 synodo
1932 830 2313 885 Alexandrinae
2355 831 2535 885 adhuc
2559 831 2835 899 privatum
2864 832 3217 897 monachum,
3258 833 3451 903 ibique

206 924 474 963 exorsum
506 926 601 965 sua
626 922 817 964 contra
844 913 1335 968 monothelismum
1364 927 1684 971 nascentem
1715 918 2039 982 certamina,
2071 918 2275 974 deinde
2308 934 2433 973 cum
2467 917 2667 973 litteris
2695 918 2821 989 Cyri
2857 920 3186 987 patriarcha:
3218 920 3461 975 Alexan-

206 996 363 1051 drini
395 997 560 1053 ivisse
587 998 1120 1069 Constantinopolim
1143 1042 1155 1065 ,
1184 1002 1252 1056 ad
1280 1003 1434 1058 urbis
1455 1004 1935 1076 archiepiscopum
1963 1005 2248 1076 Sergium;
2273 1006 2412 1061 adeo
2438 1015 2496 1061 ut
2515 1005 2746 1059 multum
2771 1005 2862 1069 sit,
2891 1006 2937 1061 si
2967 1016 3099 1086 ante
3126 1016 3457 1063 autumnum

209 1086 421 1139 reverti
455 1085 696 1155 potuerit
756 1087 814 1139 in
845 1087 1214 1143 Palaestinam.
1261 1090 1387 1145 Haec
1420 1092 1778 1149 considerans
1822 1096 2047 1165 aliquis,
2079 1095 2433 1165 prosequitur
2463 1094 2894 1165 Papebrochius,
2931 1085 2988 1148 et
3024 1095 3302 1164 quomodo
3343 1097 3460 1167 jam

207 1172 343 1227 inde
370 1187 399 1225 a
431 1184 588 1242 capta
616 1173 721 1227 sub
748 1172 1003 1229 Chosroe
1031 1173 1407 1248 Hierosolyma
1431 1181 1759 1248 patriarchae
1790 1184 1942 1238 vices
1978 1183 2211 1253 gesserit
2254 1182 2554 1248 Modestus,
2596 1181 2848 1236 fortassis
2879 1182 3027 1236 volet
3056 1182 3270 1251 opinari
3310 1181 3459 1252 quod

205 1260 433 1329 primus
458 1261 623 1315 istius
646 1262 878 1333 catalogi
902 1272 1099 1318 auctor
1120 1265 1215 1334 qui
1242 1267 1295 1320 in
1328 1268 1643 1337 Sophronio
1674 1273 2007 1326 terminatur
2036 1272 2219 1328 nullos
2236 1273 2288 1327 ei
2316 1287 2494 1326 annos
2515 1271 2804 1336 deﬁniens,
2835 1270 3074 1324 voluerit
3119 1278 3292 1324 totum
3321 1279 3461 1325 tem-

205 1358 318 1413 pus
342 1359 453 1413 quo
480 1344 918 1413 patriarchatum
952 1347 1363 1403 administravit
1394 1351 1692 1418 Modestus,
1718 1355 1897 1412 eidem
1941 1369 2003 1414 ut
2025 1376 2158 1415 vero
2190 1360 2518 1430 patriarcha:
2564 1359 2865 1423 ascribere,
2900 1357 3107 1411 notatis
3136 1356 3321 1412 Graece
3350 1372 3453 1410 an—

208 1431 303 1484 nis
328 1436 435 1493 κα’,
464 1432 519 1485 id
553 1440 658 1496 est,
690 1431 779 1495 21,
801 1433 946 1500 quod
978 1435 1070 1489 alii
1100 1450 1211 1490 non
1239 1436 1636 1509 intelligentes,
1663 1441 2008 1513 nimiumque
2040 1458 2164 1499 esse
2192 1444 2443 1499 videntes
2475 1442 2775 1512 (siquidem
2797 1450 2920 1511 post
2949 1438 3271 1495 Zachariam
3295 1439 3451 1492 brevi

215 1518 354 1572 satis
389 1524 639 1587 tempore
669 1520 759 1573 ille
788 1520 1069 1576 Modestus
1091 1522 1250 1594 vixit)
1287 1525 1493 1580 omisso
1525 1532 1596 1591 κ’,
1621 1528 1950 1584 retinuerint
1993 1528 2063 1595 α’,
2095 1531 2254 1586 facile
2277 1546 2453 1586 annos
2498 1530 2559 1584 21
2606 1528 2902 1598 rcperturi,
2936 1527 2983 1581 si
3013 1541 3306 1581 numerare
3334 1526 3456 1581 illos

208 1604 524 1659 voluissent
547 1606 616 1659 ab
649 1615 886 1660 exeunte
909 1608 1050 1663 Maio
1088 1611 1194 1680 (vel
1224 1611 1386 1667 initio
1431 1613 1604 1684 Junii)
1632 1616 1765 1670 anni
1798 1616 1902 1671 6M
1936 1617 2067 1686 (quo
2104 1627 2262 1687 capta
2296 1628 2381 1673 est
2406 1633 2437 1672 a
2482 1617 2667 1673 Persis
2697 1614 3191 1685 llierosolymitana
3235 1613 3454 1683 civitas)

206 1691 279 1745 ad
321 1708 570 1747 mensem
599 1694 961 1749 Decembrem
987 1698 1120 1751 anni
1155 1698 1279 1754 654.
1322 1699 1430 1755 Sed
1459 1701 1599 1756 nihil
1630 1718 1857 1759 necesse
1890 1706 1998 1759 erit
2024 1705 2134 1760 huc
2166 1721 2475 1769 recurrere,
2508 1704 2554 1760 si
2599 1703 2879 1759 Zachariae
2905 1702 3139 1755 velimus
3168 1715 3342 1755 annos
3385 1701 3458 1756 24

208 1779 555 1850 relinquere.
594 1781 751 1837 Tunc
779 1782 929 1837 enim
963 1799 993 1838 a
1026 1786 1223 1841 Martio
1252 1804 1396 1843 anno
1429 1790 1553 1853 655,
1589 1807 1761 1860 usque
1793 1792 1861 1846 ab
1891 1794 2249 1849 Decembrem
2280 1794 2406 1848 anni
2429 1792 2733 1862 sequentis,
2759 1790 2865 1845 dici
2886 1796 3068 1860 potest
3111 1788 3318 1843 sedisse
3344 1788 3463 1843 Mo-

204 1866 418 1923 destus.
452 1869 606 1933 Dico,
639 1886 813 1939 usque
840 1871 907 1925 ad
931 1873 1311 1939 Decembrem,
1336 1877 1463 1947 quia
1485 1879 1577 1934 tali
1606 1895 1795 1934 mense
1820 1880 1909 1935 die
1936 1881 2001 1936 l6
2023 1881 2212 1935 colunt
2239 1880 2417 1951 ipsum
2441 1879 2614 1935 Graeci
2637 1893 2818 1932 annua
2843 1874 3367 1932 commemoratione
3399 1875 3455 1930 in

202 1955 451 2011 Menaeis.
482 1957 561 2012 Ita
586 1958 1002 2027 Papebrochius
1025 1960 1249 2016 citatus.
1286 1962 1591 2035 Eutychius
1628 1966 2038 2023 Alexandrinus
2067 1968 2262 2024 scribit
2300 1968 2608 2023 Modestum
2648 1965 2860 2021 sedisse
2888 1980 3087 2019 novem
3124 1978 3365 2028 menses,
3398 1974 3457 2018 ct

202 2052 332 2111 post
360 2044 483 2113 ejus
517 2054 754 2099 mortem
799 2047 1069 2103 mansisse
1120 2049 1437 2103 cathedram
1480 2050 2047 2124 Hyerosolymitanam
2093 2072 2187 2113 sex
2219 2058 2379 2112 annis
2416 2056 2535 2111 sine
2574 2053 2911 2126 patriarcha.
2948 2052 3075 2107 Haec
3105 2050 3329 2121 quidem
3358 2066 3457 2105 sex

202 2145 485 2184 annorum
520 2132 775 2187 vacantia
816 2148 951 2189 vera
985 2150 1097 2189 non
1139 2136 1360 2190 videtur
1392 2155 1406 2191 :
1436 2155 1562 2193 nam
1598 2141 1667 2195 ab
1705 2158 1851 2198 anno
1876 2146 1999 2209 654,
2049 2160 2162 2215 quo
2191 2145 2488 2201 Zacharias
2520 2142 2827 2208 descendit,
2862 2154 3041 2210 usque
3070 2138 3139 2193 ad
3182 2139 3306 2203 654,
3342 2149 3454 2208 quo

200 2217 554 2288 Sephronius
594 2219 884 2276 ordinatus
926 2232 1010 2278 est
1051 2223 1556 2298 Hierosolymorum
1612 2232 1924 2302 episcopus,
1965 2246 2061 2287 sex
2106 2232 2355 2302 profecto
2395 2231 2524 2286 anni
2570 2244 2681 2285 non
2712 2234 3037 2290 occurrunt,
3071 2224 3174 2280 sub
3216 2240 3454 2295 quorum

200 2307 377 2360 etiam
403 2306 699 2361 duratione
732 2307 965 2364 Modesti
1000 2312 1408 2380 patriarchatus
1435 2315 1595 2371 ﬂuxit
1624 2319 1788 2373 unius
1818 2319 1948 2372 anni
2000 2320 2089 2374 vel
2118 2320 2376 2375 duorum.
2418 2318 2487 2373 At
2534 2317 2775 2387 aliquam
2826 2312 3212 2368 intercessisse
3247 2326 3452 2365 vacan-

198 2392 363 2457 tiam,
403 2409 434 2448 a
462 2395 699 2450 Modesti
722 2397 879 2451 obitu
901 2413 1079 2469 usque
1110 2401 1179 2455 ad
1205 2400 1484 2472 Sophroni
1519 2404 2023 2476 inaugurationem,
2058 2407 2292 2461 suadent
2318 2405 2570 2475 quaedam
2602 2402 2863 2458 Martini]
2904 2399 3137 2455 Romani
3176 2397 3454 2468 pontiﬁcis

194 2481 375 2536 verba
406 2481 641 2538 inferius
673 2484 988 2551 referenda,
1026 2502 1148 2556 quae
1170 2489 1434 2559 leguntur
1466 2491 1521 2545 in
1548 2493 1798 2561 epistolis
1818 2493 1940 2563 ejus
1963 2496 2030 2547 ad
2054 2494 2319 2549 Joannem
2346 2490 2739 2561 Philadelphia
2758 2489 3105 2559 episwpum,
3129 2494 3184 2541 et
3214 2485 3280 2539 ad
3308 2485 3451 2539 Pan-

194 2570 478 2625 taleonem
504 2589 518 2638 ;
549 2574 764 2629 scilicet
787 2576 939 2630 viros
965 2578 1180 2648 aliquos
1205 2587 1329 2633 ante
1362 2578 1644 2649 Sophronii
1665 2582 2067 2652 patriarchiam,
2098 2580 2231 2636 item
2280 2587 2395 2651 post
2429 2581 2543 2650 ejus
2585 2579 2882 2642 decessum,
2916 2591 3025 2629 non
3060 2573 3454 2629 convenienter

198 2655 381 2713 fuisse
410 2659 618 2716 electos
645 2661 701 2715 in
736 2662 1047 2734 episcopos,
1074 2666 1159 2721 vel
1197 2666 1568 2738 presbyteros,
1589 2677 1696 2723 etc.
1725 2668 1928 2723 Praeter
1953 2668 2181 2724 Modesti
2216 2668 2507 2737 epistolam
2537 2666 2605 2721 de
2659 2681 2764 2736 qua
2793 2679 2979 2733 supra,
3018 2667 3205 2715 monet
3253 2657 3453 2728 Pagius

197 2754 340 2801 tom.
372 2746 417 2801 Il
442 2748 560 2801 crit.
592 2750 779 2805 annal.
813 2751 1033 2807 Baronii
1068 2753 1136 2808 ad
1180 2769 1385 2808 annum
1434 2755 1559 2815 655,
1586 2771 1643 2810 n.
1676 2756 1708 2809 6
1736 2772 1859 2827 pag.
1898 2758 2021 2823 801,
2053 2757 2159 2812 col.
2186 2758 2236 2821 l,
2268 2756 2451 2810 adhuc
2491 2769 2786 2825 superesse
2812 2752 2950 2806 duas
2986 2751 3107 2820 ejus
3129 2748 3449 2803 orationes:

198 2853 397 2904 unam,
431 2841 487 2893 in
515 2840 763 2897 mulieres
789 2846 1227 2915 unguentiferas;
1255 2846 1504 2912 alteram,
1528 2848 1582 2900 in
1608 2864 1884 2902 occursum
1909 2863 1927 2901 :
1956 2861 2078 2915 qua:
2108 2845 2413 2900 recitantur
2439 2860 2467 2899 a
2501 2843 2701 2898 Photio
2726 2842 2783 2895 in
2805 2839 3073 2895 Biblioth.
3100 2836 3290 2892 codice
3319 2835 3447 2889 275.

194 2924 324 2981 Alia
351 2942 570 2998 quoque
594 2930 779 2984 oratio
822 2941 1039 2987 exstare
1080 2933 1309 2998 dicitur,
1346 2934 1450 2989 sub
1472 2935 1721 3005 ejusdem
1764 2934 1996 2990 Modesti
2044 2933 2290 3000 nomine,
2323 2932 2380 2986 in
2418 2930 2609 2986 codice
2653 2930 2760 2985 274
2803 2925 3176 2989 Coisliniano,
3200 2930 3341 2995 part.
3387 2936 3448 2990 ιι,

192 3027 327 3083 pag.
361 3013 486 3081 289,
514 3013 577 3067 de
598 3018 913 3072 dormitione
938 3019 1184 3091 Deipara:
1213 3019 1455 3092 Virginis.

193 3202 3421 3232 WW—M

1418 3365 2244 3485 ΜΟΔΕΣΤΟΥ

1253 3581 1814 3635 ΑΡΧΙΕΠΙΣΚΟΠΟΥ
1864 3576 2355 3634 ΙΕΡΟΣΟΛΥΜΩΝ

1188 3748 1360 3835 ΕΙΣ
1432 3748 1638 3834 ΤΑΣ
1709 3747 2487 3837 ΜΥΡΟΦΟΡΟΥΣο

1432 4163 1440 4169 ·
1519 4092 2149 4210 MODESTI

1166 4330 1746 4391 ARCI'IIEPISCOPI
1784 4328 2493 4390 HIEROSOLYMITANI

632 4494 759 4587 IN
872 4494 1520 4585 UNGUENTA
1630 4494 2243 4585 FERENTES
2357 4492 3002 4582 MULIERES.

1354 4685 1626 4755 (plIOTlUS,
1668 4684 1934 4750 Biblioth.,
1976 4686 2099 4739 eod.
2144 4685 2290 4755 275.)

257 4971 366 5029 Τὸν
393 4971 622 5044 ἕϐδομον
672 4971 905 5045 ἀριθμὸν
934 4972 1030 5026 καὶ
1073 4975 1167 5025 ἐπὶ
1197 4973 1296 5043 τῆς
1326 4971 1523 5043 ἀρετῆς
1552 4973 1645 5026 καὶ
1671 4971 1768 5024 ἐπὶ

1937 4975 2243 5046 Septimum
2282 4990 2596 5039 numerum,
2623 4982 2678 5029 et
2711 4973 2778 5029 de
2808 4972 3013 5028 virtute
3040 4979 3096 5028 et
3120 4972 3188 5028 de
3213 4982 3439 5044 peccato

183 5065 288 5137 τῆς
323 5065 521 5128 κακίας
548 5064 876 5136 εὑρίσκομεν
908 5065 1007 5135 τὴν
1044 5063 1267 5132 Γραφὴν
1313 5063 1765 5135 παραλαμῦἀνου-

1866 5068 1919 5122 in
1972 5067 2256 5136 Scriptura
2306 5075 2591 5136 acceptum
2645 5066 2972 5121 invenimus.
3027 5066 3223 5122 Merito
3270 5066 3439 5137 igitur

186 5172 309 5210 σαν.
344 5157 587 5218 Εἰκότως
619 5151 712 5208 οὖν
735 5155 833 5225 τὴν
863 5155 1082 5227 Μαρίαν
1109 5155 1390 5222 ἐκλέγεται
1420 5154 1518 5225 τὴν
1544 5155 1768 5223 Μαγδα-

1863 5152 2029 5228 elegit
2060 5158 2283 5211 Mariam
2319 5158 2690 5228 Magdalenam
2733 5157 3001 5222 Salvator,
3033 5173 3064 5212 e
3090 5173 3198 5226 qua
3230 5166 3436 5226 septem

183 5247 355 5318 λήνην
388 5248 416 5299 ὁ
451 5245 663 5316 Σωτὴρ,
705 5246 799 5314 ἀφ’
830 5242 898 5317 ἧς
929 5245 1249 5315 ἐκϐεϐλήκει
1283 5246 1537 5315 δαιμόνια
1576 5246 1757 5314 ἐπτὰᾑ

1867 5250 2137 5304 dazmonia
2165 5250 2384 5320 'ejecit,
2416 5259 2476 5304 ut
2498 5250 2800 5319 principem
2835 5249 3043 5319 peccati
3071 5264 3169 5317 per
3199 5247 3343 5301 illam
3368 5248 3437 5300 ab

183 5340 276 5393 ἵνα
308 5338 401 5391 τὸν
432 5338 667 5409 ἄρχοντα
703 5338 804 5407 τῆς
849 5339 1046 5403 κακίας
1080 5338 1147 5391 δι’
1174 5337 1342 5407 αὐτῆς
1373 5337 1620 5411 ἀπελάσῃ
1657 5339 1757 5409 τῆς

1866 5343 2186 5397 hominibus
2206 5344 2523 5412 expelleret.
2554 5342 2802 5397 Historia:
2823 5342 3045 5396 tradunt
3066 5339 3437 5409 Magdalenam

188 5434 539 5507 ἀνθρωπίνης
599 5433 835 5503 φύσεως.
881 5435 1023 5500 Ὅτι,
1069 5435 1255 5505 φησὶν,
1298 5436 1354 5486 αἱ
1396 5433 1623 5504 ἱστορίαι
1658 5434 1756 5504 τὴν

1866 5434 2008 5488 hanc
2048 5433 2314 5503 virginem
2359 5433 2547 5496 fuisse,
2585 5441 2639 5486 et
2670 5433 2987 5501 martyrium
3023 5432 3187 5502 hujus
3226 5447 3438 5485 memo-

182 5527 552 5598 Μαγδαληνὴν
593 5526 799 5595 ταύτην
840 5528 927 5581 διὰ
974 5529 1089 5598 βίου
1132 5528 1396 5598 παρθένον
1427 5527 1752 5580 διδάσκουσι.

1866 5535 2018 5579 ratur
2051 5541 2067 5580 :
2099 5525 2189 5579 ubi
2220 5526 2444 5591 dicitur,
2476 5533 2700 5594 propter
2732 5539 3000 5577 summam
3038 5524 3189 5578 illius
3215 5524 3439 5593 virgini-

183 5617 297 5670 Καὶ
328 5619 625 5689 μαρτύριον
662 5618 721 5671 δὲ
763 5619 933 5689 αὐτῆς
974 5620 1221 5688 φέρεται,
1254 5621 1311 5674 ὲν
1338 5612 1381 5687 ᾧ
1422 5618 1635 5686 λέγεται
1670 5619 1756 5673 διὰ

1867 5628 2054 5676 tatem.
2086 5628 2143 5673 et
2178 5620 2493 5683 puritatem,
2527 5618 2674 5671 illam
2706 5626 2965 5687 tanquam
3000 5616 3205 5670 vitrum
3236 5631 3435 5686 purum

257 5776 271 5805 ¹
310 5773 446 5829 Luc.
474 5789 591 5838 vni,
617 5772 673 5826 2.

586 5772 673 5834 )2.
1792 5780 1863 5807 γλ..
2074 5812 2077 5813 ν
2153 5786 2168 5823 ἔ.

464 5866 734 5927 ΡΑΤιιοι..
782 5865 897 5924 Gn.
934 5865 1276 5927 LXXXVI.

3084 5866 3196 5928 103
