4032 6474
471 425 622 488 32ῖῦ
732 387 735 390 Ι
1446 394 1777 472 MODESTI
1819 401 2334 468 ΡΑΤΒΙΑΒΟΠίΕ
2376 397 2785 462 HIEROSOL.
3618 382 3762 447 3-275

480 534 784 592 tortoribus
814 530 987 585 visam
1017 543 1159 584 esse.
1186 525 1316 580 Post
1341 519 1803 578 obdormitionem
1834 515 2065 572 sanctis-

2177 514 2266 586 τὴν
2325 513 2501 584 ἄκραν
2562 502 3080 578 αύτῆςῖπαρθενίαν
3137 500 3230 556 καὶ
3274 496 3641 570 καθαρότητα,
3690 497 3765 560 ὡς

481 628 630 681 εἱηιιε
651 622 896 678 Dominae
923 629 1124 676 nostra:
1139 616 1386 686 Deiparze
1407 611 1651 684 profecta
1679 619 1763 665 est
1787 607 2068 678 Ephesum

2177 606 2336 659 ὕαλον
2380 604 2552 674 αὐτὴν
2604 598 2844 669 καθαρὸν
2897 598 3008 659 τοῖς
3050 591 3405 664 βασανισταῖς
3448 585 3764 658 φαίνεσθαι.

482 719 550 773 ad
593 717 856 771 dilectum
890 711 1226 782 discipulum
1265 725 1280 762 ι
1313 707 1406 762 ubi
1451 719 1674 759 cursum
1705 677 2069 772 apostolicum

2177 696 2322 764 Ὅτι,
2367 697 2524 767 φησὶ,
2555 692 2694 764 μετὰ
2723 691 2821 761 τὴν
2850 688 3110 758 κοίμησιν
3141 684 3242 754 τῆς
3277 680 3579 748 Δεσποίνης
3607 677 3766 750 ἡμῶν

482 825 583 879 per
614 805 939 879 martyrium
972 770 1364 874 unguentifera
1394 796 1565 852 Maria
1595 770 1846 864 perfecit,
1874 791 2071 845 nolens

2177 787 2440 842 Θεοτόκου
2470 783 2801 857 πορευθεῖσα
2824 782 2904 843 εἰς
2934 780 3169 846 Ἔφεσον
3189 776 3326 846 πρὸς
3349 773 3439 826 τὸν
3467 770 3768 842 ἠγαπημέ-

485 903 552 959 ad
578 912 885 958 extremum
919 913 1093 969 usque
1121 897 1377 968 spiritum
1404 910 1434 948 a
1460 893 1622 948 beato
1655 891 1866 945 Joanne
1897 902 2068 942 evan—

2177 898 2263 934 νον
2291 880 2562 952 μαθητὴν,
2594 877 2775 930 ὲκεῖσε
2804 873 2897 928 τὸν
2921 872 3123 942 δρόμον
3167 870 3258 921 τὸν
3287 864 3652 920 ἁποστολικὸν
3683 861 3771 914 διὰ

485 996 702 1068 gelista.
723 1003 781 1051 et
807 993 1018 1064 virgine
1047 988 1312 1060 separari.
1341 981 1838 1054 Quemadmodum,
1867 979 2070 1049 inquit,

484 1086 746 1160 princeps
787 1081 1079 1158 [primitia]
1126 1080 1500 1152 apostolorum
1543 1075 1611 1130 ab
1657 1071 1928 1128 immobili
1967 1069 2073 1124 fide

486 1193 649 1248 quam
687 1175 882 1230 habuit
921 1175 976 1227 in
1011 1182 1222 1242 petram
1259 1167 1565 1230 Christum,
1596 1165 1794 1219 Petrus
1835 1161 2077 1232 appella-

489 1282 579 1326 tus
620 1278 705 1325 est
733 1286 746 1322 :
774 1267 853 1322 sic
879 1275 933 1322 et
966 1265 1058 1320 illa
1094 1261 1350 1334 princeps
1387 1257 1784 1328 discipularum
1814 1255 1885 1310 ob
1918 1253 2075 1324 puri-

491 1372 657 1417 tatem
689 1369 745 1414 ct
792 1373 1058 1421 amorem,
1095 1371 1205 1425 quo
1236 1351 1515 1408 Christum
1560 1349 1842 1419 complexa
1870 1357 1974 1411 est,
2005 1345 2075 1399 ab

491 1455 610 1525 ipso
645 1451 923 1506 nominata
959 1455 1062 1514 est,
1099 1446 1189 1501 cui
1220 1444 1365 1499 idem
1403 1441 1506 1500 fuit
1548 1457 1771 1505 nomen,
1801 1437 1948 1510 quod
1980 1437 2076 1492 Dei

491 1546 677 1600 matri.
699 1537 1174 1610 Quemadmodum
1202 1536 1494 1591 Dominum
1522 1529 1923 1602 discipulorum
1947 1529 2078 1584 cho-

493 1654 586 1692 rus
615 1643 840 1691 secutus
885 1641 991 1698 est,
1034 1632 1117 1687 sic
1164 1629 1451 1684 Dominam
1486 1633 1542 1682 e‘t
1585 1626 1811 1679 Matrem
1853 1619 2074 1676 Domini

491 1731 698 1785 chorus
727 1727 1145 1799 discipularum.
1178 1725 1360 1780 Mirati
1391 1723 1537 1780 enim
1583 1715 1880 1790 aliquando
1909 1715 2077 1770 disci-

2172 975 2268 1029 τοῦ
2311 971 2615 1045 μαρτυρίου
2647 971 2682 1041 ἡ
2708 966 3018 1040 μυροφόρος
3060 961 3250 1033 Μαρία
3285 958 3570 1013 ἐτελείωσε
3603 967 3658 1018 α,
3699 955 3772 1023 μὴ

2175 1067 2451 1137 θελήσασα
2485 1063 2649 1134 μέχρι
2683 1061 2783 1129 τῆς
2812 1056 3069 1126 τελευτῆς
3116 1051 3456 1125 χωρισθῆναι
3498 1045 3599 1100 τοῦ
3631 1063 3772 1114 παρ-

2174 1158 2325 1212 θένου
2357 1157 2451 1209 καὶ
2481 1149 2872 1220 εὐαγγελιστοῦ
2917 1147 3187 1200 Ἰωάννου.
3229 1144 3462 1211 Ὠσπερ,
3509 1140 3709 1208 φησιν,
3741 1139 3772 1202 ἡ

2176 1251 2400 1322 ἀπαρχὴ
2441 1247 2550 1301 τῶν
2593 1243 2912 1299 ἀποστόλων
2954 1239 3159 1310 Πέτρος
3213 1231 3509 1304 ὠνομάσθη
3561 1227 3656 1281 διὰ
3680 1225 3774 1291 τὴν

2175 1320 2470 1400 ἀσάλευτον
2502 1341 2704 1403 πίστιν,
2734 1337 2802 1408 ἦν
2824 1331 2969 1404 εἶχεν
3024 1332 3119 1384 ἐπὶ
3150 1327 3387 1398 Χριστόν
3415 1323 3517 1395 τὴν
3541 1320 3773 1390 πέτραν·

2177 1435 2322 1489 οὕτω
2382 1433 2473 1486 καὶ
2523 1430 2662 1500 αὐτὴ
2696 1419 2939 1500 ἀρχηγὸς
2973 1423 3085 1477 τῶν
3128 1419 3453 1493 μαθητριῶν
3477 1413 3775 1500 γενομένη.

2187 1527 2275 1580 διὰ
2315 1524 2413 1596 τὴν
2463 1499 2815 1593 καθαρότητα
2858 1517 3049 1583 αὐτῆς,
3083 1514 3177 1566 καὶ
3206 1511 3299 1564 τὸν
3338 1508 3504 1561 πόθον
3531 1505 3597 1558 δν
3629 1499 3774 1569 εἶχεν

2179 1622 2258 1683 είς
2287 1618 2474 1681 αὑτὸν,
2503 1615 2692 1688 Μαρία
2725 1611 3032 1685 ὁμωνύμως
3059 1611 3124 1680 τῇ
3153 1606 3323 1678 μητρὶ
3356 1603 3508 1674 παρά
3531 1600 3636 1654 τοῦ
3667 1598 3782 1649 2m-

2181 1712 2347 1782 τῆρος
2389 1709 2850 1782 προσηγόρευται.
2892 1701 3105 1772 Ὠσπερ
3157 1699 3237 1770 τῷ
3265 1696 3514 1767 Δεσπότῃ
3534 1691 3651 1745 τῶν
3685 1706 3786 1758 μαι

491 1823 608 1893 puli
652 1830 842 1887 erant,
889 1820 1037 1892 quod
1089 1835 1214 1875 cum
1262 1817 1468 1873 femina
1509 1815 1829 1884 loqueretur
1855 1813 1874 1842 ³
1907 1809 2075 1864 :hinc

2182 1802 2362 1873 θητῶν
2395 1797 2677 1872 ἠκολούθει
2701 1799 2728 1852 ό
2755 1796 2944 1869 χορός·
2970 1791 3115 1847 οὕτω
3143 1795 3207 1864 τῇ
3238 1789 3507 1860 Δεσποίνῃ
3538 1785 3640 1838 καὶ
3663 1783 3784 1850 Μη-

491 1920 644 1981 patct
685 1912 980 1968 Dominum
1037 1927 1164 1966 cum
1206 1907 1534 1964 mulieribus
1579 1903 1919 1961 consortium
1966 1918 2075 1957 non

2186 1898 2278 1969 τρὶ
2330 1895 2423 1950 τοῦ
2485 1894 2712 1966 Κυρίου,
2766 1892 2875 1945 τῶν
2931 1885 3391 1962 μαθητευομένων
3435 1875 3723 1950 γυναικῶν
3758 1874 3786 1924 ό

483 2005 776 2060 habuisse.
813 2005 920 2060 Sed
958 2013 1134 2060 matre
1165 2002 1381 2059 Domini
1425 1998 1806 2070 evangelicum
1858 1994 2075 2052 cursum

2184 1967 2367 2068 χορός.
2412 1989 2754 2062 Ἐθαύμαζον
2794 1987 2924 2060 γὰρ,
2964 1988 3119 2056 φησι,
3157 1981 3288 2035 ποτὲ
3320 1979 3369 2032 οί
3405 1971 3677 2048 μαθηται,
3705 1967 3786 2020 ὅτι

495 2113 605 2153 una
637 2113 763 2153 eum
798 2097 937 2153 Filio
962 2106 1019 2153 et
1050 2105 1298 2152 creatore
1329 2093 1664 2164 complente,
1698 2098 1755 2144 et
1779 2089 1910 2160 ipsae
1935 2089 2075 2142 illam

2188 2063 2331 2164 μετά
2362 2087 2621 2158 γυναικὸς
2656 2085 2836 2140 ἐλάλει
2855 2099 2869 2112 °
2913 2081 3070 2151 δῆλον
3095 2078 3171 2134 ὡς
3197 2077 3297 2131 οὐκ
3323 2072 3493 2141 olim;
3522 2063 3786 2130 τοιαύτης

496 2198 720 2252 secutaa,
754 2189 1032 2245 communi
1079 2188 1312 2243 Domino
1341 2195 1397 2242 et
1433 2157 1726 2254 discipulis
1755 2157 1823 2236 de
1855 2181 2075 2235 faculta-

2193 2157 2486 2256 συνηθείας
2516 2180 2596 2252 τῷ
2619 2179 2828 2251 Κυρίῳ.
2871 2175 3034 2230 Ἀλλὰ
3059 2174 3150 2227 τὸν
3192 2163 3551 2236 εὐαγγελικον
3578 2157 3784 2256 δρόμον

496 2280 649 2335 tibus
679 2280 799 2335 suis
830 2282 887 2336 in
916 2281 1085 2336 rebus
1110 2279 1440 2336 necessariis
1469 2274 1874 2332 ministrabant.

2192 2278 2290 2347 τῆς
2314 2246 2522 2348 μητρὸς
2549 2246 2640 2328 τοῦ
2673 2246 2946 2325 Δεσπότου
2975 2260 3410 2330 συνεξανυούσης
3439 2253 3519 2325 τῷ
3547 2248 3672 2321 Υἱῷ
3697 2246 3787 2348 καὶ

496 2373 848 2447 Δημιουργῷ,
884 2373 980 2429 καὶ
1025 2367 1185 2428 αὗται
1235 2367 1730 2427 συνακολουθοῦσαι
1781 2366 1920 2437 αὐτῇ
1979 2367 2060 2438 τῷ
2111 2342 2276 2441 κοινῶ
2303 2342 2553 2443 Ᾰεσπότῃ
2607 2367 2674 2421 ὲκ
2729 2365 2838 2420 τῶν
2862 2361 3215 2433 ὑπαρχόντων
3243 2357 3302 2411 ἐν
3324 2353 3437 2416 τοῖς
3459 2342 3788 2414 ἀναγκαίοις

500 2474 593 2527 καὶ
621 2473 731 2534 τοῖς
768 2469 1038 2541 μαθηταῖς
1063 2469 1369 2542 διηκόνουν.

569 2614 588 2642 ²
623 2609 783 2667 Joan.
822 2626 898 2674 ιν,
926 2611 1016 2666 ‘27.

1762 2669 1994 2729 VARl/E
2043 2665 2444 2725 LECTIONES.

573 2781 603 2810 ι
635 2769 954 2842 ἐτελεύτησε
989 2770 1061 2826 Μ.
1100 2769 1174 2826 Μ.

1499 3124 1674 3213 ΕΙΣ
1746 3123 1978 3211 ΤΗΝ
2018 3116 2790 3208 -ΥΠΑΠΑΝΤΗΝ.

1673 3425 1805 3515 ΙΝ
1906 3419 2584 3514 OCCUBSUM.

585 3746 741 3798 Anna
769 3755 894 3797 cum
917 3739 1036 3826 viro
1065 3745 1276 3808 septem
1305 3751 1500 3802 annos,
1526 3733 1826 3791 Sabbatum
1849 3731 2036 3787 colens
2059 3728 2098 3794 ³,
2129 3736 2172 3795 c
2276 3729 2388 3784 Καὶ
2417 3729 2450 3800 ἡ
2483 3727 2574 3782 τὸν
2607 3717 2982 3802 ἐϐδομήκοντα
3013 3729 3204 3802 χρόνον
3242 3728 3621 3783 σαϐϐατίσασα
3657 3725 3790 3797 μετά

510 3837 699 3910 precib
715 3851 769 3891 ω
797 3842 854 3890 et
891 3832 1117 3906 jejuniis
1159 3831 1470 3895 adhaerens,
1531 3827 1808 3899 octoginta
1860 3836 2098 3896 quatuor

512 3943 690 3986 annos
727 3942 852 3982 cum
892 3924 1180 3994 exegisset,
1215 3937 1502 3977 carueme
1539 3929 1775 3990 quatuor
1808 3916 2100 3973 elementis

512 4019 873 4091 compositam
904 4016 1153 4078 vincens,
1185 4022 1241 4069 et
1261 4023 1500 4069 mentem
1523 4011 1797 4066 mundans
1822 4009 1890 4064 ad
1922 4006 2097 4062 sancti

512 4085 753 4187 Spiritus
784 4110 1181 4180 receptionem,
1215 4116 1272 4162 et
1314 4105 1662 4177 generalibus
1695 4103 1882 4176 [vulgo
1915 4085 2099 4156 cardi-

511 4207 730 4262 nalibus
762 4202 952 4274 dictis]
983 4199 1237 4272 [seipsam
1280 4198 1586 4254 virtutibus
1616 4210 1910 4259 exornans,
1941 4200 2096 4247 octo-

513 4299 784 4368 gesimum
817 4307 1022 4347 annum
1051 4299 1342 4360 postquam
1388 4288 1645 4352 excessit,
1679 4287 1733 4340 in
1772 4285 1975 4355 templo
2010 4283 2098 4338 in-

512 4389 667 4445 venit
697 4386 867 4441 futuri
896 4381 1162 4451 temporis
1185 4381 1545 4443 Salvatorem,
1610 4378 1756 4431 ulnis
1804 4384 2097 4447 gestatum.

514 4481 711 4537 Merito
760 4479 848 4532 lex
890 4484 950 4530 ut
993 4487 1213 4530 causam
1266 4472 1545 4544 peccantis
1589 4470 1909 4540 voluptatis,
1960 4468 2102 4524 ﬁlias

515 4575 662 4639 Evaa,
691 4568 856 4642 jussit
886 4567 1083 4622 aﬁ‘erre
1114 4581 1215 4636 pro
1254 4563 1638 4635 puriﬁcatione
1667 4578 1766 4633 par
1794 4569 2098 4620 turturum.

517 4665 602 4721 vel
625 4663 765 4718 duos
787 4661 967 4732 pullos
986 4657 1372 4712 columbarum
1399 4654 1466 4708 ad
1489 4652 1930 4710 sacriﬁcandum.
1957 4650 2100 4720 Lege

517 4757 731 4815 scilicet
775 4753 1139 4826 signiﬁcante,
1199 4764 1325 4806 eum
1371 4747 1466 4818 qui
1515 4747 1582 4802 ad
1631 4747 1806 4801 Deum
1853 4743 2098 4810 accedat,

517 4851 722 4907 debere
754 4857 814 4903 et
843 4847 1090 4902 animum
1115 4853 1172 4898 et
1207 4857 1409 4912 corpus
1435 4841 1503 4895 ab
1528 4838 1677 4894 omni
1705 4847 1933 4908 peccato
1958 4836 2100 4891 libet-

518 4959 641 5000 rum
671 4942 879 4998 habere
906 4940 948 4994 ⁸.

586 5119 842 5176 Christus
873 5118 1049 5189 legem
1072 5117 1281 5187 implet,
1317 5131 1428 5171 non
1450 5113 1668 5169 debitor
1698 5123 1782 5169 est
1800 5112 1958 5184 legis,
1995 5131 2012 5163 ι
2049 5112 2101 5168 in
2135 5111 2183 5172 D

518 5215 735 5270 ruinam
752 5213 1285 5268 etresurrectionem
1308 5209 1604 5264 multorum
1623 5208 1835 5278 positus
1854 5219 1938 5262 cst
1954 5207 1994 5260 ".
2010 5227 2026 5258 ι
2048 5206 2107 5260 In

2205 3823 2397 3893 ἀνδρὸς
2435 3824 2626 3884 Ἅννα,
2655 3825 2984 3894 προσευχαῖς
3017 3823 3112 3875 καὶ
3143 3822 3420 3892 νηστείαις
3452 3837 3791 3890 προσκαρτε-

2209 3913 2402 3984 ροῦσα,
2437 3913 2766 3982 ὀγδοήκοντα
2811 3913 2908 3967 καὶ
2951 3913 3235 3983 τεσσάρων
3263 3911 3402 3965 ἐτῶν
3442 3910 3787 3982 ὑπαρχούσα,

2205 4005 2303 4076 τὴν
2335 4005 2400 4059 ὲκ
2453 4005 2561 4058 τῶν
2615 4004 2898 4075 τεσσάρων
2953 4006 3234 4076 στοιχείων
3270 4006 3546 4076 νικήσασα
3590 4004 3787 4074 σάρκα,

2205 4098 2301 4152 καὶ
2340 4098 2431 4151 τὸν
2479 4097 2604 4152 νοῦν
2649 4097 2938 4169 καθάρασα
2991 4099 3129 4169 πρὸς
3165 4099 3431 4168 ὑποδοχὴν
3475 4098 3790 4167 Πνεύματος

2205 4190 2364 4258 ἁγίου
2389 4232 2404 4256 ,
2463 4189 2557 4244 καὶ
2603 4192 2723 4254 ταῖς
2755 4191 3003 4259 γενικαῖς
3036 4190 3236 4262 ἑαυτὴν
3279 4191 3505 4261 ἀρεταῖς
3557 4205 3792 4243 κατακοο

2207 4285 2490 4354 σμήσασα,
2519 4283 2610 4336 τὸν
2643 4281 2743 4354 τῆς
2769 4283 3190 4354 όγδοηκοντάδος
3218 4283 3540 4355 παρέδραμε
3577 4282 3787 4353 καιρὺν,

2208 4376 2302 4430 καὶ
2327 4370 2483 4446 εὗρεν
2506 4377 2565 4428 ὲν
2597 4375 2678 4445 τῷ
2709 4375 2822 4447 ναῷ
2848 4377 2940 4430 τὸν
2970 4377 3198 4448 Σωτῆρα
3226 4377 3320 4429 τοῦ
3357 4376 3645 4447 μέλλοντος
3666 4375 3791 4428 αἰῶ-

2207 4483 2296 4530 νος
2343 4467 2404 4519 ἐν
2449 4465 2716 4535 ἀγκάλαις
2751 4466 3175 4537 βασταζόμενον.
3221 4467 3463 4530 Είκότως
3504 4465 3584 4530 ὡς
3615 4465 3791 4528 αίτίας

2206 4559 2308 4630 τῆς
2349 4559 2731 4632 ὲναμαρτήτου
2751 4560 2779 4600 b
2816 4559 3008 4631 ἡδονῆς
3048 4561 3144 4624 τὰς
3176 4559 3484 4630 θυγατέρας
3513 4559 3620 4629 τῆς
3652 4558 3790 4620 Εὗας

2207 4651 2542 4724 προσφέρειν
2567 4656 2596 4706 ὸ
2617 4653 2778 4722 νόμος
2803 4651 3135 4724 προσέταξεν
3157 4651 3299 4722 ὑπὲρ
3321 4650 3414 4704 τοῦ
3441 4649 3789 4721 καθαρισμοῦ

2209 4744 2388 4799 αὐτῶν
2422 4743 2518 4814 τὴν
2547 4743 2740 4798 θυσίαν
2767 4743 2874 4797 τῶν
2903 4743 2997 4796 δύο
3026 4744 3324 4815 τρυγόνων,
3357 4743 3389 4813 ἢ
3417 4742 3512 4795 δύο
3539 4741 3790 4802 νεοσσοὺς

2210 4835 2551 4908 περιστερῶν
2577 4853 2592 4868 ο
2627 4833 2912 4907 δηλοῦντος
2950 4835 3044 4889 τοῦ
3076 4835 3268 4905 νόμου,
3294 4837 3374 4889 ὅτι
3397 4835 3480 4888 δεῖ
3499 4835 3593 4888 τὸν
3629 4851 3791 4906 προς-

2210 4927 2504 4999 ερίόμενον
2563 4927 2683 4998 Θεῷ
2737 4925 3066 5000 καθαρεύειν
3108 4931 3200 4981 καὶ
3234 4929 3378 4999 ψυχῇ
3422 4928 3520 4982 καὶ
3559 4927 3790 4997 σώματι,

2211 5021 2304 5074 καὶ
2329 5020 2562 5082 ἀκακίας
2593 5019 2834 5091 ἔχεσθαι.

2291 5114 2350 5166 '0
2382 5113 2618 5184 Χριστὸς
2653 5111 2950 5184 πληρωτὴς
2972 5114 3140 5178 ἐστιν,
3168 5114 3269 5167 οὐκ
3295 5112 3581 5184 ὀφειλέτης
3609 5113 3790 5183 νόμου.

2213 5228 2231 5261 ι
2262 5209 2352 5272 Εἰς
2389 5207 2598 5261 πτῶσιν
2620 5207 2677 5260 δὲ
2708 5211 2802 5261 καὶ
2839 5207 3135 5262 ἀνάστασιν
3159 5211 3336 5261 κεῖται
3357 5223 3373 5238 ο
3405 5226 3424 5259 ι
3459 5207 3672 5260 πτῶσιν
3701 5209 3794 5276 μὲν

519 5309 740 5364 ruinam
774 5307 1011 5379 peccati,
1050 5305 1106 5360 in
1155 5302 1617 5359 resurrectionem
1660 5301 1908 5372 juslilize,
1952 5308 2008 5354 et
2051 5300 2109 5355 in
2205 5299 2304 5370 τῆς
2329 5298 2629 5370 ἁμαρτίας,
2660 5299 2948 5370 ἀνέγερσιν
2972 5299 3028 5352 δὲ
3059 5299 3154 5368 τῆς
3184 5296 3557 5368 δικαιοσύνης,
3599 5300 3695 5350 καὶ
3719 5297 3794 5357 εἰς

520 5401 756 5471 signum,
775 5398 864 5454 cui
885 5398 1084 5465 Judmi,
1105 5396 1197 5467 qui
1216 5394 1499 5450 Christum
1520 5393 1862 5460 occiderunt,
1884 5403 2106 5447 contra-

521 5493 812 5549 dixerunt‘5
841 5510 855 5548 :
887 5513 906 5544 ι
939 5493 994 5549 Si
1015 5501 1073 5548 tu
1097 5507 1158 5547 es
1177 5488 1349 5546 Filius
1368 5487 1486 5554 Dei,
1515 5485 1790 5542 descende
1819 5486 1887 5542 de
1918 5501 2104 5548 cruce.

2213 5394 2441 5462 σημεῖον
2469 5390 2888 5463 ἀντιλεγόμενον
2933 5393 3047 5455 τοῖς
3078 5391 3454 5463 κυριοκτόνοις
3496 5389 3793 5450 Ἰουδαίοις,

2215 5486 2327 5547 τοῖς
2366 5482 2644 5552 λέγουσιν’
2679 5501 2700 5539 ι
2738 5485 2800 5536 El
2824 5484 2950 5549 Υἱὸς
2984 5479 3038 5538 εἴ
3069 5483 3163 5539 τοῦ
3195 5483 3354 5552 Θεοῦ,
3381 5481 3659 5553 καταὸἧθι
3696 5478 3798 5534 ἀπὸ

587 5633 610 5664 ³
642 5633 776 5688 Luc.
811 5649 872 5697 ιι,
904 5632 991 5687 16.
1065 5631 1084 5662 ’⁵
1117 5629 1295 5686 Levit.
1343 5645 1442 5697 xu,
1474 5628 1526 5682 8.
1603 5628 1626 5662 ⁵
1669 5625 1860 5683 Matth.
1893 5642 1947 5690 v,
1985 5625 2067 5680 l7.
2146 5623 2167 5656 ⁸
2191 5623 2328 5678 Luc.
2370 5638 2431 5688 ll,
2467 5621 2556 5678 54.

1825 5760 2056 5817 VAllUE
2083 5759 2492 5820 LECTIONES.

594 5864 621 5904 δ
652 5863 726 5918 al.
767 5858 1090 5930 ἐναμάρτου.
