4006 6554
216 442 361 504 εει-Π
1304 447 1708 508 ENCOMIUM
1750 448 1798 507 Il

1908 451 1938 507 ι.
1980 447 2385 511 VIRGINEM.
2870 486 2877 507 ι
3351 451 3490 513 3278

218 552 317 606 τοῦ
375 553 647 625 σταυροῦ,
699 554 796 607 καὶ
840 554 1211 625 πιστεύσομέν
1252 573 1357 609 σοι.
1405 576 1424 609 ι
1470 558 1599 620 Καὶ,
1637 576 1655 608 ι
1699 557 1800 611 Σοῦ

1909 566 1959 611 et
1985 556 2279 612 credemus
2332 555 2486 611 tibi’.
2524 576 2542 606 ι
2576 556 2645 613 Ει
2684 574 2697 611 :
2741 575 2759 609 ι
2808 557 2979 612 Tuam
3027 558 3205 629 ipsius
3253 558 3491 615 animam

218 643 280 697 δὲ
335 644 507 715 αὐτῆς
550 648 651 716 τῆς
694 645 873 716 ψυχῆς
921 645 1259 701 διελεύσεται
1320 650 1595 719 ῥομφαία,
1657 651 1800 714 ὅπως

1909 650 2271 719 pertransibit
2299 649 2534 721 gladius,
2563 658 2625 703 ut
2648 652 2967 707 revelentur
2996 667 3063 707 ex
3084 651 3274 707 multis
3307 653 3491 707 cordi-

216 736 288 790 ἂν
337 738 800 808 ἀποκαλυφθῶσιν
858 740 922 793 ἐκ
984 740 1196 795 πολλῶν
1266 740 1507 813 καρδιῶν
1566 741 1798 810 διαλογι-

1906 740 2012 797 bus
2038 742 2457 812 cogitationes“.
2489 762 2507 794 ι
2533 742 2671 809 Quia
2700 754 2877 798 mater
2903 759 2983 808 es,
3010 760 3131 814 qua:
3162 760 3290 801 vere
3314 746 3488 815 patie-

222 828 374 897 σμοί.
433 846 451 876 ι
507 830 629 883 Ὀτι
680 830 865 899 μήτηρ
920 827 970 881 εἷ
1025 829 1169 883 κατὰ
1220 829 1477 898 ἀλήθειαν
1520 829 1804 900 πάσχουσα

1909 832 2333 889 baturdolorem
2365 833 2559 890 matris
2593 850 2696 905 pro
2740 835 2902 902 Filio,
2949 843 3006 892 et
3052 836 3187 902 Deo,
3238 851 3341 909 pro
3390 853 3491 891 no-

220 919 290 973 τὰ
316 922 522 991 μητρὸς
546 921 685 992 ὑπὲρ
719 920 858 994 [τοῦ]
888 921 1078 976 τέκνου
1108 921 1202 975 καὶ
1234 921 1392 986 Θεοῦ,
1415 919 1509 974 τοῦ
1543 920 1802 985 παθόντος

822 922 858 994 3]
888 921 1078 976 τέκνου
1108 921 1202 975 καὶ
1234 921 1392 986 Θεοῦ,
1415 919 1509 974 τοῦ
1543 920 1806 985 παθόντος
1907 927 1996 983 bis
2024 943 2191 985 came
2220 943 2404 999 passo.

218 1010 365 1083 ὑπὲρ
395 1014 427 1084 ἡ
439 1013 554 1082 μῶν
586 1013 769 1085 σαρκί.

293 1136 314 1167 ⁷
341 1136 533 1192 Matth.
570 1153 737 1203 κλίνη,
766 1136 855 1194 40.
935 1138 957 1170 ⁸
985 1138 1122 1193 Luc.
1158 1155 1221 1204 ιι,
1266 1139 1355 1195 55.

1280 1484 1477 1545 ΜίοΙι.
1536 1483 1699 1562 Aug.
1737 1481 2149 1545 Giacomellus
2193 1482 2438 1545 lectori.

294 1633 487 1690 Sancti
533 1633 763 1689 Modesti
796 1633 1123 1704 patriarchze
1154 1628 1664 1703 Hierosolymitani,
1696 1628 1789 1699 qui
1830 1628 2017 1682 ﬂoruit
2061 1628 2166 1683 sub
2201 1629 2384 1684 δεουιί
2421 1629 2639 1700 septimi
2673 1629 2915 1696 initium,
2962 1639 3076 1684 tres
3105 1628 3491 1685 Ilomilias're-

213 1734 433 1791 censet,
455 1741 756 1795 earumque
780 1732 1037 1793 excerpta
1061 1724 1154 1778 dat
1176 1724 1407 1778 Photius
1434 1721 1556 1776 cod.
1584 1721 1710 1775 275.
1734 1720 1795 1774 P1

1909 1734 1973 1773 im
1998 1718 2158 1772 aﬂ‘ert
2184 1720 2264 1781 είς
2286 1719 2384 1783 τὰς
2420 1722 2761 1791 μυροφόρους
2784 1738 2798 1773 :
2823 1720 3050 1775 alteram
3083 1722 3162 1784 είς
3190 1720 3287 1791 τὴν
3322 1722 3491 1774 ὑπαν-

213 1822 358 1891 τήνε
397 1819 637 1883 tertiam,
682 1834 805 1887 qum
847 1832 994 1871 nunc
1026 1817 1265 1887 primum
1301 1815 1354 1869 in
1387 1815 1564 1869 lucem
1597 1812 1802 1883 prodit,
1847 1811 2245 1865 Laudationem
2289 1811 2346 1864 in
2394 1811 2570 1866 beata:
2602 1811 2783 1867 Mariae
2814 1812 3238 1867 Dormitionem.
3278 1812 3411 1866 Eam
3457 1828 3491 1866 e

212 1910 687 1982 Sangermanensi
735 1909 939 1964 Codice
988 1905 1668 1967 describendachuravit
1717 1918 1827 1957 non
1879 1911 1988 1956 tam
2035 1903 2284 1957 claritate
2342 1904 2581 1968 generis,
2625 1919 2791 1973 quam
2847 1903 3220 1975 integerrimis
3274 1902 3492 1972 piisque

215 2004 473 2059 moribus
507 2002 898 2073 praestantique
924 1999 1437 2055 Ecclesiasticarum
1465 2012 1649 2052 rerum
1675 1994 1929 2050 doctrina
1954 1994 2393 2065 spectatissimus
2423 1994 2607 2049 Petrus
2632 1995 2911 2067 Philippus
2933 1994 3151 2050 Strozza
3183 1994 3492 2048 Liberianze

215 2099 471 2153 Basilica:
513 2096 850 2159 ‘canonicus,
900 2094 996 2164 qui
1038 2093 1174 2148 mihi
1206 2102 1401 2148 auctor
1424 2093 1547 2156 fuit,
1591 2090 1737 2144 illam
1778 2098 1840 2143 ut
1877 2104 1907 2143 e
1946 2088 2136 2143 Graeco
2179 2088 2235 2141 in
2276 2086 2533 2141 Latinum
2576 2103 2887 2143 sermonem
2923 2098 3218 2144 verterem.
3260 2086 3491 2140 Hortatu

217 2208 357 2247 vero
404 2190 481 2260 pii
539 2187 823 2260 cujusdam
861 2185 1281 2256 doctissimique
1334 2186 1448 2240 Viri
1502 2194 1827 2250 summaque
1883 2180 2018 2233 mihi
2072 2178 2443 2233 familiaritate
2491 2181 2772 2251 conjuncti
2820 2182 2990 2236 Notas
3023 2180 3238 2251 aliquot
3290 2177 3489 2250 adjeci,

216 2298 333 2355 quo
372 2280 509 2335 nihil
557 2279 706 2335 aliud
756 2277 871 2332 fere
911 2277 1148 2342 contuli,
1185 2291 1348 2345 quam
1412 2272 1664 2344 quiedam
1704 2281 1956 2326 veterum
1988 2270 2337 2341 Scriptorum
2370 2272 2489 2327 loca
2531 2273 2662 2329 huic
2686 2274 2917 2329 Modesti
2958 2273 3247 2344 scriptioni
3282 2270 3491 2344 παράλ-

214 2376 378 2445 ληλα,
414 2373 483 2428 ad
509 2371 859 2427 nutriendam
886 2371 1165 2440 pietatem“,
1189 2378 1244 2423 et
1271 2368 1326 2422 in
1364 2368 1652 2437 Deiparam
1693 2365 2066 2419 devotionem.
2103 2364 2222 2418 Etsi
2245 2372 2425 2419 autem
2452 2366 2618 2437 hujus
2644 2366 2939 2439 Scriptoris
2968 2368 3143 2439 stylus
3173 2366 3491 2438 longissime

216 2472 365 2527 absit
412 2468 480 2525 ab
514 2484 581 2523 eo
622 2466 844 2521 dicendi
878 2480 1109 2537 genere,
1142 2464 1289 2535 quod
1325 2463 1498 2519 secuti
1542 2470 1671 2517 sunt
1709 2462 1902 2516 Patres
1932 2476 1985 2514 Iv
2012 2467 2067 2515 et
2098 2474 2132 2513 v
2164 2458 2388 2524 saeculo,
2431 2474 2558 2513 cum
2599 2459 2656 2514 in
2699 2461 2945 2516 Ecclesia
2980 2475 3111 2513 vera
3148 2468 3204 2514 et
3228 2475 3487 2530 germana

212 2565 399 2636 viguit
430 2558 777 2630 eloquentia;
821 2564 1007 2612 tamen
1056 2556 1204 2612 haud
1250 2557 1330 2613 ita
1372 2555 1525 2627 parvi
1574 2555 1719 2609 hanc
1764 2553 2060 2609 Homiliam
2095 2551 2717 2627 faciendamexistimo,
2751 2572 2817 2611 ea
2864 2555 3214 2625 potissimum
3252 2554 3488 2623 ratione.

216 2656 371 2727 quod
415 2654 823 2727 prazcipuurum
868 2649 1197 2706 Christianae
1240 2650 1396 2706 Fidei
1441 2648 1760 2720 dogmatum
1801 2648 2159 2703 traditionem
2208 2643 2602 2704 dissertissime
2640 2664 2953 2718 expressam
2983 2647 3267 2703 contineat

3093 2851 3407 2868 —.-———

1313 3016 1452 3071 Ter
1489 3016 1581 3070 EN
1619 3017 1853 3091 armis,
1881 3017 2154 3073 ΠΑΤΡοΣ
2192 3018 2388 3072 mum

1454 3185 2286 3306 ΜΟΔΕΣΤΟΥ

1168 3401 1906 3458 ΑΡΧιΕηιΣιςυηοΥ
1950 3401 2319 3456 1ΕΡΟΣΟΛ
2352 3389 2582 3458 mum

1572 3570 2165 3659 EI‘KQMION

328 3760 442 3815 ΕΙΣ
481 3760 627 3817 ΤΗΝ
665 3760 1005 3818 ΚΟΙΜΗΣῙΝ
1030 3744 1185 3815 ΝἹἩΣ
1229 3761 1615 3815 ΥΠΕΡΑΙΊΑΣ
1656 3760 2048 3815 ΔΕΣΠΟΙΝΗΣ
2092 3762 2291 3816 ΗΜΩΝ
2332 3760 2707 3816 ΘΕΟΤΟΚΟΥ
2748 3761 2868 3814 ΚΑΙ
2910 3760 3398 3818 ΔΕΙΠΑΡΘΕΝΟΥ

1723 3856 2004 3911 ΜΑΡΙΑΣ.

1126 4180 1257 4315 S.
1380 4186 1515 4312 P.
1634 4186 1781 4311 N.
1898 4165 2601 4313 MODESTI

1236 4418 1784 4477 ARCHIEPISCOPI
1820 4418 2478 4478 HIEROSOLYMITANI

1525 4592 2175 4686 ENCOMIUM

246 4793 333 4855 ΙΝ
378 4790 911 4853 DORMITIONEM
953 4787 1463 4851 SANCTISSIMAS
1500 4788 1810 4850 ΒΟΜΙΝᾹῘ.
1854 4788 2176 4851 NOSTB/E
2215 4791 2574 4855 DEIPARAE
2612 4794 3069 4867 SEMPERQUE
3112 4797 3452 4858 VIRGINIS

1716 4889 2001 4950 MARUE.

293 5191 535 5259 Ἀφατος
569 5191 604 5260 ἡ
638 5188 810 5259 ,πανίε
826 5205 918 5259 ρος
956 5188 1158 5257 γνῶσις
1210 5186 1320 5240 τῶν
1354 5189 1567 5241 σεπτῶν
1611 5189 1813 5258 ἑορτῶν
1845 5199 1875 5253 ῃ

1991 5189 2300 5245 lneﬂ'abilis
2318 5199 2403 5246 est
2424 5189 2816 5246 Sacratissima
2841 5191 3285 5245 venerandarum
3326 5192 3489 5247 Geni-

206 5286 317 5356 τῆς
369 5283 712 5355 Θεομήτορος
774 5281 1054 5353 Χριστοῦ·
1087 5281 1207 5334 ἐπεὶ
1265 5280 1364 5333 καὶ
1395 5280 1457 5332 τὸ
1505 5282 1788 5352 μυστήριοι

1912 5282 2071 5337 tricis
2100 5281 2309 5338 Christi
2333 5282 2429 5337 Dei
2457 5282 2824 5338 festivitatum
2855 5282 3075 5337 notitia.
3110 5284 3246 5337 Nam
3289 5292 3345 5336 et
3370 5284 3490 5353 glo-

209 5376 606 5448 ῠπερένδοξον,
640 5375 732 5429 καὶ
791 5375 994 5436 πάσαις
1052 5373 1333 5443 οὐρανίαις
1391 5371 1658 5442 δυνάμεσι
1711 5374 1791 5426 κα¹

1911 5374 2283 5429 riosissimum
2307 5382 2393 5429 est
2414 5375 2762 5445 mysterium,
2793 5385 2849 5429 et
2881 5376 3143 5429 omnibus
3170 5375 3491 5429 cmlestibus

211 5473 435 5545 βροτοῖς
462 5466 846 5536 ἀκατάληπτον
866 5481 880 5495 ⁸
910 5466 1005 5518 καὶ
1032 5463 1415 5525 πολυποίκιλος
1440 5466 1467 5516 ὁ
1500 5463 1599 5532 τῆς
1618 5464 1793 5531 σοφίας

1911 5467 2286 5537 potestatibus
2339 5467 2774 5536 hominibusque
2808 5466 3377 5536 incomprehensibile
3398 5482 3412 5531 ;
3437 5476 3493 5520 et

208 5565 378 5633 λόγος
409 5561 515 5614 κᾶν
561 5560 743 5629 ἀπορῇ
768 5556 904 5629 πρὸς
946 5556 1167 5610 ἔπαινον
1197 5553 1436 5619 ἐπαξίως
1469 5555 1562 5606 τοῦ
1602 5553 1788 5625 θαῦμα

1916 5560 2273 5615 multiformis
2308 5559 2596 5630 sapientize
2634 5574 2818 5613 sermo
2849 5560 3142 5629 pcrplexus
3180 5558 3396 5613 haesitct
3424 5559 3492 5612 ad

210 5674 337 5719 τος,
368 5652 465 5706 τοῦ
503 5654 685 5706 πᾶσαν
742 5650 947 5718 γνῶσιν
984 5650 1176 5721 νοερᾶς
1213 5665 1272 5700 τε
1308 5648 1404 5700 καὶ¹
1432 5646 1655 5717 λογικῆς
1688 5647 1792 5699 xti-

1912 5653 2241 5707 miraculum
2268 5668 2369 5722 pro
2398 5651 2664 5721 dignitate
2696 5650 3055 5717 laudandum,
3077 5666 3299 5705 omnem
3332 5650 3494 5706 intel-

215 5763 363 5809 σεως
394 5744 794 5815 ὑπερϐαίνοντα
821 5742 919 5813 (1).
956 5742 1064 5794 Καὶ
1114 5741 1224 5812 γὰρ
1281 5743 1356 5803 ὡς
1419 5740 1587 5809 οὔσης
1619 5742 1797 5795 θεόθεν

1910 5742 2169 5799 lectualis
2192 5742 2592 5812 rationalisque
2617 5749 2884 5798 creatura:
2920 5755 3189 5813 superans
3219 5738 3492 5812 cognitio-

294 5881 372 5953 (Ι)
403 5878 495 5935 Sic
527 5878 721 5935 codex.
759 5876 865 5932 Sed
899 5877 1212 5949 legendum,
1242 5878 1683 5951 ὑπερϐαίνοντος.
