4006 6492
301 392 448 455 3285

1415 400 1821 465 ENCOMIUM
1860 403 1941 464 IN
1982 406 2046 464 B.
2088 404 2491 465 VIRGINEM.

3386 418 3397 427 ’
3421 405 3561 467 3286

304 522 423 573 νην,
480 500 780 573 δρέψασθαι
820 502 946 567 τοὺς
994 503 1224 577 βότρυας
1275 507 1373 576 τῆς
1428 508 1739 581 ἀφθαρσίας
1794 513 1888 563 καὶ

1994 512 2115 567 lesti
2151 526 2291 581 pane
2313 512 2467 581 quasi
2489 511 2705 567 deliciis
2743 510 3035 579 delectata,
3064 530 3127 568 ac
3150 515 3220 569 ab
3259 515 3351 570 illo
3380 518 3560 571 vivi“.

300 595 639 659 ἀθανασίας,
697 595 1099 675 εὐφραινομένη
1158 598 1251 652 ἐπὶ
1308 600 1401 653 τοῦ
1463 602 1649 655 καινοῦ
1722 606 1892 673 αὐτῆς

296 688 685 757 γεννήματος,
747 690 806 741 ὲν
880 692 946 759 τῇ
1008 691 1117 745 τῶν
1182 692 1431 763 οὐρανῶν
1490 694 1755 766 βασιλείᾳ.
1808 696 1884 749 Οὐ

301 779 416 847 μὴν
475 778 613 833 ἀλλά
668 780 761 832 καὶ
820 780 1224 851 κατατρυφῶσα
1276 782 1370 835 τοῦ
1426 783 1689 848 ζωοποιοῦ
1719 785 1887 855 οὐρα-

299 871 420 923 νίου
465 872 630 941 ἄρτου
659 872 771 941 (11)
822 874 922 943 τῆς
982 874 1151 943 ζωῆς,
1211 874 1619 949 ζωοποιουμένη
1656 878 1747 931 ὑπ’
1783 879 1885 932 αὺ-

299 963 399 1017 τοῦ
458 966 538 1027 είς
597 965 820 1029 αἰῶνας,
872 969 1332 1039 οίκονομήσαντος
1367 973 1429 1024 ὲκ
1463 972 1756 1039 πανάγνων
1791 972 1886 1025 λα-

296 1058 479 1125 γόνων
523 1059 713 1128 αὑτῆς,
758 1061 850 1113 καὶ
882 1061 1239 1131 προελθόντος
1283 1065 1364 1126 εἰς
1411 1064 1627 1132 μέθεξιν
1657 1065 1883 1137 βροτῶν,

1998 615 2118 659 cata
2148 614 2233 659 est
2282 604 2339 657 in
2374 613 2662 667 aeternum,
2695 606 2787 674 qui
2810 622 2878 659 ex
2910 608 3223 675 purissimis
3254 611 3565 679 ejusilibus

1992 699 2315 754 incarnatus
2349 698 2405 752 in
2448 698 2735 752 hominum
2768 699 2975 767 prodiit
3007 704 3481 769 communionem,
3511 714 3568 758 ct

1994 793 2048 845 in
2073 791 2379 846 orthodoxa
2410 790 2517 843 ﬁde
2541 806 2638 844 sua
2669 793 2838 847 corda
2880 792 3151 860 firmavit;
3178 795 3566 865 productaque

1992 882 2154 937 nobis
2183 882 2346 947 oliva,
2378 892 2636 951 tanquam
2671 897 2701 935 a
2736 883 2846 937 Deo
2867 884 3047 939 cultus
3076 901 3228 954 ager,
3254 886 3544 941 misericor

1995 970 2099 1025 dia:
2128 969 2333 1025 fontem
2361 970 2593 1039 protulit
2616 969 2916 1041 Christum,
2947 975 3044 1043 qui
3065 976 3442 1033 misericordia
3470 993 3567 1032 sua

1995 1064 2181 1117 omnia
2212 1063 2422 1133 implet.

301 1150 653 1222 στηρίζοντος
713 1152 940 1219 καρδίας
967 1154 1025 1207 ὲν
1087 1153 1355 1225 ὀρθοδόξῳ
1397 1157 1577 1209 πίστει
1607 1157 1805 1211 αὐτοῦ’
1862 1159 1896 1227 ή
1935 1157 2375 1226 ἐλαιοφορήσασα
2424 1156 2535 1226 (12)
2572 1157 2723 1224 ἡμῖν.
2760 1158 2835 1220 ὡς
2892 1157 3557 1231 Θεογεὼργητονχωρῖονι

296 1248 401 1317 τὴν
430 1246 613 1316 πηγὴν
650 1246 746 1301 τοῦ
800 1248 985 1312 ἐλέους
1023 1250 1279 1319 Χριστὸν,
1322 1252 1776 1325 ὑπερπληροῦντα
1809 1257 1879 1309 τὰ
1920 1254 2210 1323 σύμπαντα
2242 1252 2336 1306 τοῦ
2372 1252 2553 1317 ὲλέους
2588 1253 2774 1307 αὑτοῦ.

373 1342 447 1394 l".
474 1340 656 1409 Ἤρθη
692 1340 821 1411 γὰρ,
851 1341 991 1412 ήρθη
1044 1343 1182 1413 πρὸς
1229 1343 1435 1413 Κύριον
1471 1346 1572 1415 τῆς
1632 1346 1815 1416 δόξης,
1854 1348 1887 1416 ἡ

274 1434 647 1504 Δἐνεγκαμένη
686 1435 848 1488 αὐτὸν
904 1437 1173 1505 παμφαὴς
1217 1438 1412 1508 νεφέλη
1471 1439 1608 1508 (15),
1659 1439 1756 1491 καὶ
1801 1438 1889 1504 ἑξ-

302 1526 639 1596 αστράψασα
669 1526 767 1596 τὴν
813 1526 1029 1579 τελείαν
1054 1526 1218 1580 αὑτοῦ
1260 1528 1495 1600 θεότητα
1548 1530 1608 1583 ἐν
1650 1529 1885 1600 σώματι,

300 1618 593 1681 ὐετίζουσα
620 1620 753 1688 παρ’
784 1620 952 1672 αὑτοῦ
980 1619 1049 1672 τὰ
1106 1620 1402 1688 πανάγαθα
1443 1622 1761 1694 χαρίσματα
1816 1625 1881 1693 τῇ

302 1712 401 1765 ὑπ’
433 1711 683 1782 οὐρανόν.
740 1713 917 1765 Κάκεῖ
952 1713 1264 1768 τετέλεσται
1292 1715 1393 1785 τῆς
1432 1716 1575 1769 κατὰ
1608 1718 1699 1771 τὸν
1749 1734 1885 1786 προ-

301 1802 482 1870 φήτην
514 1804 708 1871 νοητῆς
745 1801 974 1873 σελήνης
1017 1803 1047 1855 ὁ
1078 1803 1450 1873 ὑπερκόσμιος
1477 1804 1697 1874 δρόμος,
1732 1803 1791 1869 ἐξ
1817 1800 1885 1876 ἧς

303 1898 516 1967 ἐλήφθη
547 1899 577 1950 ό
595 1898 749 1966 ἥλιος
777 1892 857 1961 είς
886 1897 962 1950 ὢν
990 1899 1091 1953 τοῦ
1116 1900 1396 1969 τρισηλίου
1418 1899 1532 1969 (id)
1560 1902 1660 1970 τῆς
1687 1902 1883 1969 όμοου-

305 1989 424 2042 σίου
480 1989 728 2058 Τριὰδος,
793 1988 871 2052 ὥς
918 2008 1087 2060 φησιν
1143 1992 1176 2062 ἡ
1233 1990 1478 2062 πατρική
1530 1992 1882 2061 ἑκφαντορία.

312 2099 333 2133 ε
372 2080 481 2134 Καὶ
541 2081 670 2150 ἔστη
706 2082 764 2132 ὲν
819 2084 882 2151 τῇ
906 2082 1058 2146 τάξει
1092 2100 1110 2133 ι
1144 2082 1246 2151 τῆς
1282 2082 1583 2151 παρθενίας
1622 2082 1814 2151 αὐτῆς,
1850 2085 1882 2154 ή

304 2171 522 2243 ἀληθῶς
554 2172 833 2237 Θεοτόκος,
863 2173 895 2243 ἡ
928 2172 989 2224 τὸ
1020 2173 1179 2236 σέλας
1225 2173 1392 2227 αὑτοῦ
1447 2174 1691 2242 φήνασα,
1747 2173 1887 2244 πρὸς

305 2262 641 2331 θεογνωσίαν
694 2262 848 2316 τοῦδε
899 2262 994 2316 τοῦ
1046 2264 1269 2327 παντός.
1317 2265 1405 2317 Ἐν
1434 2264 1490 2317 δὲ
1520 2268 1586 2336 τῇ
1619 2264 1767 2335 οἰκίᾳ
1791 2264 1886 2318 τοῦ

305 2355 441 2409 Θεοῦ
481 2355 574 2407 καὶ
608 2355 819 2425 Πατρὸς
865 2355 1111 2409 δέδεκται
1142 2357 1200 2407 ὲν
1251 2356 1575 2423 ἀγαλλιάσει
1606 2360 1701 2411 καὶ
1741 2358 1889 2427 χαρᾷ

304 2446 656 2513 ἀνεκλαλήτῳ
686 2448 718 2515 ή
746 2446 1073 2508 Θεότευκτος
1103 2445 1249 2498 οίκία
1278 2444 1371 2498 τοῦ
1404 2446 1533 2499 Υἱοῦ
1575 2445 1762 2511 αὐτοῦ,
1794 2444 1887 2498 τοῦ

303 2538 629 2606 οἰκήσαντος
678 2536 1109 2607 ἀπεριγράπτως
1156 2538 1215 2589 ὲν
1244 2538 1409 2607 αὐτῇ,
1453 2538 1550 2591 καὶ
1614 2538 1673 2604 ἐξ
1716 2539 1890 2607 αὐτῆς

310 2628 689 2698 σαρκωθέντος
710 2629 774 2680 ὲκ
804 2629 1121 2697 Πνεῦματος
1148 2629 1328 2697 ἁγίου,
1356 2630 1451 2683 καὶ
1476 2629 1709 2700 βρέφους
1740 2646 1891 2698 γενο·

310 2720 497 2786 μένου.
544 2718 957 2787 ὲννεαμηνιαίου
993 2718 1105 2788 (15)
1138 2720 1537 2789 μεμενηκότος.
1576 2720 1635 2783 ὃς
1660 2716 1729 2791 ἦν
1758 2720 1891 2783 Θεὸς

306 2807 606 2875 ἀχώριστος
645 2807 740 2860 τοῦ
794 2809 1008 2878 Πατρὸς
1036 2808 1202 2861 αὑτοῦ
1260 2810 1355 2862 καὶ
1405 2810 1754 2879 Πνεύματος’
1796 2812 1890 2864 καὶ

306 2898 389 2963 είς
414 2899 513 2970 τὴν
562 2900 941 2969 κρειττοτέραν
994 2901 1181 2952 πασῶν
1232 2902 1408 2971 μονῶν
1468 2902 1601 2971 μονὴ
1664 2904 1890 2972 γενομέ-

306 3006 374 3060 νη
417 2990 515 3060 τῆς
551 2992 835 3060 ὀμοουσίου
898 2992 1149 3061 Τριάδος,
1189 2994 1220 3061 ἡ
1276 2994 1613 3057 ἁκατὰλυτος
1653 2993 1808 3064 μονὴ.
1858 2995 1891 3064 ἡ

306 3081 589 3135 ἀκούσασα
640 3083 789 3153 παρὰ
812 3082 906 3135 τοῦ
960 3084 1302 3153 ἀρχαγγέλου
1345 3084 1623 3155 Γαϐριήλ·
1664 3104 1683 3136 ι
1719 3084 1889 3138 Πνεῦ-

2059 1346 2148 1399 Ill.
2183 1344 2412 1400 Sublata
2444 1346 2614 1408 enim,
2651 1346 2869 1400 sublata
2901 1356 2986 1401 est
3024 1347 3091 1401 ad
3120 1348 3412 1402 Dominum
3446 1349 3565 1419 glo-

1987 1437 2084 1491 rite
2116 1435 2293 1489 nubes
2338 1435 2429 1488 illa
2478 1435 2816 1489 lucidissima
2838 1477 2851 1501 ,
2882 1454 3005 1506 qum
3042 1438 3196 1492 illum
3228 1440 3481 1508 gestavit.
3512 1451 3568 1494 et

1988 1534 2290 1604 perfectam
2336 1535 2457 1603 ejus
2506 1533 2855 1587 divinitatem
2903 1534 2957 1586 in
3023 1548 3254 1602 corpore
3306 1543 3564 1603 tanquam

1993 1625 2180 1695 fulgur
2210 1625 2491 1687 emittens,
2521 1623 2590 1678 ab
2623 1638 2689 1678 eo
2724 1624 2779 1678 in
2806 1638 3024 1678 omnem
3052 1633 3275 1688 terram,
3315 1641 3437 1694 qua:
3463 1626 3566 1679 sub

1994 1717 2135 1773 ctelo
2173 1726 2283 1782 est,
2338 1717 2547 1786 optima
2610 1718 2944 1771 charismata
2998 1716 3233 1786 depluit.
3265 1718 3449 1785 Atque
3491 1718 3566 1771 ibi

1991 1809 2275 1881 perlectus
2304 1817 2389 1863 est
2418 1807 2783 1879 intelligibilis
2831 1809 2998 1871 lunze,
3027 1808 3181 1878 juxta
3217 1808 3564 1877 prOphetam,

1987 1898 2475 1971 supermundanus
2500 1914 2717 1964 Clll'SllS,
2749 1914 2818 1953 ex
2842 1915 2949 1968 qua
2976 1908 3277 1968 conceptus
3302 1909 3387 1954 BSt
3422 1915 3567 1952 unus

1986 1990 2133 2044 sole
2184 1988 2391 2058 triplici
2451 1985 2951 2043 consubstantialis
2999 1985 3290 2040 Trinitatis
3336 1986 3475 2050 sole,
3508 1996 3570 2040 ut

1990 2081 2159 2136 tradit
2194 2091 2418 2150 paterna
2442 2078 2837 2150 mysteriorum
2872 2077 3145 2133 doctrina.
3182 2096 3202 2129 ι
3236 2078 3476 2132 Etstetit
3512 2077 3567 2132 in

1987 2172 2181 2227 ordine
2211 2174 2233 2205 ’
2269 2191 2287 2224 ι
2318 2170 2649 2241 virginitatis
2669 2186 2783 2225 suae
2809 2170 2904 2225 Dei
2936 2185 3066 2224 vere
3088 2168 3364 2229 Genitrix.
3395 2169 3568 2239 ipsius

1988 2265 2337 2335 splendorem
2381 2264 2716 2329 ostendens,
2752 2270 2813 2316 ut
2843 2262 3014 2316 Deum
3066 2261 3308 2315 mundus
3339 2262 3430 2315 hic
3470 2276 3567 2315 con

1988 2367 2302 2428 gnosceret.
2355 2358 2416 2412 in
2443 2357 2609 2411 domo
2638 2364 2824 2411 autem
2857 2356 2953 2409 Dei
2990 2363 3045 2409 et
3073 2356 3250 2409 Patris
3286 2355 3374 2408 illa
3409 2368 3567 2409 exce-

1988 2459 2089 2519 pta
2110 2458 2194 2504 est
2222 2464 2347 2505 cum
2380 2448 2753 2503 exsultatione
2794 2456 2848 2502 et
2883 2447 3149 2502 ineﬂ’abili
3186 2446 3407 2516 gaudio,
3447 2461 3569 2514 qum

1989 2556 2020 2595 a
2046 2542 2157 2595 Deo
2189 2541 2330 2595 facta
2379 2549 2466 2596 est
2513 2540 2888 2596 habitaculum
2916 2540 3040 2595 Filii
3089 2540 3196 2605 sui,
3236 2541 3332 2609 qui
3364 2540 3418 2593 in
3450 2540 3573 2609 ipsa

1990 2632 2466 2702 incircumscripte
2491 2633 2797 2696 habitavit,
2822 2641 2878 2686 et
2915 2647 2984 2687 ex
3017 2648 3081 2687 ea
3132 2632 3457 2687 incarnatus
3500 2646 3568 2684 ex

1990 2724 2197 2793 Spiritu
2224 2733 2506 2788 sancto,et
2534 2725 2713 2779 factus
2734 2724 2912 2779 infans
2942 2740 3141 2778 novem
3168 2739 3385 2779 menses
3416 2737 3572 2777 man—

1990 2818 2063 2872 sit
2090 2817 2144 2870 in
2176 2826 2355 2881 utero,
2385 2816 2478 2886 qui
2528 2825 2615 2871 est
2667 2818 2809 2871 Deus
2856 2832 2886 2869 a
2917 2816 3078 2870 Patre
3122 2831 3223 2871 suo
3259 2825 3315 2869 et
3362 2814 3583 2885 Spiritu.

1992 2918 2183 2963 sancto
2238 2908 2667 2977 inseparabilis:
2719 2923 2841 2976 quae
2869 2906 3278 2961 domiciliorum
3321 2904 3566 2958 omnium

1990 3000 2508 3067 praestantissimum
2534 3040 2549 3063 ,
2591 2998 3079 3054 consubstantialis
3111 2994 3401 3050 Trinitatis
3428 2995 3567 3049 facta

1993 3091 2356 3155 domicilium,
2400 3090 2569 3159 idque
2618 3089 2964 3143 individuum
2986 3129 2999 3153 ,
3030 3088 3206 3143 audiit
3234 3087 3305 3141 ab
3330 3087 3567 3140 archan-

310 3190 389 3242 μα
443 3172 596 3240 ἅγιον
635 3172 986 3226 ἐπελεύσεται
1043 3173 1138 3225 ἐπὶ
1172 3173 1261 3235 σὲ,
1317 3176 1412 3230 καὶ
1456 3172 1687 3245 δύναμις
1740 3173 1888 3243 Ὑψί-

1994 3181 2115 3253 gclo
2146 3180 2364 3235 Gabriel
2401 3198 2414 3234 :
2455 3199 2471 3231 ι
2508 3180 2746 3250 Spiritus
2776 3190 3001 3235 sanctus
3043 3180 3398 3249 superveniet
3431 3180 3484 3233 in
3516 3189 3572 3233 te

308 3281 437 3317 στου
486 3264 796 3319 ἐπισκιάσει
849 3282 931 3328 σε,
958 3264 1039 3317 διὸ
1089 3263 1268 3319 καὶτὸ
1300 3264 1644 3335 γεννώμενον
1688 3267 1753 3319 ὲκ
1792 3264 1884 3318 σοῦ

309 3354 466 3422 ἆγιον
516 3354 643 3417 Υίδς
678 3354 813 3407 Θεοῦ
838 3354 1196 3425 κληθήσεται,
1229 3374 1246 3407 ι
1275 3355 1372 3408 τοῦ
1402 3355 1724 3424 δοξασθῆναι
1746 3354 1886 3424 ὑπὲρ

306 3446 378 3497 τὰ
410 3446 638 3517 οὐράνια
686 3448 782 3501 καὶ
830 3447 1051 3516 ἐπίγεια
1096 3448 1229 3515 ἆγια
1275 3448 1559 3517 τάγματα.
1601 3448 1733 3501 Ἀπὸ
1772 3449 1884 3500 τῶν

306 3537 433 3606 τῇδε
473 3539 871 3609 μετεφυτεύθη.
926 3540 1116 3612 ὥσπερ
1180 3540 1288 3594 ἀπὸ
1342 3540 1502 3609 δόξης
1545 3542 1624 3603 είς
1652 3540 1886 3609 Miami)

232 3650 239 3657 -
310 3628 613 3729 ﬁpotocptlh;
643 3630 756 3699 (16)
789 3632 1107 3703 πυροφόρος
1147 3631 1308 3700 βάτος
1344 3632 1454 3701 (Π)
1486 3632 1582 3700 τῆς
1612 3631 1885 3701 θεότητος,

309 3723 370 3772 ὲν
417 3720 569 3791 χώρᾳ
621 3722 860 3788 ζώντων,
900 3724 1276 3796 συναστράψαι
1315 3724 1373 3776 ὲν
1413 3724 1558 3791 ’φωτὶ
1594 3722 1886 3794 προσώπου

309 3814 549 3884 Χριστοῦ
576 3816 669 3869 τοῦ
702 3815 859 3882 Θεοῦ,
888 3818 946 3868 ὲν
972 3817 1107 3885 αὐτῇ
1138 3817 1334 3880 ὀλικῶς
1360 3817 1455 3869 καὶ
1484 3817 1702 3885 ἀληθῶς
1760 3834 1885 3887 κυο-

385 3975 406 4006 ⁹
429 3973 632 4030 llabac.
665 3991 744 4039 tu,
782 3976 870 4032 ll.
968 3976 1011 4007 '°
1048 3971 1181 4032 Luc.
1216 3990 1254 4039 ι,
1286 3973 1377 4030 35.

384 4132 496 4201 (11)
528 4132 851 4206 S._Basilius
918 4134 1137 4190 Seleuc.
1174 4138 1228 4191 in
1263 4135 1321 4191 S.
1384 4136 1603 4206 Deipar.

311 4208 537 4276 Auctar,
587 4203 883 4276 Combeﬁs.
934 4213 974 4258 t.
1028 4207 1047 4260 1
1094 4227 1106 4262 :
1160 4206 1395 4276 Πηλίκον
1449 4203 1515 4261 ἂν
1568 4203 1667 4276 εἴη’
1702 4204 1894 4276 σκεῦος

311 4281 345 4346 ἡ
373 4272 655 4363 Θερτόκος,
680 4274 763 4363 ,οῦ
783 4345 794 4363 ’
819 4275 959 4363 κατά
990 4272 1321 4363 τῂνχρυλσῆνν
1350 4278 1587 4363 στάμνον
1618 4272 1685 4331 τὰ
1717 4275 1893 4363 μάννα

313 4344 635 4467 inefﬁcacia,
672 4344 807 4397 ἀλλὰ
856 4346 949 4426 τον
984 4344 1237 4416 οὐράνιον
1276 4344 1439 4418 ἄρτον
1460 4344 1539 4400 ’ὲν
1568 4344 1764 4416 γαστρὶ
1796 4344 1894 4413 βα-

315 4434 380 4468 στ
426 4414 687 4477 σασα,τὸν
713 4416 808 4486 είςΔ
826 4414 1027 4486 βρῶσιν
1060 4419 1151 4468 καὶ
1175 4417 1336 4486 ῥῶσιν
1359 4422 1567 4480 πιστοῖς
1594 4418 1888 4484 διδόμενον’

314 4486 488 4551 Quale
523 4502 615 4538 vas
644 4486 742 4537 erit
778 4484 875 4555 Dei
896 4485 1086 4549 Mater,
1110 4484 1226 4555 qum
1263 4504 1363 4539 non
1395 4488 1534 4540 velut
1562 4504 1726 4540 aurea
1752 4503 1891 4539 urna

1650 4152 1704 4206 p.
1767 4133 1891 4206 597.

1993 3281 2050 3327 et
2078 3272 2251 3326 virtus
2277 3272 2547 3327 Altissimi
2581 3272 2939 3327 obumbrabit
2974 3273 3103 3345 tibi;
3138 3272 3395 3340 ideoque,
3418 3270 3567 3341 quod

1992 3380 2058 3419 ex
2095 3374 2147 3419 te
2170 3374 2432 3419 nascetur
2461 3374 2737 3428 sanctum,
2767 3366 2937 3420 Filius
2975 3366 3071 3419 Dei
3110 3365 3421 3425 vocabitur,
3462 3383 3480 3416 ι
3508 3372 3570 3417 ut

1991 3471 2158 3525 supra
2186 3455 2440 3511 etelestes
2468 3464 2523 3509 et
2551 3465 2843 3510 terrestres
2895 3464 3114 3510 sanctos
3145 3454 3375 3508 ordines
3401 3454 3568 3524 glori-

1988 3542 2183 3597 iicetur
2217 3560 2230 3595 :
2272 3543 2417 3598 unde
2456 3544 2565 3597 huc
2617 3546 3050 3611 transplautatus
3071 3556 3156 3597 est
3192 3556 3455 3611 tanquam
3497 3540 3568 3593 de

1986 3635 2158 3705 gloria
2193 3634 2249 3688 in
2277 3634 2508 3705 gloriam
2557 3634 2614 3687 in
2669 3634 2891 3688 mortali
2933 3633 3106 3688 forma
3149 3633 3324 3686 rubus
3356 3631 3583 3709 ardens

1988 3725 2293 3780 divinitatis
2318 3726 2374 3779 in
2411 3735 2614 3781 terram
2647 3725 2985 3790 viventium,
3020 3733 3078 3779 ut
3109 3726 3272 3781 simul
3304 3714 3565 3778 cOrusca-

1990 3825 2077 3871 ret
2104 3816 2311 3872 lumine
2346 3832 2598 3888 persona:
2650 3816 2857 3872 Christi
2893 3817 3011 3883 Dei,
3048 3832 3214 3887 quem
3251 3816 3479 3871 omnino
3511 3822 3568 3869 et

1994 4144 2107 4187 tum
2133 4134 2382 4205 gestavit.
2408 4133 2472 4205 Et
2519 4134 3205 4205 pseudo-thaumaturgus,
3238 4136 3347 4197 vel,
3385 4146 3444 4191 ut
3468 4139 3568 4191 ali-

1992 4205 2087 4275 qui
2130 4203 2346 4275 putant.
2370 4203 2516 4275 idem
2550 4205 2775 4275 Proclus
2809 4220 2975 4260 serm.
3014 4207 3067 4271 5,
3099 4203 3157 4274 'p.
3190 4206 3296 4260 27:
3329 4208 3568 4261 Ἀπελθε

1993 4274 2129 4345 πρὸς
2158 4274 2254 4344 τὴν
2286 4274 2495 4345 κορφην
2528 4274 2756 4345 νεφέλην
2781 4289 2796 4304 ο
2833 4276 3069 4343 μήνυσον
3103 4277 3240 4345 αὐτῇ
3268 4276 3382 4344 (τῆς
3430 4278 3570 4345 ἐμῆς

1993 4342 2305 4427 παρουσίας.
2337 4342 2542 4427 ὄμβρος)
2571 4362 2603 4427 θ’
2643 4342 2781 4398 Vade
2810 4342 3101 4400 adnabam
3138 4342 3299 4401 levem
3338 4342 3569 4401 .‘nuntia

1992 4414 2085 4470 illi
2105 4416 2204 4469 mei
2236 4414 2489 4468 adventus
2510 4414 2751 4469 imbrem.

2066 4486 2179 4554 (14)
2213 4485 2416 4538 Eodem
2480 4488 2592 4539 fere
2656 4484 2820 4539 modo
2877 4485 2934 4541 S.
2971 4485 3268 4553 Gregorius
3310 4487 3565 4541 Nazianz.

313 4530 371 4612 iit
396 4573 451 4609 se
475 4572 672 4608 manna
704 4530 1089 4636 contpleaasit‘2
1114 4530 1493 4636 iedncazlestem
1520 4557 1679 4636 illum
1700 4572 1890 4636 partem
1917 4530 1970 4588 ἶ)
1996 4530 2135 4636 orat:
2162 4530 2254 4615 Ὠ,
2278 4570 2349 4634 _p.
2380 4555 2502 4636 698‘,
2539 4556 2655 4636 φῶς
2684 4556 2989 4636 τριλαμφὲς
3018 4530 3561 4636 Irinitatemmvocat.

314 4630 372 4681 in
406 4634 552 4678 utero
606 4626 892 4695 portaverit
939 4626 1031 4695 qui
1070 4628 1125 4679 in
1173 4628 1343 4680 cibum
1377 4635 1427 4680 et
1458 4627 1617 4680 robur
1643 4626 1889 4695 ﬁdelibus

314 4698 495 4751 datur.

388 4767 497 4834 (I2)
536 4766 715 4820 Procl.
742 4763 1003 4819 Constan.
1043 4780 1100 4835 p.
1138 4765 1263 4829 379,
1298 4774 1439 4819 orat.
1478 4764 1530 4826 6,
1566 4765 1620 4835 in
1658 4763 1717 4820 S.
1764 4769 1891 4819 Det-

314 4854 437 4907 par.
470 4836 761 4907 ipsammet
788 4835 1012 4888 Mariam
1043 4834 1240 4889 Olivam
1270 4845 1425 4889 vocat
1457 4853 1469 4887 :
1504 4834 1710 4907 Αὖτηή
1736 4837 1793 4887 ὲν
1817 4836 1893 4905 τῷ

313 4906 450 4977 οἴκῳ
476 4907 567 4958 τοῦ
615 4906 752 4959 Θεοῦ
806 4906 1187 4977 πεφυτευμένη
1243 4907 1596 4977 κατάκαρπος
1626 4906 1801 4977 ἐλαία,
1834 4908 1891 4972 ἐξ

313 4974 383 5049 ἧς
408 4974 469 5030 τὸ
495 4978 651 5044 ἅγιον
690 4975 918 5049 Πνεῦμα
942 4974 1455 5049 τὸ-σωματικρν-τοῦ
1494 4975 1699 5049 Κυρίου
1732 4976 1893 5029 λαϐὸν

318 5046 533 5118 κάρφος
580 5050 643 5117 τῇ
712 5046 1084 5117 χειμαζομένῃ
1120 5046 1233 5118 τῶν
1267 5046 1892 5118 ἀνθρώπωνίδιεκόμισε

317 5116 498 5187 φύσει·
547 5116 667 5171 Haec
694 5119 833 5171 oliva
874 5118 1146 5186 fructifera
1180 5116 1426 5186 plantata
1453 5119 1507 5171 in
1530 5118 1682 5171 domo
1719 5117 1896 5170 Domi-

318 5191 395 5252 ni,
424 5206 487 5242 ea:
522 5206 583 5242 ea
615 5188 841 5249 Spiritus
865 5196 1078 5241 sanctus
1114 5187 1376 5241 Dominici
1401 5190 1633 5258 corporis
1678 5205 1890 5241 ramum

317 5260 813 5327 acceptumjactato
850 5266 1161 5327 tempestate
1200 5261 1433 5311 humano
1466 5259 1645 5327 generi
1680 5258 1889 5311 detulit.

318 5322 768 5409 E‘tDainansc‘cnus
785 5322 1093 5409 hotn.‘.’..,‘d.c
1120 5330 1432 5409 DormitLB.
1455 5322 1663 5409 El.V,p.
1688 5330 1882 5384 876.1).

212 5452 213 5455 η
315 5400 415 5469 τὴν
468 5400 692 5464 ἀειθαλῆ
760 5399 853 5451 καὶ
906 5400 1277 5468 καλλίκαρπον
1331 5399 1510 5451 ἔλαιον
1544 5399 1635 5451 τοῦ
1698 5417 1893 5469 πατρι-

318 5468 416 5521 κοῦ
446 5470 617 5528 ἐλέου,
646 5468 799 5522 illam
825 5479 1059 5539 paterna:
1105 5472 1456 5523 miserationis
1483 5486 1688 5539 semper
1716 5468 1890 5523 viren-

316 5547 421 5593 tem
456 5541 647 5593 olivam
709 5540 1150 5609 ulcherrimosque
1178 5541 1375 5663 {ructus
1409 5540 1677 5609 ferentem.

392 5612 502 5663 (15)
531 5558 709 5663 Proof.
734 5610 1153 5663 Constantium).
1221 5612 1409 5663 audat.
1448 5612 1503 5663 in
1536 5610 1631 5663 SS.
1661 5609 1677 5662 1

392 5558 421 5593 n
456 5558 647 5593 onvam
709 5558 1150 5609 utcncrrzmosque
1201 5558 1375 5593 ructus
1409 5558 1677 5609 parentem.

392 5612 502 5677 (15)
531 5558 709 5663 Proof.
734 5610 1153 5677 Constantinop.
1178 5558 1409 5665 Laudat.
1448 5612 1503 5664 in
1536 5610 1631 5663 SS.
1661 5609 1755 5663 Dei
1779 5608 1887 5663 Gc-

317 5680 450 5736 nitr.
467 5697 521 5750 ι).
546 5681 669 5737 50⁸2.
689 5681 741 5734 in
759 5680 979 5735 Auctar.
994 5680 1241 5751 Combcf.
1262 5682 1453 5751 ήδντος
1467 5681 1641 5751 κούφη
1669 5680 1888 5751 νεφέλη,

316 5753 351 5820 ὴ
378 5749 475 5804 τὸν
493 5750 583 5803 ἐπὶ
617 5751 893 5820 Χερουϐὶμ
937 5749 1076 5819 μετὰ
1109 5749 1358 5818 σώματος
1379 5750 1729 5818 βαστάσασα·
1768 5750 1891 5803 Vere

320 5822 443 5876 levis
476 5826 653 5889 nubes,
690 5838 805 5892 qtae
835 5821 1097 5878 sedentem
1131 5838 1285 5889 super
1315 5820 1590 5878 Cherubin:
1637 5837 1888 5884 corpora-

1996 4625 2065 4679 Et
2092 4624 2362 4679 Caesarius
2388 4624 2589 4691 dialog.
2626 4624 3079 4694 l,interrogat.3,
3112 4635 3241 4678 tom.
3267 4627 3282 4679 l
3319 4626 3565 4679 Bibliotlt.

1999 4695 2105 4752 PP.
2136 4695 2242 4749 col.
2274 4695 2397 4747 519.
2426 4694 2789 4765 Τριδέσποτον
2822 4696 2959 4763 φῶς,
2988 4705 3041 4749 et
3076 4697 3238 4765 paulo
3265 4705 3388 4750 ante
3422 4736 3434 4748 .
3460 4734 3472 4747 .
3508 4737 3519 4749 .
3551 4736 3563 4749 .

1994 4765 2346 4833 τρισαένναον
2373 4765 2579 4835 κρήνην
2606 4780 2620 4794 ο
2657 4763 2879 4818 Fontem
2909 4763 3089 4819 tribus
3109 4767 3257 4819 ostiis
3306 4776 3567 4819 teternum

2038 4843 2239 4887 uentem
2250 4876 2262 4886 .

1994 4838 2262 4906 ﬂuentem.

2067 4906 2179 4975 (15)
2211 4904 2526 4975 Hieronym.
2568 4905 2620 4959 in
2683 4920 2803 4973 cap.
2840 4906 2930 4964 51,
2956 4904 3010 4957 in
3054 4903 3294 4959 lliercm.
3328 4921 3382 4967 ν,
3407 4906 3466 4957 2|
3513 4914 3574 4960 ct

1994 4976 2064 5032 22
2091 4993 2103 5028 :
2138 4974 2240 5039 Qui
2269 4974 2431 5044 juxta
2464 4977 2787 5028 incrementa
2822 4976 3029 5043 quidem
3051 4976 3220 5028 (etatis
3252 4992 3343 5044 per
3364 4978 3569 5046 vagitus

1995 5059 2043 5100 et
2066 5046 2351 5114 infantiam
2408 5046 2659 5113 proﬁcere
2697 5046 2951 5099 videbitur
3001 5047 3264 5115 sapientia
3299 5054 3346 5099 et
3389 5056 3564 5109 (etate,

1993 5120 2085 5172 sed
2113 5117 2373 5186 perfectus
2416 5117 2495 5169 vir
2538 5118 2593 5169 in
2616 5124 2794 5169 ventre
2838 5117 3062 5186 femineo
3109 5115 3277 5169 solitis
3308 5117 3568 5170 mensibus

1995 5188 2361 5243 continebitur.

2094 5258 2177 5323 16)
2206 5257 2523 5326 βροτοφνής.
2568 5256 2659 5310 Sic
2685 5256 2879 5310 codex.
2910 5256 3029 5325 lege
3057 5255 3379 5325 βροτοφυής.

2094 5259 2177 5323 iii)
2206 5259 2523 5326 βροτοφνής.
2568 5259 2659 5310 Sic
2685 5259 2879 5310 codex.
2911 5259 3029 5325 lege
3057 5259 3379 5325 βροτοφυής.

2067 5259 2179 5399 in)
2216 5327 2441 5399 [Erucius
2490 5328 2914 5399 Constantinop.
2973 5336 3114 5399 orat.
3158 5326 3212 5387 6,
3247 5327 3301 5377 in
3344 5325 3567 5399 8.]λοί-

2034 5395 2113 5452 ar.
2228 5397 2348 5451 565.
2384 5397 2651 5467 σύμϐολον
2674 5401 2784 5467 γαρ
2813 5398 3007 5466 ἔφερεν
3068 5398 3100 5465 ή
3162 5395 3570 5467 προσομιλοῦσα

2034 5414 2113 5452 ar.
2146 5415 2198 5467 p.
2228 5414 2348 5451 ouo.
2384 5414 2651 5467 συμοολον
2674 5415 2745 5464 γα
2813 5414 3007 5466 εφερεν
3068 5414 3100 5465 η
3162 5414 3570 5463 προσομιλουσα

1993 5414 2156 5590 gito;
2182 5470 2303 5520 τότε
2334 5468 2409 5537 τῷ
2446 5486 2516 5519 πυ
2529 5470 2579 5535 ρ).
2612 5468 2710 5534 τῆς
2740 5415 2994 5535 ἱσπόρως
3020 5466 3386 5535 συλλαϐούσης
3420 5466 3570 5535 Παρ-

2032 5540 2149 5590 ἐνου
2188 5538 2249 5590 τὸ
2288 5538 2403 5590 φῶς
2457 5538 2729 5590 ἀληθινὸν.
2772 5537 2931 5589 rubus
2989 5537 3125 5588 enim
3162 5546 3272 5587 tam
3318 5537 3567 5590 temporis

2032 5540 2149 5591 ἑνου
2188 5538 2249 5590 τὸ
2288 5538 2403 5607 φῶς
2457 5538 2729 5607 ἀληθινὸν,
2772 5537 2931 5589 rubus
2978 5537 3125 5607 enim
3162 5546 3272 5587 tam
3318 5537 3567 5605 temporis

1993 5611 2103 5679 igni
2179 5605 2514 5679 commistus,
2549 5605 2789 5676 Virginis
2850 5605 3141 5679 symbolum
3201 5607 3401 5679 gessit,
3454 5620 3574 5675 qui:

1993 5675 2174 5733 verum
2224 5678 2357 5732 illud
2418 5678 2594 5730 tanien
2652 5675 2889 5746 Concepit
2945 5677 3059 5731 sine
3110 5677 3341 5730 semine.
3384 5675 3463 5732 Ita
3511 5685 3573 5730 et

1993 5747 2507 5821 pseudo—Epiplian.
2537 5749 2642 5803 loc.
2674 5748 2859 5803 allato.
