4032 6496
202 383 339 447 3239

1258 387 1668 449 ENCOMIUM
1711 387 1791 447 IN
1832 389 1898 448 B.
1940 388 2346 450 VlRGINEM.

3309 386 3450 448 3990

203 494 425 556 κιϐωτὸς
460 491 574 562 (9.7)
629 490 724 545 τοῦ
765 493 1101 565 ἀγιάσματος
1158 514 1272 552 σου.
1310 518 1328 550 ι
1387 500 1460 552 Οὐ
1497 499 1638 552 κατὰ
1670 499 1768 568 τὴν

1891 500 2099 563 ιιιίοαιι-ι,
2129 500 2352 552 trahunt
2377 497 2567 562 boves,
2600 497 2696 551 sed
2733 495 2975 552 caelestis
2997 506 3312 552 sanctorum
3353 516 3452 554 au-

203 588 369 643 πάλαι
410 585 729 654 Μωσαῖκὴν,
781 586 884 639 ὑπὸ
944 587 1084 657 βοῶν
1133 593 1463 661 φερομένην,
1509 592 1624 644 ἀλλ’
1666 574 1800 644 ὑπο

205 680 463 750 στρατιᾶς
499 678 754 748 οὐρανίου
780 677 951 746 ἁγίων
981 680 1232 747 ἀγγέλων
1271 680 1466 750 ὁδηγου
1477 682 1648 751 μένην
1679 683 1775 736 καὶ

201 768 698 840 δορυφορουμένην
723 767 782 820 ού
799 769 1199 839 χειροποίητον,
1220 771 1773 844 περικεκαλυμμένην

201 860 428 932 χρυσίῳ,
451 859 585 913 ἀλλὰ
612 860 946 912 Θεὸκτιστον
964 860 1132 914 οὖσαν
1162 859 1408 932 λογικὴν,
1443 864 1539 915 καὶ
1573 864 1774 917 πάντο-

203 954 295 1004 θεν
318 951 879 1022 ὑπεραστράπτουσαν
932 955 1052 1014 ταῖς
1099 955 1494 1022 μαρμαρυγαῖς
1529 953 1624 1006 τοῦ
1658 957 1776 1007 ἑπι-

201 1044 556 1112 φοιτήσαντος
590 1043 677 1096 ἐπ’
699 1043 871 1116 αὐτὴν
900 1043 1170 1111 παναγίου
1198 1045 1291 1096 καί⁵
1313 1044 1579 1108 ζωοποιοῢ
1613 1047 1778 1098 Πνευ-

204 1153 372 1204 ματος
391 1151 406 1165 ⁸
433 1134 494 1188 οὐ
532 1134 768 1202 στάμνον
810 1135 982 1205 μάννα
1009 1135 1238 1205 ἔχουσαν
1265 1138 1360 1188 καὶ
1393 1136 1606 1200 πλάκας
1664 1137 1779 1190 δια-

201 1229 400 1298 θήκης,
419 1227 558 1281 ἀλλὰ
602 1227 694 1280 τὸν
719 1227 816 1280 τοῦ
866 1227 1039 1296 μάννα
1062 1227 1298 1296 χορηγὸν
1330 1228 1425 1280 καὶ
1459 1227 1569 1281 τῶν
1602 1228 1776 1298 ἐπηγ-

200 1319 481 1389 γελμένων
529 1319 763 1372 αίωνίων
815 1317 1037 1387 ἀγαθῶν
1069 1319 1272 1387 Κύριον
1307 1319 1408 1388 τῆς
1454 1319 1650 1388 καινῆς
1685 1320 1780 1372 καὶ

201 1410 440 1472 παλαιᾶς
467 1407 753 1479 διαθήκης,
787 1407 846 1472 ἐξ
883 1408 1056 1478 αὐτῆς
1083 1408 1446 1476 νηπιάσαντα,
1497 1409 1593 1462 καὶ
1625 1408 1778 1461 ἐλευ-

202 1499 516 1571 θερώσαντα
535 1501 660 1564 τοὺς
680 1498 1038 1560 πιστεύοντας
1055 1501 1134 1562 είς
1156 1499 1318 1553 αὐτὸν
1341 1501 1406 1553 ὲκ
1419 1500 1519 1570 τῆς
1538 1500 1780 1571 κατάρας

199 1591 296 1646 τοῦ
321 1593 516 1664 νόμουο
546 1594 606 1646 ού
645 1591 838 1663 ῥάϐδον
880 1590 1092 1663 Ἀαρὼν
1123 1593 1416 1662 φέρουσαν,
1452 1595 1547 1646 καὶ
1570 1593 1780 1648 ἄνωθεν

199 1685 484 1756 Χερουϐὶμ
507 1683 687 1755 δόξης,
720 1684 836 1737 ἀλλ’
877 1684 1101 1738 ἐκείνων
1128 1684 1476 1753 ἀσυγκρίτως
1505 1683 1779 1748 ἐνδοξοτέ-

203 1796 307 1849 ραν
323 1779 692 1849 ὑπάρχουσαν,
718 1777 911 1848 ῥάϐδον
931 1777 1042 1846 (28)
1076 1776 1276 1830 Ἰεσσαὶ
1299 1777 1421 1830 καθ’
1437 1777 1780 1848 ὑποφητικήν

1874 592 2122 661 gelorum
2171 589 2445 644 exercitus
2503 588 2748 653 deducit,
2797 597 2853 642 et
2904 589 3093 656 stipat.
3129 589 3316 658 Neque
3369 598 3454 644 est

1875 683 2208 744 manufacta,
2231 692 2286 735 et
2307 697 2443 734 auro
2471 679 2748 744 obducta;
2782 678 2878 734 sed
2902 696 2931 733 a
2959 681 3070 734 Deo
3101 681 3328 734 condita
3366 697 3454 734 ra.

1879 773 2118 836 tionalis,
2160 779 2216 825 et
2252 769 2494 838 undique
2546 767 2755 821 micans
2811 766 3123 835 fulgoribus
3165 766 3340 821 sancti
3400 775 3456 821 et

1876 862 2208 917 vivificantis
2235 861 2494 931 Spiritus,
2523 859 2618 929 qui
2653 859 2706 911 in
2731 873 2850 911 eam
2887 859 3231 927 supervenit.
3266 860 3455 928 Neque

1877 969 2093 1008 mannae
2155 967 2346 1005 urnam
2384 950 2570 1011 habet,
2601 963 2780 1017 neque
2832 947 3048 1001 tabulas
3099 947 3453 1011 testamenti;

1877 1038 1974 1093 sed
2003 1053 2215 1092 manna:
2262 1036 2734 1106 suppeditatorem
2761 1043 2817 1089 et
2864 1035 3263 1103 promissorum
3293 1048 3456 1092 arter-

1877 1142 2077 1182 nornm
2128 1128 2394 1180 bonorum
2443 1125 2735 1178 Dominum
2769 1123 2899 1176 novi
2951 1133 3008 1177 et
3041 1123 3244 1179 veteris
3292 1135 3461 1178 testa-

1880 1223 2080 1288 menti;
2109 1222 2203 1292 qui
2239 1238 2307 1276 ex
2336 1236 2402 1275 ea
2436 1219 2618 1274 infans
2640 1219 2888 1290 prodiit;
2919 1235 3246 1289 omnesque,
3271 1221 3365 1290 qui
3403 1220 3456 1274 in

1880 1316 2032 1370 illum
2065 1314 2318 1377 credunt,
2342 1329 2372 1367 a
2393 1312 2528 1383 legis
2551 1311 2942 1366 maledictione
2967 1311 3245 1366 liberavit.
3268 1311 3460 1381 Neque

1879 1409 2062 1461 Aaron
2089 1406 2323 1475 virgam,
2351 1420 2532 1474 neque
2563 1419 2804 1474 superne
2828 1403 2996 1458 habet
3021 1403 3323 1458 Cherubim
3348 1403 3464 1473 glo-

1881 1497 2012 1562 riae;
2041 1495 2136 1551 sed
2168 1495 2277 1549 illis
2303 1494 2463 1564 longe
2495 1495 2878 1564 gloriosiorem
2913 1495 3032 1550 sine
3049 1495 3463 1564 comparatione

1881 1589 2087 1659 virgam
2109 1587 2259 1642 Jesse
2285 1588 2438 1658 juxta
2471 1587 2856 1656 propheticam
2905 1587 3243 1652 doctrinam,
3273 1595 3329 1642 et
3375 1588 3462 1642 di-

1881 1679 2009 1732 vina
2033 1679 2286 1733 altissimi
2314 1677 2490 1732 Patris
2517 1678 2764 1747 potentia
2785 1679 3154 1732 obumbratur
3198 1697 3211 1732 :
3245 1695 3367 1743 nec,
3403 1687 3464 1731 ut

1885 1769 2282 1833 illa,Hebraico
2302 1770 2458 1839 praeit
2477 1771 2699 1840 populo,
2721 1769 2816 1824 sed
2839 1785 2981 1838 pone
3002 1771 3252 1840 sequitur
3264 1771 3459 1832 Deum,

199 1870 586 1939 ὲκφαντορίαν,
641 1869 736 1923 κα)⁵
775 1868 1240 1938 ὲπισκιαζομένην
1287 1867 1393 1920 ὑπὸ
1447 1867 1597 1930 θείας
1639 1883 1776 1920 παν-

1891 1860 1974 1931 qui
2012 1861 2068 1914 in
2104 1861 2219 1931 ipsa
2246 1877 2412 1916 carne
2461 1863 2716 1932 apparuit
2762 1863 2818 1916 in
2867 1869 3049 1926 terra;
3099 1871 3156 1916 et
3199 1863 3357 1917 beata
3396 1863 3466 1916 ab

199 1960 544 2032 αλκεστάτης
587 1960 872 2030 δυνάμεως
927 1959 1022 2012 τοῦ
1055 1959 1281 2028 ὑψίστου
1310 1958 1559 2029 Πατρός·
1589 1959 1680 2012 καὶ
1711 1959 1773 2012 ού

200 2053 708 2124 συμπροαγομένην
742 2051 1017 2122 Ἐϐραῖκῷ
1073 2053 1198 2106 κατ’
1237 2053 1476 2124 ἐκείνην,
1511 2052 1625 2106 ἀλλ’
1658 2054 1786 2106 ἐπο-

201 2147 377 2216 μένην
403 2144 520 2214 Θεῷ
545 2144 602 2210 ἐξ
631 2143 800 2213 αὐτῆς
831 2142 1050 2212 ὀφθέντι
1079 2144 1170 2196 ἐπὶ
1203 2144 1308 2213 γῆς
1341 2145 1522 2214 σαρκὶ,
1556 2144 1649 2196 καὶ
1674 2127 1784 2214 μα-

200 2235 576 2306 καριζομένην
607 2235 710 2288 ὑπὸ
740 2235 987 2302 ἀγγέλων
1027 2235 1122 2288 καὶ
1169 2233 1476 2304 ἀνθρώπων
1507 2236 1589 2297 είς
1625 2233 1784 2300 δόξαν

198 2324 298 2378 τοῦ
353 2323 746 2396 μεγαλύνοντος
772 2323 940 2396 αὐτὴν
986 2324 1128 2394 ὑπὲρ
1162 2324 1230 2377 τὰ
1262 2325 1488 2394 οὐράνια
1542 2323 1651 2394 (29)
1684 2326 1779 2379 καὶ

1883 1953 2092 2023 angelis
2119 1954 2546 2024 hominibusque
2593 1955 2828 2008 salutata
2864 1963 2949 2009 est
2976 1955 3043 2008 ad
3068 1957 3188 2025 ejus
3210 1955 3464 2024 gloriam,

1883 2045 1981 2114 qui
2014 2061 2182 2115 super
2222 2047 2480 2100 caelestes
2515 2054 2571 2100 et
2626 2055 2918 2100 terrestres
2944 2047 3168 2102 ordines
3193 2062 3315 2101 eam
3349 2063 3465 2101 ma-

1883 2137 2164 2207 gniﬁcavit
2212 2155 2226 2190 :
2278 2139 2611 2192 exclamavit
2641 2140 2787 2193 enim
2831 2156 2844 2191 :
2881 2157 2900 2190 ι
2952 2139 3259 2209 Magniﬁcat
3283 2140 3465 2194 anima

1886 2245 2008 2284 mea
2035 2229 2326 2283 Dominum
2357 2247 2370 2282 :
2400 2240 2455 2284 et
2489 2231 2786 2284 exsultavit
2820 2229 3060 2300 Spiritus
3083 2247 3240 2286 meus
3268 2231 3324 2286 in
3355 2232 3469 2286 Deo

1887 2321 2116 2378 salutari
2150 2337 2272 2375 meo
2302 2322 2368 2376 ¹³.
2411 2340 2428 2372 ι
2465 2322 2532 2376 Ει
2567 2331 2788 2376 caetera.

199 2422 422 2491 ἐπίγεια
445 2419 721 2490 τάγματα,
753 2418 962 2488 βοῶσαν
989 2419 1046 2470 ἐν
1075 2418 1203 2489 θείῳ
1220 2419 1451 2488 στόματι
1473 2420 1565 2472 καὶ
1591 2418 1883 2486 λέγουσαν⁸
1913 2437 1932 2469 ι
1972 2416 2282 2486 Μεγαλύνει
2313 2417 2346 2487 ἡ
2377 2416 2522 2488 ψυχή
2550 2434 2652 2488 μου
2710 2417 2804 2471 τὸν
2861 2416 3094 2490 Κύριον’
3160 2419 3254 2473 καὶ
3305 2419 3467 2490 ἡγαλ“

199 2519 358 2571 λίασε
381 2515 441 2569 τὸ
460 2515 680 2585 πνεῦμά
731 2532 832 2582 μου
866 2515 958 2568 ἐπὶ
990 2515 1067 2584 τῷ
1092 2515 1210 2585 Θεῴ
1235 2514 1314 2584 τῷ
1337 2515 1550 2586 Σωτῆρί
1584 2533 1706 2585 μου,
1751 2534 1770 2567 ι
1815 2517 1906 2568 καὶ
1935 2513 2003 2566 τὰ
2039 2513 2297 2583 καθεξῆς.

272 2610 352 2662 E'.
413 2607 607 2660 Τοίνυν
665 2607 895 2676 ὴῦλίσθη
959 2607 1176 2676 άληθῶς
1226 2606 1543 2677 ἀναλάμψαι
1577 2609 1632 2660 ὲν
1664 2610 1784 2672 ταῖς

197 2699 300 2754 τοῦ
335 2698 484 2770 ἡλίου
508 2699 605 2768 τῆς
635 2697 982 2768 δικαιοσύνης
1012 2697 1392 2770 λαμπρότησιν
1435 2701 1466 2770 ἡ
1499 2700 1662 2770 νοητὴ
1689 2700 1786 2752 αύ-

197 2791 299 2844 τοῦ
330 2790 634 2860 φαεσφόρος
665 2790 796 2861 ἑῴα,
844 2789 1105 2858 κληθεῖσα
1157 2791 1249 2843 ὑπ’
1276 2792 1438 2844 αύτοῦ
1471 2791 1563 2844 τοῦ
1593 2792 1652 2856 ἐξ
1683 2791 1784 2844 αύ-

200 2879 302 2932 τοῦ
338 2880 715 2942 ἀνατείλαντος
763 2878 859 2932 καὶ¹
888 2880 1224 2947 φωτίσαντος
1256 2880 1324 2933 τὰ
1355 2880 1668 2950 σύμπαντα,
1717 2879 1783 2933 δι’

200 2967 268 3044 ἦς
297 2971 441 3041 καὶὴ
461 2971 796 3041 ὑπερϐάλλον
807 2989 874 3024 σα
893 2972 1217 3042 λαμπρότης
1234 2971 1331 3033 τὰς
1359 2972 1589 3041 ἡλιακὰς
1612 2971 1781 3035 αὑτὰς

203 3065 458 3128 ἀκτῖνας,
489 3065 549 3116 ὲν
576 3063 717 3116 ἐλέει
736 3065 830 3116 καὶ
852 3065 1154 3134 οἱκτιρμοίς
1185 3065 1476 3132 ἐκκέχυται
1506 3064 1592 3132 ἐφ’
1615 3065 1782 3134 ἡμᾶς,

204 3151 646 3220 ἀναζωπυροῦσα
676 3153 772 3216 τὰς
809 3152 988 3222 ψυχὰς
1019 3152 1129 3205 τῶν
1165 3153 1373 3204 πιστῶν
1422 3153 1557 3221 πρὸς
1618 3153 1788 3220 μίμη-

1951 2608 2018 2662 ν.
2054 2607 2133 2661 Re
2165 2623 2294 2660 vera
2324 2606 2514 2675 igitur,
2569 2614 2630 2660 ut
2681 2606 2926 2670 luceret,
2959 2604 3243 2659 demorata
3299 2612 3383 2658 est
3413 2603 3468 2658 in

1881 2699 2271 2769 splendoribus
2315 2699 2448 2752 solis
2485 2698 2711 2768 justitire
2745 2697 2975 2751 lucifera
3015 2697 3325 2766 spiritualis
3372 2713 3471 2748 an-

1881 2807 2028 2855 rora,
2062 2790 2131 2844 ab
2170 2805 2238 2844 eo
2275 2798 2488 2852 vocata,
2520 2791 2612 2860 qui
2646 2791 2716 2843 ab
2768 2790 2884 2858 ipsa
2917 2796 3074 2842 ortus
3105 2788 3371 2842 mundum
3401 2788 3470 2842 il-

1881 2885 2194 2938 luminavit.
2234 2883 2339 2937 Per
2377 2898 2498 2936 eam
2550 2881 2811 2951 splendor
2872 2882 2986 2945 ille,
3023 2881 3116 2950 qui
3170 2882 3255 2934 vel
3321 2881 3471 2949 ipsos

1889 2976 2018 3031 solis
2043 2976 2226 3030 radios
2251 2984 2492 3042 superat,
2519 2974 2572 3026 in
2606 2973 2993 3028 misericordia
3011 2980 3066 3027 et
3090 2971 3469 3026 miserationi-

1892 3069 1994 3121 bus
2029 3067 2083 3120 in
2115 3082 2217 3120 nos
2244 3065 2456 3119 eﬂusus
2486 3074 2601 3130 est;
2647 3073 2704 3118 et
2729 3065 2976 3119 ﬁdelium
3011 3064 3217 3118 excitat
3257 3063 3470 3117 animas

1897 3157 1960 3211 ad
1995 3157 2323 3210 imitandum
2374 3171 2475 3225 pro
2515 3156 2732 3210 viribus
2770 3156 2924 3209 illius
2957 3155 3198 3209 divinam
3256 3154 3470 3208 bonita-

205 3263 322 3312 σιν,
345 3245 421 3308 ὡς
449 3219 690 3314 ὲιρικτδν,
712 3219 985 3314 τῆς-θείας
1006 3244 1374 3315 χρηστότητος
1402 3219 1496 3295 καλ
1517 3219 1787 3313 ἀγαθότη-

1895 3257 2004 3304 tem
2027 3256 2082 3302 et
2106 3219 2528 3317 benignitatem.
2553 3245 2632 3300 Ex
2656 3246 2760 3301 hac
2783 3246 2930 3300 enim
2952 3254 3219 3316 perpetua
3247 3244 3474 3315 Virgine

202 3357 302 3400 τος
359 3339 546 3394 αὑτοῦ.
592 3339 652 3392 Ὀ
697 3338 808 3407 γὰρ
871 3339 936 3390 ὲκ
991 3336 1196 3406 ταύτης
1245 3339 1344 3406 τῆς
1400 3337 1788 3406 ’Δειπαρθένου

204 3430 393 3501 σάρκα
409 3429 769 3498 ἐνδυσάμενος
795 3428 1038 3499 ἔμψυχον
1068 3427 1180 3497 (50)
1207 3429 1303 3480 καὶ
1331 3425 1513 3489 ἔννους
1535 3429 1598 3480 ἐκ
1617 3426 1790 3479 Ilvati-

206 3537 385 3590 ματος
413 3519 568 3588 ἁγίου
597 3519 832 3590 Χριστὸς
867 3520 894 3570 ὁ
915 3519 1064 3581 Θεὸς,
1087 3519 1600 3588 προσκαλεσάμενος
1621 3519 1790 3585 αὐτὴν

202 3611 459 3664 ἐνέδυσεν
513 3611 827 3682 ἀφθαρσίαν
879 3609 1204 3680 σύσσωμον,
1261 3613 1357 3665 καὶ
1418 3611 1790 3679 ὑπερενδόξως

203 3704 460 3768 ὲδόξασε,
491 3703 585 3756 τοῦ
615 3701 867 3770 γενέσθαι
893 3703 1252 3772 κληρονόμον,
1281 3703 1355 3768 ὼς
1377 3703 1648 3772 παναγίαν
1670 3705 1794 3776 Μη-

200 3797 348 3866 τέρα
383 3794 548 3849 αὐτοῦ
568 3809 584 3825 ⁶
621 3795 744 3848 καθ’
773 3794 810 3849 ἃ
840 3795 935 3848 καί
969 3797 996 3848 ὁ
1029 3795 1333 3867 Ψαλμῳδὸς
1363 3796 1586 3866 ψάλλει*
1627 3815 1646 3849 ι
1680 3798 1792 3850 Πα-

205 3888 383 3957 ρέστη
417 3887 450 3956 ὴ
501 3885 788 3954 βασίλισσα
819 3888 883 3940 ἐκ
919 3887 1109 3953 δεξιῶν
1145 3904 1238 3941 σου
1267 3890 1326 3942 ἐν
1357 3888 1640 3959 ἱματισμῷ
1673 3889 1792 3943 δια.

204 3977 404 4050 χρύσῳ
427 3977 1330 4052 περιϐεϐλημένη,πεποικιλμένη.
1381 3999 1400 4032 ι
1445 3979 1647 4045 Σκεῦος
1680 3981 1791 4052 (51)

285 4133 336 4168 ³³
361 4131 495 4190 Luc.
529 4149 567 4199 ι,
589 4133 678 4189 46.
757 4134 800 4166 ί*
830 4133 974 4190 Psal.
1011 4151 1151 4201 κων,
1178 4135 1234 4191 9.

286 4273 401 4341 (27)
425 4271 482 4328 S.
507 4272 736 4344 Proclus
760 4271 815 4344 in
850 4272 908 4327 S.
933 4271 1150 4344 Deipar.
1171 4279 1312 4344 orat.
1330 4271 1384 4336 6,
1411 4287 1465 4342 p.
1484 4273 1588 4344 5T7
1609 4290 1621 4326 :
1645 4271 1795 4344 Αὕτη

207 4347 243 4414 ἡ
263 4343 656 4414 κεχρυσωμένη
673 4341 871 4414 ἔσωθεν
884 4343 1188 4414 καὶὲξωθεν
1200 4341 1449 4404 κιϐωτὸς,
1469 4343 1681 4412 σώματι
1700 4341 1795 4396 καὶ

209 4411 489 4482 πνεύματι
513 4411 843 4482 ἡγιασμένη,
874 4411 997 4464 Haec
1027 4413 1342 4466 intrinsecus
1371 4422 1419 4464 et
1444 4416 1794 4468 exstriusccus

210 4501 348 4540 arca
362 4480 653 4552 deaurata.
682 4480 900 4552 corpore
919 4483 1113 4534 scilicet
1147 4489 1194 4533 et
1221 4483 1411 4551 spiritu
1436 4484 1790 4547 sanctiﬁcata.
1825 4480 1872 4539 Ι)

291 4554 400 4622 (28)
438 4551 496 4606 S.
526 4551 781 4606 Andreas
832 4551 1086 4622 Cretens.
1150 4561 1290 4605 orat.
1327 4553 1380 4606 in
1437 4553 1558 4606 Nat.
1590 4554 1648 4606 Β.
1718 4553 1787 4608 Μ.

121 4624 129 4630 ’
210 4621 384 4694 quam
409 4622 471 4694 Ῡ.
500 4622 584 4677 Cl.
619 4623 865 4694 Angelus
908 4622 976 4694 M.
1023 4621 1489 4694 Riccius‘erutam
1516 4639 1545 4694 e
1584 4623 1792 4677 Biblio-

214 4691 382 4750 theca
428 4691 798 4748 Laurentiana
855 4692 908 4745 in
955 4693 1136 4746 lucem
1186 4691 1380 4749 edidit.
1413 4709 1467 4761 p.
1504 4693 1573 4747 29
1608 4710 1622 4746 :
1656 4694 1794 4744 Βλα-

217 4764 348 4826 στδς
381 4762 736 4834 γὰρκυρίωςη
753 4762 852 4830 μὲν
876 4765 906 4834 δ
950 4762 1111 4834 Δαυῖδ
1131 4777 1145 4791 ·
1167 4762 1369 4834 ῥάϐδος
1396 4763 1484 4834 δὲ-
1508 4763 1794 4834 προδήλως

215 4811 403 4904 Simia]
414 4811 574 4904 ἇῦθβξ
587 4811 680 4904 "si"
693 4811 928 4902 signa.
950 4811 1376 4904 Insignis;
1394 4811 1640 4904 ξίιάὶὶιᾶί
1654 4811 1794 4886 ἓὶὶῧιῖ

217 4901 435 4976 proprie
489 4903 658 4957 David
689 4921 708 4969 ;
745 4901 895 4974 virga
957 4901 1321 4975 proculdubio
1353 4902 1528 4958 Maria
1574 4913 1671 4969 est,
1697 4905 1793 4974 ﬂos

217 4971 346 5031 itero
371 4971 630 5029 Christus.

295 5043 407 5110 (29)
424 5044 802 5116 Nazianzenus
818 5043 1044 5116 Christi.
1065 5044 1241 5116 Pat.v,
1256 5041 1415 5116 2603.
1435 5044 1793 5116 Οὐρανιώνων

249 5132 356 5181 ταγ
408 5115 553 5166 άτων
583 5115 684 5167 ύπε
727 5116 880 5184 τέρα,
913 5115 1203 5167 cwlestibus
1234 5115 1502 5168 ordinibus
1522 5115 1788 5183 superior.

297 5132 410 5237 (38)
443 5185 570 5237 Haec
641 5136 904 5237 atfversus
958 5185 1382 5237 Apollinarium.
1432 5186 1525 5237 oui
1586 5185 1788 5237 Christi

297 5185 410 5255 (50)
443 5185 570 5240 Haec
641 5185 904 5240 adversus
958 5185 1382 5254 Apollinarium,
1432 5186 1525 5254 qui
1586 5185 1789 5240 Christi

222 5270 426 5326 corpus
466 5255 716 5326 negabat
768 5257 946 5308 anima
1001 5256 1254 5310 rationali
1301 5256 1588 5325 przeditum
1628 5273 1750 5310 esse
1777 5297 1790 5320 ,

222 5325 320 5381 sed
359 5325 714 5380 Divinit’atem
760 5326 940 5379 aiebat
965 5342 1085 5380 esse
1128 5327 1249 5380 loco
1311 5328 1510 5380 mentis
1547 5350 1556 5381 :
1599 5336 1791 5382 contra

222 5410 655 5468 quemerrorem
683 5396 1044 5468 pulcherrima
1063 5397 1153 5450 illa
1172 5397 1494 5468 Nazianzeni
1511 5398 1564 5451 in
1582 5399 1743 5468 epist.
1764 5399 1789 5451 1

224 5466 294 5521 ad
344 5465 690 5530 Cledonium,
749 5482 800 5534 p.
837 5467 958 5536 ΗΟ.
989 5467 1050 5520 C.
1111 5468 1172 5518 Et
1205 5468 1262 5520 δὲ
1305 5466 1567 5535 ἔμψυχος,
1601 5465 1647 5518 ἐξ
1689 5469 1794 5536 μὲν

224 5537 521 5606 οὺνοερὸς,
549 5537 663 5599 πῶς
697 5538 790 5589 καὶ
818 5535 1140 5606 ἄνθρωπος;
1179 5539 1238 5590 οὐ
1274 5538 1379 5605 γὰρ
1409 5539 1566 5591 ἄνουν
1599 5535 1737 5600 ζῶον
1767 5540 1795 5590 ὁ

226 5605 512 5676 ἄνθρωπος
541 5623 555 5637 ο
590 5607 687 5659 καὶ
734 5605 946 5675 ἀνάγκη
982 5609 1040 5660 τὸ
1077 5608 1260 5676 σχῆμα
1296 5608 1394 5676 μὲν
1430 5607 1791 5674 ἀνθρώπειον,

228 5677 321 5748 xui
353 5677 678 5748 siqviquvﬁv
701 5694 713 5708 °
751 5677 849 5745 τὴν
965 5677 1143 5747 ψυχὴν
1179 5678 1345 5730 ἵππου
1374 5679 1517 5740 τινος
1546 5679 1576 5747 ἢ
1614 5679 1732 5746 βοὸς
1759 5679 1791 5747 ἢ

227 5747 386 5801 ἄλλον
411 5747 520 5800 τῶν
550 5747 811 5818 ἀνοήτων.
841 5747 1011 5799 Τοῦτο
1040 5747 1170 5814 γοῦν
1200 5747 1351 5800 ἔσται
1383 5749 1476 5800 καὶ
1511 5748 1572 5800 τὸ
1625 5750 1793 5812 σωζό-

237 5834 400 5888 μενον
437 5833 454 5852 ο
497 5820 590 5873 καὶ
629 5817 955 5888 διεψεύσθην
993 5818 1103 5886 ἐγὼ
1151 5819 1299 5888 παρὰ
1353 5819 1449 5889 τῆς
1501 5819 1792 5889 ἀληθείας,

1892 3340 2149 3396 Christus
2198 3339 2363 3402 Deus,
2422 3353 2590 3393 carne
2629 3353 2696 3391 ex
2739 3337 2950 3406 Spiritu
3003 3347 3194 3391 sancto
3247 3335 3475 3389 indutus

1893 3431 2135 3485 animata
2161 3437 2218 3484 et
2241 3436 2422 3484 mente
2466 3429 2694 3498 praedita
2716 3469 2730 3493 ,
2762 3429 2913 3482 illaut
2947 3430 3113 3498 elegit
3153 3439 3209 3483 et
3243 3445 3475 3484 concor-

1891 3537 2025 3592 pore
2085 3522 2268 3576 induit
2324 3521 2874 3591 incorruptibilitate,
2928 3537 2993 3599 ac
3027 3537 3193 3591 supra
3251 3522 3473 3576 modum

1889 3613 2236 3686 gloriﬁcavit,
2273 3623 2334 3668 ut
2367 3629 2464 3669 sua
2493 3623 2642 3669 esset
2689 3614 2886 3674 haeres,
2913 3621 3103 3682 utpote
3131 3612 3474 3666 sanctissima

1900 3721 1998 3760 sua
2040 3705 2242 3770 Mater;
2275 3706 2423 3772 iuxta
2452 3721 2516 3759 ea
2561 3721 2684 3774 qua:
2707 3705 2911 3760 cecinit
2949 3705 3160 3759 Psaltes
3189 3721 3202 3756 :
3238 3723 3255 3754 ι
3287 3704 3476 3758 Αευίιὶι

1899 3799 2086 3868 regina
2119 3815 2149 3852 a
2199 3798 2408 3853 dextris
2445 3798 2554 3853 tuis
2603 3798 2657 3852 in
2696 3797 2897 3852 vestitu
2930 3798 3194 3851 deaurato
3237 3797 3477 3851 circum-

1899 3890 2098 3945 amieta
2130 3889 2395 3944 varietate
2426 3888 2489 3943 ’⁵.
2516 3908 2532 3938 ι
2563 3889 2672 3945 Vas
2704 3887 2838 3943 illud
2873 3888 3177 3958 pretiosum
3207 3896 3263 3942 et
3285 3903 3469 3942 sacra-

1901 3980 2195 4048 tissimum,
2248 3989 2305 4036 et
2362 3980 2559 4052 quavis
2593 3988 2784 4036 sancta
2830 3995 2892 4036 re
2944 3978 3214 4044 sanctius,
3240 3979 3474 4049 Deipara

1899 4272 2060 4327 ἄλλου
2081 4273 2404 4344 τιμηθέντος
2427 4271 2594 4344 ἄλλος
2613 4271 3178 4344 μεγαλαυχνούμενος,
3205 4271 3262 4327 Si
3295 4280 3476 4329 autem

1898 4346 2051 4397 homo
2101 4345 2280 4397 anima
2318 4353 2395 4397 est
2451 4343 2724 4412 praeditus,
2777 4343 3034 4412 siquidem
3081 4353 3252 4396 mente
3305 4355 3474 4406 caret,

1899 4414 2158 4483 quomodo
2212 4416 2279 4468 sit
2337 4415 2539 4468 homo?
2579 4430 2743 4481 neque
2779 4414 2916 4466 enim
2945 4413 3097 4465 homo
3145 4413 3350 4466 animal
3399 4422 3476 4467 est

1900 4495 2071 4537 mente
2094 4501 2278 4537 carens
2311 4500 2328 4537 :
2357 4494 2405 4536 et
2438 4484 2572 4536 illud
2603 4485 2809 4552 quidem
2844 4499 3046 4535 necesse
3077 4491 3152 4535 cst
3174 4493 3227 4534 ut
3252 4483 3476 4552 formam

1907 4554 2100 4608 habent
2159 4555 2383 4606 hominis
2435 4558 2701 4622 speciem;
2742 4554 2978 4606 animant
3040 4562 3218 4606 autent
3283 4554 3477 4607 habent

1897 4625 2194 4692 cuiuspiam
2250 4632 2342 4677 aut
2393 4625 2510 4693 equi
2559 4635 2650 4675 aut
2697 4623 2834 4676 bovis
2864 4631 2955 4674 aut
2987 4624 3215 4693 cujusvis
3255 4623 3476 4677 alterius

1898 4693 2169 4764 animalis,
2201 4694 2340 4764 quod
2407 4692 2576 4745 mente
2621 4695 2687 4746 sit
2745 4709 2949 4764 expers.
2983 4692 3122 4746 Illud
3152 4694 3314 4764 igitur
3348 4695 3472 4756 crit,

1896 4765 1980 4816 cui
2022 4763 2169 4816 salus
2215 4762 2371 4833 parta
2407 4771 2482 4815 est
2510 4780 2614 4826 ;-ac
2645 4764 2864 4831 proinde
2910 4762 3020 4829 ipse
3051 4781 3082 4816 a
3117 4763 3337 4816 veritate
3386 4764 3477 4816 de-

1898 4842 2076 4902 ceptus
2132 4835 2390 4904 sumpqni
2433 4849 2550 4886 cum
2603 4834 2740 4887 alius
2768 4835 3015 4886 honorent
3059 4833 3337 4902 acceperit,
3369 4835 3478 4904 ipse

1897 4904 2036 4957 alius
2060 4906 2208 4957 inani
2241 4902 2412 4974 gloria
2479 4920 2560 4956 me
2590 4906 2812 4974 factum.

1970 4977 2080 5045 (51)
2117 4976 2173 5028 ὃ.
2202 4971 2393 5044 ΟΥι-ἰΗ.
2430 4971 2658 5027 Encorn.
2695 4975 2752 5027 Β.
2785 4973 2853 5026 Μ.
2887 4972 3047 5045 Deip.
3078 4971 3186 5045 loc.
3211 4971 3476 5045 cit._Xai-

1899 5043 2013 5116 ροις
2051 5045 2106 5097 δὲ
2168 5043 2261 5097 καί
2310 5045 2468 5116 αύτὴ,
2497 5046 2684 5116 Μαρία
2719 5045 2969 5116 Θεοτρκε,
3007 5043 3472 5116 [Ιαρθενομῄτωελ

1899 5112 2200 5185 ζςωτοιρόρε,
2257 5115 2452 5176 σκεῦος
2509 5112 2810 5184 ἀμίαντον·
2846 5112 3002 5168 Salve
3059 5124 3105 5166 et
3141 5113 3255 5182 ipsa
3302 5112 3478 5166 Maria

1900 5187 2156 5256 Deipara,
2197 5185 2550 5254 Virgo-Mater
2576 5227 2589 5249 ,
2625 5185 2894 5254 Lucifera,
2931 5201 3023 5236 vas
3057 5186 3474 5256 incorruptum.

1899 5251 2090 5310 Itidem
2117 5255 2173 5310 S.
2206 5251 2526 5324 Epiphanius
2579 5251 2794 5308 Advers.
2827 5258 3010 5307 literas.
3048 5253 3084 5306 I.
3124 5269 3204 5315 ιιι,
3236 5251 3475 5324 leOiS:

1897 5327 2126 5396 Μητέρα
2179 5321 2279 5396 μὲν
2310 5321 2598 5393 γεγονυῖαν
2641 5326 2728 5378 διὰ
2777 5325 2877 5394 τὴν
2908 5324 3244 5396 οἰκονομίαν,
3273 5321 3478 5396 ἄχρανς

1897 5390 1988 5451 τον
2016 5390 2069 5448 δέ
2094 5390 2191 5450 διὲι⁷
2213 5390 2476 5466 τὴνπρὸς
2516 5397 2678 5448 αὑτὸν
2716 5390 2902 5466 τιμῆν,
2937 5395 3026 5446 καὶ
3084 5393 3143 5442 τὸ
3201 5392 3393 5466 σκεῦος
3421 5390 3481 5442 τὺ

1899 5468 2215 5535 θαυμαστόν
2242 5463 2480 5521 "Christi
2535 5467 2757 5520 Matrem
2817 5465 2876 5516 ob
2926 5471 3232 5535 susccpttuu
3260 5478 3321 5514 ex
3363 5463 3480 5535 ipsa

1898 5531 2110 5608 corpus,
2141 5548 2188 5590 et
2218 5537 2278 5590 ob
2308 5537 2452 5591 illius
2493 5540 2742 5592 honorent
2769 5533 3105 5608 impollutam
3133 5549 3226 5608 vas
3272 5541 3346 5585 est
3382 5531 3483 5608 ad-

1900 5602 2203 5662 mirandum
2231 5625 2247 5672 ;
2282 5618 2336 5662 et
2367 5625 2487 5678 pag.
2515 5623 2743 5675 sequen.
2782 5602 2942 5657 vocat
3065 5603 3128 5657 V.
3159 5603 3232 5654 Τὸ
3289 5602 3480 5662 σκεῦος

1897 5679 1956 5731 τὸ
1987 5680 2166 5745 τίμιον
2201 5679 2294 5730 καὶ
2329 5675 2811 5747 ἐξοχώτατον,ίυ(ιε
2845 5675 3130 5747 pretiosum
3152 5681 3198 5725 et
3224 5681 3484 5747 praelau-

1901 5743 2181 5804 tissiruum.
2214 5750 2281 5803 Et
2317 5747 2373 5803 S.
2409 5743 2661 5818 Ephrzetn
2688 5743 2865 5800 Serm.
2902 5745 3021 5818 Lat.
3058 5752 3189 5797 tom.
3231 5743 3482 5818 llleag.

1901 5821 2025 5887 5'26,
2060 5820 2165 5876 col.
2198 5819 2222 5873 l
2258 5820 2321 5876 E.
2355 5812 2469 5874 Ave
2491 5817 2814 5889 pra’clarum
2842 5827 2890 5870 et
2919 5817 3140 5870 electum
3182 5830 3272 5868 vas
3311 5812 3425 5867 Dei.
