4032 6496
172 380 329 447 3301'

1277 388 1684 452 ENCOMIUM
1723 389 1805 449 IN
1847 391 1913 452 Β.
1948 391 2352 458 νῙΒϐῙΝΕΜ.

3305 393 3446 457 3302

173 503 234 553 ὲν
256 497 418 564 Σιὼν,
461 498 557 554 κει.)⁹
582 498 719 572 οὔσῃ
773 499 1089 574 ἐνθειοτάτῃ
1127 502 1433 573 προγνώσει
1458 505 1556 574 τῆς
1595 505 1754 575 αὐτῆς

1869 507 2077 577 sagium
2112 507 2402 572 iucolatus,
2433 513 2486 560 et
2518 503 2864 574 operationis
2891 503 3096 560 viviﬁci
3132 513 3186 560 et
3216 509 3446 564 sanctis-

175 591 572 660 μετοικήσεως,
617 593 714 644 καὶ
764 590 825 656 ἐξ
861 593 1144 663 ἐνεργείας
1183 593 1295 662 (57)
1344 592 1613 656 ζωοποιοῦ
1665 596 1762 650 καὶ

173 683 445 752 παναγίου
486 683 804 754 Πνεύματος
855 685 1226 755 προοραθείσα
1283 689 1378 739 καὶ
1427 687 1761 756 ἐκφανθεῖσα

171 773 554 846 ὕποφητικῶς,
606 778 664 828 ὲν
766 774 961 845 ψεῦδος
994 777 1053 829 ού
1087 779 1518 846 προσεπέλασεν,
1581 779 1695 832 ἀλλ’
1727 782 1760 850 ή

172 865 313 935 μόνη
346 865 687 936 παναληθινὴ
715 865 980 932 ζωοποιδς
1028 868 1144 931 ὁδὸς
1186 867 1385 921 ὥδευσε
1417 870 1512 922 καὶ
1572 871 1629 924 ὲν
1659 871 1760 924 αύ-

169 957 236 1026 τῇ
273 953 410 1026 ἦρεν
448 959 597 1027 ἡμᾶς
655 959 793 1027 πρὸς
827 959 918 1012 τὸν
973 958 1195 1028 Πατέρα
1246 960 1414 1013 αὐτοῦ
1468 962 1496 1013 6
1555 961 1760 1033 Κύριος

173 1042 332 1116 ἡμῶν
353 1049 448 1102 καὶ
474 1050 628 1114 Θεὸς,
653 1050 878 1118 φάσκων
909 1053 966 1104 ὲν
985 1053 1340 1121 Εὑαγγελίοις
1361 1070 1375 1084 ο
1415 1072 1434 1105 ‹
1482 1055 1624 1124 Ἐγώ
1642 1058 1758 1125 είμι

171 1142 204 1208 ἡ
236 1141 351 1204 ὁδὸς
383 1142 479 1194 καὶ
502 1143 533 1212 ἡ
568 1142 795 1212 ἀλήθεια
817 1144 910 1196 καὶ
939 1146 970 1214 ὴ
1005 1142 1141 1214 ζωή.
1169 1146 1358 1208 Οὐδεὶς
1383 1146 1603 1216 ἔρχεται
1622 1148 1759 1218 πρὸς

169 1232 510 1305 τδνεΠατέρα
533 1235 581 1286 εί
605 1237 679 1305 μὴ
697 1234 764 1286 δι’
791 1235 946 1306 ἐμοῦ.
986 1255 1005 1287 ι
1060 1237 1204 1307 Πρὸς
1230 1237 1300 1308 ἢν
1327 1239 1420 1291 καὶ
1451 1241 1758 1309 παραγενό-

173 1335 328 1393 μενοι
389 1326 811 1395 άρχαγγελικῶς
857 1327 1197 1398 ὲχαιρέτιζον
1253 1327 1352 1400 τὴν
1408 1330 1758 1402 πανύμνητον

169 1415 516 1487 Θεομήτορα,
543 1418 640 1470 καὶ
675 1419 748 1480 ὡς
782 1417 1068 1489 μέλλοντες
1105 1420 1433 1492 προπέμψαι
1466 1422 1603 1492 πρὸς
1643 1421 1758 1475 Κύ-

174 1522 290 1575 ριον
320 1505 412 1559 τὸν
440 1508 538 1560 σὺν
568 1509 706 1580 αὐτῇ
734 1511 1166 1582 προπεμφθέντα
1196 1511 1289 1564 ὑπ’
1318 1513 1500 1567 αὐτῶν
1545 1517 1624 1578 είς
1667 1517 1759 1567 06-

171 1601 390 1670 ρανοϋς,
420 1602 547 1665 τοὺς
578 1605 640 1654 ὲκ
679 1600 829 1666 θείας
856 1603 1079 1674 χάριτος
1117 1605 1505 1675 προπομπίους
1553 1604 1758 1676 ὕμνους

172 1689 650 1765 εὐαγγελιζόμενοι
666 1697 825 1764 αὐτῇ,
856 1695 1403 1762 οίονείπωςείκότως,
1434 1696 1753 1767 φάσκοντες·

1863 599 1985 653 simi
2027 599 2307 668 Spiritus;
2355 599 2421 652 ad
2472 614 2634 667 quam
2684 607 2902 667 portam
2949 600 3163 651 nullum
3208 603 3445 654 accessit

1865 691 2238 755 mendacium,
2270 691 2366 744 sed
2420 690 2532 743 sola
2566 700 2621 744 et
2652 691 2938 745 verissima
2989 690 3317 744 viviﬁcatrix
3357 693 3444 746 via

1861 797 1964 851 per
2009 797 2130 836 eam
2169 781 2458 851 processit,
2491 790 2546 834 et
2591 797 2691 850 per
2723 781 2897 850 ipsam
2959 795 3060 835 nos
3123 782 3190 836 ad
3226 783 3442 836 Patrem

1862 889 2022 927 suum
2057 873 2289 927 adduxit
2331 872 2602 926 Dominus
2652 878 2842 926 uoster
2871 882 2925 926 et
2958 873 3100 926 Deus
3123 915 3136 934 ,
3169 873 3262 942 qui
3309 871 3445 927 dicit

1864 965 1918 1018 in
1945 966 2266 1036 Evangelia.
2311 984 2329 1017 ι
2376 966 2488 1036 Ego
2520 974 2641 1018 Sum
2665 965 2753 1018 via
2775 1005 2789 1029 ,
2825 967 3054 1030 veritas,
3084 976 3139 1020 et
3175 967 3322 1031 vita;
3348 983 3445 1020 nc-

1861 1075 1952 1114 mo
1999 1059 2106 1113 nisi
2145 1075 2242 1128 per
2287 1074 2375 1114 me
2411 1057 2565 1111 venit
2609 1057 2676 1112 ad
2707 1057 2925 1111 Patrem
2962 1057 3028 1109 “.
3069 1076 3086 1107 ›
3136 1056 3219 1110 Ad
3275 1073 3438 1126 quam

1861 1162 1985 1203 cum
2013 1149 2401 1217 pervenissent
2447 1146 2903 1216 archangelorum
2960 1144 3126 1198 modo
3184 1146 3443 1199 omnibus

1861 1238 2194 1292 celebratam
2244 1238 2462 1309 hymnis
2505 1237 2798 1306 Deiparatn
2845 1236 3179 1299 salutarlutt,
3217 1243 3273 1288 et
3317 1253 3440 1290 cum

1861 1329 1915 1384 in
1947 1345 2015 1383 eo
2062 1338 2268 1393 essent,
2302 1337 2363 1383 ut
2418 1329 2564 1382 illam
2619 1327 2959 1381 deducerent
3001 1325 3068 1380 ad
3121 1326 3439 1386 Dominum,

1859 1437 2024 1492 quem
2057 1429 2218 1476 antea
2281 1430 2506 1476 euntem
2569 1420 2625 1473 in
2661 1420 2865 1473 cmlum
2917 1435 3043 1472 cum
3093 1433 3156 1472 ea
3195 1419 3440 1472 comitati

1859 1511 2099 1576 fuerant,
2163 1513 2399 1583 hymnos
2462 1509 2654 1564 divino
2694 1509 2871 1579 gratia
2930 1518 3232 1577 conceptos
3296 1509 3442 1561 inter

1859 1603 2221 1673 praecundum
2267 1602 2635 1666 concinendo,
2685 1601 2808 1654 lzeta
2841 1600 3128 1669 faustaque
3179 1601 3441 1654 nuntian-

1857 1704 1961 1758 tes,
2001 1707 2062 1752 ut
2080 1705 2520 1752 consentaneum
2546 1694 2670 1760 fuit,
2696 1693 2753 1747 in
2783 1693 2933 1747 hunc
2962 1691 3078 1747 fere
3110 1693 3335 1747 modum
3357 1693 3442 1747 di-

1857 1787 2096 1842 cebant:

244 1871 298 1926 l'.
338 1871 591 1944 Χαίροις,
627 1872 967 1945 περιπόθητε
992 1872 1131 1944 Θεῷ,
1169 1873 1379 1946 ἔμψυχε
1404 1875 1515 1946 (58)
1544 1874 1638 1928 ναὲ
1658 1875 1751 1929 τοῦ

1929 1875 1998 1931 X.
2045 1878 2156 1932 Ave
2198 1877 2431 1930 multum
2490 1876 2603 1930 Deo
2650 1872 3058 1933 desiderabilis,
3108 1872 3297 1926 vivum
3355 1873 3441 1926 in-

171 1963 459 2034 ἀχωρήτου
497 1965 778 2034 Ὑψίστου,
831 1967 888 2018 ὲν
929 1959 974 2033 ᾧ
1024 1967 1058 2036 ἠ
1093 1967 1349 2030 άκτιστος
1387 1967 1752 2032 ὲνυπόστατος

172 2059 340 2126 σοφία
373 2057 506 2110 Θεοῦ
538 2057 751 2130 Πατρὺς
780 2058 1132 2129 ὲνοικήσασα,
1166 2058 1484 2131 ᾠκοδόμησε
1514 2061 1605 2114 τὸν
1625 2061 1753 2114 ναὸν

169 2151 267 2203 τοῦ
299 2149 551 2221 σώματος
596 2149 761 2204 αὐτοῦ
808 2151 1042 2221 Χριστὸς
1095 2152 1124 2205 6
1154 2151 1307 2218 Θεὸς,
1338 2155 1366 2205 6
1398 2153 1496 2223 τὴν
1555 2153 1751 2207 ἑαυτοῦ

170 2241 478 2294 ἀνάπαυσιν
506 2239 684 2312 εὑρὼν
736 2240 794 2295 ἐν
827 2240 911 2294 σοὶ
948 2241 1030 2305 είς
1057 2243 1402 2312 παγκόσμιον
1432 2243 1709 2313 σωτηρίαν
1731 2285 1746 2310 ,

171 2332 267 2384 καί
297 2331 624 2401 προσλαϐεῖν
654 2347 712 2384 σε
742 2331 1041 2402 εὐδοκήσας
1073 2333 1156 2397 είς
1213 2332 1311 2403 τὴν
1357 2333 1584 2387 αίωνίαν
1611 2351 1751 2387 παν-

171 2421 382 2487 ένδοξον
439 2422 606 2476 αὑτοῦ
665 2424 996 2479 ἀνάπαυσιν.
1042 2424 1292 2496 Χαίροις,
1352 2426 1594 2496 παναγία
1617 2427 1751 2481 Θεο-

169 2514 323 2581 τόκε,
382 2515 464 2568 ὄτι
495 2517 524 2568 6
555 2515 811 2586 βασιλεὺς
850 2517 949 2588 τῆς
983 2517 1164 2588 δόξης,
1219 2517 1423 2589 Κύριος
1459 2518 1688 2590 Ἰησοῦς,
1723 2519 1752 2572 6

172 2607 600 2682 αἱρετισάξλενός
647 2626 705 2662 σε
727 2609 985 2677 γενέσθαι
1017 2609 1186 2665 αὐτοῦ
1241 2611 1434 2683 νοεράν
1476 2612 1752 2683 βασιλείαν

171 2699 269 2754 ἐπὶ
296 2699 426 2770 γῆς,
457 2701 553 2754 καὶ
581 2701 670 2756 διὰ
709 2701 802 2756 σοῦ
823 2702 1210 2773 δωρησάμενος
1238 2705 1368 2774 ἡμῖν
1392 2705 1492 2774 τὴν
1519 2705 1755 2777 ἐπουρά-

169 2803 285 2842 νιον
310 2789 478 2843 αὐτοῦ
507 2789 804 2859 βασιλείαν,
832 2791 890 2843 ἑν
911 2790 1087 2864 ταύτῃ
1114 2809 1171 2844 σε
1217 2788 1357 2845 εἶναι
1381 2791 1667 2864 σύσσωμον
1695 2795 1754 2847 ὲν

172 2882 457 2954 ἀφθαρσίᾳ
489 2884 626 2953 (59),
654 2883 748 2936 καὶ
779 2883 998 2938 πάντων
1027 2883 1375 2956 ἐνδοξοτέραν
1396 2886 1751 2957 προσέταξεν,

172 2976 254 3038 είς
303 2974 464 3040 δόξαν
492 2974 588 3028 τοῦ
651 2974 866 3046 Πατρὸς
913 2973 1078 3028 αὑτοῦ
1131 2974 1360 3029 καὶτοῦ
1413 2975 1751 3046 Πνεύματος.

173 3067 424 3139 Χαίροις,
447 3068 480 3138 ή
507 3066 792 3138 ἀντίληψις
823 3069 857 3139 ἡ
898 3067 1079 3132 ἔνθεος
1099 3067 1188 3120 ἀεὶ
1227 3067 1332 3120 τῶν
1363 3068 1753 3133 εὐσεϐούντων,

173 3162 234 3228 ἑξ
285 3155 353 3232 ἦς
382 3159 615 3230 Χριστὸς
659 3159 984 3214 ἀντελάϐετο
1023 3160 1180 3231 ἡμῶν
1217 3159 1278 3212 τὸ
1300 3159 1477 3227 γένος,
1526 3178 1545 3212 ι
1571 3161 1666 3214 καὶ
1698 3161 1756 3212 ὖ-

170 3252 324 3323 ψωσε
344 3254 513 3322 κέρας
531 3253 804 3324 σωτηρίας
818 3254 969 3324 ἡμῖν,
983 3272 1001 3304 ι
1029 3253 1482 3322 εὐαγγελίσασθαί
1503 3255 1648 3326 ἡμᾶς
1667 3253 1759 3308 τὸν

173 3343 333 3412 λόγον
357 3344 456 3415 τῆς
483 3343 744 3414 ἀληθείας
783 3343 946 3397 αὐτοῦ
1000 3344 1059 3396 ὲν
1094 3344 1230 3396 πᾶσι
1260 3345 1375 3407 τοῖς
1417 3344 1617 3398 ἔθνεσι.
1649 3343 1764 3398 Σώ-

174 3436 258 3502 ζει
287 3436 399 3508 (60)
429 3437 536 3508 γὰρ
560 3435 778 3506 ἀληθῶς
804 3436 870 3490 ἐκ
900 3437 1082 3506 πάσης
1114 3435 1343 3505 θλίψεως
1376 3435 1505 3498 τοὺς
1557 3436 1753 3506 ὁμολο-

174 3527 408 3595 γοῦντάς
435 3544 495 3581 σε
523 3526 808 3589 Θεοτόκον,
840 3529 869 3581 6
901 3527 1342 3597 μυσταγωγήσας
1363 3543 1421 3580 σε
1451 3525 1587 3590 Θεὸς
1615 3525 1765 3594 γενέ-

176 3618 303 3672 σθαι
337 3620 475 3689 πρὸς
509 3619 695 3684 αὐτὸν,
731 3617 824 3672 τοῦ
857 3617 1184 3690 πρεσϐεύειν
1215 3619 1358 3690 ὑπὲρ
1384 3618 1565 3688 ἡμῶν.
1620 3617 1758 3671 Χαί-

176 3711 590 3783 ροις,⁹1ωακεὶμ
621 3710 884 3782 θύγατερ,
914 3710 1008 3763 καὶ
1065 3711 1239 3781 μῆτερ
1266 3709 1362 3763 τοῦ
1411 3710 1755 3782 δημιουργή-

176 3820 372 3866 σαντος
397 3803 533 3856 Θεοῦ
565 3805 634 3858 τά
659 3802 975 3875 σύμπαντα,
1011 3804 1155 3874 ἡύπ’
1185 3804 1350 3858 αὐτοῦ
1380 3804 1755 3876 προκληθεῖσα

173 3897 256 3959 είς
283 3895 440 3964 λῆξιν
473 3895 897 3966 μακαριότητος,
945 3896 1043 3966 τῆς
1087 3895 1268 3968 πάσης
1304 3895 1616 3967 ὑπερτέρας
1644 3895 1753 3949 τῶν

172 3987 271 4040 ἐπὶ
298 3986 404 4056 γῆς
424 3987 519 4040 καὶ
547 3986 606 4040 ἑν
629 3987 844 4059 οὐρανῷ
864 3985 1320 4060 μακαριζομένων
1343 3989 1514 4058 ἁγίων
1538 3989 1753 4060 ταγμά-

171 4096 304 4133 των.
327 4080 572 4150 Χαίροις,
597 4080 838 4150 ἰαμάτων
860 4067 1033 4152 miri),
1049 4083 1083 4152 ἡ
1105 4081 1399 4151 πηγάσασα
1419 4081 1510 4136 τὸν
1527 4081 1754 4152 ίώμενον

173 4174 357 4226 πᾶσαν
373 4174 527 4227 νόσον
556 4173 813 4244 Χριστὸν,
836 4173 1068 4246 βρύοντα
1093 4175 1375 4247 μυστικῶς
1402 4175 1503 4246 τῆς
1532 4175 1754 4248 χάριτος

173 4265 272 4319 τοῦ
329 4265 597 4328 ζωοποιοῦ
655 4267 752 4320 καὶ
789 4268 1057 4336 παναγίου
1114 4267 1636 4340 αὑτοῦῐίνεύματος
1685 4269 1754 4322 τά

244 4406 290 4438 ι’
326 4406 528 4461 Ezech.
569 4423 680 4472 xw,
705 4409 755 4462 l.
825 4407 872 4439 ⁸⁸
894 4408 1052 4462 Joan.
1089 4425 1198 4475 xxv,
1221 4409 1277 4468 6.
1355 4411 1400 4444 "
1436 4411 1571 4467 Luc.
1600 4427 1638 4467 ι.
1671 4409 1760 4466 69.

177 4535 314 4597 tum,
353 4525 477 4578 etin
502 4532 681 4594 partu,
713 4535 761 4578 et
795 4535 908 4597 post
939 4533 1151 4597 partum
1178 4525 1348 4597 Virgo;
1387 4527 1745 4595 permansisti.

176 4595 361 4659 Salve,
388 4605 541 4665 porta
572 4611 598 4647 e
624 4598 787 4664 portis
805 4595 920 4650 sola
955 4595 1162 4659 clausa,
1193 4606 1241 4650 et
1269 4595 1384 4650 sola
1413 4597 1748 4650 ecivitatibus

175 4669 383 4721 munita
407 4665 635 4718 turribus
653 4668 856 4721 civitas.
884 4667 1008 4722 Vid.
1025 4677 1079 4722 et
1098 4665 1745 4737 Pseudo-Thaumaturg.

175 4752 344 4790 scrin.
379 4737 433 4790 ’5.
467 4751 590 4790 uae.
617 4735 704 4790 27.

175 4752 344 4793 scrin.
380 4751 433 4801 ο,
467 4751 590 4806 pag.
617 4751 704 4792 τι.

177 4752 344 4793 scrin.
380 4752 433 4801 ο,
467 4752 590 4807 pag.
617 4752 704 4792 τι.

177 4807 810 4944 ἔΕξξῌΥξξῇὲνερτείας.
852 4806 1169 4878 Legendum
1222 4818 1357 4881 puto
1401 4809 1566 4865 unica
1611 4822 1750 4864 voce

242 4895 510 4948 ενεργιας,

257 4949 368 5022 (58)
399 4949 460 5022 S.
496 4948 1007 5022 Basil.Seleucien.
1040 4949 1094 5007 in
1116 4949 1171 5022 S.
1201 4951 1419 5022 Deipar.
1445 4951 1499 5005 in
1527 4950 1752 5005 Auctar.

177 5018 473 5107 gouttlieils'.
503 5029 637 5107 tglu.
671 5021 716 5086 Ι,
751 5036 890 5107 Pag.~
911 5020 1015 5107 59}
1045 5038 1057 5075 :
1101 5018 1318 5107 :Enet6lj
1337 5023 1462 5085 ναὸς
1487 5022 1755 5107 ὑπάρξεις

177 5091 348 5164 ξντως
402 5089 646 5164 ἁξιὸθεος
687 5089 802 5155 τοῖς
829 5089 931 5161 τῆς
958 5089 1501 5164 ἀγνείαςάρὼμασιν
1529 5089 1755 5164 εύνωδιατ

179 5160 430 5233 ζόμεςνοςρ
469 5164 496 5212 ὁ
550 5163 722 5229 μέγας
763 5165 821 5233 ὲνν
850 5160 956 5233 σοι,
985 5160 1304 5233 κατοικήσει
1337 5160 1648 5233 ἀρχιερεὺς
1680 5200 1694 5224 ,
1727 5160 1756 5212 6

177 5229 325 5303 κατὰ
368 5230 467 5300 τὴν
510 5232 663 5299 τάξιν
701 5232 1056 5302 Μελχισεδὲκ,
1087 5229 1320 5303 ἀμήτωρ
1352 5229 1462 5286 καῖ
1477 5229 1711 5301 ἀπάτωρ
1735 5243 1752 5260 ⁶

179 5302 413 5375 ἀμήτωρ
444 5304 508 5375 ex
538 5303 634 5356 τοῦ
681 5303 816 5375 Θεοῦ
863 5304 1114 5375 Πατρόςξ
1149 5302 1378 5375 ἀπάτωρ
1425 5305 1488 5375 ἐκ
1517 5303 1614 5372 τῆς
1650 5315 1758 5372 μη-

179 5369 328 5440 τρός.
359 5369 496 5436 Quia
537 5372 791 5443 templum
844 5369 1048 5429 exsistis
1076 5374 1183 5428 Deo
1234 5369 1357 5427 vere
1397 5369 1759 5443 dignum,'ca-

179 5443 379 5514 stitatis
433 5446 757 5514 aromatibus
807 5444 935 5498 bene
992 5446 1306 5510 odoratum,
1349 5461 1572 5514 magnus
1611 5445 1666 5497 in
1707 5452 1757 5496 te

181 5513 493 5586 inhabitabit
519 5515 778 5584 Pontifex,
806 5517 895 5586 qui
919 5520 1203 5570 secundum
1227 5513 1464 5570 ordinem
1489 5514 1756 5586 Meteltise.

181 5584 276 5656 deo
322 5585 436 5636 sine
498 5593 670 5638 matre
703 5584 895 5645 εει-ου
944 5588 1058 5640 sine
1088 5597 1241 5656 patre
1271 5604 1287 5640 :
1321 5587 1403 5641 Ex
1441 5586 1549 5639 Deo
1579 5585 1756 5656 Patre

181 5655 298 5728 sine
345 5664 558 5728 matre;
622 5666 794 5728 οτηερ
845 5667 1016 5710 matre
1077 5655 1190 5710 sine
1246 5669 1416 5728 patre.
1449 5655 1750 5728 78.77Cyrill.

181 5724 479 5796 Alexandr.
521 5727 742 5782 tom.V.
768 5736 908 5796 part.
943 5743 999 5794 ιι,
1046 5724 1273 5782 Encoui.
1337 5729 1390 5782 in
1440 5727 1498 5782 S.
1529 5724 1753 5781 Mariam

179 5793 406 5878 Deipar.
430 5797 700 5879 pag.580.
727 5793 1212 5879 Χάέροιςλψαρία,
1239 5801 1266 5850 6
1292 5798 1590 5879 κατάλυτοης
1603 5798 1750 5879 rapi,

171 5866 393 5934 ,μᾶλλον
425 5865 482 5920 δὲ
515 5867 691 5936 ἀγιος,
732 5865 910 5932 καθὼς
945 5868 1040 5938 βοᾷ
1071 5865 1112 5922 δ’
1138 5870 1421 5939 προφήτης
1467 5867 1630 5922 Δαϐὶδ
1674 5867 1757 5920 λέ-

1857 1965 2382 2036 comprehensibilis
2431 1963 2700 2020 Altissimi
2751 1964 3055 2033 templum;
3118 1961 3171 2015 in
3205 1976 3316 2030 quo
3359 1963 3444 2016 in-

1855 2068 2039 2112 ereata
2059 2067 2114 2113 et
2137 2058 2454 2113 subsistens
2475 2056 2756 2127 Sapientia
2771 2056 2870 2110 Dei
2891 2056 3068 2109 Patris
3087 2053 3437 2116 inhabitavit,

1857 2151 2061 2221 suique
2092 2150 2348 2220 corporis
2383 2149 2647 2220 templum
2667 2147 2927 2204 Christus
2953 2148 3099 2202 Deus
3125 2146 3437 2210 aediﬁcavit;

1854 2243 1950 2314 qui
1977 2260 2132 2298 suam
2169 2244 2222 2298 in
2261 2251 2313 2300 te
2338 2245 2588 2314 requiem
2616 2241 2683 2297 ad
2734 2241 2982 2296 universi
3017 2240 3250 2307 salutem
3280 2240 3437 2293 inve-

1854 2337 1970 2401 nit;
2006 2346 2170 2407 teque
2223 2337 2330 2392 sibi
2375 2335 2712 2406 complacuit
2757 2334 2824 2388 ad
2857 2343 3120 2388 αξιοι-ηοω
3145 2341 3202 2386 et
3231 2332 3438 2402 glorio-

1855 2427 2130 2482 sissimam
2189 2427 2274 2483 sui
2304 2427 2555 2497 requiem
2592 2440 2897 2481 assumere.
2930 2425 3045 2479 Ave
3092 2423 3438 2478 sanctissima

1853 2518 2109 2590 Deipara,
2143 2519 2293 2589 quod
2349 2534 2445 2574 rex
2479 2518 2667 2590 gloriae
2701 2517 2970 2572 Dominus
3017 2517 3194 2582 Jesus,
3226 2531 3351 2570 cum
3385 2525 3437 2570 te

1854 2612 2133 2685 elegisset,
2175 2622 2236 2668 ut
2257 2628 2424 2683 supra
2460 2622 2666 2667 terram
2699 2625 2852 2666 esses
2885 2609 3173 2679 spirituale
3203 2609 3325 2680 ejus
3348 2622 3440 2662 re-

1853 2718 2046 2773 gnum,
2077 2717 2142 2758 ae
2173 2718 2272 2772 per
2323 2710 2377 2756 te
2410 2701 2636 2756 cmleste
2672 2715 2834 2754 suum
2864 2713 3094 2768 regnum
3142 2697 3305 2752 nobis
3341 2697 3443 2751 do-

1855 2805 2065 2858 nasset,
2095 2795 2152 2848 in
2187 2808 2255 2847 eo
2278 2792 2446 2864 jussit
2473 2801 2524 2847 te
2552 2791 2607 2846 in
2638 2789 3166 2859 incorruptibilitate
3188 2787 3441 2856 corporis

1857 2901 2045 2942 secum
2075 2901 2198 2941 esse
2253 2892 2595 2950 consortem,
2652 2894 2710 2938 et
2744 2897 2942 2937 omnes
2970 2882 3145 2952 gloria
3179 2892 3441 2951 sureraro

1857 2978 1923 3033 ad
1956 2977 2044 3032 sui
2082 2977 2262 3032 Patris
2287 2984 2345 3031 et
2383 2976 2627 3047 Spiritus
2657 2975 2832 3030 sancti
2873 2973 3125 3043 gloriam.
3167 2972 3280 3027 Ave
3309 2987 3440 3042 per-

1857 3080 2088 3141 petuum
2116 3079 2174 3126 et
2213 3071 2466 3124 divinum
2487 3083 2682 3123 eorum
2711 3067 3000 3131 auxilium,
3033 3068 3130 3136 qui
3151 3067 3238 3136 pie
3266 3067 3442 3121 Deum

1861 3165 2087 3229 colunt,
2117 3177 2184 3218 ex
2216 3177 2324 3233 qua
2364 3162 2626 3218 Christus
2655 3173 2848 3217 nostro
2874 3162 3063 3230 generi
3097 3177 3257 3232 opem
3292 3161 3442 3226 tulit,

1869 3276 1888 3307 ι
1924 3257 1994 3311 Et
2022 3256 2202 3311 erexit
2252 3271 2425 3310 cornu
2481 3255 2673 3310 salutis
2719 3255 2882 3310 nobis
2911 3254 2980 3320 ⁸⁷,
3025 3273 3042 3304 ι
3082 3261 3143 3308 ut
3188 3253 3443 3308 veritatis

1859 3363 1974 3404 suae
2035 3349 2271 3404 verbum
2328 3347 2590 3402 omnibus
2646 3347 2904 3418 gentibus
2968 3345 3441 3401 annuntiaremus.

1857 3441 2139 3511 Quotquot
2167 3441 2315 3496 enim
2341 3449 2391 3496 te
2436 3441 2534 3495 Dei
2577 3439 2912 3496 Genitricem
2956 3439 3311 3505 conﬁtentur,
3343 3453 3444 3495 eos

1857 3549 2054 3590 revera
2072 3534 2142 3589 ab
2173 3534 2325 3588 omni
2362 3533 2655 3588 atllictione
2677 3541 2865 3588 servat
2888 3533 3062 3599 Deus;
3099 3532 3194 3602 qui
3217 3538 3270 3586 te
3293 3530 3362 3585 ad
3384 3546 3442 3585 se

1863 3626 2113 3693 adduxit,
2145 3635 2208 3682 ut
2237 3627 2383 3698 apud
2412 3641 2471 3682 se
2506 3641 2658 3681 esses
2697 3625 3080 3681 intercedendi
3136 3640 3303 3680 causa
3337 3639 3458 3696 pro,

1862 3717 2045 3773 nobis.
2080 3716 2195 3773 Ave
2234 3716 2486 3773 Joachim
2523 3716 2636 3770 tilia
2671 3724 2727 3770 et
2753 3716 2924 3770 Mater
2950 3717 3081 3782 Dei,
3122 3715 3215 3785 qui
3241 3713 3439 3768 condi-

1861 3809 1944 3864 dit
1971 3808 2184 3874 omnia;
2217 3823 2337 3878 qua:
2389 3807 2461 3862 ab
2504 3821 2573 3861 eo
2629 3814 2824 3860 vocata
2852 3820 2916 3861 es
2954 3804 3022 3860 ad
3077 3803 3444 3859 beatitudinis

1860 3901 2072 3965 sedem,
2102 3915 2224 3970 qum
2267 3914 2488 3954 omnem
2535 3906 2762 3969 superat
2822 3907 3139 3953 sanctorum
3183 3896 3442 3952 ordinum

1861 3990 2287 4056 beatitudinem,
2317 3990 2413 4060 qui
2445 3997 2561 4045 tum
2591 3991 2648 4044 in
2673 3989 2836 4055 coelo,
2873 3998 2988 4044 tum
3013 3989 3069 4043 in
3099 3989 3262 4044 terris
3291 3987 3442 4042 beati

1860 4084 2254 4155 praedicantur.
2279 4082 2393 4138 Ave
2415 4082 2538 4138 fons
2575 4081 3125 4152 remediorum;quaa
3155 4080 3440 4136 Christum

1861 4174 2124 4241 eli‘uudis,
2154 4175 2250 4245 qui
2271 4183 2429 4230 sanat
2451 4189 2648 4229 omnes
2677 4173 2928 4240 morbos;
2963 4174 3058 4243 qui
3083 4172 3284 4228 viviﬁci
3308 4187 3439 4227 san-

1864 4268 2216 4339 ctissimique
2247 4267 2494 4340 Spiritus
2519 4267 2605 4324 sui.
2625 4269 2803 4340 gratia
2832 4266 3078 4322 ﬂuminis
3099 4265 3264 4322 modo
3316 4281 3435 4338 my-

1855 4545 1988 4600 γων,
2039 4528 2202 4595 Αγιος
2224 4527 2349 4600 ναός
2369 4525 2888 4600 σου,θαυμαστδςίὲν
2902 4526 3236 4600 δικαιοσύνῃ.
3257 4525 3434 4594 Salve,

1855 4595 2052 4663 Maria,
2085 4595 2341 4667 templum
2369 4595 2771 4667 indissolubile,
2800 4612 2891 4667 seu
2951 4599 3122 4667 potius
3168 4595 3435 4661 sanctum,

1853 4666 2295 4739 quemadmodum
2322 4666 2529 4739 rclamat
2563 4668 2816 4737 propheta
2835 4666 3017 4739 Dauid
3047 4668 3224 4722 dicens
3250 4685 3268 4723 :
3305 4685 3436 4723 san-

1855 4738 1997 4792 etum
2037 4747 2112 4791 est
2166 4738 2420 4808 templum
2473 4746 2640 4803 tuum,
2684 4738 2926 4792 mirabile
2959 4739 3014 4792 in
3044 4741 3330 4808 (equitate;
3359 4740 3438 4793 le-

1855 4808 2096 4881 gendum
2119 4809 2267 4863 enim
2297 4808 2649 4881 ἀκατάλυτοί
2665 4808 2813 4881 ναός.
2843 4809 2976 4881 dee
3006 4809 3434 4881 Pseudo-Thau-

1858 4878 2096 4949 maturg.
2152 4894 2273 4951 pag.
2324 4879 2482 4951 27.,
2521 4885 2576 4933 et
2621 4878 3255 4951 Pseudo—Epiphanium,
3310 4897 3434 4951 pag.

1856 4951 1982 5014 297,
2016 4951 2069 5031 in
2123 4949 2328 5019 quibus
2383 4950 2646 5020 ἀμίαντον
2685 4951 2812 5002 ναὸν
2839 4949 2956 5004 sive
2993 4949 3270 5020 ἄφθαρτον
3307 4949 3436 5006 ναῦν

1857 5035 2123 5075 I'CDCI'IBS.

1922 5037 2442 5179 I(iiii!)-aelf’iaqianzenus
2467 5089 2770 5179 'Chryslost.
2795 5091 2916 5179 P'a‘t.
2951 5107 3006 5157 v,
3029 5091 3188 5179 257,9.
3212 5092 3284 5144 Σὺ
3303 5093 3438 5179 “uti:

1862 5162 2129 5232 μακάριον
2157 5160 2385 5213 δάπεδον
2425 5161 2570 5223 νάεις
2604 5160 2790 5228 πόλου,
2823 5162 3006 5216 ’Ἃπαν
3066 5163 3239 5232 πάχος
3301 5160 3427 5232 βρό-

1857 5229 2403 5303 ταιονᾼάλλαξαμένη,
2448 5231 2784 5303 Ἀφθαρσίας
2804 5231 2852 5285 τ’
2880 5232 3084 5303 ἄμφιον
3120 5232 3435 5303 ἐστολισμέο

1858 5319 1946 5370 νη,
1986 5301 2098 5353 Ἀεὶ
2145 5301 2192 5352 τ’
2220 5301 2442 5370 ἀγήρως
2469 5301 2542 5363 ὡς
2571 5301 2702 5366 Θεὸς
2746 5302 2790 5355 δ’
2829 5301 3166 5372 ἐγνωσμένη,
3207 5301 3280 5354 Tu
3316 5304 3437 5372 qui-

1858 5372 1975 5426 dem
2005 5372 2293 5425 Beatorum
2312 5373 2440 5443 rcazli
2475 5373 2831 5443 pavimentum
2859 5383 3021 5437 tenes,
3055 5371 3288 5443 auomni
3316 5389 3440 5425 con-

1859 5444 2091 5496 cretione
2121 5442 2337 5496 mortali
2367 5440 2553 5508 libera,
2579 5445 2988 5512 incorruptionis
3020 5440 3185 5513 pallio
3210 5442 3398 5497 induta
3421 5483 3434 5506 ,

1856 5529 2064 5584 semper
2089 5513 2276 5584 Ahabita
2308 5521 2364 5566 ut
2396 5513 2555 5575 Deus,
2584 5517 2865 5567 senectutis
2887 5529 3092 5584 expers.

1930 5581 2042 5652 (60)
2075 5581 2280 5638 Contra
2310 5585 2361 5636 εί
2381 5601 2463 5646 τις
2491 5585 2574 5654 οὐκ
2597 5585 2858 5637 Θεοτόκον
2886 5581 2986 5654 τὴν
3032 5581 3250 5652 Μαρίαν
3307 5600 3440 5636 υποο

1857 5653 2148 5723 λαμϐάνει,
2176 5655 2341 5725 χωρίς
2375 5655 2506 5725 ὲστιῗ
2529 5653 2624 5721 τῆς
2648 5654 2921 5724 θεότητος.
2942 5653 3140 5725 Siquis
3169 5654 3440 5708 existimat

1855 5725 2085 5780 Mariam
2138 5724 2401 5779 non'esse
2466 5724 2784 5779 Genitricem
2839 5725 2954 5791 Dei,
2985 5724 3340 5780 a'Divinitate
3364 5733 3440 5778 est

1857 5805 2160 5938 ἱρρςέτὲειιό,
2177 5804 2242 5851 ut
2266 5796 2341 5852 ait
2368 5795 2931 5870 Nazianzenusicpist.
2954 5796 3007 5865 1,
3022 5795 3091 5853 ad
3109 5794 3439 5855 Ctedoniutu
