4032 6536
238 397 386 467 3305

1346 397 1753 467 ENCOMIUM
1790 400 1872 463 IN
1912 402 1981 467 B.
2022 402 2428 469 VIRGINEM.

3357 407 3500 476 3306

239 513 503 586 γράπτως
532 509 697 575 αὐτὸς
726 507 1030 581 κατηξίωσέ
1061 525 1122 564 σε
1170 508 1279 565 ἀπὸ
1302 511 1506 582 ταύτης
1533 513 1632 583 τῆς
1658 529 1827 583 προσο

1931 513 2208 568 οωιεειοω
2236 513 2470 583 patriam
2500 510 2936 584 protlciscerere,
2969 527 3131 585 quam
3157 529 3256 586 per
3285 525 3339 571 te
3370 529 3499 572 san-

238 602 431 675 καίρου
472 602 713 671 ἐπιγείου
763 601 1022 673 πατρίδος
1051 600 1461 672 παραγενέσθαι
1517 606 1597 662 είς
1645 604 1829 671 κρείτ-

240 712 368 752 τονα
397 695 722 765 ἐπουράνιον
756 693 1009 763 πατρίδα,
1040 692 1109 764 ἢν
1134 693 1227 748 καὶ
1254 693 1343 748 διὰ
1388 693 1481 746 σοῦ
1513 693 1828 764 ἐδωρήσατο

240 792 356 853 τοῖς
388 789 565 858 ἁγίοις
612 786 687 850 ὡς
717 784 1013 856 ἐφιεμένην
1048 784 1254 848 αὐτοῖς.
1305 783 1553 857 Χαίροις,
1610 785 1829 857 ἱλαστή-

240 898 357 953 ριον
382 880 493 952 (68)
523 879 584 934 τὸ
634 876 907 930 θειότατον
945 875 1041 929 καὶ
1088 875 1418 946 θεοῖδρυτον,
1468 875 1537 929 δι’
1582 868 1644 929 οῦ
1673 879 1701 929 6
1730 875 1825 929 τοῦ

240 971 560 1041 σύμπαντος
608 966 814 1037 κόσμου
880 964 1151 1037 προῆλθεν
1208 965 1437 1035 ίλασμὸς
1489 965 1582 1018 καλ¹
1628 966 1824 1037 Σωτὴρ

198 1116 199 1119 η
238 1060 474 1130 Χριστὸς
501 1060 531 1111 6
570 1058 726 1120 Θεός.
757 1055 857 1111 Ἐκ
886 1056 981 1110 σοῦ
1025 1057 1157 1129 γὰρ,
1184 1057 1429 1125 παναγία
1465 1056 1716 1123 Θεοτόκε,
1745 1060 1829 1110 ἐν-

236 1151 537 1221 δυσάμενος
565 1149 625 1204 τὸ
655 1152 719 1203 ἐκ
743 1147 1061 1219 Πνεύματος
1093 1150 1250 1216 ἁγίου
1280 1150 1378 1220 τῆς
1411 1149 1611 1219 σαρκὸς
1663 1149 1828 1205 αὑτοῦ

239 1243 675 1313 παραπέτασμα.
708 1241 982 1313 προῆλθεν
1018 1260 1037 1292 ι
1074 1241 1363 1312 ἀρχιερεὺς
1408 1242 1488 1305 εἰς
1513 1241 1602 1295 τὸν
1634 1242 1826 1308 αἰῶνα,

238 1333 381 1387 κατὰ
421 1333 518 1402 τὴν
551 1331 706 1395 τάξιν
775 1330 1151 1402 Μελχισεδὲκ,
1212 1350 1230 1384 ι
1283 1331 1359 1395 ὡς
1408 1332 1755 1404 γέγραπται·
1801 1335 1829 1386 6

238 1423 571 1495 πῳσλαῦεῖν
630 1439 690 1476 σε
746 1422 1119 1492 χρηματίσας,
1165 1421 1511 1494 δωρούμενος
1568 1424 1678 1489 ἀεὶ,
1733 1423 1828 1476 καὶ

237 1514 659 1585 δυσωπούμενος
703 1514 793 1567 διὰ
822 1514 916 1568 σοῦ
966 1514 1195 1584 ἱλασμὸν
1238 1517 1303 1585 τῇ
1334 1515 1651 1587 οἰκουμένῃ.
1694 1515 1830 1569 Χαί-

243 1625 378 1679 pou,
416 1607 628 1678 Μαρία,
659 1610 686 1661 ό
737 1607 926 1678 νοητὸς
960 1605 1055 1659 καὶ
1103 1605 1609 1677 ὑπεραγλαέστατος
1644 1607 1826 1677 παρά·-

238 1701 441 1765 δεισος,
493 1701 569 1764 ὡς
599 1702 661 1754 ἐκ
686 1698 1003 1770 Πνεύματος
1044 1699 1201 1767 ἁγίου
1233 1701 1708 1772 καρποφορήσασα
1736 1700 1828 1753 τὸν

240 1795 308 1850 ἐκ
334 1794 469 1849 Θεοῦ
504 1795 722 1867 Πατρὸς
751 1793 924 1865 φύντα
952 1793 1164 1865 καρπὸν
1208 1793 1307 1863 τῆς
1331 1792 1477 1864 ζωῆς
1508 1794 1600 1846 καὶ
1628 1792 1829 1847 ἀθανα-

246 1885 393 1947 σίας,
422 1884 656 1954 Χριστὸν
682 1883 775 1936 τὸν
805 1882 1134 1953 Θεὸνξὴμῶν.
1166 1873 1240 1934 Οῦ
1272 1881 1629 1952 μετασχόντες
1651 1883 1716 1952 τῇ
1747 1882 1829 1945 είς

240 1975 407 2030 αὐτὸν
434 1974 569 2047 ὀρθῇ
607 1974 788 2029 πίστει
820 1972 1293 2047 ἐζωοποιήθημεν,
1341 1971 1432 2025 τὸν
1498 1971 1577 2042 τῷ
1615 1970 1829 2041 σώματι

239 2066 506 2138 ἀφθάρτῳ
547 2064 996 2136 κατασκηνούντά
1050 2081 1110 2116 σε
1158 2065 1216 2116 ἐν
1268 2062 1583 2135 παραδείσῳ
1611 2063 1705 2117 καὶ
1742 2063 1832 2117 διὰ

240 2157 339 2211 σοῦ
366 2158 650 2223 ἀνοίξαντα
685 2158 816 2226 ἡμῖν
869 2155 966 2226 τὴν
1024 2155 1105 2218 είς
1140 2154 1303 2209 αὐτὸν
1337 2154 1565 2210 είσοδον.
1593 2154 1824 2224 Χαίροις

244 2249 504 2320 μερόπων
550 2247 807 2302 δέσποινα
845 2244 993 2316 (69),
1039 2244 1285 2313 παναγία
1321 2243 1570 2310 Θεοτόκε,
1603 2236 1663 2309 ἐξ
1701 2238 1768 2315 ἦς
1802 2243 1832 2295 6

240 2339 339 2396 τοῦ
386 2339 588 2402 παντὸς
626 2336 891 2409 ύπέρθεος
946 2335 1078 2399 Θεὸς
1124 2336 1218 2389 καὶ
1272 2336 1623 2405 ὕπεράγαθος
1672 2335 1829 2406 ἡμῶν

244 2431 545 2502 Δεσπότης,
577 2429 914 2502 κοινωνήσας
940 2428 1040 2499 τῆς
1066 2428 1176 2481 τῶν
1207 2427 1415 2500 βροτῶν
1439 2429 1596 2499 ἡμῶν
1616 2427 1831 2498 φύσεως

243 2522 389 2577 κατά
429 2522 607 2576 πάντα
655 2520 826 2594 χωρὶς
878 2519 1174 2590 ἁμαρτίας,
1220 2518 1491 2591 προῆλθεν
1520 2521 1579 2573 ἐν
1618 2519 1829 2589 κόσμῳ,

246 2612 596 2679 καταξιώσας
625 2612 720 2665 καὶ
741 2612 892 2683 ἡμᾶς
919 2630 937 2663 ι
967 2610 1258 2674 κοινωνοὺς
1278 2609 1531 2679 γενέσθαι
1554 2611 1654 2680 τῆς
1680 2608 1831 2673 θείας

246 2704 416 2758 αὐτοῦ
448 2704 685 2775 φύσεως,
717 2719 737 2755 ι
764 2703 791 2755 6
820 2700 1132 2774 χαριτῶσας
1168 2718 1228 2755 σε
1266 2696 1407 2755 εἶναι
1434 2701 1629 2772 νοητὴν
1660 2700 1827 2755 αὐτοῦ

244 2798 406 2853 πόλιν
432 2796 569 2869 (70),
605 2797 698 2850 καὶ
742 2791 1255 2866 προσκαλεσάμενός
1302 2806 1364 2845 σε
1413 2810 1432 2843 ι
1487 2790 1692 2862 Κύριος
1721 2790 1830 2845 τῶν

241 2888 533 2959 δυνάμεων
566 2890 623 2941 ἐν
650 2888 715 2958 τῇ
750 2885 907 2939 πόλει
946 2881 1131 2937 αὑτοῦ.
1164 2900 1183 2935 ι
1233 2881 1483 2953 Χαίροις,
1517 2881 1685 2953 λιμὴν
1716 2881 1826 2952 (71)

250 2978 567 3048 παγκόσμιε
601 2977 693 3030 καὶ
738 2971 1177 3045 ὐπερφαέστατε,
1230 2971 1264 3041 ἠ
1296 2969 1677 3040 ἀναδειχθεῖσα
1717 2968 1825 3023 ὑπὸ

246 3066 386 3121 Θεοῦ
440 3066 646 3138 ἀληθὴς
693 3064 973 3126 Θεοτόκος.
1019 3062 1109 3116 Ἐν
1162 3060 1272 3131 γὰρ
1295 3060 1373 3131 τῷ
1408 3060 1635 3128 πελάγει
1674 3058 1831 3112 τοῦδε

246 3157 346 3212 τοῦ
380 3156 495 3229 βίου
552 3152 923 3228 χειμαζομένη
962 3155 995 3223 ἡ
1036 3151 1389 3222 ἀνθρωπότης
1440 3150 1708 3203 σέσωσται
1759 3152 1817 3203 ἐν

1857 1850 1904 1909 Β

1929 604 2035 659 ctis
2054 618 2176 659 eam
2216 604 2666 674 ex5pectantibus
2696 604 2940 660 donavit.
2993 605 3128 671 Ave,
3173 606 3500 679 propitiato-

1934 695 2074 749 rium
2123 694 2511 750 divinissinum
2537 704 2593 751 et
2625 694 2681 750 in
2728 695 2840 751 Deo
2885 694 3193 762 fundatum,
3224 713 3324 768 per
3347 698 3499 769 quod

1931 786 2201 855 processit
2228 785 2548 857 propitiatio
2575 786 2769 841 mundi
2788 786 3053 853 universi,
3085 789 3325 844 salvator
3340 788 3503 845 (Ἀπί-

1932 887 2049 932 stus
2080 878 2247 933 Deus.
2272 878 2350 933 Ex
2376 885 2429 932 te
2449 877 2618 942 enim,
2638 877 2980 933 sanctissima
2998 879 3252 949 Deipara,
3276 880 3501 937 indutus

1930 987 1997 1026 ex
2031 969 2241 1040 Spiritu
2283 979 2474 1025 sancto
2516 969 2699 1025 carnis
2727 983 2839 1025 suae
2876 971 2998 1025 velo
3044 972 3312 1041 processit
3340 989 3360 1023 ι
3403 972 3501 1028 Sa-

1931 1061 2147 1123 cerdos,
2177 1069 2237 1115 ut
2260 1060 2525 1131 scriptum
2570 1069 2674 1126 est,
2723 1061 3031 1116 secundum
3084 1062 3335 1118 ordinem
3367 1063 3502 1121 Mel-

1931 1153 2187 1207 clrisedec
2218 1152 2295 1217 “;
2331 1170 2349 1203 ι
2385 1150 2480 1222 qui
2512 1151 2656 1222 apud
2688 1167 2748 1207 se
2790 1153 2983 1207 statuit
3026 1162 3081 1207 te
3111 1168 3415 1220 assumere,
3440 1163 3503 1211 ut

1932 1257 1962 1296 a
1986 1250 2040 1296 te
2071 1250 2335 1316 exoratus
2364 1257 2583 1312 semper
2606 1241 2727 1296 orbi
2753 1251 2912 1297 terrae
2938 1242 3142 1297 tribuat
3160 1244 3503 1314 prepitiatio-

1930 1348 2080 1387 nem.
2101 1331 2214 1387 Ave
2237 1332 2426 1395 Maria,
2454 1331 3156 1402 spiritualislucidissimus
3178 1332 3497 1404 paradisus:

1933 1424 2107 1479 tulisti
2132 1425 2279 1507 enim
2306 1441 2373 1479 ex
2398 1424 2609 1494 Spiritu
2634 1433 2824 1481 sancto
2844 1427 2969 1480 vita:
2985 1434 3041 1481 et
3072 1425 3503 1482 immortalitatis

1930 1516 2195 1580 fructum,
2248 1532 2315 1571 ex
2342 1517 2456 1571 Deo
2509 1515 2670 1570 Patre
2718 1517 2986 1587 genitum,
3013 1515 3293 1573 Christum
3326 1517 3500 1573 Deum

1931 1618 2219 1675 nostrum;
2266 1610 2427 1680 cujus
2459 1622 2559 1678 per
2589 1617 2793 1663 rectam
2834 1609 2890 1662 in
2919 1623 3044 1663 eum
3075 1609 3237 1665 ﬁdem
3280 1609 3504 1680 partici—

1933 1695 2329 1766 pes,viviﬁcati
2357 1713 2577 1763 sumus;
2611 1697 2705 1767 qui
2734 1697 2830 1751 tibi
2855 1698 2911 1751 in
2948 1698 3357 1769 incorruptibili
3382 1714 3505 1756 cor-

1932 1798 2065 1855 pore
2098 1785 2517 1840 tabernaculum
2572 1785 2629 1841 in
2663 1787 2922 1856 paradiso
2950 1788 3170 1853 locavit,
3215 1797 3270 1844 et
3318 1805 3419 1859 per
3447 1797 3505 1846 te

1937 1878 2100 1933 nobis
2132 1878 2264 1933 illuc
2298 1878 2519 1949 aperuit
2544 1880 2873 1951 ingressum.
2899 1879 3030 1944 Ave,
3064 1880 3377 1935 mortalium
3397 1880 3506 1937 Do-

1931 1970 2100 2034 mina,
2136 1971 2481 2026 sanctissima
2513 1971 2750 2042 Deipara
2771 2014 2785 2038 ,
2827 1987 2893 2027 ex
2918 1986 3045 2042 qua,
3071 1972 3166 2042 qui
3199 1988 3365 2044 super
3384 1988 3509 2029 om-

1931 2059 2022 2114 nia
2053 2069 2137 2115 est
2164 2061 2310 2117 Deus
2368 2071 2425 2116 et
2469 2062 2935 2120 clementiSsimus
2982 2063 3247 2119 Dominus
3293 2071 3503 2129 noster,

1933 2152 2217 2223 particeps
2247 2152 2440 2219 totius,
2476 2161 2706 2223 excepto
2740 2161 2992 2225 peccato,
3019 2155 3271 2210 mortalis
3291 2161 3507 2211 natura:

1934 2252 2159 2308 nostrae,
2185 2242 2458 2313 processit
2480 2242 2538 2297 in
2563 2243 2853 2308 mundum,
2885 2259 3098 2315 nosque
3128 2243 3324 2316 dignos
3352 2244 3506 2312 fecit,

1933 2335 2025 2404 qui
2062 2349 2308 2390 essemus
2361 2351 2381 2385 ι
2410 2334 2611 2390 divina:
2645 2337 2766 2407 ejus
2806 2344 3019 2392 naturae
3055 2346 3344 2393 consortes
3363 2338 3446 2404 ⁸⁸;
3480 2356 3500 2390 ι

1933 2424 2029 2494 qui
2057 2440 2120 2481 ea
2139 2431 2193 2480 te
2224 2425 2454 2481 donavit
2493 2427 2691 2498 gratia,
2722 2437 2784 2482 ut
2803 2443 2901 2483 sua
2934 2443 3084 2484 esses
3108 2429 3307 2484 civitas
3342 2428 3508 2485 intel-

1934 2515 2183 2588 ligibilis,
2212 2526 2378 2588 teque
2416 2519 2638 2573 vocavit
2678 2536 2698 2570 ι
2731 2518 2998 2574 Dominus
3021 2519 3290 2575 virtutum
3335 2518 3394 2575 in
3432 2521 3510 2576 ci-

1934 2608 2165 2663 vitatem
2191 2623 2343 2663 suam
2368 2610 2435 2665 “.
2474 2628 2493 2660 ι
2530 2610 2667 2675 Ave,
2693 2611 3045 2667 ornatissime
3072 2621 3130 2667 et
3167 2612 3509 2669 lucidissime

1935 2710 2147 2771 portus.
2175 2717 2296 2772 quae
2320 2714 2349 2756 a
2380 2704 2492 2758 Deo
2520 2703 2664 2758 facta
2702 2717 2764 2759 es
2795 2718 2926 2759 vera
2958 2704 3055 2758 Dei
3075 2704 3312 2774 genitrix
3344 2720 3359 2758 :
3387 2704 3509 2776 jac-

1935 2797 2109 2845 tatutn
2146 2791 2294 2846 enim
2338 2792 2393 2845 in
2421 2792 2587 2864 hujus
2618 2794 2746 2847 vitae
2778 2792 2974 2862 pelago
3000 2807 3176 2863 genus
3206 2793 3510 2849 humanum

1937 2882 1995 2937 in
2019 2891 2072 2939 te
2111 2894 2389 2939 servatum
2434 2894 2520 2939 est
2543 2924 2558 2950 ,
2598 2900 2663 2939 ac
2689 2865 2788 2955 per
2811 2891 2864 2940 te
2897 2884 3040 2939 dona
3085 2893 3142 2941 et
3169 2886 3512 2957 sempiterna

1936 2971 2081 3028 bona
2124 2981 2209 3029 est
2250 2973 2512 3045 adeptum
2543 2975 2611 3030 ab
2641 2989 2728 3039 eo,
2776 2975 2871 3045 qui
2900 2984 2953 3030 te
2987 2975 3045 3030 in
3088 2978 3347 3047 praesenti
3373 2987 3512 3033 tem-

1938 3077 2074 3134 pore
2122 3064 2349 3120 maximi
2391 3064 2545 3133 fecit,
2579 3074 2636 3121 et
2680 3064 2737 3121 in
2785 3065 3046 3123 saeculum
3077 3067 3265 3124 saeculi
3303 3068 3512 3140 gloritl—

1942 3155 2104 3209 cavit.

250 3250 358 3314 σοὶ,
387 3250 481 3302 καὶ
507 3247 594 3301 διὰ
618 3247 711 3299 σοῦ
762 3244 1132 3313 ἁντεκτήσατο
1171 3240 1487 3311 χαρίσματα
1514 3240 1609 3294 καὶ
1669 3238 1863 3293 αίὼνια
1890 3241 2072 3311 ἀγαθά
2101 3245 2206 3299 ὑπὸ
2248 3245 2342 3300 τοῦ
2392 3247 2773 3318 θαυμάσαντός
2804 3263 2863 3301 σε
2910 3249 2966 3302 ἐν
2991 3249 3070 3321 τῷ
3096 3249 3190 3304 νῦν
3212 3249 3389 3324 καιρῷ
3414 3253 3514 3308 καὶ

250 3340 719 3413 ὕπερδοξάσαντος
755 3352 814 3388 σε
848 3335 925 3396 είς
959 3332 1131 3386 αἰῶνα
1165 3330 1381 3393 αἰῶνος.

323 3371 1077 3500 ῗὲῗδῗίψξὶαόίυπρολεχθέντες
1104 3371 1421 3492 ἐσταλμέῦοι
1455 3419 1638 3474 θεόθεν
1682 3418 1833 3489 ’ἅγιοι
1856 3371 1902 3394 υ

248 3523 491 3593 ἄγγελοι,
520 3520 845 3581 ἐπιστάντες
885 3518 951 3586 τῇ
987 3514 1311 3584 Θεομήτορι,
1374 3511 1470 3566 ἀτε
1525 3510 1702 3583 νοεροὶ
1734 3512 1831 3566 καὶ⁸

249 3614 473 3684 ἀόρατοι
501 3613 651 3675 ὄντες
672 3652 688 3677 ,
726 3606 1048 3677 θεασάμενοι
1088 3603 1150 3658 τὸ
1180 3600 1534 3673 ύπερένδοξον
1562 3602 1660 3671 τῆς
1697 3619 1829 3655 συν-

247 3703 417 3774 ούσης
462 3702 601 3771 αὐτῇ
648 3698 797 3760 θείας
841 3695 1061 3765 χάριτος
1096 3692 1189 3746 καὶ
1220 3690 1525 3761 δυνάμεως,
1555 3688 1831 3754 ἐξίσταντο

249 3792 684 3862 ἐκπληττόμενοι
708 3790 788 3852 είς
824 3787 885 3841 τὸ
908 3784 1041 3856 περὶ
1061 3784 1234 3853 αὐτῆς
1269 3783 1413 3838 θεῖον
1443 3782 1827 3854 ἀκατάληπτον

254 3885 575 3957 μυστήριον.
610 3881 722 3934 Καὶ
750 3880 799 3934 οἱ
838 3878 936 3949 μὲν
973 3873 1119 3931 οῦτοι
1145 3874 1366 3947 ἔχαιρον
1413 3874 1507 3928 καὶ
1532 3874 1827 3945 ἠγάλλοντο

249 3974 581 4049 προσλαϐεῖν
606 3973 773 4042 αὐτὴν
802 3970 879 4034 ὡς
909 3969 1121 4040 μητέρα
1150 3967 1243 4020 τοῦ
1284 3966 1553 4019 Δεσπότου
1599 3966 1780 4019 αὐτῶν
1804 3980 1819 3996 ·

249 4070 302 4121 οἱ
333 4066 392 4120 δέ
424 4082 488 4134 γε
542 4063 825 4118 ἀπόστολοι
880 4058 1355 4130 ἀπορφανισθῆναι
1386 4057 1714 4127 σωματικῶς
1727 4057 1830 4127 τῆς

251 4156 597 4227 Θεομήτορος
631 4150 945 4217 ἐλυποῦντο,
981 4149 1080 4219 οὐχ
1101 4142 1265 4220 ἦττον
1293 4148 1388 4217 τῆς
1434 4149 1585 4219 ἱερᾶς
1613 4149 1827 4218 ἐκείνης

250 4248 464 4313 νυκτὸς,
497 4244 619 4298 καθ’
666 4245 733 4313 ἣν
769 4240 1286 4313 μυσταγωγούμενοι
1321 4240 1389 4293 τὰ
1430 4238 1674 4309 σύμϐολα
1727 4242 1828 4312 τῆς

251 4335 348 4389 τοῦ
383 4336 586 4399 παντὸς
610 4334 820 4405 κόσμου
850 4330 1149 4401 σωτηρίας,
1176 4329 1373 4399 ἢκουον
1406 4330 1558 4399 παρὰ
1584 4329 1679 4384 τοῦ
1706 4331 1819 4384 Σω-

252 4427 416 4498 τῆρος
467 4426 728 4500 Χριστοῦ,
761 4428 842 4480 ὅτι
902 4441 921 4475 ι
969 4422 1035 4474 Ἦ
1089 4420 1233 4491 λύπη
1278 4420 1640 4491 πεπλήρωκεν
1668 4420 1823 4492 ὑμῶν

2010 3417 2101 3474 XI.
2124 3417 2193 3472 Et
2212 3416 2457 3488 praedicti
2482 3415 2706 3487 quidem
2732 3417 2908 3475 sancti
2939 3418 3115 3490 angeli
3133 3434 3163 3474 a
3187 3419 3300 3475 Deo
3328 3419 3506 3487 missi,

1939 3509 2261 3564 assistentes
2288 3507 2387 3562 Dei
2413 3505 2701 3571 Genitrici,
2734 3514 2797 3562 ut
2821 3506 2917 3578 qui
2949 3516 3079 3562 sunt
3104 3507 3510 3565 intellectuales

1937 3606 1995 3654 et
2024 3600 2349 3663 invisibiles,
2372 3608 2433 3655 ut
2457 3600 2749 3654 maximam
2772 3599 3148 3671 perspicerent
3172 3600 3400 3673 gloriam
3424 3601 3509 3657 di-

1935 3689 2081 3744 vinae
2113 3689 2302 3759 gratia:
2324 3698 2381 3745 et
2416 3690 2660 3755 virtutis,
2686 3706 2808 3761 quae
2827 3700 3095 3746 eratcum
3123 3691 3235 3757 illa,
3263 3692 3508 3762 perculsi

1936 3788 2067 3834 sunt
2088 3792 2315 3851 stupore
2340 3780 2587 3837 etextasi
2612 3781 2679 3837 ad
2716 3781 2964 3837 divinum
2997 3789 3055 3837 et
3086 3782 3509 3853 incomprehen-

1934 3871 2094 3927 sibilc
2126 3872 2194 3928 de
2235 3887 2297 3929 ea
2332 3874 2680 3945 mysterium.
2713 3875 2895 3944 Atque
2928 3875 3007 3930 illi
3030 3874 3253 3945 quidem
3294 3874 3504 3947 gaude-

1934 3962 2069 4017 bant
2105 3973 2162 4019 et
2184 3964 2553 4031 exsultabant,
2588 3964 2734 4035 quod
2762 3964 2933 4035 ipsam
2961 3966 3273 4036 suscepturi
3317 3974 3505 4022 essent

1934 4056 2162 4111 Matrem
2191 4055 2410 4111 Domini
2437 4057 2544 4113 sui.
2574 4057 2822 4127 Apostoli
2856 4073 3008 4123 vero,
3034 4058 3182 4129 quod
3212 4059 3340 4123 illa,.
3353 4057 3503 4129 quod

1935 4146 2003 4202 ad
2049 4162 2249 4218 corpus
2301 4148 2518 4213 attinet,
2568 4148 2922 4216 orbarentur,
2958 4164 3068 4203 non
3122 4150 3307 4206 minus
3330 4165 3504 4221 ange-

1933 4239 2138 4294 bantur
2168 4237 2376 4303 animo,
2421 4253 2587 4308 quam
2617 4253 2772 4293 sacra
2806 4238 2899 4294 illa
2928 4248 3113 4305 nocte,
3139 4255 3264 4296 cum
3296 4240 3501 4297 initiati

1926 4329 2198 4401 symbolis
2226 4330 2420 4385 salutis
2448 4330 2693 4386 universi
2728 4332 2942 4399 mundi,
2976 4332 3277 4389 audierunt
3310 4349 3340 4389 a
3378 4332 3503 4390 Sal-

1929 4429 2118 4476 vatore
2140 4418 2385 4485 Christo,
2412 4439 2430 4472 ι
2463 4419 2712 4475 Tristitia
2736 4420 2987 4493 implevit
3005 4437 3102 4479 cor
3124 4431 3369 4480 vestrum
3393 4424 3493 4480 ’νδ

316 4608 361 4641 ⁸⁸
397 4606 539 4662 Psal.
564 4620 670 4669 cxx,
698 4605 766 4671 4;
800 4601 969 4657 Hebr.
1008 4615 1061 4667 v,
1089 4599 1143 4653 6.
1219 4599 1265 4630 ⁸⁸
1287 4597 1331 4653 li
1353 4598 1501 4653 Pctr.
1526 4616 1562 4664 ι,
1590 4598 1641 4652 6.
1718 4598 1764 4631 "
1793 4598 1935 4654 Psal.
1968 4615 2130 4663 xnvu,
2155 4599 2207 4654 9.
2283 4600 2329 4632 "
2354 4600 2512 4656 Joau.
2540 4608 2649 4663 XVI,
2677 4599 2730 4654 6.

331 4792 440 4863 (68)
480 4790 538 4847 S.
565 4789 819 4863 Ephraem
852 4782 1128 4863 itidcm_B.
1158 4780 1384 4863 Mariam
1414 4789 1548 4863 tom.
1575 4780 1664 4843 lli,
1690 4795 1811 4862 pag.

254 4851 380 4928 5‘23,
413 4851 573 4917 vocat
687 4857 956 4929 ἡμέτερον
1016 4854 1632 4932 ἱλαστήριονειηοδιναηιη
1647 4851 1823 4920 propi-

255 4921 546 4989 tiatorium.
606 4921 1026 4986 Satn-ctus'vero
1080 4921 1267 4994 Cyrill.
1317 4922 1544 4994 Alesan.
1592 4922 1819 4994 Encom.

256 5005 318 5089 ης
346 5003 419 5089 M,-.
444 5002 692 5089 υείνπεε
712 5014 831 5089 res
852 4996 950 5082 δὲί
977 4992 1823 5089 “Nam?fisfffpffal‘ﬁ'

256 5079 349 5148 ρία
378 5062 631 5136 Θεοτόκε,
664 5062 731 5123 δι⁷⁵
751 5062 820 5139 ff;
844 5068 993 5118 πᾶσα
1024 5066 1158 5133 πνοὴ
1211 5062 1823 5148 πιστεύουσασώζειται,

254 5130 435 5209 Salve,
462 5130 637 5198 Μανίά
664 5130 918 5207 υεὶῥανα,
950 5149 1041 5203 per
1062 5130 1222 5205 quam
1239 5134 1408 5186 omnis
1421 5131 1663 5185 salvatur
1686 5130 1819 5201 ﬁde-

254 5215 319 5269 lis
341 5215 575 5269 spiritus.

304 5232 848 5352 ’ἴὲὁςιὲιέεἰαηεεηυε
870 5274 1108 5352 __Cbrist.
1170 5272 1288 5352 Pal.
1320 5287 1376 5352 γ,
1401 5271 1523 5325 655.
1553 5270 1820 5352 Δέσποινα

256 5341 615 5421 παῆκόίρανε,
645 5349 841 5421 Μῆτει)Δ
868 5344 1154 5414 Κοιράνου,
1194 5342 1421 5395 Domina
1454 5356 1573 5411 quae
1622 5341 1818 5395 cunctis

255 5416 505 5488 imperas,
524 5416 868 5488 Imperat_o_ris
897 5423 1085 5469 mater.

352 5491 441 5558 70)
490 5480 1027 5558 Ρεεὰάο-Τιιίιυιηξιι.
1086 5482 1335 5558 sernl.'5._
1385 5496 1438 5550 ι).
1472 5482 1560 5558 27..
1584 5480 1819 5558 Ἀπελθε

255 5545 392 5631 πρός
424 5545 1009 5631 ίτὴνᾷῐμψυχονμπόλ-ιν,
1050 5554 1176 5631 περὶ
1204 5545 1275 5630 ἦς
1375 5545 1819 5631 προφήτηςλέλξ-

254 5622 766 5700 γένίΔεδοξασμένα
790 5623 1023 5700 ἐλαλήθη
1044 5639 1110 5676 πε
1120 5622 1300 5700 ρὶισοῦ,
1322 5622 1353 5689 ή
1379 5622 1532 5700 πόλις
1548 5623 1639 5675 τοῦ
1659 5622 1817 5700 Θεοῦ·

255 5691 396 5756 Vade
426 5699 495 5755 ad
526 5691 816 5753 animatum
838 5691 1121 5755 civitatem,
1148 5691 1210 5743 de
1242 5708 1346 5761 qua
1374 5691 1504 5761 dixit
1525 5693 1777 5761 propheta
1802 5706 1820 5746 :

252 5773 495 5828 Gloriosa
514 5769 810 5823 dicta'sunt
845 5765 908 5817 de
936 5773 1004 5828 te,
1032 5763 1213 5815 civitas
1245 5760 1357 5815 Dei.
1383 5761 1449 5815 Et
1480 5760 1535 5818 S.
1567 5760 1820 5833 Ephrmm

540 5859 812 5920 ΡΑϊιιυι..
855 5855 971 5917 Gn.
1015 5852 1329 5915 LXXXVI.

1931 4791 1969 4835 ι.
1996 4783 2087 4847 Ill,
2121 4799 2243 4853 pag.
2269 4783 2372 4840 529
2405 4801 2419 4838 :
2450 4782 2611 4848 Πόλις
2669 4782 2963 4854 τοῦ-Θεοῦ,
2995 4775 3232 4854 περὶᾼῆς
3273 4781 3497 4850 δεδοξαο

1933 4850 2483 4925 σμένίλέλάληνται
2530 4853 2661 4925 περὶ
2708 4852 2825 4906 σοῦ·
2880 4850 3082 4908 Civitas
3124 4850 3240 4917 Dei,
3269 4854 3332 4907 de
3393 4871 3498 4925 qua

1932 4921 2161 4992 gloriosa
2187 4923 2327 4992 dicta
2348 4921 2476 4978 sunt
2503 4923 2568 4977 de
2590 4921 2657 4976 te.

2008 4992 2090 5075 (3|
2106 4993 2203 5075 )_§.
2236 4990 2490 5075 Ephraem
2526 5006 2705 5075 Aserm.
2737 4991 2917 5075 Latin.
2946 5008 3069 5075 pag.
3093 4992 3373 5075 57§,_tom.
3403 4988 3497 5075 Ill,

1934 5061 1999 5116 G.
2035 5062 2096 5116 L.
2132 5064 2206 5117 Tu
2243 5061 2381 5117 enim
2421 5071 2597 5117 noster
2621 5078 2673 5115 es
2696 5073 2899 5133 portus,
2929 5061 3497 5133 oYirgointemerata.

1933 5142 1982 5185 et
2006 5150 2234 5202 praesens
2254 5135 2341 5201 pia
2364 5132 2710 5195 auxiliatrix;
2730 5142 2785 5186 et
2810 5132 2945 5186 infra
2977 5132 3050 5186 ib.
3080 5132 3186 5186 eo].
3205 5133 3261 5198 2,
3283 5134 3344 5187 Β.
3368 5134 3497 5199 Ave,

1921 5201 2099 5285 portus
2117 5203 2579 5285 ttonquiltissi-me,‘
2594 5214 2642 5255 et
2663 5201 3466 5285 αρυριίὺαὲρνοοείίξξιίαεαρεια
3481 5234 3497 5245 ο

1922 5270 2115 5337 torum,
2136 5270 2407 5343 liberatrix
2436 5270 2900 5343 desideratissima.
2921 5270 2988 5343 Et
3003 5288 3126 5343 pag.
3147 5270 3499 5341 533.Χαίροις

1919 5343 1948 5394 6
1968 5344 2018 5396 λι
2025 5345 2131 5411 μὴν
2151 5340 2259 5395 τῶν
2274 5343 2563 5404 πλεόντων,
2582 5343 2676 5396 καὶ
2696 5341 2893 5408 σκέπη,
2906 5340 3032 5411 Ave}
3052 5340 3231 5407 portus
3245 5340 3498 5411 navigan-

1921 5410 2053 5467 tium
2086 5410 2156 5466 iet
2212 5412 2480 5482 protectio.
2533 5412 2602 5467 El.
2650 5427 2773 5482 pag.
2824 5410 2947 5467 546.
2995 5410 3117 5465 Τῶν
3183 5410 3499 5482 ἀϐοηθήτων

1920 5482 2336 5553 χειμαζομένων
2368 5485 2431 5537 σὺ
2459 5483 2879 5563 λιμη-νααοξμεέε
2914 5482 3080 5563 ﬂuctu
3110 5483 3223 5563 sine
3252 5482 3365 5563 ulla
3402 5495 3500 5552 op:

1922 5551 1977 5607 tu
1999 5551 2060 5636 ξε
2096 5551 2275 5640 portas
2295 5571 2312 5618 ;
2345 5570 2467 5624 pag.
2501 5552 2601 5608 547
2643 5551 2706 5606 Ε.
2744 5554 2935 5677 Χαέρε,
2976 5551 3037 5604 τὸ
3060 5553 3237 5621 τεῖχος
3273 5551 3386 5634 τῶν
3410 5551 3501 5603 τι.

1922 5641 2086 5705 στων,
2132 5624 2320 5705 λιμηνῌ
2352 5622 2790 5705 κινόυνευόντων,
2863 5620 3000 5690 alue,
3029 5636 3211 5677 manu
3239 5616 3500 5691 ﬁdebant.

1920 5701 2107 5765 portus
2139 5694 2573 5766 periclitantium.

3069 5847 3181 5913 Ιθό
