4032 6544
546 432 688 496 3307

1525 430 1857 493 MODESTI
1894 424 2398 490 PATRIARCH/E
2437 425 2842 491 HIEROSOL.

3660 426 3801 491 3303

459 616 462 619 λ
543 542 752 600 Deinde
780 557 904 597 cum
936 541 1232 599 visibilitcr
1258 551 1312 599 et
1336 543 1695 601 invisibiliter
1713 545 1862 601 circa
1886 541 1983 598 Dei
2007 540 2107 598 Ge-

2215 538 2321 611 τὴν
2355 539 2601 609 καρδίαν.
2660 559 2679 593 ι
2716 537 2852 594 Εἶτα
2905 540 3407 611 περιχορευομένης
3438 539 3650 612 ὁρατῶς
3707 543 3800 595 καὶ

540 637 820 702 nitricem,
845 636 1153 706 omnigenis
1208 637 1440 693 canticis
1489 638 1844 703 celebratam,
1880 643 2114 704 uterque

540 726 766 793 chorus,
805 725 932 780 dato
950 724 1217 780 divinitus
1234 725 1301 780 de
1325 742 1391 781 ea
1418 726 1677 783 mandato
1703 727 2111 797 obtemperans,

541 813 858 878 assultaret,
915 813 1386 870 clementissimus
1433 814 1689 872 Christus
1720 817 1888 882 Deus,
1932 824 1994 870 ut
2034 814 2115 869 fe-

542 907 859 977 runt,juxta
882 906 1309 976 promissionem
1346 923 1500 963 suam
1529 924 1641 963 non
1675 917 1760 964 est
1782 906 2114 977 dedignatus

539 1014 661 1053 esse
700 1016 716 1049 ι
744 997 799 1052 in
825 997 1007 1053 medio
1035 1013 1230 1055 eorum
1259 997 1329 1065 ⁸⁸,
1368 1018 1385 1051 ι
1413 1007 1472 1054 et
1493 998 1653 1054 Matri
1679 1014 1792 1053 sua:
1813 1013 1873 1053 se
1899 998 1955 1051 in
1982 1012 2116 1052 con-

538 1098 790 1160 spectum
833 1089 965 1145 dare
1016 1105 1083 1146 eo
1112 1090 1299 1157 modo,
1325 1090 1419 1161 qui
1446 1090 1524 1145 illi
1570 1091 1665 1145 uni
1700 1089 1957 1163 cognitus
2006 1096 2111 1145 est.

537 1185 705 1240 Beata
732 1194 918 1240 autem
947 1184 1138 1247 Maria,
1176 1193 1426 1238 materno
1458 1199 1674 1255 semper
1700 1192 1861 1254 capta
1893 1183 2115 1239 divino-

538 1292 647 1349 que
675 1275 975 1341 desiderio,
999 1276 1055 1330 in
1084 1276 1236 1329 illum
1269 1275 1597 1345 respiciens,
1619 1291 1650 1330 e
1677 1285 1866 1332 sancto
1891 1291 2113 1348 egressa

539 1376 627 1422 est
650 1381 902 1436 corpore,
928 1375 985 1421 et
1017 1365 1395 1420 beatissimam
1418 1366 1932 1436 sanctissimamque
1956 1383 2114 1424 suam

539 1460 781 1514 animam
821 1476 839 1510 ι
885 1457 943 1512 in
977 1458 1097 1527 ejus
1129 1472 1325 1512 manus
1347 1458 1840 1513 commendavit".
1877 1468 1905 1511 ι·

606 1548 749 1604 XIII.
771 1548 953 1618 Papae,
977 1546 1301 1612 obdormiit,
1323 1547 1648 1615 obdormiit,
1674 1548 1979 1605 obdormiit
2000 1550 2113 1617 illa,

537 1657 661 1711 qua:
683 1641 855 1696 vitam
884 1650 940 1694 et
978 1638 1440 1694 resurrectionem
1476 1640 1669 1710 genuit
1702 1640 1924 1707 mundi;
1957 1642 2115 1713 cujus

537 1734 711 1805 gratia
730 1732 912 1786 omnis
943 1732 1337 1787 intellectualis
1366 1741 1423 1787 et
1453 1732 1738 1787 rationalis
1758 1742 1957 1788 natura
1985 1749 2114 1805 par-

538 1826 713 1896 ticeps
758 1835 844 1880 est
896 1824 1047 1879 illius
1079 1824 1204 1879 vita:
1236 1832 1495 1891 aeternae;
1530 1825 1825 1880 Dominum
1875 1826 2112 1893 scilicet,

536 1918 632 1988 qui
657 1916 938 1972 infernum
984 1916 1337 1986 despoliavit,
1392 1926 1626 1971 mortem
1658 1924 1717 1972 et
1762 1935 1782 1970 ‹
1831 1918 2111 1973 diabolum

537 2006 814 2064 destruxit
844 2008 910 2072 ⁸ο,
944 2025 963 2059 ι
1001 2015 1058 2061 et
1085 2025 1102 2058 ι
1135 2007 1191 2061 in
1211 2007 1369 2078 jussu
1395 2008 1438 2039 ⁶¹
1474 2027 1493 2061 ι
1523 2008 1818 2065 suscitabit
1838 2017 2113 2081 quotquot

536 2114 785 2170 unquam
836 2098 1048 2153 mortui
1096 2098 1331 2161 fuerint,
1365 2108 1423 2155 et
1470 2100 1526 2155 in
1558 2101 1682 2172 ipso
1737 2102 2110 2170 dormierint;

534 2188 743 2258 quique
778 2186 915 2242 dicit
965 2186 1023 2239 in
1068 2185 1393 2258 Evangelio,
1425 2205 1443 2237 ι
1477 2188 1590 2259 Ego
1624 2205 1748 2244 sum
1774 2191 2113 2245 resurrectio

534 2287 594 2336 et
632 2281 745 2334 vita
771 2280 837 2333 θ’.
871 2297 891 2331 ι
929 2278 1087 2332 Illum
1159 2287 1349 2334 autem
1392 2290 1589 2335 secuta
1630 2289 1716 2336 est
1759 2281 2112 2337 sanctissima

534 2374 658 2444 ejus
692 2371 890 2433 Mater,
920 2370 1080 2441 quasi
1129 2372 1460 2441 prophetice
1490 2372 1683 2429 dicens
1722 2390 1737 2428 :
1781 2392 1799 2425 ι
1848 2373 1969 2428 Non
1995 2382 2114 2428 tur-

534 2464 726 2519 batum
748 2475 835 2519 est
858 2479 956 2517 cor
981 2478 1164 2517 meum
1202 2472 1257 2518 te
1290 2478 1554 2533 sequens,
1588 2473 1644 2519 et
1688 2465 1837 2520 diem
1868 2464 2113 2520 hominis

533 2570 648 2610 non
684 2552 1109 2609 desideravit”.
1152 2572 1172 2605 ι
1207 2551 1384 2608 Hodie
1439 2553 1531 2607 illa
1573 2553 1949 2623 obdormivit,
1984 2569 2112 2625 quae

533 2643 593 2697 in
627 2641 746 2696 suis
779 2640 929 2695 ulnis
963 2655 1091 2695 eum
1128 2640 1460 2710 consopivit,
1505 2641 1601 2711 qui
1648 2651 1735 2697 est
1788 2642 2111 2713 jucunditas

534 2734 838 2791 Cherubim
867 2743 1033 2803 atque
1059 2732 1754 2805 Seraphim,omniumque
1792 2735 2110 2792 cmlestium

537 2826 909 2891 Potestatum,
943 2840 1009 2881 ac
1037 2825 1365 2881 earumdem
1422 2828 1644 2896 requies
1685 2835 1741 2882 et
1787 2829 2009 2896 mundi;
2050 2831 2109 2885 in

534 2934 668 2988 quo,
703 2924 894 2986 utpote
948 2914 1410 2971 consubstantiali
1445 2916 1588 2971 Filio
1643 2916 1764 2980 Dei,
1800 2918 2107 2986 requiescit

534 3008 704 3063 etiam
736 3006 983 3076 Spiritus
1033 3016 1261 3061 sanctus
1307 3006 1562 3061 viviﬁcus
1614 3022 1647 3062 a
1698 3007 1862 3063 Patre
1903 3024 2109 3078 proce-

534 3084 707 3164 densi
736 3098 832 3169 qui
873 3098 1115 3169 denique
1164 3106 1251 3153 est
1302 3114 1436 3154 vera
1468 3100 1712 3168 requies,
1749 3100 1881 3154 etin
1929 3099 2108 3155 Evan-

534 3193 695 3265 geliis
723 3192 899 3248 dicit:
933 3213 950 3244 ί
988 3191 1186 3248 Venite
1222 3191 1291 3247 ad
1323 3208 1432 3259 me,
1467 3207 1663 3248 omnes
1688 3192 1784 3264 qui
1835 3193 2106 3272 laboratis

534 3292 592 3342 et
625 3284 841 3339 onerati
861 3284 1016 3349 estis,
1036 3291 1092 3338 et
1110 3298 1210 3354 ego
1244 3283 1484 3338 reﬁciam
1518 3300 1617 3338 vos
1635 3284 1701 3339 “.
1731 3303 1749 3336 ›
1788 3285 1856 3339 Ει
1884 3293 2104 3340 sanctos

532 3375 763 3447 quidem
790 3375 988 3429 oculos
1013 3372 1238 3437 clausit,
1270 3388 1395 3443 qua:
1419 3373 1686 3444 fulgendo
1711 3375 1957 3429 omnium
1988 3376 2106 3431 edi-

533 3466 619 3523 dit
637 3466 950 3529 luminare;
983 3480 1105 3534 qua:
1132 3466 1286 3519 velut
1311 3480 1550 3520 aureum
1572 3465 1967 3521 candelabrum
1985 3468 2105 3524 sine

531 3565 792 3615 contactu
823 3557 981 3625 illum
1018 3557 1075 3611 in
1109 3556 1317 3611 mundo
1342 3566 1604 3627 tanquam
1642 3557 1820 3614 facem
1846 3560 2103 3630 gestavit,

531 3649 628 3719 qui
658 3646 958 3702 luminaria
989 3645 1262 3713 condidit,
1303 3665 1321 3699 ι
1352 3646 1447 3717 qui
1474 3647 1745 3717 plantavit
1770 3664 1983 3716 aurem,
2008 3648 2104 3719 qui

531 3738 693 3794 ﬁnxit
740 3739 937 3794 oculos
983 3738 1049 3804 ⁸⁸,
1087 3756 1107 3790 ι
1142 3738 1237 3808 qui
1267 3738 1487 3792 vocavit
1511 3753 1706 3793 omnes
1736 3754 1807 3795 ex
1846 3739 2107 3795 omnibus

532 3837 700 3885 terrae
741 3827 949 3882 ﬁnibus
990 3826 1048 3881 in
1076 3826 1406 3882 admirabile
1435 3827 1627 3883 lumen
1670 3843 1856 3883 suum.
1899 3828 2104 3883 Verum

530 3920 996 3993 gloriosissimum
1026 3919 1148 3990 ejus
1178 3934 1403 3989 corpus,
1432 3935 1547 3989 quo
1575 3930 1841 3990 concepta
1859 3929 1947 3974 est
1970 3920 2103 3985 vita,

530 4031 599 4072 ex
620 4031 731 4085 quo
759 4015 815 4069 in
842 4009 1086 4069 'mortali
1139 4020 1196 4067 et
1234 4012 1591 4084 corruptibili
1632 4013 1875 4068 humana
1913 4023 2105 4068 nostra

532 4117 736 4163 natura
789 4106 1001 4177 prodiit
1053 4104 1301 4177 ingenita
1336 4105 1724 4161 immortalitas
1766 4122 1835 4161 ex
1892 4104 2103 4175 Spiritu

530 4205 744 4263 sancto,
777 4204 834 4250 et
874 4194 1432 4265 ineorruptihilitasa
1456 4195 1629 4251 sacris
1661 4196 1920 4251 manibus
1947 4211 2105 4251 exse-

529 4289 687 4360 quias
710 4288 1209 4358 postulat,corpus,
1232 4288 1628 4357 inquam,ejus,
1650 4302 1773 4356 qua:
1804 4288 2104 4342 Dominum

535 4397 555 4430 ι
596 4380 805 4434 lumine
838 4378 1107 4433 amictum
1147 4378 1304 4432 velut
1328 4377 1659 4432 vestimento
1682 4377 1748 4440 “,
1790 4395 1810 4429 ι
1864 4392 1894 4432 e
1919 4392 1977 4432 se
2002 4391 2103 4431 na-

530 4480 669 4535 tum,
702 4469 772 4524 ab
792 4477 953 4523 aetate
979 4469 1036 4522 in
1064 4475 1308 4534 aetatem,
1344 4466 1493 4537 quod
1527 4467 1596 4522 ad
1625 4481 1849 4522 carnem
1877 4467 2099 4530 attinet,

527 4561 783 4615 vestibus
808 4559 1013 4614 induit.

595 4652 737 4709 XIII.
773 4653 915 4707 Tum
958 4666 1091 4704 vero
1118 4648 1174 4704 in
1203 4664 1365 4704 sacro
1393 4649 1599 4704 lectulo
1628 4654 1836 4705 elatum
1866 4658 1952 4704 est
1973 4664 2101 4704 san-

528 4751 679 4799 ctum
718 4745 817 4801 Dei
841 4742 1143 4801 Genitricis
1167 4757 1372 4812 corpus
1391 4782 1406 4809 ,
1430 4758 1496 4797 ex
1518 4757 1630 4813 quo
1650 4740 1993 4812 compositus
2013 4750 2101 4797 est

601 4951 650 4984 ³⁸
680 4949 869 5004 Matth.
898 4964 1045 5009 xvm,
1077 4947 1169 5002 20.
1244 4946 1291 4979 ⁵⁹
1322 4948 1466 5005 Psal.
1490 4966 1615 5015 xxx,
1640 4948 1693 5005 6.
1768 4948 1813 4981 '°
1834 4947 2003 5007 Hebr.
2026 4967 2086 5012 II,

2290 4951 2333 4983 ⁶¹
2367 4950 2412 5005 II
2442 4949 2637 5006 Thess.
2682 4966 2755 5012 ιγ,
2781 4950 2871 5005 16.
2945 4948 2993 4981 ⁸³
3020 4948 3184 5007 Joan.
3215 4967 3289 5015 xl,
3313 4948 3407 5007 24.

525 5036 657 5082 xvn,
684 5020 770 5076 16.
850 5018 893 5050 ⁸⁸
923 5019 1118 5074 Matth.
1148 5035 1225 5087 χι,
1255 5017 1347 5074 28.
1425 5022 1469 5053 ⁸⁸
1492 5021 1639 5077 Psal.
1666 5035 1811 5087 xcm,
1839 5021 1896 5077 9.
1970 5021 2016 5053 “
2038 5022 2107 5077 Ps

2217 5037 2330 5085 cm,
2361 5020 2418 5074 2.

734 5198 1242 5274 ζομοουσῇυ-Υέίοῦ.
1273 5201 1417 5273 Lege
1450 5202 1718 5274 όμοουσίῳ
1745 5200 1882 5274 Υίῷ.

619 5263 707 5354 75)
733 5263 1257 5354 Ιξεὸψιοοβρίρίιοῐε.
1286 5263 1408 5354 ηεξ.
1431 5263 1538 5330 296
1566 5274 1630 5354 Α..
1657 5263 1726 5354 τί)
1752 5263 1946 5354 λυχνία
1967 5290 2103 5343 παρ-

523 5340 732 5412 θενικὴ,
762 5341 794 5411 ἡ
818 5341 877 5412 τὸ
899 5342 1088 5412 σκότος
1112 5340 1509 5408 ἀπελαύνόυσα,
1536 5343 1632 5396 καὶ
1662 5342 1723 5395 τὸ
1758 5340 1873 5409 φῶζ
1899 5340 2101 5396 καταυ-

522 5407 793 5483 γάξουσαζ
819 5407 891 5464 Ὠ
919 5410 1115 5482 λυχνία
1148 5413 1475 5483 παρθενικὴ,
1496 5407 1558 5466 κ.
1594 5413 1726 5483 τελ.
1765 5407 1809 5467 Ο
1841 5414 2097 5467 candela-

522 5482 674 5553 brum
731 5482 1207 5553 virgineumquod
1236 5482 1481 5553 dispulit
1538 5482 1799 5545 tenebras,
1829 5490 1883 5553 et
1929 5482 2095 5537 lucem

519 5551 827 5624 illustrauit.
852 5551 895 5624 Ο
916 5551 1293 5607 candelabrum
1318 5551 1629 5624 virgineum,
1645 5563 1754 5609 etc.
1776 5553 1834 5609 S.
1857 5551 2094 5622 Cyrillus

520 5622 815 5696 alexandr.
869 5622 975 5696 loc.
1019 5622 1414 5696 _cit._Xa_£po:c,-,
1473 5623 1682 5696 Μαρία,
1739 5626 2089 5696 ηνλαμπάςή

518 5692 801 5764 ἄσβεστος,
819 5691 986 5764 salue,
1011 5692 1210 5764 Maria,
1243 5691 1447 5763 lampas
1468 5691 1930 5764 inescatinguibilis.

593 5762 705 5833 (74)
731 5762 878 5833 Idem
907 5762 1428 5833 Pseudo-Epiphan.
1458 5764 1563 5818 loc.
1601 5762 1713 5818 cit.'
1745 5764 1811 5817 Ἠ
1860 5764 1953 5817 τὸν
1982 5781 2095 5833 φω-

520 5832 697 5884 τεινὸν
756 5832 947 5901 λύχνον
1003 5832 1095 5887 τὸν
1132 5832 1483 5903 ὲκλάμποντα
1516 5835 1574 5886 ὲν
1604 5834 1821 5906 οὐρανῷ
1864 5835 1959 5888 καὶ
1998 5832 2093 5888 ἐπὶ

2215 628 2460 701 ἀοράτως
2500 630 2596 699 τῆς
2626 629 2975 701 πανυμνήτου
3006 630 3266 684 Θεοτόκου
3299 631 3403 684 ὑπὸ
3435 631 3667 701 θατέρου
3711 648 3802 702 χο-

2216 719 2333 791 ροῦ,
2366 720 2737 792 ἐνδεχομένων
2776 720 2838 774 τὸ
2867 722 2997 793 περὶ
3024 721 3195 790 αὐτῆς
3235 721 3417 775 θεόθεν
3446 725 3798 793 πρόσταγμα,

2213 812 2287 875 ὼς
2315 812 2491 881 λόγος,
2551 815 2673 867 κατ’
2708 812 3048 883 ἐπαγγελίαν
3100 812 3287 873 αὑτοῦ.
3316 814 3417 867 οὑκ
3456 814 3798 884 ἀπηξίωσεν,

2219 919 2238 953 ι
2273 903 2328 954 ἐν
2366 901 2515 972 μέσῳ
2570 898 2730 967 εἶναι,
2792 921 2810 952 ›
2858 901 2953 955 καὶ
2987 901 3217 973 ὀφθῆναι
3248 904 3312 972 τῇ
3345 901 3531 974 Μητρὶ⁵
3578 900 3743 954 αὐτοῦ
3775 902 3801 954 ό

2214 993 2558 1064 ὑπεράγαθος
2589 993 2824 1064 Χριστὸς
2856 994 2885 1045 ό
2912 993 3068 1057 Θεὸς,
3122 993 3197 1057 ὡς
3239 993 3388 1064 αὐτῷ
3449 992 3597 1064 μόνῳ
3625 992 3797 1059 ἔγνω·

2216 1101 2335 1138 σται
2358 1101 2371 1115 ο
2401 1085 2434 1155 ἡ
2464 1084 2521 1138 δὲ
2552 1084 2800 1157 μακαρία
2842 1084 3177 1155 συνεχομένη
3202 1085 3289 1138 ἀεὶ
3329 1084 3409 1155 τῷ
3446 1082 3798 1154 Θεομητρικῷ

2214 1174 2343 1246 θείῳ
2363 1176 2513 1247 πόθῳ
2536 1178 2670 1248 πρὸς
2700 1176 2862 1231 αὑτὸν
2897 1177 3207 1249 θεασαμένη
3236 1176 3383 1249 ἐξῄει
3407 1176 3503 1230 τοῦ
3543 1176 3799 1247 σώματος

2215 1266 2393 1335 ἁγίου,
2441 1288 2459 1320 ι
2488 1270 2567 1331 είς
2602 1271 2789 1339 χεῖρας
2812 1267 2977 1321 αὑτοῦ
3000 1267 3354 1339 παραθεμένη
3390 1286 3409 1319 ι
3440 1267 3540 1339 τὴν
3562 1283 3798 1337 παμμα-

2214 1359 2473 1432 κάριστον
2497 1361 2666 1433 αὐτῆς
2692 1359 2788 1414 καὶ
2824 1359 3096 1428 παναγίαν
3113 1358 3314 1431 ψυχήν.

2288 1534 2387 1589 IB'.
2435 1534 2611 1590 Βαϐαί
2637 1536 2652 1591 ί
2687 1535 3033 1608 κεκοίμηται,
3084 1538 3434 1609 κεκοίμηται,
3466 1537 3801 1606 κεκοίμηται

2216 1627 2249 1698 ἡ
2277 1626 2377 1699 τὴν
2416 1627 2562 1701 ζωὴν
2600 1631 2695 1684 καὶ
2725 1631 3020 1684 ἀνάστασιν
3065 1630 3159 1685 τοῦ
3209 1630 3416 1702 κόσμου
3444 1632 3797 1701 γεννήσασα’

2214 1715 2281 1792 ἦς
2314 1724 2382 1794 τῇ
2418 1723 2600 1795 χάριτι
2634 1724 2852 1795 μετέχει
2889 1726 3038 1778 πᾶσα
3065 1723 3230 1795 νοερά
3273 1724 3368 1777 καὶ
3410 1723 3609 1795 λογικὴ
3638 1722 3801 1791 φύσις

2217 1812 2364 1885 ζωὴν
2395 1816 2495 1887 τὴν
2540 1814 2780 1882 αἰώνιον,
2805 1814 2895 1870 τὸν
2922 1816 3293 1871 σκυλεύσαντα
3327 1815 3461 1888 ᾅδην
3495 1816 3593 1869 καὶ
3632 1814 3802 1868 θάνα-

2149 1887 2188 1942 B
2217 1926 2329 1974 τον,
2363 1909 2457 1962 καὶ
2509 1928 2528 1962 ι
2559 1909 2803 1963 διάϐολον
2837 1909 3281 1981 καταργήσαντα,
3319 1887 3346 1960 ιν
3385 1907 3481 1961 καὶ
3536 1905 3802 1977 μέλλοντα

2225 2018 2245 2052 ‹
2264 2000 2595 2072 κελεύσματι
2627 2021 2645 2053 ι
2675 2002 2896 2074 ἀνιστᾷν
2926 2002 3051 2065 τοὺς
3070 2001 3164 2056 ἀπ’
3187 2000 3379 2064 αἰῶνος
3402 1998 3687 2063 θανόντας,
3707 1997 3802 2050 καὶ

2219 2094 2277 2147 ὲν
2307 2094 2459 2163 αύτῷ
2512 2094 2897 2163 κοιμηθέντας,
2961 2094 3053 2147 τὸν
3103 2092 3383 2162 πεφυκότα
3444 2092 3540 2145 καλ⁹
3577 2091 3803 2145 εἰπόντα

2217 2182 2423 2256 Κύριον
2446 2201 2460 2215 ·
2483 2202 2503 2235 ι
2526 2183 2667 2254 Ἐγώ
2687 2186 2801 2256 εἰμι
2836 2185 2869 2256 ἡ
2905 2184 3198 2247 ἀνάστασις
3217 2184 3311 2237 καὶ
3336 2184 3370 2254 ἠ
3408 2184 3521 2254 ζωή
3546 2200 3560 2213 ο
3597 2202 3618 2235 ι
3671 2183 3802 2235 ἐπο-

2221 2277 2358 2348 μένη
2387 2276 2535 2348 αὐτῷ
2563 2276 2639 2340 ὡς
2667 2278 2849 2348 μήτηρ
2882 2275 3048 2331 αὑτοῦ
3088 2277 3181 2329 καὶ
3215 2275 3479 2345 παναγία,
3528 2276 3627 2329 καὶ
3649 2276 3802 2345 ίπρὸς

2218 2365 2379 2419 αὑτὸν
2404 2366 2755 2439 ύποςρητικῶς
2785 2367 2952 2420 οἱονεὶ
2987 2367 3271 2435 φάσκουσα
3289 2382 3304 2397 ⁸
3345 2385 3363 2416 ι
3425 2365 3540 2419 Ούκ
3569 2366 3801 2418 ἐκοπία-

2221 2475 2311 2512 σεν
2347 2459 2381 2525 ἠ
2415 2458 2612 2529 καρδία
2666 2476 2789 2529 μου,
2827 2457 3301 2512 κατακολουθοῦσα
3334 2458 3511 2511 ὀπίσω
3542 2475 3664 2523 σου,
3706 2460 3800 2511 καὶ

2217 2549 2430 2621 ἡμέραν
2459 2550 2745 2621 ἀνθρώπου
2780 2551 2881 2604 οὐκ
2909 2550 3245 2621 ἐπεθύμησε.
3288 2567 3307 2602 ι
3337 2551 3585 2623 Σήμερον
3617 2554 3799 2605 taxo!-

2219 2658 2389 2713 μηται
2424 2643 2458 2714 ἡ
2497 2643 2859 2697 ἀναπαύσασα
2916 2643 2974 2697 ἐν
3021 2644 3140 2707 ταῖς
3184 2642 3450 2711 ἀγκάλαις
3490 2643 3668 2713 αὐτῆς
3700 2646 3797 2716 τὴν

2215 2724 2555 2805 τερπνότηταξ
2591 2734 2698 2787 τῶν
2731 2734 3013 2806 Χερουϐὶμ
3052 2734 3146 2788 καὶ
3199 2735 3447 2806 Σεραφὶμ
3474 2738 3571 2788 καὶ
3603 2737 3798 2790 πασῶν

2214 2825 2482 2898 οὐρανίων
2520 2825 2822 2898 δυνάμεων,
2875 2827 2975 2898 τὴν
3003 2826 3311 2881 ἀνάπαυσιν
3352 2827 3536 2881 αὐτῶν
3578 2828 3677 2881 καὶ
3701 2828 3794 2880 τοῦ

2217 2916 2441 2982 παντὸς,
2469 2918 2525 2971 ἐν
2556 2910 2600 2986 ᾧ
2630 2917 2705 2980 ὡς
2746 2916 3032 2989 όμοουσίου
3075 2917 3189 2989 (72)
3221 2917 3351 2970 Υίοῦ
3380 2918 3472 2971 τοῦ
3503 2918 3668 2986 Θεοῦ,
3703 2920 3797 2972 καὶ

2214 3009 2276 3062 τὸ
2304 3011 2369 3063 ἐκ
2393 3008 2485 3062 τοῦ
2520 3008 2735 3079 Πατρὸς
2779 3008 3215 3079 ἐκπορευόμενον
3244 3010 3472 3080 Πνεῦμα
3518 3011 3679 3079 ἅγιον
3702 3013 3799 3064 καὶ

2215 3095 2478 3162 ζωοποιὸν
2506 3098 2943 3164 ἐπαναπαύεται,
2976 3098 3067 3153 τὸν
3100 3099 3265 3162 δντως
3291 3101 3420 3153 ὄντα
3458 3102 3796 3168 ἀνάπαυσιν,

2216 3190 2308 3242 καὶ
2328 3190 2555 3258 λέγοντα
2581 3194 2638 3245 ἐν
2668 3190 3020 3260 Εὑαγγελίοις
3040 3208 3054 3222 ο
3086 3210 3103 3242 ι
3121 3190 3286 3246 Δεῦτε
3316 3194 3449 3263 πρός
3477 3210 3569 3263 με,
3591 3195 3800 3258 πάντες

2205 3283 2255 3334 οί
2297 3282 2592 3347 κοπιῶντες
2641 3285 2736 3337 καὶ
2788 3287 3226 3357 πεφορτισμένοι,
3284 3285 3438 3355 κάγὼ
3490 3286 3797 3341 ἀναπαύσω

2207 3375 2374 3444 ὑμᾶς.
2410 3393 2430 3428 ι
2463 3376 2572 3430 Καὶ
2600 3376 2827 3447 ὄμματα
2874 3377 3006 3447 ἅγια
3031 3376 3279 3449 καμμύει
3312 3380 3345 3449 ἡ
3374 3379 3468 3432 τὸν
3520 3381 3795 3449 φωστῆρα

2206 3465 2313 3519 τῶν
2344 3466 2599 3520 ἁπάντων
2659 3466 3005 3538 ἐκλάμψασα,
3059 3469 3094 3539 ἡ
3122 3468 3198 3533 ὡς
3226 3468 3415 3538 λυχνία
3449 3471 3564 3539 (75)
3613 3474 3791 3541 χρυσῆ

2204 3560 2484 3629 ἀνέπαφος
2527 3559 2905 3631 δᾳδουχήσασα
2943 3560 3086 3631 (74)
3139 3562 3303 3616 αὑτὸν
3358 3564 3417 3616 ἐν
3463 3563 3660 3633 κόσμῳ
3706 3562 3796 3621 τόν

2209 3649 2438 3720 ποιητὴν
2467 3648 2574 3702 τῶν
2615 3648 2939 3721 φωστήρων,
2977 3668 2997 3703 ‹
3032 3651 3124 3713 καὶ
3162 3652 3499 3720 φυτεύσαντα
3545 3648 3663 3717 οὖς,
3702 3654 3792 3707 καὶ

2207 3740 2489 3795 πλάσαντα
2535 3740 2833 3812 ὀφθαλμὸν,
2874 3761 2894 3795 ι
2950 3742 3393 3814 προκαλούμενον
3453 3744 3519 3797 ἐκ
3570 3747 3791 3799 πάντων

2206 3830 2313 3884 τῶν
2340 3830 2593 3901 περάτων
2614 3830 2715 3901 τῆς
2746 3831 2851 3901 γῆς
2890 3832 2971 3896 είς
2996 3832 3061 3886 τὸ
3087 3833 3400 3904 θαυμαστὸν
3438 3835 3606 3888 αὑτοῦ
3644 3838 3782 3904 φῶς.

2206 3920 2317 3973 Καὶ
2352 3918 2524 3972 δεῖται
2584 3919 2801 3991 κηδείας
2835 3921 2939 3975 ὑπὸ
2973 3923 3282 3995 ίερωτάτων
3332 3923 3531 3995 χειρῶν
3566 3924 3626 3978 τὸ
3650 3943 3786 3979 παν·

2206 4008 2412 4074 ένδοξον
2451 4010 2544 4063 καὶ
2591 4006 2850 4081 ζωοδόχον
2888 4011 3048 4082 σῶμα
3095 4014 3288 4084 αὐτῆς,
3314 4013 3375 4067 τὸ
3403 4014 3664 4085 πηγάσαν
3691 4016 3786 4086 τὴν

2204 4102 2443 4174 ἔμφυτον
2471 4103 2771 4157 ἀθανασίαν
2828 4107 2922 4158 καὶ
2949 4104 3259 4177 ἀφθαρσίαν
3291 4108 3349 4160 ἐν
3377 4109 3443 4178 τῇ
3477 4106 3650 4179 θνητῇ
3694 4108 3785 4161 καὶ

2206 4194 2419 4267 φθαρτῇ
2443 4195 2598 4265 ἡμῶν
2616 4194 2777 4264 φύσει
2804 4197 2914 4250 τῶν
2936 4195 3147 4268 βροτῶν
3167 4200 3232 4251 ὲκ
3256 4198 3575 4268 Πνεύματος
3602 4198 3780 4267 ἁγίου,

2204 4289 2302 4359 τῆς
2354 4287 2651 4358 ἐνδυσάσης
2698 4287 2787 4342 τὸν
2842 4308 2861 4341 ι
2893 4289 3329 4361 ἀναϐαλλόμενον
3373 4292 3489 4359 φῶς
3519 4290 3596 4354 ὡς
3652 4292 3784 4360 ίμά-

2202 4398 2316 4435 τιον
2348 4398 2368 4433 ι
2409 4380 2521 4451 (75)
2555 4379 2782 4451 Κύριον,
2806 4380 2876 4434 τά
2909 4381 3054 4436 κατά
3106 4385 3286 4454 σάρκα
3312 4383 3421 4438 τῶν
3451 4384 3784 4455 μεθηλικιὼ-

2204 4488 2342 4524 σεων
2375 4470 2539 4525 αὑτοῦ
2573 4471 2785 4541 ἱμάτια,
2812 4471 3076 4543 τεχθέντα
3106 4472 3167 4538 ἐξ
3182 4472 3369 4545 αὐτῆς.

2276 4649 2375 4703 II".
2406 4649 2481 4703 Οὐ
2529 4648 2634 4720 μὴν
2688 4648 2825 4703 ἀλλά
2872 4649 2970 4702 καὶ
3017 4649 3315 4721 ἀνεφέρετο
3360 4650 3454 4704 ἐπὶ
3506 4652 3782 4723 ίεροφόρῳ

2206 4741 2512 4814 σκιμποδίῳ
2566 4741 2629 4795 τὸ
2682 4741 3018 4813 ἡγιασμένον
3061 4740 3423 4814 θεομητρικὸν
3476 4744 3662 4815 σῶμα,
3715 4744 3783 4809 ἐξ

3460 4952 3532 5047 ’⁸³
3568 4950 3781 5006 Jerem.

2201 5202 2306 5271 γῆς
2334 5199 2654 5270 βαστάσασα
2692 5200 2953 5271 Χριστὸν,
3000 5218 3118 5273 qua:
3142 5201 3474 5272 splendidam
3499 5202 3786 5257 lucernam

2201 5273 2520 5326 relucentem
2545 5273 2599 5323 in
2633 5271 2759 5325 caelo
2791 5281 2840 5325 et
2872 5280 3015 5324 terra
3039 5275 3281 5341 gestavit.

2271 5341 2380 5411 (75)
2414 5341 2952 5396 Pseudo-Thaumat.
3001 5356 3168 5396 serm.
3206 5343 3256 5405 i,
3298 5341 3366 5396 de
3411 5341 3657 5397 Annnnt.
3719 5343 3783 5397 S.

2197 5411 2267 5467 M.
2294 5411 2358 5466 V.
2391 5427 2513 5481 pag.
2562 5412 2647 5477 Η,
2704 5411 3165 5481 Ἑσπαργάνωσεν
3202 5413 3294 5464 τὸν
3334 5412 3787 5481 ἀναϐαλλόμενον

2196 5480 2420 5552 φῶς-ὼξς
2465 5483 2700 5552 ἱμάτιον,
2746 5480 2942 5549 Fasciis
2990 5498 3110 5535 eum
3148 5482 3362 5536 involvit
3416 5485 3509 5550 qui
3546 5480 3787 5536 amictu:

2199 5550 2273 5606 est
2321 5550 2517 5605 lumine
2570 5550 3073 5622 velutvestimento.
3118 5552 3186 5607 Et
3222 5553 3277 5607 S.
3325 5552 3578 5622 Ephrzem
3633 5564 3783 5607 tom.

2198 5623 2263 5677 Ill
2292 5624 2508 5693 Precat,
2533 5621 2599 5693 ad
2644 5621 2883 5693 Deipaﬁr"
2939 5623 3219 5693 pag.7528,
3255 5621 3477 5693 Mariam
3527 5632 3695 5693 vocat
3722 5625 3789 5676 τδ

2201 5691 2431 5746 ἄσπιλον
2487 5691 2689 5757 ἔνδυμα
2733 5690 2827 5743 τοῦ
2866 5690 3308 5761 ἀναϐαλλομένου
3356 5692 3472 5759 φῶς
3519 5690 3597 5755 ὡς
3638 5694 3789 5761 ίμάο

2199 5780 2334 5826 τιον,
2367 5761 2775 5814 immaculatam
2801 5761 2944 5815 illius
2979 5772 3196 5826 vestem,
3228 5764 3317 5833 qui
3359 5762 3556 5815 lumine
3585 5764 3787 5817 indui-

2202 5844 2287 5887 tur
2323 5834 2457 5887 sicut
2495 5834 2823 5885 vestimento.
