  <div class='ocr_page' id='page_1' title='image "/cluster/home/n/w/nwhite01/storage/ocr_20150623/86:2/hvd.32044012719696/787.png"; bbox 0 0 4006 6486; ppageno 0'>
   <div class='ocr_carea' id='block_1_1' title="bbox 518 313 664 377">
    <p class='ocr_par' dir='ltr' id='par_1_1' title="bbox 518 313 664 377">
     <span class='ocr_line' id='line_1_1' title="bbox 518 313 664 377; baseline -0.007 0"><span class='ocrx_word' id='word_1_1' title='bbox 518 313 664 377; x_wconf 74' lang='lat'><strong>8315</strong></span> 
     </span>
    </p>
   </div>
   <div class='ocr_carea' id='block_1_2' title="bbox 1857 306 2449 369">
    <p class='ocr_par' dir='ltr' id='par_1_2' title="bbox 1857 306 2449 369">
     <span class='ocr_line' id='line_1_2' title="bbox 1857 306 2449 369; baseline -0.007 0"><span class='ocrx_word' id='word_1_2' title='bbox 1857 307 2055 369; x_wconf 81' lang='lat' dir='ltr'><strong>JOBII</strong></span> <span class='ocrx_word' id='word_1_3' title='bbox 2106 306 2449 368; x_wconf 85' lang='lat' dir='ltr'><strong>MONACHI</strong></span> 
     </span>
    </p>
   </div>
   <div class='ocr_carea' id='block_1_3' title="bbox 3648 295 3793 363">
    <p class='ocr_par' dir='ltr' id='par_1_3' title="bbox 3648 295 3793 363">
     <span class='ocr_line' id='line_1_3' title="bbox 3648 295 3793 363; baseline 0.014 -2"><span class='ocrx_word' id='word_1_4' title='bbox 3648 295 3793 363; x_wconf 72' lang='lat'><strong>3316</strong></span> 
     </span>
    </p>
   </div>
   <div class='ocr_carea' id='block_1_4' title="bbox 520 405 2125 492">
    <p class='ocr_par' dir='ltr' id='par_1_4' title="bbox 520 417 2111 492">
     <span class='ocr_line' id='line_1_4' title="bbox 520 417 2111 492; baseline -0.007 -11"><span class='ocrx_word' id='word_1_5' title='bbox 520 423 778 481; x_wconf 72' lang='lat' dir='ltr'><strong>altiorem</strong></span> <span class='ocrx_word' id='word_1_6' title='bbox 813 434 1070 492; x_wconf 67' lang='lat' dir='ltr'><strong>prmeone</strong></span> <span class='ocrx_word' id='word_1_7' title='bbox 1102 434 1293 475; x_wconf 87' lang='lat' dir='ltr'><strong>vocem</strong></span> <span class='ocrx_word' id='word_1_8' title='bbox 1328 417 1541 474; x_wconf 81' lang='lat' dir='ltr'><strong>habens</strong></span> <span class='ocrx_word' id='word_1_9' title='bbox 1565 458 1580 481; x_wconf 87' lang='lat'><strong>,</strong></span> <span class='ocrx_word' id='word_1_10' title='bbox 1626 418 1773 488; x_wconf 90' lang='lat' dir='ltr'><strong>quod</strong></span> <span class='ocrx_word' id='word_1_11' title='bbox 1824 426 1884 472; x_wconf 93' lang='lat' dir='ltr'><strong>ut</strong></span> <span class='ocrx_word' id='word_1_12' title='bbox 1922 417 2111 472; x_wconf 81' lang='lat' dir='ltr'><strong>nutrix</strong></span> 
     </span>
    </p>
   </div>
   <div class='ocr_carea' id='block_1_5' title="bbox 2230 405 3800 492">
    <p class='ocr_par' dir='ltr' id='par_1_5' title="bbox 2230 405 3800 486">
     <span class='ocr_line' id='line_1_5' title="bbox 2230 405 3800 486; baseline -0.01 -17"><span class='ocrx_word' id='word_1_13' title='bbox 2230 433 2423 480; x_wconf 75' lang='grc' dir='ltr'><strong>οοντος.</strong></span> <span class='ocrx_word' id='word_1_14' title='bbox 2476 413 2629 486; x_wconf 78' lang='grc' dir='ltr'><strong>Αὐτὴ</strong></span> <span class='ocrx_word' id='word_1_15' title='bbox 2669 411 2801 482; x_wconf 83' lang='grc' dir='ltr'><strong>γοῦν</strong></span> <span class='ocrx_word' id='word_1_16' title='bbox 2844 412 2878 481; x_wconf 80' lang='grc' dir='ltr'>ἡ</span> <span class='ocrx_word' id='word_1_17' title='bbox 2914 410 3089 479; x_wconf 86' lang='grc' dir='ltr'><strong>φάτνη</strong></span> <span class='ocrx_word' id='word_1_18' title='bbox 3130 408 3374 477; x_wconf 77' lang='grc' dir='ltr'><strong>κήρυκος</strong></span> <span class='ocrx_word' id='word_1_19' title='bbox 3406 405 3800 476; x_wconf 63' lang='grc' dir='ltr'><strong>μεγαλοφωνό-</strong></span> 
     </span>
    </p>
   </div>
   <div class='ocr_carea' id='block_1_6' title="bbox 522 508 2106 585">
    <p class='ocr_par' dir='ltr' id='par_1_6' title="bbox 522 508 2106 585">
     <span class='ocr_line' id='line_1_6' title="bbox 522 508 2106 585; baseline -0.004 -16"><span class='ocrx_word' id='word_1_20' title='bbox 522 514 838 585; x_wconf 75' lang='lat' dir='ltr'><strong>amplexum</strong></span> <span class='ocrx_word' id='word_1_21' title='bbox 887 520 971 567; x_wconf 89' lang='lat' dir='ltr'><strong>est</strong></span> <span class='ocrx_word' id='word_1_22' title='bbox 1021 511 1219 582; x_wconf 90' lang='lat' dir='ltr'><strong>pannis</strong></span> <span class='ocrx_word' id='word_1_23' title='bbox 1269 510 1577 565; x_wconf 84' lang='lat' dir='ltr'><strong>involutum</strong></span> <span class='ocrx_word' id='word_1_24' title='bbox 1626 508 1902 576; x_wconf 81' lang='lat' dir='ltr'><strong>Verbum,</strong></span> <span class='ocrx_word' id='word_1_25' title='bbox 1957 508 2106 579; x_wconf 89' lang='lat' dir='ltr'><strong>quod</strong></span> 
     </span>
    </p>
   </div>
   <div class='ocr_carea' id='block_1_7' title="bbox 522 597 2108 674">
    <p class='ocr_par' dir='ltr' id='par_1_7' title="bbox 522 597 2108 674">
     <span class='ocr_line' id='line_1_7' title="bbox 522 597 2108 674; baseline -0.004 -14"><span class='ocrx_word' id='word_1_26' title='bbox 522 605 655 660; x_wconf 80' lang='lat' dir='ltr'><strong>olim</strong></span> <span class='ocrx_word' id='word_1_27' title='bbox 685 602 933 674; x_wconf 63' lang='lat' dir='ltr'><strong>quaedam</strong></span> <span class='ocrx_word' id='word_1_28' title='bbox 960 618 1028 657; x_wconf 76' lang='lat' dir='ltr'><strong>es</strong></span> <span class='ocrx_word' id='word_1_29' title='bbox 1056 600 1391 655; x_wconf 78' lang='lat' dir='ltr'><strong>animalibus</strong></span> <span class='ocrx_word' id='word_1_30' title='bbox 1420 598 1724 655; x_wconf 90' lang='lat' dir='ltr'><strong>secundum</strong></span> <span class='ocrx_word' id='word_1_31' title='bbox 1746 599 1922 670; x_wconf 83' lang='lat' dir='ltr'><strong>legem</strong></span> <span class='ocrx_word' id='word_1_32' title='bbox 1954 597 2108 669; x_wconf 92' lang='lat' dir='ltr'><strong>puris</strong></span> 
     </span>
    </p>
   </div>
   <div class='ocr_carea' id='block_1_8' title="bbox 522 696 2110 773">
    <p class='ocr_par' dir='ltr' id='par_1_8' title="bbox 522 696 2110 773">
     <span class='ocr_line' id='line_1_8' title="bbox 522 696 2110 773; baseline -0.005 -15"><span class='ocrx_word' id='word_1_33' title='bbox 522 711 580 759; x_wconf 93' lang='lat' dir='ltr'><strong>et</strong></span> <span class='ocrx_word' id='word_1_34' title='bbox 613 702 867 773; x_wconf 89' lang='lat' dir='ltr'><strong>impuris,</strong></span> <span class='ocrx_word' id='word_1_35' title='bbox 902 701 1073 757; x_wconf 89' lang='lat' dir='ltr'><strong>boves</strong></span> <span class='ocrx_word' id='word_1_36' title='bbox 1101 709 1158 755; x_wconf 91' lang='lat' dir='ltr'><strong>et</strong></span> <span class='ocrx_word' id='word_1_37' title='bbox 1183 700 1367 755; x_wconf 85' lang='lat' dir='ltr'><strong>asinos</strong></span> <span class='ocrx_word' id='word_1_38' title='bbox 1399 697 1785 769; x_wconf 87' lang='lat' dir='ltr'><strong>hospitabatur</strong></span> <span class='ocrx_word' id='word_1_39' title='bbox 1810 704 1870 751; x_wconf 88' lang='lat' dir='ltr'><strong>et</strong></span> <span class='ocrx_word' id='word_1_40' title='bbox 1897 696 2110 751; x_wconf 86' lang='lat' dir='ltr'><strong>nutric-</strong></span> 
     </span>
    </p>
   </div>
   <div class='ocr_carea' id='block_1_9' title="bbox 523 788 2111 861">
    <p class='ocr_par' dir='ltr' id='par_1_9' title="bbox 523 788 2111 861">
     <span class='ocr_line' id='line_1_9' title="bbox 523 788 2111 861; baseline -0.006 -10"><span class='ocrx_word' id='word_1_41' title='bbox 523 795 641 853; x_wconf 90' lang='lat' dir='ltr'><strong>bat.</strong></span> <span class='ocrx_word' id='word_1_42' title='bbox 689 796 786 851; x_wconf 77' lang='lat' dir='ltr'><strong>His</strong></span> <span class='ocrx_word' id='word_1_43' title='bbox 828 794 1202 850; x_wconf 89' lang='lat' dir='ltr'><strong>ostenduntur</strong></span> <span class='ocrx_word' id='word_1_44' title='bbox 1254 792 1377 846; x_wconf 64' lang='lat' dir='ltr'><strong>duae</strong></span> <span class='ocrx_word' id='word_1_45' title='bbox 1421 790 1615 848; x_wconf 88' lang='lat' dir='ltr'><strong>mundi</strong></span> <span class='ocrx_word' id='word_1_46' title='bbox 1666 797 1883 861; x_wconf 89' lang='lat' dir='ltr'><strong>partes;</strong></span> <span class='ocrx_word' id='word_1_47' title='bbox 1931 788 2111 844; x_wconf 85' lang='lat' dir='ltr'><strong>bobus</strong></span> 
     </span>
    </p>
   </div>
   <div class='ocr_carea' id='block_1_10' title="bbox 526 882 2109 960">
    <p class='ocr_par' dir='ltr' id='par_1_10' title="bbox 526 882 2109 960">
     <span class='ocr_line' id='line_1_10' title="bbox 526 882 2109 960; baseline -0.004 -19"><span class='ocrx_word' id='word_1_48' title='bbox 526 887 775 960; x_wconf 85' lang='lat' dir='ltr'><strong>quidem,</strong></span> <span class='ocrx_word' id='word_1_49' title='bbox 823 888 916 943; x_wconf 89' lang='lat' dir='ltr'><strong>ille</strong></span> <span class='ocrx_word' id='word_1_50' title='bbox 953 886 1085 958; x_wconf 89' lang='lat' dir='ltr'><strong>jugo</strong></span> <span class='ocrx_word' id='word_1_51' title='bbox 1118 884 1256 955; x_wconf 88' lang='lat' dir='ltr'><strong>legis</strong></span> <span class='ocrx_word' id='word_1_52' title='bbox 1286 884 1595 938; x_wconf 83' lang='lat' dir='ltr'><strong>submissus</strong></span> <span class='ocrx_word' id='word_1_53' title='bbox 1620 882 1809 947; x_wconf 86' lang='lat' dir='ltr'><strong>Israel,</strong></span> <span class='ocrx_word' id='word_1_54' title='bbox 1851 889 1909 936; x_wconf 91' lang='lat' dir='ltr'><strong>et</strong></span> <span class='ocrx_word' id='word_1_55' title='bbox 1951 896 2109 935; x_wconf 88' lang='lat' dir='ltr'><strong>man-</strong></span> 
     </span>
    </p>
   </div>
   <div class='ocr_carea' id='block_1_11' title="bbox 526 973 2110 1050">
    <p class='ocr_par' dir='ltr' id='par_1_11' title="bbox 526 973 2110 1050">
     <span class='ocr_line' id='line_1_11' title="bbox 526 973 2110 1050; baseline -0.007 -13"><span class='ocrx_word' id='word_1_56' title='bbox 526 982 655 1037; x_wconf 79' lang='lat' dir='ltr'><strong>data</strong></span> <span class='ocrx_word' id='word_1_57' title='bbox 686 995 909 1036; x_wconf 88' lang='lat' dir='ltr'><strong>servare</strong></span> <span class='ocrx_word' id='word_1_58' title='bbox 935 979 1151 1050; x_wconf 80' lang='lat' dir='ltr'><strong>jussus;</strong></span> <span class='ocrx_word' id='word_1_59' title='bbox 1202 977 1372 1032; x_wconf 87' lang='lat' dir='ltr'><strong>asinis</strong></span> <span class='ocrx_word' id='word_1_60' title='bbox 1399 986 1604 1039; x_wconf 87' lang='lat' dir='ltr'><strong>autem,</strong></span> <span class='ocrx_word' id='word_1_61' title='bbox 1640 975 1888 1046; x_wconf 87' lang='lat' dir='ltr'><strong>gentium</strong></span> <span class='ocrx_word' id='word_1_62' title='bbox 1921 973 2110 1027; x_wconf 89' lang='lat' dir='ltr'><strong>multi-</strong></span> 
     </span>
    </p>
   </div>
   <div class='ocr_carea' id='block_1_12' title="bbox 528 1067 2112 1143">
    <p class='ocr_par' dir='ltr' id='par_1_12' title="bbox 528 1067 2112 1143">
     <span class='ocr_line' id='line_1_12' title="bbox 528 1067 2112 1143; baseline -0.008 -12"><span class='ocrx_word' id='word_1_63' title='bbox 528 1074 688 1139; x_wconf 87' lang='lat' dir='ltr'><strong>tudo,</strong></span> <span class='ocrx_word' id='word_1_64' title='bbox 718 1073 898 1129; x_wconf 89' lang='lat' dir='ltr'><strong>libera</strong></span> <span class='ocrx_word' id='word_1_65' title='bbox 933 1071 1156 1143; x_wconf 87' lang='lat' dir='ltr'><strong>quidem</strong></span> <span class='ocrx_word' id='word_1_66' title='bbox 1187 1085 1218 1125; x_wconf 89' lang='lat' dir='ltr'><strong>a</strong></span> <span class='ocrx_word' id='word_1_67' title='bbox 1248 1070 1385 1140; x_wconf 83' lang='lat' dir='ltr'><strong>legis</strong></span> <span class='ocrx_word' id='word_1_68' title='bbox 1402 1070 1557 1139; x_wconf 68' lang='lat' dir='ltr'><strong>iugo,</strong></span> <span class='ocrx_word' id='word_1_69' title='bbox 1586 1067 1682 1123; x_wconf 82' lang='lat' dir='ltr'><strong>sed</strong></span> <span class='ocrx_word' id='word_1_70' title='bbox 1712 1067 2112 1122; x_wconf 53' lang='lat' dir='ltr'><strong>daemoniorum</strong></span> 
     </span>
    </p>
   </div>
   <div class='ocr_carea' id='block_1_13' title="bbox 528 1156 2114 1221">
    <p class='ocr_par' dir='ltr' id='par_1_13' title="bbox 528 1156 2114 1221">
     <span class='ocr_line' id='line_1_13' title="bbox 528 1156 2114 1221; baseline -0.006 0"><span class='ocrx_word' id='word_1_71' title='bbox 528 1166 673 1221; x_wconf 79' lang='lat' dir='ltr'><strong>facta</strong></span> <span class='ocrx_word' id='word_1_72' title='bbox 733 1164 897 1220; x_wconf 83' lang='lat' dir='ltr'><strong>sedes</strong></span> <span class='ocrx_word' id='word_1_73' title='bbox 948 1170 1007 1218; x_wconf 93' lang='lat' dir='ltr'><strong>et</strong></span> <span class='ocrx_word' id='word_1_74' title='bbox 1060 1160 1347 1218; x_wconf 77' lang='lat' dir='ltr'><strong>cathedra.</strong></span> <span class='ocrx_word' id='word_1_75' title='bbox 1405 1161 1662 1215; x_wconf 87' lang='lat' dir='ltr'><strong>Habacuc</strong></span> <span class='ocrx_word' id='word_1_76' title='bbox 1716 1156 2114 1214; x_wconf 87' lang='lat' dir='ltr'><strong>incarnationis</strong></span> 
     </span>
    </p>
   </div>
   <div class='ocr_carea' id='block_1_14' title="bbox 529 1251 2115 1326">
    <p class='ocr_par' dir='ltr' id='par_1_14' title="bbox 529 1251 2115 1326">
     <span class='ocr_line' id='line_1_14' title="bbox 529 1251 2115 1326; baseline -0.006 -13"><span class='ocrx_word' id='word_1_77' title='bbox 529 1256 979 1317; x_wconf 84' lang='lat' dir='ltr'><strong>circumstantias</strong></span> <span class='ocrx_word' id='word_1_78' title='bbox 1017 1254 1367 1326; x_wconf 70' lang='lat' dir='ltr'><strong>praedicens:</strong></span> <span class='ocrx_word' id='word_1_79' title='bbox 1413 1253 1480 1308; x_wconf 86' lang='lat' dir='ltr'><strong>In</strong></span> <span class='ocrx_word' id='word_1_80' title='bbox 1518 1252 1690 1307; x_wconf 82' lang='lat' dir='ltr'><strong>medio</strong></span> <span class='ocrx_word' id='word_1_81' title='bbox 1725 1252 1950 1306; x_wconf 87' lang='lat' dir='ltr'><strong>duorum</strong></span> <span class='ocrx_word' id='word_1_82' title='bbox 1997 1251 2115 1305; x_wconf 85' lang='lat' dir='ltr'><strong>ani-</strong></span> 
     </span>
    </p>
   </div>
   <div class='ocr_carea' id='block_1_15' title="bbox 530 1342 2116 1421">
    <p class='ocr_par' dir='ltr' id='par_1_15' title="bbox 530 1342 2116 1421">
     <span class='ocr_line' id='line_1_15' title="bbox 530 1342 2116 1421; baseline -0.006 -16"><span class='ocrx_word' id='word_1_83' title='bbox 530 1349 755 1405; x_wconf 84' lang='lat' dir='ltr'><strong>malium</strong></span> <span class='ocrx_word' id='word_1_84' title='bbox 780 1358 1135 1421; x_wconf 83' lang='lat' dir='ltr'><strong>oognascetur,</strong></span> <span class='ocrx_word' id='word_1_85' title='bbox 1161 1346 1298 1402; x_wconf 86' lang='lat' dir='ltr'><strong>dicit</strong></span> <span class='ocrx_word' id='word_1_86' title='bbox 1316 1347 1331 1378; x_wconf 70' lang='grc' dir='ltr'><strong>ί</strong></span> <span class='ocrx_word' id='word_1_87' title='bbox 1358 1362 1375 1412; x_wconf 83' lang='grc'>;</span> <span class='ocrx_word' id='word_1_88' title='bbox 1401 1344 1568 1403; x_wconf 79' lang='lat' dir='ltr'><strong>Verbi</strong></span> <span class='ocrx_word' id='word_1_89' title='bbox 1594 1344 1745 1399; x_wconf 92' lang='lat' dir='ltr'><strong>enim</strong></span> <span class='ocrx_word' id='word_1_90' title='bbox 1780 1342 2116 1399; x_wconf 90' lang='lat' dir='ltr'><strong>intermedio</strong></span> 
     </span>
    </p>
   </div>
   <div class='ocr_carea' id='block_1_16' title="bbox 440 1433 2119 1512">
    <p class='ocr_par' dir='ltr' id='par_1_16' title="bbox 440 1433 2119 1512">
     <span class='ocr_line' id='line_1_16' title="bbox 440 1433 2119 1512; baseline -0.005 -16"><span class='ocrx_word' id='word_1_91' title='bbox 440 1448 449 1456; x_wconf 93' lang='lat'>&#39;</span> <span class='ocrx_word' id='word_1_92' title='bbox 529 1440 885 1512; x_wconf 71' lang='lat' dir='ltr'><strong>coniungitur</strong></span> <span class='ocrx_word' id='word_1_93' title='bbox 921 1441 1073 1497; x_wconf 91' lang='lat' dir='ltr'><strong>natio</strong></span> <span class='ocrx_word' id='word_1_94' title='bbox 1120 1448 1377 1508; x_wconf 89' lang='lat' dir='ltr'><strong>utraque,</strong></span> <span class='ocrx_word' id='word_1_95' title='bbox 1413 1446 1471 1494; x_wconf 91' lang='lat' dir='ltr'><strong>et</strong></span> <span class='ocrx_word' id='word_1_96' title='bbox 1502 1436 1721 1492; x_wconf 91' lang='lat' dir='ltr'><strong>medius</strong></span> <span class='ocrx_word' id='word_1_97' title='bbox 1778 1435 1960 1507; x_wconf 80' lang='lat' dir='ltr'><strong>paries</strong></span> <span class='ocrx_word' id='word_1_98' title='bbox 2005 1433 2119 1491; x_wconf 88' lang='lat' dir='ltr'><strong>sol-</strong></span> 
     </span>
    </p>
   </div>
   <div class='ocr_carea' id='block_1_17' title="bbox 446 1528 2118 1617">
    <p class='ocr_par' dir='ltr' id='par_1_17' title="bbox 446 1528 2118 1617">
     <span class='ocr_line' id='line_1_17' title="bbox 446 1528 2118 1617; baseline -0.005 -28"><span class='ocrx_word' id='word_1_99' title='bbox 532 1536 710 1601; x_wconf 83' lang='lat' dir='ltr'><strong>vitur;</strong></span> <span class='ocrx_word' id='word_1_100' title='bbox 743 1548 871 1589; x_wconf 89' lang='lat' dir='ltr'><strong>nam</strong></span> <span class='ocrx_word' id='word_1_101' title='bbox 909 1532 975 1588; x_wconf 83' lang='lat' dir='ltr'><strong>In</strong></span> <span class='ocrx_word' id='word_1_102' title='bbox 1022 1530 1230 1588; x_wconf 77' lang='lat' dir='ltr'><strong>Christo</strong></span> <span class='ocrx_word' id='word_1_103' title='bbox 1271 1530 1401 1586; x_wconf 81' lang='lat' dir='ltr'><strong>Jesu</strong></span> <span class='ocrx_word' id='word_1_104' title='bbox 1449 1546 1554 1584; x_wconf 91' lang='lat' dir='ltr'><strong>non</strong></span> <span class='ocrx_word' id='word_1_105' title='bbox 1601 1536 1680 1585; x_wconf 83' lang='lat' dir='ltr'><strong>est</strong></span> <span class='ocrx_word' id='word_1_106' title='bbox 1710 1528 1920 1585; x_wconf 54' lang='lat' dir='ltr'><strong>Graecus</strong></span> <span class='ocrx_word' id='word_1_107' title='bbox 1950 1542 2118 1599; x_wconf 86' lang='lat' dir='ltr'><strong>neque</strong></span> 
     </span>
    </p>
   </div>
   <div class='ocr_carea' id='block_1_18' title="bbox 434 1617 2116 1695">
    <p class='ocr_par' dir='ltr' id='par_1_18' title="bbox 434 1617 2116 1695">
     <span class='ocr_line' id='line_1_18' title="bbox 434 1617 2116 1695; baseline -0.007 -12"><span class='ocrx_word' id='word_1_108' title='bbox 434 1624 487 1651; x_wconf 53' lang='grc' dir='ltr'><strong>’Μ</strong></span> <span class='ocrx_word' id='word_1_109' title='bbox 530 1624 778 1692; x_wconf 69' lang='grc' dir='ltr'><strong>Ιιιάαεω,</strong></span> <span class='ocrx_word' id='word_1_110' title='bbox 832 1640 1000 1695; x_wconf 84' lang='lat' dir='ltr'><strong>neque</strong></span> <span class='ocrx_word' id='word_1_111' title='bbox 1051 1623 1379 1679; x_wconf 77' lang='lat' dir='ltr'><strong>circumcisio</strong></span> <span class='ocrx_word' id='word_1_112' title='bbox 1435 1637 1600 1693; x_wconf 85' lang='lat' dir='ltr'><strong>neque</strong></span> <span class='ocrx_word' id='word_1_113' title='bbox 1659 1620 1997 1692; x_wconf 76' lang='lat' dir='ltr'><strong>prwputium.</strong></span> <span class='ocrx_word' id='word_1_114' title='bbox 2055 1617 2116 1672; x_wconf 84' lang='lat' dir='ltr'><strong>In</strong></span> 
     </span>
    </p>
   </div>
   <div class='ocr_carea' id='block_1_19' title="bbox 536 1710 2117 1785">
    <p class='ocr_par' dir='ltr' id='par_1_19' title="bbox 536 1710 2117 1785">
     <span class='ocr_line' id='line_1_19' title="bbox 536 1710 2117 1785; baseline -0.007 -11"><span class='ocrx_word' id='word_1_115' title='bbox 536 1718 913 1775; x_wconf 88' lang='lat' dir='ltr'><strong>testimonium</strong></span> <span class='ocrx_word' id='word_1_116' title='bbox 963 1716 1165 1771; x_wconf 88' lang='lat' dir='ltr'><strong>horum</strong></span> <span class='ocrx_word' id='word_1_117' title='bbox 1218 1714 1493 1770; x_wconf 90' lang='lat' dir='ltr'><strong>dictorum</strong></span> <span class='ocrx_word' id='word_1_118' title='bbox 1541 1728 1773 1785; x_wconf 87' lang='lat' dir='ltr'><strong>magnus</strong></span> <span class='ocrx_word' id='word_1_119' title='bbox 1819 1710 2117 1783; x_wconf 78' lang='lat' dir='ltr'><strong>Gregorius</strong></span> 
     </span>
    </p>
   </div>
   <div class='ocr_carea' id='block_1_20' title="bbox 532 1803 2119 1879">
    <p class='ocr_par' dir='ltr' id='par_1_20' title="bbox 532 1803 2119 1879">
     <span class='ocr_line' id='line_1_20' title="bbox 532 1803 2119 1879; baseline -0.005 -13"><span class='ocrx_word' id='word_1_120' title='bbox 532 1812 705 1869; x_wconf 90' lang='lat' dir='ltr'><strong>dicit:</strong></span> <span class='ocrx_word' id='word_1_121' title='bbox 741 1830 759 1863; x_wconf 81' lang='grc' dir='ltr'><strong>ι</strong></span> <span class='ocrx_word' id='word_1_122' title='bbox 788 1812 1040 1879; x_wconf 83' lang='lat' dir='ltr'><strong>Praesepe</strong></span> <span class='ocrx_word' id='word_1_123' title='bbox 1070 1807 1260 1872; x_wconf 89' lang='lat' dir='ltr'><strong>adora,</strong></span> <span class='ocrx_word' id='word_1_124' title='bbox 1296 1822 1392 1878; x_wconf 90' lang='lat' dir='ltr'><strong>per</strong></span> <span class='ocrx_word' id='word_1_125' title='bbox 1419 1805 1589 1876; x_wconf 90' lang='lat' dir='ltr'><strong>quod,</strong></span> <span class='ocrx_word' id='word_1_126' title='bbox 1629 1806 1759 1861; x_wconf 91' lang='lat' dir='ltr'><strong>dum</strong></span> <span class='ocrx_word' id='word_1_127' title='bbox 1784 1804 1903 1861; x_wconf 90' lang='lat' dir='ltr'><strong>sine</strong></span> <span class='ocrx_word' id='word_1_128' title='bbox 1944 1803 2119 1859; x_wconf 89' lang='lat' dir='ltr'><strong>verbo</strong></span> 
     </span>
    </p>
   </div>
   <div class='ocr_carea' id='block_1_21' title="bbox 532 1895 2122 1967">
    <p class='ocr_par' dir='ltr' id='par_1_21' title="bbox 532 1895 2122 1967">
     <span class='ocr_line' id='line_1_21' title="bbox 532 1895 2122 1967; baseline -0.006 -10"><span class='ocrx_word' id='word_1_129' title='bbox 532 1916 681 1966; x_wconf 85' lang='lat' dir='ltr'><strong>eras,</strong></span> <span class='ocrx_word' id='word_1_130' title='bbox 714 1900 960 1954; x_wconf 90' lang='lat' dir='ltr'><strong>nutritus</strong></span> <span class='ocrx_word' id='word_1_131' title='bbox 988 1914 1049 1954; x_wconf 90' lang='lat' dir='ltr'><strong>es</strong></span> <span class='ocrx_word' id='word_1_132' title='bbox 1080 1913 1109 1952; x_wconf 90' lang='lat' dir='ltr'><strong>a</strong></span> <span class='ocrx_word' id='word_1_133' title='bbox 1142 1896 1355 1963; x_wconf 78' lang='lat' dir='ltr'><strong>Verbo;</strong></span> <span class='ocrx_word' id='word_1_134' title='bbox 1390 1905 1445 1951; x_wconf 92' lang='lat' dir='ltr'><strong>et</strong></span> <span class='ocrx_word' id='word_1_135' title='bbox 1476 1911 1744 1967; x_wconf 86' lang='lat' dir='ltr'><strong>cognosce</strong></span> <span class='ocrx_word' id='word_1_136' title='bbox 1774 1903 1837 1950; x_wconf 90' lang='lat' dir='ltr'><strong>ut</strong></span> <span class='ocrx_word' id='word_1_137' title='bbox 1866 1895 1966 1949; x_wconf 93' lang='lat' dir='ltr'><strong>bos</strong></span> <span class='ocrx_word' id='word_1_138' title='bbox 1993 1908 2122 1965; x_wconf 82' lang='lat' dir='ltr'><strong>pos—</strong></span> 
     </span>
    </p>
   </div>
   <div class='ocr_carea' id='block_1_22' title="bbox 535 1987 2118 2061">
    <p class='ocr_par' dir='ltr' id='par_1_22' title="bbox 535 1987 2118 2061">
     <span class='ocr_line' id='line_1_22' title="bbox 535 1987 2118 2061; baseline -0.004 -12"><span class='ocrx_word' id='word_1_139' title='bbox 535 2007 805 2049; x_wconf 84' lang='lat' dir='ltr'><strong>sessorem</strong></span> <span class='ocrx_word' id='word_1_140' title='bbox 855 1998 1034 2055; x_wconf 91' lang='lat' dir='ltr'><strong>tuum,</strong></span> <span class='ocrx_word' id='word_1_141' title='bbox 1080 1989 1250 2044; x_wconf 87' lang='lat' dir='ltr'><strong>lsaias</strong></span> <span class='ocrx_word' id='word_1_142' title='bbox 1285 1988 1533 2061; x_wconf 82' lang='lat' dir='ltr'><strong>praecipit</strong></span> <span class='ocrx_word' id='word_1_143' title='bbox 1561 1988 1721 2055; x_wconf 78' lang='lat' dir='ltr'><strong>tibi&#39;,</strong></span> <span class='ocrx_word' id='word_1_144' title='bbox 1757 1996 1813 2044; x_wconf 90' lang='lat' dir='ltr'><strong>et</strong></span> <span class='ocrx_word' id='word_1_145' title='bbox 1838 1988 1982 2043; x_wconf 90' lang='lat' dir='ltr'><strong>sicut</strong></span> <span class='ocrx_word' id='word_1_146' title='bbox 2006 1987 2118 2043; x_wconf 86' lang='lat' dir='ltr'><strong>asi-</strong></span> 
     </span>
    </p>
   </div>
   <div class='ocr_carea' id='block_1_23' title="bbox 534 2078 2122 2154">
    <p class='ocr_par' dir='ltr' id='par_1_23' title="bbox 534 2078 2122 2154">
     <span class='ocr_line' id='line_1_23' title="bbox 534 2078 2122 2154; baseline -0.006 -12"><span class='ocrx_word' id='word_1_147' title='bbox 534 2100 642 2143; x_wconf 91' lang='lat' dir='ltr'><strong>nus</strong></span> <span class='ocrx_word' id='word_1_148' title='bbox 670 2097 913 2154; x_wconf 67' lang='lat' dir='ltr'><strong>praesepe</strong></span> <span class='ocrx_word' id='word_1_149' title='bbox 959 2081 1168 2137; x_wconf 90' lang='lat' dir='ltr'><strong>domini</strong></span> <span class='ocrx_word' id='word_1_150' title='bbox 1211 2081 1315 2145; x_wconf 90' lang='lat' dir='ltr'><strong>tui,</strong></span> <span class='ocrx_word' id='word_1_151' title='bbox 1363 2081 1478 2134; x_wconf 83' lang='lat' dir='ltr'><strong>sive</strong></span> <span class='ocrx_word' id='word_1_152' title='bbox 1511 2094 1542 2133; x_wconf 91' lang='lat' dir='ltr'><strong>e</strong></span> <span class='ocrx_word' id='word_1_153' title='bbox 1577 2079 1734 2149; x_wconf 89' lang='lat' dir='ltr'><strong>puris</strong></span> <span class='ocrx_word' id='word_1_154' title='bbox 1790 2078 2122 2133; x_wconf 88' lang='lat' dir='ltr'><strong>animalibus</strong></span> 
     </span>
    </p>
   </div>
   <div class='ocr_carea' id='block_1_24' title="bbox 536 2165 2120 2241">
    <p class='ocr_par' dir='ltr' id='par_1_24' title="bbox 536 2165 2120 2241">
     <span class='ocr_line' id='line_1_24' title="bbox 536 2165 2120 2241; baseline -0.003 -13"><span class='ocrx_word' id='word_1_155' title='bbox 536 2181 709 2228; x_wconf 88' lang='lat' dir='ltr'><strong>unum</strong></span> <span class='ocrx_word' id='word_1_156' title='bbox 747 2172 839 2238; x_wconf 91' lang='lat' dir='ltr'><strong>sit,</strong></span> <span class='ocrx_word' id='word_1_157' title='bbox 874 2181 930 2227; x_wconf 91' lang='lat' dir='ltr'><strong>et</strong></span> <span class='ocrx_word' id='word_1_158' title='bbox 960 2171 1064 2226; x_wconf 88' lang='lat' dir='ltr'><strong>sub</strong></span> <span class='ocrx_word' id='word_1_159' title='bbox 1092 2170 1210 2241; x_wconf 88' lang='lat' dir='ltr'><strong>lege</strong></span> <span class='ocrx_word' id='word_1_160' title='bbox 1240 2169 1486 2225; x_wconf 80' lang='lat' dir='ltr'><strong>Verbum</strong></span> <span class='ocrx_word' id='word_1_161' title='bbox 1516 2167 1948 2233; x_wconf 88' lang='lat' dir='ltr'><strong>ruminantibus,</strong></span> <span class='ocrx_word' id='word_1_162' title='bbox 1972 2176 2027 2222; x_wconf 94' lang='lat' dir='ltr'><strong>et</strong></span> <span class='ocrx_word' id='word_1_163' title='bbox 2053 2165 2120 2223; x_wconf 89' lang='lat' dir='ltr'><strong>ad</strong></span> 
     </span>
    </p>
   </div>
   <div class='ocr_carea' id='block_1_25' title="bbox 536 2258 2121 2332">
    <p class='ocr_par' dir='ltr' id='par_1_25' title="bbox 536 2258 2121 2332">
     <span class='ocr_line' id='line_1_25' title="bbox 536 2258 2121 2332; baseline -0.005 -11"><span class='ocrx_word' id='word_1_164' title='bbox 536 2262 868 2325; x_wconf 81' lang='lat' dir='ltr'><strong>sacriﬁcium</strong></span> <span class='ocrx_word' id='word_1_165' title='bbox 898 2260 1061 2332; x_wconf 90' lang='lat' dir='ltr'><strong>aptis,</strong></span> <span class='ocrx_word' id='word_1_166' title='bbox 1090 2261 1206 2317; x_wconf 87' lang='lat' dir='ltr'><strong>sive</strong></span> <span class='ocrx_word' id='word_1_167' title='bbox 1231 2276 1299 2316; x_wconf 80' lang='lat' dir='ltr'><strong>ex</strong></span> <span class='ocrx_word' id='word_1_168' title='bbox 1324 2260 1556 2330; x_wconf 91' lang='lat' dir='ltr'><strong>impuris</strong></span> <span class='ocrx_word' id='word_1_169' title='bbox 1584 2258 1653 2314; x_wconf 88' lang='lat' dir='ltr'><strong>ad</strong></span> <span class='ocrx_word' id='word_1_170' title='bbox 1685 2266 1903 2329; x_wconf 84' lang='lat' dir='ltr'><strong>tempus</strong></span> <span class='ocrx_word' id='word_1_171' title='bbox 1923 2268 1979 2314; x_wconf 90' lang='lat' dir='ltr'><strong>et</strong></span> <span class='ocrx_word' id='word_1_172' title='bbox 2011 2274 2121 2314; x_wconf 93' lang='lat' dir='ltr'><strong>non</strong></span> 
     </span>
    </p>
   </div>
   <div class='ocr_carea' id='block_1_26' title="bbox 536 2350 2124 2427">
    <p class='ocr_par' dir='ltr' id='par_1_26' title="bbox 536 2350 2124 2427">
     <span class='ocr_line' id='line_1_26' title="bbox 536 2350 2124 2427; baseline -0.006 -13"><span class='ocrx_word' id='word_1_173' title='bbox 536 2356 683 2427; x_wconf 83' lang='lat' dir='ltr'><strong>aptis</strong></span> <span class='ocrx_word' id='word_1_174' title='bbox 718 2353 1015 2419; x_wconf 77' lang='lat' dir='ltr'><strong>sacrificio,</strong></span> <span class='ocrx_word' id='word_1_175' title='bbox 1063 2363 1120 2409; x_wconf 92' lang='lat' dir='ltr'><strong>et</strong></span> <span class='ocrx_word' id='word_1_176' title='bbox 1160 2368 1230 2408; x_wconf 80' lang='lat' dir='ltr'><strong>ex</strong></span> <span class='ocrx_word' id='word_1_177' title='bbox 1280 2352 1570 2423; x_wconf 89' lang='lat' dir='ltr'><strong>gentilium</strong></span> <span class='ocrx_word' id='word_1_178' title='bbox 1619 2359 1795 2422; x_wconf 90' lang='lat' dir='ltr'><strong>parte.</strong></span> <span class='ocrx_word' id='word_1_179' title='bbox 1844 2371 1863 2403; x_wconf 73' lang='grc' dir='ltr'><strong>ι</strong></span> <span class='ocrx_word' id='word_1_180' title='bbox 1898 2350 2124 2422; x_wconf 82' lang='lat' dir='ltr'><strong>Magnus</strong></span> 
     </span>
    </p>
   </div>
   <div class='ocr_carea' id='block_1_27' title="bbox 536 2443 2122 2520">
    <p class='ocr_par' dir='ltr' id='par_1_27' title="bbox 536 2443 2122 2520">
     <span class='ocr_line' id='line_1_27' title="bbox 536 2443 2122 2520; baseline -0.004 -16"><span class='ocrx_word' id='word_1_181' title='bbox 536 2463 758 2520; x_wconf 90' lang='lat' dir='ltr'><strong>quoque</strong></span> <span class='ocrx_word' id='word_1_182' title='bbox 820 2446 1096 2502; x_wconf 85' lang='lat' dir='ltr'><strong>Basilius:</strong></span> <span class='ocrx_word' id='word_1_183' title='bbox 1141 2465 1160 2498; x_wconf 82' lang='grc' dir='ltr'><strong>ι</strong></span> <span class='ocrx_word' id='word_1_184' title='bbox 1222 2444 1340 2500; x_wconf 87' lang='lat' dir='ltr'><strong>Etsi</strong></span> <span class='ocrx_word' id='word_1_185' title='bbox 1391 2444 1686 2500; x_wconf 68' lang='lat' dir='ltr'><strong>haereticus</strong></span> <span class='ocrx_word' id='word_1_186' title='bbox 1735 2458 1982 2515; x_wconf 85' lang='lat' dir='ltr'><strong>praesepe</strong></span> <span class='ocrx_word' id='word_1_187' title='bbox 2042 2443 2122 2498; x_wconf 89' lang='lat' dir='ltr'><strong>illi</strong></span> 
     </span>
    </p>
   </div>
   <div class='ocr_carea' id='block_1_28' title="bbox 535 2537 2125 2613">
    <p class='ocr_par' dir='ltr' id='par_1_28' title="bbox 535 2537 2125 2613">
     <span class='ocr_line' id='line_1_28' title="bbox 535 2537 2125 2613; baseline -0.004 -13"><span class='ocrx_word' id='word_1_188' title='bbox 535 2541 855 2613; x_wconf 74' lang='lat' dir='ltr'><strong>exprobret,</strong></span> <span class='ocrx_word' id='word_1_189' title='bbox 878 2555 978 2612; x_wconf 89' lang='lat' dir='ltr'><strong>per</strong></span> <span class='ocrx_word' id='word_1_190' title='bbox 1003 2538 1175 2608; x_wconf 79' lang='lat' dir='ltr'><strong>quod,</strong></span> <span class='ocrx_word' id='word_1_191' title='bbox 1206 2538 1339 2596; x_wconf 89' lang='lat' dir='ltr'><strong>dum</strong></span> <span class='ocrx_word' id='word_1_192' title='bbox 1371 2538 1491 2594; x_wconf 89' lang='lat' dir='ltr'><strong>sine</strong></span> <span class='ocrx_word' id='word_1_193' title='bbox 1516 2537 1689 2594; x_wconf 87' lang='lat' dir='ltr'><strong>verbo</strong></span> <span class='ocrx_word' id='word_1_194' title='bbox 1711 2545 1855 2603; x_wconf 79' lang='lat' dir='ltr'><strong>erat,</strong></span> <span class='ocrx_word' id='word_1_195' title='bbox 1881 2537 2125 2593; x_wconf 86' lang='lat' dir='ltr'><strong>nutritus</strong></span> 
     </span>
    </p>
   </div>
   <div class='ocr_carea' id='block_1_29' title="bbox 536 2633 989 2694">
    <p class='ocr_par' dir='ltr' id='par_1_29' title="bbox 536 2633 989 2694">
     <span class='ocr_line' id='line_1_29' title="bbox 536 2633 989 2694; baseline -0.009 -4"><span class='ocrx_word' id='word_1_196' title='bbox 536 2643 624 2691; x_wconf 88' lang='lat' dir='ltr'><strong>est</strong></span> <span class='ocrx_word' id='word_1_197' title='bbox 659 2650 691 2690; x_wconf 75' lang='grc' dir='ltr'><strong>ιι</strong></span> <span class='ocrx_word' id='word_1_198' title='bbox 724 2633 918 2694; x_wconf 82' lang='lat' dir='ltr'><strong>verbo.</strong></span> <span class='ocrx_word' id='word_1_199' title='bbox 967 2651 989 2686; x_wconf 77' lang='grc' dir='ltr'><strong>ι</strong></span> 
     </span>
    </p>
   </div>
   <div class='ocr_carea' id='block_1_30' title="bbox 610 2720 2124 2793">
    <p class='ocr_par' dir='ltr' id='par_1_30' title="bbox 610 2720 2124 2793">
     <span class='ocr_line' id='line_1_30' title="bbox 610 2720 2124 2793; baseline -0.006 -8"><span class='ocrx_word' id='word_1_200' title='bbox 610 2726 676 2785; x_wconf 85' lang='grc' dir='ltr'><strong>Π.</strong></span> <span class='ocrx_word' id='word_1_201' title='bbox 712 2724 985 2792; x_wconf 85' lang='lat' dir='ltr'><strong>Quoniam</strong></span> <span class='ocrx_word' id='word_1_202' title='bbox 1022 2723 1295 2793; x_wconf 83' lang='lat' dir='ltr'><strong>baptisma</strong></span> <span class='ocrx_word' id='word_1_203' title='bbox 1335 2720 1650 2792; x_wconf 90' lang='lat' dir='ltr'><strong>adoptionis</strong></span> <span class='ocrx_word' id='word_1_204' title='bbox 1674 2721 1830 2792; x_wconf 89' lang='lat' dir='ltr'><strong>origo</strong></span> <span class='ocrx_word' id='word_1_205' title='bbox 1857 2729 1963 2784; x_wconf 88' lang='lat' dir='ltr'><strong>est,</strong></span> <span class='ocrx_word' id='word_1_206' title='bbox 1998 2720 2124 2791; x_wconf 87' lang='lat' dir='ltr'><strong>Spi-</strong></span> 
     </span>
    </p>
   </div>
   <div class='ocr_carea' id='block_1_31' title="bbox 542 2814 2125 2880">
    <p class='ocr_par' dir='ltr' id='par_1_31' title="bbox 542 2814 2125 2880">
     <span class='ocr_line' id='line_1_31' title="bbox 542 2814 2125 2880; baseline -0.003 -6"><span class='ocrx_word' id='word_1_207' title='bbox 542 2818 653 2875; x_wconf 88' lang='lat' dir='ltr'><strong>ritu</strong></span> <span class='ocrx_word' id='word_1_208' title='bbox 691 2816 968 2872; x_wconf 78' lang='lat' dir='ltr'><strong>diﬂ‘erenti</strong></span> <span class='ocrx_word' id='word_1_209' title='bbox 1031 2814 1196 2870; x_wconf 91' lang='lat' dir='ltr'><strong>modo</strong></span> <span class='ocrx_word' id='word_1_210' title='bbox 1242 2814 1404 2870; x_wconf 83' lang='lat' dir='ltr'><strong>electi</strong></span> <span class='ocrx_word' id='word_1_211' title='bbox 1449 2814 1685 2880; x_wconf 82' lang='lat' dir='ltr'><strong>fuimus;</strong></span> <span class='ocrx_word' id='word_1_212' title='bbox 1733 2814 1938 2869; x_wconf 87' lang='lat' dir='ltr'><strong>etenim</strong></span> <span class='ocrx_word' id='word_1_213' title='bbox 1998 2829 2125 2870; x_wconf 87' lang='lat' dir='ltr'><strong>cum</strong></span> 
     </span>
    </p>
   </div>
   <div class='ocr_carea' id='block_1_32' title="bbox 542 2904 2127 2981">
    <p class='ocr_par' dir='ltr' id='par_1_32' title="bbox 542 2904 2127 2981">
     <span class='ocr_line' id='line_1_32' title="bbox 542 2904 2127 2981; baseline -0.004 -14"><span class='ocrx_word' id='word_1_214' title='bbox 542 2907 890 2981; x_wconf 84' lang='lat' dir='ltr'><strong>baptismatis</strong></span> <span class='ocrx_word' id='word_1_215' title='bbox 933 2906 1211 2977; x_wconf 88' lang='lat' dir='ltr'><strong>principio</strong></span> <span class='ocrx_word' id='word_1_216' title='bbox 1249 2913 1307 2962; x_wconf 91' lang='lat' dir='ltr'><strong>et</strong></span> <span class='ocrx_word' id='word_1_217' title='bbox 1341 2905 1555 2975; x_wconf 83' lang='lat' dir='ltr'><strong>origine</strong></span> <span class='ocrx_word' id='word_1_218' title='bbox 1582 2904 1823 2975; x_wconf 87' lang='lat' dir='ltr'><strong>Spiritus</strong></span> <span class='ocrx_word' id='word_1_219' title='bbox 1866 2918 2127 2975; x_wconf 84' lang='lat' dir='ltr'><strong>corpora-</strong></span> 
     </span>
    </p>
   </div>
   <div class='ocr_carea' id='block_1_33' title="bbox 539 2996 2124 3067">
    <p class='ocr_par' dir='ltr' id='par_1_33' title="bbox 539 2996 2124 3067">
     <span class='ocr_line' id='line_1_33' title="bbox 539 2996 2124 3067; baseline -0.005 -6"><span class='ocrx_word' id='word_1_220' title='bbox 539 3004 673 3063; x_wconf 87' lang='lat' dir='ltr'><strong>liter</strong></span> <span class='ocrx_word' id='word_1_221' title='bbox 722 3000 885 3057; x_wconf 85' lang='lat' dir='ltr'><strong>nobis</strong></span> <span class='ocrx_word' id='word_1_222' title='bbox 931 2999 987 3054; x_wconf 93' lang='lat' dir='ltr'><strong>in</strong></span> <span class='ocrx_word' id='word_1_223' title='bbox 1013 2998 1189 3053; x_wconf 84' lang='lat' dir='ltr'><strong>forma</strong></span> <span class='ocrx_word' id='word_1_224' title='bbox 1232 2997 1503 3053; x_wconf 70' lang='lat' dir='ltr'><strong>columba:</strong></span> <span class='ocrx_word' id='word_1_225' title='bbox 1543 3012 1601 3051; x_wconf 90' lang='lat' dir='ltr'><strong>se</strong></span> <span class='ocrx_word' id='word_1_226' title='bbox 1632 2996 1889 3067; x_wconf 83' lang='lat' dir='ltr'><strong>praebuit,</strong></span> <span class='ocrx_word' id='word_1_227' title='bbox 1915 3005 2124 3053; x_wconf 90' lang='lat' dir='ltr'><strong>etcum</strong></span> 
     </span>
    </p>
   </div>
   <div class='ocr_carea' id='block_1_34' title="bbox 539 3090 2127 3170">
    <p class='ocr_par' dir='ltr' id='par_1_34' title="bbox 539 3090 2127 3170">
     <span class='ocr_line' id='line_1_34' title="bbox 539 3090 2127 3170; baseline -0.004 -19"><span class='ocrx_word' id='word_1_228' title='bbox 539 3093 927 3170; x_wconf 71' lang='lat' dir='ltr'><strong>purificatione</strong></span> <span class='ocrx_word' id='word_1_229' title='bbox 957 3091 1051 3162; x_wconf 91' lang='lat' dir='ltr'><strong>qui</strong></span> <span class='ocrx_word' id='word_1_230' title='bbox 1078 3106 1278 3162; x_wconf 87' lang='lat' dir='ltr'><strong>purum</strong></span> <span class='ocrx_word' id='word_1_231' title='bbox 1310 3090 1476 3147; x_wconf 75' lang='lat' dir='ltr'><strong>elﬁcit</strong></span> <span class='ocrx_word' id='word_1_232' title='bbox 1503 3090 1669 3147; x_wconf 87' lang='lat' dir='ltr'><strong>simul</strong></span> <span class='ocrx_word' id='word_1_233' title='bbox 1703 3098 2032 3160; x_wconf 82' lang='lat' dir='ltr'><strong>praestatur;</strong></span> <span class='ocrx_word' id='word_1_234' title='bbox 2068 3099 2127 3145; x_wconf 93' lang='lat' dir='ltr'><strong>et</strong></span> 
     </span>
    </p>
   </div>
   <div class='ocr_carea' id='block_1_35' title="bbox 541 3182 2130 3255">
    <p class='ocr_par' dir='ltr' id='par_1_35' title="bbox 541 3182 2130 3255">
     <span class='ocr_line' id='line_1_35' title="bbox 541 3182 2130 3255; baseline -0.006 -8"><span class='ocrx_word' id='word_1_235' title='bbox 541 3191 688 3248; x_wconf 79' lang='lat' dir='ltr'><strong>sicut</strong></span> <span class='ocrx_word' id='word_1_236' title='bbox 729 3187 952 3244; x_wconf 83' lang='lat' dir='ltr'><strong>Christo</strong></span> <span class='ocrx_word' id='word_1_237' title='bbox 995 3184 1343 3255; x_wconf 83' lang='lat' dir='ltr'><strong>corporalem</strong></span> <span class='ocrx_word' id='word_1_238' title='bbox 1396 3183 1742 3239; x_wconf 87' lang='lat' dir='ltr'><strong>celebramus</strong></span> <span class='ocrx_word' id='word_1_239' title='bbox 1776 3192 1991 3247; x_wconf 87' lang='lat' dir='ltr'><strong>ortum,</strong></span> <span class='ocrx_word' id='word_1_240' title='bbox 2031 3182 2130 3237; x_wconf 90' lang='lat' dir='ltr'><strong>Dei</strong></span> 
     </span>
    </p>
   </div>
   <div class='ocr_carea' id='block_1_36' title="bbox 545 3274 2132 3345">
    <p class='ocr_par' dir='ltr' id='par_1_36' title="bbox 545 3274 2132 3345">
     <span class='ocr_line' id='line_1_36' title="bbox 545 3274 2132 3345; baseline -0.006 -8"><span class='ocrx_word' id='word_1_241' title='bbox 545 3278 1008 3337; x_wconf 82' lang='lat' dir='ltr'><strong>manifestationis</strong></span> <span class='ocrx_word' id='word_1_242' title='bbox 1051 3276 1201 3333; x_wconf 83' lang='lat' dir='ltr'><strong>diem</strong></span> <span class='ocrx_word' id='word_1_243' title='bbox 1236 3276 1594 3338; x_wconf 87' lang='lat' dir='ltr'><strong>honorantes,</strong></span> <span class='ocrx_word' id='word_1_244' title='bbox 1647 3275 1703 3329; x_wconf 90' lang='lat' dir='ltr'><strong>in</strong></span> <span class='ocrx_word' id='word_1_245' title='bbox 1736 3290 1847 3345; x_wconf 90' lang='lat' dir='ltr'><strong>quo</strong></span> <span class='ocrx_word' id='word_1_246' title='bbox 1875 3274 2047 3329; x_wconf 86' lang='lat' dir='ltr'><strong>Filius</strong></span> <span class='ocrx_word' id='word_1_247' title='bbox 2074 3274 2132 3328; x_wconf 87' lang='lat' dir='ltr'><strong>in</strong></span> 
     </span>
    </p>
   </div>
   <div class='ocr_carea' id='block_1_37' title="bbox 546 3366 2131 3435">
    <p class='ocr_par' dir='ltr' id='par_1_37' title="bbox 546 3366 2131 3435">
     <span class='ocr_line' id='line_1_37' title="bbox 546 3366 2131 3435; baseline -0.007 -5"><span class='ocrx_word' id='word_1_248' title='bbox 546 3383 692 3435; x_wconf 77' lang='lat' dir='ltr'><strong>terra</strong></span> <span class='ocrx_word' id='word_1_249' title='bbox 760 3372 901 3427; x_wconf 71' lang='lat' dir='ltr'><strong>visus</strong></span> <span class='ocrx_word' id='word_1_250' title='bbox 952 3378 1050 3434; x_wconf 77' lang='lat' dir='ltr'><strong>est,</strong></span> <span class='ocrx_word' id='word_1_251' title='bbox 1105 3377 1154 3423; x_wconf 81' lang='lat' dir='ltr'><strong>et</strong></span> <span class='ocrx_word' id='word_1_252' title='bbox 1230 3384 1350 3422; x_wconf 84' lang='lat' dir='ltr'><strong>cum</strong></span> <span class='ocrx_word' id='word_1_253' title='bbox 1423 3366 1720 3421; x_wconf 84' lang='lat' dir='ltr'><strong>hominibus</strong></span> <span class='ocrx_word' id='word_1_254' title='bbox 1794 3378 2131 3420; x_wconf 82' lang='lat' dir='ltr'><strong>conversatus</strong></span> 
     </span>
    </p>
   </div>
   <div class='ocr_carea' id='block_1_38' title="bbox 544 3458 2130 3534">
    <p class='ocr_par' dir='ltr' id='par_1_38' title="bbox 544 3458 2130 3534">
     <span class='ocr_line' id='line_1_38' title="bbox 544 3458 2130 3534; baseline -0.004 -14"><span class='ocrx_word' id='word_1_255' title='bbox 544 3466 695 3534; x_wconf 76' lang='lat' dir='ltr'><strong>est&#39;;</strong></span> <span class='ocrx_word' id='word_1_256' title='bbox 731 3465 807 3519; x_wconf 89' lang='lat' dir='ltr'><strong>ita</strong></span> <span class='ocrx_word' id='word_1_257' title='bbox 840 3462 1133 3526; x_wconf 86' lang='lat' dir='ltr'><strong>luminum,</strong></span> <span class='ocrx_word' id='word_1_258' title='bbox 1168 3460 1223 3515; x_wconf 90' lang='lat' dir='ltr'><strong>id</strong></span> <span class='ocrx_word' id='word_1_259' title='bbox 1259 3468 1365 3533; x_wconf 78' lang='lat' dir='ltr'><strong>est,</strong></span> <span class='ocrx_word' id='word_1_260' title='bbox 1400 3458 1823 3515; x_wconf 86' lang='lat' dir='ltr'><strong>illuminationis</strong></span> <span class='ocrx_word' id='word_1_261' title='bbox 1854 3459 2004 3514; x_wconf 89' lang='lat' dir='ltr'><strong>diem</strong></span> <span class='ocrx_word' id='word_1_262' title='bbox 2034 3459 2130 3514; x_wconf 89' lang='lat' dir='ltr'><strong>Dei</strong></span> 
     </span>
    </p>
   </div>
   <div class='ocr_carea' id='block_1_39' title="bbox 547 3550 2133 3621">
    <p class='ocr_par' dir='ltr' id='par_1_39' title="bbox 547 3550 2133 3621">
     <span class='ocr_line' id='line_1_39' title="bbox 547 3550 2133 3621; baseline -0.006 -8"><span class='ocrx_word' id='word_1_263' title='bbox 547 3554 1009 3614; x_wconf 81' lang='lat' dir='ltr'><strong>manifestationis</strong></span> <span class='ocrx_word' id='word_1_264' title='bbox 1032 3552 1257 3608; x_wconf 86' lang='lat' dir='ltr'><strong>nomine</strong></span> <span class='ocrx_word' id='word_1_265' title='bbox 1289 3552 1638 3617; x_wconf 88' lang='lat' dir='ltr'><strong>decorantes,</strong></span> <span class='ocrx_word' id='word_1_266' title='bbox 1664 3566 1773 3605; x_wconf 92' lang='lat' dir='ltr'><strong>non</strong></span> <span class='ocrx_word' id='word_1_267' title='bbox 1809 3552 1992 3607; x_wconf 88' lang='lat' dir='ltr'><strong>minus</strong></span> <span class='ocrx_word' id='word_1_268' title='bbox 2029 3550 2133 3621; x_wconf 89' lang='lat' dir='ltr'><strong>ipsi</strong></span> 
     </span>
    </p>
   </div>
   <div class='ocr_carea' id='block_1_40' title="bbox 546 3643 2135 3719">
    <p class='ocr_par' dir='ltr' id='par_1_40' title="bbox 546 3643 2135 3719">
     <span class='ocr_line' id='line_1_40' title="bbox 546 3643 2135 3719; baseline -0.004 -14"><span class='ocrx_word' id='word_1_269' title='bbox 546 3648 910 3719; x_wconf 87' lang='lat' dir='ltr'><strong>corporaliter</strong></span> <span class='ocrx_word' id='word_1_270' title='bbox 954 3646 1238 3717; x_wconf 87' lang='lat' dir='ltr'><strong>apparenti</strong></span> <span class='ocrx_word' id='word_1_271' title='bbox 1295 3644 1527 3715; x_wconf 90' lang='lat' dir='ltr'><strong>Spiritui</strong></span> <span class='ocrx_word' id='word_1_272' title='bbox 1581 3644 1953 3699; x_wconf 85' lang='lat' dir='ltr'><strong>celebramus.</strong></span> <span class='ocrx_word' id='word_1_273' title='bbox 2000 3643 2135 3699; x_wconf 85' lang='lat' dir='ltr'><strong>Ideo</strong></span> 
     </span>
    </p>
   </div>
   <div class='ocr_carea' id='block_1_41' title="bbox 547 3735 2135 3810">
    <p class='ocr_par' dir='ltr' id='par_1_41' title="bbox 547 3735 2135 3810">
     <span class='ocr_line' id='line_1_41' title="bbox 547 3735 2135 3810; baseline -0.004 -13"><span class='ocrx_word' id='word_1_274' title='bbox 547 3756 746 3797; x_wconf 89' lang='lat' dir='ltr'><strong>recens</strong></span> <span class='ocrx_word' id='word_1_275' title='bbox 778 3739 1091 3810; x_wconf 79' lang='lat' dir='ltr'><strong>baptizatis,</strong></span> <span class='ocrx_word' id='word_1_276' title='bbox 1118 3746 1179 3793; x_wconf 91' lang='lat' dir='ltr'><strong>ut</strong></span> <span class='ocrx_word' id='word_1_277' title='bbox 1207 3744 1543 3808; x_wconf 83' lang='lat' dir='ltr'><strong>ceg-noscant</strong></span> <span class='ocrx_word' id='word_1_278' title='bbox 1590 3746 1646 3792; x_wconf 92' lang='lat' dir='ltr'><strong>et</strong></span> <span class='ocrx_word' id='word_1_279' title='bbox 1676 3736 1904 3793; x_wconf 88' lang='lat' dir='ltr'><strong>credant</strong></span> <span class='ocrx_word' id='word_1_280' title='bbox 1953 3735 2135 3807; x_wconf 60' lang='lat' dir='ltr'><strong>digni-</strong></span> 
     </span>
    </p>
   </div>
   <div class='ocr_carea' id='block_1_42' title="bbox 547 3829 2134 3903">
    <p class='ocr_par' dir='ltr' id='par_1_42' title="bbox 547 3829 2134 3903">
     <span class='ocr_line' id='line_1_42' title="bbox 547 3829 2134 3903; baseline -0.003 -14"><span class='ocrx_word' id='word_1_281' title='bbox 547 3842 718 3889; x_wconf 85' lang='lat' dir='ltr'><strong>tatem</strong></span> <span class='ocrx_word' id='word_1_282' title='bbox 742 3831 981 3903; x_wconf 88' lang='lat' dir='ltr'><strong>Spiritus</strong></span> <span class='ocrx_word' id='word_1_283' title='bbox 1014 3830 1109 3901; x_wconf 88' lang='lat' dir='ltr'><strong>qui</strong></span> <span class='ocrx_word' id='word_1_284' title='bbox 1140 3830 1452 3900; x_wconf 86' lang='lat' dir='ltr'><strong>purilieavit</strong></span> <span class='ocrx_word' id='word_1_285' title='bbox 1481 3836 1538 3885; x_wconf 88' lang='lat' dir='ltr'><strong>et</strong></span> <span class='ocrx_word' id='word_1_286' title='bbox 1563 3829 1927 3893; x_wconf 87' lang='lat' dir='ltr'><strong>consecravit,</strong></span> <span class='ocrx_word' id='word_1_287' title='bbox 1955 3830 2134 3885; x_wconf 70' lang='lat' dir='ltr'><strong>arrbte</strong></span> 
     </span>
    </p>
   </div>
   <div class='ocr_carea' id='block_1_43' title="bbox 548 3920 2135 3994">
    <p class='ocr_par' dir='ltr' id='par_1_43' title="bbox 548 3920 2135 3994">
     <span class='ocr_line' id='line_1_43' title="bbox 548 3920 2135 3994; baseline -0.003 -13"><span class='ocrx_word' id='word_1_288' title='bbox 548 3926 678 3981; x_wconf 88' lang='lat' dir='ltr'><strong>data</strong></span> <span class='ocrx_word' id='word_1_289' title='bbox 724 3933 853 3980; x_wconf 89' lang='lat' dir='ltr'><strong>sunt</strong></span> <span class='ocrx_word' id='word_1_290' title='bbox 902 3922 1029 3979; x_wconf 73' lang='lat' dir='ltr'><strong>fidei</strong></span> <span class='ocrx_word' id='word_1_291' title='bbox 1071 3922 1312 3994; x_wconf 81' lang='lat' dir='ltr'><strong>Spiritus</strong></span> <span class='ocrx_word' id='word_1_292' title='bbox 1363 3920 1527 3987; x_wconf 87' lang='lat' dir='ltr'><strong>dona,</strong></span> <span class='ocrx_word' id='word_1_293' title='bbox 1582 3938 1773 3977; x_wconf 84' lang='lat' dir='ltr'><strong>verum</strong></span> <span class='ocrx_word' id='word_1_294' title='bbox 1822 3920 2135 3992; x_wconf 87' lang='lat' dir='ltr'><strong>adoptionis</strong></span> 
     </span>
    </p>
   </div>
   <div class='ocr_carea' id='block_1_44' title="bbox 548 4013 2135 4089">
    <p class='ocr_par' dir='ltr' id='par_1_44' title="bbox 548 4013 2135 4089">
     <span class='ocr_line' id='line_1_44' title="bbox 548 4013 2135 4089; baseline -0.002 -19"><span class='ocrx_word' id='word_1_295' title='bbox 548 4016 769 4089; x_wconf 84' lang='lat' dir='ltr'><strong>pignus.</strong></span> <span class='ocrx_word' id='word_1_296' title='bbox 800 4014 933 4072; x_wconf 85' lang='lat' dir='ltr'><strong>Cum</strong></span> <span class='ocrx_word' id='word_1_297' title='bbox 963 4016 1103 4069; x_wconf 89' lang='lat' dir='ltr'><strong>enim</strong></span> <span class='ocrx_word' id='word_1_298' title='bbox 1133 4014 1234 4083; x_wconf 82' lang='lat' dir='ltr'><strong>ﬁlii</strong></span> <span class='ocrx_word' id='word_1_299' title='bbox 1265 4014 1406 4079; x_wconf 87' lang='lat' dir='ltr'><strong>estis,</strong></span> <span class='ocrx_word' id='word_1_300' title='bbox 1436 4013 1571 4069; x_wconf 89' lang='lat' dir='ltr'><strong>dicit</strong></span> <span class='ocrx_word' id='word_1_301' title='bbox 1602 4014 1918 4083; x_wconf 84' lang='lat' dir='ltr'><strong>Apostolus,</strong></span> <span class='ocrx_word' id='word_1_302' title='bbox 1959 4015 2135 4067; x_wconf 88' lang='lat' dir='ltr'><strong>immi-</strong></span> 
     </span>
    </p>
   </div>
   <div class='ocr_carea' id='block_1_45' title="bbox 545 4104 2136 4176">
    <p class='ocr_par' dir='ltr' id='par_1_45' title="bbox 545 4104 2136 4176">
     <span class='ocr_line' id='line_1_45' title="bbox 545 4104 2136 4176; baseline -0.001 -15"><span class='ocrx_word' id='word_1_303' title='bbox 545 4110 617 4167; x_wconf 78' lang='lat' dir='ltr'><strong>sit</strong></span> <span class='ocrx_word' id='word_1_304' title='bbox 649 4109 788 4161; x_wconf 87' lang='lat' dir='ltr'><strong>Deus</strong></span> <span class='ocrx_word' id='word_1_305' title='bbox 816 4106 1062 4176; x_wconf 77' lang='lat' dir='ltr'><strong>spiritum</strong></span> <span class='ocrx_word' id='word_1_306' title='bbox 1092 4104 1213 4159; x_wconf 83' lang='lat' dir='ltr'><strong>Filii</strong></span> <span class='ocrx_word' id='word_1_307' title='bbox 1254 4106 1337 4160; x_wconf 84' lang='lat' dir='ltr'><strong>sui</strong></span> <span class='ocrx_word' id='word_1_308' title='bbox 1379 4106 1433 4158; x_wconf 92' lang='lat' dir='ltr'><strong>in</strong></span> <span class='ocrx_word' id='word_1_309' title='bbox 1466 4105 1625 4159; x_wconf 87' lang='lat' dir='ltr'><strong>corda</strong></span> <span class='ocrx_word' id='word_1_310' title='bbox 1656 4104 1898 4170; x_wconf 67' lang='lat' dir='ltr'><strong>vestra‘;</strong></span> <span class='ocrx_word' id='word_1_311' title='bbox 1931 4114 1987 4159; x_wconf 87' lang='lat' dir='ltr'><strong>et</strong></span> <span class='ocrx_word' id='word_1_312' title='bbox 2017 4104 2136 4165; x_wconf 74' lang='lat' dir='ltr'><strong>Sal-</strong></span> 
     </span>
    </p>
   </div>
   <div class='ocr_carea' id='block_1_46' title="bbox 549 4196 2128 4270">
    <p class='ocr_par' dir='ltr' id='par_1_46' title="bbox 549 4196 2128 4270">
     <span class='ocr_line' id='line_1_46' title="bbox 549 4196 2128 4270; baseline -0.002 -16"><span class='ocrx_word' id='word_1_313' title='bbox 549 4210 742 4255; x_wconf 86' lang='lat' dir='ltr'><strong>vator:</strong></span> <span class='ocrx_word' id='word_1_314' title='bbox 778 4200 894 4255; x_wconf 83' lang='lat' dir='ltr'><strong>Nisi</strong></span> <span class='ocrx_word' id='word_1_315' title='bbox 924 4200 1039 4270; x_wconf 85' lang='lat' dir='ltr'><strong>quis</strong></span> <span class='ocrx_word' id='word_1_316' title='bbox 1077 4208 1293 4254; x_wconf 86' lang='lat' dir='ltr'><strong>renatus</strong></span> <span class='ocrx_word' id='word_1_317' title='bbox 1325 4199 1483 4269; x_wconf 77' lang='lat' dir='ltr'><strong>fuerit</strong></span> <span class='ocrx_word' id='word_1_318' title='bbox 1510 4214 1574 4252; x_wconf 77' lang='lat' dir='ltr'><strong>ex</strong></span> <span class='ocrx_word' id='word_1_319' title='bbox 1610 4214 1750 4268; x_wconf 81' lang='lat' dir='ltr'><strong>aqua</strong></span> <span class='ocrx_word' id='word_1_320' title='bbox 1781 4206 1831 4251; x_wconf 87' lang='lat' dir='ltr'><strong>et</strong></span> <span class='ocrx_word' id='word_1_321' title='bbox 1865 4196 2070 4269; x_wconf 82' lang='lat' dir='ltr'><strong>Spiritu</strong></span> <span class='ocrx_word' id='word_1_322' title='bbox 2084 4198 2128 4251; x_wconf 83' lang='grc'><strong>⁸.</strong></span> 
     </span>
    </p>
   </div>
   <div class='ocr_carea' id='block_1_47' title="bbox 548 4288 2134 4360">
    <p class='ocr_par' dir='ltr' id='par_1_47' title="bbox 548 4288 2134 4360">
     <span class='ocr_line' id='line_1_47' title="bbox 548 4288 2134 4360; baseline -0.001 -14"><span class='ocrx_word' id='word_1_323' title='bbox 548 4324 624 4335; x_wconf 94' lang='grc'><strong><em>-</em></strong></span> <span class='ocrx_word' id='word_1_324' title='bbox 665 4293 763 4348; x_wconf 86' lang='lat' dir='ltr'><strong>Vos</strong></span> <span class='ocrx_word' id='word_1_325' title='bbox 814 4300 991 4347; x_wconf 82' lang='lat' dir='ltr'><strong>autem</strong></span> <span class='ocrx_word' id='word_1_326' title='bbox 1042 4291 1442 4357; x_wconf 82' lang='lat' dir='ltr'><strong>baptizabimini</strong></span> <span class='ocrx_word' id='word_1_327' title='bbox 1484 4292 1541 4343; x_wconf 89' lang='lat' dir='ltr'><strong>in</strong></span> <span class='ocrx_word' id='word_1_328' title='bbox 1586 4298 1770 4344; x_wconf 85' lang='lat' dir='ltr'><strong>sancto</strong></span> <span class='ocrx_word' id='word_1_329' title='bbox 1829 4288 2031 4360; x_wconf 86' lang='lat' dir='ltr'><strong>Spiritu</strong></span> <span class='ocrx_word' id='word_1_330' title='bbox 2085 4301 2134 4345; x_wconf 87' lang='lat' dir='ltr'><strong>et</strong></span> 
     </span>
    </p>
   </div>
   <div class='ocr_carea' id='block_1_48' title="bbox 548 4380 2128 4456">
    <p class='ocr_par' dir='ltr' id='par_1_48' title="bbox 548 4380 2128 4456">
     <span class='ocr_line' id='line_1_48' title="bbox 548 4380 2128 4456; baseline -0.004 -14"><span class='ocrx_word' id='word_1_331' title='bbox 548 4385 740 4456; x_wconf 65' lang='lat' dir='ltr'><strong>igne“;</strong></span> <span class='ocrx_word' id='word_1_332' title='bbox 792 4395 848 4439; x_wconf 88' lang='lat' dir='ltr'><strong>et</strong></span> <span class='ocrx_word' id='word_1_333' title='bbox 903 4384 1100 4437; x_wconf 87' lang='lat' dir='ltr'><strong>beatus</strong></span> <span class='ocrx_word' id='word_1_334' title='bbox 1143 4383 1431 4438; x_wconf 81' lang='lat' dir='ltr'><strong>Joannes:</strong></span> <span class='ocrx_word' id='word_1_335' title='bbox 1486 4380 1550 4435; x_wconf 90' lang='lat' dir='ltr'><strong>In</strong></span> <span class='ocrx_word' id='word_1_336' title='bbox 1612 4382 1707 4435; x_wconf 85' lang='lat' dir='ltr'><strong>hoc</strong></span> <span class='ocrx_word' id='word_1_337' title='bbox 1754 4384 2128 4451; x_wconf 80' lang='lat' dir='ltr'><strong>cognoscimus,</strong></span> 
     </span>
    </p>
   </div>
   <div class='ocr_carea' id='block_1_49' title="bbox 2205 496 3801 582">
    <p class='ocr_par' dir='ltr' id='par_1_49' title="bbox 2205 496 3801 582">
     <span class='ocr_line' id='line_1_49' title="bbox 2205 496 3801 582; baseline -0.011 -16"><span class='ocrx_word' id='word_1_338' title='bbox 2205 527 2396 582; x_wconf 86' lang='grc' dir='ltr'><strong>τερον,</strong></span> <span class='ocrx_word' id='word_1_339' title='bbox 2450 500 2541 563; x_wconf 76' lang='grc' dir='ltr'><strong>οἷα</strong></span> <span class='ocrx_word' id='word_1_340' title='bbox 2577 506 2775 578; x_wconf 67' lang='grc' dir='ltr'><strong>τροφδς</strong></span> <span class='ocrx_word' id='word_1_341' title='bbox 2808 501 3183 572; x_wconf 80' lang='grc' dir='ltr'><strong>ὑποδεξαμένη</strong></span> <span class='ocrx_word' id='word_1_342' title='bbox 3208 496 3683 569; x_wconf 75' lang='grc' dir='ltr'><strong>σπαργανωθὲντα</strong></span> <span class='ocrx_word' id='word_1_343' title='bbox 3709 498 3801 550; x_wconf 68' lang='grc' dir='ltr'><strong>τὶν</strong></span> 
     </span>
    </p>
   </div>
   <div class='ocr_carea' id='block_1_50' title="bbox 2210 590 3797 673">
    <p class='ocr_par' dir='ltr' id='par_1_50' title="bbox 2210 590 3797 673">
     <span class='ocr_line' id='line_1_50' title="bbox 2210 590 3797 673; baseline -0.012 -13"><span class='ocrx_word' id='word_1_344' title='bbox 2210 606 2385 673; x_wconf 81' lang='grc' dir='ltr'><strong>Λόγον</strong></span> <span class='ocrx_word' id='word_1_345' title='bbox 2403 641 2419 667; x_wconf 88' lang='grc'><strong>,</strong></span> <span class='ocrx_word' id='word_1_346' title='bbox 2466 601 2502 672; x_wconf 74' lang='grc' dir='ltr'>ἦ</span> <span class='ocrx_word' id='word_1_347' title='bbox 2547 616 2679 654; x_wconf 87' lang='grc' dir='ltr'><strong>ποτε</strong></span> <span class='ocrx_word' id='word_1_348' title='bbox 2714 599 2823 654; x_wconf 88' lang='grc' dir='ltr'><strong>τῶν</strong></span> <span class='ocrx_word' id='word_1_349' title='bbox 2852 595 3066 662; x_wconf 81' lang='grc' dir='ltr'><strong>ἀλόγων</strong></span> <span class='ocrx_word' id='word_1_350' title='bbox 3096 594 3207 646; x_wconf 86' lang='grc' dir='ltr'><strong>τῶν</strong></span> <span class='ocrx_word' id='word_1_351' title='bbox 3232 592 3311 663; x_wconf 84' lang='grc' dir='ltr'><strong>τῷ</strong></span> <span class='ocrx_word' id='word_1_352' title='bbox 3333 592 3490 662; x_wconf 77' lang='grc' dir='ltr'><strong>νόμῳ</strong></span> <span class='ocrx_word' id='word_1_353' title='bbox 3513 590 3797 660; x_wconf 78' lang='grc' dir='ltr'><strong>καθαρῶν,</strong></span> 
     </span>
    </p>
   </div>
   <div class='ocr_carea' id='block_1_51' title="bbox 2210 682 3799 764">
    <p class='ocr_par' dir='ltr' id='par_1_51' title="bbox 2210 682 3799 764">
     <span class='ocr_line' id='line_1_51' title="bbox 2210 682 3799 764; baseline -0.013 -13"><span class='ocrx_word' id='word_1_354' title='bbox 2210 699 2305 757; x_wconf 76' lang='grc' dir='ltr'><strong>καὶ</strong></span> <span class='ocrx_word' id='word_1_355' title='bbox 2326 694 2658 764; x_wconf 80' lang='grc' dir='ltr'><strong>ἀκαθάρτων</strong></span> <span class='ocrx_word' id='word_1_356' title='bbox 2682 689 2844 762; x_wconf 82' lang='grc' dir='ltr'><strong>βοῶν,</strong></span> <span class='ocrx_word' id='word_1_357' title='bbox 2866 687 2962 741; x_wconf 77' lang='grc' dir='ltr'><strong>καὶ</strong></span> <span class='ocrx_word' id='word_1_358' title='bbox 2984 686 3122 739; x_wconf 78' lang='grc' dir='ltr'><strong>δνων</strong></span> <span class='ocrx_word' id='word_1_359' title='bbox 3147 682 3440 754; x_wconf 78' lang='grc' dir='ltr'><strong>δεξαμένη,</strong></span> <span class='ocrx_word' id='word_1_360' title='bbox 3457 683 3559 734; x_wconf 72' lang='grc' dir='ltr'><strong>καὶ</strong></span> <span class='ocrx_word' id='word_1_361' title='bbox 3573 682 3799 751; x_wconf 73' lang='grc' dir='ltr'><strong>τροφδςο</strong></span> 
     </span>
    </p>
   </div>
   <div class='ocr_carea' id='block_1_52' title="bbox 2209 770 3803 857">
    <p class='ocr_par' dir='ltr' id='par_1_52' title="bbox 2209 770 3803 857">
     <span class='ocr_line' id='line_1_52' title="bbox 2209 770 3803 857; baseline -0.013 -15"><span class='ocrx_word' id='word_1_362' title='bbox 2209 784 2290 853; x_wconf 72' lang='grc' dir='ltr'><strong>οἷς</strong></span> <span class='ocrx_word' id='word_1_363' title='bbox 2309 785 2564 857; x_wconf 80' lang='grc' dir='ltr'><strong>δηλοῦται</strong></span> <span class='ocrx_word' id='word_1_364' title='bbox 2581 783 2648 836; x_wconf 76' lang='grc' dir='ltr'><strong>τά</strong></span> <span class='ocrx_word' id='word_1_365' title='bbox 2664 781 2759 836; x_wconf 85' lang='grc' dir='ltr'><strong>δύο</strong></span> <span class='ocrx_word' id='word_1_366' title='bbox 2786 778 2881 836; x_wconf 78' lang='grc' dir='ltr'><strong>τοῦ</strong></span> <span class='ocrx_word' id='word_1_367' title='bbox 2902 778 3110 846; x_wconf 81' lang='grc' dir='ltr'><strong>κόσμου</strong></span> <span class='ocrx_word' id='word_1_368' title='bbox 3128 774 3386 845; x_wconf 84' lang='grc' dir='ltr'><strong>διχοτομή</strong></span> <span class='ocrx_word' id='word_1_369' title='bbox 3395 789 3572 842; x_wconf 86' lang='grc' dir='ltr'><strong>ματα,</strong></span> <span class='ocrx_word' id='word_1_370' title='bbox 3590 771 3684 824; x_wconf 71' lang='grc' dir='ltr'><strong>διὰ</strong></span> <span class='ocrx_word' id='word_1_371' title='bbox 3706 770 3803 841; x_wconf 78' lang='grc' dir='ltr'><strong>μὲν</strong></span> 
     </span>
    </p>
   </div>
   <div class='ocr_carea' id='block_1_53' title="bbox 2209 861 3804 949">
    <p class='ocr_par' dir='ltr' id='par_1_53' title="bbox 2209 861 3804 949">
     <span class='ocr_line' id='line_1_53' title="bbox 2209 861 3804 949; baseline -0.015 -14"><span class='ocrx_word' id='word_1_372' title='bbox 2209 880 2319 934; x_wconf 90' lang='grc' dir='ltr'><strong>τῶν</strong></span> <span class='ocrx_word' id='word_1_373' title='bbox 2354 876 2514 949; x_wconf 89' lang='grc' dir='ltr'><strong>βοῶν,</strong></span> <span class='ocrx_word' id='word_1_374' title='bbox 2552 873 2675 944; x_wconf 86' lang='grc' dir='ltr'><strong>ὀτῷ</strong></span> <span class='ocrx_word' id='word_1_375' title='bbox 2705 871 2801 927; x_wconf 76' lang='grc' dir='ltr'><strong>τοῦ</strong></span> <span class='ocrx_word' id='word_1_376' title='bbox 2837 870 3003 940; x_wconf 85' lang='grc' dir='ltr'><strong>νόμου</strong></span> <span class='ocrx_word' id='word_1_377' title='bbox 3042 866 3192 936; x_wconf 81' lang='grc' dir='ltr'><strong>ζυγῷ</strong></span> <span class='ocrx_word' id='word_1_378' title='bbox 3225 864 3517 926; x_wconf 72' lang='grc' dir='ltr'><strong>ὐποτεθεὶς</strong></span> <span class='ocrx_word' id='word_1_379' title='bbox 3561 861 3804 935; x_wconf 72' lang='grc' dir='ltr'><strong>Ἰσραὴλ,</strong></span> 
     </span>
    </p>
   </div>
   <div class='ocr_carea' id='block_1_54' title="bbox 2211 954 3806 1041">
    <p class='ocr_par' dir='ltr' id='par_1_54' title="bbox 2211 954 3806 1041">
     <span class='ocr_line' id='line_1_54' title="bbox 2211 954 3806 1041; baseline -0.012 -15"><span class='ocrx_word' id='word_1_380' title='bbox 2211 972 2307 1026; x_wconf 71' lang='grc' dir='ltr'><strong>καὶ</strong></span> <span class='ocrx_word' id='word_1_381' title='bbox 2332 970 2570 1041; x_wconf 81' lang='grc' dir='ltr'><strong>ἐργάτης</strong></span> <span class='ocrx_word' id='word_1_382' title='bbox 2595 962 2734 1019; x_wconf 82' lang='grc' dir='ltr'><strong>εῐναι</strong></span> <span class='ocrx_word' id='word_1_383' title='bbox 2762 963 2869 1016; x_wconf 90' lang='grc' dir='ltr'><strong>τῶν</strong></span> <span class='ocrx_word' id='word_1_384' title='bbox 2898 960 3128 1015; x_wconf 75' lang='grc' dir='ltr'><strong>ἐντολῶν</strong></span> <span class='ocrx_word' id='word_1_385' title='bbox 3155 955 3495 1027; x_wconf 73' lang='grc' dir='ltr'><strong>ἐπιταχθείςο</strong></span> <span class='ocrx_word' id='word_1_386' title='bbox 3512 955 3679 1009; x_wconf 78' lang='grc' dir='ltr'><strong>διὰδὲ</strong></span> <span class='ocrx_word' id='word_1_387' title='bbox 3700 954 3806 1007; x_wconf 66' lang='grc' dir='ltr'><strong>τῶν</strong></span> 
     </span>
    </p>
   </div>
   <div class='ocr_carea' id='block_1_55' title="bbox 2212 1046 3806 1134">
    <p class='ocr_par' dir='ltr' id='par_1_55' title="bbox 2212 1046 3806 1134">
     <span class='ocr_line' id='line_1_55' title="bbox 2212 1046 3806 1134; baseline -0.014 -15"><span class='ocrx_word' id='word_1_388' title='bbox 2212 1068 2375 1127; x_wconf 82' lang='grc' dir='ltr'><strong>ὄνων,</strong></span> <span class='ocrx_word' id='word_1_389' title='bbox 2399 1064 2435 1134; x_wconf 78' lang='grc' dir='ltr'>ἠ</span> <span class='ocrx_word' id='word_1_390' title='bbox 2467 1062 2577 1114; x_wconf 90' lang='grc' dir='ltr'><strong>τῶν</strong></span> <span class='ocrx_word' id='word_1_391' title='bbox 2603 1058 2775 1113; x_wconf 77' lang='grc' dir='ltr'><strong>ἐθνῶν</strong></span> <span class='ocrx_word' id='word_1_392' title='bbox 2802 1053 3037 1125; x_wconf 84' lang='grc' dir='ltr'><strong>πληθὺς,</strong></span> <span class='ocrx_word' id='word_1_393' title='bbox 3069 1053 3105 1123; x_wconf 77' lang='grc' dir='ltr'><strong>ἡ</strong></span> <span class='ocrx_word' id='word_1_394' title='bbox 3126 1048 3368 1121; x_wconf 81' lang='grc' dir='ltr'><strong>νομικῶν</strong></span> <span class='ocrx_word' id='word_1_395' title='bbox 3401 1047 3506 1119; x_wconf 86' lang='grc' dir='ltr'><strong>μὲν</strong></span> <span class='ocrx_word' id='word_1_396' title='bbox 3541 1046 3806 1114; x_wconf 74' lang='grc' dir='ltr'><strong>ἐλευθέρα</strong></span> 
     </span>
    </p>
   </div>
   <div class='ocr_carea' id='block_1_56' title="bbox 2214 1138 3807 1226">
    <p class='ocr_par' dir='ltr' id='par_1_56' title="bbox 2214 1138 3807 1226">
     <span class='ocr_line' id='line_1_56' title="bbox 2214 1138 3807 1226; baseline -0.014 -14"><span class='ocrx_word' id='word_1_397' title='bbox 2214 1157 2414 1226; x_wconf 79' lang='grc' dir='ltr'><strong>ζυγῶν,</strong></span> <span class='ocrx_word' id='word_1_398' title='bbox 2447 1153 2785 1223; x_wconf 79' lang='grc' dir='ltr'><strong>ὑπόστρωμα</strong></span> <span class='ocrx_word' id='word_1_399' title='bbox 2809 1149 2867 1203; x_wconf 81' lang='grc' dir='ltr'><strong>δὲ</strong></span> <span class='ocrx_word' id='word_1_400' title='bbox 2895 1147 2987 1200; x_wconf 73' lang='grc' dir='ltr'><strong>καὶ</strong></span> <span class='ocrx_word' id='word_1_401' title='bbox 3010 1144 3249 1215; x_wconf 82' lang='grc' dir='ltr'><strong>καθέδρα</strong></span> <span class='ocrx_word' id='word_1_402' title='bbox 3276 1141 3579 1212; x_wconf 74' lang='grc' dir='ltr'><strong>δαιμονίων</strong></span> <span class='ocrx_word' id='word_1_403' title='bbox 3605 1138 3807 1207; x_wconf 78' lang='grc' dir='ltr'><strong>τυγχά·</strong></span> 
     </span>
    </p>
   </div>
   <div class='ocr_carea' id='block_1_57' title="bbox 2215 1228 3805 1309">
    <p class='ocr_par' dir='ltr' id='par_1_57' title="bbox 2215 1228 3805 1309">
     <span class='ocr_line' id='line_1_57' title="bbox 2215 1228 3805 1309; baseline -0.015 -8"><span class='ocrx_word' id='word_1_404' title='bbox 2215 1260 2405 1301; x_wconf 84' lang='grc' dir='ltr'><strong>νουσα.</strong></span> <span class='ocrx_word' id='word_1_405' title='bbox 2436 1239 2552 1295; x_wconf 71' lang='grc' dir='ltr'><strong>Καὶ</strong></span> <span class='ocrx_word' id='word_1_406' title='bbox 2582 1236 2908 1309; x_wconf 79' lang='grc' dir='ltr'><strong>Ἀμὸακοὺμ</strong></span> <span class='ocrx_word' id='word_1_407' title='bbox 2934 1234 3005 1288; x_wconf 84' lang='grc' dir='ltr'><strong>τὰ</strong></span> <span class='ocrx_word' id='word_1_408' title='bbox 3031 1234 3128 1304; x_wconf 81' lang='grc' dir='ltr'><strong>τῆς</strong></span> <span class='ocrx_word' id='word_1_409' title='bbox 3154 1231 3471 1301; x_wconf 74' lang='grc' dir='ltr'><strong>οἰκονομίας</strong></span> <span class='ocrx_word' id='word_1_410' title='bbox 3496 1228 3805 1301; x_wconf 76' lang='grc' dir='ltr'><strong>προλέγων,</strong></span> 
     </span>
    </p>
   </div>
   <div class='ocr_carea' id='block_1_58' title="bbox 2226 1318 3808 1404">
    <p class='ocr_par' dir='ltr' id='par_1_58' title="bbox 2226 1318 3808 1404">
     <span class='ocr_line' id='line_1_58' title="bbox 2226 1318 3808 1404; baseline -0.013 -14"><span class='ocrx_word' id='word_1_411' title='bbox 2226 1337 2325 1390; x_wconf 81' lang='grc' dir='ltr'><strong>Ἐν</strong></span> <span class='ocrx_word' id='word_1_412' title='bbox 2363 1332 2537 1404; x_wconf 74' lang='grc' dir='ltr'><strong>μέσῳ</strong></span> <span class='ocrx_word' id='word_1_413' title='bbox 2584 1329 2695 1384; x_wconf 84' lang='grc' dir='ltr'><strong>δύο</strong></span> <span class='ocrx_word' id='word_1_414' title='bbox 2738 1327 2895 1389; x_wconf 76' lang='grc' dir='ltr'><strong>ζώων</strong></span> <span class='ocrx_word' id='word_1_415' title='bbox 2937 1323 3305 1395; x_wconf 70' lang='grc' dir='ltr'><strong>γνωσθήσῃ,</strong></span> <span class='ocrx_word' id='word_1_416' title='bbox 3340 1320 3554 1391; x_wconf 75' lang='grc' dir='ltr'><strong>φησιν’</strong></span> <span class='ocrx_word' id='word_1_417' title='bbox 3602 1321 3677 1389; x_wconf 78' lang='grc' dir='ltr'><strong>τῇ</strong></span> <span class='ocrx_word' id='word_1_418' title='bbox 3702 1318 3808 1388; x_wconf 77' lang='grc' dir='ltr'><strong>γάρ</strong></span> 
     </span>
    </p>
   </div>
   <div class='ocr_carea' id='block_1_59' title="bbox 2214 1409 3810 1495">
    <p class='ocr_par' dir='ltr' id='par_1_59' title="bbox 2214 1409 3810 1495">
     <span class='ocr_line' id='line_1_59' title="bbox 2214 1409 3810 1495; baseline -0.013 -11"><span class='ocrx_word' id='word_1_419' title='bbox 2214 1426 2311 1484; x_wconf 80' lang='grc' dir='ltr'><strong>τοῦ</strong></span> <span class='ocrx_word' id='word_1_420' title='bbox 2341 1425 2517 1495; x_wconf 79' lang='grc' dir='ltr'><strong>Λόγου</strong></span> <span class='ocrx_word' id='word_1_421' title='bbox 2553 1420 2806 1495; x_wconf 76' lang='grc' dir='ltr'><strong>μεσιτεία</strong></span> <span class='ocrx_word' id='word_1_422' title='bbox 2838 1417 3173 1472; x_wconf 82' lang='grc' dir='ltr'><strong>συνάπτεται</strong></span> <span class='ocrx_word' id='word_1_423' title='bbox 3199 1414 3350 1477; x_wconf 75' lang='grc' dir='ltr'><strong>ἔθνος</strong></span> <span class='ocrx_word' id='word_1_424' title='bbox 3377 1412 3689 1483; x_wconf 78' lang='grc' dir='ltr'><strong>ἑκάτερον,</strong></span> <span class='ocrx_word' id='word_1_425' title='bbox 3721 1409 3810 1464; x_wconf 73' lang='grc' dir='ltr'><strong>καὶ</strong></span> 
     </span>
    </p>
   </div>
   <div class='ocr_carea' id='block_1_60' title="bbox 2214 1499 3809 1591">
    <p class='ocr_par' dir='ltr' id='par_1_60' title="bbox 2214 1499 3809 1591">
     <span class='ocr_line' id='line_1_60' title="bbox 2214 1499 3809 1591; baseline -0.015 -14"><span class='ocrx_word' id='word_1_426' title='bbox 2214 1521 2312 1577; x_wconf 82' lang='grc' dir='ltr'><strong>τοῦ</strong></span> <span class='ocrx_word' id='word_1_427' title='bbox 2341 1514 2602 1591; x_wconf 86' lang='grc' dir='ltr'><strong>φραγμοῦ</strong></span> <span class='ocrx_word' id='word_1_428' title='bbox 2630 1517 2693 1568; x_wconf 81' lang='grc' dir='ltr'><strong>τὸ</strong></span> <span class='ocrx_word' id='word_1_429' title='bbox 2723 1510 3039 1583; x_wconf 77' lang='grc' dir='ltr'><strong>μεσότοιχον</strong></span> <span class='ocrx_word' id='word_1_430' title='bbox 3064 1506 3273 1561; x_wconf 80' lang='grc' dir='ltr'><strong>λύεται·</strong></span> <span class='ocrx_word' id='word_1_431' title='bbox 3310 1505 3414 1560; x_wconf 81' lang='grc' dir='ltr'><strong>Ἐν</strong></span> <span class='ocrx_word' id='word_1_432' title='bbox 3436 1504 3553 1573; x_wconf 79' lang='grc' dir='ltr'><strong>τὰρ</strong></span> <span class='ocrx_word' id='word_1_433' title='bbox 3579 1499 3809 1571; x_wconf 75' lang='grc' dir='ltr'><strong>Χριστῷ</strong></span> 
     </span>
    </p>
   </div>
   <div class='ocr_carea' id='block_1_61' title="bbox 2216 1596 3812 1683">
    <p class='ocr_par' dir='ltr' id='par_1_61' title="bbox 2216 1596 3812 1683">
     <span class='ocr_line' id='line_1_61' title="bbox 2216 1596 3812 1683; baseline -0.017 -12"><span class='ocrx_word' id='word_1_434' title='bbox 2216 1612 2423 1683; x_wconf 86' lang='grc' dir='ltr'><strong>ἰησοῦ</strong></span> <span class='ocrx_word' id='word_1_435' title='bbox 2451 1612 2563 1666; x_wconf 83' lang='grc' dir='ltr'><strong>οὐκ</strong></span> <span class='ocrx_word' id='word_1_436' title='bbox 2597 1608 2769 1663; x_wconf 71' lang='grc' dir='ltr'><strong>ἐστιν</strong></span> <span class='ocrx_word' id='word_1_437' title='bbox 2798 1606 3034 1671; x_wconf 70' lang='grc' dir='ltr'><em>Ἕλλην</em></span> <span class='ocrx_word' id='word_1_438' title='bbox 3064 1600 3163 1655; x_wconf 67' lang='grc' dir='ltr'><strong>καὶ</strong></span> <span class='ocrx_word' id='word_1_439' title='bbox 3197 1596 3509 1662; x_wconf 83' lang='grc' dir='ltr'><strong>Ἰουδαῖος,</strong></span> <span class='ocrx_word' id='word_1_440' title='bbox 3544 1597 3622 1649; x_wconf 83' lang='grc' dir='ltr'><strong>οὐ</strong></span> <span class='ocrx_word' id='word_1_441' title='bbox 3653 1609 3812 1661; x_wconf 67' lang='grc' dir='ltr'><strong>περι-</strong></span> 
     </span>
    </p>
   </div>
   <div class='ocr_carea' id='block_1_62' title="bbox 2218 1686 3809 1778">
    <p class='ocr_par' dir='ltr' id='par_1_62' title="bbox 2218 1686 3809 1778">
     <span class='ocr_line' id='line_1_62' title="bbox 2218 1686 3809 1778; baseline -0.016 -16"><span class='ocrx_word' id='word_1_442' title='bbox 2218 1705 2371 1778; x_wconf 82' lang='grc' dir='ltr'><strong>τομὴ</strong></span> <span class='ocrx_word' id='word_1_443' title='bbox 2403 1704 2503 1759; x_wconf 82' lang='grc' dir='ltr'><strong>καὶ</strong></span> <span class='ocrx_word' id='word_1_444' title='bbox 2534 1699 2926 1771; x_wconf 76' lang='grc' dir='ltr'><strong>ἀκροϐυστία.</strong></span> <span class='ocrx_word' id='word_1_445' title='bbox 2959 1697 3070 1751; x_wconf 75' lang='grc' dir='ltr'><strong>Καὶ</strong></span> <span class='ocrx_word' id='word_1_446' title='bbox 3100 1694 3311 1765; x_wconf 83' lang='grc' dir='ltr'><strong>μάρτυς</strong></span> <span class='ocrx_word' id='word_1_447' title='bbox 3335 1690 3446 1744; x_wconf 83' lang='grc' dir='ltr'><strong>τῶν</strong></span> <span class='ocrx_word' id='word_1_448' title='bbox 3468 1686 3809 1760; x_wconf 80' lang='grc' dir='ltr'><strong>εἰρημένων,</strong></span> 
     </span>
    </p>
   </div>
   <div class='ocr_carea' id='block_1_63' title="bbox 2220 1780 3815 1871">
    <p class='ocr_par' dir='ltr' id='par_1_63' title="bbox 2220 1780 3815 1871">
     <span class='ocr_line' id='line_1_63' title="bbox 2220 1780 3815 1871; baseline -0.018 -15"><span class='ocrx_word' id='word_1_449' title='bbox 2220 1803 2247 1855; x_wconf 85' lang='grc' dir='ltr'><strong>ὃ</strong></span> <span class='ocrx_word' id='word_1_450' title='bbox 2275 1818 2335 1855; x_wconf 85' lang='grc' dir='ltr'><strong>τε</strong></span> <span class='ocrx_word' id='word_1_451' title='bbox 2368 1800 2544 1871; x_wconf 79' lang='grc' dir='ltr'><strong>μέγας</strong></span> <span class='ocrx_word' id='word_1_452' title='bbox 2572 1793 2876 1865; x_wconf 85' lang='grc' dir='ltr'><strong>Γρηγόριος</strong></span> <span class='ocrx_word' id='word_1_453' title='bbox 2900 1788 3093 1858; x_wconf 81' lang='grc' dir='ltr'><strong>λέγων·</strong></span> <span class='ocrx_word' id='word_1_454' title='bbox 3131 1805 3150 1840; x_wconf 80' lang='grc' dir='ltr'><strong>ι</strong></span> <span class='ocrx_word' id='word_1_455' title='bbox 3182 1786 3296 1855; x_wconf 85' lang='grc' dir='ltr'><strong>Τὴν</strong></span> <span class='ocrx_word' id='word_1_456' title='bbox 3322 1784 3541 1853; x_wconf 78' lang='grc' dir='ltr'><strong>φάτνην</strong></span> <span class='ocrx_word' id='word_1_457' title='bbox 3570 1780 3815 1852; x_wconf 69' lang='grc' dir='ltr'><strong>προσκύ-</strong></span> 
     </span>
    </p>
   </div>
   <div class='ocr_carea' id='block_1_64' title="bbox 2222 1872 3815 1965">
    <p class='ocr_par' dir='ltr' id='par_1_64' title="bbox 2222 1872 3815 1965">
     <span class='ocr_line' id='line_1_64' title="bbox 2222 1872 3815 1965; baseline -0.016 -16"><span class='ocrx_word' id='word_1_458' title='bbox 2222 1910 2406 1965; x_wconf 79' lang='grc' dir='ltr'><strong>νησον,</strong></span> <span class='ocrx_word' id='word_1_459' title='bbox 2440 1890 2507 1943; x_wconf 81' lang='grc' dir='ltr'><strong>δι’</strong></span> <span class='ocrx_word' id='word_1_460' title='bbox 2532 1888 2599 1960; x_wconf 75' lang='grc' dir='ltr'><strong>ἢν</strong></span> <span class='ocrx_word' id='word_1_461' title='bbox 2627 1886 2821 1954; x_wconf 79' lang='grc' dir='ltr'><strong>ἄλογος</strong></span> <span class='ocrx_word' id='word_1_462' title='bbox 2851 1883 2926 1938; x_wconf 81' lang='grc' dir='ltr'><strong>ὢν</strong></span> <span class='ocrx_word' id='word_1_463' title='bbox 2955 1880 3199 1952; x_wconf 75' lang='grc' dir='ltr'><strong>ἐτράφης</strong></span> <span class='ocrx_word' id='word_1_464' title='bbox 3229 1876 3335 1931; x_wconf 71' lang='grc' dir='ltr'><strong>ὑπὸ</strong></span> <span class='ocrx_word' id='word_1_465' title='bbox 3357 1874 3456 1929; x_wconf 78' lang='grc' dir='ltr'><strong>τοῦ</strong></span> <span class='ocrx_word' id='word_1_466' title='bbox 3480 1872 3815 1965; x_wconf 42' lang='grc' dir='ltr'><strong>λόγουξκαὶ</strong></span> 
     </span>
    </p>
   </div>
   <div class='ocr_carea' id='block_1_65' title="bbox 2222 1963 3815 2059">
    <p class='ocr_par' dir='ltr' id='par_1_65' title="bbox 2222 1963 3815 2059">
     <span class='ocr_line' id='line_1_65' title="bbox 2222 1963 3815 2059; baseline -0.018 -17"><span class='ocrx_word' id='word_1_467' title='bbox 2222 1963 2393 2059; x_wconf 86' lang='grc' dir='ltr'><strong>γνῶθι</strong></span> <span class='ocrx_word' id='word_1_468' title='bbox 2434 1982 2509 2047; x_wconf 83' lang='grc' dir='ltr'><strong>ὡς</strong></span> <span class='ocrx_word' id='word_1_469' title='bbox 2548 1979 2677 2052; x_wconf 80' lang='grc' dir='ltr'><strong>βοῦς</strong></span> <span class='ocrx_word' id='word_1_470' title='bbox 2707 1978 2799 2031; x_wconf 81' lang='grc' dir='ltr'><strong>τὸν</strong></span> <span class='ocrx_word' id='word_1_471' title='bbox 2830 1974 3171 2044; x_wconf 84' lang='grc' dir='ltr'><strong>κτησάμενον</strong></span> <span class='ocrx_word' id='word_1_472' title='bbox 3193 2012 3209 2038; x_wconf 92' lang='grc'><strong>,</strong></span> <span class='ocrx_word' id='word_1_473' title='bbox 3248 1968 3479 2030; x_wconf 76' lang='grc' dir='ltr'><strong>Ἦσαῖας</strong></span> <span class='ocrx_word' id='word_1_474' title='bbox 3503 1963 3815 2059; x_wconf 52' lang='grc' dir='ltr'><strong>Δδιαιιελειξσ</strong></span> 
     </span>
    </p>
   </div>
   <div class='ocr_carea' id='block_1_66' title="bbox 2222 2051 3813 2135">
    <p class='ocr_par' dir='ltr' id='par_1_66' title="bbox 2222 2051 3813 2135">
     <span class='ocr_line' id='line_1_66' title="bbox 2222 2051 3813 2135; baseline -0.019 -2"><span class='ocrx_word' id='word_1_475' title='bbox 2222 2077 2344 2133; x_wconf 84' lang='grc' dir='ltr'><strong>εταί</strong></span> <span class='ocrx_word' id='word_1_476' title='bbox 2374 2092 2457 2129; x_wconf 89' lang='grc' dir='ltr'><strong>σοι</strong></span> <span class='ocrx_word' id='word_1_477' title='bbox 2481 2088 2496 2104; x_wconf 88' lang='grc'><strong>·</strong></span> <span class='ocrx_word' id='word_1_478' title='bbox 2530 2071 2622 2126; x_wconf 77' lang='grc' dir='ltr'><strong>καὶ</strong></span> <span class='ocrx_word' id='word_1_479' title='bbox 2653 2068 2729 2133; x_wconf 85' lang='grc' dir='ltr'><strong>ὡς</strong></span> <span class='ocrx_word' id='word_1_480' title='bbox 2752 2067 2873 2131; x_wconf 72' lang='grc' dir='ltr'><strong>ὄνος</strong></span> <span class='ocrx_word' id='word_1_481' title='bbox 2901 2063 2999 2135; x_wconf 80' lang='grc' dir='ltr'><strong>τὴν</strong></span> <span class='ocrx_word' id='word_1_482' title='bbox 3026 2062 3235 2133; x_wconf 81' lang='grc' dir='ltr'><strong>φάτνην</strong></span> <span class='ocrx_word' id='word_1_483' title='bbox 3263 2059 3357 2113; x_wconf 84' lang='grc' dir='ltr'><strong>τοῦ</strong></span> <span class='ocrx_word' id='word_1_484' title='bbox 3382 2055 3587 2126; x_wconf 77' lang='grc' dir='ltr'><strong>κυρίου</strong></span> <span class='ocrx_word' id='word_1_485' title='bbox 3624 2051 3813 2118; x_wconf 74' lang='grc' dir='ltr'><strong>αὐτοῦ,</strong></span> 
     </span>
    </p>
   </div>
   <div class='ocr_carea' id='block_1_67' title="bbox 2223 2146 3817 2235">
    <p class='ocr_par' dir='ltr' id='par_1_67' title="bbox 2223 2146 3817 2235">
     <span class='ocr_line' id='line_1_67' title="bbox 2223 2146 3817 2235; baseline -0.018 -8"><span class='ocrx_word' id='word_1_486' title='bbox 2223 2172 2334 2228; x_wconf 75' lang='grc' dir='ltr'><strong>εἴτε</strong></span> <span class='ocrx_word' id='word_1_487' title='bbox 2382 2168 2491 2224; x_wconf 90' lang='grc' dir='ltr'><strong>τῶν</strong></span> <span class='ocrx_word' id='word_1_488' title='bbox 2542 2162 2800 2235; x_wconf 83' lang='grc' dir='ltr'><strong>καθαρῶν</strong></span> <span class='ocrx_word' id='word_1_489' title='bbox 2845 2177 2930 2224; x_wconf 89' lang='grc' dir='ltr'><strong>τις</strong></span> <span class='ocrx_word' id='word_1_490' title='bbox 2968 2154 3052 2224; x_wconf 80' lang='grc' dir='ltr'><strong>εῐ,</strong></span> <span class='ocrx_word' id='word_1_491' title='bbox 3101 2156 3195 2211; x_wconf 79' lang='grc' dir='ltr'><strong>καὶ</strong></span> <span class='ocrx_word' id='word_1_492' title='bbox 3236 2153 3340 2210; x_wconf 76' lang='grc' dir='ltr'><strong>ὑπὸ</strong></span> <span class='ocrx_word' id='word_1_493' title='bbox 3366 2152 3462 2207; x_wconf 77' lang='grc' dir='ltr'><strong>τὸν</strong></span> <span class='ocrx_word' id='word_1_494' title='bbox 3510 2150 3691 2219; x_wconf 74' lang='grc' dir='ltr'><strong>νόμον</strong></span> <span class='ocrx_word' id='word_1_495' title='bbox 3729 2146 3817 2200; x_wconf 68' lang='grc' dir='ltr'><strong>καὶ</strong></span> 
     </span>
    </p>
   </div>
   <div class='ocr_carea' id='block_1_68' title="bbox 2226 2239 3816 2337">
    <p class='ocr_par' dir='ltr' id='par_1_68' title="bbox 2226 2239 3816 2337">
     <span class='ocr_line' id='line_1_68' title="bbox 2226 2239 3816 2337; baseline -0.018 -18"><span class='ocrx_word' id='word_1_496' title='bbox 2226 2259 2581 2337; x_wconf 73' lang='grc' dir='ltr'><strong>μηρυκισμὸν</strong></span> <span class='ocrx_word' id='word_1_497' title='bbox 2611 2254 2924 2324; x_wconf 79' lang='grc' dir='ltr'><strong>ἀναγόντων</strong></span> <span class='ocrx_word' id='word_1_498' title='bbox 2954 2249 3049 2304; x_wconf 81' lang='grc' dir='ltr'><strong>τοῦ</strong></span> <span class='ocrx_word' id='word_1_499' title='bbox 3072 2250 3247 2316; x_wconf 74' lang='grc' dir='ltr'><strong>Λόγου</strong></span> <span class='ocrx_word' id='word_1_500' title='bbox 3272 2287 3288 2312; x_wconf 91' lang='grc'><strong>,</strong></span> <span class='ocrx_word' id='word_1_501' title='bbox 3322 2244 3419 2299; x_wconf 79' lang='grc' dir='ltr'><strong>καὶ</strong></span> <span class='ocrx_word' id='word_1_502' title='bbox 3450 2243 3599 2314; x_wconf 72' lang='grc' dir='ltr'><strong>πρὸς</strong></span> <span class='ocrx_word' id='word_1_503' title='bbox 3625 2239 3816 2293; x_wconf 79' lang='grc' dir='ltr'><strong>θυσίαν</strong></span> 
     </span>
    </p>
   </div>
   <div class='ocr_carea' id='block_1_69' title="bbox 2225 2332 3817 2427">
    <p class='ocr_par' dir='ltr' id='par_1_69' title="bbox 2225 2332 3817 2427">
     <span class='ocr_line' id='line_1_69' title="bbox 2225 2332 3817 2427; baseline -0.018 -15"><span class='ocrx_word' id='word_1_504' title='bbox 2225 2332 2546 2427; x_wconf 58' lang='grc' dir='ltr'><strong>ἐπιτηδείων</strong></span> <span class='ocrx_word' id='word_1_505' title='bbox 2567 2392 2582 2417; x_wconf 95' lang='grc'><strong>,</strong></span> <span class='ocrx_word' id='word_1_506' title='bbox 2612 2349 2725 2404; x_wconf 71' lang='grc' dir='ltr'><strong>εἴτε</strong></span> <span class='ocrx_word' id='word_1_507' title='bbox 2785 2344 2897 2400; x_wconf 86' lang='grc' dir='ltr'><strong>τῶν</strong></span> <span class='ocrx_word' id='word_1_508' title='bbox 2925 2341 3250 2412; x_wconf 86' lang='grc' dir='ltr'><strong>ἀκαθάρτων</strong></span> <span class='ocrx_word' id='word_1_509' title='bbox 3274 2338 3415 2401; x_wconf 77' lang='grc' dir='ltr'><strong>τέως</strong></span> <span class='ocrx_word' id='word_1_510' title='bbox 3445 2337 3550 2390; x_wconf 77' lang='grc' dir='ltr'><strong>καὶ</strong></span> <span class='ocrx_word' id='word_1_511' title='bbox 3578 2332 3817 2427; x_wconf 70' lang='grc' dir='ltr'><strong>άθιότων,</strong></span> 
     </span>
    </p>
   </div>
   <div class='ocr_carea' id='block_1_70' title="bbox 2227 2426 3816 2517">
    <p class='ocr_par' dir='ltr' id='par_1_70' title="bbox 2227 2426 3816 2517">
     <span class='ocr_line' id='line_1_70' title="bbox 2227 2426 3816 2517; baseline -0.017 -14"><span class='ocrx_word' id='word_1_512' title='bbox 2227 2448 2324 2503; x_wconf 68' lang='grc' dir='ltr'><strong>καὶ</strong></span> <span class='ocrx_word' id='word_1_513' title='bbox 2376 2426 2481 2517; x_wconf 80' lang='grc' dir='ltr'><strong>τῆς</strong></span> <span class='ocrx_word' id='word_1_514' title='bbox 2528 2440 2754 2511; x_wconf 81' lang='grc' dir='ltr'><strong>ὲθνικῆς</strong></span> <span class='ocrx_word' id='word_1_515' title='bbox 2794 2437 3033 2511; x_wconf 87' lang='grc' dir='ltr'><strong>μερίδος·</strong></span> <span class='ocrx_word' id='word_1_516' title='bbox 3058 2453 3078 2490; x_wconf 74' lang='grc' dir='ltr'><strong>ι</strong></span> <span class='ocrx_word' id='word_1_517' title='bbox 3120 2433 3216 2489; x_wconf 71' lang='grc' dir='ltr'><strong>καὶ</strong></span> <span class='ocrx_word' id='word_1_518' title='bbox 3243 2432 3271 2485; x_wconf 87' lang='grc' dir='ltr'><strong>δ</strong></span> <span class='ocrx_word' id='word_1_519' title='bbox 3301 2431 3478 2503; x_wconf 79' lang='grc' dir='ltr'><strong>μέγας</strong></span> <span class='ocrx_word' id='word_1_520' title='bbox 3505 2426 3816 2517; x_wconf 68' lang='grc' dir='ltr'><strong>Βασίλειος,</strong></span> 
     </span>
    </p>
   </div>
   <div class='ocr_carea' id='block_1_71' title="bbox 2231 2516 3816 2605">
    <p class='ocr_par' dir='ltr' id='par_1_71' title="bbox 2231 2516 3816 2605">
     <span class='ocr_line' id='line_1_71' title="bbox 2231 2516 3816 2605; baseline -0.017 -13"><span class='ocrx_word' id='word_1_521' title='bbox 2231 2560 2250 2592; x_wconf 79' lang='grc' dir='ltr'><strong>ι</strong></span> <span class='ocrx_word' id='word_1_522' title='bbox 2299 2540 2367 2595; x_wconf 81' lang='lat' dir='ltr'><strong>Et</strong></span> <span class='ocrx_word' id='word_1_523' title='bbox 2412 2516 2512 2592; x_wconf 59' lang='grc' dir='ltr'><strong>και</strong></span> <span class='ocrx_word' id='word_1_524' title='bbox 2556 2534 2658 2605; x_wconf 87' lang='grc' dir='ltr'><strong>τὴν</strong></span> <span class='ocrx_word' id='word_1_525' title='bbox 2702 2531 2914 2602; x_wconf 79' lang='grc' dir='ltr'><strong>φάτνην</strong></span> <span class='ocrx_word' id='word_1_526' title='bbox 2967 2529 2996 2582; x_wconf 75' lang='grc' dir='ltr'><strong>ι</strong></span> <span class='ocrx_word' id='word_1_527' title='bbox 3040 2523 3314 2598; x_wconf 77' lang='grc' dir='ltr'><strong>αἱρετικδς</strong></span> <span class='ocrx_word' id='word_1_528' title='bbox 3356 2519 3511 2591; x_wconf 73' lang='grc' dir='ltr'><strong>αὐτῷ</strong></span> <span class='ocrx_word' id='word_1_529' title='bbox 3540 2516 3816 2580; x_wconf 51' lang='lat' dir='ltr'><strong>assistat,</strong></span> 
     </span>
    </p>
   </div>
   <div class='ocr_carea' id='block_1_72' title="bbox 2225 2615 3500 2706">
    <p class='ocr_par' dir='ltr' id='par_1_72' title="bbox 2225 2615 3500 2706">
     <span class='ocr_line' id='line_1_72' title="bbox 2225 2615 3500 2706; baseline -0.019 -17"><span class='ocrx_word' id='word_1_530' title='bbox 2225 2636 2292 2690; x_wconf 79' lang='grc' dir='ltr'><strong>δι’</strong></span> <span class='ocrx_word' id='word_1_531' title='bbox 2327 2630 2394 2706; x_wconf 80' lang='grc' dir='ltr'><strong>ἧς</strong></span> <span class='ocrx_word' id='word_1_532' title='bbox 2430 2630 2625 2697; x_wconf 83' lang='grc' dir='ltr'><strong>ἄλογος</strong></span> <span class='ocrx_word' id='word_1_533' title='bbox 2654 2627 2730 2681; x_wconf 81' lang='grc' dir='ltr'><strong>ὢν</strong></span> <span class='ocrx_word' id='word_1_534' title='bbox 2768 2623 2983 2696; x_wconf 73' lang='grc' dir='ltr'><strong>ἐτράφη</strong></span> <span class='ocrx_word' id='word_1_535' title='bbox 3014 2619 3120 2674; x_wconf 76' lang='grc' dir='ltr'>ὑπὸ</span> <span class='ocrx_word' id='word_1_536' title='bbox 3142 2618 3237 2673; x_wconf 75' lang='grc' dir='ltr'><strong>τοῦ</strong></span> <span class='ocrx_word' id='word_1_537' title='bbox 3259 2615 3446 2706; x_wconf 75' lang='grc' dir='ltr'><strong>λόγου.</strong></span> <span class='ocrx_word' id='word_1_538' title='bbox 3479 2630 3500 2664; x_wconf 71' lang='grc' dir='ltr'><strong>ι</strong></span> 
     </span>
    </p>
   </div>
   <div class='ocr_carea' id='block_1_73' title="bbox 2299 2699 3815 2795">
    <p class='ocr_par' dir='ltr' id='par_1_73' title="bbox 2299 2699 3815 2795">
     <span class='ocr_line' id='line_1_73' title="bbox 2299 2699 3815 2795; baseline -0.02 -15"><span class='ocrx_word' id='word_1_539' title='bbox 2299 2699 2371 2779; x_wconf 54' lang='lat' dir='ltr'><strong>il&quot;.</strong></span> <span class='ocrx_word' id='word_1_540' title='bbox 2398 2723 2476 2795; x_wconf 87' lang='lat' dir='ltr'><strong>[p.</strong></span> <span class='ocrx_word' id='word_1_541' title='bbox 2505 2719 2621 2793; x_wconf 60' lang='grc' dir='ltr'><strong>θα]</strong></span> <span class='ocrx_word' id='word_1_542' title='bbox 2643 2721 2771 2773; x_wconf 82' lang='grc' dir='ltr'><strong>Ὅτι</strong></span> <span class='ocrx_word' id='word_1_543' title='bbox 2800 2716 2860 2770; x_wconf 83' lang='grc' dir='ltr'><strong>τὸ</strong></span> <span class='ocrx_word' id='word_1_544' title='bbox 2884 2715 3164 2786; x_wconf 81' lang='grc' dir='ltr'><strong>βάπτισμα</strong></span> <span class='ocrx_word' id='word_1_545' title='bbox 3184 2710 3283 2778; x_wconf 84' lang='grc' dir='ltr'><strong>τῆς</strong></span> <span class='ocrx_word' id='word_1_546' title='bbox 3303 2703 3597 2765; x_wconf 79' lang='grc' dir='ltr'><strong>υἱοθεσίας</strong></span> <span class='ocrx_word' id='word_1_547' title='bbox 3618 2702 3655 2771; x_wconf 81' lang='grc' dir='ltr'><strong>ἡ</strong></span> <span class='ocrx_word' id='word_1_548' title='bbox 3674 2699 3815 2795; x_wconf 72' lang='grc' dir='ltr'><strong>ῥίζα,</strong></span> 
     </span>
    </p>
   </div>
   <div class='ocr_carea' id='block_1_74' title="bbox 2226 2790 3817 2889">
    <p class='ocr_par' dir='ltr' id='par_1_74' title="bbox 2226 2790 3817 2889">
     <span class='ocr_line' id='line_1_74' title="bbox 2226 2790 3817 2889; baseline -0.019 -16"><span class='ocrx_word' id='word_1_549' title='bbox 2226 2818 2302 2889; x_wconf 84' lang='grc' dir='ltr'><strong>τῷ</strong></span> <span class='ocrx_word' id='word_1_550' title='bbox 2352 2790 2631 2885; x_wconf 72' lang='grc' dir='ltr'><strong>Πνεύματι</strong></span> <span class='ocrx_word' id='word_1_551' title='bbox 2673 2808 3036 2878; x_wconf 81' lang='grc' dir='ltr'><strong>διαφερόντως</strong></span> <span class='ocrx_word' id='word_1_552' title='bbox 3057 2799 3547 2889; x_wconf 73' lang='grc' dir='ltr'><strong>ἀποκεκλήρωταιο</strong></span> <span class='ocrx_word' id='word_1_553' title='bbox 3583 2795 3684 2889; x_wconf 60' lang='grc' dir='ltr'><strong>καὶ</strong></span> <span class='ocrx_word' id='word_1_554' title='bbox 3716 2790 3817 2889; x_wconf 82' lang='grc' dir='ltr'><strong>γάρ</strong></span> 
     </span>
    </p>
   </div>
   <div class='ocr_carea' id='block_1_75' title="bbox 2231 2883 3819 2982">
    <p class='ocr_par' dir='ltr' id='par_1_75' title="bbox 2231 2883 3819 2982">
     <span class='ocr_line' id='line_1_75' title="bbox 2231 2883 3819 2982; baseline -0.02 -18"><span class='ocrx_word' id='word_1_555' title='bbox 2231 2883 2371 2982; x_wconf 72' lang='grc' dir='ltr'><strong>μετὰ</strong></span> <span class='ocrx_word' id='word_1_556' title='bbox 2417 2883 2517 2972; x_wconf 80' lang='grc' dir='ltr'><strong>τῆς</strong></span> <span class='ocrx_word' id='word_1_557' title='bbox 2568 2903 2660 2957; x_wconf 76' lang='grc' dir='ltr'><strong>τοῦ</strong></span> <span class='ocrx_word' id='word_1_558' title='bbox 2706 2898 3086 2972; x_wconf 82' lang='grc' dir='ltr'><strong>βαπτίσματος</strong></span> <span class='ocrx_word' id='word_1_559' title='bbox 3135 2894 3311 2964; x_wconf 73' lang='grc' dir='ltr'><strong>ἀρχῆς</strong></span> <span class='ocrx_word' id='word_1_560' title='bbox 3339 2905 3400 2942; x_wconf 84' lang='grc' dir='ltr'><strong>τε</strong></span> <span class='ocrx_word' id='word_1_561' title='bbox 3436 2887 3538 2942; x_wconf 78' lang='grc' dir='ltr'><strong>καὶ</strong></span> <span class='ocrx_word' id='word_1_562' title='bbox 3574 2883 3819 2982; x_wconf 27' lang='grc' dir='ltr'><strong>ῥίζηςᾲτδ</strong></span> 
     </span>
    </p>
   </div>
   <div class='ocr_carea' id='block_1_76' title="bbox 2230 2974 3821 3071">
    <p class='ocr_par' dir='ltr' id='par_1_76' title="bbox 2230 2974 3821 3071">
     <span class='ocr_line' id='line_1_76' title="bbox 2230 2974 3821 3071; baseline -0.019 -14"><span class='ocrx_word' id='word_1_563' title='bbox 2230 2974 2452 3071; x_wconf 64' lang='grc' dir='ltr'><strong>ᾗνιῦμα</strong></span> <span class='ocrx_word' id='word_1_564' title='bbox 2481 2994 2808 3067; x_wconf 84' lang='grc' dir='ltr'><strong>σωματικῶς</strong></span> <span class='ocrx_word' id='word_1_565' title='bbox 2838 2992 2968 3063; x_wconf 81' lang='grc' dir='ltr'><strong>ἡμῖν</strong></span> <span class='ocrx_word' id='word_1_566' title='bbox 2998 2990 3055 3041; x_wconf 76' lang='grc' dir='ltr'><strong>ὲν</strong></span> <span class='ocrx_word' id='word_1_567' title='bbox 3083 2986 3211 3040; x_wconf 78' lang='grc' dir='ltr'><strong>εἴδει</strong></span> <span class='ocrx_word' id='word_1_568' title='bbox 3244 2982 3585 3054; x_wconf 75' lang='grc' dir='ltr'><strong>περιστερᾶς</strong></span> <span class='ocrx_word' id='word_1_569' title='bbox 3631 2974 3821 3071; x_wconf 69' lang='grc' dir='ltr'><strong>ἐπεδὴ-</strong></span> 
     </span>
    </p>
   </div>
   <div class='ocr_carea' id='block_1_77' title="bbox 2158 3068 3822 3165">
    <p class='ocr_par' dir='ltr' id='par_1_77' title="bbox 2158 3068 3822 3165">
     <span class='ocr_line' id='line_1_77' title="bbox 2158 3068 3822 3165; baseline -0.023 -11"><span class='ocrx_word' id='word_1_570' title='bbox 2158 3100 2199 3159; x_wconf 88' lang='lat' dir='ltr'><strong>C</strong></span> <span class='ocrx_word' id='word_1_571' title='bbox 2234 3068 2435 3165; x_wconf 77' lang='grc' dir='ltr'><strong>μησεν,</strong></span> <span class='ocrx_word' id='word_1_572' title='bbox 2461 3091 2558 3144; x_wconf 75' lang='grc' dir='ltr'><strong>καὶ</strong></span> <span class='ocrx_word' id='word_1_573' title='bbox 2580 3087 2657 3157; x_wconf 89' lang='grc' dir='ltr'>τῷ</span> <span class='ocrx_word' id='word_1_574' title='bbox 2681 3079 3010 3157; x_wconf 83' lang='grc' dir='ltr'><strong>καθαρισμῷ</strong></span> <span class='ocrx_word' id='word_1_575' title='bbox 3036 3079 3096 3132; x_wconf 80' lang='grc' dir='ltr'><strong>τὸ</strong></span> <span class='ocrx_word' id='word_1_576' title='bbox 3116 3074 3495 3165; x_wconf 74' lang='grc' dir='ltr'><strong>καθαροποιὺν</strong></span> <span class='ocrx_word' id='word_1_577' title='bbox 3511 3068 3822 3165; x_wconf 32' lang='grc' dir='ltr'><strong>συμτεῌροέρ-</strong></span> 
     </span>
    </p>
   </div>
   <div class='ocr_carea' id='block_1_78' title="bbox 2233 3160 3819 3258">
    <p class='ocr_par' dir='ltr' id='par_1_78' title="bbox 2233 3160 3819 3258">
     <span class='ocr_line' id='line_1_78' title="bbox 2233 3160 3819 3258; baseline -0.016 -20"><span class='ocrx_word' id='word_1_578' title='bbox 2233 3160 2410 3258; x_wconf 49' lang='grc' dir='ltr'><strong>γεται,</strong></span> <span class='ocrx_word' id='word_1_579' title='bbox 2444 3180 2539 3234; x_wconf 56' lang='grc' dir='ltr'><strong>καὶ⁸</strong></span> <span class='ocrx_word' id='word_1_580' title='bbox 2566 3178 2755 3247; x_wconf 80' lang='grc' dir='ltr'><strong>ὥσπερ</strong></span> <span class='ocrx_word' id='word_1_581' title='bbox 2777 3171 3000 3245; x_wconf 85' lang='grc' dir='ltr'><strong>Χριστῷ</strong></span> <span class='ocrx_word' id='word_1_582' title='bbox 3027 3170 3119 3223; x_wconf 73' lang='grc' dir='ltr'><strong>τὸν</strong></span> <span class='ocrx_word' id='word_1_583' title='bbox 3146 3165 3458 3237; x_wconf 72' lang='grc' dir='ltr'><strong>σωματικὸν</strong></span> <span class='ocrx_word' id='word_1_584' title='bbox 3482 3160 3819 3258; x_wconf 65' lang='grc' dir='ltr'><strong>ἑορτάζομεν</strong></span> 
     </span>
    </p>
   </div>
   <div class='ocr_carea' id='block_1_79' title="bbox 2231 3251 3818 3342">
    <p class='ocr_par' dir='ltr' id='par_1_79' title="bbox 2231 3251 3818 3342">
     <span class='ocr_line' id='line_1_79' title="bbox 2231 3251 3818 3342; baseline -0.017 -11"><span class='ocrx_word' id='word_1_585' title='bbox 2231 3251 2426 3342; x_wconf 69' lang='grc' dir='ltr'><strong>τόκον,</strong></span> <span class='ocrx_word' id='word_1_586' title='bbox 2477 3269 2803 3342; x_wconf 84' lang='grc' dir='ltr'><strong>θεοφανείας</strong></span> <span class='ocrx_word' id='word_1_587' title='bbox 2852 3260 3228 3337; x_wconf 70' lang='grc' dir='ltr'><strong>ἐντρυφῶντες</strong></span> <span class='ocrx_word' id='word_1_588' title='bbox 3266 3257 3524 3329; x_wconf 79' lang='grc' dir='ltr'><strong>ἡμέραν,</strong></span> <span class='ocrx_word' id='word_1_589' title='bbox 3563 3253 3663 3309; x_wconf 73' lang='grc' dir='ltr'><strong>τοῦ</strong></span> <span class='ocrx_word' id='word_1_590' title='bbox 3691 3251 3818 3307; x_wconf 67' lang='lat' dir='ltr'><strong>Tia-3</strong></span> 
     </span>
    </p>
   </div>
   <div class='ocr_carea' id='block_1_80' title="bbox 2230 3350 3821 3436">
    <p class='ocr_par' dir='ltr' id='par_1_80' title="bbox 2230 3350 3821 3436">
     <span class='ocr_line' id='line_1_80' title="bbox 2230 3350 3821 3436; baseline -0.015 -12"><span class='ocrx_word' id='word_1_591' title='bbox 2230 3368 2329 3425; x_wconf 81' lang='grc' dir='ltr'><strong>ἐπι</strong></span> <span class='ocrx_word' id='word_1_592' title='bbox 2358 3366 2468 3436; x_wconf 81' lang='grc' dir='ltr'><strong>τῆς</strong></span> <span class='ocrx_word' id='word_1_593' title='bbox 2491 3364 2603 3435; x_wconf 70' lang='grc' dir='ltr'><strong>τῆς</strong></span> <span class='ocrx_word' id='word_1_594' title='bbox 2624 3361 2914 3433; x_wconf 68' lang='grc' dir='ltr'><strong>ὀφθέντος</strong></span> <span class='ocrx_word' id='word_1_595' title='bbox 2934 3355 3174 3421; x_wconf 74' lang='grc' dir='ltr'><strong>καὶτοῖς</strong></span> <span class='ocrx_word' id='word_1_596' title='bbox 3197 3350 3537 3420; x_wconf 78' lang='grc' dir='ltr'><strong>ἀνθρώποις</strong></span> <span class='ocrx_word' id='word_1_597' title='bbox 3556 3362 3821 3436; x_wconf 61' lang='grc' dir='ltr'><strong>συναναέ</strong></span> 
     </span>
    </p>
   </div>
   <div class='ocr_carea' id='block_1_81' title="bbox 2232 3435 3820 3531">
    <p class='ocr_par' dir='ltr' id='par_1_81' title="bbox 2232 3435 3820 3531">
     <span class='ocr_line' id='line_1_81' title="bbox 2232 3435 3820 3531; baseline -0.016 -14"><span class='ocrx_word' id='word_1_598' title='bbox 2232 3458 2606 3531; x_wconf 69' lang='grc' dir='ltr'><strong>στραφέντος</strong></span> <span class='ocrx_word' id='word_1_599' title='bbox 2628 3471 2645 3489; x_wconf 71' lang='grc' dir='ltr'>σ</span> <span class='ocrx_word' id='word_1_600' title='bbox 2695 3452 2838 3507; x_wconf 74' lang='grc' dir='ltr'><strong>οὕτω</strong></span> <span class='ocrx_word' id='word_1_601' title='bbox 2865 3452 2959 3506; x_wconf 76' lang='grc' dir='ltr'><strong>καὶ</strong></span> <span class='ocrx_word' id='word_1_602' title='bbox 2998 3448 3097 3519; x_wconf 73' lang='grc' dir='ltr'><strong>τὴν</strong></span> <span class='ocrx_word' id='word_1_603' title='bbox 3123 3445 3233 3499; x_wconf 87' lang='grc' dir='ltr'><strong>τῶν</strong></span> <span class='ocrx_word' id='word_1_604' title='bbox 3256 3442 3472 3511; x_wconf 83' lang='grc' dir='ltr'><strong>φώτων,</strong></span> <span class='ocrx_word' id='word_1_605' title='bbox 3515 3440 3691 3513; x_wconf 67' lang='grc' dir='ltr'><strong>ἤγουν</strong></span> <span class='ocrx_word' id='word_1_606' title='bbox 3730 3435 3820 3492; x_wconf 73' lang='grc' dir='ltr'><strong>τοῦ</strong></span> 
     </span>
    </p>
   </div>
   <div class='ocr_carea' id='block_1_82' title="bbox 2234 3530 3819 3627">
    <p class='ocr_par' dir='ltr' id='par_1_82' title="bbox 2234 3530 3819 3627">
     <span class='ocr_line' id='line_1_82' title="bbox 2234 3530 3819 3627; baseline -0.019 -18"><span class='ocrx_word' id='word_1_607' title='bbox 2234 3553 2585 3627; x_wconf 88' lang='grc' dir='ltr'><strong>φωτίσματος</strong></span> <span class='ocrx_word' id='word_1_608' title='bbox 2628 3546 2845 3618; x_wconf 77' lang='grc' dir='ltr'><strong>ἡμέραν</strong></span> <span class='ocrx_word' id='word_1_609' title='bbox 2885 3538 3205 3610; x_wconf 82' lang='grc' dir='ltr'><strong>θεοφανείας</strong></span> <span class='ocrx_word' id='word_1_610' title='bbox 3236 3534 3593 3607; x_wconf 78' lang='grc' dir='ltr'><strong>προσηγορίᾳ</strong></span> <span class='ocrx_word' id='word_1_611' title='bbox 3617 3530 3819 3627; x_wconf 63' lang='grc' dir='ltr'><strong>τιμιῖιν-</strong></span> 
     </span>
    </p>
   </div>
   <div class='ocr_carea' id='block_1_83' title="bbox 2230 3623 3819 3713">
    <p class='ocr_par' dir='ltr' id='par_1_83' title="bbox 2230 3623 3819 3713">
     <span class='ocr_line' id='line_1_83' title="bbox 2230 3623 3819 3713; baseline -0.019 -10"><span class='ocrx_word' id='word_1_612' title='bbox 2230 3623 2344 3713; x_wconf 80' lang='grc' dir='ltr'><strong>τες,</strong></span> <span class='ocrx_word' id='word_1_613' title='bbox 2382 3647 2482 3701; x_wconf 80' lang='grc' dir='ltr'><strong>οὐκ</strong></span> <span class='ocrx_word' id='word_1_614' title='bbox 2509 3642 2752 3702; x_wconf 75' lang='grc' dir='ltr'><strong>ἔλαττον,</strong></span> <span class='ocrx_word' id='word_1_615' title='bbox 2789 3637 2885 3691; x_wconf 71' lang='grc' dir='ltr'><strong>καὶ</strong></span> <span class='ocrx_word' id='word_1_616' title='bbox 2916 3634 3064 3704; x_wconf 81' lang='grc' dir='ltr'><strong>αὐτῷ</strong></span> <span class='ocrx_word' id='word_1_617' title='bbox 3089 3627 3467 3701; x_wconf 85' lang='grc' dir='ltr'><strong>σωματοειδῶς</strong></span> <span class='ocrx_word' id='word_1_618' title='bbox 3495 3623 3819 3692; x_wconf 75' lang='grc' dir='ltr'><strong>ἐπιφανέντι</strong></span> 
     </span>
    </p>
   </div>
   <div class='ocr_carea' id='block_1_84' title="bbox 2235 3714 3820 3804">
    <p class='ocr_par' dir='ltr' id='par_1_84' title="bbox 2235 3714 3820 3804">
     <span class='ocr_line' id='line_1_84' title="bbox 2235 3714 3820 3804; baseline -0.018 -10"><span class='ocrx_word' id='word_1_619' title='bbox 2235 3733 2699 3804; x_wconf 79' lang='grc' dir='ltr'><strong>συνεπιτελοῦμεν</strong></span> <span class='ocrx_word' id='word_1_620' title='bbox 2727 3729 2804 3800; x_wconf 85' lang='grc' dir='ltr'><strong>τῷ</strong></span> <span class='ocrx_word' id='word_1_621' title='bbox 2829 3727 3130 3795; x_wconf 78' lang='grc' dir='ltr'><strong>Πνεύματι.</strong></span> <span class='ocrx_word' id='word_1_622' title='bbox 3160 3723 3249 3776; x_wconf 81' lang='grc' dir='ltr'><strong>Διὸ</strong></span> <span class='ocrx_word' id='word_1_623' title='bbox 3274 3722 3371 3775; x_wconf 75' lang='grc' dir='ltr'><strong>καὶ</strong></span> <span class='ocrx_word' id='word_1_624' title='bbox 3393 3721 3507 3782; x_wconf 86' lang='grc' dir='ltr'><strong>τοῖς</strong></span> <span class='ocrx_word' id='word_1_625' title='bbox 3532 3714 3820 3769; x_wconf 75' lang='grc' dir='ltr'><strong>νεοῦαπτὶ-</strong></span> 
     </span>
    </p>
   </div>
   <div class='ocr_carea' id='block_1_85' title="bbox 2236 3810 3821 3901">
    <p class='ocr_par' dir='ltr' id='par_1_85' title="bbox 2236 3810 3821 3901">
     <span class='ocr_line' id='line_1_85' title="bbox 2236 3810 3821 3901; baseline -0.018 -14"><span class='ocrx_word' id='word_1_626' title='bbox 2236 3849 2382 3896; x_wconf 88' lang='grc' dir='ltr'><strong>στοις</strong></span> <span class='ocrx_word' id='word_1_627' title='bbox 2414 3830 2551 3901; x_wconf 73' lang='grc' dir='ltr'><strong>πρὸς</strong></span> <span class='ocrx_word' id='word_1_628' title='bbox 2580 3825 2781 3896; x_wconf 89' lang='grc' dir='ltr'><strong>γνῶσιν</strong></span> <span class='ocrx_word' id='word_1_629' title='bbox 2814 3822 2908 3875; x_wconf 75' lang='grc' dir='ltr'><strong>καὶ</strong></span> <span class='ocrx_word' id='word_1_630' title='bbox 2938 3821 3199 3874; x_wconf 70' lang='grc' dir='ltr'><strong>πίπτωσιν</strong></span> <span class='ocrx_word' id='word_1_631' title='bbox 3226 3816 3325 3885; x_wconf 80' lang='grc' dir='ltr'><strong>τῆς</strong></span> <span class='ocrx_word' id='word_1_632' title='bbox 3352 3811 3447 3866; x_wconf 81' lang='grc' dir='ltr'><strong>τοῦ</strong></span> <span class='ocrx_word' id='word_1_633' title='bbox 3474 3810 3821 3881; x_wconf 75' lang='grc' dir='ltr'><strong>καθήραντος</strong></span> 
     </span>
    </p>
   </div>
   <div class='ocr_carea' id='block_1_86' title="bbox 2234 3903 3822 3983">
    <p class='ocr_par' dir='ltr' id='par_1_86' title="bbox 2234 3903 3822 3983">
     <span class='ocr_line' id='line_1_86' title="bbox 2234 3903 3822 3983; baseline -0.018 -4"><span class='ocrx_word' id='word_1_634' title='bbox 2234 3926 2328 3979; x_wconf 74' lang='grc' dir='ltr'><strong>καὶ</strong></span> <span class='ocrx_word' id='word_1_635' title='bbox 2355 3919 2740 3981; x_wconf 83' lang='grc' dir='ltr'><strong>τελειώσαντος</strong></span> <span class='ocrx_word' id='word_1_636' title='bbox 2769 3913 3087 3983; x_wconf 88' lang='grc' dir='ltr'><strong>Πνεύματος</strong></span> <span class='ocrx_word' id='word_1_637' title='bbox 3118 3908 3293 3975; x_wconf 80' lang='grc' dir='ltr'><strong>ἀξίας,</strong></span> <span class='ocrx_word' id='word_1_638' title='bbox 3331 3904 3594 3976; x_wconf 73' lang='grc' dir='ltr'><strong>ἀρραϐὼν</strong></span> <span class='ocrx_word' id='word_1_639' title='bbox 3626 3903 3822 3955; x_wconf 73' lang='grc' dir='ltr'><strong>ἐδίδοτο</strong></span> 
     </span>
    </p>
   </div>
   <div class='ocr_carea' id='block_1_87' title="bbox 2234 3993 3821 4086">
    <p class='ocr_par' dir='ltr' id='par_1_87' title="bbox 2234 3993 3821 4086">
     <span class='ocr_line' id='line_1_87' title="bbox 2234 3993 3821 4086; baseline -0.016 -16"><span class='ocrx_word' id='word_1_640' title='bbox 2234 4018 2334 4086; x_wconf 81' lang='grc' dir='ltr'><strong>τῆς</strong></span> <span class='ocrx_word' id='word_1_641' title='bbox 2379 4014 2620 4074; x_wconf 77' lang='grc' dir='ltr'><strong>πίστεως</strong></span> <span class='ocrx_word' id='word_1_642' title='bbox 2664 4008 2759 4063; x_wconf 84' lang='grc' dir='ltr'><strong>τοῦ</strong></span> <span class='ocrx_word' id='word_1_643' title='bbox 2801 4006 3123 4075; x_wconf 84' lang='grc' dir='ltr'><strong>Πνεύματος</strong></span> <span class='ocrx_word' id='word_1_644' title='bbox 3161 4001 3229 4054; x_wconf 87' lang='grc' dir='ltr'><strong>τά</strong></span> <span class='ocrx_word' id='word_1_645' title='bbox 3259 3999 3603 4070; x_wconf 81' lang='grc' dir='ltr'><strong>χαρίσματα,</strong></span> <span class='ocrx_word' id='word_1_646' title='bbox 3635 3995 3698 4047; x_wconf 73' lang='grc' dir='ltr'><strong>τὸ</strong></span> <span class='ocrx_word' id='word_1_647' title='bbox 3726 3993 3821 4061; x_wconf 79' lang='grc' dir='ltr'><strong>τῆς</strong></span> 
     </span>
    </p>
   </div>
   <div class='ocr_carea' id='block_1_88' title="bbox 2236 4087 3820 4171">
    <p class='ocr_par' dir='ltr' id='par_1_88' title="bbox 2236 4087 3820 4171">
     <span class='ocr_line' id='line_1_88' title="bbox 2236 4087 3820 4171; baseline -0.016 -8"><span class='ocrx_word' id='word_1_648' title='bbox 2236 4107 2508 4170; x_wconf 79' lang='grc' dir='ltr'><strong>υἱοθεσίας</strong></span> <span class='ocrx_word' id='word_1_649' title='bbox 2534 4104 2700 4166; x_wconf 78' lang='grc' dir='ltr'><strong>ὅντως</strong></span> <span class='ocrx_word' id='word_1_650' title='bbox 2721 4101 2992 4171; x_wconf 76' lang='grc' dir='ltr'><strong>ἐνέχυρονο</strong></span> <span class='ocrx_word' id='word_1_651' title='bbox 3024 4100 3150 4149; x_wconf 88' lang='grc' dir='ltr'><strong>Ὅτι</strong></span> <span class='ocrx_word' id='word_1_652' title='bbox 3169 4093 3277 4164; x_wconf 75' lang='grc' dir='ltr'><strong>γάρ</strong></span> <span class='ocrx_word' id='word_1_653' title='bbox 3298 4094 3439 4145; x_wconf 81' lang='grc' dir='ltr'><strong>ἐστε</strong></span> <span class='ocrx_word' id='word_1_654' title='bbox 3460 4088 3603 4151; x_wconf 75' lang='lat' dir='ltr'><strong>viai,</strong></span> <span class='ocrx_word' id='word_1_655' title='bbox 3634 4087 3820 4157; x_wconf 77' lang='grc' dir='ltr'><strong>φησὶν,</strong></span> 
     </span>
    </p>
   </div>
   <div class='ocr_carea' id='block_1_89' title="bbox 2233 4178 3823 4268">
    <p class='ocr_par' dir='ltr' id='par_1_89' title="bbox 2233 4178 3823 4268">
     <span class='ocr_line' id='line_1_89' title="bbox 2233 4178 3823 4268; baseline -0.016 -11"><span class='ocrx_word' id='word_1_656' title='bbox 2233 4200 2664 4268; x_wconf 77' lang='grc' dir='ltr'><strong>ἐξαπέστειλεν</strong></span> <span class='ocrx_word' id='word_1_657' title='bbox 2706 4195 2737 4250; x_wconf 87' lang='grc' dir='ltr'>ὃ</span> <span class='ocrx_word' id='word_1_658' title='bbox 2767 4193 2910 4259; x_wconf 82' lang='grc' dir='ltr'><strong>Θεὸς</strong></span> <span class='ocrx_word' id='word_1_659' title='bbox 2951 4190 3018 4246; x_wconf 83' lang='grc' dir='ltr'><strong>τὸ</strong></span> <span class='ocrx_word' id='word_1_660' title='bbox 3054 4188 3298 4257; x_wconf 81' lang='grc' dir='ltr'><strong>Πνεῦμα</strong></span> <span class='ocrx_word' id='word_1_661' title='bbox 3323 4183 3430 4239; x_wconf 82' lang='grc' dir='ltr'><strong>τοῦ</strong></span> <span class='ocrx_word' id='word_1_662' title='bbox 3465 4182 3607 4237; x_wconf 81' lang='grc' dir='ltr'><strong>Υιοῦ</strong></span> <span class='ocrx_word' id='word_1_663' title='bbox 3634 4178 3823 4234; x_wconf 80' lang='grc' dir='ltr'><strong>αὐτοῦ</strong></span> 
     </span>
    </p>
   </div>
   <div class='ocr_carea' id='block_1_90' title="bbox 2234 4272 3823 4360">
    <p class='ocr_par' dir='ltr' id='par_1_90' title="bbox 2234 4272 3823 4360">
     <span class='ocr_line' id='line_1_90' title="bbox 2234 4272 3823 4360; baseline -0.018 -9"><span class='ocrx_word' id='word_1_664' title='bbox 2234 4297 2306 4351; x_wconf 78' lang='grc' dir='ltr'><strong>ἐν</strong></span> <span class='ocrx_word' id='word_1_665' title='bbox 2350 4294 2482 4360; x_wconf 80' lang='grc' dir='ltr'><strong>ταῖς</strong></span> <span class='ocrx_word' id='word_1_666' title='bbox 2524 4289 2794 4358; x_wconf 62' lang='grc' dir='ltr'><strong>καρδίαις</strong></span> <span class='ocrx_word' id='word_1_667' title='bbox 2835 4284 3001 4355; x_wconf 77' lang='grc' dir='ltr'><strong>ὑμῶν</strong></span> <span class='ocrx_word' id='word_1_668' title='bbox 3029 4301 3040 4313; x_wconf 93' lang='grc'><strong>·</strong></span> <span class='ocrx_word' id='word_1_669' title='bbox 3095 4281 3189 4334; x_wconf 73' lang='grc' dir='ltr'><strong>καὶ</strong></span> <span class='ocrx_word' id='word_1_670' title='bbox 3213 4281 3241 4331; x_wconf 86' lang='grc' dir='ltr'>ὁ</span> <span class='ocrx_word' id='word_1_671' title='bbox 3267 4277 3490 4346; x_wconf 69' lang='grc' dir='ltr'><strong>Σωτήρο</strong></span> <span class='ocrx_word' id='word_1_672' title='bbox 3521 4276 3593 4328; x_wconf 77' lang='grc' dir='ltr'><strong>ει</strong></span> <span class='ocrx_word' id='word_1_673' title='bbox 3618 4272 3707 4341; x_wconf 83' lang='grc' dir='ltr'><strong>μή</strong></span> <span class='ocrx_word' id='word_1_674' title='bbox 3736 4285 3823 4334; x_wconf 80' lang='grc' dir='ltr'><strong>τις</strong></span> 
     </span>
    </p>
   </div>
   <div class='ocr_carea' id='block_1_91' title="bbox 2236 4360 3825 4454">
    <p class='ocr_par' dir='ltr' id='par_1_91' title="bbox 2236 4360 3825 4454">
     <span class='ocr_line' id='line_1_91' title="bbox 2236 4360 3825 4454; baseline -0.017 -15"><span class='ocrx_word' id='word_1_675' title='bbox 2236 4380 2501 4454; x_wconf 76' lang='grc' dir='ltr'><strong>γεννηθῇ</strong></span> <span class='ocrx_word' id='word_1_676' title='bbox 2530 4380 2607 4433; x_wconf 84' lang='grc' dir='ltr'><strong>δι’</strong></span> <span class='ocrx_word' id='word_1_677' title='bbox 2633 4377 2851 4442; x_wconf 83' lang='grc' dir='ltr'><strong>ὕδατος</strong></span> <span class='ocrx_word' id='word_1_678' title='bbox 2875 4374 2972 4428; x_wconf 75' lang='grc' dir='ltr'><strong>καὶ</strong></span> <span class='ocrx_word' id='word_1_679' title='bbox 2993 4372 3361 4438; x_wconf 74' lang='grc' dir='ltr'><strong>Πνεύματοςο</strong></span> <span class='ocrx_word' id='word_1_680' title='bbox 3393 4370 3511 4428; x_wconf 73' lang='grc' dir='ltr'><strong>καὶ,</strong></span> <span class='ocrx_word' id='word_1_681' title='bbox 3546 4361 3739 4432; x_wconf 80' lang='grc' dir='ltr'><strong>Ὑμεῖς</strong></span> <span class='ocrx_word' id='word_1_682' title='bbox 3758 4360 3825 4413; x_wconf 74' lang='grc' dir='ltr'><strong>δὲ</strong></span> 
     </span>
    </p>
   </div>
   <div class='ocr_carea' id='block_1_92' title="bbox 552 4444 2125 4548">
    <p class='ocr_par' dir='ltr' id='par_1_92' title="bbox 552 4472 2125 4548">
     <span class='ocr_line' id='line_1_92' title="bbox 552 4472 2125 4548; baseline -0.001 -17"><span class='ocrx_word' id='word_1_683' title='bbox 552 4478 807 4548; x_wconf 80' lang='lat' dir='ltr'><strong>quoniam</strong></span> <span class='ocrx_word' id='word_1_684' title='bbox 827 4476 883 4533; x_wconf 79' lang='lat' dir='ltr'><strong>in</strong></span> <span class='ocrx_word' id='word_1_685' title='bbox 907 4475 1021 4545; x_wconf 82' lang='lat' dir='ltr'><strong>ipso</strong></span> <span class='ocrx_word' id='word_1_686' title='bbox 1054 4489 1350 4537; x_wconf 84' lang='lat' dir='ltr'><strong>manemus,</strong></span> <span class='ocrx_word' id='word_1_687' title='bbox 1368 4482 1416 4527; x_wconf 88' lang='lat' dir='ltr'><strong>et</strong></span> <span class='ocrx_word' id='word_1_688' title='bbox 1446 4474 1556 4545; x_wconf 86' lang='lat' dir='ltr'><strong>ipse</strong></span> <span class='ocrx_word' id='word_1_689' title='bbox 1580 4474 1634 4528; x_wconf 88' lang='lat' dir='ltr'><strong>in</strong></span> <span class='ocrx_word' id='word_1_690' title='bbox 1666 4474 1809 4529; x_wconf 83' lang='lat' dir='ltr'><strong>nobis</strong></span> <span class='ocrx_word' id='word_1_691' title='bbox 1833 4491 1896 4528; x_wconf 77' lang='lat' dir='ltr'><strong>ea:</strong></span> <span class='ocrx_word' id='word_1_692' title='bbox 1927 4472 2125 4545; x_wconf 83' lang='lat' dir='ltr'><strong>Spiritu</strong></span> 
     </span>
    </p>
   </div>
   <div class='ocr_carea' id='block_1_93' title="bbox 2230 4444 3823 4548">
    <p class='ocr_par' dir='ltr' id='par_1_93' title="bbox 2240 4444 3823 4548">
     <span class='ocr_line' id='line_1_93' title="bbox 2240 4444 3823 4548; baseline -0.017 -17"><span class='ocrx_word' id='word_1_693' title='bbox 2240 4444 2737 4544; x_wconf 60' lang='grc' dir='ltr'><strong>βαπτισθήσεσθε</strong></span> <span class='ocrx_word' id='word_1_694' title='bbox 2768 4469 2837 4523; x_wconf 83' lang='grc' dir='ltr'><strong>ἐν</strong></span> <span class='ocrx_word' id='word_1_695' title='bbox 2864 4467 3160 4534; x_wconf 75' lang='grc' dir='ltr'><strong>Πνεύματι</strong></span> <span class='ocrx_word' id='word_1_696' title='bbox 3187 4462 3333 4532; x_wconf 75' lang='grc' dir='ltr'><strong>ἁγίῳ</strong></span> <span class='ocrx_word' id='word_1_697' title='bbox 3366 4458 3466 4513; x_wconf 69' lang='grc' dir='ltr'><strong>καὶ</strong></span> <span class='ocrx_word' id='word_1_698' title='bbox 3496 4456 3647 4523; x_wconf 70' lang='grc' dir='ltr'><strong>πυρί</strong></span> <span class='ocrx_word' id='word_1_699' title='bbox 3668 4473 3683 4486; x_wconf 66' lang='grc' dir='ltr'><strong>ε</strong></span> <span class='ocrx_word' id='word_1_700' title='bbox 3732 4454 3823 4548; x_wconf 71' lang='grc' dir='ltr'><strong>καὶ</strong></span> 
     </span>
    </p>
   </div>
   <div class='ocr_carea' id='block_1_94' title="bbox 552 4565 2129 4641">
    <p class='ocr_par' dir='ltr' id='par_1_94' title="bbox 552 4565 2129 4641">
     <span class='ocr_line' id='line_1_94' title="bbox 552 4565 2129 4641; baseline 0 -19"><span class='ocrx_word' id='word_1_701' title='bbox 552 4586 707 4641; x_wconf 85' lang='lat' dir='ltr'><strong>quem</strong></span> <span class='ocrx_word' id='word_1_702' title='bbox 751 4568 894 4623; x_wconf 81' lang='lat' dir='ltr'><strong>dedit</strong></span> <span class='ocrx_word' id='word_1_703' title='bbox 937 4567 1080 4621; x_wconf 84' lang='lat' dir='ltr'><strong>nobis</strong></span> <span class='ocrx_word' id='word_1_704' title='bbox 1102 4566 1151 4629; x_wconf 84' lang='lat'><strong>&#39;;</strong></span> <span class='ocrx_word' id='word_1_705' title='bbox 1188 4573 1245 4620; x_wconf 88' lang='lat' dir='ltr'><strong>et</strong></span> <span class='ocrx_word' id='word_1_706' title='bbox 1284 4565 1523 4620; x_wconf 89' lang='lat' dir='ltr'><strong>Paulus:</strong></span> <span class='ocrx_word' id='word_1_707' title='bbox 1556 4566 1620 4620; x_wconf 81' lang='lat' dir='ltr'><strong>In</strong></span> <span class='ocrx_word' id='word_1_708' title='bbox 1648 4583 1748 4637; x_wconf 83' lang='lat' dir='ltr'><strong>quo</strong></span> <span class='ocrx_word' id='word_1_709' title='bbox 1777 4567 1974 4637; x_wconf 83' lang='lat' dir='ltr'><strong>signati</strong></span> <span class='ocrx_word' id='word_1_710' title='bbox 2010 4570 2129 4622; x_wconf 83' lang='lat' dir='ltr'><strong>estis</strong></span> 
     </span>
    </p>
   </div>
   <div class='ocr_carea' id='block_1_95' title="bbox 550 4657 1783 4729">
    <p class='ocr_par' dir='ltr' id='par_1_95' title="bbox 550 4657 1783 4729">
     <span class='ocr_line' id='line_1_95' title="bbox 550 4657 1783 4729; baseline -0.003 -14"><span class='ocrx_word' id='word_1_711' title='bbox 550 4661 609 4715; x_wconf 83' lang='lat' dir='ltr'><strong>in</strong></span> <span class='ocrx_word' id='word_1_712' title='bbox 639 4660 777 4715; x_wconf 89' lang='lat' dir='ltr'><strong>diem</strong></span> <span class='ocrx_word' id='word_1_713' title='bbox 812 4658 1254 4729; x_wconf 67' lang='lat' dir='ltr'><strong>redemptionis“;</strong></span> <span class='ocrx_word' id='word_1_714' title='bbox 1283 4664 1341 4711; x_wconf 89' lang='lat' dir='ltr'><strong>et</strong></span> <span class='ocrx_word' id='word_1_715' title='bbox 1364 4657 1536 4711; x_wconf 86' lang='lat' dir='ltr'><strong>multa</strong></span> <span class='ocrx_word' id='word_1_716' title='bbox 1563 4658 1783 4711; x_wconf 87' lang='lat' dir='ltr'><strong>similia.</strong></span> 
     </span>
    </p>
   </div>
   <div class='ocr_carea' id='block_1_96' title="bbox 2238 4546 3823 4636">
    <p class='ocr_par' dir='ltr' id='par_1_96' title="bbox 2238 4546 3823 4636">
     <span class='ocr_line' id='line_1_96' title="bbox 2238 4546 3823 4636; baseline -0.016 -15"><span class='ocrx_word' id='word_1_717' title='bbox 2238 4569 2267 4621; x_wconf 82' lang='grc' dir='ltr'><strong>ὁ</strong></span> <span class='ocrx_word' id='word_1_718' title='bbox 2300 4566 2570 4636; x_wconf 89' lang='grc' dir='ltr'><strong>μακάριος</strong></span> <span class='ocrx_word' id='word_1_719' title='bbox 2604 4561 2892 4629; x_wconf 77' lang='grc' dir='ltr'><strong>Ἰωάννης’</strong></span> <span class='ocrx_word' id='word_1_720' title='bbox 2940 4557 3042 4610; x_wconf 85' lang='grc' dir='ltr'><strong>Ἐν</strong></span> <span class='ocrx_word' id='word_1_721' title='bbox 3068 4557 3255 4617; x_wconf 72' lang='grc' dir='ltr'><strong>τούτῳ</strong></span> <span class='ocrx_word' id='word_1_722' title='bbox 3282 4550 3660 4621; x_wconf 78' lang='grc' dir='ltr'><strong>γινώσκομεν</strong></span> <span class='ocrx_word' id='word_1_723' title='bbox 3681 4588 3697 4610; x_wconf 91' lang='grc'><strong>,</strong></span> <span class='ocrx_word' id='word_1_724' title='bbox 3739 4546 3823 4597; x_wconf 76' lang='grc' dir='ltr'><strong>δτι</strong></span> 
     </span>
    </p>
   </div>
   <div class='ocr_carea' id='block_1_97' title="bbox 2234 4637 3827 4727">
    <p class='ocr_par' dir='ltr' id='par_1_97' title="bbox 2234 4637 3827 4727">
     <span class='ocr_line' id='line_1_97' title="bbox 2234 4637 3827 4727; baseline -0.017 -12"><span class='ocrx_word' id='word_1_725' title='bbox 2234 4662 2305 4714; x_wconf 86' lang='grc' dir='ltr'><strong>ἐν</strong></span> <span class='ocrx_word' id='word_1_726' title='bbox 2332 4657 2492 4725; x_wconf 81' lang='grc' dir='ltr'><strong>αὐτῷ</strong></span> <span class='ocrx_word' id='word_1_727' title='bbox 2516 4654 2801 4727; x_wconf 83' lang='grc' dir='ltr'><strong>μένομεν,</strong></span> <span class='ocrx_word' id='word_1_728' title='bbox 2826 4652 2926 4706; x_wconf 73' lang='grc' dir='ltr'><strong>καὶ</strong></span> <span class='ocrx_word' id='word_1_729' title='bbox 2953 4647 3135 4714; x_wconf 75' lang='grc' dir='ltr'><strong>αὐτὸς</strong></span> <span class='ocrx_word' id='word_1_730' title='bbox 3164 4648 3234 4700; x_wconf 75' lang='grc' dir='ltr'><strong>ἐν</strong></span> <span class='ocrx_word' id='word_1_731' title='bbox 3258 4644 3403 4714; x_wconf 70' lang='grc' dir='ltr'><strong>ἡμῖν</strong></span> <span class='ocrx_word' id='word_1_732' title='bbox 3428 4642 3496 4696; x_wconf 77' lang='grc' dir='ltr'><strong>ἐκ</strong></span> <span class='ocrx_word' id='word_1_733' title='bbox 3518 4640 3630 4694; x_wconf 81' lang='grc' dir='ltr'><strong>τοῦ</strong></span> <span class='ocrx_word' id='word_1_734' title='bbox 3647 4637 3827 4693; x_wconf 76' lang='grc' dir='ltr'><strong>Πνεύ.</strong></span> 
     </span>
    </p>
   </div>
   <div class='ocr_carea' id='block_1_98' title="bbox 544 4732 3825 4822">
    <p class='ocr_par' dir='ltr' id='par_1_98' title="bbox 544 4732 3825 4822">
     <span class='ocr_line' id='line_1_98' title="bbox 544 4732 3825 4822; baseline -0.006 -17"><span class='ocrx_word' id='word_1_735' title='bbox 544 4768 739 4821; x_wconf 78' lang='grc' dir='ltr'><strong>ματος</strong></span> <span class='ocrx_word' id='word_1_736' title='bbox 770 4744 843 4805; x_wconf 89' lang='grc' dir='ltr'><strong>οὗ</strong></span> <span class='ocrx_word' id='word_1_737' title='bbox 873 4749 1097 4803; x_wconf 72' lang='grc' dir='ltr'><strong>ἔδωκεν</strong></span> <span class='ocrx_word' id='word_1_738' title='bbox 1128 4748 1303 4819; x_wconf 78' lang='grc' dir='ltr'><strong>ἡμῖν’</strong></span> <span class='ocrx_word' id='word_1_739' title='bbox 1343 4748 1438 4802; x_wconf 80' lang='grc' dir='ltr'><strong>καὶ</strong></span> <span class='ocrx_word' id='word_1_740' title='bbox 1482 4748 1510 4801; x_wconf 82' lang='grc' dir='ltr'>ὁ</span> <span class='ocrx_word' id='word_1_741' title='bbox 1542 4749 1787 4813; x_wconf 70' lang='grc' dir='ltr'><strong>Παῦλος*</strong></span> <span class='ocrx_word' id='word_1_742' title='bbox 1833 4751 1928 4805; x_wconf 81' lang='grc' dir='ltr'><strong>Ἐν</strong></span> <span class='ocrx_word' id='word_1_743' title='bbox 1952 4745 2001 4820; x_wconf 82' lang='grc' dir='ltr'>ᾧ</span> <span class='ocrx_word' id='word_1_744' title='bbox 2026 4752 2473 4822; x_wconf 72' lang='grc' dir='ltr'><strong>ἐσφραγίσθητε</strong></span> <span class='ocrx_word' id='word_1_745' title='bbox 2503 4753 2586 4815; x_wconf 79' lang='grc' dir='ltr'><strong>εις</strong></span> <span class='ocrx_word' id='word_1_746' title='bbox 2646 4744 2877 4817; x_wconf 74' lang='grc' dir='ltr'><strong>ἡμέραν</strong></span> <span class='ocrx_word' id='word_1_747' title='bbox 2935 4737 3429 4807; x_wconf 77' lang='grc' dir='ltr'><strong>ἀπολυτρώσεως·</strong></span> <span class='ocrx_word' id='word_1_748' title='bbox 3496 4737 3594 4787; x_wconf 58' lang='grc' dir='ltr'><strong>καὶ¹</strong></span> <span class='ocrx_word' id='word_1_749' title='bbox 3656 4732 3825 4787; x_wconf 71' lang='grc' dir='ltr'><strong>πολλὰ</strong></span> 
     </span>
    </p>
   </div>
   <div class='ocr_carea' id='block_1_99' title="bbox 548 4861 796 4899">
    <p class='ocr_par' dir='ltr' id='par_1_99' title="bbox 548 4861 796 4899">
     <span class='ocr_line' id='line_1_99' title="bbox 548 4861 796 4899; baseline 0.004 -2"><span class='ocrx_word' id='word_1_750' title='bbox 548 4861 796 4899; x_wconf 73' lang='grc' dir='ltr'><strong>τοιαυτα.</strong></span> 
     </span>
    </p>
   </div>
   <div class='ocr_carea' id='block_1_100' title="bbox 623 4934 2131 5009">
    <p class='ocr_par' dir='ltr' id='par_1_100' title="bbox 623 4934 2131 5009">
     <span class='ocr_line' id='line_1_100' title="bbox 623 4934 2131 5009; baseline 0 -17"><span class='ocrx_word' id='word_1_751' title='bbox 623 4935 713 4992; x_wconf 83' lang='lat' dir='ltr'><strong>lli.</strong></span> <span class='ocrx_word' id='word_1_752' title='bbox 748 4937 809 4991; x_wconf 89' lang='lat' dir='ltr'><strong>In</strong></span> <span class='ocrx_word' id='word_1_753' title='bbox 848 4936 1022 5006; x_wconf 83' lang='lat' dir='ltr'><strong>majus</strong></span> <span class='ocrx_word' id='word_1_754' title='bbox 1044 4934 1294 4991; x_wconf 90' lang='lat' dir='ltr'><strong>debitum</strong></span> <span class='ocrx_word' id='word_1_755' title='bbox 1333 4948 1584 4990; x_wconf 89' lang='lat' dir='ltr'><strong>crescere</strong></span> <span class='ocrx_word' id='word_1_756' title='bbox 1609 4935 1773 4991; x_wconf 86' lang='lat' dir='ltr'><strong>docet</strong></span> <span class='ocrx_word' id='word_1_757' title='bbox 1805 4935 2131 5009; x_wconf 85' lang='lat' dir='ltr'><strong>(parabola),</strong></span> 
     </span>
    </p>
   </div>
   <div class='ocr_carea' id='block_1_101' title="bbox 551 5025 2131 5095">
    <p class='ocr_par' dir='ltr' id='par_1_101' title="bbox 551 5025 2131 5095">
     <span class='ocr_line' id='line_1_101' title="bbox 551 5025 2131 5095; baseline -0.001 -13"><span class='ocrx_word' id='word_1_758' title='bbox 551 5042 666 5083; x_wconf 90' lang='lat' dir='ltr'><strong>non</strong></span> <span class='ocrx_word' id='word_1_759' title='bbox 694 5026 922 5081; x_wconf 88' lang='lat' dir='ltr'><strong>omnino</strong></span> <span class='ocrx_word' id='word_1_760' title='bbox 947 5026 1094 5081; x_wconf 90' lang='lat' dir='ltr'><strong>idem</strong></span> <span class='ocrx_word' id='word_1_761' title='bbox 1118 5025 1261 5092; x_wconf 80' lang='lat' dir='ltr'><strong>ﬁeri,</strong></span> <span class='ocrx_word' id='word_1_762' title='bbox 1288 5025 1451 5095; x_wconf 84' lang='lat' dir='ltr'><strong>quale</strong></span> <span class='ocrx_word' id='word_1_763' title='bbox 1479 5032 1566 5081; x_wconf 88' lang='lat' dir='ltr'><strong>est</strong></span> <span class='ocrx_word' id='word_1_764' title='bbox 1594 5042 1835 5095; x_wconf 82' lang='lat' dir='ltr'><strong>praesens</strong></span> <span class='ocrx_word' id='word_1_765' title='bbox 1862 5027 2131 5082; x_wconf 89' lang='lat' dir='ltr'><strong>debitum.</strong></span> 
     </span>
    </p>
   </div>
   <div class='ocr_carea' id='block_1_102' title="bbox 552 5117 2137 5188">
    <p class='ocr_par' dir='ltr' id='par_1_102' title="bbox 552 5117 2137 5188">
     <span class='ocr_line' id='line_1_102' title="bbox 552 5117 2137 5188; baseline -0.001 -14"><span class='ocrx_word' id='word_1_766' title='bbox 552 5118 702 5175; x_wconf 78' lang='lat' dir='ltr'><strong>Dixit</strong></span> <span class='ocrx_word' id='word_1_767' title='bbox 742 5117 891 5174; x_wconf 89' lang='lat' dir='ltr'><strong>enim</strong></span> <span class='ocrx_word' id='word_1_768' title='bbox 940 5117 1111 5183; x_wconf 88' lang='lat' dir='ltr'><strong>istud,</strong></span> <span class='ocrx_word' id='word_1_769' title='bbox 1166 5127 1226 5173; x_wconf 93' lang='lat' dir='ltr'><strong>ut</strong></span> <span class='ocrx_word' id='word_1_770' title='bbox 1268 5118 1508 5184; x_wconf 87' lang='lat' dir='ltr'><strong>videtur,</strong></span> <span class='ocrx_word' id='word_1_771' title='bbox 1560 5125 1818 5188; x_wconf 85' lang='lat' dir='ltr'><strong>tanquam</strong></span> <span class='ocrx_word' id='word_1_772' title='bbox 1864 5119 2047 5188; x_wconf 83' lang='lat' dir='ltr'><strong>justus</strong></span> <span class='ocrx_word' id='word_1_773' title='bbox 2079 5127 2137 5174; x_wconf 93' lang='lat' dir='ltr'><strong>et</strong></span> 
     </span>
    </p>
   </div>
   <div class='ocr_carea' id='block_1_103' title="bbox 553 5208 2134 5280">
    <p class='ocr_par' dir='ltr' id='par_1_103' title="bbox 553 5208 2134 5280">
     <span class='ocr_line' id='line_1_103' title="bbox 553 5208 2134 5280; baseline 0.002 -17"><span class='ocrx_word' id='word_1_774' title='bbox 553 5208 809 5264; x_wconf 88' lang='lat' dir='ltr'><strong>minister</strong></span> <span class='ocrx_word' id='word_1_775' title='bbox 859 5208 965 5263; x_wconf 89' lang='lat' dir='ltr'><strong>hoc</strong></span> <span class='ocrx_word' id='word_1_776' title='bbox 1014 5210 1330 5278; x_wconf 89' lang='lat' dir='ltr'><strong>postulans;</strong></span> <span class='ocrx_word' id='word_1_777' title='bbox 1386 5210 1639 5280; x_wconf 84' lang='lat' dir='ltr'><strong>quamvis</strong></span> <span class='ocrx_word' id='word_1_778' title='bbox 1687 5210 2027 5265; x_wconf 84' lang='lat' dir='ltr'><strong>contrarium</strong></span> <span class='ocrx_word' id='word_1_779' title='bbox 2076 5210 2134 5266; x_wconf 92' lang='lat' dir='ltr'><strong>in</strong></span> 
     </span>
    </p>
   </div>
   <div class='ocr_carea' id='block_1_104' title="bbox 556 5300 2133 5372">
    <p class='ocr_par' dir='ltr' id='par_1_104' title="bbox 556 5300 2133 5372">
     <span class='ocr_line' id='line_1_104' title="bbox 556 5300 2133 5372; baseline 0.002 -17"><span class='ocrx_word' id='word_1_780' title='bbox 556 5301 875 5357; x_wconf 88' lang='lat' dir='ltr'><strong>hominibus</strong></span> <span class='ocrx_word' id='word_1_781' title='bbox 912 5301 1192 5372; x_wconf 87' lang='lat' dir='ltr'><strong>plerisque</strong></span> <span class='ocrx_word' id='word_1_782' title='bbox 1224 5301 1559 5356; x_wconf 85' lang='lat' dir='ltr'><strong>inveniatur.</strong></span> <span class='ocrx_word' id='word_1_783' title='bbox 1600 5300 1734 5355; x_wconf 86' lang='lat' dir='ltr'><strong>Nam</strong></span> <span class='ocrx_word' id='word_1_784' title='bbox 1768 5301 1903 5369; x_wconf 87' lang='lat' dir='ltr'><strong>justi</strong></span> <span class='ocrx_word' id='word_1_785' title='bbox 1937 5318 2133 5358; x_wconf 90' lang='lat' dir='ltr'><strong>omnes</strong></span> 
     </span>
    </p>
   </div>
   <div class='ocr_carea' id='block_1_105' title="bbox 552 5391 2133 5463">
    <p class='ocr_par' dir='ltr' id='par_1_105' title="bbox 552 5391 2133 5463">
     <span class='ocr_line' id='line_1_105' title="bbox 552 5391 2133 5463; baseline 0.001 -18"><span class='ocrx_word' id='word_1_786' title='bbox 552 5405 654 5463; x_wconf 91' lang='lat' dir='ltr'><strong>per</strong></span> <span class='ocrx_word' id='word_1_787' title='bbox 697 5392 982 5459; x_wconf 89' lang='lat' dir='ltr'><strong>virtutem,</strong></span> <span class='ocrx_word' id='word_1_788' title='bbox 1034 5392 1139 5447; x_wconf 90' lang='lat' dir='ltr'><strong>etsi</strong></span> <span class='ocrx_word' id='word_1_789' title='bbox 1186 5392 1242 5447; x_wconf 90' lang='lat' dir='ltr'><strong>in</strong></span> <span class='ocrx_word' id='word_1_790' title='bbox 1290 5391 1476 5461; x_wconf 90' lang='lat' dir='ltr'><strong>aliquo</strong></span> <span class='ocrx_word' id='word_1_791' title='bbox 1501 5392 1654 5460; x_wconf 89' lang='lat' dir='ltr'><strong>prius</strong></span> <span class='ocrx_word' id='word_1_792' title='bbox 1684 5392 2034 5461; x_wconf 85' lang='lat' dir='ltr'><strong>peccaverint</strong></span> <span class='ocrx_word' id='word_1_793' title='bbox 2071 5402 2133 5447; x_wconf 90' lang='lat' dir='ltr'><strong>ut</strong></span> 
     </span>
    </p>
   </div>
   <div class='ocr_carea' id='block_1_106' title="bbox 554 5482 2135 5555">
    <p class='ocr_par' dir='ltr' id='par_1_106' title="bbox 554 5482 2135 5555">
     <span class='ocr_line' id='line_1_106' title="bbox 554 5482 2135 5555; baseline -0.001 -18"><span class='ocrx_word' id='word_1_794' title='bbox 554 5483 828 5548; x_wconf 87' lang='lat' dir='ltr'><strong>homines,</strong></span> <span class='ocrx_word' id='word_1_795' title='bbox 876 5483 1173 5555; x_wconf 79' lang='lat' dir='ltr'><strong>puriﬁcati,</strong></span> <span class='ocrx_word' id='word_1_796' title='bbox 1225 5491 1283 5539; x_wconf 93' lang='lat' dir='ltr'><strong>et</strong></span> <span class='ocrx_word' id='word_1_797' title='bbox 1323 5482 1506 5538; x_wconf 84' lang='lat' dir='ltr'><strong>debita</strong></span> <span class='ocrx_word' id='word_1_798' title='bbox 1558 5482 1627 5535; x_wconf 88' lang='lat' dir='ltr'><strong>ad</strong></span> <span class='ocrx_word' id='word_1_799' title='bbox 1670 5483 2037 5554; x_wconf 87' lang='lat' dir='ltr'><strong>quadruplum</strong></span> <span class='ocrx_word' id='word_1_800' title='bbox 2074 5493 2135 5539; x_wconf 92' lang='lat' dir='ltr'><strong>ut</strong></span> 
     </span>
    </p>
   </div>
   <div class='ocr_carea' id='block_1_107' title="bbox 554 5573 2136 5645">
    <p class='ocr_par' dir='ltr' id='par_1_107' title="bbox 554 5573 2136 5645">
     <span class='ocr_line' id='line_1_107' title="bbox 554 5573 2136 5645; baseline 0.001 -11"><span class='ocrx_word' id='word_1_801' title='bbox 554 5573 817 5634; x_wconf 67' lang='lat' dir='ltr'><strong>Zachaaus</strong></span> <span class='ocrx_word' id='word_1_802' title='bbox 846 5576 1144 5641; x_wconf 88' lang='lat' dir='ltr'><strong>solventes,</strong></span> <span class='ocrx_word' id='word_1_803' title='bbox 1182 5586 1239 5632; x_wconf 88' lang='lat' dir='ltr'><strong>et</strong></span> <span class='ocrx_word' id='word_1_804' title='bbox 1273 5574 1594 5645; x_wconf 89' lang='lat' dir='ltr'><strong>multiplicis</strong></span> <span class='ocrx_word' id='word_1_805' title='bbox 1619 5575 1882 5631; x_wconf 87' lang='lat' dir='ltr'><strong>sudorum</strong></span> <span class='ocrx_word' id='word_1_806' title='bbox 1923 5594 2136 5634; x_wconf 86' lang='lat' dir='ltr'><strong>merce-</strong></span> 
     </span>
    </p>
   </div>
   <div class='ocr_carea' id='block_1_108' title="bbox 631 5687 2148 5758">
    <p class='ocr_par' dir='ltr' id='par_1_108' title="bbox 631 5687 2148 5758">
     <span class='ocr_line' id='line_1_108' title="bbox 631 5687 2148 5758; baseline 0.004 -16"><span class='ocrx_word' id='word_1_807' title='bbox 631 5687 649 5718; x_wconf 75' lang='lat'>&#39;</span> <span class='ocrx_word' id='word_1_808' title='bbox 686 5689 906 5758; x_wconf 20' lang='lat' dir='ltr'><strong>AHabac.</strong></span> <span class='ocrx_word' id='word_1_809' title='bbox 938 5706 1015 5753; x_wconf 89' lang='lat' dir='ltr'><strong>Ill,</strong></span> <span class='ocrx_word' id='word_1_810' title='bbox 1050 5690 1105 5744; x_wconf 74' lang='lat'><strong>2.</strong></span> <span class='ocrx_word' id='word_1_811' title='bbox 1183 5692 1203 5722; x_wconf 79' lang='lat'>&#39;</span> <span class='ocrx_word' id='word_1_812' title='bbox 1239 5690 1341 5744; x_wconf 86' lang='lat' dir='ltr'><strong>lsa.</strong></span> <span class='ocrx_word' id='word_1_813' title='bbox 1378 5706 1415 5750; x_wconf 83' lang='grc' dir='ltr'><strong>ι,</strong></span> <span class='ocrx_word' id='word_1_814' title='bbox 1448 5689 1501 5742; x_wconf 78' lang='lat'><strong>‘2.</strong></span> <span class='ocrx_word' id='word_1_815' title='bbox 1608 5689 1627 5719; x_wconf 84' lang='grc'>⁸</span> <span class='ocrx_word' id='word_1_816' title='bbox 1659 5690 1874 5747; x_wconf 86' lang='lat' dir='ltr'><strong>Baruch</strong></span> <span class='ocrx_word' id='word_1_817' title='bbox 1936 5709 2015 5758; x_wconf 89' lang='lat' dir='ltr'><strong>lll,</strong></span> <span class='ocrx_word' id='word_1_818' title='bbox 2060 5692 2148 5749; x_wconf 81' lang='lat'><strong>58.</strong></span> 
     </span>
    </p>
   </div>
   <div class='ocr_carea' id='block_1_109' title="bbox 558 5756 1646 5828">
    <p class='ocr_par' dir='ltr' id='par_1_109' title="bbox 558 5756 1646 5828">
     <span class='ocr_line' id='line_1_109' title="bbox 558 5756 1646 5828; baseline 0 -16"><span class='ocrx_word' id='word_1_819' title='bbox 558 5756 577 5795; x_wconf 63' lang='grc' dir='ltr'><strong><em>τ</em></strong></span> <span class='ocrx_word' id='word_1_820' title='bbox 611 5756 629 5812; x_wconf 86' lang='grc'><strong>1</strong></span> <span class='ocrx_word' id='word_1_821' title='bbox 678 5756 830 5816; x_wconf 82' lang='lat' dir='ltr'><strong>Joan.</strong></span> <span class='ocrx_word' id='word_1_822' title='bbox 869 5776 950 5822; x_wconf 87' lang='grc' dir='ltr'><strong>ιιι.</strong></span> <span class='ocrx_word' id='word_1_823' title='bbox 998 5762 1077 5815; x_wconf 83' lang='lat' dir='ltr'><strong>l9.</strong></span> <span class='ocrx_word' id='word_1_824' title='bbox 1158 5759 1178 5791; x_wconf 81' lang='grc'><strong>⁸</strong></span> <span class='ocrx_word' id='word_1_825' title='bbox 1213 5758 1412 5828; x_wconf 80' lang='lat' dir='ltr'><strong>Ephes.</strong></span> <span class='ocrx_word' id='word_1_826' title='bbox 1457 5775 1528 5823; x_wconf 79' lang='grc' dir='ltr'><strong>ιν,</strong></span> <span class='ocrx_word' id='word_1_827' title='bbox 1562 5758 1646 5812; x_wconf 80' lang='grc'><strong>50.</strong></span> 
     </span>
    </p>
   </div>
   <div class='ocr_carea' id='block_1_110' title="bbox 2311 4911 3826 5005">
    <p class='ocr_par' dir='ltr' id='par_1_110' title="bbox 2311 4911 3826 5005">
     <span class='ocr_line' id='line_1_110' title="bbox 2311 4911 3826 5005; baseline -0.017 -18"><span class='ocrx_word' id='word_1_828' title='bbox 2311 4933 2386 4989; x_wconf 82' lang='grc' dir='ltr'><strong>Γ’.</strong></span> <span class='ocrx_word' id='word_1_829' title='bbox 2428 4931 2519 5005; x_wconf 79' lang='grc' dir='ltr'><strong>[ρ.</strong></span> <span class='ocrx_word' id='word_1_830' title='bbox 2553 4924 2702 4998; x_wconf 83' lang='grc'><strong>189.]</strong></span> <span class='ocrx_word' id='word_1_831' title='bbox 2750 4925 2837 4978; x_wconf 81' lang='grc' dir='ltr'><strong>Ἐν</strong></span> <span class='ocrx_word' id='word_1_832' title='bbox 2865 4924 2979 4985; x_wconf 85' lang='grc' dir='ltr'><strong>τοῖς</strong></span> <span class='ocrx_word' id='word_1_833' title='bbox 3006 4917 3216 4972; x_wconf 84' lang='grc' dir='ltr'><strong>πλείοσι</strong></span> <span class='ocrx_word' id='word_1_834' title='bbox 3244 4916 3305 4969; x_wconf 76' lang='grc' dir='ltr'><strong>τὸ</strong></span> <span class='ocrx_word' id='word_1_835' title='bbox 3331 4913 3548 4983; x_wconf 80' lang='grc' dir='ltr'><strong>ὀφεῖλον</strong></span> <span class='ocrx_word' id='word_1_836' title='bbox 3574 4911 3826 4980; x_wconf 63' lang='grc' dir='ltr'><strong>γίνεσθαι</strong></span> 
     </span>
    </p>
   </div>
   <div class='ocr_carea' id='block_1_111' title="bbox 2237 5004 3826 5089">
    <p class='ocr_par' dir='ltr' id='par_1_111' title="bbox 2237 5004 3826 5089">
     <span class='ocr_line' id='line_1_111' title="bbox 2237 5004 3826 5089; baseline -0.016 -5"><span class='ocrx_word' id='word_1_837' title='bbox 2237 5004 2520 5089; x_wconf 83' lang='grc' dir='ltr'><strong>διδάσκει,</strong></span> <span class='ocrx_word' id='word_1_838' title='bbox 2556 5024 2616 5077; x_wconf 85' lang='grc' dir='ltr'><strong>οὐ</strong></span> <span class='ocrx_word' id='word_1_839' title='bbox 2646 5023 2708 5075; x_wconf 82' lang='grc' dir='ltr'><strong>τὸ</strong></span> <span class='ocrx_word' id='word_1_840' title='bbox 2737 5021 2957 5081; x_wconf 89' lang='grc' dir='ltr'><strong>πάντως</strong></span> <span class='ocrx_word' id='word_1_841' title='bbox 2998 5014 3174 5078; x_wconf 77' lang='grc' dir='ltr'><strong>οὕτως</strong></span> <span class='ocrx_word' id='word_1_842' title='bbox 3196 5012 3503 5081; x_wconf 74' lang='grc' dir='ltr'><strong>γινόμενον·</strong></span> <span class='ocrx_word' id='word_1_843' title='bbox 3558 5004 3676 5061; x_wconf 74' lang='grc' dir='ltr'><strong>οἷόν</strong></span> <span class='ocrx_word' id='word_1_844' title='bbox 3709 5010 3826 5061; x_wconf 70' lang='grc' dir='ltr'><strong>ἐστι</strong></span> 
     </span>
    </p>
   </div>
   <div class='ocr_carea' id='block_1_112' title="bbox 2239 5098 3826 5188">
    <p class='ocr_par' dir='ltr' id='par_1_112' title="bbox 2239 5098 3826 5188">
     <span class='ocr_line' id='line_1_112' title="bbox 2239 5098 3826 5188; baseline -0.016 -11"><span class='ocrx_word' id='word_1_845' title='bbox 2239 5124 2332 5177; x_wconf 78' lang='grc' dir='ltr'><strong>καὶ</strong></span> <span class='ocrx_word' id='word_1_846' title='bbox 2359 5122 2420 5175; x_wconf 85' lang='grc' dir='ltr'><strong>τὸ</strong></span> <span class='ocrx_word' id='word_1_847' title='bbox 2450 5117 2625 5188; x_wconf 86' lang='grc' dir='ltr'><strong>παρόν</strong></span> <span class='ocrx_word' id='word_1_848' title='bbox 2646 5132 2659 5147; x_wconf 78' lang='lat'>&#39;</span> <span class='ocrx_word' id='word_1_849' title='bbox 2694 5109 2818 5166; x_wconf 75' lang='grc' dir='ltr'><strong>εἷπε</strong></span> <span class='ocrx_word' id='word_1_850' title='bbox 2848 5111 2955 5180; x_wconf 84' lang='grc' dir='ltr'><strong>γὰρ</strong></span> <span class='ocrx_word' id='word_1_851' title='bbox 2982 5107 3139 5161; x_wconf 82' lang='grc' dir='ltr'><strong>τοῦτο</strong></span> <span class='ocrx_word' id='word_1_852' title='bbox 3168 5104 3311 5159; x_wconf 86' lang='grc' dir='ltr'><strong>κατά</strong></span> <span class='ocrx_word' id='word_1_853' title='bbox 3334 5102 3396 5155; x_wconf 84' lang='grc' dir='ltr'><strong>τδ</strong></span> <span class='ocrx_word' id='word_1_854' title='bbox 3420 5101 3593 5167; x_wconf 74' lang='grc' dir='ltr'><strong>εἰκὸς,</strong></span> <span class='ocrx_word' id='word_1_855' title='bbox 3627 5101 3705 5163; x_wconf 82' lang='grc' dir='ltr'><strong>ὡς</strong></span> <span class='ocrx_word' id='word_1_856' title='bbox 3734 5098 3826 5153; x_wconf 75' lang='grc' dir='ltr'><strong>τοῦ</strong></span> 
     </span>
    </p>
   </div>
   <div class='ocr_carea' id='block_1_113' title="bbox 2236 5191 3827 5277">
    <p class='ocr_par' dir='ltr' id='par_1_113' title="bbox 2236 5191 3827 5277">
     <span class='ocr_line' id='line_1_113' title="bbox 2236 5191 3827 5277; baseline -0.015 -10"><span class='ocrx_word' id='word_1_857' title='bbox 2236 5214 2449 5267; x_wconf 83' lang='grc' dir='ltr'><strong>δικαίου</strong></span> <span class='ocrx_word' id='word_1_858' title='bbox 2469 5250 2485 5277; x_wconf 90' lang='grc'><strong>,</strong></span> <span class='ocrx_word' id='word_1_859' title='bbox 2538 5209 2633 5263; x_wconf 70' lang='grc' dir='ltr'><strong>καὶ</strong></span> <span class='ocrx_word' id='word_1_860' title='bbox 2677 5203 2775 5259; x_wconf 79' lang='grc' dir='ltr'><strong>τοῦ</strong></span> <span class='ocrx_word' id='word_1_861' title='bbox 2818 5201 3115 5257; x_wconf 84' lang='grc' dir='ltr'><strong>ἀκολούθου</strong></span> <span class='ocrx_word' id='word_1_862' title='bbox 3146 5196 3308 5252; x_wconf 79' lang='grc' dir='ltr'><strong>τοῦτο</strong></span> <span class='ocrx_word' id='word_1_863' title='bbox 3337 5191 3708 5256; x_wconf 78' lang='grc' dir='ltr'><strong>ἀπαιτοῦντος</strong></span> <span class='ocrx_word' id='word_1_864' title='bbox 3729 5209 3745 5221; x_wconf 76' lang='grc'><em>’</em></span> <span class='ocrx_word' id='word_1_865' title='bbox 3780 5194 3827 5245; x_wconf 74' lang='lat' dir='ltr'><strong>si</strong></span> 
     </span>
    </p>
   </div>
   <div class='ocr_carea' id='block_1_114' title="bbox 2234 5286 3827 5360">
    <p class='ocr_par' dir='ltr' id='par_1_114' title="bbox 2234 5286 3827 5360">
     <span class='ocr_line' id='line_1_114' title="bbox 2234 5286 3827 5360; baseline -0.014 -1"><span class='ocrx_word' id='word_1_866' title='bbox 2234 5306 2333 5360; x_wconf 72' lang='grc' dir='ltr'><strong>καὶ</strong></span> <span class='ocrx_word' id='word_1_867' title='bbox 2356 5299 2666 5356; x_wconf 82' lang='grc' dir='ltr'><strong>τούναντίον</strong></span> <span class='ocrx_word' id='word_1_868' title='bbox 2688 5299 2747 5352; x_wconf 73' lang='grc' dir='ltr'><strong>ἐν</strong></span> <span class='ocrx_word' id='word_1_869' title='bbox 2776 5298 2891 5359; x_wconf 86' lang='grc' dir='ltr'><strong>τοῖς</strong></span> <span class='ocrx_word' id='word_1_870' title='bbox 2920 5294 3195 5354; x_wconf 83' lang='grc' dir='ltr'><strong>πλείστοις</strong></span> <span class='ocrx_word' id='word_1_871' title='bbox 3216 5290 3323 5343; x_wconf 87' lang='grc' dir='ltr'><strong>τῶν</strong></span> <span class='ocrx_word' id='word_1_872' title='bbox 3343 5287 3652 5357; x_wconf 77' lang='grc' dir='ltr'><strong>ἀνθρώπων</strong></span> <span class='ocrx_word' id='word_1_873' title='bbox 3680 5286 3827 5338; x_wconf 71' lang='grc' dir='ltr'><strong>ἐστιν</strong></span> 
     </span>
    </p>
   </div>
   <div class='ocr_carea' id='block_1_115' title="bbox 2240 5378 3827 5468">
    <p class='ocr_par' dir='ltr' id='par_1_115' title="bbox 2240 5378 3827 5468">
     <span class='ocr_line' id='line_1_115' title="bbox 2240 5378 3827 5468; baseline -0.013 -19"><span class='ocrx_word' id='word_1_874' title='bbox 2240 5396 2441 5468; x_wconf 78' lang='grc' dir='ltr'><strong>εὑρεῖν.</strong></span> <span class='ocrx_word' id='word_1_875' title='bbox 2479 5394 2543 5448; x_wconf 78' lang='lat' dir='ltr'><strong>Oi</strong></span> <span class='ocrx_word' id='word_1_876' title='bbox 2590 5393 2687 5463; x_wconf 75' lang='grc' dir='ltr'><strong>μὲν</strong></span> <span class='ocrx_word' id='word_1_877' title='bbox 2727 5388 2837 5461; x_wconf 87' lang='grc' dir='ltr'><strong>γάρ</strong></span> <span class='ocrx_word' id='word_1_878' title='bbox 2876 5386 3077 5442; x_wconf 86' lang='grc' dir='ltr'><strong>δίκαιοι</strong></span> <span class='ocrx_word' id='word_1_879' title='bbox 3116 5383 3318 5444; x_wconf 85' lang='grc' dir='ltr'><strong>πάντες</strong></span> <span class='ocrx_word' id='word_1_880' title='bbox 3355 5380 3443 5434; x_wconf 74' lang='grc' dir='ltr'><strong>διά</strong></span> <span class='ocrx_word' id='word_1_881' title='bbox 3475 5378 3579 5448; x_wconf 75' lang='grc' dir='ltr'><strong>τῆς</strong></span> <span class='ocrx_word' id='word_1_882' title='bbox 3602 5379 3827 5449; x_wconf 79' lang='grc' dir='ltr'><strong>ἀρετῆς,</strong></span> 
     </span>
    </p>
   </div>
   <div class='ocr_carea' id='block_1_116' title="bbox 2241 5472 3829 5555">
    <p class='ocr_par' dir='ltr' id='par_1_116' title="bbox 2241 5472 3829 5555">
     <span class='ocr_line' id='line_1_116' title="bbox 2241 5472 3829 5555; baseline -0.011 -14"><span class='ocrx_word' id='word_1_883' title='bbox 2241 5490 2289 5541; x_wconf 80' lang='grc' dir='ltr'><strong>εἰ</strong></span> <span class='ocrx_word' id='word_1_884' title='bbox 2324 5489 2417 5541; x_wconf 81' lang='grc' dir='ltr'><strong>καί</strong></span> <span class='ocrx_word' id='word_1_885' title='bbox 2452 5505 2506 5540; x_wconf 92' lang='grc' dir='ltr'><strong>τι</strong></span> <span class='ocrx_word' id='word_1_886' title='bbox 2540 5486 2895 5555; x_wconf 83' lang='grc' dir='ltr'><strong>προήμαρτον</strong></span> <span class='ocrx_word' id='word_1_887' title='bbox 2922 5480 2995 5543; x_wconf 82' lang='grc' dir='ltr'><strong>ὡς</strong></span> <span class='ocrx_word' id='word_1_888' title='bbox 3025 5477 3303 5547; x_wconf 73' lang='grc' dir='ltr'><strong>ἀνθρωττοι</strong></span> <span class='ocrx_word' id='word_1_889' title='bbox 3326 5514 3340 5537; x_wconf 88' lang='grc'><strong>,</strong></span> <span class='ocrx_word' id='word_1_890' title='bbox 3394 5472 3829 5543; x_wconf 78' lang='grc' dir='ltr'><strong>καθαρισθέντες</strong></span> 
     </span>
    </p>
   </div>
   <div class='ocr_carea' id='block_1_117' title="bbox 2242 5565 3827 5650">
    <p class='ocr_par' dir='ltr' id='par_1_117' title="bbox 2242 5565 3827 5650">
     <span class='ocr_line' id='line_1_117' title="bbox 2242 5565 3827 5650; baseline -0.011 -16"><span class='ocrx_word' id='word_1_891' title='bbox 2242 5581 2337 5635; x_wconf 71' lang='grc' dir='ltr'><strong>καὶ</strong></span> <span class='ocrx_word' id='word_1_892' title='bbox 2381 5579 2444 5632; x_wconf 81' lang='grc' dir='ltr'><strong>τὸ</strong></span> <span class='ocrx_word' id='word_1_893' title='bbox 2477 5576 2638 5650; x_wconf 81' lang='grc' dir='ltr'><strong>χρέος</strong></span> <span class='ocrx_word' id='word_1_894' title='bbox 2666 5572 3044 5634; x_wconf 82' lang='grc' dir='ltr'><strong>πολυπλασίως</strong></span> <span class='ocrx_word' id='word_1_895' title='bbox 3083 5570 3161 5632; x_wconf 84' lang='grc' dir='ltr'><strong>ὼς</strong></span> <span class='ocrx_word' id='word_1_896' title='bbox 3188 5568 3454 5636; x_wconf 75' lang='grc' dir='ltr'><strong>Ζακχαῖος</strong></span> <span class='ocrx_word' id='word_1_897' title='bbox 3508 5565 3827 5631; x_wconf 68' lang='grc' dir='ltr'><strong>άποδζντες,</strong></span> 
     </span>
    </p>
   </div>
   <div class='ocr_carea' id='block_1_118' title="bbox 2282 5675 3823 5758">
    <p class='ocr_par' dir='ltr' id='par_1_118' title="bbox 2282 5675 3823 5758">
     <span class='ocr_line' id='line_1_118' title="bbox 2282 5675 3823 5758; baseline -0.004 -10"><span class='ocrx_word' id='word_1_898' title='bbox 2282 5693 2301 5726; x_wconf 71' lang='grc'><strong>⁸</strong></span> <span class='ocrx_word' id='word_1_899' title='bbox 2332 5692 2507 5747; x_wconf 84' lang='lat' dir='ltr'><strong>Galat.</strong></span> <span class='ocrx_word' id='word_1_900' title='bbox 2550 5708 2622 5758; x_wconf 79' lang='grc' dir='ltr'><strong>ιν,</strong></span> <span class='ocrx_word' id='word_1_901' title='bbox 2662 5690 2716 5745; x_wconf 86' lang='grc'><strong>6.</strong></span> <span class='ocrx_word' id='word_1_902' title='bbox 2850 5689 2868 5719; x_wconf 83' lang='grc'><strong><em>⁵</em></strong></span> <span class='ocrx_word' id='word_1_903' title='bbox 2906 5685 3063 5742; x_wconf 82' lang='lat' dir='ltr'><strong>Joan.</strong></span> <span class='ocrx_word' id='word_1_904' title='bbox 3101 5698 3183 5747; x_wconf 84' lang='grc' dir='ltr'><strong>ιιι,</strong></span> <span class='ocrx_word' id='word_1_905' title='bbox 3214 5678 3270 5733; x_wconf 75' lang='lat'><strong>5.</strong></span> <span class='ocrx_word' id='word_1_906' title='bbox 3382 5677 3402 5709; x_wconf 81' lang='grc'><strong><em>⁸</em></strong></span> <span class='ocrx_word' id='word_1_907' title='bbox 3435 5675 3573 5737; x_wconf 79' lang='lat' dir='ltr'><strong>Luc.</strong></span> <span class='ocrx_word' id='word_1_908' title='bbox 3616 5692 3702 5739; x_wconf 87' lang='grc' dir='ltr'><strong>ιιι,</strong></span> <span class='ocrx_word' id='word_1_909' title='bbox 3745 5678 3823 5743; x_wconf 66' lang='grc' dir='ltr'><strong>ιβ·</strong></span> 
     </span>
    </p>
   </div>
  </div>
