4006 6548
191 270 339 379 3317

1452 319 1551 379 DE
1593 317 1673 377 1N
1678 307 2184 376 CARNATIONE.

3308 292 3447 359 3318

194 423 298 476 καὶ
317 421 398 475 ἔτι
422 419 649 491 μυρίους
677 419 916 493 ἱδρώτων
943 420 1167 491 μισθοὺς
1190 423 1767 495 ὁφειλόμενοι,Ἕο-ται

1892 416 1957 471 lis
2007 414 2251 471 debitam
2302 408 2712 482 praestationem
2761 414 3077 476 sperantes,
3111 404 3229 459 Erit
3278 408 3445 472 enim,

188 513 328 585 γὰρ,
350 514 534 583 φησιν,
560 516 594 569 ὁ
605 513 822 582 μισθὸς
842 514 1009 583 ὑμῶν
1029 516 1221 582 πολὺς
1244 516 1315 570 ἐν
1333 518 1456 587 τοῖς
1470 518 1768 587 οὐρανοῖς,

187 606 244 657 εί
277 603 374 658 καὶ
405 605 624 675 μικροῖς
652 603 941 657 ὑπέκειντο
973 604 1446 676 πλημμελήμασιν
1469 649 1484 674 ,
1518 607 1774 676 ἀγαπῶσι

190 690 336 746 πολύ
359 707 372 721 ·
426 691 490 746 τὸ
532 692 588 745 δὲ
635 691 743 747 τῶν
773 693 1114 763 ἁμαρτωλῶν
1140 694 1295 766 ήμῶν
1326 694 1527 767 πλῆθος
1560 697 1775 767 μυρίοις

190 783 456 854 βρύοντες
484 782 670 836 ἓλκεσι
690 823 706 849 ,
751 784 848 839 καὶ
875 783 951 847 ὡς
980 785 1129 850 εἰκὸς
1158 786 1332 841 πολλά
1359 788 1453 842 καὶ
1477 788 1555 859 τῷ
1579 787 1774 859 βαπτί-

188 893 401 945 σματι,
454 874 548 929 καὶ
578 875 654 939 ὡς
682 875 857 940 άλλως
882 876 1216 949 χρηστότητι
1245 878 1367 950 θεία
1393 878 1774 950 συγχωρηθέν⁹

185 982 286 1027 τες
316 965 411 1020 καὶ
440 964 561 1019 καθ’
590 964 804 1037 ἡμέραν
835 965 1170 1032 ἀδικοῦντες,
1203 966 1301 1023 καὶ
1329 969 1437 1024 τῶν
1466 968 1617 1042 παρά
1640 967 1776 1024 Θεοῦ

188 1060 418 1116 πάντων
462 1061 684 1131 ἀγαθῶν
740 1060 886 1133 ὑπὲρ
928 1062 1054 1125 τοὺς
1100 1061 1343 1132 ἀγαθοὺς
1391 1060 1777 1125 ἀπολαύοντες,

192 1152 377 1223 μικρά
429 1152 529 1223 τῆς
582 1152 960 1224 ἀνεχομένης,
1020 1154 1116 1207 καὶ
1166 1151 1381 1224 μεγάλα
1429 1152 1780 1224 δωρουμένης

189 1242 350 1309 θείας
371 1244 590 1313 ἀγάπης
614 1243 993 1315 φροντίζομεν.
1013 1242 1071 1297 '0
1093 1243 1193 1314 μὲν
1214 1243 1323 1315 γάρ
1349 1243 1469 1297 Ἰὼϐ
1494 1244 1781 1314 ἄμεμπτος

189 1335 275 1389 ὢν
299 1377 316 1405 ,
365 1334 443 1399 ὡς
490 1336 588 1390 καὶ
628 1335 779 1390 ἄλλοι
810 1334 934 1389 κατ’
962 1336 1169 1390 ἐκεῖνον
1204 1334 1413 1406 μυρίοι,
1450 1336 1781 1407 ὑπερηγάπα

194 1426 292 1483 τὸν
332 1425 501 1491 Θεὸν,
558 1424 634 1496 μὴ
685 1423 902 1496 μετρῶν
951 1425 1087 1495 πρὸς
1127 1424 1196 1479 τά
1232 1424 1381 1496 αύτῷ
1414 1428 1783 1496 πεπραγμένα

192 1518 291 1572 τὸν
340 1517 555 1590 ἔρωτα·
615 1514 819 1580 Ἰούδας
864 1514 921 1575 δὲ
963 1515 1203 1587 κλέπτης
1235 1513 1333 1585 ὣν,
1371 1515 1464 1569 καὶ
1500 1518 1782 1588 μιαιφόνος

194 1611 294 1665 τὸν
322 1609 526 1681 τρόπον
546 1650 562 1675 ,
610 1609 706 1663 καὶ
736 1609 797 1662 οὐ
833 1608 995 1680 μόνον
1026 1606 1089 1661 τὸ
1111 1609 1221 1683 πᾶν
1248 1608 1496 1678 ἀφεθεὶς,
1526 1609 1662 1663 ἀλλά
1688 1610 1782 1664 καὶ

1873 507 2008 562 dicit
2033 505 2334 575 Scriptura,
2365 515 2553 556 merces
2576 506 2750 554 vestra
2778 494 2948 551 multa
2974 497 3031 550 in
3058 495 3244 559 caelo”,
3263 511 3455 566 quam-

1871 599 1957 654 vis
1988 597 2208 654 levibus
2244 592 2612 666 subjiciantur
2659 590 2907 655 oﬂ'ensis,
2942 590 3177 645 multum
3214 589 3454 660 diligunt

1873 704 2108 760 nosque,
2148 694 2503 759 peccatorum
2534 683 2717 747 turba,
2754 680 2904 736 mille
2941 687 3221 736 scatentes
3254 679 3451 733 vulne-

1875 782 2051 846 ribus,
2073 788 2151 845 et,
2176 786 2237 833 ut
2262 776 2481 832 videtur
2510 775 2722 839 multis,
2751 773 3101 843 baptismate,
3129 779 3185 826 et
3202 770 3337 825 alias
3359 769 3457 825 bo-

1878 873 2053 929 nitate
2084 871 2185 927 Dei
2217 867 2490 934 mundati,
2521 873 2579 922 et
2617 866 2674 921 in
2705 866 2826 921 dies
2850 872 3162 935 peccantes,
3189 870 3247 918 et
3274 863 3456 917 omni-

1877 964 1981 1019 bus
2009 978 2131 1035 quae
2185 976 2255 1016 ex
2300 960 2415 1015 Deo
2468 957 2703 1013 veniunt
2744 955 2908 1012 bonis
2940 955 3113 1027 magis
3151 969 3313 1023 quam
3354 954 3456 1024 ipsi

1880 1054 2009 1109 boni
2057 1053 2327 1118 fruentes,
2376 1047 2532 1121 parvi
2588 1064 2693 1104 nos
2750 1045 3111 1101 sustinentem
3153 1051 3210 1099 et
3268 1042 3458 1098 multis

1879 1143 2041 1199 donis
2061 1142 2431 1197 cumulantem
2461 1138 2561 1194 Dei
2611 1135 2936 1194 cbaritatem
2965 1134 3322 1189 testimamus.
3353 1131 3458 1188 Job

1878 1234 2024 1290 enim
2059 1248 2171 1287 non
2204 1244 2464 1302 querens,
2508 1237 2568 1283 ut
2597 1228 2747 1283 mille
2781 1225 2925 1281 circa
2959 1224 3113 1279 illum
3141 1223 3256 1289 alii,
3285 1223 3458 1277 Deum

1879 1322 2289 1395 praadiligebat,
2349 1333 2453 1376 nec
2505 1317 2859 1374 dilectionem
2916 1315 2982 1369 ad
3031 1329 3119 1369 res
3175 1321 3298 1383 qltae
3351 1311 3457 1366 sibi

1880 1413 2274 1485 contingebant
2298 1411 2654 1467 metiebatur.
2685 1408 2855 1465 Judas
2885 1417 3067 1461 autem
3093 1404 3234 1459 latro
3260 1402 3457 1467 iactus,

1880 1516 1935 1563 et
1961 1505 2237 1562 homicida
2262 1504 2369 1559 hoc
2395 1503 2581 1568 modo,
2613 1516 2738 1556 cum
2764 1515 2874 1554 non
2900 1499 3081 1553 solum
3104 1495 3182 1550 illi
3210 1493 3460 1549 omnium

1882 1600 2172 1669 culparum
2199 1598 2383 1663 venia,
2416 1595 2511 1652 sed
2559 1595 2725 1650 etiam
2764 1592 2885 1648 aliis
2907 1590 3125 1647 veniam
3160 1586 3326 1642 dandi
3364 1602 3463 1656 po-

196 1702 316 1764 τοῖς
358 1676 541 1765 ἀλλοις
589 1700 808 1769 ἀφιέναι
834 1676 1104 1765 ’ἐξουσίαν
1148 1676 1419 1772 εέληφὼς,
1466 1701 1660 1771 φονεὺς
1688 1700 1779 1754 τοῦ

1892 1696 2054 1743 testas
2096 1686 2239 1742 facta
2286 1694 2455 1751 esset,
2503 1681 2877 1739 benefactoris
2925 1680 3009 1736 sui
3057 1676 3379 1734 interfector
3406 1684 3463 1730 et

199 1761 493 1861 εὐεργέτου
524 1761 919 1860 καὶ-προδότης
948 1790 1185 1858 ἐγένετο·
1223 1761 1317 1844 καὶ
1346 1761 1522 1861 οίτμέν
1539 1761 1782 1844 Ἰουδαῖοι

1892 1778 2119 1835 traditor
2141 1778 2399 1832 inventus
2421 1785 2524 1831 est.
2556 1764 2731 1831 Judaei
2763 1773 2988 1844 quidem
3016 1772 3249 1826 multum
3272 1768 3462 1823 dilecti

197 1881 320 1936 λίαν
365 1881 723 1953 ἀγαπώμενοι
772 1881 865 1935 καὶ
907 1881 1195 1946 ἀκούοντες
1242 1882 1337 1935 τοῦ
1382 1881 1481 1946 τὰς
1514 1882 1786 1954 ἁμαρτίας

198 1974 382 2030 αὐτῶν
408 1974 643 2044 ’ἀφιέναι
689 1973 1039 2045 βουληθέντος
1070 2014 1085 2039 ,
1136 1973 1384 2043 λέγοντος
1415 1990 1430 2004 ·
1493 1978 1616 2030 Οὐκ
1672 1971 1784 2041 ἥλ-

201 2067 315 2121 θον
344 2067 397 2122 εὶ
434 2063 521 2134 μὴ
572 2066 659 2131 είς
699 2064 772 2119 τὰ
811 2065 1076 2132 πρόϐατα
1112 2067 1185 2119 τὰ
1225 2065 1581 2119 ἀπολωλότα
1615 2066 1785 2119 οἵκου

211 2157 500 2229 Ἰσραὴλ,
540 2158 764 2213 ἐδίωκον
802 2158 896 2211 καὶ
933 2158 1357 2228 ἀπεστρέφοντο,
1395 2159 1446 2211 oi
1490 2158 1547 2211 δὲ
1583 2158 1786 2211 ἐθνικοὶ

200 2250 497 2315 ἀκούοντες
540 2250 602 2304 τὸ
621 2291 637 2317 ,
701 2252 823 2304 Οὐκ
848 2250 981 2304 ἔστι
1009 2250 1202 2304 καλὸν
1238 2249 1448 2304 λαϐεῖν
1475 2251 1583 2304 τὸν
1605 2248 1788 2319 ἄρτον

197 2341 321 2396 τῶν
348 2340 609 2411 τέκνων,
647 2340 746 2396 καί
779 2340 991 2396 δοῦναι
1020 2342 1350 2410 κυναρίοις,
1381 2341 1747 2413 προσέτρεχον
1769 2358 1781 2371 ⁸

202 2435 302 2489 καὶ
346 2432 628 2505 συντόμως
658 2433 708 2487 οἱ
734 2433 934 2488 δίκαιοι
964 2434 1063 2506 τὴν
1090 2434 1283 2504 στενὴν
1308 2432 1398 2487 καὶ
1421 2432 1786 2505 τεθλιμμένην

199 2525 515 2593 ὁδεύοντες,
563 2526 655 2579 καὶ
698 2528 831 2597 πυρὶ
880 2527 974 2580 καὶ
1019 2527 1222 2597 σιδήρῳ
1271 2526 1741 2597 παραϐαλλόμενοι
1768 2567 1783 2591 ,

201 2618 353 2688 ὅμως
383 2618 726 2690 παρέμειναν
746 2658 762 2685 ,
803 2619 967 2673 πλέον
996 2621 1090 2674 καλ⁵
1119 2620 1280 2674 πλέον
1309 2622 1409 2690 τῆς
1436 2622 1656 2693 ἀγάπης
1687 2622 1784 2676 τοῦ

201 2709 339 2763 Θεοῦ
380 2711 664 2781 ἐχόμενοι·
716 2711 765 2762 οἱ
809 2710 865 2763 δὲ
901 2710 1240 2783 ἁμαρτωλοὶ,
1275 2712 1373 2764 καὶ
1407 2710 1783 2781 εὐθηνούντες,

138 2830 141 2831 ν
202 2802 299 2855 καὶ
350 2803 429 2865 είς
477 2802 568 2856 τὸν
615 2802 788 2857 αἰῶνα
858 2802 999 2856 κατά
1047 2802 1146 2874 τὴν
1190 2803 1416 2875 Γραφὴν
1462 2804 1786 2874 κατέχοντες

206 2892 441 2947 πλούτου
461 2935 478 2961 ,
524 2894 606 2964 τῷ
649 2893 1030 2966 εύεργετοῦντι
1056 2894 1175 2967 Θεῷ
1202 2896 1302 2949 οὐκ
1326 2896 1783 2968 εὐγνωμονοῦσιν.

206 2985 270 3039 Ei
295 2985 389 3040 οῦν
419 2986 492 3058 μὴ
517 2987 656 3041 κατά
676 2988 769 3039 τὸν
793 2986 1056 3057 λεχθέντα
1083 2989 1286 3041 σκοπὸν
1310 2988 1469 3042 τοῦτο
1498 2992 1591 3059 νοή
1604 3007 1783 3059 σομεν,

1885 1876 1941 1923 et
1970 1867 2260 1923 audientes
2308 1867 2486 1933 illum,
2533 1865 2629 1934 qui
2676 1872 2897 1935 peccata
2944 1876 3137 1918 eorum
3184 1858 3465 1915 dimittere

1885 1960 2127 2025 volebat,
2180 1959 2455 2013 dicentem
2486 1973 2500 2010 :
2539 1955 2660 2011 Non
2692 1957 2808 2010 veni
2840 1954 2941 2008 nisi
2973 1952 3042 2006 ad
3073 1968 3191 2006 oves
3230 1949 3464 2022 perditas

1886 2050 2073 2105 domus
2106 2049 2357 2115 Israel”,
2396 2050 2710 2121 rejecerunt
2737 2054 2794 2101 et
2816 2045 2943 2101 odio
2968 2042 3313 2107 habuerunt;
3344 2038 3471 2095 eth-

1886 2144 1997 2199 nici
2021 2152 2205 2200 autem
2237 2143 2527 2198 audientes
2550 2155 2661 2195 non
2684 2153 2807 2195 esse
2835 2138 3026 2192 bonum
3047 2148 3253 2189 sumere
3274 2148 3465 2203 panem

1885 2235 2118 2305 ﬁliorum
2142 2245 2190 2290 et
2209 2237 2417 2290 mittere
2448 2233 2663 2289 canibus
2682 2233 3153 2298 “,'accurrerunt.
3185 2225 3307 2281 Uno
3336 2240 3465 2279 ver-

1887 2328 1981 2393 bo,
2011 2328 2144 2400 justi
2186 2336 2483 2398 angustam
2518 2334 2575 2381 et
2604 2331 2809 2380 arctam
2841 2321 2986 2377 viam
3017 2318 3214 2383 secuti,
3259 2317 3384 2388 igne
3411 2324 3468 2370 et

1886 2419 2035 2476 ferro
2067 2420 2307 2491 probati,
2339 2418 2701 2474 nihilominus
2731 2419 3177 2487 permanserunt,
3206 2410 3378 2481 magis
3404 2423 3467 2463 ac

1886 2513 2061 2585 magis
2107 2513 2163 2567 in
2196 2513 2369 2569 Deum
2417 2510 2713 2567 dilectione
2768 2514 3116 2563 crescentes:
3148 2509 3469 2574 peccatores

1887 2627 2093 2688 autem,
2123 2620 2179 2675 in
2212 2621 2385 2676 rebus
2413 2618 2695 2692 prosperis
2720 2617 3029 2680 constituti,
3057 2622 3113 2670 et
3135 2612 3201 2668 ad
3230 2622 3467 2681 tempus,

1887 2722 1949 2769 ut
1972 2712 2108 2768 dicit
2129 2711 2434 2783 Scriptura,
2459 2712 2680 2767 divitias
2703 2710 3072 2781 possidentes,
3100 2703 3469 2761 benefacienti

1887 2805 2000 2861 Deo
2047 2820 2157 2859 non
2203 2814 2386 2875 gratos
2421 2820 2479 2859 se
2523 2804 2791 2874 prazbent.
2842 2801 2895 2857 Si
2948 2801 3115 2874 igitur
3165 2797 3479 2854 secundum

1888 2910 2097 2966 dictum
2134 2908 2479 2980 propositum
2507 2908 2642 2962 illud
2683 2913 3141 2977 reputaverimus,
3174 2903 3306 2974 quid
3342 2916 3469 2973 age-

1891 3016 2013 3055 mus
2044 3001 2098 3054 in
2126 3000 2384 3069 parabola
2411 2998 2689 3053 contraria
2733 2997 2997 3051 dicente?
3022 2997 3081 3051 ln
3119 3011 3225 3066 qua
3257 2994 3347 3047 ille
3382 2991 3469 3046 cui

206 3076 261 3132 τί
294 3081 589 3150 ποιήσομεν
623 3082 686 3149 τῇ
719 3079 980 3151 τάναντία
1020 3079 1254 3151 λεγούσῃ
1300 3081 1616 3151 παραϐολῇ,
1662 3084 1719 3134 ὲν

1892 3090 2071 3144 decies
2099 3090 2267 3143 millia
2297 3090 2497 3142 talenta
2528 3087 2753 3141 remissa
2777 3095 2925 3151 sunt,
2959 3086 3111 3157 parvi
3141 3082 3474 3140 rernittentis

208 3172 239 3222 ὁ
288 3170 357 3224 τά
403 3171 575 3244 μυρία
621 3171 861 3226 τάλαντα
908 3172 1319 3243 συγχωρηθεὶς,
1374 3172 1548 3242 μικρά
1574 3173 1673 3242 τῆς
1699 3170 1793 3224 τοῦ

211 3264 661 3337 συγχωρήσαντος
686 3264 905 3333 ἀγάπης
931 3262 1245 3335 φροντίσας,
1286 3262 1428 3316 κοιτά
1456 3262 1549 3315 τοῦ
1578 3263 1795 3316 συνδού-

210 3355 306 3409 λου
337 3356 513 3427 ὲμάνη
537 3372 552 3386 ”
601 3358 670 3410 δι’
699 3352 760 3411 οὗ
794 3356 963 3427 μέσου
995 3354 1089 3408 καὶ
1119 3355 1210 3407 τὸν
1238 3355 1518 3426 Δεσπότην
1548 3354 1793 3427 ὕϐρισεν,

214 3447 268 3503 εἷ
292 3464 358 3517 γε
388 3449 486 3518 τῆς
518 3448 685 3503 αὐτοῦ
720 3446 1134 3519 φιλανθρωπίας
1166 3444 1227 3501 τὸ
1258 3445 1327 3499 τά
1353 3446 1461 3501 τῶν
1484 3447 1688 3501 δούλων
1717 3449 1797 3512 εἰς

213 3538 406 3592 ἑαυτὸν
461 3538 857 3611 ἀναδέχεσθαι,
916 3536 1065 3606 παρ’
1104 3529 1164 3591 οὗ
1215 3537 1311 3591 καὶ
1352 3538 1441 3605 τὸ,
1493 3540 1619 3608 Ἐφ’
1646 3538 1799 3593 ὅσον

212 3628 538 3695 ἐποιήσατε
559 3628 649 3682 ἐνί
672 3630 899 3683 τούτων
923 3626 1040 3681 τῶν
1058 3628 1423 3697 ἐλαχίστων,
1454 3629 1584 3700 ἐμοὶ
1604 3630 1797 3698 ἐποιή-

213 3735 385 3777 σατε.
421 3720 495 3772 Τὸ
523 3720 653 3773 αὐτὸ
679 3720 897 3789 νοητέον
943 3718 1035 3773 καὶ
1073 3720 1202 3791 περὶ
1234 3720 1333 3790 τῆς
1358 3721 1673 3791 παραϐολῆς
1703 3722 1796 3776 τοῦ

213 3808 430 3866 ἀσώτου
465 3810 558 3862 καὶ
586 3809 679 3862 τοῦ
709 3808 987 3877 σώφρονος
1016 3808 1124 3863 τῶν
1152 3809 1246 3863 δύο
1270 3810 1516 3881 ἀδελφῶν
1539 3829 1553 3843 ·
1591 3814 1690 3883 ούχ
1722 3814 1796 3879 ib;

212 3902 405 3957 τούτου
437 3903 654 3964 πάντως
683 3900 826 3955 οὕτω
853 3902 1210 3974 προελθόντος
1235 3941 1251 3967 ,
1302 3903 1419 3956 ἀλλ’
1454 3905 1529 3967 ὡς
1561 3905 1661 3974 τῆς
1690 3906 1798 3959 τῶν

215 3992 565 4064 πραγμάτων
627 3991 952 4057 ἀκολουθίας
999 3992 1142 4048 οὕτω
1184 3995 1356 4048 ταῦτα
1390 3997 1514 4049 καθ’
1544 3998 1797 4053 ὑπόθεσιν

215 4084 557 4156 ἀπαιτούσης
579 4125 594 4149 ,
637 4085 732 4138 καὶ
768 4086 1057 4157 μονονουχὶ
1099 4087 1199 4157 τῆς
1232 4088 1452 4158 Γραφῆς
1481 4091 1541 4142 τὸ
1568 4091 1798 4160 μέγεθος

214 4181 315 4249 τῆς
345 4181 425 4242 είς
450 4180 596 4249 ἡμᾶς
625 4178 940 4249 φιλοτιμίας
968 4180 1062 4232 τοῦ
1089 4178 1226 4232 Θεοῦ
1253 4180 1339 4233 διὰ
1365 4180 1570 4235 τούτων
1597 4183 1799 4236 ἐπιδει-

215 4270 489 4340 κνυούσης
515 4311 528 4335 ,
585 4271 680 4324 καὶ
726 4272 874 4341 ἡμᾶς
923 4270 1315 4343 ὲντρεπούσης,
1353 4271 1408 4323 ετ
1433 4290 1497 4341 γε
1529 4274 1668 4340 δέον,
1705 4273 1796 4328 τοῦ

216 4361 430 4419 ἀσώτου
460 4364 537 4434 τῷ
566 4364 735 4435 πατρὶ⁸
771 4362 1211 4433 προδραμόντας,
1248 4367 1341 4416 καὶ
1370 4364 1798 4436 ἐξομολογουμέ-

216 4472 343 4519 νους
388 4454 532 4508 οὕτω
584 4454 654 4507 τά
701 4453 839 4524 πρὸς
881 4452 1157 4522 σωτηρίαν
1202 4455 1487 4524 αἰτήματα
1511 4454 1778 4526 λήψεσθαι

217 4547 293 4601 Τὸ
322 4545 561 4617 ἔμπαλιν
605 4546 634 4598 ὁ
669 4522 802 4609 Θεός
840 4546 975 4615 μηδὲ
1008 4522 1450 4615 εὐγνωμονηθεὶς
1474 4586 1489 4609 ,
1547 4522 1682 4617 μηδὲ
1714 4522 1803 4603 οιίΣ

217 4639 407 4710 ⁸τηθελς
437 4639 805 4709 φιλοτιμεῖται
826 4654 840 4668 °
878 4640 911 4707 ἡ
940 4636 1033 4691 οῦν
1063 4641 1162 4708 τῆς
1186 4637 1528 4709 παραϐολῆς,
1565 4640 1659 4693 καὶ
1690 4642 1801 4697 τῶν

1898 3178 2225 3233 cbaritatem
2269 3178 2547 3232 aestimans
2575 3192 2676 3231 suo
2707 3192 2973 3231 conservo
3008 3177 3181 3231 iratus
3214 3186 3327 3241 est;
3371 3174 3475 3227 ita-

1897 3285 2003 3339 que
2053 3270 2347 3325 Dominum
2391 3268 2592 3340 injuria
2644 3267 2847 3332 alfecit,
2902 3268 2995 3338 qui
3041 3282 3141 3337 per
3188 3265 3472 3320 hominum

1899 3375 2146 3415 amorem
2197 3359 2254 3413 in
2306 3374 2364 3414 se
2413 3373 2702 3413 servorum
2732 3372 2957 3412 suorum
2994 3356 3223 3428 injurias
3248 3354 3472 3426 recipit;

1897 3454 2033 3510 dicit
2065 3451 2212 3509 enim
2240 3470 2252 3507 :
2286 3450 2435 3518 Quod
2466 3450 2688 3521 feceritis
2715 3451 2809 3504 uni
2859 3466 2922 3503 ex
2953 3450 3030 3504 his
3072 3450 3323 3514 minimis,
3349 3448 3485 3502 milii

1898 3548 2171 3619 fecistis“.
2200 3546 2345 3601 ldem
2371 3543 2709 3600 censendum
2737 3557 2821 3599 est
2846 3544 2912 3598 de
2944 3541 3200 3613 parabola
3238 3540 3475 3595 duorum

1896 3638 2153 3705 fratrum,
2191 3634 2411 3707 prodigi
2448 3643 2506 3690 et
2536 3633 2831 3707 sapientis;
2872 3650 2982 3687 non
3008 3631 3163 3703 quasi
3191 3631 3334 3686 idem
3359 3646 3477 3684 om-

1897 3730 2029 3785 nino
2059 3729 2400 3800 propositum
2431 3727 2522 3791 sit,
2559 3726 2655 3782 sed
2694 3740 2876 3780 rerum
2915 3724 3260 3780 connexione
3283 3722 3474 3777 eadem

1898 3821 2198 3876 secundum
2229 3819 2578 3891 bypotbesim
2610 3817 2943 3887 postulante,
2988 3826 3043 3868 et
3082 3815 3155 3868 ita
3192 3812 3479 3882 Scriptura

1896 3913 2334 3985 magnitudinem
2382 3910 2478 3966 Dei
2525 3908 2879 3965 liberalitatis
2915 3923 3043 3977 erga
3070 3921 3171 3960 nos
3195 3904 3281 3960 bis
3314 3903 3478 3958 rebus

1897 4002 2243 4069 ostendente,
2277 4011 2333 4057 et
2358 4016 2461 4057 nos
2489 4000 2809 4063 inducente,
2842 3997 2887 4053 si
2919 4012 3059 4068 opus
3085 3996 3176 4061 sit,
3202 4003 3262 4049 ut
3283 4009 3478 4049 curra-

1898 4112 2021 4153 mus
2058 4096 2124 4151 ad
2157 4102 2365 4166 patrem
2400 4091 2635 4164 prodigi,
2661 4102 2715 4146 ct
2738 4088 3100 4145 conﬁteamur
3143 4088 3216 4141 ita
3251 4085 3477 4155 petitio-

1898 4206 1997 4246 nes
2024 4190 2078 4244 in
2111 4189 2342 4244 salutem
2374 4186 2580 4256 accipi;
2614 4184 2855 4239 vicissim
2904 4197 3126 4253 quoque
3151 4181 3344 4244 Deum,
3376 4177 3478 4233 etsi

1900 4297 2009 4336 non
2044 4280 2182 4352 grati
2207 4278 2497 4345 fuerimus,
2530 4286 2627 4332 aut
2657 4291 2771 4331 non
2811 4272 3208 4345 rogaverimus,
3240 4267 3483 4325 liberali-

1906 4381 2017 4428 tate
2057 4372 2156 4428 uti.
2198 4372 2323 4427 Haec
2370 4371 2540 4441 igitur
2569 4367 2848 4440 parabola,
2899 4374 2956 4421 et
2992 4363 3207 4435 prodigi
3240 4359 3482 4415 necessi-

1914 4467 2041 4521 tatis
2086 4466 2350 4529 narratio,
2399 4472 2600 4518 nostrze
2639 4458 2993 4531 malignitatis
3028 4454 3481 4527 magnitudinem,

1909 4568 1966 4612 et
2004 4557 2336 4611 ineffabilem
2368 4556 2462 4609 Dei
2498 4569 2629 4623 erga
2658 4552 2912 4607 homines
2939 4563 3186 4606 amorem
3211 4546 3409 4618 probat
3428 4553 3486 4599 ct

1908 4648 1962 4701 in
1994 4647 2316 4702 memoriam
2355 4652 2596 4700 revocat.

218 4735 448 4789 δεόντων
468 4734 743 4805 διήγησις,
771 4730 868 4786 τοῦ
896 4731 1133 4803 πλήθους
1157 4732 1258 4803 τῆς
1281 4731 1442 4804 ἡμῶν
1466 4733 1682 4801 κακίας,
1705 4738 1795 4790 καὶ
1830 4740 1929 4810 τῆς
1977 4743 2185 4812 ἀφάτου
2237 4739 2333 4793 τοῦ
2373 4736 2510 4792 Θεοῦ
2551 4734 2967 4808 φιλανθρωπίας
3048 4727 3267 4799 ἔλεγχός
3342 4728 3479 4808 ἐστι,

221 4828 316 4881 καὶ
348 4827 675 4898 ὑπόμνησις.

290 4921 365 4974 Δ’.
408 4917 487 4991 [p.
517 4916 670 4989 ML]
705 4918 780 4971 Ού
812 4918 924 4989 γὰρ
955 4917 1097 4972 κατά
1128 4917 1227 4987 τὴν
1252 4916 1439 4986 κοινὴν
1472 4918 1567 4970 καὶ
1595 4918 1799 4991 συνήθη

220 5016 329 5070 τῶν
358 5015 496 5069 ὅλων
523 5012 916 5084 δημιουργίαν,
953 5012 1112 5083 Λόγῳ
1144 5012 1237 5065 καὶ
1265 5012 1365 5081 τὴν
1389 5011 1667 5081 ἡμετέραν
1695 5013 1799 5081 φύ-

226 5124 312 5161 σιν
361 5104 665 5161 ἀνέπλασεν
692 5121 706 5135 ·
764 5104 887 5159 ἀλλ’
936 5105 1075 5175 ὅπερ
1122 5102 1207 5156 ἐπ’
1237 5102 1449 5165 οὐδενὸς
1490 5102 1597 5156 τῶν
1627 5103 1799 5158 ἄλλων

222 5199 506 5270 ἠνέσχετο,
539 5196 638 5249 οὐκ
666 5197 755 5249 ἐπ’
778 5196 1054 5265 ἀγγέλων,
1091 5194 1193 5248 οὐκ
1222 5195 1306 5247 ἐπ’
1334 5192 1500 5264 ἄλλης
1528 5194 1671 5259 τινὸς
1697 5193 1799 5263 φύ-

228 5308 365 5354 σεως
382 5331 397 5354 ,
429 5288 590 5342 τοῦτο
621 5289 715 5341 ἐπὶ
742 5292 808 5359 τῇ
840 5289 947 5343 τῶν
969 5288 1271 5360 ἀνθρώπων
1298 5287 1506 5357 ὑπέστη
1532 5288 1798 5359 σωτηρία.

227 5384 375 5438 ’Δντὶ
397 5380 659 5435 δεσπότου
690 5380 798 5451 γάρ
826 5381 1009 5444 δοῦλος
1048 5379 1416 5451 χρηματίσας,
1447 5378 1675 5442 εἰκότως
1703 5379 1797 5433 καὶ

226 5472 546 5529 καταλιπεῖν
574 5470 643 5523 τὰ
667 5471 1020 5539 ἐννενήκοντα
1046 5470 1199 5525 ἐννέα
1222 5468 1371 5537 λέγει
1397 5468 1667 5539 πρόϐατα,
1699 5468 1798 5539 τὴν

228 5568 308 5632 εἰς
356 5565 485 5619 ἀλλο
536 5564 964 5635 παραδοξότερον
1022 5565 1115 5617 καὶ
1168 5561 1614 5634 θαυμασιώτερον
1660 5556 1799 5623 εἶδος

1978 4923 2066 4977 IV.
2098 4921 2218 4976 Non
2244 4918 2394 4974 enim
2424 4932 2523 4988 per
2543 4930 2891 4972 communem
2919 4921 2977 4968 et
2999 4908 3259 4967 omnibus
3290 4922 3482 4963 assue—

1908 5024 2017 5070 tam
2056 5009 2457 5082 operationem,
2490 5008 2669 5062 Verbo
2700 5014 2942 5060 nostram
2987 5012 3241 5057 naturam
3282 4999 3486 5053 forma—

1903 5104 2020 5167 vit;
2068 5101 2165 5158 sed
2210 5099 2357 5169 quod
2405 5098 2458 5151 in
2511 5096 2693 5151 nullos
2726 5095 2864 5148 alios
2894 5092 3156 5156 ostendit,
3199 5105 3377 5159 neque
3427 5089 3483 5142 in

1903 5192 2147 5260 angelos,
2196 5202 2376 5257 neque
2421 5186 2655 5255 alicujus
2697 5189 2907 5237 naturae
2952 5190 3251 5246 creaturas,
3288 5177 3483 5233 hocin

1904 5281 2191 5335 hominum
2239 5278 2470 5333 salutem
2510 5272 2801 5344 disposuit.
2836 5272 3050 5325 Etenim
3079 5284 3182 5339 pro
3212 5269 3351 5322 bero
3381 5282 3483 5322 suo

1903 5387 2096 5428 servus
2118 5371 2367 5440 loquens,
2393 5366 2592 5421 merito
2616 5364 2867 5434 linquere
2891 5376 3084 5416 novem
3107 5368 3162 5415 et
3184 5358 3484 5428 nonaginta

1904 5481 2035 5520 oves
2067 5463 2220 5525 dicit,
2257 5475 2381 5515 cum
2422 5459 2480 5513 in
2510 5458 2671 5513 aliam
2705 5453 3101 5509 mirabiliorem
3138 5459 3195 5506 ct
3222 5458 3483 5521 prmstan-

1910 5557 2105 5612 liorem
2158 5554 2350 5609 facient
2415 5550 2791 5622 Operationem
2855 5542 3364 5601 immutatam'esse
3419 5551 3480 5598 et.

302 5749 323 5780 ⁹
358 5745 547 5805 Matth.
589 5760 642 5809 ν,
680 5743 773 5798 12.
845 5742 886 5774 ¹⁰
921 5742 1109 5798 Matth.
1144 5742 1344 5808 xv,2.i.
1428 5742 1465 5772 ¹¹
1509 5740 1641 5795 ibid.
1683 5738 1773 5795 26.

1892 5741 1895 5766 τ
1931 5733 2121 5789 Matth.
2158 5749 2281 5799 xxv,-
2325 5732 2411 5787 rit).
