  <div class='ocr_page' id='page_1' title='image "/cluster/home/n/w/nwhite01/storage/ocr_20150623/86:2/hvd.32044012719696/789.png"; bbox 0 0 4032 6488; ppageno 0'>
   <div class='ocr_carea' id='block_1_1' title="bbox 581 345 723 416">
    <p class='ocr_par' dir='ltr' id='par_1_1' title="bbox 581 345 723 416">
     <span class='ocr_line' id='line_1_1' title="bbox 581 345 723 416; baseline -0.014 1"><span class='ocrx_word' id='word_1_1' title='bbox 581 345 723 416; x_wconf 81' lang='lat'><strong>3319</strong></span> 
     </span>
    </p>
   </div>
   <div class='ocr_carea' id='block_1_2' title="bbox 580 532 2148 618">
    <p class='ocr_par' dir='ltr' id='par_1_2' title="bbox 580 532 2148 618">
     <span class='ocr_line' id='line_1_2' title="bbox 580 532 2148 618; baseline -0.012 -15"><span class='ocrx_word' id='word_1_2' title='bbox 580 564 692 603; x_wconf 91' lang='lat' dir='ltr'><strong>non</strong></span> <span class='ocrx_word' id='word_1_3' title='bbox 739 542 1203 618; x_wconf 86' lang='lat' dir='ltr'><strong>quemadmodum</strong></span> <span class='ocrx_word' id='word_1_4' title='bbox 1242 539 1425 595; x_wconf 82' lang='lat' dir='ltr'><strong>omnia</strong></span> <span class='ocrx_word' id='word_1_5' title='bbox 1468 553 1499 592; x_wconf 88' lang='lat' dir='ltr'><strong>a</strong></span> <span class='ocrx_word' id='word_1_6' title='bbox 1542 535 1816 607; x_wconf 90' lang='lat' dir='ltr'><strong>principio</strong></span> <span class='ocrx_word' id='word_1_7' title='bbox 1857 532 2148 602; x_wconf 76' lang='lat' dir='ltr'><strong>disposuit,</strong></span> 
     </span>
    </p>
   </div>
   <div class='ocr_carea' id='block_1_3' title="bbox 579 630 2151 695">
    <p class='ocr_par' dir='ltr' id='par_1_3' title="bbox 579 630 2151 695">
     <span class='ocr_line' id='line_1_3' title="bbox 579 630 2151 695; baseline -0.01 -1"><span class='ocrx_word' id='word_1_8' title='bbox 579 638 676 694; x_wconf 69' lang='lat' dir='ltr'><strong>sed</strong></span> <span class='ocrx_word' id='word_1_9' title='bbox 727 652 868 693; x_wconf 86' lang='lat' dir='ltr'><strong>nova</strong></span> <span class='ocrx_word' id='word_1_10' title='bbox 917 645 976 691; x_wconf 89' lang='lat' dir='ltr'><strong>et</strong></span> <span class='ocrx_word' id='word_1_11' title='bbox 1022 634 1255 689; x_wconf 80' lang='lat' dir='ltr'><strong>meliore</strong></span> <span class='ocrx_word' id='word_1_12' title='bbox 1301 630 1499 695; x_wconf 86' lang='lat' dir='ltr'><strong>forma,</strong></span> <span class='ocrx_word' id='word_1_13' title='bbox 1546 635 1602 683; x_wconf 93' lang='lat' dir='ltr'><strong>et</strong></span> <span class='ocrx_word' id='word_1_14' title='bbox 1652 630 1875 682; x_wconf 89' lang='lat' dir='ltr'><strong>omnem</strong></span> <span class='ocrx_word' id='word_1_15' title='bbox 1905 634 2151 680; x_wconf 91' lang='lat' dir='ltr'><strong>nostram</strong></span> 
     </span>
    </p>
   </div>
   <div class='ocr_carea' id='block_1_4' title="bbox 581 715 1983 796">
    <p class='ocr_par' dir='ltr' id='par_1_4' title="bbox 581 715 1983 796">
     <span class='ocr_line' id='line_1_4' title="bbox 581 715 1983 796; baseline -0.011 -12"><span class='ocrx_word' id='word_1_16' title='bbox 581 729 854 786; x_wconf 87' lang='lat' dir='ltr'><strong>rationem</strong></span> <span class='ocrx_word' id='word_1_17' title='bbox 882 730 1239 796; x_wconf 76' lang='lat' dir='ltr'><strong>superantem</strong></span> <span class='ocrx_word' id='word_1_18' title='bbox 1265 718 1681 776; x_wconf 83' lang='lat' dir='ltr'><strong>innovationem</strong></span> <span class='ocrx_word' id='word_1_19' title='bbox 1711 715 1983 771; x_wconf 89' lang='lat' dir='ltr'><strong>adhibuit.</strong></span> 
     </span>
    </p>
   </div>
   <div class='ocr_carea' id='block_1_5' title="bbox 668 889 2154 971">
    <p class='ocr_par' dir='ltr' id='par_1_5' title="bbox 668 889 2154 971">
     <span class='ocr_line' id='line_1_5' title="bbox 668 889 2154 971; baseline -0.011 -12"><span class='ocrx_word' id='word_1_20' title='bbox 668 903 738 959; x_wconf 74' lang='grc' dir='ltr'>ν.</span> <span class='ocrx_word' id='word_1_21' title='bbox 792 898 1128 971; x_wconf 79' lang='lat' dir='ltr'><strong>Adoptionis</strong></span> <span class='ocrx_word' id='word_1_22' title='bbox 1182 898 1335 969; x_wconf 80' lang='lat' dir='ltr'><strong>signa</strong></span> <span class='ocrx_word' id='word_1_23' title='bbox 1396 899 1692 963; x_wconf 77' lang='lat' dir='ltr'><strong>recuperat</strong></span> <span class='ocrx_word' id='word_1_24' title='bbox 1749 889 1894 962; x_wconf 91' lang='lat' dir='ltr'><strong>apud</strong></span> <span class='ocrx_word' id='word_1_25' title='bbox 1943 889 2154 944; x_wconf 89' lang='lat' dir='ltr'><strong>bonum</strong></span> 
     </span>
    </p>
   </div>
   <div class='ocr_carea' id='block_1_6' title="bbox 579 984 2153 1057">
    <p class='ocr_par' dir='ltr' id='par_1_6' title="bbox 579 984 2153 1057">
     <span class='ocr_line' id='line_1_6' title="bbox 579 984 2153 1057; baseline -0.009 -7"><span class='ocrx_word' id='word_1_26' title='bbox 579 994 756 1050; x_wconf 86' lang='lat' dir='ltr'><strong>Deum</strong></span> <span class='ocrx_word' id='word_1_27' title='bbox 801 1002 857 1050; x_wconf 90' lang='lat' dir='ltr'><strong>et</strong></span> <span class='ocrx_word' id='word_1_28' title='bbox 904 994 1157 1057; x_wconf 84' lang='lat' dir='ltr'><strong>Patrem,</strong></span> <span class='ocrx_word' id='word_1_29' title='bbox 1212 989 1379 1045; x_wconf 86' lang='lat' dir='ltr'><strong>homo</strong></span> <span class='ocrx_word' id='word_1_30' title='bbox 1423 987 1529 1041; x_wconf 89' lang='lat' dir='ltr'><strong>hac</strong></span> <span class='ocrx_word' id='word_1_31' title='bbox 1579 985 1900 1047; x_wconf 90' lang='lat' dir='ltr'><strong>destitutus,</strong></span> <span class='ocrx_word' id='word_1_32' title='bbox 1955 984 2153 1038; x_wconf 78' lang='lat' dir='ltr'><strong>stolam</strong></span> 
     </span>
    </p>
   </div>
   <div class='ocr_carea' id='block_1_7' title="bbox 584 1074 2156 1156">
    <p class='ocr_par' dir='ltr' id='par_1_7' title="bbox 584 1074 2156 1156">
     <span class='ocr_line' id='line_1_7' title="bbox 584 1074 2156 1156; baseline -0.008 -16"><span class='ocrx_word' id='word_1_33' title='bbox 584 1083 953 1156; x_wconf 83' lang='lat' dir='ltr'><strong>magniﬁcam,</strong></span> <span class='ocrx_word' id='word_1_34' title='bbox 1001 1091 1058 1138; x_wconf 89' lang='lat' dir='ltr'><strong>et</strong></span> <span class='ocrx_word' id='word_1_35' title='bbox 1106 1082 1162 1137; x_wconf 93' lang='lat' dir='ltr'><strong>in</strong></span> <span class='ocrx_word' id='word_1_36' title='bbox 1209 1080 1382 1151; x_wconf 79' lang='lat' dir='ltr'><strong>digito</strong></span> <span class='ocrx_word' id='word_1_37' title='bbox 1415 1076 1703 1142; x_wconf 84' lang='lat' dir='ltr'><strong>annulum,</strong></span> <span class='ocrx_word' id='word_1_38' title='bbox 1750 1084 1807 1131; x_wconf 91' lang='lat' dir='ltr'><strong>et</strong></span> <span class='ocrx_word' id='word_1_39' title='bbox 1841 1074 2156 1146; x_wconf 81' lang='lat' dir='ltr'><strong>saginatum</strong></span> 
     </span>
    </p>
   </div>
   <div class='ocr_carea' id='block_1_8' title="bbox 583 1164 2156 1238">
    <p class='ocr_par' dir='ltr' id='par_1_8' title="bbox 583 1164 2156 1238">
     <span class='ocr_line' id='line_1_8' title="bbox 583 1164 2156 1238; baseline -0.007 -11"><span class='ocrx_word' id='word_1_40' title='bbox 583 1172 823 1228; x_wconf 71' lang='lat' dir='ltr'><strong>vitulum</strong></span> <span class='ocrx_word' id='word_1_41' title='bbox 865 1171 1238 1235; x_wconf 83' lang='lat' dir='ltr'><strong>immolatum;</strong></span> <span class='ocrx_word' id='word_1_42' title='bbox 1270 1182 1393 1238; x_wconf 70' lang='lat' dir='ltr'><strong>quae</strong></span> <span class='ocrx_word' id='word_1_43' title='bbox 1419 1166 1608 1223; x_wconf 85' lang='lat' dir='ltr'><strong>omnia</strong></span> <span class='ocrx_word' id='word_1_44' title='bbox 1632 1173 1763 1219; x_wconf 92' lang='lat' dir='ltr'><strong>sunt</strong></span> <span class='ocrx_word' id='word_1_45' title='bbox 1790 1171 1991 1219; x_wconf 77' lang='lat' dir='ltr'><strong>nostrae</strong></span> <span class='ocrx_word' id='word_1_46' title='bbox 2020 1164 2156 1218; x_wconf 89' lang='lat' dir='ltr'><strong>ado-</strong></span> 
     </span>
    </p>
   </div>
   <div class='ocr_carea' id='block_1_9' title="bbox 580 1256 2155 1334">
    <p class='ocr_par' dir='ltr' id='par_1_9' title="bbox 580 1256 2155 1334">
     <span class='ocr_line' id='line_1_9' title="bbox 580 1256 2155 1334; baseline -0.005 -16"><span class='ocrx_word' id='word_1_47' title='bbox 580 1262 793 1334; x_wconf 87' lang='lat' dir='ltr'><strong>ptionis</strong></span> <span class='ocrx_word' id='word_1_48' title='bbox 820 1262 1047 1318; x_wconf 88' lang='lat' dir='ltr'><strong>indicia.</strong></span> <span class='ocrx_word' id='word_1_49' title='bbox 1072 1260 1217 1328; x_wconf 86' lang='lat' dir='ltr'><strong>Quid</strong></span> <span class='ocrx_word' id='word_1_50' title='bbox 1245 1268 1391 1316; x_wconf 83' lang='lat' dir='ltr'><strong>esset</strong></span> <span class='ocrx_word' id='word_1_51' title='bbox 1421 1258 1572 1315; x_wconf 91' lang='lat' dir='ltr'><strong>enim</strong></span> <span class='ocrx_word' id='word_1_52' title='bbox 1600 1258 1755 1329; x_wconf 82' lang='lat' dir='ltr'><strong>digiti</strong></span> <span class='ocrx_word' id='word_1_53' title='bbox 1786 1258 2023 1312; x_wconf 85' lang='lat' dir='ltr'><strong>annulus</strong></span> <span class='ocrx_word' id='word_1_54' title='bbox 2044 1256 2155 1312; x_wconf 87' lang='lat' dir='ltr'><strong>nisi</strong></span> 
     </span>
    </p>
   </div>
   <div class='ocr_carea' id='block_1_10' title="bbox 584 1346 2157 1426">
    <p class='ocr_par' dir='ltr' id='par_1_10' title="bbox 584 1346 2157 1426">
     <span class='ocr_line' id='line_1_10' title="bbox 584 1346 2157 1426; baseline -0.006 -16"><span class='ocrx_word' id='word_1_55' title='bbox 584 1354 826 1426; x_wconf 84' lang='lat' dir='ltr'><strong>Spiritus</strong></span> <span class='ocrx_word' id='word_1_56' title='bbox 845 1354 1013 1422; x_wconf 90' lang='lat' dir='ltr'><strong>dona,</strong></span> <span class='ocrx_word' id='word_1_57' title='bbox 1045 1362 1100 1408; x_wconf 90' lang='lat' dir='ltr'><strong>et</strong></span> <span class='ocrx_word' id='word_1_58' title='bbox 1121 1351 1318 1424; x_wconf 84' lang='lat' dir='ltr'><strong>gratia,</strong></span> <span class='ocrx_word' id='word_1_59' title='bbox 1347 1360 1405 1407; x_wconf 91' lang='lat' dir='ltr'><strong>et</strong></span> <span class='ocrx_word' id='word_1_60' title='bbox 1433 1351 1490 1405; x_wconf 90' lang='lat' dir='ltr'><strong>in</strong></span> <span class='ocrx_word' id='word_1_61' title='bbox 1517 1349 1872 1419; x_wconf 86' lang='lat' dir='ltr'><strong>adoptionem</strong></span> <span class='ocrx_word' id='word_1_62' title='bbox 1896 1346 2157 1402; x_wconf 85' lang='lat' dir='ltr'><strong>vocatio?</strong></span> 
     </span>
    </p>
   </div>
   <div class='ocr_carea' id='block_1_11' title="bbox 582 1439 2156 1516">
    <p class='ocr_par' dir='ltr' id='par_1_11' title="bbox 582 1439 2156 1516">
     <span class='ocr_line' id='line_1_11' title="bbox 582 1439 2156 1516; baseline -0.005 -16"><span class='ocrx_word' id='word_1_63' title='bbox 582 1446 724 1500; x_wconf 87' lang='lat' dir='ltr'><strong>Nam</strong></span> <span class='ocrx_word' id='word_1_64' title='bbox 768 1444 930 1516; x_wconf 88' lang='lat' dir='ltr'><strong>digiti</strong></span> <span class='ocrx_word' id='word_1_65' title='bbox 975 1445 1218 1499; x_wconf 88' lang='lat' dir='ltr'><strong>annulus</strong></span> <span class='ocrx_word' id='word_1_66' title='bbox 1258 1451 1345 1499; x_wconf 90' lang='lat' dir='ltr'><strong>est</strong></span> <span class='ocrx_word' id='word_1_67' title='bbox 1379 1450 1792 1506; x_wconf 88' lang='lat' dir='ltr'><strong>ornamentum,</strong></span> <span class='ocrx_word' id='word_1_68' title='bbox 1826 1450 1883 1496; x_wconf 92' lang='lat' dir='ltr'><strong>et</strong></span> <span class='ocrx_word' id='word_1_69' title='bbox 1921 1439 2156 1510; x_wconf 81' lang='lat' dir='ltr'><strong>digitum</strong></span> 
     </span>
    </p>
   </div>
   <div class='ocr_carea' id='block_1_12' title="bbox 582 1529 2159 1604">
    <p class='ocr_par' dir='ltr' id='par_1_12' title="bbox 582 1529 2159 1604">
     <span class='ocr_line' id='line_1_12' title="bbox 582 1529 2159 1604; baseline -0.004 -15"><span class='ocrx_word' id='word_1_70' title='bbox 582 1533 701 1589; x_wconf 88' lang='lat' dir='ltr'><strong>dici</strong></span> <span class='ocrx_word' id='word_1_71' title='bbox 726 1533 995 1604; x_wconf 82' lang='lat' dir='ltr'><strong>Spiritum</strong></span> <span class='ocrx_word' id='word_1_72' title='bbox 1024 1532 1350 1588; x_wconf 90' lang='lat' dir='ltr'><strong>testiﬁcatur</strong></span> <span class='ocrx_word' id='word_1_73' title='bbox 1382 1530 1517 1586; x_wconf 86' lang='lat' dir='ltr'><strong>illud</strong></span> <span class='ocrx_word' id='word_1_74' title='bbox 1544 1548 1557 1585; x_wconf 90' lang='lat'><strong>:</strong></span> <span class='ocrx_word' id='word_1_75' title='bbox 1588 1529 1646 1586; x_wconf 92' lang='lat' dir='ltr'><strong>Si</strong></span> <span class='ocrx_word' id='word_1_76' title='bbox 1672 1546 1763 1603; x_wconf 87' lang='lat' dir='ltr'><strong>ego</strong></span> <span class='ocrx_word' id='word_1_77' title='bbox 1791 1531 1846 1584; x_wconf 87' lang='lat' dir='ltr'><strong>in</strong></span> <span class='ocrx_word' id='word_1_78' title='bbox 1876 1530 2036 1600; x_wconf 83' lang='lat' dir='ltr'><strong>digito</strong></span> <span class='ocrx_word' id='word_1_79' title='bbox 2060 1530 2159 1584; x_wconf 86' lang='lat' dir='ltr'><strong>Dei</strong></span> 
     </span>
    </p>
   </div>
   <div class='ocr_carea' id='block_1_13' title="bbox 584 1624 1115 1696">
    <p class='ocr_par' dir='ltr' id='par_1_13' title="bbox 584 1624 1115 1696">
     <span class='ocr_line' id='line_1_13' title="bbox 584 1624 1115 1696; baseline 0.002 -17"><span class='ocrx_word' id='word_1_80' title='bbox 584 1625 735 1696; x_wconf 79' lang='lat' dir='ltr'><strong>ejicio</strong></span> <span class='ocrx_word' id='word_1_81' title='bbox 763 1624 1025 1683; x_wconf 73' lang='lat' dir='ltr'><strong>dmonia</strong></span> <span class='ocrx_word' id='word_1_82' title='bbox 1046 1624 1115 1680; x_wconf 76' lang='grc'><strong>³³.</strong></span> 
     </span>
    </p>
   </div>
   <div class='ocr_carea' id='block_1_14' title="bbox 1553 320 2871 419">
    <p class='ocr_par' dir='ltr' id='par_1_14' title="bbox 1553 320 2871 419">
     <span class='ocr_line' id='line_1_14' title="bbox 1553 320 2871 419; baseline -0.012 -22"><span class='ocrx_word' id='word_1_83' title='bbox 1553 335 1751 398; x_wconf 79' lang='lat' dir='ltr'><strong>JOBII</strong></span> <span class='ocrx_word' id='word_1_84' title='bbox 1776 330 2119 395; x_wconf 78' lang='lat' dir='ltr'><strong>MONACHI</strong></span> <span class='ocrx_word' id='word_1_85' title='bbox 2147 328 2253 419; x_wconf 5' lang='lat' dir='ltr'><strong>DE,</strong></span> <span class='ocrx_word' id='word_1_86' title='bbox 2281 320 2871 389; x_wconf 81' lang='lat' dir='ltr'><strong>INCARNATIONE.</strong></span> 
     </span>
    </p>
   </div>
   <div class='ocr_carea' id='block_1_15' title="bbox 582 417 2156 521">
    <p class='ocr_par' dir='ltr' id='par_1_15' title="bbox 582 444 2156 521">
     <span class='ocr_line' id='line_1_15' title="bbox 582 444 2156 521; baseline -0.015 -2"><span class='ocrx_word' id='word_1_87' title='bbox 582 456 1043 521; x_wconf 85' lang='lat' dir='ltr'><strong>consuetudinem</strong></span> <span class='ocrx_word' id='word_1_88' title='bbox 1088 453 1400 508; x_wconf 85' lang='lat' dir='ltr'><strong>innovatam</strong></span> <span class='ocrx_word' id='word_1_89' title='bbox 1446 448 1707 519; x_wconf 89' lang='lat' dir='ltr'><strong>parabola</strong></span> <span class='ocrx_word' id='word_1_90' title='bbox 1757 444 2053 516; x_wconf 84' lang='lat' dir='ltr'><strong>signiﬁcet;</strong></span> <span class='ocrx_word' id='word_1_91' title='bbox 2100 450 2156 498; x_wconf 87' lang='lat' dir='ltr'><strong>et</strong></span> 
     </span>
    </p>
   </div>
   <div class='ocr_carea' id='block_1_16' title="bbox 2261 417 3711 521">
    <p class='ocr_par' dir='ltr' id='par_1_16' title="bbox 2261 417 3711 507">
     <span class='ocr_line' id='line_1_16' title="bbox 2261 417 3711 507; baseline -0.015 -17"><span class='ocrx_word' id='word_1_92' title='bbox 2261 435 2619 507; x_wconf 72' lang='grc' dir='ltr'><strong>δημιουργίας</strong></span> <span class='ocrx_word' id='word_1_93' title='bbox 2648 428 2995 501; x_wconf 74' lang='grc' dir='ltr'>ἀναχώρησιν</span> <span class='ocrx_word' id='word_1_94' title='bbox 3022 442 3081 478; x_wconf 89' lang='grc' dir='ltr'><strong>τε</strong></span> <span class='ocrx_word' id='word_1_95' title='bbox 3116 420 3213 478; x_wconf 72' lang='grc' dir='ltr'>καὶ</span> <span class='ocrx_word' id='word_1_96' title='bbox 3244 418 3567 493; x_wconf 78' lang='grc' dir='ltr'>μετάθεσιν,</span> <span class='ocrx_word' id='word_1_97' title='bbox 3611 417 3711 470; x_wconf 84' lang='grc' dir='ltr'>καὶ</span> 
     </span>
    </p>
   </div>
   <div class='ocr_carea' id='block_1_17' title="bbox 3692 302 3830 371">
    <p class='ocr_par' dir='ltr' id='par_1_17' title="bbox 3692 302 3830 371">
     <span class='ocr_line' id='line_1_17' title="bbox 3692 302 3830 371; baseline 0.014 -4"><span class='ocrx_word' id='word_1_98' title='bbox 3692 302 3830 371; x_wconf 72' lang='lat'><strong><em>3320</em></strong></span> 
     </span>
    </p>
   </div>
   <div class='ocr_carea' id='block_1_18' title="bbox 3739 418 3829 486">
    <p class='ocr_par' dir='ltr' id='par_1_18' title="bbox 3739 418 3829 486">
     <span class='ocr_line' id='line_1_18' title="bbox 3739 418 3829 486; baseline -0.022 -17"><span class='ocrx_word' id='word_1_99' title='bbox 3739 418 3829 486; x_wconf 72' lang='grc' dir='ltr'>τὴν</span> 
     </span>
    </p>
   </div>
   <div class='ocr_carea' id='block_1_19' title="bbox 2250 508 3830 596">
    <p class='ocr_par' dir='ltr' id='par_1_19' title="bbox 2250 508 3830 596">
     <span class='ocr_line' id='line_1_19' title="bbox 2250 508 3830 596; baseline -0.015 -16"><span class='ocrx_word' id='word_1_100' title='bbox 2250 528 2352 595; x_wconf 81' lang='grc' dir='ltr'>τῆς</span> <span class='ocrx_word' id='word_1_101' title='bbox 2393 525 2685 596; x_wconf 80' lang='grc' dir='ltr'><strong>συνηθείας</strong></span> <span class='ocrx_word' id='word_1_102' title='bbox 2722 517 3076 587; x_wconf 76' lang='grc' dir='ltr'><strong>καινοτομίαν</strong></span> <span class='ocrx_word' id='word_1_103' title='bbox 3103 514 3205 584; x_wconf 84' lang='grc' dir='ltr'><strong>τῆς</strong></span> <span class='ocrx_word' id='word_1_104' title='bbox 3228 510 3549 583; x_wconf 71' lang='grc' dir='ltr'>παραϐολῆς</span> <span class='ocrx_word' id='word_1_105' title='bbox 3573 508 3830 596; x_wconf 76' lang='grc' dir='ltr'>αίνιγμι-</span> 
     </span>
    </p>
   </div>
   <div class='ocr_carea' id='block_1_20' title="bbox 2250 595 3832 684">
    <p class='ocr_par' dir='ltr' id='par_1_20' title="bbox 2250 595 3832 684">
     <span class='ocr_line' id='line_1_20' title="bbox 2250 595 3832 684; baseline -0.015 -14"><span class='ocrx_word' id='word_1_106' title='bbox 2250 595 2529 684; x_wconf 57' lang='grc' dir='ltr'>τιζούσηςέ</span> <span class='ocrx_word' id='word_1_107' title='bbox 2572 613 2668 667; x_wconf 76' lang='grc' dir='ltr'>καὶ</span> <span class='ocrx_word' id='word_1_108' title='bbox 2700 612 2776 673; x_wconf 84' lang='grc' dir='ltr'>ὡς</span> <span class='ocrx_word' id='word_1_109' title='bbox 2805 609 2866 662; x_wconf 93' lang='grc' dir='ltr'><strong>οὐ</strong></span> <span class='ocrx_word' id='word_1_110' title='bbox 2896 607 3017 660; x_wconf 84' lang='grc' dir='ltr'>καθ’</span> <span class='ocrx_word' id='word_1_111' title='bbox 3044 605 3102 658; x_wconf 78' lang='grc' dir='ltr'>ὃν</span> <span class='ocrx_word' id='word_1_112' title='bbox 3128 603 3331 673; x_wconf 79' lang='grc' dir='ltr'><strong>τρόπον</strong></span> <span class='ocrx_word' id='word_1_113' title='bbox 3355 600 3418 651; x_wconf 84' lang='grc' dir='ltr'>τὸ</span> <span class='ocrx_word' id='word_1_114' title='bbox 3443 599 3557 651; x_wconf 74' lang='grc' dir='ltr'><strong>πᾶν</strong></span> <span class='ocrx_word' id='word_1_115' title='bbox 3582 595 3643 662; x_wconf 72' lang='grc' dir='ltr'><strong>ἐξ</strong></span> <span class='ocrx_word' id='word_1_116' title='bbox 3668 596 3832 664; x_wconf 73' lang='grc' dir='ltr'>ἀρχῆς</span> 
     </span>
    </p>
   </div>
   <div class='ocr_carea' id='block_1_21' title="bbox 2256 686 3833 775">
    <p class='ocr_par' dir='ltr' id='par_1_21' title="bbox 2256 686 3833 775">
     <span class='ocr_line' id='line_1_21' title="bbox 2256 686 3833 775; baseline -0.015 -16"><span class='ocrx_word' id='word_1_117' title='bbox 2256 706 2626 775; x_wconf 85' lang='grc' dir='ltr'><strong>συνεστήσατο</strong></span> <span class='ocrx_word' id='word_1_118' title='bbox 2650 741 2666 766; x_wconf 94' lang='grc'><strong>,</strong></span> <span class='ocrx_word' id='word_1_119' title='bbox 2712 699 2853 755; x_wconf 74' lang='grc' dir='ltr'>ἀλλὰ</span> <span class='ocrx_word' id='word_1_120' title='bbox 2884 694 3227 764; x_wconf 82' lang='grc' dir='ltr'><strong>καινοπρεπῆ</strong></span> <span class='ocrx_word' id='word_1_121' title='bbox 3252 707 3312 743; x_wconf 91' lang='grc' dir='ltr'><strong>τε</strong></span> <span class='ocrx_word' id='word_1_122' title='bbox 3344 688 3441 743; x_wconf 79' lang='grc' dir='ltr'>καὶ</span> <span class='ocrx_word' id='word_1_123' title='bbox 3478 686 3626 754; x_wconf 76' lang='grc' dir='ltr'>ὑπὲρ</span> <span class='ocrx_word' id='word_1_124' title='bbox 3666 686 3833 737; x_wconf 74' lang='grc' dir='ltr'>πάντα</span> 
     </span>
    </p>
   </div>
   <div class='ocr_carea' id='block_1_22' title="bbox 2252 779 3683 864">
    <p class='ocr_par' dir='ltr' id='par_1_22' title="bbox 2252 779 3683 864">
     <span class='ocr_line' id='line_1_22' title="bbox 2252 779 3683 864; baseline -0.015 -14"><span class='ocrx_word' id='word_1_125' title='bbox 2252 796 2413 864; x_wconf 85' lang='grc' dir='ltr'>λόγον</span> <span class='ocrx_word' id='word_1_126' title='bbox 2445 795 2538 848; x_wconf 80' lang='grc' dir='ltr'>τὸν</span> <span class='ocrx_word' id='word_1_127' title='bbox 2569 792 2840 864; x_wconf 78' lang='grc' dir='ltr'>ἡμέτερον</span> <span class='ocrx_word' id='word_1_128' title='bbox 2866 783 3263 853; x_wconf 84' lang='grc' dir='ltr'>ἀνακαινισμδν</span> <span class='ocrx_word' id='word_1_129' title='bbox 3295 779 3683 850; x_wconf 73' lang='grc' dir='ltr'>ἐξειργάσατο.</span> 
     </span>
    </p>
   </div>
   <div class='ocr_carea' id='block_1_23' title="bbox 2322 867 3837 959">
    <p class='ocr_par' dir='ltr' id='par_1_23' title="bbox 2322 867 3837 959">
     <span class='ocr_line' id='line_1_23' title="bbox 2322 867 3837 959; baseline -0.018 -15"><span class='ocrx_word' id='word_1_130' title='bbox 2322 890 2398 943; x_wconf 82' lang='grc' dir='ltr'><strong>Ε’.</strong></span> <span class='ocrx_word' id='word_1_131' title='bbox 2443 886 2535 959; x_wconf 65' lang='grc' dir='ltr'>[ιι.</span> <span class='ocrx_word' id='word_1_132' title='bbox 2566 882 2732 955; x_wconf 65' lang='lat'><strong>422.]</strong></span> <span class='ocrx_word' id='word_1_133' title='bbox 2770 881 2854 936; x_wconf 80' lang='grc' dir='ltr'><strong>Τὰ</strong></span> <span class='ocrx_word' id='word_1_134' title='bbox 2894 876 3140 949; x_wconf 78' lang='grc' dir='ltr'>σύμδολα</span> <span class='ocrx_word' id='word_1_135' title='bbox 3180 875 3276 944; x_wconf 81' lang='grc' dir='ltr'>τῆς</span> <span class='ocrx_word' id='word_1_136' title='bbox 3305 872 3555 941; x_wconf 76' lang='grc' dir='ltr'>υίότητος</span> <span class='ocrx_word' id='word_1_137' title='bbox 3604 867 3837 959; x_wconf 57' lang='grc' dir='ltr'>άνακτᾷρ</span> 
     </span>
    </p>
   </div>
   <div class='ocr_carea' id='block_1_24' title="bbox 2253 957 3816 1048">
    <p class='ocr_par' dir='ltr' id='par_1_24' title="bbox 2253 957 3816 1048">
     <span class='ocr_line' id='line_1_24' title="bbox 2253 957 3816 1048; baseline -0.017 -13"><span class='ocrx_word' id='word_1_138' title='bbox 2253 997 2343 1035; x_wconf 88' lang='grc' dir='ltr'><strong>ται</strong></span> <span class='ocrx_word' id='word_1_139' title='bbox 2369 957 2533 1034; x_wconf 80' lang='grc' dir='ltr'>πάλιν</span> <span class='ocrx_word' id='word_1_140' title='bbox 2567 976 2722 1048; x_wconf 84' lang='grc' dir='ltr'>παρὰ</span> <span class='ocrx_word' id='word_1_141' title='bbox 2752 973 2849 1026; x_wconf 90' lang='grc' dir='ltr'><strong>τοῦ</strong></span> <span class='ocrx_word' id='word_1_142' title='bbox 2872 968 3082 1040; x_wconf 80' lang='grc' dir='ltr'><strong>ἀγαθοῦ</strong></span> <span class='ocrx_word' id='word_1_143' title='bbox 3107 964 3243 1021; x_wconf 85' lang='grc' dir='ltr'>Θεοῦ</span> <span class='ocrx_word' id='word_1_144' title='bbox 3270 965 3364 1019; x_wconf 75' lang='grc' dir='ltr'>καὶ</span> <span class='ocrx_word' id='word_1_145' title='bbox 3390 960 3631 1032; x_wconf 80' lang='grc' dir='ltr'>Πατρὸς,</span> <span class='ocrx_word' id='word_1_146' title='bbox 3663 959 3694 1010; x_wconf 77' lang='grc' dir='ltr'><strong>ὁ</strong></span> <span class='ocrx_word' id='word_1_147' title='bbox 3721 957 3816 1010; x_wconf 88' lang='grc' dir='ltr'><strong>ταύ</strong></span> 
     </span>
    </p>
   </div>
   <div class='ocr_carea' id='block_1_25' title="bbox 2253 1048 3842 1143">
    <p class='ocr_par' dir='ltr' id='par_1_25' title="bbox 2253 1048 3842 1143">
     <span class='ocr_line' id='line_1_25' title="bbox 2253 1048 3842 1143; baseline -0.018 -17"><span class='ocrx_word' id='word_1_148' title='bbox 2253 1088 2354 1143; x_wconf 90' lang='grc' dir='ltr'><strong>της</strong></span> <span class='ocrx_word' id='word_1_149' title='bbox 2385 1067 2637 1123; x_wconf 75' lang='grc' dir='ltr'>ἐκπεσὼν</span> <span class='ocrx_word' id='word_1_150' title='bbox 2667 1065 2961 1136; x_wconf 74' lang='grc' dir='ltr'>ἄνθρωπος</span> <span class='ocrx_word' id='word_1_151' title='bbox 2983 1101 3001 1127; x_wconf 89' lang='grc'><strong>,</strong></span> <span class='ocrx_word' id='word_1_152' title='bbox 3060 1057 3254 1127; x_wconf 82' lang='grc' dir='ltr'>στολὴν</span> <span class='ocrx_word' id='word_1_153' title='bbox 3301 1052 3588 1143; x_wconf 71' lang='grc' dir='ltr'>λαμπράν,</span> <span class='ocrx_word' id='word_1_154' title='bbox 3748 1048 3842 1119; x_wconf 74' lang='grc' dir='ltr'>τὴν</span> 
     </span>
    </p>
   </div>
   <div class='ocr_carea' id='block_1_26' title="bbox 2256 1141 3842 1231">
    <p class='ocr_par' dir='ltr' id='par_1_26' title="bbox 2256 1141 3842 1231">
     <span class='ocr_line' id='line_1_26' title="bbox 2256 1141 3842 1231; baseline -0.016 -16"><span class='ocrx_word' id='word_1_155' title='bbox 2256 1141 2319 1215; x_wconf 80' lang='grc' dir='ltr'>ἐν</span> <span class='ocrx_word' id='word_1_156' title='bbox 2344 1158 2422 1231; x_wconf 87' lang='grc' dir='ltr'><strong>τῷ</strong></span> <span class='ocrx_word' id='word_1_157' title='bbox 2447 1157 2717 1227; x_wconf 78' lang='grc' dir='ltr'><strong>δακτυλίῳ</strong></span> <span class='ocrx_word' id='word_1_158' title='bbox 2747 1150 3021 1224; x_wconf 78' lang='grc' dir='ltr'>σφραγῖδα</span> <span class='ocrx_word' id='word_1_159' title='bbox 3048 1189 3063 1213; x_wconf 93' lang='grc'><strong>,</strong></span> <span class='ocrx_word' id='word_1_160' title='bbox 3115 1148 3211 1201; x_wconf 72' lang='grc' dir='ltr'>καὶ</span> <span class='ocrx_word' id='word_1_161' title='bbox 3246 1146 3338 1200; x_wconf 84' lang='grc' dir='ltr'>τὸν</span> <span class='ocrx_word' id='word_1_162' title='bbox 3383 1142 3620 1231; x_wconf 74' lang='grc' dir='ltr'>τυθέντα</span> 
     </span>
    </p>
   </div>
   <div class='ocr_carea' id='block_1_27' title="bbox 2258 1226 3842 1316">
    <p class='ocr_par' dir='ltr' id='par_1_27' title="bbox 2258 1226 3842 1316">
     <span class='ocr_line' id='line_1_27' title="bbox 2258 1226 3842 1316; baseline -0.018 -12"><span class='ocrx_word' id='word_1_163' title='bbox 2258 1226 2524 1304; x_wconf 75' lang='grc' dir='ltr'>σιτεύτόν’</span> <span class='ocrx_word' id='word_1_164' title='bbox 2565 1226 2712 1316; x_wconf 71' lang='grc' dir='ltr'>ᾇπερ</span> <span class='ocrx_word' id='word_1_165' title='bbox 2743 1244 2964 1298; x_wconf 72' lang='grc' dir='ltr'>ἅπαντα</span> <span class='ocrx_word' id='word_1_166' title='bbox 2986 1239 3087 1309; x_wconf 73' lang='grc' dir='ltr'>τῆς</span> <span class='ocrx_word' id='word_1_167' title='bbox 3112 1234 3233 1289; x_wconf 81' lang='grc' dir='ltr'>καθ’</span> <span class='ocrx_word' id='word_1_168' title='bbox 3262 1233 3412 1305; x_wconf 75' lang='grc' dir='ltr'>ἡμᾶς</span> <span class='ocrx_word' id='word_1_169' title='bbox 3438 1226 3724 1288; x_wconf 75' lang='grc' dir='ltr'><strong>υἱοθεσίας</strong></span> <span class='ocrx_word' id='word_1_170' title='bbox 3744 1226 3842 1279; x_wconf 78' lang='grc' dir='ltr'>εἰσὶ</span> 
     </span>
    </p>
   </div>
   <div class='ocr_carea' id='block_1_28' title="bbox 2257 1319 3841 1411">
    <p class='ocr_par' dir='ltr' id='par_1_28' title="bbox 2257 1319 3841 1411">
     <span class='ocr_line' id='line_1_28' title="bbox 2257 1319 3841 1411; baseline -0.016 -16"><span class='ocrx_word' id='word_1_171' title='bbox 2257 1338 2686 1411; x_wconf 83' lang='grc' dir='ltr'>προμηνύματα.</span> <span class='ocrx_word' id='word_1_172' title='bbox 2730 1334 2797 1388; x_wconf 89' lang='grc' dir='ltr'>Τί</span> <span class='ocrx_word' id='word_1_173' title='bbox 2828 1332 2935 1404; x_wconf 83' lang='grc' dir='ltr'><strong>γὰρ</strong></span> <span class='ocrx_word' id='word_1_174' title='bbox 2974 1331 3039 1385; x_wconf 84' lang='grc' dir='ltr'>ἂν</span> <span class='ocrx_word' id='word_1_175' title='bbox 3070 1329 3156 1397; x_wconf 78' lang='grc' dir='ltr'>εἴη</span> <span class='ocrx_word' id='word_1_176' title='bbox 3197 1325 3432 1396; x_wconf 83' lang='grc' dir='ltr'>σφραγὶς</span> <span class='ocrx_word' id='word_1_177' title='bbox 3465 1322 3501 1393; x_wconf 79' lang='grc' dir='ltr'>ἢ</span> <span class='ocrx_word' id='word_1_178' title='bbox 3538 1319 3841 1381; x_wconf 81' lang='grc' dir='ltr'>δακτύλιος,</span> 
     </span>
    </p>
   </div>
   <div class='ocr_carea' id='block_1_29' title="bbox 2258 1412 3844 1503">
    <p class='ocr_par' dir='ltr' id='par_1_29' title="bbox 2258 1412 3844 1503">
     <span class='ocr_line' id='line_1_29' title="bbox 2258 1412 3844 1503; baseline -0.015 -16"><span class='ocrx_word' id='word_1_179' title='bbox 2258 1433 2374 1487; x_wconf 82' lang='grc' dir='ltr'>ἀλλ’</span> <span class='ocrx_word' id='word_1_180' title='bbox 2407 1432 2441 1503; x_wconf 80' lang='grc' dir='ltr'>ἢ</span> <span class='ocrx_word' id='word_1_181' title='bbox 2474 1429 2571 1483; x_wconf 90' lang='grc' dir='ltr'><strong>τοῦ</strong></span> <span class='ocrx_word' id='word_1_182' title='bbox 2602 1426 2925 1498; x_wconf 88' lang='grc' dir='ltr'>Πνεύματος</span> <span class='ocrx_word' id='word_1_183' title='bbox 2958 1424 3029 1475; x_wconf 80' lang='grc' dir='ltr'>τὰ</span> <span class='ocrx_word' id='word_1_184' title='bbox 3057 1419 3239 1492; x_wconf 82' lang='grc' dir='ltr'>δῶρα,</span> <span class='ocrx_word' id='word_1_185' title='bbox 3280 1416 3377 1471; x_wconf 77' lang='grc' dir='ltr'>καὶ</span> <span class='ocrx_word' id='word_1_186' title='bbox 3407 1416 3607 1485; x_wconf 86' lang='grc' dir='ltr'>χάρις,</span> <span class='ocrx_word' id='word_1_187' title='bbox 3644 1412 3741 1503; x_wconf 70' lang='grc' dir='ltr'><strong>καὶ</strong></span> <span class='ocrx_word' id='word_1_188' title='bbox 3768 1412 3844 1503; x_wconf 68' lang='grc' dir='ltr'><strong>τίς</strong></span> 
     </span>
    </p>
   </div>
   <div class='ocr_carea' id='block_1_30' title="bbox 2259 1501 3841 1587">
    <p class='ocr_par' dir='ltr' id='par_1_30' title="bbox 2259 1501 3841 1587">
     <span class='ocr_line' id='line_1_30' title="bbox 2259 1501 3841 1587; baseline -0.011 -12"><span class='ocrx_word' id='word_1_189' title='bbox 2259 1501 2536 1574; x_wconf 77' lang='grc' dir='ltr'>υιοθεσίαν</span> <span class='ocrx_word' id='word_1_190' title='bbox 2578 1516 2920 1587; x_wconf 84' lang='grc' dir='ltr'>ἀνάκλησις;</span> <span class='ocrx_word' id='word_1_191' title='bbox 2973 1511 3133 1579; x_wconf 72' lang='grc' dir='ltr'>εἰπερ</span> <span class='ocrx_word' id='word_1_192' title='bbox 3171 1507 3266 1561; x_wconf 88' lang='grc' dir='ltr'><strong>τοῦ</strong></span> <span class='ocrx_word' id='word_1_193' title='bbox 3295 1504 3563 1559; x_wconf 76' lang='grc' dir='ltr'>δακτύλου</span> <span class='ocrx_word' id='word_1_194' title='bbox 3592 1505 3624 1555; x_wconf 82' lang='grc' dir='ltr'>ὁ</span> <span class='ocrx_word' id='word_1_195' title='bbox 3648 1501 3841 1558; x_wconf 60' lang='lat' dir='ltr'><strong>6mm}-</strong></span> 
     </span>
    </p>
   </div>
   <div class='ocr_carea' id='block_1_31' title="bbox 2257 1594 3843 1681">
    <p class='ocr_par' dir='ltr' id='par_1_31' title="bbox 2257 1594 3843 1681">
     <span class='ocr_line' id='line_1_31' title="bbox 2257 1594 3843 1681; baseline -0.016 -15"><span class='ocrx_word' id='word_1_196' title='bbox 2257 1612 2371 1675; x_wconf 87' lang='grc' dir='ltr'>λιος</span> <span class='ocrx_word' id='word_1_197' title='bbox 2405 1611 2621 1681; x_wconf 82' lang='grc' dir='ltr'>φόρεμα</span> <span class='ocrx_word' id='word_1_198' title='bbox 2645 1623 2661 1640; x_wconf 78' lang='grc'><strong><em>⁸</em></strong></span> <span class='ocrx_word' id='word_1_199' title='bbox 2698 1605 2959 1660; x_wconf 88' lang='grc' dir='ltr'>δάκτυλον</span> <span class='ocrx_word' id='word_1_200' title='bbox 2988 1602 3047 1656; x_wconf 80' lang='grc' dir='ltr'>δὲ</span> <span class='ocrx_word' id='word_1_201' title='bbox 3076 1598 3331 1670; x_wconf 80' lang='grc' dir='ltr'>λέγεσθαι</span> <span class='ocrx_word' id='word_1_202' title='bbox 3355 1596 3418 1649; x_wconf 88' lang='grc' dir='ltr'><strong>τδ</strong></span> <span class='ocrx_word' id='word_1_203' title='bbox 3444 1594 3677 1662; x_wconf 81' lang='grc' dir='ltr'>Πνεῦμα</span> <span class='ocrx_word' id='word_1_204' title='bbox 3709 1609 3843 1661; x_wconf 78' lang='grc' dir='ltr'>μαρ-</span> 
     </span>
    </p>
   </div>
   <div class='ocr_carea' id='block_1_32' title="bbox 2259 1684 3849 1775">
    <p class='ocr_par' dir='ltr' id='par_1_32' title="bbox 2259 1684 3849 1775">
     <span class='ocr_line' id='line_1_32' title="bbox 2259 1684 3849 1775; baseline -0.013 -17"><span class='ocrx_word' id='word_1_205' title='bbox 2259 1705 2414 1774; x_wconf 83' lang='grc' dir='ltr'>τυρεῖ</span> <span class='ocrx_word' id='word_1_206' title='bbox 2439 1703 2517 1775; x_wconf 73' lang='grc'><strong>(2)</strong></span> <span class='ocrx_word' id='word_1_207' title='bbox 2541 1701 2625 1767; x_wconf 84' lang='grc' dir='ltr'>τὸ,</span> <span class='ocrx_word' id='word_1_208' title='bbox 2659 1701 2731 1753; x_wconf 83' lang='lat' dir='ltr'><strong>El</strong></span> <span class='ocrx_word' id='word_1_209' title='bbox 2758 1697 2828 1753; x_wconf 80' lang='grc' dir='ltr'>δὲ</span> <span class='ocrx_word' id='word_1_210' title='bbox 2855 1695 2971 1768; x_wconf 80' lang='grc' dir='ltr'><strong>ὲτὼ</strong></span> <span class='ocrx_word' id='word_1_211' title='bbox 3003 1696 3072 1749; x_wconf 79' lang='grc' dir='ltr'><strong>ἐν</strong></span> <span class='ocrx_word' id='word_1_212' title='bbox 3097 1691 3374 1755; x_wconf 74' lang='grc' dir='ltr'>δακτύλῳ</span> <span class='ocrx_word' id='word_1_213' title='bbox 3396 1686 3551 1743; x_wconf 80' lang='grc' dir='ltr'>Θεοῦ</span> <span class='ocrx_word' id='word_1_214' title='bbox 3570 1684 3849 1740; x_wconf 67' lang='grc' dir='ltr'>ἐκϐάλλω</span> 
     </span>
    </p>
   </div>
   <div class='ocr_carea' id='block_1_33' title="bbox 2189 1793 2656 1863">
    <p class='ocr_par' dir='ltr' id='par_1_33' title="bbox 2189 1793 2656 1863">
     <span class='ocr_line' id='line_1_33' title="bbox 2189 1793 2656 1863; baseline -0.004 -15"><span class='ocrx_word' id='word_1_215' title='bbox 2189 1794 2231 1848; x_wconf 84' lang='grc' dir='ltr'><strong>Β</strong></span> <span class='ocrx_word' id='word_1_216' title='bbox 2258 1796 2332 1849; x_wconf 83' lang='grc' dir='ltr'>τὰ</span> <span class='ocrx_word' id='word_1_217' title='bbox 2359 1793 2656 1863; x_wconf 81' lang='grc' dir='ltr'>δαιμόνια.</span> 
     </span>
    </p>
   </div>
   <div class='ocr_carea' id='block_1_34' title="bbox 861 1881 3543 1990">
    <p class='ocr_par' dir='ltr' id='par_1_34' title="bbox 861 1881 3543 1990">
     <span class='ocr_line' id='line_1_34' title="bbox 861 1881 3543 1990; baseline -0.004 -31"><span class='ocrx_word' id='word_1_218' title='bbox 861 1902 999 1974; x_wconf 78' lang='lat' dir='ltr'><strong>Aug.</strong></span> <span class='ocrx_word' id='word_1_219' title='bbox 1024 1901 1139 1990; x_wconf 58' lang='grc' dir='ltr'><strong>ιω</strong></span> <span class='ocrx_word' id='word_1_220' title='bbox 1188 1900 1434 1974; x_wconf 79' lang='lat' dir='ltr'><strong>Spicileg.</strong></span> <span class='ocrx_word' id='word_1_221' title='bbox 1470 1900 1623 1957; x_wconf 82' lang='lat' dir='ltr'><strong>Rom.</strong></span> <span class='ocrx_word' id='word_1_222' title='bbox 1652 1910 1694 1959; x_wconf 88' lang='lat' dir='ltr'><strong>t.</strong></span> <span class='ocrx_word' id='word_1_223' title='bbox 1735 1901 1805 1968; x_wconf 76' lang='grc' dir='ltr'>Χ,</span> <span class='ocrx_word' id='word_1_224' title='bbox 1832 1903 2038 1973; x_wconf 68' lang='lat' dir='ltr'><strong>p.132,</strong></span> <span class='ocrx_word' id='word_1_225' title='bbox 2068 1904 2190 1961; x_wconf 88' lang='lat' dir='ltr'><strong>Lat.</strong></span> <span class='ocrx_word' id='word_1_226' title='bbox 2220 1907 2490 1963; x_wconf 53' lang='lat' dir='ltr'><strong>sum».</strong></span> <span class='ocrx_word' id='word_1_227' title='bbox 2526 1903 2774 1961; x_wconf 81' lang='lat' dir='ltr'><strong>Biblioth.</strong></span> <span class='ocrx_word' id='word_1_228' title='bbox 2805 1902 3032 1958; x_wconf 82' lang='lat' dir='ltr'><strong>Patrum</strong></span> <span class='ocrx_word' id='word_1_229' title='bbox 3069 1909 3111 1955; x_wconf 91' lang='grc' dir='ltr'>ι.</span> <span class='ocrx_word' id='word_1_230' title='bbox 3144 1897 3290 1965; x_wconf 81' lang='lat' dir='ltr'><strong>x111,</strong></span> <span class='ocrx_word' id='word_1_231' title='bbox 3319 1881 3377 1968; x_wconf 72' lang='lat' dir='ltr'><strong>pL</strong></span> <span class='ocrx_word' id='word_1_232' title='bbox 3414 1894 3543 1951; x_wconf 67' lang='lat' dir='ltr'><strong>ros.</strong></span> 
     </span>
    </p>
   </div>
   <div class='ocr_carea' id='block_1_35' title="bbox 1004 2014 1712 2086">
    <p class='ocr_par' dir='ltr' id='par_1_35' title="bbox 1004 2014 1712 2086">
     <span class='ocr_line' id='line_1_35' title="bbox 1004 2014 1712 2086; baseline -0.004 -15"><span class='ocrx_word' id='word_1_233' title='bbox 1004 2015 1075 2071; x_wconf 89' lang='lat' dir='ltr'><strong>Et</strong></span> <span class='ocrx_word' id='word_1_234' title='bbox 1100 2030 1192 2086; x_wconf 82' lang='lat' dir='ltr'><strong>ego</strong></span> <span class='ocrx_word' id='word_1_235' title='bbox 1214 2014 1394 2070; x_wconf 79' lang='lat' dir='ltr'><strong>Jobius</strong></span> <span class='ocrx_word' id='word_1_236' title='bbox 1418 2015 1712 2085; x_wconf 74' lang='lat' dir='ltr'><strong>episcopus.</strong></span> 
     </span>
    </p>
   </div>
   <div class='ocr_carea' id='block_1_36' title="bbox 648 2106 2160 2166">
    <p class='ocr_par' dir='ltr' id='par_1_36' title="bbox 648 2106 2160 2166">
     <span class='ocr_line' id='line_1_36' title="bbox 648 2106 2160 2166; baseline 0 0"><span class='ocrx_word' id='word_1_237' title='bbox 648 2106 932 2166; x_wconf 77' lang='lat' dir='ltr'><strong>Conﬁteor</strong></span> <span class='ocrx_word' id='word_1_238' title='bbox 982 2106 1276 2161; x_wconf 87' lang='lat' dir='ltr'><strong>Dominum</strong></span> <span class='ocrx_word' id='word_1_239' title='bbox 1316 2106 1505 2162; x_wconf 88' lang='lat' dir='ltr'><strong>Jesum</strong></span> <span class='ocrx_word' id='word_1_240' title='bbox 1555 2106 1836 2163; x_wconf 88' lang='lat' dir='ltr'><strong>Christum</strong></span> <span class='ocrx_word' id='word_1_241' title='bbox 1880 2123 1912 2163; x_wconf 90' lang='lat' dir='ltr'><strong>a</strong></span> <span class='ocrx_word' id='word_1_242' title='bbox 1958 2109 2160 2165; x_wconf 65' lang='lat' dir='ltr'><strong>saeculo</strong></span> 
     </span>
    </p>
   </div>
   <div class='ocr_carea' id='block_1_37' title="bbox 582 2196 2158 2273">
    <p class='ocr_par' dir='ltr' id='par_1_37' title="bbox 582 2196 2158 2273">
     <span class='ocr_line' id='line_1_37' title="bbox 582 2196 2158 2273; baseline 0.002 -18"><span class='ocrx_word' id='word_1_243' title='bbox 582 2199 811 2273; x_wconf 78' lang='lat' dir='ltr'><strong>quidem</strong></span> <span class='ocrx_word' id='word_1_244' title='bbox 839 2200 1015 2256; x_wconf 86' lang='lat' dir='ltr'><strong>Deum</strong></span> <span class='ocrx_word' id='word_1_245' title='bbox 1048 2196 1294 2254; x_wconf 76' lang='lat' dir='ltr'><strong>Verbum</strong></span> <span class='ocrx_word' id='word_1_246' title='bbox 1333 2199 1454 2254; x_wconf 90' lang='lat' dir='ltr'><strong>sine</strong></span> <span class='ocrx_word' id='word_1_247' title='bbox 1491 2213 1679 2265; x_wconf 89' lang='lat' dir='ltr'><strong>carne,</strong></span> <span class='ocrx_word' id='word_1_248' title='bbox 1710 2200 2028 2257; x_wconf 88' lang='lat' dir='ltr'><strong>novissimis</strong></span> <span class='ocrx_word' id='word_1_249' title='bbox 2056 2217 2158 2257; x_wconf 83' lang='lat' dir='ltr'><strong>sae-</strong></span> 
     </span>
    </p>
   </div>
   <div class='ocr_carea' id='block_1_38' title="bbox 584 2289 2160 2360">
    <p class='ocr_par' dir='ltr' id='par_1_38' title="bbox 584 2289 2160 2360">
     <span class='ocr_line' id='line_1_38' title="bbox 584 2289 2160 2360; baseline 0.001 -13"><span class='ocrx_word' id='word_1_250' title='bbox 584 2292 729 2348; x_wconf 86' lang='lat' dir='ltr'><strong>culis</strong></span> <span class='ocrx_word' id='word_1_251' title='bbox 770 2306 994 2348; x_wconf 84' lang='lat' dir='ltr'><strong>carnem</strong></span> <span class='ocrx_word' id='word_1_252' title='bbox 1016 2304 1086 2346; x_wconf 80' lang='lat' dir='ltr'><strong>ex</strong></span> <span class='ocrx_word' id='word_1_253' title='bbox 1112 2299 1302 2346; x_wconf 90' lang='lat' dir='ltr'><strong>sancta</strong></span> <span class='ocrx_word' id='word_1_254' title='bbox 1330 2289 1553 2360; x_wconf 80' lang='lat' dir='ltr'><strong>Virgine</strong></span> <span class='ocrx_word' id='word_1_255' title='bbox 1582 2290 1768 2345; x_wconf 89' lang='lat' dir='ltr'><strong>unisse</strong></span> <span class='ocrx_word' id='word_1_256' title='bbox 1800 2290 1925 2358; x_wconf 88' lang='lat' dir='ltr'><strong>sibi,</strong></span> <span class='ocrx_word' id='word_1_257' title='bbox 1953 2301 2011 2347; x_wconf 91' lang='lat' dir='ltr'><strong>et</strong></span> <span class='ocrx_word' id='word_1_258' title='bbox 2037 2307 2160 2348; x_wconf 87' lang='lat' dir='ltr'><strong>esse</strong></span> 
     </span>
    </p>
   </div>
   <div class='ocr_carea' id='block_1_39' title="bbox 584 2382 2161 2457">
    <p class='ocr_par' dir='ltr' id='par_1_39' title="bbox 584 2382 2161 2457">
     <span class='ocr_line' id='line_1_39' title="bbox 584 2382 2161 2457; baseline -0.001 -16"><span class='ocrx_word' id='word_1_259' title='bbox 584 2400 761 2441; x_wconf 81' lang='lat' dir='ltr'><strong>unum</strong></span> <span class='ocrx_word' id='word_1_260' title='bbox 805 2393 863 2440; x_wconf 90' lang='lat' dir='ltr'><strong>et</strong></span> <span class='ocrx_word' id='word_1_261' title='bbox 900 2382 1157 2440; x_wconf 90' lang='lat' dir='ltr'><strong>eumdem</strong></span> <span class='ocrx_word' id='word_1_262' title='bbox 1203 2383 1375 2438; x_wconf 88' lang='lat' dir='ltr'><strong>Deum</strong></span> <span class='ocrx_word' id='word_1_263' title='bbox 1442 2391 1499 2437; x_wconf 90' lang='lat' dir='ltr'><strong>et</strong></span> <span class='ocrx_word' id='word_1_264' title='bbox 1527 2382 1834 2450; x_wconf 83' lang='lat' dir='ltr'><strong>hominem,</strong></span> <span class='ocrx_word' id='word_1_265' title='bbox 1868 2400 2032 2438; x_wconf 90' lang='lat' dir='ltr'><strong>unam</strong></span> <span class='ocrx_word' id='word_1_266' title='bbox 2062 2385 2161 2457; x_wconf 86' lang='lat' dir='ltr'><strong>hy-</strong></span> 
     </span>
    </p>
   </div>
   <div class='ocr_carea' id='block_1_40' title="bbox 581 2473 2158 2546">
    <p class='ocr_par' dir='ltr' id='par_1_40' title="bbox 581 2473 2158 2546">
     <span class='ocr_line' id='line_1_40' title="bbox 581 2473 2158 2546; baseline -0.001 -16"><span class='ocrx_word' id='word_1_267' title='bbox 581 2474 849 2546; x_wconf 83' lang='lat' dir='ltr'><strong>postasim</strong></span> <span class='ocrx_word' id='word_1_268' title='bbox 875 2473 1263 2544; x_wconf 85' lang='lat' dir='ltr'><strong>compositam,</strong></span> <span class='ocrx_word' id='word_1_269' title='bbox 1294 2482 1352 2529; x_wconf 91' lang='lat' dir='ltr'><strong>et</strong></span> <span class='ocrx_word' id='word_1_270' title='bbox 1384 2487 1549 2527; x_wconf 90' lang='lat' dir='ltr'><strong>unam</strong></span> <span class='ocrx_word' id='word_1_271' title='bbox 1579 2488 1873 2542; x_wconf 88' lang='lat' dir='ltr'><strong>personam</strong></span> <span class='ocrx_word' id='word_1_272' title='bbox 1904 2474 2158 2530; x_wconf 85' lang='lat' dir='ltr'><strong>indivisi-</strong></span> 
     </span>
    </p>
   </div>
   <div class='ocr_carea' id='block_1_41' title="bbox 580 2566 2161 2640">
    <p class='ocr_par' dir='ltr' id='par_1_41' title="bbox 580 2566 2161 2640">
     <span class='ocr_line' id='line_1_41' title="bbox 580 2566 2161 2640; baseline 0.001 -16"><span class='ocrx_word' id='word_1_273' title='bbox 580 2568 774 2635; x_wconf 78' lang='lat' dir='ltr'><strong>bilem,</strong></span> <span class='ocrx_word' id='word_1_274' title='bbox 802 2567 1041 2624; x_wconf 89' lang='lat' dir='ltr'><strong>mediam</strong></span> <span class='ocrx_word' id='word_1_275' title='bbox 1070 2567 1217 2623; x_wconf 89' lang='lat' dir='ltr'><strong>inter</strong></span> <span class='ocrx_word' id='word_1_276' title='bbox 1242 2569 1417 2622; x_wconf 89' lang='lat' dir='ltr'><strong>Deum</strong></span> <span class='ocrx_word' id='word_1_277' title='bbox 1448 2574 1505 2622; x_wconf 91' lang='lat' dir='ltr'><strong>et</strong></span> <span class='ocrx_word' id='word_1_278' title='bbox 1545 2566 1824 2633; x_wconf 77' lang='lat' dir='ltr'><strong>homines,</strong></span> <span class='ocrx_word' id='word_1_279' title='bbox 1849 2578 1906 2624; x_wconf 89' lang='lat' dir='ltr'><strong>et</strong></span> <span class='ocrx_word' id='word_1_280' title='bbox 1930 2570 2161 2640; x_wconf 87' lang='lat' dir='ltr'><strong>conjun-</strong></span> 
     </span>
    </p>
   </div>
   <div class='ocr_carea' id='block_1_42' title="bbox 580 2657 2160 2732">
    <p class='ocr_par' dir='ltr' id='par_1_42' title="bbox 580 2657 2160 2732">
     <span class='ocr_line' id='line_1_42' title="bbox 580 2657 2160 2732; baseline 0.001 -16"><span class='ocrx_word' id='word_1_281' title='bbox 580 2668 802 2732; x_wconf 79' lang='lat' dir='ltr'><strong>gentem</strong></span> <span class='ocrx_word' id='word_1_282' title='bbox 848 2668 1135 2717; x_wconf 90' lang='lat' dir='ltr'><strong>creaturas</strong></span> <span class='ocrx_word' id='word_1_283' title='bbox 1177 2658 1384 2715; x_wconf 85' lang='lat' dir='ltr'><strong>divisas</strong></span> <span class='ocrx_word' id='word_1_284' title='bbox 1416 2673 1542 2714; x_wconf 89' lang='lat' dir='ltr'><strong>cum</strong></span> <span class='ocrx_word' id='word_1_285' title='bbox 1575 2657 1861 2727; x_wconf 89' lang='lat' dir='ltr'><strong>Creatore,</strong></span> <span class='ocrx_word' id='word_1_286' title='bbox 1911 2662 2160 2718; x_wconf 87' lang='lat' dir='ltr'><strong>consub-</strong></span> 
     </span>
    </p>
   </div>
   <div class='ocr_carea' id='block_1_43' title="bbox 579 2750 2160 2824">
    <p class='ocr_par' dir='ltr' id='par_1_43' title="bbox 579 2750 2160 2824">
     <span class='ocr_line' id='line_1_43' title="bbox 579 2750 2160 2824; baseline 0.002 -16"><span class='ocrx_word' id='word_1_287' title='bbox 579 2751 897 2808; x_wconf 80' lang='lat' dir='ltr'><strong>stantialem</strong></span> <span class='ocrx_word' id='word_1_288' title='bbox 942 2751 1055 2806; x_wconf 88' lang='lat' dir='ltr'><strong>Deo</strong></span> <span class='ocrx_word' id='word_1_289' title='bbox 1104 2750 1410 2807; x_wconf 88' lang='lat' dir='ltr'><strong>secundum</strong></span> <span class='ocrx_word' id='word_1_290' title='bbox 1453 2750 1802 2806; x_wconf 85' lang='lat' dir='ltr'><strong>divinitatem</strong></span> <span class='ocrx_word' id='word_1_291' title='bbox 1832 2766 1901 2808; x_wconf 86' lang='lat' dir='ltr'><strong>ex</strong></span> <span class='ocrx_word' id='word_1_292' title='bbox 1931 2762 2160 2824; x_wconf 88' lang='lat' dir='ltr'><strong>paterna</strong></span> 
     </span>
    </p>
   </div>
   <div class='ocr_carea' id='block_1_44' title="bbox 577 2842 2162 2907">
    <p class='ocr_par' dir='ltr' id='par_1_44' title="bbox 577 2842 2162 2907">
     <span class='ocr_line' id='line_1_44' title="bbox 577 2842 2162 2907; baseline 0.001 -8"><span class='ocrx_word' id='word_1_293' title='bbox 577 2843 893 2899; x_wconf 74' lang='lat' dir='ltr'><strong>substantia</strong></span> <span class='ocrx_word' id='word_1_294' title='bbox 944 2842 1330 2907; x_wconf 80' lang='lat' dir='ltr'><strong>exsistentem,</strong></span> <span class='ocrx_word' id='word_1_295' title='bbox 1379 2850 1436 2897; x_wconf 91' lang='lat' dir='ltr'><strong>et</strong></span> <span class='ocrx_word' id='word_1_296' title='bbox 1481 2842 2010 2900; x_wconf 84' lang='lat' dir='ltr'><strong>consubstantialem</strong></span> <span class='ocrx_word' id='word_1_297' title='bbox 2061 2846 2162 2900; x_wconf 89' lang='lat' dir='ltr'><strong>ho-</strong></span> 
     </span>
    </p>
   </div>
   <div class='ocr_carea' id='block_1_45' title="bbox 577 2933 2160 3009">
    <p class='ocr_par' dir='ltr' id='par_1_45' title="bbox 577 2933 2160 3009">
     <span class='ocr_line' id='line_1_45' title="bbox 577 2933 2160 3009; baseline 0.004 -22"><span class='ocrx_word' id='word_1_298' title='bbox 577 2933 825 2989; x_wconf 88' lang='lat' dir='ltr'><strong>rninibus</strong></span> <span class='ocrx_word' id='word_1_299' title='bbox 850 2934 1157 2990; x_wconf 89' lang='lat' dir='ltr'><strong>secundum</strong></span> <span class='ocrx_word' id='word_1_300' title='bbox 1197 2949 1420 2991; x_wconf 92' lang='lat' dir='ltr'><strong>carnem</strong></span> <span class='ocrx_word' id='word_1_301' title='bbox 1460 2951 1528 2991; x_wconf 81' lang='lat' dir='ltr'><strong>ex</strong></span> <span class='ocrx_word' id='word_1_302' title='bbox 1560 2945 1757 2992; x_wconf 89' lang='lat' dir='ltr'><strong>natura</strong></span> <span class='ocrx_word' id='word_1_303' title='bbox 1782 2936 2024 2993; x_wconf 85' lang='lat' dir='ltr'><strong>humana</strong></span> <span class='ocrx_word' id='word_1_304' title='bbox 2056 2938 2160 3009; x_wconf 89' lang='lat' dir='ltr'><strong>ipsi</strong></span> 
     </span>
    </p>
   </div>
   <div class='ocr_carea' id='block_1_46' title="bbox 577 3025 2160 3100">
    <p class='ocr_par' dir='ltr' id='par_1_46' title="bbox 577 3025 2160 3100">
     <span class='ocr_line' id='line_1_46' title="bbox 577 3025 2160 3100; baseline 0.001 -18"><span class='ocrx_word' id='word_1_305' title='bbox 577 3026 821 3094; x_wconf 88' lang='lat' dir='ltr'><strong>unitam,</strong></span> <span class='ocrx_word' id='word_1_306' title='bbox 850 3034 908 3083; x_wconf 90' lang='lat' dir='ltr'><strong>et</strong></span> <span class='ocrx_word' id='word_1_307' title='bbox 936 3025 1226 3083; x_wconf 91' lang='lat' dir='ltr'><strong>adoratum</strong></span> <span class='ocrx_word' id='word_1_308' title='bbox 1253 3035 1309 3082; x_wconf 90' lang='lat' dir='ltr'><strong>et</strong></span> <span class='ocrx_word' id='word_1_309' title='bbox 1335 3026 1700 3098; x_wconf 86' lang='lat' dir='ltr'><strong>gloriﬁcatum</strong></span> <span class='ocrx_word' id='word_1_310' title='bbox 1748 3043 1874 3083; x_wconf 91' lang='lat' dir='ltr'><strong>cum</strong></span> <span class='ocrx_word' id='word_1_311' title='bbox 1929 3029 2160 3100; x_wconf 90' lang='lat' dir='ltr'><strong>propria</strong></span> 
     </span>
    </p>
   </div>
   <div class='ocr_carea' id='block_1_47' title="bbox 576 3118 2164 3191">
    <p class='ocr_par' dir='ltr' id='par_1_47' title="bbox 576 3118 2164 3191">
     <span class='ocr_line' id='line_1_47' title="bbox 576 3118 2164 3191; baseline -0.001 -13"><span class='ocrx_word' id='word_1_312' title='bbox 576 3135 766 3186; x_wconf 87' lang='lat' dir='ltr'><strong>carne,</strong></span> <span class='ocrx_word' id='word_1_313' title='bbox 805 3121 1070 3191; x_wconf 90' lang='lat' dir='ltr'><strong>quoniam</strong></span> <span class='ocrx_word' id='word_1_314' title='bbox 1105 3134 1206 3190; x_wconf 90' lang='lat' dir='ltr'><strong>per</strong></span> <span class='ocrx_word' id='word_1_315' title='bbox 1244 3118 1423 3191; x_wconf 89' lang='lat' dir='ltr'><strong>ipsam</strong></span> <span class='ocrx_word' id='word_1_316' title='bbox 1464 3119 1603 3175; x_wconf 81' lang='lat' dir='ltr'><strong>facta</strong></span> <span class='ocrx_word' id='word_1_317' title='bbox 1636 3126 1721 3175; x_wconf 92' lang='lat' dir='ltr'><strong>est</strong></span> <span class='ocrx_word' id='word_1_318' title='bbox 1749 3120 1913 3175; x_wconf 90' lang='lat' dir='ltr'><strong>nobis</strong></span> <span class='ocrx_word' id='word_1_319' title='bbox 1944 3121 2164 3177; x_wconf 81' lang='lat' dir='ltr'><strong>redem-</strong></span> 
     </span>
    </p>
   </div>
   <div class='ocr_carea' id='block_1_48' title="bbox 573 3213 2156 3285">
    <p class='ocr_par' dir='ltr' id='par_1_48' title="bbox 573 3213 2156 3285">
     <span class='ocr_line' id='line_1_48' title="bbox 573 3213 2156 3285; baseline 0.001 -18"><span class='ocrx_word' id='word_1_320' title='bbox 573 3213 693 3285; x_wconf 84' lang='lat' dir='ltr'><strong>ptio</strong></span> <span class='ocrx_word' id='word_1_321' title='bbox 714 3228 746 3269; x_wconf 91' lang='lat' dir='ltr'><strong>a</strong></span> <span class='ocrx_word' id='word_1_322' title='bbox 763 3221 962 3277; x_wconf 90' lang='lat' dir='ltr'><strong>morte,</strong></span> <span class='ocrx_word' id='word_1_323' title='bbox 987 3224 1044 3268; x_wconf 85' lang='lat' dir='ltr'><strong>et</strong></span> <span class='ocrx_word' id='word_1_324' title='bbox 1066 3213 1383 3271; x_wconf 88' lang='lat' dir='ltr'><strong>communio</strong></span> <span class='ocrx_word' id='word_1_325' title='bbox 1396 3228 1523 3269; x_wconf 90' lang='lat' dir='ltr'><strong>cum</strong></span> <span class='ocrx_word' id='word_1_326' title='bbox 1538 3213 1854 3277; x_wconf 85' lang='lat' dir='ltr'><strong>immortali;</strong></span> <span class='ocrx_word' id='word_1_327' title='bbox 1869 3216 2156 3270; x_wconf 89' lang='lat' dir='ltr'><strong>earoenim</strong></span> 
     </span>
    </p>
   </div>
   <div class='ocr_carea' id='block_1_49' title="bbox 2623 2008 3493 2081">
    <p class='ocr_par' dir='ltr' id='par_1_49' title="bbox 2623 2008 3493 2081">
     <span class='ocr_line' id='line_1_49' title="bbox 2623 2008 3493 2081; baseline -0.011 -13"><span class='ocrx_word' id='word_1_328' title='bbox 2623 2012 2735 2068; x_wconf 76' lang='grc' dir='ltr'><strong>Καὶ</strong></span> <span class='ocrx_word' id='word_1_329' title='bbox 2766 2010 2881 2081; x_wconf 74' lang='grc' dir='ltr'><strong>ἐγὼ</strong></span> <span class='ocrx_word' id='word_1_330' title='bbox 2904 2011 3113 2075; x_wconf 79' lang='grc' dir='ltr'>Ἰόϐιος</span> <span class='ocrx_word' id='word_1_331' title='bbox 3138 2008 3493 2071; x_wconf 75' lang='grc' dir='ltr'><strong>ἐπίσκοπος.</strong></span> 
     </span>
    </p>
   </div>
   <div class='ocr_carea' id='block_1_50' title="bbox 2343 2093 3849 2177">
    <p class='ocr_par' dir='ltr' id='par_1_50' title="bbox 2343 2093 3849 2177">
     <span class='ocr_line' id='line_1_50' title="bbox 2343 2093 3849 2177; baseline -0.01 -17"><span class='ocrx_word' id='word_1_332' title='bbox 2343 2104 2623 2177; x_wconf 82' lang='grc' dir='ltr'>Ὀμολογῶ</span> <span class='ocrx_word' id='word_1_333' title='bbox 2657 2105 2751 2158; x_wconf 78' lang='grc' dir='ltr'>τὸν</span> <span class='ocrx_word' id='word_1_334' title='bbox 2781 2102 2989 2172; x_wconf 84' lang='grc' dir='ltr'>Κύριον</span> <span class='ocrx_word' id='word_1_335' title='bbox 3021 2098 3231 2171; x_wconf 78' lang='grc' dir='ltr'><strong>Ἰησοῦν</strong></span> <span class='ocrx_word' id='word_1_336' title='bbox 3256 2096 3526 2168; x_wconf 77' lang='grc' dir='ltr'>Χριστὸν,</span> <span class='ocrx_word' id='word_1_337' title='bbox 3565 2093 3627 2161; x_wconf 74' lang='grc' dir='ltr'><strong>ἐξ</strong></span> <span class='ocrx_word' id='word_1_338' title='bbox 3656 2093 3849 2157; x_wconf 72' lang='grc' dir='ltr'>αἰῶνος</span> 
     </span>
    </p>
   </div>
   <div class='ocr_carea' id='block_1_51' title="bbox 2264 2186 3849 2269">
    <p class='ocr_par' dir='ltr' id='par_1_51' title="bbox 2264 2186 3849 2269">
     <span class='ocr_line' id='line_1_51' title="bbox 2264 2186 3849 2269; baseline -0.008 -18"><span class='ocrx_word' id='word_1_339' title='bbox 2264 2198 2363 2269; x_wconf 83' lang='grc' dir='ltr'>μὲν</span> <span class='ocrx_word' id='word_1_340' title='bbox 2410 2196 2654 2268; x_wconf 76' lang='grc' dir='ltr'>άσαρκον</span> <span class='ocrx_word' id='word_1_341' title='bbox 2699 2195 2833 2249; x_wconf 71' lang='grc' dir='ltr'>Θεὸν</span> <span class='ocrx_word' id='word_1_342' title='bbox 2877 2193 3054 2261; x_wconf 87' lang='grc' dir='ltr'>Λόγον</span> <span class='ocrx_word' id='word_1_343' title='bbox 3078 2230 3094 2256; x_wconf 94' lang='grc'><strong>,</strong></span> <span class='ocrx_word' id='word_1_344' title='bbox 3132 2190 3218 2244; x_wconf 76' lang='grc' dir='ltr'><strong>ἐπ’</strong></span> <span class='ocrx_word' id='word_1_345' title='bbox 3248 2189 3494 2259; x_wconf 68' lang='grc' dir='ltr'>ἐσχάτων</span> <span class='ocrx_word' id='word_1_346' title='bbox 3522 2186 3582 2239; x_wconf 81' lang='grc' dir='ltr'>δὲ</span> <span class='ocrx_word' id='word_1_347' title='bbox 3612 2186 3849 2253; x_wconf 70' lang='grc' dir='ltr'>αἰώνων,</span> 
     </span>
    </p>
   </div>
   <div class='ocr_carea' id='block_1_52' title="bbox 2265 2276 3850 2361">
    <p class='ocr_par' dir='ltr' id='par_1_52' title="bbox 2265 2276 3850 2361">
     <span class='ocr_line' id='line_1_52' title="bbox 2265 2276 3850 2361; baseline -0.008 -16"><span class='ocrx_word' id='word_1_348' title='bbox 2265 2291 2447 2361; x_wconf 84' lang='grc' dir='ltr'>σάρκα</span> <span class='ocrx_word' id='word_1_349' title='bbox 2470 2290 2530 2355; x_wconf 78' lang='grc' dir='ltr'>ἐξ</span> <span class='ocrx_word' id='word_1_350' title='bbox 2553 2290 2713 2359; x_wconf 83' lang='grc' dir='ltr'>ἁγίας</span> <span class='ocrx_word' id='word_1_351' title='bbox 2736 2287 3012 2359; x_wconf 80' lang='grc' dir='ltr'>Παρθένου</span> <span class='ocrx_word' id='word_1_352' title='bbox 3034 2284 3313 2339; x_wconf 85' lang='grc' dir='ltr'>ὲνὼσαντα</span> <span class='ocrx_word' id='word_1_353' title='bbox 3334 2280 3534 2352; x_wconf 79' lang='grc' dir='ltr'>ἑαυτῷ,</span> <span class='ocrx_word' id='word_1_354' title='bbox 3560 2276 3701 2334; x_wconf 73' lang='grc' dir='ltr'>εἶναι</span> <span class='ocrx_word' id='word_1_355' title='bbox 3720 2279 3850 2333; x_wconf 70' lang='grc' dir='ltr'>Θεὸν</span> 
     </span>
    </p>
   </div>
   <div class='ocr_carea' id='block_1_53' title="bbox 2260 2370 3849 2453">
    <p class='ocr_par' dir='ltr' id='par_1_53' title="bbox 2260 2370 3849 2453">
     <span class='ocr_line' id='line_1_53' title="bbox 2260 2370 3849 2453; baseline -0.008 -17"><span class='ocrx_word' id='word_1_356' title='bbox 2260 2382 2357 2436; x_wconf 75' lang='grc' dir='ltr'>καὶ</span> <span class='ocrx_word' id='word_1_357' title='bbox 2401 2381 2686 2453; x_wconf 83' lang='grc' dir='ltr'>ἄνθρωπον</span> <span class='ocrx_word' id='word_1_358' title='bbox 2706 2420 2722 2447; x_wconf 88' lang='grc'><strong>,</strong></span> <span class='ocrx_word' id='word_1_359' title='bbox 2764 2378 2861 2433; x_wconf 69' lang='grc' dir='ltr'>ἕνα</span> <span class='ocrx_word' id='word_1_360' title='bbox 2894 2378 2990 2432; x_wconf 75' lang='grc' dir='ltr'>καὶ</span> <span class='ocrx_word' id='word_1_361' title='bbox 3024 2377 3116 2430; x_wconf 86' lang='grc' dir='ltr'><strong>τδν</strong></span> <span class='ocrx_word' id='word_1_362' title='bbox 3148 2374 3307 2428; x_wconf 76' lang='grc' dir='ltr'>αὐτὸν</span> <span class='ocrx_word' id='word_1_363' title='bbox 3328 2414 3344 2441; x_wconf 94' lang='grc'><strong>,</strong></span> <span class='ocrx_word' id='word_1_364' title='bbox 3380 2372 3684 2426; x_wconf 71' lang='grc' dir='ltr'>ὑπόστασιν</span> <span class='ocrx_word' id='word_1_365' title='bbox 3726 2370 3849 2441; x_wconf 78' lang='grc' dir='ltr'>μίαν</span> 
     </span>
    </p>
   </div>
   <div class='ocr_carea' id='block_1_54' title="bbox 2261 2461 3848 2544">
    <p class='ocr_par' dir='ltr' id='par_1_54' title="bbox 2261 2461 3848 2544">
     <span class='ocr_line' id='line_1_54' title="bbox 2261 2461 3848 2544; baseline -0.007 -18"><span class='ocrx_word' id='word_1_366' title='bbox 2261 2472 2552 2539; x_wconf 83' lang='grc' dir='ltr'>σύνθετον,</span> <span class='ocrx_word' id='word_1_367' title='bbox 2607 2474 2702 2526; x_wconf 76' lang='grc' dir='ltr'>καὶ</span> <span class='ocrx_word' id='word_1_368' title='bbox 2750 2470 3041 2544; x_wconf 81' lang='grc' dir='ltr'>πρόσωπον</span> <span class='ocrx_word' id='word_1_369' title='bbox 3081 2467 3140 2523; x_wconf 81' lang='grc' dir='ltr'>ἒν</span> <span class='ocrx_word' id='word_1_370' title='bbox 3188 2465 3521 2538; x_wconf 84' lang='grc' dir='ltr'>ἀδιαίρετον,</span> <span class='ocrx_word' id='word_1_371' title='bbox 3566 2461 3848 2533; x_wconf 73' lang='grc' dir='ltr'>μεσιτεῦον</span> 
     </span>
    </p>
   </div>
   <div class='ocr_carea' id='block_1_55' title="bbox 2259 2552 3847 2635">
    <p class='ocr_par' dir='ltr' id='par_1_55' title="bbox 2259 2552 3847 2635">
     <span class='ocr_line' id='line_1_55' title="bbox 2259 2552 3847 2635; baseline -0.007 -19"><span class='ocrx_word' id='word_1_372' title='bbox 2259 2562 2379 2635; x_wconf 86' lang='grc' dir='ltr'>Θεῷ</span> <span class='ocrx_word' id='word_1_373' title='bbox 2433 2563 2527 2618; x_wconf 76' lang='grc' dir='ltr'>καὶ</span> <span class='ocrx_word' id='word_1_374' title='bbox 2568 2562 2913 2634; x_wconf 84' lang='grc' dir='ltr'>ἀνθρώποις,</span> <span class='ocrx_word' id='word_1_375' title='bbox 2966 2558 3063 2613; x_wconf 75' lang='grc' dir='ltr'>καὶ</span> <span class='ocrx_word' id='word_1_376' title='bbox 3114 2556 3386 2613; x_wconf 77' lang='grc' dir='ltr'>συνάπτον</span> <span class='ocrx_word' id='word_1_377' title='bbox 3431 2554 3503 2609; x_wconf 81' lang='grc' dir='ltr'><strong>τά</strong></span> <span class='ocrx_word' id='word_1_378' title='bbox 3541 2552 3847 2625; x_wconf 70' lang='grc' dir='ltr'>διῃρημένα</span> 
     </span>
    </p>
   </div>
   <div class='ocr_carea' id='block_1_56' title="bbox 2264 2647 3848 2729">
    <p class='ocr_par' dir='ltr' id='par_1_56' title="bbox 2264 2647 3848 2729">
     <span class='ocr_line' id='line_1_56' title="bbox 2264 2647 3848 2729; baseline -0.008 -18"><span class='ocrx_word' id='word_1_379' title='bbox 2264 2660 2548 2729; x_wconf 80' lang='grc' dir='ltr'>ποιήματα</span> <span class='ocrx_word' id='word_1_380' title='bbox 2590 2656 2669 2728; x_wconf 83' lang='grc' dir='ltr'>τῷ</span> <span class='ocrx_word' id='word_1_381' title='bbox 2710 2654 3068 2725; x_wconf 80' lang='grc' dir='ltr'>πεποιηκότι,</span> <span class='ocrx_word' id='word_1_382' title='bbox 3109 2649 3392 2723; x_wconf 87' lang='grc' dir='ltr'>όμοούσιον</span> <span class='ocrx_word' id='word_1_383' title='bbox 3419 2647 3541 2719; x_wconf 88' lang='grc' dir='ltr'>Θεῷ</span> <span class='ocrx_word' id='word_1_384' title='bbox 3581 2647 3729 2701; x_wconf 79' lang='grc' dir='ltr'>κατὰ</span> <span class='ocrx_word' id='word_1_385' title='bbox 3757 2647 3848 2717; x_wconf 73' lang='grc' dir='ltr'>τὴν</span> 
     </span>
    </p>
   </div>
   <div class='ocr_carea' id='block_1_57' title="bbox 2261 2734 3845 2818">
    <p class='ocr_par' dir='ltr' id='par_1_57' title="bbox 2261 2734 3845 2818">
     <span class='ocr_line' id='line_1_57' title="bbox 2261 2734 3845 2818; baseline -0.01 -18"><span class='ocrx_word' id='word_1_386' title='bbox 2261 2750 2326 2800; x_wconf 79' lang='grc' dir='ltr'>ἐκ</span> <span class='ocrx_word' id='word_1_387' title='bbox 2360 2748 2463 2818; x_wconf 83' lang='grc' dir='ltr'>τῆς</span> <span class='ocrx_word' id='word_1_388' title='bbox 2488 2746 2770 2818; x_wconf 83' lang='grc' dir='ltr'>Πατρικῆς</span> <span class='ocrx_word' id='word_1_389' title='bbox 2796 2743 2982 2806; x_wconf 78' lang='grc' dir='ltr'>οὐσίας</span> <span class='ocrx_word' id='word_1_390' title='bbox 3012 2742 3367 2810; x_wconf 76' lang='grc' dir='ltr'>ὑπάρχουσαν</span> <span class='ocrx_word' id='word_1_391' title='bbox 3403 2734 3557 2806; x_wconf 89' lang='grc' dir='ltr'><strong>αὐτῷ</strong></span> <span class='ocrx_word' id='word_1_392' title='bbox 3594 2734 3845 2803; x_wconf 57' lang='lat' dir='ltr'><strong>Bel/tnta,</strong></span> 
     </span>
    </p>
   </div>
   <div class='ocr_carea' id='block_1_58' title="bbox 2260 2824 3840 2911">
    <p class='ocr_par' dir='ltr' id='par_1_58' title="bbox 2260 2824 3840 2911">
     <span class='ocr_line' id='line_1_58' title="bbox 2260 2824 3840 2911; baseline -0.011 -17"><span class='ocrx_word' id='word_1_393' title='bbox 2260 2840 2357 2893; x_wconf 69' lang='grc' dir='ltr'>καὶ</span> <span class='ocrx_word' id='word_1_394' title='bbox 2385 2838 2672 2911; x_wconf 88' lang='grc' dir='ltr'>όμοούσιον</span> <span class='ocrx_word' id='word_1_395' title='bbox 2696 2834 3001 2906; x_wconf 79' lang='grc' dir='ltr'>ἀνθρώποις</span> <span class='ocrx_word' id='word_1_396' title='bbox 3025 2832 3171 2887; x_wconf 82' lang='grc' dir='ltr'>κατὰ</span> <span class='ocrx_word' id='word_1_397' title='bbox 3196 2834 3296 2898; x_wconf 76' lang='grc' dir='ltr'>τὴν</span> <span class='ocrx_word' id='word_1_398' title='bbox 3327 2831 3395 2884; x_wconf 79' lang='grc' dir='ltr'>ὲκ</span> <span class='ocrx_word' id='word_1_399' title='bbox 3433 2828 3537 2898; x_wconf 83' lang='grc' dir='ltr'>τῆς</span> <span class='ocrx_word' id='word_1_400' title='bbox 3560 2824 3840 2896; x_wconf 80' lang='grc' dir='ltr'>ἀνθρωπί-</span> 
     </span>
    </p>
   </div>
   <div class='ocr_carea' id='block_1_59' title="bbox 2263 2916 3847 3002">
    <p class='ocr_par' dir='ltr' id='par_1_59' title="bbox 2263 2916 3847 3002">
     <span class='ocr_line' id='line_1_59' title="bbox 2263 2916 3847 3002; baseline -0.012 -16"><span class='ocrx_word' id='word_1_401' title='bbox 2263 2949 2361 3002; x_wconf 90' lang='grc' dir='ltr'><strong>νης</strong></span> <span class='ocrx_word' id='word_1_402' title='bbox 2387 2929 2603 3001; x_wconf 78' lang='grc' dir='ltr'>φύσεως</span> <span class='ocrx_word' id='word_1_403' title='bbox 2634 2926 2925 2998; x_wconf 83' lang='grc' dir='ltr'><strong>ἡνωμένην</strong></span> <span class='ocrx_word' id='word_1_404' title='bbox 2955 2923 3105 2993; x_wconf 88' lang='grc' dir='ltr'>αὐτῷ</span> <span class='ocrx_word' id='word_1_405' title='bbox 3136 2922 3335 2993; x_wconf 79' lang='grc' dir='ltr'>σάρκα,</span> <span class='ocrx_word' id='word_1_406' title='bbox 3366 2916 3847 2991; x_wconf 73' lang='grc' dir='ltr'>προσκυνούμενον</span> 
     </span>
    </p>
   </div>
   <div class='ocr_carea' id='block_1_60' title="bbox 2261 3004 3850 3084">
    <p class='ocr_par' dir='ltr' id='par_1_60' title="bbox 2261 3004 3850 3084">
     <span class='ocr_line' id='line_1_60' title="bbox 2261 3004 3850 3084; baseline -0.008 -14"><span class='ocrx_word' id='word_1_407' title='bbox 2261 3017 2319 3070; x_wconf 80' lang='grc' dir='ltr'>δὲ</span> <span class='ocrx_word' id='word_1_408' title='bbox 2353 3017 2448 3071; x_wconf 78' lang='grc' dir='ltr'>καὶ</span> <span class='ocrx_word' id='word_1_409' title='bbox 2479 3013 2842 3084; x_wconf 80' lang='grc' dir='ltr'>δοξαζόμενον</span> <span class='ocrx_word' id='word_1_410' title='bbox 2887 3012 3028 3084; x_wconf 85' lang='grc' dir='ltr'>μετὰ</span> <span class='ocrx_word' id='word_1_411' title='bbox 3070 3010 3171 3081; x_wconf 82' lang='grc' dir='ltr'>τῆς</span> <span class='ocrx_word' id='word_1_412' title='bbox 3211 3009 3348 3072; x_wconf 82' lang='grc' dir='ltr'>ιδίας</span> <span class='ocrx_word' id='word_1_413' title='bbox 3378 3006 3585 3079; x_wconf 85' lang='grc' dir='ltr'>σαρκός</span> <span class='ocrx_word' id='word_1_414' title='bbox 3607 3023 3625 3038; x_wconf 76' lang='grc' dir='ltr'><strong>ο</strong></span> <span class='ocrx_word' id='word_1_415' title='bbox 3664 3006 3755 3060; x_wconf 84' lang='grc' dir='ltr'><strong>δτι</strong></span> <span class='ocrx_word' id='word_1_416' title='bbox 3786 3004 3850 3057; x_wconf 74' lang='grc' dir='ltr'>δι’</span> 
     </span>
    </p>
   </div>
   <div class='ocr_carea' id='block_1_61' title="bbox 2261 3100 3849 3179">
    <p class='ocr_par' dir='ltr' id='par_1_61' title="bbox 2261 3100 3849 3179">
     <span class='ocr_line' id='line_1_61' title="bbox 2261 3100 3849 3179; baseline -0.006 -17"><span class='ocrx_word' id='word_1_417' title='bbox 2261 3108 2434 3179; x_wconf 82' lang='grc' dir='ltr'>αὐτῆς</span> <span class='ocrx_word' id='word_1_418' title='bbox 2467 3108 2601 3179; x_wconf 70' lang='grc' dir='ltr'>ἡμῖν</span> <span class='ocrx_word' id='word_1_419' title='bbox 2631 3107 2856 3177; x_wconf 84' lang='grc' dir='ltr'>γέγονεν</span> <span class='ocrx_word' id='word_1_420' title='bbox 2881 3104 3155 3175; x_wconf 76' lang='grc' dir='ltr'>λύτρωσις</span> <span class='ocrx_word' id='word_1_421' title='bbox 3189 3104 3254 3156; x_wconf 81' lang='grc' dir='ltr'>ὲκ</span> <span class='ocrx_word' id='word_1_422' title='bbox 3282 3101 3514 3157; x_wconf 82' lang='grc' dir='ltr'>θανάτου</span> <span class='ocrx_word' id='word_1_423' title='bbox 3539 3140 3557 3167; x_wconf 91' lang='grc'><strong>,</strong></span> <span class='ocrx_word' id='word_1_424' title='bbox 3599 3100 3699 3151; x_wconf 70' lang='grc' dir='ltr'><strong>καὶ</strong></span> <span class='ocrx_word' id='word_1_425' title='bbox 3733 3115 3849 3153; x_wconf 78' lang='grc' dir='ltr'>κοι-</span> 
     </span>
    </p>
   </div>
   <div class='ocr_carea' id='block_1_62' title="bbox 2261 3190 3849 3272">
    <p class='ocr_par' dir='ltr' id='par_1_62' title="bbox 2261 3190 3849 3272">
     <span class='ocr_line' id='line_1_62' title="bbox 2261 3190 3849 3272; baseline -0.009 -16"><span class='ocrx_word' id='word_1_426' title='bbox 2261 3201 2430 3256; x_wconf 86' lang='grc' dir='ltr'>νωνία</span> <span class='ocrx_word' id='word_1_427' title='bbox 2452 3201 2589 3272; x_wconf 80' lang='grc' dir='ltr'>πρὸς</span> <span class='ocrx_word' id='word_1_428' title='bbox 2613 3199 2706 3255; x_wconf 74' lang='grc' dir='ltr'><strong>τὶν</strong></span> <span class='ocrx_word' id='word_1_429' title='bbox 2729 3197 3019 3253; x_wconf 76' lang='grc' dir='ltr'>ἀθάνατονο</span> <span class='ocrx_word' id='word_1_430' title='bbox 3046 3197 3231 3266; x_wconf 77' lang='grc' dir='ltr'>ἄκρως</span> <span class='ocrx_word' id='word_1_431' title='bbox 3248 3196 3357 3267; x_wconf 85' lang='grc' dir='ltr'><strong>γὰρ</strong></span> <span class='ocrx_word' id='word_1_432' title='bbox 3374 3193 3635 3264; x_wconf 73' lang='grc' dir='ltr'>ἡνωμένη</span> <span class='ocrx_word' id='word_1_433' title='bbox 3656 3192 3695 3263; x_wconf 78' lang='grc' dir='ltr'><strong>ἡ</strong></span> <span class='ocrx_word' id='word_1_434' title='bbox 3714 3190 3849 3261; x_wconf 74' lang='grc' dir='ltr'>σὰρξ</span> 
     </span>
    </p>
   </div>
   <div class='ocr_carea' id='block_1_63' title="bbox 576 3283 2156 3373">
    <p class='ocr_par' dir='ltr' id='par_1_63' title="bbox 576 3300 2156 3373">
     <span class='ocr_line' id='line_1_63' title="bbox 576 3300 2156 3373; baseline 0.005 -20"><span class='ocrx_word' id='word_1_435' title='bbox 576 3315 789 3356; x_wconf 85' lang='lat' dir='ltr'><strong>summe</strong></span> <span class='ocrx_word' id='word_1_436' title='bbox 819 3300 975 3355; x_wconf 91' lang='lat' dir='ltr'><strong>unita</strong></span> <span class='ocrx_word' id='word_1_437' title='bbox 999 3300 1203 3366; x_wconf 85' lang='lat' dir='ltr'><strong>Verbo,</strong></span> <span class='ocrx_word' id='word_1_438' title='bbox 1233 3309 1289 3357; x_wconf 90' lang='lat' dir='ltr'><strong>et</strong></span> <span class='ocrx_word' id='word_1_439' title='bbox 1317 3318 1598 3373; x_wconf 86' lang='lat' dir='ltr'><strong>nunquam</strong></span> <span class='ocrx_word' id='word_1_440' title='bbox 1630 3311 1904 3373; x_wconf 88' lang='lat' dir='ltr'><strong>separata,</strong></span> <span class='ocrx_word' id='word_1_441' title='bbox 1932 3320 2043 3359; x_wconf 88' lang='lat' dir='ltr'><strong>non</strong></span> <span class='ocrx_word' id='word_1_442' title='bbox 2075 3314 2156 3361; x_wconf 92' lang='lat' dir='ltr'><strong>est</strong></span> 
     </span>
    </p>
   </div>
   <div class='ocr_carea' id='block_1_64' title="bbox 2261 3283 3848 3373">
    <p class='ocr_par' dir='ltr' id='par_1_64' title="bbox 2261 3283 3848 3365">
     <span class='ocr_line' id='line_1_64' title="bbox 2261 3283 3848 3365; baseline -0.008 -18"><span class='ocrx_word' id='word_1_443' title='bbox 2261 3294 2342 3365; x_wconf 77' lang='grc' dir='ltr'>τῷ</span> <span class='ocrx_word' id='word_1_444' title='bbox 2376 3293 2575 3363; x_wconf 84' lang='grc' dir='ltr'>Λόγῳ,</span> <span class='ocrx_word' id='word_1_445' title='bbox 2628 3292 2722 3346; x_wconf 70' lang='grc' dir='ltr'>καὶ</span> <span class='ocrx_word' id='word_1_446' title='bbox 2772 3289 3043 3361; x_wconf 82' lang='grc' dir='ltr'>μηδέποτε</span> <span class='ocrx_word' id='word_1_447' title='bbox 3091 3286 3255 3341; x_wconf 89' lang='grc' dir='ltr'>αὐτοῦ</span> <span class='ocrx_word' id='word_1_448' title='bbox 3304 3283 3650 3357; x_wconf 74' lang='grc' dir='ltr'>χωριζομένη</span> <span class='ocrx_word' id='word_1_449' title='bbox 3677 3324 3695 3347; x_wconf 88' lang='grc'><strong>,</strong></span> <span class='ocrx_word' id='word_1_450' title='bbox 3755 3285 3848 3337; x_wconf 73' lang='grc' dir='ltr'><strong>οὐκ</strong></span> 
     </span>
    </p>
   </div>
   <div class='ocr_carea' id='block_1_65' title="bbox 576 3388 2158 3464">
    <p class='ocr_par' dir='ltr' id='par_1_65' title="bbox 576 3388 2158 3464">
     <span class='ocr_line' id='line_1_65' title="bbox 576 3388 2158 3464; baseline 0.003 -19"><span class='ocrx_word' id='word_1_451' title='bbox 576 3388 838 3456; x_wconf 82' lang='lat' dir='ltr'><strong>hominis,</strong></span> <span class='ocrx_word' id='word_1_452' title='bbox 856 3406 967 3445; x_wconf 90' lang='lat' dir='ltr'><strong>non</strong></span> <span class='ocrx_word' id='word_1_453' title='bbox 990 3391 1162 3456; x_wconf 88' lang='lat' dir='ltr'><strong>servi,</strong></span> <span class='ocrx_word' id='word_1_454' title='bbox 1193 3407 1301 3446; x_wconf 91' lang='lat' dir='ltr'><strong>non</strong></span> <span class='ocrx_word' id='word_1_455' title='bbox 1335 3400 1538 3447; x_wconf 63' lang='lat' dir='ltr'><strong>creatae</strong></span> <span class='ocrx_word' id='word_1_456' title='bbox 1565 3408 1833 3463; x_wconf 64' lang='lat' dir='ltr'><strong>personaa,</strong></span> <span class='ocrx_word' id='word_1_457' title='bbox 1861 3394 1957 3449; x_wconf 90' lang='lat' dir='ltr'><strong>sed</strong></span> <span class='ocrx_word' id='word_1_458' title='bbox 1983 3394 2158 3464; x_wconf 89' lang='lat' dir='ltr'><strong>ipsius</strong></span> 
     </span>
    </p>
   </div>
   <div class='ocr_carea' id='block_1_66' title="bbox 574 3479 2155 3552">
    <p class='ocr_par' dir='ltr' id='par_1_66' title="bbox 574 3479 2155 3552">
     <span class='ocr_line' id='line_1_66' title="bbox 574 3479 2155 3552; baseline 0.003 -16"><span class='ocrx_word' id='word_1_459' title='bbox 574 3479 677 3536; x_wconf 85' lang='lat' dir='ltr'><strong>Dei</strong></span> <span class='ocrx_word' id='word_1_460' title='bbox 716 3480 906 3547; x_wconf 75' lang='lat' dir='ltr'><strong>Verbi,</strong></span> <span class='ocrx_word' id='word_1_461' title='bbox 945 3483 1234 3549; x_wconf 87' lang='lat' dir='ltr'><strong>creatoris,</strong></span> <span class='ocrx_word' id='word_1_462' title='bbox 1267 3482 1763 3539; x_wconf 86' lang='lat' dir='ltr'><strong>consubstantialis</strong></span> <span class='ocrx_word' id='word_1_463' title='bbox 1794 3486 1928 3549; x_wconf 88' lang='lat' dir='ltr'><strong>Deo,</strong></span> <span class='ocrx_word' id='word_1_464' title='bbox 1966 3483 2019 3539; x_wconf 91' lang='lat' dir='ltr'><strong>id</strong></span> <span class='ocrx_word' id='word_1_465' title='bbox 2050 3494 2155 3552; x_wconf 89' lang='lat' dir='ltr'><strong>est,</strong></span> 
     </span>
    </p>
   </div>
   <div class='ocr_carea' id='block_1_67' title="bbox 576 3575 2156 3646">
    <p class='ocr_par' dir='ltr' id='par_1_67' title="bbox 576 3575 2156 3646">
     <span class='ocr_line' id='line_1_67' title="bbox 576 3575 2156 3646; baseline 0.001 -14"><span class='ocrx_word' id='word_1_466' title='bbox 576 3575 921 3646; x_wconf 69' lang='lat' dir='ltr'><strong>incorporea:</strong></span> <span class='ocrx_word' id='word_1_467' title='bbox 946 3576 1274 3631; x_wconf 81' lang='lat' dir='ltr'><strong>substantiae</strong></span> <span class='ocrx_word' id='word_1_468' title='bbox 1320 3576 1621 3633; x_wconf 86' lang='lat' dir='ltr'><strong>ineﬁ‘abilis</strong></span> <span class='ocrx_word' id='word_1_469' title='bbox 1651 3577 1852 3633; x_wconf 88' lang='lat' dir='ltr'><strong>Patris.</strong></span> <span class='ocrx_word' id='word_1_470' title='bbox 1884 3578 1994 3635; x_wconf 89' lang='lat' dir='ltr'><strong>Eos</strong></span> <span class='ocrx_word' id='word_1_471' title='bbox 2022 3593 2156 3633; x_wconf 82' lang='lat' dir='ltr'><strong>vero</strong></span> 
     </span>
    </p>
   </div>
   <div class='ocr_carea' id='block_1_68' title="bbox 574 3666 2157 3738">
    <p class='ocr_par' dir='ltr' id='par_1_68' title="bbox 574 3666 2157 3738">
     <span class='ocr_line' id='line_1_68' title="bbox 574 3666 2157 3738; baseline 0.002 -17"><span class='ocrx_word' id='word_1_472' title='bbox 574 3667 674 3738; x_wconf 84' lang='lat' dir='ltr'><strong>qui</strong></span> <span class='ocrx_word' id='word_1_473' title='bbox 708 3666 922 3733; x_wconf 84' lang='lat' dir='ltr'><strong>dicunt,</strong></span> <span class='ocrx_word' id='word_1_474' title='bbox 958 3674 1055 3723; x_wconf 77' lang='lat' dir='ltr'><strong>aut</strong></span> <span class='ocrx_word' id='word_1_475' title='bbox 1086 3667 1290 3724; x_wconf 92' lang='lat' dir='ltr'><strong>docent</strong></span> <span class='ocrx_word' id='word_1_476' title='bbox 1318 3684 1541 3725; x_wconf 86' lang='lat' dir='ltr'><strong>carnem</strong></span> <span class='ocrx_word' id='word_1_477' title='bbox 1574 3670 1758 3726; x_wconf 78' lang='lat' dir='ltr'><strong>Verbo</strong></span> <span class='ocrx_word' id='word_1_478' title='bbox 1782 3685 1996 3726; x_wconf 92' lang='lat' dir='ltr'><strong>summe</strong></span> <span class='ocrx_word' id='word_1_479' title='bbox 2029 3671 2157 3725; x_wconf 92' lang='lat' dir='ltr'><strong>uni-</strong></span> 
     </span>
    </p>
   </div>
   <div class='ocr_carea' id='block_1_69' title="bbox 576 3762 2148 3832">
    <p class='ocr_par' dir='ltr' id='par_1_69' title="bbox 576 3762 2148 3832">
     <span class='ocr_line' id='line_1_69' title="bbox 576 3762 2148 3832; baseline -0.002 -13"><span class='ocrx_word' id='word_1_480' title='bbox 576 3769 691 3819; x_wconf 78' lang='lat' dir='ltr'><strong>tam</strong></span> <span class='ocrx_word' id='word_1_481' title='bbox 723 3768 780 3817; x_wconf 90' lang='lat' dir='ltr'><strong>et</strong></span> <span class='ocrx_word' id='word_1_482' title='bbox 805 3776 1087 3831; x_wconf 87' lang='lat' dir='ltr'><strong>nunquam</strong></span> <span class='ocrx_word' id='word_1_483' title='bbox 1122 3770 1428 3832; x_wconf 89' lang='lat' dir='ltr'><strong>separatam</strong></span> <span class='ocrx_word' id='word_1_484' title='bbox 1464 3776 1585 3816; x_wconf 87' lang='lat' dir='ltr'><strong>esse</strong></span> <span class='ocrx_word' id='word_1_485' title='bbox 1622 3762 2148 3818; x_wconf 87' lang='lat' dir='ltr'><strong>consubstantialem</strong></span> 
     </span>
    </p>
   </div>
   <div class='ocr_carea' id='block_1_70' title="bbox 576 3850 2149 3927">
    <p class='ocr_par' dir='ltr' id='par_1_70' title="bbox 576 3850 2149 3927">
     <span class='ocr_line' id='line_1_70' title="bbox 576 3850 2149 3927; baseline 0 -18"><span class='ocrx_word' id='word_1_486' title='bbox 576 3851 714 3917; x_wconf 83' lang='lat' dir='ltr'><strong>Deo,</strong></span> <span class='ocrx_word' id='word_1_487' title='bbox 746 3850 802 3906; x_wconf 92' lang='lat' dir='ltr'><strong>id</strong></span> <span class='ocrx_word' id='word_1_488' title='bbox 829 3859 935 3916; x_wconf 88' lang='lat' dir='ltr'><strong>est,</strong></span> <span class='ocrx_word' id='word_1_489' title='bbox 969 3852 1296 3908; x_wconf 65' lang='lat' dir='ltr'><strong>substantiae</strong></span> <span class='ocrx_word' id='word_1_490' title='bbox 1331 3852 1691 3923; x_wconf 73' lang='lat' dir='ltr'><strong>incorporeas,</strong></span> <span class='ocrx_word' id='word_1_491' title='bbox 1738 3854 1841 3909; x_wconf 87' lang='lat' dir='ltr'><strong>hos</strong></span> <span class='ocrx_word' id='word_1_492' title='bbox 1887 3863 2149 3927; x_wconf 83' lang='lat' dir='ltr'><strong>tanquam</strong></span> 
     </span>
    </p>
   </div>
   <div class='ocr_carea' id='block_1_71' title="bbox 576 3941 2153 4016">
    <p class='ocr_par' dir='ltr' id='par_1_71' title="bbox 576 3941 2153 4016">
     <span class='ocr_line' id='line_1_71' title="bbox 576 3941 2153 4016; baseline 0.003 -19"><span class='ocrx_word' id='word_1_493' title='bbox 576 3941 974 4011; x_wconf 89' lang='lat' dir='ltr'><strong>dissensiones,</strong></span> <span class='ocrx_word' id='word_1_494' title='bbox 1017 3954 1073 4001; x_wconf 93' lang='lat' dir='ltr'><strong>et</strong></span> <span class='ocrx_word' id='word_1_495' title='bbox 1100 3944 1357 4000; x_wconf 88' lang='lat' dir='ltr'><strong>scandala</strong></span> <span class='ocrx_word' id='word_1_496' title='bbox 1392 3954 1593 4016; x_wconf 79' lang='lat' dir='ltr'><strong>praeter</strong></span> <span class='ocrx_word' id='word_1_497' title='bbox 1621 3946 1925 4002; x_wconf 86' lang='lat' dir='ltr'><strong>doctrinam</strong></span> <span class='ocrx_word' id='word_1_498' title='bbox 1960 3948 2153 4002; x_wconf 85' lang='lat' dir='ltr'><strong>Eccle-</strong></span> 
     </span>
    </p>
   </div>
   <div class='ocr_carea' id='block_1_72' title="bbox 576 4035 2156 4109">
    <p class='ocr_par' dir='ltr' id='par_1_72' title="bbox 576 4035 2156 4109">
     <span class='ocr_line' id='line_1_72' title="bbox 576 4035 2156 4109; baseline 0.003 -18"><span class='ocrx_word' id='word_1_499' title='bbox 576 4035 695 4101; x_wconf 66' lang='lat' dir='ltr'><strong>siae,</strong></span> <span class='ocrx_word' id='word_1_500' title='bbox 729 4052 895 4107; x_wconf 92' lang='lat' dir='ltr'><strong>quam</strong></span> <span class='ocrx_word' id='word_1_501' title='bbox 930 4053 960 4093; x_wconf 93' lang='lat' dir='ltr'><strong>a</strong></span> <span class='ocrx_word' id='word_1_502' title='bbox 994 4038 1264 4109; x_wconf 84' lang='lat' dir='ltr'><strong>principio</strong></span> <span class='ocrx_word' id='word_1_503' title='bbox 1295 4038 1614 4103; x_wconf 89' lang='lat' dir='ltr'><strong>didicimus,</strong></span> <span class='ocrx_word' id='word_1_504' title='bbox 1649 4038 1916 4095; x_wconf 82' lang='lat' dir='ltr'><strong>facientes</strong></span> <span class='ocrx_word' id='word_1_505' title='bbox 1960 4040 2014 4093; x_wconf 88' lang='lat' dir='ltr'><strong>in</strong></span> <span class='ocrx_word' id='word_1_506' title='bbox 2054 4041 2156 4095; x_wconf 83' lang='lat' dir='ltr'><strong>Ec-</strong></span> 
     </span>
    </p>
   </div>
   <div class='ocr_carea' id='block_1_73' title="bbox 577 4127 2157 4205">
    <p class='ocr_par' dir='ltr' id='par_1_73' title="bbox 577 4127 2157 4205">
     <span class='ocr_line' id='line_1_73' title="bbox 577 4127 2157 4205; baseline 0.001 -22"><span class='ocrx_word' id='word_1_507' title='bbox 577 4127 766 4184; x_wconf 85' lang='lat' dir='ltr'><strong>clesiis</strong></span> <span class='ocrx_word' id='word_1_508' title='bbox 809 4128 1171 4195; x_wconf 87' lang='lat' dir='ltr'><strong>declinamus,</strong></span> <span class='ocrx_word' id='word_1_509' title='bbox 1218 4130 1521 4205; x_wconf 81' lang='lat' dir='ltr'><strong>secundum</strong></span> <span class='ocrx_word' id='word_1_510' title='bbox 1557 4131 1914 4201; x_wconf 87' lang='lat' dir='ltr'><strong>apostolicam</strong></span> <span class='ocrx_word' id='word_1_511' title='bbox 1958 4130 2157 4202; x_wconf 66' lang='grc' dir='ltr'>ριεωάἱ-</span> 
     </span>
    </p>
   </div>
   <div class='ocr_carea' id='block_1_74' title="bbox 577 4221 2157 4295">
    <p class='ocr_par' dir='ltr' id='par_1_74' title="bbox 577 4221 2157 4295">
     <span class='ocr_line' id='line_1_74' title="bbox 577 4221 2157 4295; baseline 0.001 -18"><span class='ocrx_word' id='word_1_512' title='bbox 577 4221 890 4287; x_wconf 88' lang='lat' dir='ltr'><strong>cationem,</strong></span> <span class='ocrx_word' id='word_1_513' title='bbox 942 4231 998 4278; x_wconf 91' lang='lat' dir='ltr'><strong>et</strong></span> <span class='ocrx_word' id='word_1_514' title='bbox 1045 4223 1255 4278; x_wconf 87' lang='lat' dir='ltr'><strong>alienos</strong></span> <span class='ocrx_word' id='word_1_515' title='bbox 1285 4223 1699 4291; x_wconf 79' lang='lat' dir='ltr'><strong>existimamus,</strong></span> <span class='ocrx_word' id='word_1_516' title='bbox 1747 4224 1873 4294; x_wconf 89' lang='lat' dir='ltr'><strong>quia</strong></span> <span class='ocrx_word' id='word_1_517' title='bbox 1914 4225 2157 4295; x_wconf 72' lang='lat' dir='ltr'><strong>antiqua:</strong></span> 
     </span>
    </p>
   </div>
   <div class='ocr_carea' id='block_1_75' title="bbox 580 4313 1940 4386">
    <p class='ocr_par' dir='ltr' id='par_1_75' title="bbox 580 4313 1940 4386">
     <span class='ocr_line' id='line_1_75' title="bbox 580 4313 1940 4386; baseline 0 -16"><span class='ocrx_word' id='word_1_518' title='bbox 580 4313 869 4371; x_wconf 88' lang='lat' dir='ltr'><strong>traditioni</strong></span> <span class='ocrx_word' id='word_1_519' title='bbox 898 4321 956 4372; x_wconf 89' lang='lat' dir='ltr'><strong>et</strong></span> <span class='ocrx_word' id='word_1_520' title='bbox 985 4314 1384 4372; x_wconf 63' lang='lat' dir='ltr'><strong>ecclesiasticae</strong></span> <span class='ocrx_word' id='word_1_521' title='bbox 1407 4315 1526 4386; x_wconf 89' lang='lat' dir='ltr'><strong>paci</strong></span> <span class='ocrx_word' id='word_1_522' title='bbox 1556 4315 1940 4372; x_wconf 86' lang='lat' dir='ltr'><strong>adversantur.</strong></span> 
     </span>
    </p>
   </div>
   <div class='ocr_carea' id='block_1_76' title="bbox 653 4579 1095 4643">
    <p class='ocr_par' dir='ltr' id='par_1_76' title="bbox 653 4579 1095 4643">
     <span class='ocr_line' id='line_1_76' title="bbox 653 4579 1095 4643; baseline -0.005 -6"><span class='ocrx_word' id='word_1_523' title='bbox 653 4582 697 4619; x_wconf 78' lang='lat'><strong>&quot;</strong></span> <span class='ocrx_word' id='word_1_524' title='bbox 728 4579 865 4637; x_wconf 90' lang='lat' dir='ltr'><strong>Luc.</strong></span> <span class='ocrx_word' id='word_1_525' title='bbox 893 4594 968 4643; x_wconf 70' lang='grc' dir='ltr'><strong>ιι,</strong></span> <span class='ocrx_word' id='word_1_526' title='bbox 1003 4579 1095 4635; x_wconf 72' lang='grc'><strong>20.</strong></span> 
     </span>
    </p>
   </div>
   <div class='ocr_carea' id='block_1_77' title="bbox 649 4725 1871 4805">
    <p class='ocr_par' dir='ltr' id='par_1_77' title="bbox 649 4725 1871 4805">
     <span class='ocr_line' id='line_1_77' title="bbox 649 4725 1871 4805; baseline -0.004 -19"><span class='ocrx_word' id='word_1_527' title='bbox 649 4732 726 4805; x_wconf 74' lang='grc'><strong>(2)</strong></span> <span class='ocrx_word' id='word_1_528' title='bbox 742 4728 1198 4801; x_wconf 66' lang='grc' dir='ltr'>Βεερίοἰιῖιοὺὶυε</span> <span class='ocrx_word' id='word_1_529' title='bbox 1217 4728 1284 4784; x_wconf 90' lang='lat' dir='ltr'><strong>ad</strong></span> <span class='ocrx_word' id='word_1_530' title='bbox 1312 4737 1561 4785; x_wconf 85' lang='lat' dir='ltr'><strong>sanctum</strong></span> <span class='ocrx_word' id='word_1_531' title='bbox 1583 4725 1871 4799; x_wconf 84' lang='lat' dir='ltr'><strong>Cyrillum.</strong></span> 
     </span>
    </p>
   </div>
   <div class='ocr_carea' id='block_1_78' title="bbox 2264 3374 3845 3455">
    <p class='ocr_par' dir='ltr' id='par_1_78' title="bbox 2264 3374 3845 3455">
     <span class='ocr_line' id='line_1_78' title="bbox 2264 3374 3845 3455; baseline -0.006 -17"><span class='ocrx_word' id='word_1_532' title='bbox 2264 3385 2413 3438; x_wconf 79' lang='grc' dir='ltr'>ἔστιν</span> <span class='ocrx_word' id='word_1_533' title='bbox 2461 3382 2750 3455; x_wconf 84' lang='grc' dir='ltr'>ἀνθρώπου</span> <span class='ocrx_word' id='word_1_534' title='bbox 2774 3422 2790 3448; x_wconf 93' lang='grc'><strong>,</strong></span> <span class='ocrx_word' id='word_1_535' title='bbox 2831 3381 2893 3435; x_wconf 92' lang='grc' dir='ltr'><strong>οὐ</strong></span> <span class='ocrx_word' id='word_1_536' title='bbox 2929 3379 3137 3443; x_wconf 81' lang='grc' dir='ltr'>δούλου,</span> <span class='ocrx_word' id='word_1_537' title='bbox 3183 3378 3242 3431; x_wconf 89' lang='grc' dir='ltr'><strong>οὐ</strong></span> <span class='ocrx_word' id='word_1_538' title='bbox 3278 3376 3496 3431; x_wconf 83' lang='grc' dir='ltr'>κτιστοῦ</span> <span class='ocrx_word' id='word_1_539' title='bbox 3526 3374 3845 3447; x_wconf 75' lang='grc' dir='ltr'>προσώπου,</span> 
     </span>
    </p>
   </div>
   <div class='ocr_carea' id='block_1_79' title="bbox 2263 3465 3848 3540">
    <p class='ocr_par' dir='ltr' id='par_1_79' title="bbox 2263 3465 3848 3540">
     <span class='ocr_line' id='line_1_79' title="bbox 2263 3465 3848 3540; baseline -0.006 -11"><span class='ocrx_word' id='word_1_540' title='bbox 2263 3475 2389 3529; x_wconf 86' lang='grc' dir='ltr'>ἀλλ’</span> <span class='ocrx_word' id='word_1_541' title='bbox 2438 3474 2605 3528; x_wconf 88' lang='grc' dir='ltr'>αὐτοῦ</span> <span class='ocrx_word' id='word_1_542' title='bbox 2658 3473 2753 3527; x_wconf 89' lang='grc' dir='ltr'><strong>τοῦ</strong></span> <span class='ocrx_word' id='word_1_543' title='bbox 2801 3470 2940 3526; x_wconf 83' lang='grc' dir='ltr'>Θεοῦ</span> <span class='ocrx_word' id='word_1_544' title='bbox 2982 3471 3176 3540; x_wconf 89' lang='grc' dir='ltr'>Λόγου,</span> <span class='ocrx_word' id='word_1_545' title='bbox 3215 3468 3310 3523; x_wconf 89' lang='grc' dir='ltr'><strong>τοῦ</strong></span> <span class='ocrx_word' id='word_1_546' title='bbox 3343 3466 3721 3539; x_wconf 77' lang='grc' dir='ltr'>Δημιουργοῦ,</span> <span class='ocrx_word' id='word_1_547' title='bbox 3756 3465 3848 3521; x_wconf 71' lang='grc' dir='ltr'><strong>τοῦ</strong></span> 
     </span>
    </p>
   </div>
   <div class='ocr_carea' id='block_1_80' title="bbox 2261 3561 3850 3638">
    <p class='ocr_par' dir='ltr' id='par_1_80' title="bbox 2261 3561 3850 3638">
     <span class='ocr_line' id='line_1_80' title="bbox 2261 3561 3850 3638; baseline -0.005 -17"><span class='ocrx_word' id='word_1_548' title='bbox 2261 3566 2552 3638; x_wconf 84' lang='grc' dir='ltr'>όμοουσίου</span> <span class='ocrx_word' id='word_1_549' title='bbox 2584 3564 2664 3637; x_wconf 77' lang='grc' dir='ltr'>τῷ</span> <span class='ocrx_word' id='word_1_550' title='bbox 2697 3564 2848 3636; x_wconf 82' lang='grc' dir='ltr'>Θεῷ,</span> <span class='ocrx_word' id='word_1_551' title='bbox 2896 3564 2991 3618; x_wconf 75' lang='grc' dir='ltr'>καὶ</span> <span class='ocrx_word' id='word_1_552' title='bbox 3027 3564 3125 3634; x_wconf 86' lang='grc' dir='ltr'>οὐχ</span> <span class='ocrx_word' id='word_1_553' title='bbox 3156 3563 3439 3634; x_wconf 83' lang='grc' dir='ltr'>ὁμοουσξου</span> <span class='ocrx_word' id='word_1_554' title='bbox 3474 3563 3542 3633; x_wconf 76' lang='grc' dir='ltr'>τῇ</span> <span class='ocrx_word' id='word_1_555' title='bbox 3570 3561 3850 3633; x_wconf 69' lang='grc' dir='ltr'>ἀσωμάτῳ</span> 
     </span>
    </p>
   </div>
   <div class='ocr_carea' id='block_1_81' title="bbox 2262 3652 3849 3732">
    <p class='ocr_par' dir='ltr' id='par_1_81' title="bbox 2262 3652 3849 3732">
     <span class='ocr_line' id='line_1_81' title="bbox 2262 3652 3849 3732; baseline -0.005 -17"><span class='ocrx_word' id='word_1_556' title='bbox 2262 3660 2422 3732; x_wconf 80' lang='grc' dir='ltr'>οὐσίᾳ</span> <span class='ocrx_word' id='word_1_557' title='bbox 2451 3659 2547 3714; x_wconf 88' lang='grc' dir='ltr'><strong>τοῦ</strong></span> <span class='ocrx_word' id='word_1_558' title='bbox 2576 3659 2821 3732; x_wconf 75' lang='grc' dir='ltr'>ἀρρήτου</span> <span class='ocrx_word' id='word_1_559' title='bbox 2848 3658 3082 3728; x_wconf 87' lang='grc' dir='ltr'>Πατρός.</span> <span class='ocrx_word' id='word_1_560' title='bbox 3120 3655 3261 3719; x_wconf 82' lang='grc' dir='ltr'>Τοὺς</span> <span class='ocrx_word' id='word_1_561' title='bbox 3284 3653 3342 3707; x_wconf 81' lang='grc' dir='ltr'>δὲ</span> <span class='ocrx_word' id='word_1_562' title='bbox 3370 3654 3469 3726; x_wconf 82' lang='grc' dir='ltr'>τὴν</span> <span class='ocrx_word' id='word_1_563' title='bbox 3494 3652 3685 3723; x_wconf 75' lang='grc' dir='ltr'>ἄκρως</span> <span class='ocrx_word' id='word_1_564' title='bbox 3712 3654 3849 3722; x_wconf 69' lang='grc' dir='ltr'>ἡνω-</span> 
     </span>
    </p>
   </div>
   <div class='ocr_carea' id='block_1_82' title="bbox 2268 3745 3849 3824">
    <p class='ocr_par' dir='ltr' id='par_1_82' title="bbox 2268 3745 3849 3824">
     <span class='ocr_line' id='line_1_82' title="bbox 2268 3745 3849 3824; baseline -0.006 -17"><span class='ocrx_word' id='word_1_565' title='bbox 2268 3755 2436 3824; x_wconf 82' lang='grc' dir='ltr'>μένην</span> <span class='ocrx_word' id='word_1_566' title='bbox 2470 3753 2651 3823; x_wconf 81' lang='grc' dir='ltr'>σάρκα</span> <span class='ocrx_word' id='word_1_567' title='bbox 2681 3750 2759 3821; x_wconf 85' lang='grc' dir='ltr'>τῷ</span> <span class='ocrx_word' id='word_1_568' title='bbox 2787 3750 2947 3819; x_wconf 87' lang='grc' dir='ltr'>Λόγῳ</span> <span class='ocrx_word' id='word_1_569' title='bbox 2968 3790 2986 3817; x_wconf 89' lang='grc'><strong>,</strong></span> <span class='ocrx_word' id='word_1_570' title='bbox 3034 3748 3130 3803; x_wconf 75' lang='grc' dir='ltr'>καὶ</span> <span class='ocrx_word' id='word_1_571' title='bbox 3179 3748 3450 3820; x_wconf 78' lang='grc' dir='ltr'>μηδέποτε</span> <span class='ocrx_word' id='word_1_572' title='bbox 3479 3745 3653 3800; x_wconf 89' lang='grc' dir='ltr'>αὐτοῦ</span> <span class='ocrx_word' id='word_1_573' title='bbox 3682 3762 3849 3816; x_wconf 74' lang='grc' dir='ltr'>χωριο</span> 
     </span>
    </p>
   </div>
   <div class='ocr_carea' id='block_1_83' title="bbox 2259 3835 3849 3915">
    <p class='ocr_par' dir='ltr' id='par_1_83' title="bbox 2259 3835 3849 3915">
     <span class='ocr_line' id='line_1_83' title="bbox 2259 3835 3849 3915; baseline -0.008 -17"><span class='ocrx_word' id='word_1_574' title='bbox 2259 3844 2497 3915; x_wconf 77' lang='grc' dir='ltr'>ζομένην</span> <span class='ocrx_word' id='word_1_575' title='bbox 2522 3884 2538 3910; x_wconf 90' lang='grc'><strong>,</strong></span> <span class='ocrx_word' id='word_1_576' title='bbox 2573 3842 2831 3912; x_wconf 82' lang='grc' dir='ltr'>λέγοντας</span> <span class='ocrx_word' id='word_1_577' title='bbox 2860 3840 2894 3912; x_wconf 82' lang='grc' dir='ltr'><strong>ἢ</strong></span> <span class='ocrx_word' id='word_1_578' title='bbox 2917 3840 3272 3904; x_wconf 83' lang='grc' dir='ltr'>διδάσκοντας</span> <span class='ocrx_word' id='word_1_579' title='bbox 3301 3838 3587 3909; x_wconf 85' lang='grc' dir='ltr'>όμοούσιον</span> <span class='ocrx_word' id='word_1_580' title='bbox 3609 3836 3689 3907; x_wconf 84' lang='grc' dir='ltr'><strong>τῷ</strong></span> <span class='ocrx_word' id='word_1_581' title='bbox 3709 3835 3849 3905; x_wconf 75' lang='grc' dir='ltr'><strong>Θεῷν</strong></span> 
     </span>
    </p>
   </div>
   <div class='ocr_carea' id='block_1_84' title="bbox 2264 3927 3846 4006">
    <p class='ocr_par' dir='ltr' id='par_1_84' title="bbox 2264 3927 3846 4006">
     <span class='ocr_line' id='line_1_84' title="bbox 2264 3927 3846 4006; baseline -0.007 -16"><span class='ocrx_word' id='word_1_582' title='bbox 2264 3936 2544 3990; x_wconf 82' lang='grc' dir='ltr'>τουτέστιν</span> <span class='ocrx_word' id='word_1_583' title='bbox 2567 3938 2632 4006; x_wconf 78' lang='grc' dir='ltr'>τῇ</span> <span class='ocrx_word' id='word_1_584' title='bbox 2653 3935 2931 4005; x_wconf 83' lang='grc' dir='ltr'>ἀσωμάτῳ</span> <span class='ocrx_word' id='word_1_585' title='bbox 2953 3933 3134 4006; x_wconf 64' lang='grc' dir='ltr'>οὐσία,</span> <span class='ocrx_word' id='word_1_586' title='bbox 3153 3930 3379 3995; x_wconf 82' lang='grc' dir='ltr'>τούτους</span> <span class='ocrx_word' id='word_1_587' title='bbox 3400 3930 3475 3994; x_wconf 82' lang='grc' dir='ltr'>ὡς</span> <span class='ocrx_word' id='word_1_588' title='bbox 3499 3927 3846 3999; x_wconf 68' lang='grc' dir='ltr'>διχοστασίας</span> 
     </span>
    </p>
   </div>
   <div class='ocr_carea' id='block_1_85' title="bbox 2261 4018 3852 4097">
    <p class='ocr_par' dir='ltr' id='par_1_85' title="bbox 2261 4018 3852 4097">
     <span class='ocr_line' id='line_1_85' title="bbox 2261 4018 3852 4097; baseline -0.007 -14"><span class='ocrx_word' id='word_1_589' title='bbox 2261 4030 2359 4083; x_wconf 77' lang='grc' dir='ltr'>καὶ</span> <span class='ocrx_word' id='word_1_590' title='bbox 2404 4026 2672 4081; x_wconf 80' lang='grc' dir='ltr'>σκάνδαλα</span> <span class='ocrx_word' id='word_1_591' title='bbox 2693 4068 2707 4092; x_wconf 95' lang='grc'><strong>,</strong></span> <span class='ocrx_word' id='word_1_592' title='bbox 2762 4025 2915 4097; x_wconf 84' lang='grc' dir='ltr'>παρὰ</span> <span class='ocrx_word' id='word_1_593' title='bbox 2946 4024 3044 4095; x_wconf 81' lang='grc' dir='ltr'>τὴν</span> <span class='ocrx_word' id='word_1_594' title='bbox 3067 4024 3290 4095; x_wconf 80' lang='grc' dir='ltr'>διδαχὴν</span> <span class='ocrx_word' id='word_1_595' title='bbox 3320 4025 3383 4093; x_wconf 67' lang='grc' dir='ltr'>ἦν</span> <span class='ocrx_word' id='word_1_596' title='bbox 3406 4022 3467 4087; x_wconf 78' lang='grc' dir='ltr'>ἐξ</span> <span class='ocrx_word' id='word_1_597' title='bbox 3503 4023 3681 4091; x_wconf 74' lang='grc' dir='ltr'>ἀρχῆς</span> <span class='ocrx_word' id='word_1_598' title='bbox 3723 4018 3852 4087; x_wconf 76' lang='grc' dir='ltr'>ἐμά-</span> 
     </span>
    </p>
   </div>
   <div class='ocr_carea' id='block_1_86' title="bbox 2264 4111 3842 4193">
    <p class='ocr_par' dir='ltr' id='par_1_86' title="bbox 2264 4111 3842 4193">
     <span class='ocr_line' id='line_1_86' title="bbox 2264 4111 3842 4193; baseline -0.007 -17"><span class='ocrx_word' id='word_1_599' title='bbox 2264 4124 2451 4193; x_wconf 75' lang='grc' dir='ltr'>θομεν,</span> <span class='ocrx_word' id='word_1_600' title='bbox 2494 4119 2782 4182; x_wconf 81' lang='grc' dir='ltr'>ποιοῦντας</span> <span class='ocrx_word' id='word_1_601' title='bbox 2802 4121 2923 4182; x_wconf 85' lang='grc' dir='ltr'>ταῖς</span> <span class='ocrx_word' id='word_1_602' title='bbox 2958 4117 3329 4187; x_wconf 82' lang='grc' dir='ltr'>Ἐκκλησίαις,</span> <span class='ocrx_word' id='word_1_603' title='bbox 3350 4115 3673 4184; x_wconf 83' lang='grc' dir='ltr'>ὲκκλίνομεν</span> <span class='ocrx_word' id='word_1_604' title='bbox 3706 4111 3842 4165; x_wconf 67' lang='grc' dir='ltr'>κατὰ</span> 
     </span>
    </p>
   </div>
   <div class='ocr_carea' id='block_1_87' title="bbox 2264 4204 3844 4286">
    <p class='ocr_par' dir='ltr' id='par_1_87' title="bbox 2264 4204 3844 4286">
     <span class='ocr_line' id='line_1_87' title="bbox 2264 4204 3844 4286; baseline -0.008 -18"><span class='ocrx_word' id='word_1_605' title='bbox 2264 4217 2366 4286; x_wconf 84' lang='grc' dir='ltr'>τὴν</span> <span class='ocrx_word' id='word_1_606' title='bbox 2397 4211 2766 4283; x_wconf 79' lang='grc' dir='ltr'>ἁποστολικῆν</span> <span class='ocrx_word' id='word_1_607' title='bbox 2795 4210 3199 4283; x_wconf 85' lang='grc' dir='ltr'>παραγγελίαν,</span> <span class='ocrx_word' id='word_1_608' title='bbox 3229 4211 3324 4262; x_wconf 76' lang='grc' dir='ltr'>καὶ</span> <span class='ocrx_word' id='word_1_609' title='bbox 3346 4208 3663 4279; x_wconf 77' lang='grc' dir='ltr'>ἀλλοτρίους</span> <span class='ocrx_word' id='word_1_610' title='bbox 3684 4204 3844 4276; x_wconf 78' lang='grc' dir='ltr'>ἡγού-</span> 
     </span>
    </p>
   </div>
   <div class='ocr_carea' id='block_1_88' title="bbox 2269 4300 3845 4380">
    <p class='ocr_par' dir='ltr' id='par_1_88' title="bbox 2269 4300 3845 4380">
     <span class='ocr_line' id='line_1_88' title="bbox 2269 4300 3845 4380; baseline -0.008 -17"><span class='ocrx_word' id='word_1_611' title='bbox 2269 4312 2428 4380; x_wconf 80' lang='grc' dir='ltr'>μεθα·</span> <span class='ocrx_word' id='word_1_612' title='bbox 2465 4308 2553 4363; x_wconf 84' lang='grc' dir='ltr'>διὰ</span> <span class='ocrx_word' id='word_1_613' title='bbox 2581 4308 2641 4362; x_wconf 85' lang='grc' dir='ltr'>τὸ</span> <span class='ocrx_word' id='word_1_614' title='bbox 2668 4306 3044 4361; x_wconf 77' lang='grc' dir='ltr'>ἐναντιοῦσθαι</span> <span class='ocrx_word' id='word_1_615' title='bbox 3076 4308 3143 4378; x_wconf 78' lang='grc' dir='ltr'><strong>τῇ</strong></span> <span class='ocrx_word' id='word_1_616' title='bbox 3171 4305 3376 4378; x_wconf 80' lang='grc' dir='ltr'>ἀρχαίᾳ</span> <span class='ocrx_word' id='word_1_617' title='bbox 3414 4303 3713 4376; x_wconf 81' lang='grc' dir='ltr'>παραδόσει</span> <span class='ocrx_word' id='word_1_618' title='bbox 3755 4300 3845 4356; x_wconf 75' lang='grc' dir='ltr'>καὶ</span> 
     </span>
    </p>
   </div>
   <div class='ocr_carea' id='block_1_89' title="bbox 2267 4402 3037 4478">
    <p class='ocr_par' dir='ltr' id='par_1_89' title="bbox 2267 4402 3037 4478">
     <span class='ocr_line' id='line_1_89' title="bbox 2267 4402 3037 4478; baseline -0.005 -18"><span class='ocrx_word' id='word_1_619' title='bbox 2267 4408 2332 4478; x_wconf 79' lang='grc' dir='ltr'><strong>τῇ</strong></span> <span class='ocrx_word' id='word_1_620' title='bbox 2360 4403 2788 4475; x_wconf 77' lang='grc' dir='ltr'>ἐκκλησιαστικῇ</span> <span class='ocrx_word' id='word_1_621' title='bbox 2824 4402 3037 4474; x_wconf 77' lang='grc' dir='ltr'>εἰρήνῃ.</span> 
     </span>
    </p>
   </div>
   <div class='ocr_carea' id='block_1_90' title="bbox 580 4885 3844 4971">
    <p class='ocr_par' dir='ltr' id='par_1_90' title="bbox 580 4885 3844 4971">
     <span class='ocr_line' id='line_1_90' title="bbox 580 4885 3844 4971; baseline 0.001 -18"><span class='ocrx_word' id='word_1_622' title='bbox 580 4889 778 4953; x_wconf 73' lang='lat' dir='ltr'><strong>Plura</strong></span> <span class='ocrx_word' id='word_1_623' title='bbox 807 4888 883 4952; x_wconf 82' lang='lat' dir='ltr'><strong>de</strong></span> <span class='ocrx_word' id='word_1_624' title='bbox 902 4887 1076 4953; x_wconf 85' lang='lat' dir='ltr'><strong>Jobii</strong></span> <span class='ocrx_word' id='word_1_625' title='bbox 1130 4887 1421 4951; x_wconf 75' lang='lat' dir='ltr'><strong>monachi</strong></span> <span class='ocrx_word' id='word_1_626' title='bbox 1469 4888 1740 4971; x_wconf 61' lang='lat' dir='ltr'><strong>Scriptis</strong></span> <span class='ocrx_word' id='word_1_627' title='bbox 1776 4885 1963 4971; x_wconf 55' lang='lat' dir='ltr'><strong>habes</strong></span> <span class='ocrx_word' id='word_1_628' title='bbox 2012 4888 2091 4971; x_wconf 85' lang='lat' dir='ltr'><strong>in_</strong></span> <span class='ocrx_word' id='word_1_629' title='bbox 2116 4886 2504 4971; x_wconf 81' lang='lat' dir='ltr'><strong>Bibliotheca</strong></span> <span class='ocrx_word' id='word_1_630' title='bbox 2532 4889 2765 4960; x_wconf 82' lang='lat' dir='ltr'><strong>Photii.</strong></span> <span class='ocrx_word' id='word_1_631' title='bbox 2817 4891 2956 4955; x_wconf 85' lang='lat' dir='ltr'><strong>cod.</strong></span> <span class='ocrx_word' id='word_1_632' title='bbox 3009 4886 3149 4965; x_wconf 73' lang='lat'><strong>222,</strong></span> <span class='ocrx_word' id='word_1_633' title='bbox 3188 4906 3373 4971; x_wconf 82' lang='lat' dir='ltr'><strong>quam</strong></span> <span class='ocrx_word' id='word_1_634' title='bbox 3408 4889 3479 4952; x_wconf 83' lang='lat' dir='ltr'><strong>in</strong></span> <span class='ocrx_word' id='word_1_635' title='bbox 3533 4897 3701 4954; x_wconf 74' lang='lat' dir='ltr'><strong>torno</strong></span> <span class='ocrx_word' id='word_1_636' title='bbox 3725 4892 3844 4956; x_wconf 84' lang='lat' dir='ltr'><strong>CIII</strong></span> 
     </span>
    </p>
   </div>
   <div class='ocr_carea' id='block_1_91' title="bbox 1675 4966 2785 5048">
    <p class='ocr_par' dir='ltr' id='par_1_91' title="bbox 1675 4966 2785 5048">
     <span class='ocr_line' id='line_1_91' title="bbox 1675 4966 2785 5048; baseline 0.006 -21"><span class='ocrx_word' id='word_1_637' title='bbox 1675 4967 1858 5048; x_wconf 76' lang='lat' dir='ltr'><strong>hujus</strong></span> <span class='ocrx_word' id='word_1_638' title='bbox 1889 4966 2259 5047; x_wconf 68' lang='lat' dir='ltr'><strong>Patrologim</strong></span> <span class='ocrx_word' id='word_1_639' title='bbox 2287 4984 2498 5029; x_wconf 79' lang='lat' dir='ltr'><strong>sumus</strong></span> <span class='ocrx_word' id='word_1_640' title='bbox 2527 4971 2785 5034; x_wconf 83' lang='lat' dir='ltr'><strong>edituri.</strong></span> 
     </span>
    </p>
   </div>
  </div>
