4032 6500
429 294 574 360 3323
820 244 825 248 ἢ
1326 242 1327 245 γ
1664 295 1726 356 s.
1763 294 1992 356 PETRI

2102 293 2404 358 lODICEN
2410 294 2439 358 Ι
3545 292 3694 363 3326

426 437 619 501 pertus
645 435 762 495 est;
788 426 1102 497 quem'cum
1129 425 1393 498 prredicta
1418 424 1685 482 orationis
1715 426 2017 482 Dominicae
2042 427 2366 498 paraphrasi
2396 428 2564 493 edita,
2598 443 2702 484 nec
2731 444 2840 484 non
2871 444 2996 485 cum
3023 428 3352 485 Posstniano
3378 428 3696 501 fragmento

429 518 743 586 conferens,
780 519 1009 590 cognovi
1052 520 1279 574 omnino
1326 529 1491 591 atque
1532 520 1825 575 evidenter
1858 536 1944 575 me
1979 520 2127 575 Petri
2160 520 2459 577 Laudiceni
2485 536 2625 592 opus
2662 521 2721 576 in
2756 523 3009 578 manibus
3037 521 3265 589 habere,
3294 524 3422 593 quia
3454 531 3694 593 uterque

432 606 524 663 ille
571 606 773 663 citattis
806 607 985 673 locus,
1016 606 1071 661 in
1105 621 1273 677 opere
1305 607 1602 665 Laodiceni
1637 609 1861 680 legitur.
1896 608 2023 663 Ilaec
2058 607 2126 663 de
2170 623 2358 679 opere.
2393 608 2514 665 Jam
2553 608 2622 663 de
2655 610 2895 665 auctoris
2934 618 3093 665 aetate
3134 610 3269 682 quid
3303 610 3483 665 dicam
3504 612 3530 664 ἲ
3586 610 3693 664 nisi

433 698 583 770 quod
613 708 728 754 tum
760 702 815 755 in
841 701 1008 755 citato
1034 700 1406 754 Maurinorum
1437 702 1581 767 loco,
1609 709 1725 755 tum
1748 701 1911 756 etiam
1938 700 1993 754 in
2021 699 2204 756 indice
2229 699 2565 767 Bibliotheca
2598 701 2709 756 PP.
2741 710 2783 755 t.
2813 702 2855 766 1,
2883 702 3081 757 Petrus
3108 703 3199 757 hic
3222 704 3461 773 septimo
3485 701 3693 756 mulo

437 786 894 856 coniecturaliter
928 786 1225 848 addicitur,
1261 795 1322 841 ut
1354 786 1553 842 Coccio
1583 788 1815 858 aliisque
1847 787 2091 857 placuit:
2123 791 2271 862 quod
2300 792 2347 846 si
2378 807 2509 846 vere
2548 790 2870 857 aﬂirmatur,
2900 791 3167 849 habemus
3189 803 3475 847 auctorem
3503 791 3695 845 hercle

435 885 678 932 veterem
713 886 769 933 et
796 880 1196 937 :estimabilem.
1235 883 1426 939 Trium
1464 890 1649 939 autem
1681 882 1830 941 Petri
1867 882 2120 940 codicum
2149 885 2273 941 Vat.
2317 886 2632 955 praecipuus
2660 885 2898 955 scriptus
2930 884 3031 938 fuit
3059 884 3112 938 in
3144 882 3403 939 Armenia
3429 881 3692 937 Theodo-

442 969 642 1040 si0poli
676 970 847 1037 (nunc
876 971 1198 1040 Erzerum);
1249 974 1607 1043 quamobrem
1652 989 1845 1028 versus
1886 988 2106 1043 quoque
2152 974 2481 1029 Armeniaca
2516 974 2703 1045 lingua
2748 974 3057 1044 litterisque
3089 973 3387 1044 conscripti
3418 972 3477 1027 in
3509 970 3697 1025 fronte

437 1055 647 1112 codicis
677 1067 826 1113 sunt.
875 1057 1067 1114 Obiter
1112 1069 1297 1114 autem
1339 1061 1447 1124 alo,
1493 1059 1633 1114 duos
1675 1060 1869 1115 Petrus
1906 1060 2412 1131 Theodosiopoleos
2450 1062 2740 1132 episcopos
2766 1062 3059 1116 memorari
3096 1061 3151 1116 in
3189 1060 3445 1131 Lequinii
3477 1058 3697 1115 Oriente

438 1140 566 1197 Chr.
600 1150 642 1197 t.
673 1142 715 1208 Ι,
744 1144 851 1199 col.
879 1144 1005 1208 457,
1040 1144 1164 1199 458.
1202 1146 1589 1201 Verumtamen
1617 1152 1807 1198 noster
1834 1144 2121 1201 Laodiceae
2150 1154 2470 1203 constanter
2491 1148 2806 1218 appellatur
2831 1148 3145 1218 episcopus.
3173 1148 3233 1203 ln
3266 1148 3416 1203 calce
3454 1145 3699 1215 denique

438 1230 679 1301 scriptor
712 1231 920 1287 codicis
954 1233 1039 1287 vel
1067 1232 1323 1287 dominus
1353 1232 1428 1287 ita
1472 1232 1542 1287 de
1581 1246 1640 1286 se
1666 1232 1913 1302 loquitur
1937 1236 2137 1305 partim
2170 1233 2446 1290 distinctis
2469 1233 2691 1302 litteris,
2723 1234 2922 1305 partim
2949 1235 3387 1307 monocondylis,
3432 1232 3701 1289 mendose

439 1336 622 1385 tamen
649 1324 980 1395 quandoque
1013 1333 1068 1379 et
1097 1325 1313 1379 soloece
1338 1323 1622 1395 ιἰωάννης
1658 1325 2031 1394 πρωτοσπαΜ

2109 1342 2153 1389 >ς
2176 1326 2255 1397 τῷ
2284 1324 2576 1396 ἀξιώματι.
2602 1324 2738 1381 Item
2763 1343 2778 1379 :
2802 1323 2863 1381 Ὀ
2891 1325 3383 1395 πρωτοσπαθάριος
3397 1324 3654 1392 Ἰωάννης
3671 1323 3701 1375 6

437 1417 571 1488 ὀχῆς
601 1416 721 1486 (sic)
747 1416 1032 1484 έπιδὶδωμι
1078 1412 1141 1467 τὸ
1182 1414 1641 1483 Τετραευγγέλιον
1690 1415 1852 1469 τοῦτο
1896 1416 2163 1487 Γερμανῷ
2194 1418 2356 1489 χάριν
2401 1418 2624 1488 μνήμης
2668 1416 2765 1471 τοῦ
2802 1419 3010 1489 πατρός
3045 1435 3148 1489 μου
3175 1416 3271 1471 τοῦ
3299 1415 3704 1488 πρωτοσπαθα-

443 1509 560 1579 ρξου
600 1506 867 1561 Ἰωάννου.
902 1506 1040 1560 Tum
1065 1505 1334 1577 prolixius
1360 1525 1374 1559 :
1422 1506 1647 1581 Ἰωάννῃ
1669 1505 1747 1577 τῷ
1770 1508 2191 1581 παναμαρτωλῷ
2224 1509 2319 1562 καὶ
2350 1509 2829 1581 πρωτοσπαθαρίῳ
2848 1511 2895 1563 οἱ
2918 1508 3393 1578 ἀναγινώσκοντες
3426 1507 3527 1562 καὶ
3556 1507 3707 1577 ὠφε-

437 1598 656 1661 λοῦντες
682 1597 791 1667 (dic
821 1597 1214 1668 ὠφεληθέντες)
1245 1599 1308 1651 ἐκ
1331 1596 1426 1650 τοῦ
1451 1599 1960 1669 τετραευαγγελίου,
1994 1600 2219 1671 εὕχεσθέ
2248 1618 2339 1671 μοι
2355 1600 2445 1654 διὰ
2470 1600 2561 1655 τὸν
2586 1600 2810 1671 Κύριονο
2841 1601 3062 1671 καὶγὰρ
3099 1599 3257 1668 κάγὼ
3282 1601 3341 1654 ὲν
3366 1601 3708 1671 ἀμετρήτοις

438 1689 737 1759 ἁμαρτίαις
766 1688 1047 1759 ὑπάρχων,
1082 1691 1173 1742 καὶ
1206 1688 1306 1741 οὐκ
1328 1688 1457 1741 ἄλλο
1484 1706 1537 1743 τι
1568 1689 1770 1757 ἀγαθὸν
1796 1691 1854 1745 ὲν
1884 1691 2020 1761 τῷδε
2047 1691 2124 1761 τῷ
2157 1690 2257 1762 βίῳ
2281 1690 2495 1761 πράξας
2525 1693 2553 1745 6
2574 1690 2943 1761 ταλαίπωρος,
2974 1691 3128 1759 ὅμως
3156 1688 3292 1743 Θεοῦ
3319 1688 3706 1753 εὐδοκοῦντος,

438 1784 635 1853 πεῖραν
664 1782 757 1836 καὶ
796 1781 961 1835 πόθον
993 1780 1100 1834 τῶν
1129 1779 1289 1833 θείων
1319 1781 1685 1853 γραμμάτων,
1711 1784 1806 1836 καὶ
1831 1784 1890 1837 ὲν
1916 1787 1982 1855 τῇ
2001 1782 2409 1837 Θεοδοσιοπόλει
2442 1783 2567 1839 τάδε
2596 1782 2666 1836 τὰ
2696 1782 2827 1851 ἅγια
2865 1780 3344 1853 διερμηνευομένῳ
3384 1779 3703 1849 Εὑαγγέλια

440 1872 702 1944 ἐντυχὼν,
736 1871 860 1927 ὅθεν
894 1872 989 1927 καὶ
1023 1871 1377 1942 ὠνησάμενος
1408 1872 1515 1925 ὑπὸ
1547 1872 1654 1926 τῶν
1687 1872 1912 1928 δικαίων
1945 1874 2093 1944 ὲμῶν
2119 1873 2400 1945 καμάτων,
2422 1873 2585 1937 εὐθὺς
2608 1873 2703 1927 καὶ
2728 1871 3085 1933 ἀνακαινίσας
3115 1867 3214 1923 καὶ
3235 1870 3543 1940 κοσμήσας,
3568 1868 3712 1939 μετά

439 1964 536 2021 καὶ
566 1963 849 2029 κοτξάκων
893 1964 1184 2036 ἀσημένων
1212 1965 1495 2035 (ornatibu
1537 1964 1880 2037 argenteis?)
1935 1968 2017 2030 εἰς

2122 1968 2417 2038 νημόσυνον
2468 1965 2652 2035 κάμοῦ
2683 1966 2778 2020 καὶ
2823 1964 2932 2018 τῶν
2966 1964 3119 2035 ἐμῶν
3152 1964 3354 2033 γονέων
3381 1980 3397 1994 ο
3422 1964 3503 2018 διὸ
3531 1980 3714 2034 παραυ

439 2056 593 2112 καλῶ
622 2058 786 2127 ὑμᾶς.
828 2049 873 2110 ὧ
917 2056 1273 2127 φιλόχριστοι,
1305 2051 1386 2120 οἷς
1409 2056 1454 2109 δ’
1486 2057 1552 2111 ἂν
1582 2059 1720 2127 μετά
1750 2058 1811 2112 τὸ
1836 2056 2155 2128 τελευτῆσαί
2186 2075 2254 2128 με
2286 2058 2440 2129 τύχοι
2468 2060 2500 2129 ή
2535 2058 2669 2126 ἁγία
2704 2054 2843 2127 αὕτη
2885 2054 3071 2120 δέλτος
3114 2057 3213 2110 οὐκ
3238 2057 3511 2127 ἀμνήμων
3543 2056 3713 2125 γενή-

441 2169 607 2224 σομαι
647 2152 741 2224 ἀφ’
763 2152 884 2227 (sic)
915 2153 1091 2223 ὑμᾶς’
1132 2154 1269 2225 ὅπερ
1315 2152 1669 2224 συγχωρήσαι
1700 2154 1729 2205 6
1778 2153 1932 2218 Θεός.
1990 2155 2243 2225 Ἰωάννης
2289 2153 2675 2226 γραμματικὸς
2726 2151 3048 2222 σπαθάριος.
3095 2150 3289 2216 Ἔθους
3331 2150 3519 2224 ,ςψιθκ
3573 2149 3715 2205 6719

442 2241 668 2315 (Christi
706 2247 887 2315 1211).
918 2247 1028 2302 Nos
1064 2247 1249 2317 itaque
1282 2247 1487 2303 edituri
1522 2247 1576 2301 in
1605 2248 1965 2317 sequentibus
1990 2248 2155 2304 tomis
2178 2248 2252 2319 (l)
2280 2248 2388 2303 hoc
2418 2248 2565 2304 Petri
2594 2262 2754 2318 opus,
2782 2260 2957 2316 pauca
2983 2259 3134 2301 nunc
3167 2243 3582 2308 deﬂorahimus,
3619 2241 3716 2295 illa

439 2338 719 2405 videlicet,
751 2354 873 2409 quae
904 2338 960 2393 in
992 2346 1232 2409 quatuor
1280 2338 1588 2409 Evangeliis
1619 2338 1687 2392 ad
1721 2339 1818 2398 SS.
1854 2339 2217 2395 Eucharistia:
2252 2338 2577 2408 mysterium
2636 2335 2960 2408 pertinent;
2994 2334 3204 2391 scilicet
3238 2342 3300 2388 ut
3327 2331 3583 2388 doctrina
3619 2344 3718 2385 ca-

440 2432 647 2488 tholica
679 2432 946 2488 adversus
971 2431 1307 2490 contrariam
1338 2432 1591 2491 haeresim
1622 2431 1988 2503 undecunque
2020 2431 2403 2489 conﬁrmetur.

482 2609 677 2667 Matth.
706 2626 829 2682 cap.
866 2636 903 2677 ι,
934 2627 986 2682 ἶ.
1013 2611 1065 2665 5.
1091 2609 1261 2682 ludas
1277 2619 1480 2682 _autem
1500 2612 1681 2680 genuit
1700 2611 1903 2667 Phares
1939 2618 1990 2667 et
2056 2621 2074 2674 Α

2142 2609 2378 2677 Ἰούδας
2398 2608 2467 2665 δὲ
2494 2607 2784 2679 ἐγέννησε
2820 2606 3147 2682 τὸν-φαρές
3186 2604 3284 2661 και
3318 2604 3427 2659 τὸν
3453 2602 3618 2672 Ζαρὰ
3649 2604 3723 2658 ἐκ

933 2680 1135 2736 Zaram
1180 2681 1242 2733 de
1272 2678 1522 2736 Thamar.

2540 2678 2543 2679 ⁷
2774 2678 2884 2747 τῆς
2926 2680 3148 2747 Θάμαρ.

3534 2731 3545 2739 ο

515 2790 662 2847 Petri
710 2790 1016 2849 Laodiceni.
1051 2792 1288 2848 Gloriari
1337 2792 1641 2849 virtutibus
1692 2805 2025 2864 proavorum

2205 2795 2432 2863 Πέτρου
2459 2793 2816 2860 Λαοδικέως.
2867 2792 2944 2847 Τὸ
2971 2794 3096 2855 ταῖς
3118 2790 3225 2845 τῶν
3268 2789 3555 2860 προγόνων
3589 2787 3726 2843 καλ-

446 2897 656 2954 ncque,
704 2899 763 2938 se
789 2898 854 2937 ex
881 2884 1117 2954 propriis
1144 2884 1419 2939 aestimare
1446 2884 1607 2939 bonis
1635 2884 1795 2955 longe
1836 2882 2028 2938 absur-

2138 2887 2464 2953 λωπίζεσθαι
2490 2888 2731 2956 ἀρεταῖς,
2760 2888 2853 2939 καὶ
2892 2885 2968 2956 μὴ
3014 2886 3134 2947 ταῖς
3168 2883 3401 2946 οἰκείαις
3463 2880 3730 2951 σεμνύνε-

448 2974 736 3033 dissimum
760 2985 866 3040 est,
886 2984 943 3029 et
964 2975 1154 3029 virtuti
1174 2991 1310 3031 sane
1326 2976 1580 3045 capitale.
1605 2975 1749 3046 Ergo
1769 2984 2025 3046 propter-

2137 2979 2281 3044 σθαι,
2339 2978 2619 3042 παντελῶς
2673 2979 2791 3031 ἐστι
2855 2974 3306 3047 μοχθηρὼτατον,
3377 2974 3471 3027 καὶ
3521 2974 3729 3045 ἀρετῆς

444 3082 512 3121 ea
560 3077 787 3120 curator
837 3065 1013 3121 nostri
1056 3081 1279 3136 generis
1327 3066 1583 3122 Christus
1629 3067 1775 3122 Deus
1814 3079 2026 3131 noster,

2140 3069 2481 3142 ἀναιρετικὸν
2503 3086 2517 3100 ’
2544 3069 2632 3123 διά
2652 3086 2736 3122 τοι
2758 3066 2918 3122 τοῦτο
2944 3069 2971 3121 6
2992 3066 3088 3121 τοῦ
3111 3065 3384 3138 ἡμετέρου
3410 3065 3606 3132 γένους
3628 3080 3732 3134 rq-

445 3173 559 3213 non
583 3158 760 3213 solum
785 3156 852 3212 ad
880 3173 1103 3228 pravam
1128 3158 1283 3212 istam
1315 3157 1698 3213 inductionem
1723 3159 2031 3228 exstirpan-

2138 3161 2317 3233 δεμὼν
2373 3162 2608 3234 Χριστὸς
2636 3163 2664 3215 6
2690 3160 2823 3224 Θεὸς
2851 3159 3038 3232 ἡμῶν,
3075 3158 3136 3212 οὐ
3184 3158 3345 3228 μόνον
3392 3156 3642 3219 ἐντολαῖς
3666 3173 3730 3208 τε

447 3249 572 3316 dam
597 3251 720 3305 luce
748 3250 926 3321 palam
950 3249 1240 3320 praeceptis
1260 3258 1318 3305 et
1353 3250 1841 3305 adhortationibus
1874 3251 2033 3306 incu-

2141 3258 2233 3309 καὶ
2287 3254 2648 3326 παραινέσεσι
2698 3250 2797 3323 τὴν
2855 3250 3117 3321 τοιαύτην
3166 3249 3405 3321 ἀναιρῶν
3472 3248 3733 3317 φαίνεται

446 3341 590 3407 buit,
617 3356 807 3397 verum
835 3341 1001 3397 etiam
1023 3357 1089 3396 ex
1112 3341 1180 3396 iis
1202 3342 1425 3412 proavis
1454 3342 1607 3397 nasci
1641 3343 1907 3398 sustinuit
1936 3342 2031 3413 qui

2143 3347 2430 3417 ὑπόληψιν,
2470 3346 2605 3401 ἀλλὰ
2629 3346 2724 3400 καὶ
2756 3346 2821 3399 ἐκ
2852 3342 3113 3399 τοιούτων
3166 3341 3449 3413 προγόνων
3472 3338 3735 3405 γενέσθαι

449 3434 555 3492 sibi
569 3435 881 3508 gloritefnon
894 3441 1103 3499 essent,
1125 3433 1332 3490 docens
1349 3450 1450 3490 nos
1468 3436 1561 3505 qui
1581 3435 1635 3490 in
1655 3436 1833 3505 ipsum
1850 3435 2033 3490 credi-

2144 3440 2492 3505 κατεδέξατο,
2527 3439 2633 3509 ἀφ’
2654 3433 2729 3493 ὧν
2768 3438 2868 3491 οὐκ
2902 3435 3019 3489 ἔστι
3043 3433 3370 3500 δοξάζεσθαι
3391 3448 3405 3462 θ
3458 3431 3736 3485 διδάσκων

449 3527 655 3591 dimus,
710 3525 980 3596 majorum
1010 3526 1248 3580 virtutes
1292 3534 1389 3579 aut
1412 3524 1545 3579 vitia
1569 3525 1707 3580 nihil
1737 3524 2033 3579 admodum

2145 3534 2288 3603 ἡμᾶς
2306 3534 2432 3596 τοὺς
2450 3532 2531 3596 είς
2548 3532 2708 3586 αὐτὸν
2730 3526 3169 3591 πεπιστευκότας
3194 3526 3295 3590 τάς
3316 3527 3423 3579 τῶν
3444 3524 3737 3595 προγόνων

451 3625 641 3676 nostra
693 3616 905 3672 referre
965 3625 1308 3688 reputantes,
1353 3633 1543 3672 curam
1599 3617 1773 3673 nostri
1819 3634 2033 3688 gerere,

2142 3625 2344 3696 ἀρετάς
2372 3642 2429 3678 τε
2455 3624 2551 3677 καλ⁸
2580 3622 2779 3686 κακίας
2807 3623 2888 3684 εἰς
2912 3619 3067 3674 οὐδὲν
3092 3616 3500 3687 λογιζομένους,
3523 3616 3617 3666 ὲπι
3628 3630 3730 3684 με-

450 3710 723 3780 nobisque
763 3708 1073 3774 attendere,
1123 3710 1180 3763 in
1219 3709 1509 3780 oliicioque
1548 3710 1798 3775 versari:
1831 3709 2037 3779 quibus

2141 3716 2353 3770 λεῖσθαι
2404 3714 2636 3780 ἑαυτῶν,
2682 3714 2777 3768 καὶ
2810 3712 3072 3783 πράττειν
3113 3710 3181 3763 τὰ
3212 3710 3434 3762 δέονταο
3467 3707 3564 3777 ἀφ’
3586 3700 3667 3760 ὧν
3699 3709 3733 3776 ὴ

454 3816 525 3862 ex
559 3800 727 3856 rebus
786 3811 1104 3857 nostrarum
1136 3800 1299 3856 nobis
1330 3800 1605 3855 constabit
1653 3801 1801 3855 salus
1828 3800 2038 3855 anima~

1961 3815 2038 3855 |a~
2144 3807 2251 3863 τῶν
2280 3806 2470 3878 ψυχῶν
2503 3805 2662 3877 ήμῶν
2703 3803 2950 3876 σωτηρία
2974 3803 3104 3873 ἡμῖν
3120 3801 3553 3872 προσγενήσεται

456 3909 604 3951 rum.

494 4005 631 4079 Cap.
668 4007 897 4079 xxx,H.
941 4006 1046 4079 Qui
1081 4007 1224 4061 dixit
1263 4006 1413 4079 illis:
1444 4004 1567 4079 Non
1590 4022 1765 4059 omnes
1798 4006 2010 4076 capiunt
2080 3986 2086 4040 Ῑ

2162 4010 2226 4065 '0
2262 4008 2331 4063 δὲ
2395 4004 2527 4079 εἷπε
2583 4004 2789 4079 αὐτθῖς
2821 4019 2835 4033 ⁸
2885 4002 2987 4079 0ρᾲ
3013 3999 3291 4079 ΔεἶτείῖτιεχςΔ
3314 3996 3575 4067 χωροῦσι
3627 3996 3742 4050 τὸν

700 4066 912 4133 verbum
946 4066 1106 4143 illud,
1146 4080 1235 4131 sed
1270 4077 1455 4147 quibus
1489 4078 1671 4130 datum
1699 4085 1797 4130 est.
1860 4066 1871 4076 ’

1860 4066 1871 4076 ’
2435 4077 2622 4146 λόγον
2643 4066 2881 4139 τοῦτον,
2911 4066 3162 4136 ἀλλὀἷς
3193 4066 3442 4123 δίδοται.

525 4193 675 4256 Petri
695 4192 997 4251 Laodiceni.
1023 4192 1150 4248 litec
1179 4191 1430 4246 doctrina
1460 4206 1585 4246 cum
1614 4190 1682 4244 ab
1709 4190 1869 4245 initio
1899 4205 2038 4260 pro-

2219 4191 2444 4260 Πέτρου
2475 4186 2831 4253 Λαοδικέως.
2863 4187 2995 4239 Ὅτε
3024 4183 3086 4248 ἐξ
3117 4181 3293 4254 ἀρχῆς
3339 4179 3533 4251 ἐλέχθη
3565 4182 3593 4233 6
3640 4178 3736 4232 16-

454 4287 635 4359 posita
671 4295 778 4349 est,
805 4301 918 4341 non
946 4285 1172 4355 penitus
1210 4299 1331 4339 eam
1374 4282 1921 4352 comprehenderunt
1958 4282 2044 4336 di-

2146 4301 2261 4353 γος,
2304 4282 2409 4336 οὐκ
2436 4282 2666 4351 ἐνόησαν
2693 4277 2858 4332 αὑτὸν
2886 4276 2937 4330 οι
2970 4274 3235 4347 μαθηταί.
3256 4272 3393 4327 Νυνὶ
3419 4271 3477 4325 δὲ
3505 4273 3738 4349 νοήσαν-

456 4378 685 4448 scipuli.
728 4378 891 4432 Nunc
945 4385 1130 4431 autem
1164 4391 1223 4429 re
1254 4374 1521 4428 attentius
1552 4382 1862 4443 perSpecta,
1900 4390 2038 4428 con-

2154 4390 2231 4436 ιες
2287 4371 2677 4443 άκριὸέστερον
2731 4365 3109 4437 θορυϐοῦνται.
3159 4364 3222 4416 Εἰ
3258 4363 3387 4434 ⁸γὲιρ
3442 4363 3531 4415 διὰ
3578 4361 3746 4415 τοῦτο

456 4470 780 4525 turbantur.
813 4468 870 4523 Si
907 4469 1080 4533 enim,
1113 4466 1339 4521 aiebant
1370 4465 1473 4536 ipsi
1501 4480 1715 4531 secum,
1743 4472 2036 4537 propterea

2145 4464 2334 4535 φησὶν,
2363 4462 2649 4535 ἡνώθησαν
2680 4459 2932 4529 ἀλλήλοις
2958 4456 3034 4520 ὡς
3082 4456 3149 4509 ἂν
3181 4449 3317 4509 ὦσιν
3350 4455 3409 4508 ἒν
3430 4470 3443 4484 ·
3486 4454 3582 4507 καὶ
3623 4471 3736 4524 μη-

456 4560 743 4632 conjuncti
793 4568 923 4614 sunt
964 4558 1049 4612 vir
1101 4566 1157 4613 et
1192 4558 1393 4613 mulier
1443 4568 1505 4613 ut
1557 4572 1727 4611 unum
1748 4557 1868 4627 'jam
1902 4557 2035 4619 sint,

2149 4556 2339 4609 δέποτε
2398 4549 2813 4606 διασπασθῶσιν
2874 4547 2969 4601 ἀπ’
2999 4546 3265 4618 ἀλλήλων.
3298 4546 3419 4599 Κᾶν
3484 4545 3741 4615 μοχθηρά

456 4671 637 4727 neque
668 4670 928 4729 umquam
965 4652 1034 4707 ab
1080 4651 1317 4706 invicem
1350 4650 1705 4715 divellantur,
1738 4661 2039 4720 quantum-

2149 4651 2182 4720 ἡ
2217 4648 2352 4716 γυνὴ
2402 4648 2496 4700 καὶ
2549 4642 2822 4714 θηριώδης
2869 4641 3115 4711 ὑπάρχῃ,
3143 4640 3205 4693 οὺ
3240 4638 3507 4711 συμφέρει
3549 4636 3741 4706 γαμῆη

457 4746 546 4801 vis
596 4745 879 4801 cervicosa
907 4752 966 4799 et
997 4750 1294 4798 contumax
1337 4742 1539 4797 mulier
1562 4742 1654 4805 sit,
1674 4757 1785 4795 non
1816 4740 2043 4811 expedit

2153 4758 2261 4793 σαι.
2303 4738 2522 4792 Βέλτιον
2577 4737 2686 4807 γὰρ
2720 4733 2795 4805 μὴ
2832 4734 3032 4802 γαμεῖν
3072 4731 3230 4795 ὅλως,
3268 4731 3364 4784 καὶ
3399 4730 3527 4793 τοὺς
3577 4746 3745 4797 φυσι-

457 4836 694 4893 nubere.
733 4835 1055 4892 Consultius
1086 4833 1236 4888 enim
1265 4841 1351 4890 est
1380 4832 1661 4889 abstinere
1690 4831 1902 4905 nuptiis
1926 4848 2045 4887 om-

2152 4831 2280 4894 κοὺς
2314 4828 2659 4901 πειρασμοὺς
2699 4823 3016 4893 ὑπομένειν,
3051 4821 3085 4891 ἢ
3126 4820 3352 4889 γυναικὶ
3387 4818 3735 4889 ωναφθῆναι

457 4930 615 4999 nino,
665 4937 722 4983 et
759 4926 1175 4982 etfervescentis
1232 4933 1446 4980 natura:
1516 4933 1699 4980 motus
1755 4935 2039 4995 utcunque
2153 4924 2387 4995 πονηρᾷ.

458 5020 775 5091 opprimere
805 5018 1079 5085 caelibem,
1128 5032 1293 5089 quam
1348 5015 1569 5071 mulieri
1656 5016 1935 5087 pervicaci
2005 5022 2107 5070 aut
2140 5015 2281 5070 male
2347 5019 2594 5079 moratae,
2650 5009 2879 5065 vinculo
2928 5012 3096 5061 tanta:
3148 5001 3581 5060 necessitudinis
3647 5016 3737 5060 as.

457 5112 621 5183 tringi
632 5153 646 5167 .

528 5225 661 5295 Cap.
676 5241 787 5289 XXI,
814 5224 906 5281 26.
932 5223 1268 5281 Cwnantibus
1289 5232 1464 5277 autem
1480 5224 1577 5277 eis.
1594 5252 1662 5263 —
1682 5222 2040 5277 lumnpnsu-

2228 5212 2588 5270 Ἐσθιόντων
2624 5208 2693 5263 δὲ
2722 5205 2942 5262 αὐτῶν.
2968 5234 3040 5247 --
3094 5200 3411 5273 Ἐρμηνεία.
3465 5197 3620 5253 Μετὰ
3653 5206 3748 5295 Δτδ

458 5332 568 5377 τιο.
585 5289 881 5388 Ιλοειίιιιιιῐιι
900 5318 1217 5375 recessisset
1231 5316 1419 5380 Judas,
1444 5315 1669 5371 tradidit
1687 5314 1939 5371 undecim
1954 5330 2043 5369 sa-

2154 5308 2387 5378 ὲξελθείν
2433 5305 2526 5360 τὸν
2579 5302 2805 5364 Ἰούδαν,
2859 5294 3447 5369 παρέδωκενδΚύριος
3497 5293 3613 5388 τοῖς
3653 5289 3745 5345 ιν-

460 5420 807 5486 cramentum
855 5410 1155 5473 Dominus,
1207 5410 1317 5480 jam
1372 5409 1536 5463 modo
1587 5423 1868 5477 passurus.
1912 5406 2049 5473 Qui-

2157 5404 2288 5459 δεκα
2337 5400 2399 5455 τὸ
2459 5398 2788 5470 μυστήριον,
2822 5393 2920 5464 ιὼς
2976 5390 3186 5460 μέλλων
3252 5386 3439 5440 λοιπὸν
3496 5382 3695 5437 παθεῖν
3727 5399 3745 5415 ο

464 5504 592 5561 dam
622 5482 809 5559 autem
860 5504 1055 5559 dicunt
1102 5474 1258 5561 Iuda:
1299 5501 1469 5558 etiam
1518 5474 1672 5555 illum
1722 5498 2051 5570 Rupertiisse

2166 5495 2309 5557 τινὲς
2355 5491 2412 5547 δέ
2461 5506 2661 5561 φασιν,
2706 5488 2789 5541 ὅτι
2839 5485 2934 5539 καὶ
2977 5481 3056 5553 τῷ
3101 5480 3275 5551 Ἰούδᾳ
3316 5477 3590 5570 μετέδωκε
3635 5474 3750 5570 τῶν

468 5603 843 5663 sacramenta,
894 5608 1076 5664 neque
1122 5593 1205 5649 sic
1241 5607 1370 5649 eum
1414 5600 1656 5647 mutasse
1702 5588 2057 5645 sententiam.

2175 5582 2514 5658 μυστηρίων,
2576 5579 2669 5635 καὶ
2720 5578 2841 5633 οὐδὲ
2890 5574 3065 5639 οὕτως
3117 5571 3466 5645 μετεϐλήθη·
3512 5566 3605 5623 διὰ
3653 5566 3752 5623 οὖν

555 5773 631 5846 (λι)
665 5772 817 5832 Dicm
854 5786 1172 5843 supremum
1219 5769 1357 5827 obiit
1388 5767 1741 5827 doctissimus
1776 5765 2073 5824 cardinalis
2112 5763 2436 5838 priusquam
2463 5756 2756 5817 consilium
2791 5755 2899 5811 hoc
2928 5751 3156 5823 exsequi
3186 5746 3458 5821 potuerit.
