4032 6492
258 318 400 385 Μ

1214 309 1821 376 COMMENTARIUS
1861 305 1944 369 IN
1980 308 2057 369 1V
2092 304 2549 369 EVANGELIA.

3390 291 3533 359 3326

258 433 354 491 τοῦ
378 430 566 487 λαϐεῐν
579 430 674 486 τὸν
695 428 881 503 ἄρτον,
900 430 996 484 καὶ
1016 429 1433 501 εὐχαριστῆσαι,
1456 426 1696 482 διδάσκει
1717 423 1844 487 τοὺς
1871 479 1875 486 η

1978 425 2240 495 recipiens
2272 440 2437 495 porro
2471 436 2667 495 panem
2699 428 2757 476 et
2787 416 2991 491 gratias
3019 428 3209 488 agens,
3235 409 3537 482 discipulos

262 527 516 602 μαθητὰς
569 525 913 597 εὐχαριστεῖν
962 519 1045 587 οἷς
1094 523 1409 594 ἐδωρήσατο
1440 520 1528 576 διὰ
1559 518 1653 572 τοῦ
1713 517 1844 571 ίδίου

260 621 489 685 πάθους,
508 617 578 674 δι’
600 612 662 673 οὐ
690 617 871 672 καὶτὰ
894 614 1144 688 σύμϐολα
1162 615 1393 681 γίνεται,
1420 613 1670 683 σώματος
1691 610 1849 680 ἐχόν-

259 731 371 768 των
395 712 616 783 μνήμην
650 709 745 763 καὶ
782 708 1017 780 αἵματος
1048 723 1063 738 ·
1101 705 1181 760 διδ
1206 704 1380 760 ταῦτα
1407 702 1734 775 παραδιδοὺς
1758 700 1850 754 ἐπὶ

261 798 327 853 τὸ
350 797 523 860 πάθος
552 796 768 864 ἐγένετο
792 811 808 828 ο
836 796 931 849 καὶ
972 792 1082 867 γὰρ
1118 793 1213 848 τοῦ
1241 793 1408 864 άρτου
1437 791 1683 863 μετέχων
1704 831 1719 857 ,
1753 787 1848 843 τοῦ

266 891 521 965 σώματος
566 889 663 945 τοῦ
694 889 900 961 Κυρίου
937 886 1345 960 μεταλαμϐάνει
1382 902 1397 919 ο
1429 886 1491 939 οὐ
1523 884 1632 956 γάρ
1678 899 1851 955 προσ-

264 983 466 1056 έχομεν
494 984 560 1055 τῇ
596 980 758 1051 φύσει
804 980 912 1035 τῶν
962 979 1237 1048 αἰσθητῶν
1288 975 1690 1048 προκειμένων,
1734 971 1851 1028 ἀλλ’

264 1075 547 1145 ἀνάγομεν
586 1072 685 1146 τήν
727 1071 905 1143 ψυχὴν
951 1071 1041 1127 διὰ
1071 1070 1311 1133 πίστεως
1342 1068 1436 1122 ἐπὶ
1462 1067 1526 1121 τὸ
1550 1066 1646 1121 τοῦ
1675 1065 1853 1133 Λόγου

267 1168 463 1241 σῶμα·
504 1168 567 1222 οὐ
603 1161 888 1237 γάρίεῖπε,
924 1163 1095 1218 Τοῦτό
1121 1164 1238 1217 ἐστι
1273 1161 1335 1216 τὸ
1380 1159 1671 1231 σύμϐολον,
1696 1156 1853 1223 ἀλλά,

271 1261 459 1319 Τοῦτο
497 1260 618 1331 μού
666 1258 800 1325 ἐστι
845 1257 912 1311 τὸ
962 1254 1136 1325 σῶμα
1163 1253 1450 1317 δεικτικῶς
1473 1292 1489 1317 ,
1538 1252 1626 1306 ἵνα
1665 1251 1741 1322 μὴ
1769 1266 1857 1303 νο-

272 1353 410 1427 μίσῃ
427 1351 709 1416 τιςτύπον
730 1346 873 1404 εἶναι
892 1347 962 1403 τὰ
987 1346 1311 1418 φαινόμενα·
1332 1344 1503 1399 εἰπὼν
1527 1344 1606 1409 δὲ,
1635 1342 1857 1399 Λάϐετε

268 1445 513 1517 φάγετε,
561 1444 661 1516 τὴν
695 1441 874 1497 αἰτίαν
902 1439 1146 1496 διδάσκει
1174 1437 1271 1493 τοῦ
1307 1437 1548 1503 πάθους,
1576 1437 1659 1491 δτι
1695 1436 1860 1490 ἕνεκα

270 1537 367 1592 τοῦ
401 1536 560 1591 λῦσαι
584 1534 684 1606 τήν
713 1533 985 1605 ἁμαρτίαν
1014 1529 1111 1586 τοῦ
1156 1531 1366 1603 κόσμου
1418 1527 1639 1583 ἔπαθεν.
1662 1526 1858 1583 -Καὶ

270 1628 476 1686 λαϐὼν
490 1628 801 1697 ποτήριον.
820 1624 1221 1698 -ι”Ερμηνεία.
1254 1621 1526 1685 Ὡσαύτως
1556 1620 1654 1676 καὶ
1682 1620 1743 1674 τὸ
1762 1636 1859 1675 πο-

272 1728 463 1796 τήριον
500 1721 705 1788 λαϐὼν,
737 1720 831 1775 τοῦ
863 1719 1072 1783 πάθους
1105 1717 1271 1771 αὐτοῦ
1302 1716 1737 1787 ὐπομιμνήσκειο
1764 1714 1859 1769 καὶ

274 1779 521 1872 διδάσκει
549 1779 714 1869 πάλιν
748 1779 1113 1883 εὐχαριστων,
1144 1808 1227 1864 δτι
1261 1809 1379 1881 μετ’
1410 1779 1762 1878 εὐχαριστίας
1779 1806 1861 1861 δεῖ
1891 1779 1933 1834 Β

275 1908 453 1962 ποιεῖν
480 1906 541 1960 τὺ
572 1906 871 1976 μυστήριον
900 1920 918 1937 ο
949 1904 1007 1957 ὲν
1030 1901 1088 1956 δὲ
1112 1901 1193 1971 τῷ
1219 1899 1398 1971 καιρῷ
1420 1898 1515 1952 τοῦ
1544 1898 1734 1967 Πάσχα
1762 1913 1861 1968 με-

275 1996 529 2053 ταδίδωσι
554 1997 623 2051 τά
652 1994 910 2067 μυστικά,
936 1993 1025 2048 ῐνα
1053 1991 1202 2063 δείξῃ
1226 1991 1309 2045 ὅτι
1339 1989 1509 2054 τύπος
1542 1984 1612 2060 ἦν
1652 1989 1860 2054 ἐκεῖνα,

275 2088 440 2145 τοῦτο
461 2089 519 2144 δὲ
549 2086 801 2159 ἀλήθεια*
824 2085 905 2141 διὸ
937 2083 1032 2139 καὶ
1053 2083 1294 2153 ἑσπέρας
1320 2082 1558 2151 ἐγένετο,
1584 2080 1673 2136 ἐπ’
1695 2080 1864 2151 ἐσχά-

280 2198 374 2237 του
408 2180 519 2237 τῶν
572 2178 779 2251 καιρῶν
803 2217 817 2242 ,
851 2177 981 2231 ὅταν
1013 2174 1123 2229 ἔδει
1150 2174 1219 2229 τὰ
1251 2173 1460 2244 νόμιμα
1494 2171 1813 2250 παύσασθαι
1844 2187 1861 2205 ο

278 2273 363 2329 διὸ
392 2272 486 2328 καί
516 2246 683 2343 φησι,
711 2269 892 2326 Τοῦτο
916 2268 1158 2332 ποιεῖτε,
1192 2266 1269 2332 ὡς
1295 2265 1505 2320 ἐκείνου
1549 2246 1709 2336 ἡμᾶς
1755 2264 1864 2319 ἀπ-

281 2368 458 2435 άγων³
501 2363 761 2437 μνησθεὶς
790 2362 849 2417 δὲ
895 2360 1160 2433 διαθήκης
1191 2359 1286 2414 καὶ
1314 2358 1567 2429 αἵματος,
1596 2357 1869 2412 δείκνυσιν

281 2457 368 2510 ὅτι
407 2454 593 2527 μέλλει
621 2452 901 2523 τελευτᾷν·
931 2451 1026 2505 καὶ
1056 2449 1167 2521 γὰρ
1203 2448 1303 2519 τὴν
1326 2446 1593 2518 διαθήκην
1616 2446 1716 2517 τὴν
1740 2463 1869 2501 και-

283 2548 382 2618 νὴν
403 2546 465 2601 τὸ
490 2541 631 2618 αΥμα
661 2543 829 2599 αὐτοῦ
866 2542 1154 2613 συνίστησι
1186 2557 1202 2572 ο
1229 2540 1307 2604 ὡς
1338 2540 1436 2595 καὶ
1477 2538 1577 2609 τὴν
1606 2540 1866 2605 παλαιὰν,

284 2640 348 2695 τὸ
372 2633 518 2711 αἷμα
549 2636 658 2693 τῶν
689 2634 981 2709 προϐάτων
1005 2650 1023 2669 ·
1056 2634 1152 2688 καὶ
1185 2632 1295 2704 γὰρ
1317 2633 1549 2687 κάκεῖνα
1579 2631 1669 2686 διὰ
1698 2631 1872 2686 ταῦτα

288 2730 509 2801 ἐγένετο
531 2746 544 2760 ⁸
579 2729 922 2801 γευσάμενος
947 2728 1005 2782 δὲ
1028 2726 1125 2781 τοῦ
1152 2726 1417 2798 ποτηρίου
1442 2765 1459 2792 ,
1500 2725 1872 2779 ἀποτάσσεται

286 2823 367 2895 τῷ
398 2821 698 2894 σωματικῷ
725 2822 931 2891 πόματι
951 2836 964 2850 ⁸
988 2819 1173 2875 καινὸν
1193 2819 1250 2874 δέ
1281 2835 1407 2873 τινα
1444 2818 1651 2890 τρόπον
1672 2817 1874 2888 εὐφρο-

289 2913 459 2985 σύνης
514 2898 909 2983 ἐπαγγέλλεται
956 2914 1066 2977 τοῖς
1118 2912 1409 2983 μαθηταῖς,
1466 2911 1535 2981 ἢν
1585 2909 1726 2982 μετά
1773 2909 1875 2982 τὴν

1947 517 2108 572 docet
2136 517 2341 588 gratias
2385 532 2545 587 agere
2576 522 2803 585 propter
2846 527 2911 566 ea
2943 524 3066 580 qua:
3096 523 3195 579 per
3226 504 3536 576 passionem

1948 626 2104 667 suam
2133 611 2378 675 donavit,
2403 618 2628 680 pr0pter
2657 621 2820 677 quam
2848 611 2904 659 et
2925 601 3171 675 symbola
3210 612 3536 669 proponun-

1950 712 2043 759 tur
2067 701 2317 773 corporis
2342 709 2397 756 et
2432 698 2716 769 sanguinis
2748 698 2870 766 ejus
2889 691 3213 749 memoriam
3241 685 3536 754 habentia;

1953 795 2187 865 ideoque
2234 794 2324 849 illa
2364 790 2652 861 discipulis
2698 788 2922 843 tradens
2972 783 3209 857 passioni
3259 780 3540 853 proximus

1951 892 2093 941 erat.
2140 884 2243 952 Qui
2286 884 2433 939 enim
2474 882 2602 952 pani
2633 880 3025 944 communicat,
3076 893 3278 949 corpus
3321 872 3541 931 Domini

1952 977 2275 1049 participat;
2309 992 2417 1031 non
2450 975 2597 1030 enim
2645 990 2829 1028 rerum
2865 971 3211 1028 sensibilium
3246 985 3369 1040 quae
3409 981 3540 1037 pro-

1954 1077 2238 1143 ponuntur
2262 1076 2516 1124 naturam
2545 1065 2905 1130 attendimus,
2936 1065 3034 1119 sed
3064 1063 3133 1118 ad
3165 1064 3347 1133 ipsum
3375 1058 3542 1115 Verbi

1955 1178 2179 1233 corpus,
2210 1177 2311 1232 per
2344 1160 2537 1225 (idem,
2577 1158 2820 1213 animam
2865 1156 3194 1221 attollimus;
3239 1169 3351 1208 non
3392 1151 3543 1207 enim

1956 1256 2116 1322 dixit,
2162 1253 2278 1309 Hoc
2310 1262 2394 1309 est
2415 1252 2754 1325 symbolum,
2790 1249 2911 1316 sed,
2948 1264 3148 1319 panem
3181 1244 3542 1317 indigitando.

1957 1348 2068 1405 Hoc
2092 1354 2169 1403 est
2200 1362 2409 1417 corpus,
2438 1361 2510 1401 ne
2543 1344 2683 1400 forte
2710 1342 2835 1414 quis
2864 1340 3093 1412 ﬁguram
3142 1353 3264 1395 esse
3308 1344 3545 1399 tantum,

1958 1460 2082 1516 qua:
2110 1443 2233 1499 visu
2256 1440 2743 1512 percipiebantur,
2808 1441 3142 1492 autumaret.
3184 1431 3426 1488 Dicendo
3444 1443 3547 1483 au-

1962 1544 2094 1601 tem,
2122 1534 2389 1605 Accipite,
2412 1532 2751 1595 manducata,
2774 1543 2994 1585 causam
3022 1523 3295 1597 passionis
3318 1521 3546 1583 indicat,

1960 1645 2021 1685 se
2046 1627 2304 1685 videlicet
2341 1625 2468 1681 ideo
2508 1638 2730 1695 passum
2757 1635 2877 1677 esse
2903 1628 2965 1675 ut
2993 1618 3232 1674 solveret
3261 1621 3549 1685 peccatum

1961 1722 2177 1779 mundi.
2217 1751 2286 1763 -—
2320 1719 2391 1775 Et
2434 1717 2653 1773 calicem
2716 1710 3550 1786 accipiens.——lnnnrnsr.trlo.

1964 1814 2231 1872 Similiter
2258 1819 2315 1868 et
2337 1810 2564 1867 calicem
2596 1808 2875 1878 accipiens
2902 1800 3176 1876 passionis
3208 1814 3321 1855 suae
3356 1796 3553 1853 memi-

1963 1906 2066 1971 nit,
2096 1917 2397 1973 rursusque
2432 1907 2643 1963 monet,
2669 1913 2797 1953 cum
2826 1894 3124 1967 gratiarum
3157 1888 3373 1944 actione
3398 1900 3555 1955 pera-

1963 1996 2203 2070 gendum
2222 2009 2344 2050 esse
2361 1997 2762 2048 sacramentum
2773 2029 2786 2042 .
2798 1987 2859 2041 ln
2874 1994 3119 2053 tempore
3135 1989 3317 2034 autem
3334 1974 3555 2031 Pascha:

1965 2064 2252 2156 discipulis
2278 2079 2527 2152 impertit
2543 2083 2907 2140 sacramenta,
2932 2080 2992 2127 ut
3013 2067 3304 2140 signiﬁcet,
3328 2064 3554 2133 antiqua

1967 2178 2218 2234 umbram
2254 2174 2426 2230 fuisse
2453 2180 2691 2234 tantum,
2716 2168 2825 2224 hoc
2851 2173 3033 2221 autem
3067 2176 3190 2218 esse
3218 2158 3509 2214 veritatem
3539 2170 3579 2231 τ’

1967 2269 2326 2343 quamobrem
2352 2274 2408 2321 et
2439 2277 2694 2335 vespere,
2726 2261 2780 2318 id
2824 2266 2909 2315 est
2952 2257 3009 2312 in
3048 2251 3314 2313 extremis
3342 2259 3556 2318 tempo-

1967 2341 2145 2427 ribus,
2190 2360 2530 2417 celebratum
2575 2365 2694 2420 est,
2744 2368 2869 2410 cum
2907 2352 3015 2423 jam
3063 2350 3347 2418 oporteret
3390 2341 3556 2397 ﬁnem

1968 2452 2222 2522 accipere
2245 2455 2587 2506 sacramenta
2610 2446 2777 2518 legis;
2803 2442 3041 2512 ideoque
3063 2437 3217 2502 dicit,
3244 2435 3353 2490 Hoc
3375 2433 3557 2504 facite,

1969 2561 2073 2603 nos
2100 2544 2362 2600 videlicet
2402 2558 2433 2597 a
2475 2541 2595 2612 lege
2624 2551 2911 2594 revocans.
2938 2533 3352 2588 Testamentum
3374 2533 3559 2581 autem

1970 2646 2029 2696 et
2072 2636 2799 2707 sanguinemzmemorans,
2834 2642 2895 2684 se
2944 2640 3072 2680 mox
3097 2621 3424 2679 moriturum
3472 2617 3561 2672 in-

1973 2731 2133 2786 nuit:
2166 2742 2371 2783 novum
2414 2726 2563 2781 enim
2613 2729 3003 2779 testamentum
3045 2714 3368 2787 sanguinem
3398 2724 3561 2765 suum

1974 2837 2096 2880 esse
2127 2820 2391 2883 declarat,
2426 2824 2588 2873 vetus
2627 2829 2782 2879 vero,
2829 2810 3153 2883 sanguinem
3190 2805 3561 2866 victimarum,

1976 2914 2247 2987 siquidem
2289 2913 2379 2968 illa
2409 2908 2678 2967 sacriﬁcia
2714 2914 2938 2977 propter
2966 2902 3095 2959 novi
3130 2897 3442 2958 testamenti
3474 2912 3565 2951 sa-

291 3006 589 3061 άνάστασιν
639 3005 835 3071 ἔδειξε,
869 3003 1063 3075 φαγὼν
1117 3006 1213 3060 καὶ
1274 3004 1439 3070 πιὼν,
1496 3006 1681 3059 οὐκέτι
1733 3005 1875 3059 κατὰ

1978 2985 2187 3063 criﬁcia
2218 3003 2471 3059 instituta
2502 3008 2649 3055 sunt.
2682 2996 2913 3052 Gustato
2958 2999 3145 3048 autem
3193 2989 3365 3045 calice
3412 2985 3565 3040 vale—

287 3099 512 3171 χρείαν,
565 3097 704 3153 aut
733 3096 1099 3167 πιστούμενος
1125 3098 1228 3168 τὴν
1262 3097 1441 3168 ἀληθῆ
1492 3097 1588 3151 τοῦ
1623 3096 1875 3168 σώματος

1980 3098 2118 3155 dicit
2155 3093 2404 3151 terrestri
2433 3091 2624 3161 potui;
2671 3101 2987 3156 novumque
3037 3079 3317 3154 quoddam
3362 3076 3568 3133 la'titite

290 3166 453 3261 ιρύσιν
477 3207 492 3222 ·
522 3189 801 3261 βασιλείαν
829 3166 947 3261 γὰρ
965 3189 1101 3243 Θεοῦ
1125 3166 1221 3244 νύν
1248 3166 1677 3260 τὴνήάνάστασιν
1710 3166 1875 3257 λέγει

1979 3201 2153 3260 genus
2178 3182 2467 3253 discipulis
2491 3179 2807 3250 pollicetur,
2841 3189 3028 3245 quam,
3056 3180 3180 3243 post
3204 3166 3569 3224 resurrectio-

290 3258 456 3335 αὐτοῦ
483 3293 497 3339 '_
522 3258 736 3334 καινὸν
760 3278 818 3331 δέ
851 3258 993 3351 φησι
1024 3278 1114 3332 διὰ
1144 3279 1205 3333 τὸ
1234 3258 1599 3351 καινοπρεπές
1634 3297 1648 3311 ⁸
1684 3278 1875 3353 ἐπειδὴ

1981 3258 2108 3335 nem
2129 3320 2145 3345 ,
2176 3272 2577 3336 manifestavit,
2620 3267 2918 3326 comedens
2957 3274 3014 3319 et
3055 3263 3284 3326 bibens,
3319 3274 3429 3315 non
3455 3258 3567 3329 jam

1982 3378 2210 3443 propter
2251 3363 2674 3425 necessitatem,
2720 3372 2913 3414 verum
2950 3363 3011 3411 ut
3050 3352 3339 3408 veritatem
3385 3348 3570 3404 carnis

1984 3440 2097 3520 sua:
2143 3466 2419 3517 assereret
2463 3456 2713 3528 (regnum
2759 3450 2907 3506 enim
2958 3446 3056 3503 Dei
3102 3440 3568 3500 resurrectionem

1985 3563 2181 3620 vocat;
2221 3566 2414 3607 novum
2446 3556 2632 3603 autem
2662 3552 2823 3599 vocat
2852 3541 3077 3597 calicem
3120 3542 3343 3608 propter
3374 3546 3571 3601 super-

1988 3644 2296 3701 natnralem
2327 3642 2446 3711 ejus
2476 3636 2823 3708 dignitatem,
2862 3628 3069 3700 quippe
3111 3640 3237 3682 cum
3283 3624 3573 3691 incorrup-

1990 3738 2145 3795 tibile
2172 3737 2285 3808 jam
2314 3710 2607 3789 habiturus
2636 3727 2709 3782 sit
2734 3722 2956 3779 venturi
2985 3718 3170 3775 saeculi
3202 3710 3572 3789 mysterium),

290 3370 573 3444 ἄφθαρτον
605 3370 744 3442 ἔχων
771 3371 960 3425 λοιπὸν
987 3370 1082 3425 τού
1116 3370 1401 3443 μέλλοντος
1431 3372 1628 3435 αἰῶνος
1667 3372 1876 3443 μυστή-

294 3481 409 3537 ριον
433 3482 449 3497 ·
475 3460 543 3537 ἧς
564 3466 613 3518 οἱ
642 3465 789 3534 άγιοι
816 3462 1119 3532 τεύξονται,
1141 3459 1210 3537 ἦς
1237 3465 1502 3533 λέγεικαὶ
1532 3465 1726 3518 ἑαυτὸν
1759 3482 1873 3518 κοι-

292 3559 483 3616 νωνεῖν
544 3574 561 3591 ο
622 3557 811 3630 ἐπειδὴ
862 3557 965 3627 τὴν
1018 3558 1296 3629 ἡμετέραν
1348 3557 1625 3628 σωτηρίαν
1670 3557 1877 3629 τροφὴν

291 3652 500 3708 οἰκείαν
517 3650 794 3723 λογίζεται
810 3668 824 3681 ·
852 3650 992 3722 μετά
1021 3650 1116 3705 οὖν
1137 3651 1235 3723 τὴν
1264 3651 1535 3724 μυστικήν
1559 3651 1876 3723 παράδοσιν,

291 3764 350 3803 κ.
379 3763 430 3800 τ.
462 3745 514 3799 λ.

293 3853 403 3910 qua
428 3838 603 3893 sancti
628 3837 902 3904 fruentur,
925 3837 1191 3908 cujusque
1213 3852 1272 3894 se
1293 3837 1474 3907 ipsum
1541 3835 1774 3891 amr-mat
1830 3848 1953 3891 esse
1987 3806 2313 3903 participem
2364 3844 2378 3880 :
2424 3822 2631 3879 etenim
2690 3833 2852 3875 suum
2917 3828 3041 3870 esse
3093 3811 3280 3867 cibum
3338 3806 3575 3863 salutem

296 3942 541 3993 nostram
590 3935 853 3990 declarat.
900 3935 1091 4005 Igitur,
1132 3944 1423 4005 postquam
1459 3933 1646 3990 divina
1693 3939 2033 3989 sacramenta
2081 3923 2365 3995 discipulis
2408 3917 2655 3983 tradidit,
2685 3923 2793 3971 etc.

367 4026 477 4084 Kal
531 4025 859 4081 ἐσθιόντων
910 4023 1219 4079 αὐτῶν.-
1253 4022 1573 4101 Ἐρμηνεία.
1628 4023 1727 4076 Διά
1763 4020 1886 4076 τού-

298 4137 408 4176 των
465 4120 783 4192 παρέδωκεν
853 4118 965 4180 τοῖς
1045 4115 1312 4188 μαθηταῖς
1337 4156 1352 4179 ,
1403 4115 1553 4178 ὅπως
1618 4112 1886 4167 ἐπιτελεῖν

300 4213 501 4275 αὐτοὺς
551 4210 829 4281 προσῆκεν
870 4206 973 4277 τῆς
1023 4206 1219 4277 καινῆς
1264 4205 1532 4277 διαθήκης
1566 4205 1627 4258 τὸ
1678 4204 1887 4277 μυστή-

306 4323 421 4378 ριον
449 4322 463 4334 ·
510 4303 600 4358 διά
644 4301 754 4373 γὰρ
794 4299 951 4354 τοῦτο
993 4298 1298 4370 ἐὐλόγησεν
1341 4300 1439 4354 καὶ
1485 4293 1679 4363 εἶπεν,
1714 4297 1889 4360 διδοὺς

301 4398 488 4459 αὐτοῖς
531 4393 857 4467 μεταλαϐεῖν
903 4393 940 4448 ἆ
983 4394 1259 4462 προσῆκον
1286 4387 1388 4463 ἦν,
1434 4392 1522 4445 ἵνα
1562 4392 1763 4444 ἐκεῖνοι
1796 4389 1886 4443 διὰ

307 4492 410 4564 μὲν
453 4491 552 4561 τῆς
602 4487 850 4556 εὐλογίας
904 4486 1000 4540 καὶ
1067 4483 1421 4556 εὐχαριστίας
1474 4483 1750 4553 μάθωσιν,
1812 4482 1889 4544 ὡς

263 4621 276 4632 -
311 4583 525 4654 μεγάλα
544 4580 761 4651 άληθῶς
794 4580 889 4633 καὶ
916 4578 1098 4648 πάσης
1140 4575 1494 4647 εὐχαριστίας
1536 4575 1662 4640 ἄξια
1705 4574 1773 4626 τὰ
1804 4573 1893 4627 διὰ

304 4675 402 4730 τοῦ
430 4672 671 4746 Χριστοῦ
698 4672 908 4736 πάθους
932 4667 1359 4740 οἱκονομηθέντα
1392 4684 1408 4701 ο
1438 4660 1513 4722 ὧν
1538 4667 1595 4720 δὲ
1626 4664 1895 4735 σύμϐολον

308 4766 485 4821 ταῦτα
549 4763 920 4819 ἐπιτελεῖσθαι
985 4762 1306 4831 παρέδωκεν
1332 4760 1536 4823 αὐτοῖς.
1587 4756 1687 4810 Διά
1715 4756 1771 4809 δὲ
1804 4754 1893 4809 τοῦ

309 4859 508 4924 εἰπεῖν,
541 4856 724 4911 Τοῦτό
750 4856 926 4911 ἐστιν
954 4854 1021 4907 τὸ
1052 4851 1227 4921 σῶμά
1253 4868 1395 4920 μου,
1449 4849 1563 4917 καὶ,
1599 4849 1782 4903 Τοῦτο
1828 4846 1896 4900 τὸ

308 4945 457 5021 αἷμά
488 4967 628 5019 μου,
663 4948 743 5002 ὅτι
774 4947 867 5001 τὸν
901 4947 999 5017 μὲν
1029 4946 1196 5017 ἄρτον
1230 4943 1585 5014 προτιθέντας
1625 4940 1763 5011 μετά
1796 4937 1897 5011 τὴν

312 5040 691 5112 εὐχαριστίαν,
722 5042 1005 5111 προσῆκεν
1028 5037 1229 5100 αὐτοὺς
1257 5033 1509 5106 σώματος
1536 5032 1778 5103 νομίζειν
1808 5048 1898 5102 με·

311 5133 707 5206 ταλαμϐάνειν,
767 5134 829 5187 τὸ
860 5133 919 5185 δὲ
960 5132 1220 5202 ποτήριον
1264 5129 1323 5181 ὲν
1356 5126 1509 5193 τάξει
1538 5125 1633 5180 τοῦ
1667 5125 1897 5196 αἵματος

312 5228 607 5298 instabat;
654 5226 782 5297 περὶ
826 5224 864 5279 ἃ
910 5226 971 5278 τὸ
1026 5222 1198 5288 πάθος
1254 5221 1471 5291 ἐγένετο
1497 5219 1591 5273 ἐπὶ
1620 5221 1776 5290 κοινῇ
1827 5220 1895 5289 τῇ

314 5319 535 5377 τάντων
580 5318 826 5391 σωτηρίᾳ
868 5337 927 5372 τε
965 5319 1057 5372 καὶ⁹
1095 5318 1285 5387 ἀφέσει
1337 5313 1444 5368 τῶν
1490 5312 1898 5385 ἡμαρτημένων

316 5412 505 5473 αὐτοῖς
534 5426 549 5441 ·
587 5411 620 5480 ή
654 5410 763 5479 γὰρ
796 5410 891 5461 ἐπὶ
942 5408 1156 5471 τούτοις
1199 5404 1458 5475 γινομένη
1510 5403 1720 5466 πίστις,
1758 5399 1894 5471 ὁμοῦ

308 5514 379 5551 ,τε
409 5495 518 5549 τῶν
544 5495 940 5566 πληρωθέντων
960 5495 1253 5565 ὁμολογίαν
1281 5495 1415 5565 ἔχει,
1440 5492 1535 5546 καὶ
1562 5491 1663 5563 τὴν
1701 5508 1897 5561 μετου-

322 5588 445 5643 σίαν
470 5588 570 5658 τῆς
600 5589 852 5658 ἀφέσεως
885 5589 1177 5659 χαρίζεται
1223 5589 1338 5650 τοῖς
1387 5584 1734 5639 πιστεύουσιν
1757 5602 1769 5615 ·
1813 5584 1895 5637 δι-

320 5681 510 5735 δάσκει
539 5697 597 5733 τε
628 5681 702 5750 μὴ
744 5681 881 5751 πρὸς
912 5681 1011 5752 τὴν
1050 5679 1212 5750 φύσιν
1254 5680 1466 5750 ἀφορᾷν
1513 5676 1623 5729 τῶν
1671 5693 1894 5746 προκει-

329 5773 528 5844 μένων,
563 5772 702 5831 tua
727 5771 813 5827 διὰ
859 5773 955 5845 τῆς
986 5772 1276 5845 γενομένης
1320 5772 1406 5825 ἐπ’
1446 5769 1631 5834 αὐτοῖς
1680 5769 1897 5843 εὐχαρι-

2056 4016 2225 4072 Marc.
2272 4028 2384 4078 xw,
2418 4009 2509 4064 22.
2548 4007 2619 4063 Et
2652 4003 3096 4060 manducantibus
3138 3998 3271 4054 illis.
3292 3997 3576 4052 -—lnran-

1988 4122 2263 4165 PRETATIO.
2286 4106 2391 4159 Per
2415 4103 2532 4157 hzcc
2549 4099 2719 4155 verba
2742 4096 2933 4155 docuit
2954 4093 3275 4165 discipulos,
3300 4087 3578 4161 quomodo

1991 4202 2217 4258 deceret
2270 4196 2399 4252 novi
2451 4190 2768 4249 testamenti
2829 4196 3233 4244 sacramentum
3292 4195 3576 4253 peragere.

1991 4298 2121 4354 Ideo
2166 4295 2316 4351 enim
2358 4290 2680 4352 benedixit,
2734 4286 3015 4355 verbaque
3058 4291 3404 4354 opportuna,
3445 4278 3579 4334 dum

1994 4395 2401 4445 sacramentum
2450 4382 2556 4437 illis
2607 4379 2876 4441 traderet,
2920 4373 3317 4446 pronuntiavit,
3365 4379 3428 4425 ut
3477 4368 3579 4435 illi,

1996 4499 2027 4537 a
2063 4478 2450 4537 benedictione
2484 4484 2539 4530 et
2585 4473 2887 4545 gratiarum
2917 4467 3154 4532 actione,
3188 4464 3580 4534 intelligerent,

1996 4588 2128 4627 vere
2174 4584 2369 4639 magna
2410 4581 2534 4621 esse
2565 4579 2686 4633 qua:
2724 4578 2823 4632 per
2864 4558 3067 4616 Christi
3112 4556 3421 4627 passionem
3465 4552 3582 4607 dis-

1996 4672 2223 4735 pensata
2255 4669 2407 4724 sunt,
2438 4670 2785 4727 quorumque
2813 4652 3143 4725 symbolum,
3181 4650 3298 4703 haec
3322 4644 3582 4718 mysteria

1997 4754 2131 4825 ipsis
2145 4748 2474 4807 celebranda
2493 4745 2951 4801 tradiditrDicens
2967 4750 3151 4798 autem
3167 4741 3297 4796 :Hoc
3310 4748 3383 4794 est
3395 4754 3583 4809 corpus

1997 4860 2194 4905 meum,
2235 4850 2312 4907 et,
2346 4838 2444 4894 Hic
2485 4844 2561 4890 est
2594 4836 2814 4907 sanguis
2862 4850 3025 4897 meus,
3069 4831 3311 4886 declarat
3341 4827 3586 4897 discipu-

1997 4938 2080 4991 los
2110 4934 2334 4997 debere,
2384 4939 2675 5002 postquam
2725 4943 2920 5000 panem
2965 4923 3306 4997 propositum
3352 4919 3587 4976 benedi-

1998 5025 2200 5089 xerint,
2232 5024 2397 5095 hujus
2425 5020 2583 5094 panis
2608 5019 3054 5075 communionem
3077 5031 3177 5088 pro
3195 5012 3586 5070 communione

1997 5117 2249 5187 corporis
2268 5116 2352 5172 sui
2380 5114 2650 5184 accipere,
2679 5112 2919 5180 itemque
2944 5109 3171 5165 calicem
3196 5123 3298 5177 pro
3319 5103 3586 5175 sanguine

1998 5211 2175 5285 ipsius
2192 5209 2419 5273 habere,
2442 5207 2498 5261 in
2519 5205 2744 5277 quibus,
2770 5219 2938 5260 carne
2962 5201 3221 5257 videlicet
3243 5197 3587 5268 etisanguine

1998 5320 2123 5369 suo,
2147 5301 2422 5374 passionis
2484 5297 2809 5370 mysterium
2866 5293 3306 5356 consummavit,
3359 5298 3587 5360 propter

1998 5410 2346 5455 communem
2374 5392 2662 5448 hominum
2691 5391 2923 5445 salutem
2951 5395 3008 5443 et
3057 5384 3435 5441 remissionem
3461 5398 3587 5453 peo~

2002 5500 2251 5547 calorum
2284 5506 2297 5542 :
2336 5488 2474 5543 ﬁdes
2500 5486 2649 5541 enim
2696 5484 2814 5539 haec
2857 5480 3186 5550 suscipiens,
3234 5478 3588 5549 impletorum

2004 5582 2395 5655 mysteriorum
2457 5576 2861 5635 confessionem
2928 5573 3130 5637 habet,
3188 5571 3588 5640 credentesque

2006 5682 2357 5747 peccatorum
2402 5668 2744 5726 remissionis
2775 5667 3086 5738 participat.
3120 5666 3292 5721 Docet
3320 5672 3585 5735 praetcrea

2009 5785 2116 5827 non
2148 5766 2557 5847 propositorum
2598 5771 2850 5819 nat-uram
2884 5758 3191 5827 attendere,
3234 5757 3329 5816 sed
3357 5754 3586 5813 credere
