4006 6490
537 307 682 376 3327

1777 326 1836 385 S.
1879 321 2107 387 PETRI
2148 328 2558 392 LAODICENI

3684 330 3827 396 3328

544 422 707 492 quod,
753 437 854 496 per
894 426 1195 499 gratiarum
1228 430 1500 486 actionem
1550 446 1715 504 super
1758 435 1870 492 illis
1902 438 2123 506 factam,

2232 444 2384 508 στίας
2416 446 2589 501 ταῦτα
2617 448 2800 503 ἐκεῖνα
2832 445 2973 506 εἶναι
3004 450 3321 505 πιστεύεινυ
3358 450 3389 505 ὁ
3421 449 3533 522 γὰρ
3554 448 3825 516 (matri

544 528 742 585 corpus
797 525 856 572 et
909 522 1131 591 sanguis
1171 521 1379 578 Christi
1420 522 1561 578 facta
1604 535 1777 581 sunt:
1831 529 2128 586 Vivilicans

544 605 691 661 enim
732 607 831 663 Dei
857 609 1097 666 Verbum
1121 652 1136 679 ,
1164 614 1408 684 seipsum
1441 616 1692 685 prepriae
1726 620 1880 673 carni
1919 621 2120 677 aniens

544 698 707 753 modo
738 716 903 771 quem
935 703 1051 773 ipse
1079 705 1252 771 novit,
1284 706 1455 777 ipsam
1481 707 1853 765 viviﬁcantem
1884 728 2005 767 esse
2036 713 2133 768 de-

545 785 793 857 claravit,
824 793 1013 862 Pam’s,
1045 796 1323 867 inquiens,
1354 816 1509 870 quem
1538 816 1631 871 ego
1674 801 1828 867 dabo,
1853 820 1976 857 caro
2013 821 2131 859 mea

545 890 814 952 estquam
865 901 957 956 ego
1012 886 1146 941 dabo
1192 903 1287 955 pro
1330 891 1515 944 mundi
1559 893 1666 946 vita
1697 895 1749 959 ¹;
1784 903 1841 948 et
1887 895 2129 950 iterum:

545 970 662 1026 Nisi
690 975 1135 1032 manducaveritis
1178 996 1393 1034 carnem
1422 981 1545 1036 Filii
1572 985 1798 1038 hominis
1828 995 1875 1039 et
1902 987 2132 1042 biberitis

548 1062 663 1131 ejus
686 1066 1019 1135 sanguinem,
1048 1085 1153 1123 non
1182 1071 1436 1125 habebitis
1480 1074 1642 1127 vitam
1664 1084 1917 1130 wternam
1947 1080 1987 1131 ’.
2019 1078 2133 1134 Hoc

549 1152 718 1225 igitur
770 1155 1038 1214 facientes
1094 1161 1262 1216 vitam
1320 1164 1377 1217 in
1438 1165 1600 1220 nobis
1662 1168 1949 1224 habemus.
1986 1171 2134 1228 Dixit

548 1246 698 1300 enim
728 1262 745 1300 :
782 1245 886 1311 Qui
919 1252 1204 1305 manducat
1238 1269 1409 1308 meam
1456 1272 1692 1322 carnem,
1720 1268 1771 1312 et
1797 1260 1920 1314 bibit
1962 1279 2133 1317 meum

547 1338 883 1406 sanguinem,
913 1340 970 1394 in
1002 1357 1083 1394 me
1116 1351 1294 1397 manet
1350 1353 1399 1397 et
1428 1360 1520 1415 ego
1552 1347 1607 1400 in
1636 1346 1729 1400 illo
1763 1349 1803 1403 ³.
1835 1350 2134 1419 Oportebat

548 1428 695 1482 enim
722 1428 874 1483 illum
907 1431 1128 1501 quidem
1163 1433 1220 1487 in
1255 1435 1416 1491 nobis
1448 1451 1546 1506 per
1586 1446 1836 1494 sanctqu
1862 1440 2134 1511 Spiritum

550 1518 715 1573 modo
737 1518 1021 1578 divinitate
1038 1522 1202 1595 digno
1226 1524 1495 1591 habitare,
1514 1529 1841 1598 corporibus
1858 1547 1987 1586 vero
2002 1549 2132 1588 uos-

550 1608 654 1666 tris
676 1624 776 1680 per
799 1622 1041 1668 sanctam
1081 1616 1254 1685 ipsius
1283 1632 1502 1673 carnem
1520 1628 1575 1674 et
1591 1621 1893 1690 pretiosum
1911 1625 2135 1696 sangui-

548 1715 677 1756 nem
699 1704 1078 1761 commisceri:
1105 1708 1252 1777 quod
1282 1717 1339 1763 et
1366 1724 1689 1767 concessum
1719 1713 2006 1780 habemus,
2037 1734 2136 1786 per

548 1790 991 1850 benedictionem
1008 1797 1301 1865 viviﬁcam,
1321 1803 1423 1856 sub
1451 1803 1634 1873 specie
1663 1804 1819 1874 panis
1839 1816 1894 1861 et
1912 1808 2047 1872 vini,
2065 1825 2134 1864 nc

546 1881 691 1939 forte
715 1884 1038 1943 hebesceret
1058 1890 1234 1959 pietas
1271 1901 1481 1958 nostra,
1510 1894 1643 1948 dum
1670 1910 1892 1951 carnem
1921 1906 1977 1952 et
1999 1914 2132 1954 san-

548 1974 769 2044 guinem
792 1981 1073 2049 proposita
1104 1982 1355 2040 videmus
1377 1986 1429 2040 in
1452 1988 1809 2042 ecclesiarum
1845 1990 2130 2048 altaribus.

544 2065 1008 2128 Condescendens
1026 2075 1196 2141 enim,
1222 2087 1283 2132 ut
1307 2079 1476 2132 Deum
1507 2080 1685 2145 decet,
1716 2080 2134 2140 infirmitatibus

544 2146 934 2234 nostris,ipani
966 2166 1151 2222 oblato
1185 2169 1447 2225 virtutem
1489 2172 1617 2227 vita:
1660 2174 1932 2242 immittit,
1979 2186 2035 2231 et
2076 2177 2132 2233 in

545 2266 703 2308 suam
733 2270 953 2311 carnem
983 2267 1332 2328 transmutat,
1358 2273 1419 2319 ut
1444 2265 1497 2319 in
1525 2269 1973 2325 communionem
1995 2271 2136 2326 vivi-

545 2340 705 2398 ﬁcam
739 2345 894 2401 illum
936 2349 1260 2418 habeamus,
1293 2363 1350 2409 et
1394 2358 1550 2426 quasi
1597 2374 1821 2429 germen
1865 2364 1990 2418 vita:
2040 2363 2133 2419 ﬁat

543 2434 708 2490 nobis
755 2452 960 2509 corpus
1020 2442 1170 2505 vitaz,
1218 2443 1354 2499 Cum
1401 2455 1583 2502 autem
1637 2449 1772 2505 dicit
1818 2456 2132 2523 sanguinem

545 2544 705 2584 suum
734 2547 830 2601 pro
858 2532 1039 2587 multis
1068 2535 1308 2605 effusum,
1333 2553 1435 2606 pro
1465 2540 1722 2597 omnibus
1746 2542 1981 2598 eﬂ’usum
2008 2560 2131 2601 esse

543 2619 855 2690 signiﬁcat:
892 2622 1037 2678 Unus
1083 2629 1244 2693 enim,
1278 2629 1456 2699 inquit
1490 2632 1712 2700 Paulus,
1748 2653 1844 2705 pro
1889 2639 2128 2694 omnibus

544 2719 786 2766 mortuus
824 2724 919 2781 est,
950 2724 1008 2768 ul
1025 2719 1149 2787 jam
1184 2736 1289 2773 non
1317 2723 1416 2776 sibi
1438 2726 1639 2790 vivant,
1668 2728 1760 2780 sed
1790 2727 1873 2782 illi
1914 2732 2003 2799 qui
2032 2748 2128 2800 pro

541 2801 673 2872 ipsis
699 2815 933 2860 mortuus
978 2817 1053 2861 est
1101 2817 1151 2862 et
1184 2816 1543 2869 resurrexit‘.
1591 2818 1763 2873 Porro
1822 2823 2127 2879 notandum

543 2907 649 2965 est,
674 2902 823 2970 quod
849 2903 1037 2969 Judas,
1066 2906 1232 2961 etiam
1263 2919 1386 2978 post
1414 2914 1797 2983 mysteriorum
1831 2919 2130 2990 participa-

542 2989 772 3053 tionem.
813 2995 964 3065 juxta
1007 2997 1171 3053 Luca:
1218 3003 1617 3069 narrationem,
1662 3005 1807 3061 idem
1837 2989 2123 3079 remansit,

539 3096 725 3154 neque
752 3088 1038 3145 tremenda
1070 3090 1271 3148 fruitus
1308 3110 1494 3151 mensa
1515 3136 1529 3161 ,
1565 3108 1808 3156 mutatus
1840 3112 1925 3158 est
1954 3122 1967 3158 :
2000 3106 2125 3161 Post
2154 3113 2197 3171 c

539 3174 652 3228 lucc
677 3176 846 3243 enim,
884 3179 1065 3249 inquit
1093 3185 1449 3254 evangelista,
1478 3186 1710 3243 introivit
1744 3192 1798 3244 in
1827 3192 2125 3251 eumSata—

539 3280 640 3320 nas
662 3267 707 3332 ',
763 3267 937 3338 ipsius
964 3273 1177 3329 scilicet
1206 3290 1410 3345 corpus
1431 3278 1589 3334 nihili
1622 3280 1846 3339 faciens.
1876 3284 2128 3344 Christus

539 3366 749 3423 autem,
776 3362 1081 3430 proditoris
1122 3366 1521 3437 impudentiam
1554 3371 1812 3440 irridens,
1837 3392 1946 3431 non
1974 3379 2127 3435 cohi-

543 3446 671 3505 buit
699 3466 849 3516 eum,
885 3456 1138 3524 quamvis
1171 3459 1358 3515 omnia
1403 3463 1603 3530 sciens,
1646 3465 1743 3520 sed
1785 3469 2039 3536 probavit
2066 3487 2127 3529 se

538 3536 682 3594 nihil
710 3555 902 3597 eorum
944 3562 1066 3615 qua:
1103 3547 1171 3602 ad
1218 3552 1620 3608 correctionem
1650 3556 1768 3626 ejus
1799 3558 1981 3616 facere
2024 3577 2126 3631 po-

540 3638 745 3701 terant,
778 3635 1076 3707 negligere.
1114 3637 1427 3697 Secundum
1459 3654 1642 3701 autem
1676 3647 1903 3705 Joannis
1929 3667 2123 3708 narra-

538 3718 770 3792 tionem,
796 3725 968 3783 Iudas
1019 3739 1145 3785 ante
1195 3733 1406 3803 exierat
1452 3752 1468 3792 ε
1515 3752 1623 3791 non
1676 3741 1825 3795 enim
1859 3742 2122 3812 decebat,

535 3809 744 3872 Christi
766 3820 1058 3877 occisionis
1084 3824 1421 3893 ministrum,
1445 3829 1701 3886 salutaris
1719 3836 2125 3897 communionis

537 3908 859 3977 receptione
910 3915 1220 3969 consecrari
1266 3933 1627 3989 :quanquam
1672 3924 1821 3988 enim
1870 3925 2124 3984 Christus

536 4000 723 4055 omnia
742 4001 847 4056 alia
874 4005 1170 4073 opprobria
1200 4008 1487 4079 sustinuit,
1509 4012 1613 4068 hoc
1642 4022 1824 4072 tamen
1849 4017 1926 4074 illi
1954 4018 2122 4091 ἰηΠὶςί

534 4105 650 4147 non
680 4093 1009 4162 permissum
1041 4106 1144 4153 est.

602 4182 737 4240 Luc.
794 4202 929 4253 χχιι,
992 4188 1077 4243 19.
1133 4190 1225 4245 ΕΓ
1272 4202 1483 4265 accepto
1551 4214 1689 4268 pane
1748 4203 1955 4271 gratias
1996 4204 2118 4275 egit.

533 4274 1056 4335 —lNruuPn£ruto.
1099 4282 1207 4353 Ego
1240 4301 1358 4339 sum
1394 4289 1551 4356 panis
1583 4291 1746 4356 vivus,
1775 4294 1867 4360 qui
1905 4295 1969 4349 de
1996 4296 2123 4351 caelo

534 4365 882 4429 descendit,“
909 4373 1073 4426 vitam
1090 4383 1312 4443 prazstat
1342 4379 1560 4445 mundo,
1588 4380 1723 4437 dicit
1748 4384 1953 4440 alicubi
1990 4385 2122 4442 Sal-

2229 534 2324 587 τοῦ
2351 535 2486 589 Θεοῦ
2509 537 2682 607 Λόγος
2709 541 2918 605 ἐνώσας
2943 542 3104 597 αὑτὸν
3132 546 3199 614 τῇ
3233 542 3342 615 ἰδίᾳ
3371 542 3543 615 σαρκὶ
3561 584 3576 607 ,
3607 541 3738 595 καθ’
3766 542 3826 593 δν

2230 620 2368 680 οἶδεν
2402 628 2604 696 τρόπον
2636 630 2819 697 αὐτὸς,
2852 632 3113 695 ζωοποιὸν
3139 632 3420 703 ἀπέφηνεν
3475 634 3654 697 αὐτήν
3682 650 3696 663 ·
3718 633 3824 700 ἔφη

2231 716 2360 786 γὰρ,
2406 719 2489 772 ὅτι
2532 719 2595 774 Ὅ
2645 720 2825 790 ἄρτος
2863 722 2935 777 ὃν
2965 723 3081 793 ἐγὼ
3124 723 3335 786 δώσω,
3392 725 3432 791 ἡ
3487 723 3652 791 σάρξ
3705 724 3825 791 μού

2231 803 2425 871 ἐστιν,
2463 808 2544 877 ἢν
2580 811 2697 881 ἐγὼ
2727 812 2898 866 δώσω
2930 813 3082 883 ὑπὲρ
3107 813 3351 881 τῆςςτοῡ
3385 814 3626 882 κόσμου
3653 812 3823 880 ζωῆς-

2233 897 2329 951 καὶ
2355 899 2535 953 πάλινο
2572 903 2709 958 Ἐὰν
2736 904 2817 973 μὴ
2844 905 3075 975 φάγητε
3119 908 3238 976 τὴν
3264 906 3468 975 σάρκα
3518 907 3632 961 τοῦ
3688 906 3826 958 Tim":

2233 988 2339 1042 τοῦ
2383 991 2735 1060 ἀνθρώπου,
2771 997 2873 1051 καὶ
2926 999 3103 1067 πίητε
3140 999 3327 1053 αὑτοῦ
3366 999 3433 1052 τὸ
3480 993 3634 1066 αἷμα
3659 1038 3675 1061 ,
3717 999 3827 1052 οὐκ

2232 1078 2402 1149 ἔχετε
2454 1081 2611 1153 ζωὴν
2664 1087 2906 1143 αἰώνιον
2955 1103 2969 1119 ⁸
3008 1089 3205 1143 οὐκοῦν
3259 1089 3421 1143 τοῦτο
3480 1088 3825 1153 ποιοῦντες,

2234 1170 2379 1242 ζωὴν
2410 1173 2610 1246 ἔχομεν
2641 1181 2700 1231 εν
2726 1179 2941 1244 ἑαυτοῖς
2966 1180 3129 1235 αὐτόν
3152 1198 3167 1212 ο
3202 1180 3307 1253 ἔφη
3327 1181 3456 1252 γάρ·
3493 1181 3561 1234 '0
3588 1179 3831 1249 τρώγων

2227 1279 2349 1330 μου
2388 1263 2503 1333 τὴν
2537 1265 2758 1335 σάρκα,
2791 1269 2889 1323 καὶ
2920 1271 3114 1325 πίνων
3140 1289 3260 1341 μου
3288 1271 3356 1325 τὸ
3383 1266 3568 1340 αἷμα,
3593 1272 3675 1324 ἐν
3700 1271 3824 1339 ἐμοὶ

2228 1354 2415 1423 μένει,
2440 1357 2601 1427 κάγὼ
2629 1360 2699 1413 ἐν
2734 1360 2917 1427 αὐτῷ.
2953 1364 3103 1416 Ἔδει
3132 1365 3243 1434 γὰρ
3267 1364 3429 1417 αὐτὸν
3456 1364 3551 1416 διὰ
3589 1364 3700 1424 μὲν
3731 1363 3822 1415 τοῦ

2236 1446 2393 1514 ἁγίου
2416 1448 2736 1519 Πνεύματος
2768 1454 2825 1504 ἐν
2857 1454 2986 1523 ἡμῖν
3036 1454 3282 1523 γίνεσθαι
3326 1454 3682 1526 θεοπρεπῶς
3702 1472 3827 1507 συν·

2236 1538 2631 1608 ανακίρνασθαι
2693 1542 2747 1595 δὲ
2787 1541 2975 1615 ὥσπερ
2996 1546 3109 1608 τοῖς
3140 1546 3430 1617 ἡμετέροις
3456 1545 3723 1615 σώμασιν
3745 1545 3829 1599 διὰ

2236 1629 2335 1698 τῆς
2369 1630 2529 1698 ἁγίας
2572 1632 2739 1685 αὑτοῦ
2782 1634 2985 1703 σαρκὸς
3015 1636 3111 1688 καὶ
3146 1635 3241 1689 τοῦ
3277 1636 3457 1707 τιμίου
3492 1638 3768 1705 αἵματος·
3801 1636 3829 1689 ὃ

2238 1718 2300 1787 δὴ
2331 1720 2424 1772 καὶ
2455 1722 2769 1793 ἐσχήκαμεν
2798 1725 2878 1786 είς
2908 1725 3156 1794 εὐλογίαν
3177 1727 3439 1790 ζωοποιὺν
3469 1727 3551 1790 ὡς
3570 1728 3633 1779 ὲν
3676 1725 3828 1796 ἄρτῳ

2235 1827 2296 1864 τε
2335 1812 2429 1865 καὶ
2452 1813 2598 1883 οἴνῳ,
2637 1813 2724 1868 ἵνα
2779 1816 2852 1887 μὴ
2892 1817 3388 1889 ἀποναρκήσωμεν,
3425 1818 3614 1891 σάρκα
3645 1836 3710 1871 τε
3738 1820 3829 1871 καὶ

2236 1894 2375 1967 αἷμα
2406 1901 2743 1971 προκείμενα
2769 1904 3057 1973 βλέποντες
3075 1909 3133 1959 ἐν
3161 1908 3344 1975 ἁγίαις
3376 1909 3696 1980 τραπέζαις
3718 1909 3827 1968 τῶν

2248 1987 2617 2061 Ἐκκλησιῶψ
2685 1993 3192 2065 συγκαθιστάμενος
3242 1997 3351 2070 γὰρ
3385 1998 3463 2062 ὡς
3512 1998 3652 2062 Θεὸς
3709 2001 3828 2064 ταῖς

2232 2079 2531 2150 ἡμετέραις
2557 2082 2865 2148 ἀσθενείαις
2898 2084 3074 2155 ἐνίησι
3109 2088 3225 2150 τοῖς
3250 2087 3643 2158 προκειμένοις
3666 2088 3827 2142 δύνα-

2237 2185 2330 2239 μιν
2360 2170 2527 2242 ζωῆς,
2579 2174 2673 2226 καὶ
2708 2173 3030 2247 μεθίστησιν
3081 2177 3222 2231 αύτά
3252 2178 3390 2248 πρὸς
3418 2180 3718 2249 ἐνέργειαν
3741 2180 3826 2233 διὰ

2234 2262 2334 2331 τῆς
2362 2262 2553 2316 ἑαυτοῦ
2576 2265 2800 2335 σαρκὸς,
2830 2267 2918 2322 ἵνα
2947 2269 3028 2333 είς
3062 2269 3278 2339 μέθεξιν
3307 2269 3581 2334 ζωοποιὺν
3606 2270 3826 2343 ἔχωμεν

2232 2355 2393 2421 αὐτὰ,
2421 2355 2516 2410 καὶ
2543 2350 2653 2410 οἷον
2674 2358 2896 2429 σπέρμα
2915 2360 3201 2427 ζωοποιδν,
3220 2361 3415 2433 εὑρεθῇ
3440 2363 3503 2416 τὸ
3529 2363 3703 2434 σῶμα
3728 2367 3824 2435 τῆς

2233 2444 2398 2515 ζωῆς.
2430 2447 2568 2516 Περὶ
2612 2447 2861 2502 πολλῶν
2920 2449 2990 2503 δὲ
3043 2450 3460 2522 ἐκχυνόμενον
3512 2453 3703 2522 λέγων
3763 2454 3825 2507 τὸ

2231 2533 2392 2605 uiua,
2423 2538 2482 2591 τὸ
2506 2540 2634 2610 περὶ
2666 2540 2884 2594 πάντων
2903 2540 3085 2611 λέγει’
3114 2539 3223 2609 Εἷς
3247 2545 3377 2615 γὰρ,
3411 2544 3489 2609 ὥς
3521 2563 3666 2617 φησι
3682 2545 3823 2599 Παῦ-

2231 2628 2342 2694 λος,
2364 2631 2516 2699 ὑπὲρ
2533 2631 2775 2686 πάντων
2796 2633 3116 2701 ἀπέθανεν,
3151 2637 3252 2690 ἵνα
3275 2640 3330 2690 οι
3362 2638 3592 2705 πάντες
3604 2639 3824 2708 μηκέτι

2229 2721 2466 2790 ἑαυτοῖς
2493 2722 2689 2789 ζῶσιν,
2714 2725 2876 2779 ἀλλὰ
2901 2724 2985 2793 τῷ
3015 2727 3167 2797 ὑπὲρ
3216 2728 3418 2783 αὐτῶν
3445 2730 3822 2786 ἀποθανόντι

2230 2812 2327 2866 καὶ
2369 2813 2684 2882 ἐγερθέντι.
2728 2815 2927 2869 ’ἰστέον
2988 2816 3045 2869 δὲ
3079 2818 3164 2870 ὃτι
3206 2818 3301 2871 καὶ
3341 2819 3451 2872 τῶν
3492 2822 3820 2891 μυστηρίων

2234 2904 2524 2976 μετασχὼν
2557 2907 2585 2959 ὁ
2636 2905 2855 2973 Ἰούδας,
2883 2908 2959 2973 ὡς
2989 2911 3018 2964 δ
3052 2912 3265 2974 Λουκᾶς
3291 2929 3481 2982 φησιν,
3539 2911 3772 2982 ’ἔμεινεν
3793 2915 3819 2967 6

2229 2996 2394 3059 αὐτός
2410 3012 2423 3026 ·
2448 2996 2542 3049 καὶ
2569 2996 2670 3066 τῆς
2691 2999 3138 3072 φρικωδεστάτης
3162 3001 3482 3066 ἀπολαύσας
3507 3006 3817 3074 τραπέζης.

2230 3089 2290 3141 οὐ
2354 3088 2709 3160 μετεϐάλετοο
2781 3091 2883 3163 ἔφη
2930 3093 3074 3164 γάρ·
3105 3097 3267 3150 Μετὰ
3315 3095 3496 3150 τοῦτο
3527 3097 3818 3166 εἰσῆλθε-ν

2234 3185 2319 3249 εις
2348 3184 2535 3239 αὐτὸν
2562 3188 2595 3239 ό
2633 3184 2927 3252 Σατανᾶς,
2960 3186 3123 3239 αὑτοῦ
3161 3187 3413 3257 σώματος
3432 3191 3815 3259 καταφρονεῖν.

2247 3273 2408 3328 Ἀλλά
2462 3277 2560 3344 τῆς
2594 3277 2979 3348 ἀναισχυντίας
3030 3280 3344 3347 καταγελῶν
3400 3281 3497 3334 τοῦ
3529 3283 3815 3355 προδότου,

2230 3368 2331 3421 οὐκ
2362 3366 2633 3422 ἐκώλυσεν
2663 3370 2832 3423 αὑτὸν
2860 3372 2889 3424 ὁ
2918 3371 3174 3443 Χριστὸς,
3205 3372 3383 3426 καίτοι
3415 3374 3603 3428 πάντα
3635 3374 3811 3439 εξδὼς,

2231 3457 2447 3524 δεικνὺς
2475 3460 2556 3513 ὃτι
2587 3460 2740 3514 οὐδὲν
2781 3461 3195 3533 παραλιμπάνει
3256 3462 3367 3517 τῶν
3402 3466 3485 3529 είς
3526 3465 3814 3537 διόρθωσιν

2231 3549 2473 3621 ἡκόντων
2497 3567 2512 3582 ·
2580 3551 2658 3616 ὠς
2721 3552 2778 3607 δὲ
2820 3554 3074 3625 Ἰωάννης
3121 3557 3305 3627 φησὶν,
3357 3556 3443 3609 ὅτι
3481 3556 3814 3628 προεξῆλθεν

2244 3641 2475 3706 Ἰούδας·
2499 3642 2558 3696 ού
2587 3645 2697 3715 γὰρ
2734 3644 2799 3698 ἂν
2831 3643 3053 3711 ἐδέξατο
3083 3646 3184 3717 τῆς
3224 3646 3494 3717 σωτηρίου
3524 3650 3812 3712 κοινωνίας

2230 3733 2320 3787 τὸν
2354 3734 2521 3788 τύπον
2542 3737 2569 3789 ὁ
2598 3737 2698 3807 τῆς
2716 3737 2759 3790 Χ
2768 3740 3143 3807 ριστοκτονίας
3166 3739 3445 3810 ὑπηρέτης
3465 3756 3479 3771 ⁸
3506 3742 3558 3793 εί
3590 3741 3705 3812 γὰρ
3720 3743 3810 3795 καὶ

2231 3827 2299 3880 τὰ
2321 3826 2456 3881 ἀλλα
2481 3828 2657 3883 πάντα
2684 3830 2913 3900 ἤνεγκεν
2939 3835 2966 3887 ὁ
2992 3832 3248 3905 Χριστὸς,
3281 3832 3418 3889 ἀλλά
3438 3831 3607 3889 τοῦτο
3629 3835 3810 3889 οὐκέτι

2232 3921 2617 3994 συγκεχώρητο
2645 3923 2815 3998 αὐτῷ.

2299 4196 2436 4264 Kaif
2462 4195 2665 4253 λαϐὼν
2707 4198 2893 4267 ἄρτον
2941 4199 3412 4271 εὐχαριστήσας.
3468 4228 3543 4241 --
3604 4200 3806 4271 Ἑρμη-

2228 4291 2366 4344 νεία.
2428 4289 2576 4359 Ἐγώ
2623 4294 2740 4361 εἰμι
2784 4295 2817 4346 ό
2857 4292 3037 4361 ἄρτος
3076 4298 3110 4349 ό
3151 4292 3281 4360 ζῶν,
3336 4296 3370 4348 ὁ
3420 4293 3493 4347 ὲκ
3551 4293 3660 4347 τοῦ
3710 4297 3804 4347 οὐ-

2222 4381 2415 4451 ρανοῦ
2445 4384 2725 4451 καταϐὰς,
2760 4385 2857 4439 καί
2878 4384 3032 4454 ζωὴν
3052 4386 3255 4452 διδοὺς
3281 4380 3363 4451 τῷ
3403 4388 3646 4453 κόσμῳ,

532 4466 738 4515 vator:
774 4460 822 4514 si
852 4463 969 4532 quis
988 4466 1386 4523 manducauerit
1431 4486 1496 4524 ea:
1544 4473 1639 4526 hoc
1680 4492 1837 4544 pane,
1878 4478 2013 4532 vivet
2055 4479 2111 4534 in

2232 4492 2328 4528 που
2360 4477 2388 4529 ὁ
2436 4476 2630 4548 Σωτήρ
2653 4492 2666 4507 ο
2690 4477 2800 4531 ἐάν
2852 4495 2943 4543 τις
2996 4478 3156 4549 φάγῃ
3196 4479 3265 4532 ἐκ
3312 4480 3530 4533 τούτου
3564 4478 3671 4532 τοῦ
3704 4479 3805 4546 ἆρ-

532 4560 812 4619 αιιετιιιιηι,
834 4562 941 4609 etc.
965 4555 1357 4616 Manducantes
1379 4560 1545 4632 igitur
1579 4579 1800 4621 carnem
1824 4566 2122 4625 Salvatoris

532 4645 708 4702 nostri
754 4646 885 4703 Jesu
937 4647 1175 4715 Christi,
1230 4661 1286 4707 et
1333 4653 1590 4712 bibentes
1639 4658 1759 4730 ejus
1796 4661 2120 4732 sanguinem

531 4738 703 4794 vitam
748 4738 1019 4796 habemus
1055 4741 1109 4796 in
1146 4743 1421 4802 nobismet
1465 4746 1621 4817 ipsis,
1666 4756 1774 4805 etc.
1808 4750 1983 4807 Porro
2020 4769 2121 4810 ne-

530 4842 687 4886 cesse
717 4839 837 4886 erat
884 4848 1058 4903 genus
1091 4833 1415 4902 humanum,
1453 4839 1617 4894 morti
1653 4840 1975 4910 obnoxium,
2007 4860 2119 4900 non

531 4919 643 4975 alio
700 4921 868 4977 modo
921 4924 990 4979 ad
1054 4925 1527 4997 incorruptionem
1594 4932 1888 5000 pervenire
1941 4952 1954 4988 :
2008 4951 2119 4991 non

530 5014 681 5070 enim
756 5016 863 5073 hoc
936 5020 1201 5089 possibile
1275 5020 1508 5089 fuisset,
1592 5025 1698 5080 nisi
1775 5026 2120 5098 unigenitum

530 5105 630 5162 Dei
682 5106 958 5176 Verbum,
1008 5127 1210 5183 corpus
1257 5124 1508 5170 nostrum
1558 5131 1718 5171 suum
1770 5117 2011 5183 faciens,
2053 5137 2119 5177 ex

531 5198 767 5256 muliere
815 5202 1121 5259 secundum
1175 5220 1399 5262 carnem
1456 5217 1616 5264 natus
1676 5209 1902 5276 fuisset,
1951 5227 2120 5283 seque

533 5288 715 5360 ipsum
743 5292 906 5350 nobis
938 5294 1254 5362 insevisset,
1279 5314 1444 5353 unam
1471 5316 1708 5357 massam
1733 5317 1832 5373 per
1856 5305 2119 5361 unionem

534 5377 869 5438 indivulsam
917 5383 1162 5442 efﬁciens
1195 5404 1208 5442 :
1240 5388 1481 5444 Verbum
1520 5393 1667 5446 enim
1691 5433 1704 5457 ,
1753 5394 1848 5463 qui
1890 5396 2035 5451 Deus
2066 5405 2122 5451 et

530 5467 646 5526 vita
696 5479 820 5539 est,
864 5475 1021 5531 unita
1076 5480 1182 5535 sibi
1221 5479 1325 5551 ipsi
1373 5496 1538 5540 carne
1579 5486 1833 5551 mortali,
1870 5487 2044 5558 ipsam
2086 5505 2116 5543 a

533 5564 768 5622 mortuis
807 5569 1188 5627 resuscitatam
1219 5575 1413 5631 mortis
1440 5584 1495 5631 et
1524 5577 1898 5645 corruptionis
1923 5580 2116 5635 victri-

2225 4565 2529 4635 του,ζήσει
2552 4570 2641 4635 εἰς
2660 4569 2766 4623 τὸν
2793 4568 2998 4633 αἰῶνα,
3040 4587 3095 4624 κ.
3120 4589 3168 4623 τ.
3201 4568 3251 4624 λ.
3285 4568 3495 4624 Οὐκοῦν
3533 4569 3831 4627 ἐσθίοντες.

2226 4660 2324 4730 τὴν
2350 4660 2527 4731 σάρκα
2552 4659 2646 4714 τοῦ
2696 4662 2946 4733 Σωτῆρος
2984 4661 3144 4732 ἡμῶν
3186 4661 3361 4732 Ἰησοῦ
3388 4662 3677 4729 ⁸Χριστοῦ,
3714 4662 3801 4715 καὶ

2226 4752 2476 4815 πίνοντες
2498 4752 2661 4807 αὐτοῦ
2684 4753 2745 4806 τὸ
2761 4748 2925 4823 αἷμα,
2958 4754 3109 4826 ζωὴν
3132 4754 3330 4825 ἔχομεν
3355 4755 3415 4807 ὲν
3451 4755 3675 4817 ἑαυτοῖς
3694 4765 3801 4810 etc.

2230 4842 2379 4896 Ἔδει
2405 4843 2583 4897 τοίνυν
2598 4843 2689 4897 τὸν
2701 4843 2984 4915 ἄνθρωπον
3005 4845 3419 4917 κεκρατημένον
3447 4844 3686 4915 θανάτῳ,
3708 4847 3805 4898 οὐχ

2226 4933 2401 4998 ἄλλως
2435 4937 2571 5006 πρὸς
2610 4936 2920 5008 ἀφθαρσίαν
2945 4937 3310 5008 ἀναδραμεῖν
3335 4939 3460 4991 ἐπεὶ
3482 4939 3544 4991 οὐ
3581 4938 3804 4992 δυνατὸν

2224 5018 2313 5095 ἦν,
2354 5025 2404 5076 εί
2436 5026 2511 5095 μὴ
2554 5025 2643 5079 τὸν
2702 5027 2967 5097 μονογενῆ
3016 5028 3112 5081 τοῦ
3150 5028 3286 5081 Θεοῦ
3335 5030 3509 5097 Λόγον
3546 5028 3806 5098 ίδιοποιηο

2229 5116 2461 5186 σάμενον
2492 5116 2555 5169 τὸ
2582 5117 2741 5189 σῶμα
2766 5120 2945 5188 ἡμῶν,
2976 5119 3307 5189 γεννηθῆναι
3336 5137 3396 5173 τε
3432 5119 3575 5173 κατά
3624 5120 3805 5190 σάρκα

2224 5210 2287 5263 ὲκ
2302 5210 2558 5277 γυναικός
2576 5228 2589 5241 ·
2619 5213 2714 5265 καὶ
2738 5211 2931 5267 ἑαυτὸν
2959 5214 3093 5282 ἡμῖν
3125 5214 3477 5283 ὲμφυτεύσας
3494 5213 3552 5265 ἓν
3576 5214 3803 5282 φύραμα

2224 5301 2475 5369 γενέσθαι
2491 5303 2613 5356 καθ’
2639 5304 2831 5358 ἕνωσιν
2853 5304 3217 5359 ἀδιάσπαστον
3233 5322 3246 5334 ·
3266 5305 3476 5367 ἐνώσας
3495 5305 3607 5375 γὰρ
3623 5303 3800 5373 ἑαυτῷ

2227 5394 2327 5463 τὴν
2361 5394 2575 5466 θανάτῳ
2603 5396 2832 5466 κάτοχον
2880 5396 3059 5469 σάρκα
3096 5397 3230 5461 Θεὸς
3280 5396 3357 5450 ὣν
3389 5400 3418 5450 ὁ
3473 5395 3651 5465 Λόγος
3710 5397 3801 5449 καὶ

2226 5484 2361 5556 ζωὴ,
2401 5486 2711 5558 ἀναστήσας
2733 5488 2905 5559 αὐτὴν
2936 5490 3001 5541 ἐκ
3029 5488 3259 5560 νεκρῶν,
3286 5488 3520 5542 θανάτου
3550 5490 3652 5542 καὶ
3673 5489 3800 5557 φθο-

2230 5578 2328 5647 ρᾶς
2361 5577 2609 5650 ἀπέφηνε
2636 5581 2941 5649 κρείττονα,
2989 5582 3083 5635 καὶ
3120 5580 3463 5653 ἀπεσὸὅησεν
3495 5580 3669 5651 αὐτῆς
3704 5580 3800 5650 τὴν

609 5741 623 5773 ⁸
660 5740 818 5799 Joan.
850 5760 925 5816 vt,
953 5746 1043 5805 52.
1126 5752 1143 5783 ³
1179 5750 1316 5808 ibid.
1350 5754 1436 5809 52.
1518 5756 1534 5786 ³
1572 5754 1704 5812 ibid.
1740 5757 1827 5813 57.
1906 5760 1924 5789 ⁵
1961 5758 2003 5813 Il
2029 5756 2128 5814 Cor

2232 5799 2243 5823 ,
2276 5758 2360 5814 15.
2440 5762 2457 5789 δ
2502 5758 2658 5815 Joan.
2692 5775 2818 5827 χχιι,
2853 5761 2904 5814 5.
