4006 6506
217 349 363 414 3329
1105 323 1514 405 EXPO'SITIO
1552 340 1637 403 IN
1668 336 2122 401 ORATIONEM
2154 336 2609 401 DOMINICAM.
3352 341 3495 407 3330

216 454 452 528 φθορὰν,
490 453 768 527 ἄφθαρτον
799 471 858 508 τε
920 452 1016 507 καὶ
1070 452 1339 518 ζωοποιδν
1390 452 1798 523 ἀπειργάσατο·

1910 465 2029 504 cem
2083 448 2354 514 reddidit,
2403 450 2633 520 ejusque
2689 445 2994 505 absorbens
3042 446 3492 520 corruptionem,

218 550 346 603 ἐπεὶ
372 549 548 602 τοίνυν
573 549 679 602 ἔδει
705 548 800 602 καὶ
838 547 924 602 διὰ
942 546 1037 600 τοῦ
1066 546 1220 615 ἁγίου
1239 546 1555 617 Πνεύματος
1590 546 1645 598 ἐν
1673 546 1800 614 ἡμῖν

1913 542 2389 612 incorruptibilem
2433 542 2583 595 illam
2624 549 2678 596 et
2710 541 2984 597 viviﬁcam
3034 544 3309 612 praestitit.
3355 544 3495 612 Quia

217 642 478 711 γενέσθαι
508 640 846 712 θεοπρεπῶς,
884 638 1381 710 συνανακίρνασθαί
1406 655 1465 691 τε
1508 636 1663 706 ὥπερ
1692 639 1799 697 τοῖς

1912 633 2075 704 igitur
2131 634 2423 702 oportebat
2476 632 2719 687 Verbum
2785 634 2916 699 Dei,
2983 634 3147 688 modo
3202 634 3494 691 divinitate

220 736 516 806 ἡμετέροις
566 733 782 804 σώμασι
811 732 900 785 διὰ
939 732 1037 802 τῆς
1079 733 1239 801 ἁγίας
1276 731 1441 785 αὐτοῦ
1474 730 1675 799 σαρκὸς
1711 728 1802 782 καὶ

1914 725 2094 795 digno,
2124 739 2222 793 per
2253 722 2517 792 Spiritum
2552 734 2801 778 sanctum
2846 724 2901 777 in
2938 724 3101 778 nobis
3136 724 3411 791 habitare,
3439 735 3496 781 et

218 826 319 879 τοῦ
348 826 529 898 τιμίου
581 826 811 896 αἵματος
841 835 950 880 etc.
999 823 1182 878 Εἰπὼν
1220 823 1297 888 δὲ,
1342 824 1524 877 Τοῦτο
1585 823 1800 875 ποιεῖτε

1914 817 2064 886 quasi
2090 816 2417 885 corporibus
2440 816 2667 880 nostris,
2693 831 2789 884 per
2812 824 3054 869 sanctam
3082 817 3255 886 ipsius
3275 833 3496 873 carnem

220 920 320 982 ,είς
349 918 464 986 τὴν
491 917 645 987 ἐμὴν
673 916 1040 985 ἀνάμνησιν,
1072 918 1257 984 ἐξάγει
1286 916 1483 978 αὐτοὺς
1523 915 1631 967 τῶν
1674 915 1802 966 Ἰου‹

1914 918 1970 964 et
1999 909 2301 979 pretiosum
2340 908 2686 978 sanguinem,
2719 909 3085 974 commisceri,
3116 919 3225 964 etc.
3252 910 3496 967 Dicendo

220 1008 426 1063 ὼῖκῶν
443 1009 602 1062 ἐθῶν.
632 1008 898 1076 Καθάπερ
930 1011 1059 1079 γὰρ,
1086 1007 1239 1076 φησὶ,
1271 1006 1329 1059 τὸ
1345 1004 1438 1058 τοῦ
1467 1004 1639 1075 ἀμνοῦ
1655 1007 1802 1057 ὲτιοι-

1915 1009 2093 1053 autem
2125 1016 2137 1051 :
2167 998 2278 1051 Hoc
2333 998 2489 1067 facile
2534 999 2588 1051 in
2618 1014 2789 1052 meam
2809 1002 3378 1067 commemorationem,
3400 1017 3497 1058 eos

221 1100 337 1151 εἴτε
360 1100 439 1161 είς
476 1098 781 1168 ἀνάμνησιν
825 1099 932 1151 τῶν
964 1098 1082 1150 ἐκεῖ
1114 1096 1426 1166 θαυμάτων,
1471 1096 1615 1148 οὕτω
1650 1095 1803 1149 τοῦτο

1913 1107 1939 1145 a
1971 1089 2448 1145 Judaicis-ritibus
2485 1092 2723 1157 avertit;
2757 1091 2912 1160 quasi
2945 1091 3153 1146 diceret
3183 1109 3195 1145 :
3221 1092 3495 1159 Quemado

219 1188 304 1252 είς
336 1188 434 1258 τὴν
468 1189 606 1260 ὲμὴν
635 1190 960 1258 ἀνάμνησιν,
993 1188 1096 1251 ἕως
1121 1188 1185 1241 ἂν
1208 1188 1627 1257 παραγένωμαι.
1675 1186 1801 1239 Ὠσ-

1916 1185 2133 1239 modum
2169 1186 2527 1240 caeremonias
2571 1185 2694 1254 agni
2743 1184 3017 1253 paschalia
3058 1186 3408 1256 peragebatis
3440 1187 3498 1243 in

218 1280 422 1346 αὕτως
465 1280 564 1333 καὶ
607 1281 671 1333 τὸ
714 1281 1002 1349 ποτήριον
1047 1279 1186 1350 μετὰ
1214 1279 1307 1332 τοῦ
1347 1280 1513 1348 ἄρτου
1545 1279 1800 1347 ἐμφαντι-

1919 1277 2490 1333 commemorationem
2517 1277 2910 1331 miraculorum
2930 1276 2984 1329 in
3005 1275 3236 1348 Egypto
3258 1287 3501 1347 patrato-

224 1372 361 1435 κῶς,
388 1371 473 1423 ἵνα
500 1369 560 1423 τὸ
586 1371 982 1441 προειρημένον
1008 1372 1231 1441 νοήσῃς,
1256 1370 1314 1422 οὐ
1361 1369 1464 1439 μὴν
1493 1367 1621 1422 ἄλλο
1657 1366 1806 1437 παρὰ

1918 1386 2057 1435 rum,
2080 1369 2161 1423 sic
2194 1378 2250 1423 et
2286 1370 2389 1424 hoc
2434 1383 2581 1422 nunc
2604 1368 2767 1422 facite
2797 1368 2850 1421 in
2894 1384 3070 1423 meam
3103 1384 3500 1426 commemora-

223 1458 288 1511 τὸ
321 1458 556 1528 πρῶτον,
595 1455 766 1528 οὗπερ
817 1459 1105 1529 ἐπιτρέπει
1154 1457 1477 1528 μεταλαϐεῖν
1520 1458 1658 1526 μετὰ
1713 1457 1805 1526 τὴν

1913 1460 2139 1521 tionem,
2172 1457 2349 1512 donec
2375 1459 2613 1512 veniam.
2655 1456 2911 1511 Similiter
2944 1466 2993 1510 et
3021 1458 3237 1512 calicem
3278 1463 3495 1530 accepit,

224 1549 323 1603 τοῦ
360 1550 523 1620 ἄρτου
552 1550 886 1619 μετάληψιν·
922 1549 950 1602 ὃ
976 1551 1070 1605 καὶ
1098 1548 1280 1602 λαϐὼν
1302 1547 1454 1602 εἶπεν
1474 1563 1486 1576 ·
1526 1548 1706 1602 Τοῦτο
1744 1549 1806 1601 τὸ

1918 1551 2101 1606 salicis
2131 1568 2256 1607 cum
2304 1567 2445 1622 pane
2500 1567 2603 1606 con
2659 1548 3008 1621 junctionem
3043 1552 3390 1621 exprimens,
3436 1561 3500 1608 ut

224 1638 514 1707 ποτήριον
551 1640 588 1708 ἡ
618 1640 796 1707 καινὴ
836 1638 1091 1706 διαθήκη
1123 1639 1193 1691 ἐν
1235 1638 1317 1703 τῷ
1346 1638 1555 1706 αἵματί
1571 1654 1712 1707 μου,
1744 1635 1806 1689 τὸ

1916 1643 2205 1709 videlicet,
2255 1645 2323 1698 de
2368 1659 2434 1698 eo
2470 1644 2635 1697 etiam
2685 1660 2833 1697 nunc
2875 1644 3027 1713 loqui
3078 1646 3389 1715 intelligas,
3430 1645 3498 1701 de

223 1729 379 1799 ὑπὲρ
404 1729 574 1799 ὑμῶν
599 1731 1032 1800 ἐκχυνόμενον.
1070 1730 1224 1793 Τινὲς
1260 1730 1315 1782 δὲ
1359 1729 1612 1799 δεύτερον
1644 1726 1801 1780 τοῦτο

1916 1750 2027 1804 quo
2073 1735 2238 1790 modo
2282 1735 2499 1790 locutus
2542 1745 2646 1800 est,
2707 1751 2885 1805 neque
2950 1735 3101 1790 aliud
3150 1752 3271 1791 esse
3299 1736 3368 1791 ab
3404 1736 3498 1792 illo

224 1821 481 1891 γενέσθαι
508 1822 669 1891 φασί’
699 1823 792 1875 καὶ
816 1821 875 1875 τὸ
904 1824 1003 1893 μὲν
1028 1822 1263 1893 πρῶτον,
1289 1823 1547 1892 ποτήριον
1575 1819 1805 1890 δεξάμε-

1916 1827 2061 1897 quod
2116 1828 2355 1898 primum
2388 1829 2752 1890 consecravit,
2790 1828 2924 1882 illud
2974 1844 3096 1883 esse
3158 1828 3402 1898 opineris
3428 1827 3498 1883 ad

225 1931 336 1981 νος,
368 1916 769 1988 εὐχαριστήσας
798 1912 951 1970 εἶπεν
971 1934 985 1949 ’
1024 1916 1245 1971 Λάϐετε
1269 1916 1445 1970 τοῦτο
1490 1915 1591 1969 καὶ
1617 1916 1807 1983 διαμε-

1923 1920 2084 1989 cujus
2130 1920 2609 1990 participationem
2661 1921 2855 1975 invitat
2891 1929 3014 1991 post
3047 1923 3493 1977 communionem

218 2005 438 2074 ρίσατε
487 2007 763 2074 ἐαυτοῖςυ
793 2009 855 2061 τὸ
893 2008 948 2062 δὲ
979 2008 1251 2080 δεύτερον,
1302 2007 1441 2078 μετὰ
1492 2008 1584 2060 τὸν
1645 2006 1800 2077 ἄρτον

1926 2007 2106 2077 panis,
2141 2025 2362 2079 quoque
2412 2018 2636 2079 accepto
2674 2010 2810 2064 dixit
2852 2028 2864 2064 :
2902 2010 2998 2064 llic
3023 2010 3163 2064 calix
3187 2019 3263 2063 est
3308 2027 3498 2066 novum

225 2097 323 2150 καὶ
348 2098 487 2168 μετὰ
513 2100 576 2152 τὸ
602 2099 909 2172 δειπνῆσαι,
941 2101 1145 2171 λέγων·
1186 2100 1363 2154 Τοῦτο
1392 2099 1460 2154 τὸ
1499 2098 1807 2165 ποτήριον,

1918 2105 2289 2154 testamentum
2357 2104 2411 2155 in
2458 2105 2718 2173 sanguine
2747 2120 2880 2170 meo,
2917 2106 3007 2175 qui
3033 2121 3128 2174 pro
3159 2104 3296 2158 vobis
3336 2104 3499 2174 effun-

224 2193 337 2242 etc.
1918 2190 2091 2245 detur.
2129 2191 2361 2258 Quidam
2391 2210 2524 2249 vero
2553 2195 2659 2251 hoc
2687 2196 2842 2251 aiunt
2876 2196 3119 2251 secunda
3149 2194 3270 2250 vice
3294 2194 3496 2250 factum

225 2280 419 2347 fuisse,
472 2281 629 2352 juxta
669 2299 808 2354 quos
847 2286 1029 2356 primo
1089 2285 1314 2341 calicem
1377 2284 1612 2355 accepit,
1659 2282 1906 2352 actisque
1951 2283 2163 2354 gratiis,
2209 2285 2395 2341 dixit:
2446 2287 2678 2358 Accipite
2721 2296 2771 2342 et
2844 2289 3135 2344 distribuite
3200 2290 3335 2343 inter
3370 2284 3500 2343 vos;

224 2377 470 2433 secundo
500 2388 621 2447 post
652 2381 1121 2435 consecrationem
1151 2381 1329 2451 panis,
1362 2395 1629 2450 coenaque
1656 2379 1768 2449 jam
1802 2376 1946 2434 facta
1978 2378 2118 2434 dixit
2144 2396 2160 2431 :
2189 2379 2287 2434 Hic
2315 2382 2478 2445 calix,
2514 2388 2623 2437 etc.

296 2473 485 2544 Σιωπᾷ
504 2474 560 2526 δὲ
576 2474 734 2538 αὐτὸς
750 2476 768 2547 (
784 2470 1060 2547 Ἰωάννης)
1079 2477 1258 2547 μόνος,
1274 2477 1462 2538 αὑταῖς
1478 2472 1812 2544 λέξεσι,περὶ

1983 2473 2051 2528 In
2102 2484 2414 2545 argumento
2446 2477 2518 2529 ad
2559 2476 2784 2531 Joannis
2828 2474 3494 2548 Evangelium.-—Solus,

223 2565 325 2636 τὴν
346 2565 437 2619 τοῦ
465 2566 763 2637 μυστηρίου
785 2568 1085 2639 παράδοσιν
1105 2586 1163 2623 κ.
1178 2587 1229 2624 τ.
1248 2569 1296 2624 λ.
1324 2570 1435 2640 Οὐχ
1458 2569 1647 2641 (ὅμως)
1673 2569 1805 2621 ἀπα-

1915 2566 2060 2621 inter
2082 2569 2465 2638 evangelistas,
2499 2584 2609 2623 non
2643 2570 2777 2639 ipsis
2802 2570 2987 2624 verbis
3014 2568 3284 2624 describit
3311 2583 3494 2624 sacra-

228 2659 368 2729 ρασή
377 2672 576 2728 μαντον
595 2659 773 2728 ἀφῆκε
793 2660 883 2713 τὸν
902 2661 1030 2733 περὶ
1046 2662 1138 2715 τοῦ
1160 2662 1459 2735 μυστηρίου
1478 2661 1656 2729 λόγον,
1674 2658 1810 2714 ἀλλὰ

1913 2659 2084 2714 menti
2122 2661 2492 2725 traditionem,
2520 2669 2629 2716 etc.
2665 2662 2783 2715 Non
2817 2670 2996 2715 tamen
3035 2661 3144 2717 boc
3174 2661 3494 2733 mysterium

224 2749 636 2820 διηγηματικῶς
651 2751 781 2803 αὐτὸ
807 2749 956 2820 λέγει
977 2754 1224 2825 εἰρῆσθαι
1242 2753 1395 2823 παρὰ
1418 2753 1509 2806 τοῦ
1536 2754 1806 2823 Σωτῆρος·

1914 2760 2148 2806 tractare
2180 2753 2397 2819 omisit;
2432 2753 2527 2808 sed
2573 2753 2689 2808 haec
2720 2752 3065 2807 Salvatorem
3105 2754 3161 2807 in
3195 2753 3496 2824 expositio-

238 2839 386 2911 Ἐγώ
418 2842 533 2910 ειμι
572 2846 606 2895 ό
637 2842 817 2911 ἄρτος
846 2845 956 2913 τῆς
988 2844 1137 2913 ζωῆς
1157 2860 1170 2874 ·
1204 2848 1298 2899 καὶ
1325 2845 1488 2898 πάλιν
1508 2861 1523 2877 ·
1562 2844 1703 2899 Ἐάν
1719 2863 1808 2913 τις

1911 2844 2000 2898 nis
2037 2843 2267 2899 formam
2311 2844 2512 2900 dixisse
2547 2845 2713 2899 refert
2744 2863 2757 2899 :
2788 2844 2899 2916 Ego
2927 2862 3045 2900 sum
3079 2846 3234 2915 panis
3287 2846 3408 2899 vita
3442 2846 3493 2911 ‘;

227 2930 388 3001 φάγῃ
410 2931 477 2985 ἐκ
499 2932 724 2988 τούτου
751 2934 860 2989 τοῦ
876 2935 1081 3005 ἄρτου,
1105 2934 1343 3003 ζήσεται
1362 2940 1409 2991 ει
1418 2958 1448 3004 ς
1468 2937 1575 2991 τὸν
1592 2936 1776 2991 αἰῶνα
1792 2954 1805 2967 ·

1913 2945 1967 2991 et
1996 2936 2198 2991 iterum
2238 2954 2251 2990 :
2282 2935 2340 2991 Si
2371 2939 2486 3007 quis
2521 2938 2916 2991 manducauerit
2948 2938 3013 2989 de
3052 2938 3145 2990 hoc
3176 2952 3332 3006 pane,
3364 2937 3495 2991 vivet

228 3026 263 3077 ὀ
290 3023 358 3077 δὲ
386 3024 563 3093 ἄρτος
594 3025 666 3079 ὃν
714 3025 830 3096 ἐγὼ
875 3027 1069 3093 δώσω,
1104 3029 1143 3095 ἠ
1181 3028 1339 3096 σάρξ
1363 3029 1481 3096 μού
1505 3029 1696 3090 ἐστιν,
1731 3026 1809 3094 ἢν

1912 3027 1967 3079 in
1997 3034 2295 3091 aeternum;
2323 3027 2476 3095 panis
2509 3036 2687 3080 autem
2723 3043 2875 3094 quem
2907 3042 2997 3096 ego
3027 3026 3182 3089 dabo,
3210 3041 3336 3078 caro
3376 3041 3493 3079 mea

226 3115 342 3185 ἐγὼ
380 3116 551 3170 δώσω
574 3118 726 3187 ὑπὲρ
753 3117 861 3186 τῆς
887 3119 995 3174 τοῦ
1014 3120 1247 3190 κόσμου
1270 3118 1418 3188 ζωῆς
1435 3134 1451 3151 ο
1484 3120 1578 3173 καὶ
1607 3119 1767 3173 πάλιν
1792 3134 1806 3147 ⁶

1912 3125 2009 3181 est,
2056 3136 2213 3188 quam
2251 3135 2343 3188 ego
2374 3119 2508 3172 dabo
2541 3135 2637 3189 pro
2677 3119 2861 3171 mundi
2895 3120 2999 3173 vita
3032 3119 3084 3183 ’ς
3142 3125 3199 3172 et
3241 3116 3441 3172 iterum
3476 3133 3490 3170 :

242 3207 314 3261 'H
334 3207 440 3278 γὰρ
464 3208 621 3279 σάρξ
634 3227 753 3279 μου
768 3211 1004 3280 ἀληθής
1024 3211 1156 3265 ἐστι
1174 3210 1430 3279 βρῶσις.
1464 3210 1566 3265 Kal
1583 3210 1648 3263 τὸ
1667 3205 1810 3279 αἷμά

1914 3208 2050 3264 Caro
2097 3228 2213 3265 mea
2246 3227 2362 3264 vere
2405 3220 2479 3264 est
2525 3211 2689 3275 cibus,
2735 3218 2784 3263 et
2830 3211 3046 3281 sanguis
3087 3226 3231 3264 meus
3261 3226 3380 3263 vere
3417 3215 3492 3263 est

221 3316 364 3368 μου,
386 3301 620 3369 ἀληθής
661 3301 793 3355 ἐστι
824 3303 1026 3368 πόσις.
1053 3301 1252 3356 Deinde
1298 3304 1353 3356 in
1382 3302 1756 3356 commentario
1788 3316 1803 3355 :

1911 3310 2063 3371 potus
2102 3301 2145 3356 ⁸.
2167 3302 2452 3355 -—-Deinde
2496 3303 2550 3356 in
2595 3304 2973 3356 commentario
2999 3317 3019 3357 :
3071 3302 3305 3357 Carnem
3336 3316 3490 3357 suam

228 3390 341 3461 Τὴν
378 3392 557 3463 σάρκα
588 3392 779 3446 ἑαυτοῦ
825 3392 989 3464 ἄρτον
1038 3394 1197 3447 καλεῖ
1227 3393 1318 3447 διὰ
1352 3394 1412 3446 τὸ
1439 3392 1717 3447 ἐσθίεσθαι
1748 3395 1806 3446 ὲν

1909 3409 2107 3462 panem
2147 3404 2306 3449 vocat
2351 3395 2481 3465 quia
2530 3395 2584 3449 in
2634 3394 2907 3466 mysteriis
2951 3394 3339 3455 manducatur,
3378 3402 3489 3450 etc.

228 3484 343 3545 τοῖς
374 3487 675 3553 μυστικοῖς,
724 3494 831 3540 etc.
874 3485 966 3555 Μὴ
995 3483 1087 3537 οὖν
1133 3487 1244 3549 τοῖς
1279 3487 1561 3556 σαρκικοῖς
1601 3483 1806 3553 ὀφθαλ-

1907 3485 2029 3539 Non
2072 3485 2242 3556 igitur
2277 3487 2592 3541 carnalibus
2632 3487 2828 3553 oculis,
2870 3486 2965 3541 sed
3003 3485 3486 3550 intellectualibus,

233 3577 352 3646 μοῖς
369 3577 531 3647 ὁρᾶτε
548 3577 645 3641 τὰς
671 3577 961 3648 δεδομένας
986 3577 1116 3648 παρ’
1137 3576 1271 3648 ἐμοῦ
1297 3580 1522 3649 τροφὰς,
1541 3576 1676 3630 ἀλλὰ
1696 3579 1810 3640 τοῖς

1909 3577 2095 3632 cibum
2137 3593 2302 3649 quem
2332 3594 2434 3649 ego
2479 3578 2734 3648 impertio
2766 3578 3112 3633 considerate
3138 3594 3153 3631 :
3179 3593 3309 3632 caro
3340 3576 3488 3632 enim

234 3671 441 3737 νοητοῖς
461 3685 475 3698 ·
512 3670 545 3740 ἡ
574 3668 683 3741 γὰρ
707 3669 842 3740 σὰρξ
863 3670 956 3724 τοῦ
978 3669 1153 3740 Λόγου
1179 3671 1469 3743 ὐπερπηδᾷ
1491 3671 1665 3725 πάντα
1683 3669 1808 3724 νοῦν

1909 3670 2077 3726 Verbi
2130 3686 2293 3727 omne
2358 3671 2587 3727 verbum
2631 3686 2964 3742 omnemque
3009 3670 3350 3726 intellectum
3391 3683 3490 3725 su-

231 3758 327 3812 καὶ
356 3758 533 3827 λόγον.

504 3776 533 3814 ι.
1911 3769 2086 3833 perat.

303 3958 325 3989 “
366 3956 522 4014 Joan.
552 3975 627 4026 vI,
658 3960 744 4016 '55.
821 3961 843 3993 "
874 3960 1011 4017 ibid.
1048 3962 1135 4029 51,
1171 3962 1259 4019 52.
1338 3964 1357 3996 ⁸
1393 3964 1528 4020 ibid.
1560 3966 1648 4021 56.

236 4149 1744 4185 ειεξιτ-πεξπῂ
1766 4149 3467 4188 Tm

1243 4329 1587 4417 PETRI
1694 4328 2489 4421 LAODICENSIS

1025 4547 1428 4611 EXPOSITIO
1484 4546 1564 4609 IN
1631 4551 2084 4613 ORATIONEM
2122 4552 2558 4614 DOMINICAM
2587 4550 2685 4619 (⁸1·

1321 4700 1598 4771 (Bibliotlt.
1641 4700 1870 4757 Patrum
1907 4712 1948 4757 t.
1988 4702 2103 4770 XII,
2145 4720 2199 4775 p.
2233 4705 2385 4776 9.22.)

702 5006 891 5078 ηάτερ
926 5006 1095 5078 ’ἡμῶν
1125 5010 1223 5081 (ε).
1830 5024 1883 5085 ι)

1830 5024 1883 5085 D
2286 5004 2452 5060 Pater
2480 5015 2675 5071 uoster,
2705 5006 2796 5076 qui
2816 5022 2869 5060 es
2886 5007 2939 5061 in
2969 5004 3127 5062 caelis.

302 5098 432 5151 Τότε
463 5098 649 5170 Πατὴρ
677 5101 834 5170 ἡμῶν
873 5104 901 5155 ὀ
933 5101 1065 5165 Θεὸς
1101 5101 1431 5173 χρηματίζει
1457 5104 1539 5157 ὅτι
1585 5101 1672 5157 διὰ
1701 5102 1802 5172 τῆς

1981 5099 2135 5154 Tunc
2161 5097 2383 5153 demum
2416 5114 2474 5153 se
2512 5099 2657 5153 Deus
2685 5099 2899 5153 Patrem
2923 5111 3175 5155 nostrum
3204 5098 3314 5156 dici
3343 5100 3481 5170 vnit,

233 5187 323 5241 τοῦ
349 5190 664 5259 Πνεύματος
708 5193 1101 5261 ὲπιφοιτήσεως
1128 5193 1228 5262 τῆς
1260 5193 1531 5258 υἱοθεσίας
1559 5193 1803 5258 ἀξιωθῶ-

2003 5208 2036 5246 η
2078 5191 2318 5261 Spiritus
2375 5199 2596 5245 sanctus
2641 5189 2965 5255 adveniens,
3003 5190 3208 5247 Christi
3257 5206 3362 5248 nos
3389 5193 3486 5247 ad-
3578 5234 3585 5247 .

236 5297 334 5349 μεν
352 5296 366 5311 ο
390 5282 418 5334 ὁ
439 5282 547 5354 γὰρ
580 5283 797 5354 Πατέρα
822 5284 1001 5337 καλῶν
1046 5285 1136 5338 τὸν
1159 5286 1293 5340 Θεὸν
1330 5288 1531 5357 ὀφείλει
1570 5286 1806 5359 καθαρὸς

1912 5284 2135 5354 optione
2166 5285 2445 5356 dignatur.
2466 5282 2729 5352 Quisquis
2757 5284 2905 5338 enim
2940 5283 3112 5337 Deum
3142 5284 3358 5339 Patrem
3388 5299 3485 5340 vo-

303 5419 379 5505 (i)
411 5419 586 5505 Hujus
607 5421 858 5505 epusculi
901 5429 1081 5505 textus
1111 5422 1336 5505 Gnaeus
1376 5424 1709 5505 desumptus
1724 5432 1808 5479 est
2221 5423 2480 5505 sclrolia‘e
2515 5422 2704 5477 codice
2728 5420 2918 5505 italico
2949 5417 3483 5505 descripta,hpri-mns

233 5505 297 5544 ex
319 5490 636 5562 Appendice
666 5491 858 5562 tom.l
904 5491 1156 5561 Origenis
1202 5493 1443 5562 ()perum
1496 5489 1632 5548 edit.
1661 5494 1811 5548 Mau-
1907 5489 2226 5548 ediditFer.
2276 5494 2535 5548 Morellus
2590 5508 2682 5546 an.
2727 5491 2867 5562 iOl;
2915 5489 3119 5562 quibus
3148 5498 3208 5542 ut
3240 5489 3479 5562 pretium

236 5562 343 5633 ri_n.
365 5575 491 5629 pag.
516 5559 638 5633 999,
675 5560 766 5614 ubi
802 5559 1125 5633 inscribitur
1150 5559 1381 5618 sub'hoc
1412 5565 1610 5618 titulo:
1652 5567 1810 5618 Ἀνω-
1909 5573 2213 5633 arrogaret,
2245 5579 2343 5633 pro
2388 5563 2626 5633 Origenis
2667 5561 2749 5633 vel
2804 5562 3026 5633 alterius
3074 5561 3296 5614 doctoris
3333 5575 3479 5633 cur.

234 5627 402 5703 νυμον
432 5627 644 5703 Α’σχόλια
678 5633 756 5703 είς
784 5630 947 5701 εὐχὴν
972 5634 1287 5703 Κυμακήν.
1318 5635 1465 5687 EotT.
1491 5635 1637 5689 Petri
1674 5635 1811 5688 Lao-

1910 5627 2102 5703 χρόνου
2120 5627 2509 5688 fetu-habenda
2538 5632 2771 5686 censuit.
2798 5630 2865 5703 At
2888 5630 2962 5703 illi
2987 5644 3187 5703 parum
3218 5628 3481 5703 credulus

235 5696 758 5769 dicensis'episcopi
793 5696 1151 5770 capesitio'in
1181 5696 1501 5759 Orationem
1562 5706 1809 5761 Domini-
1910 5696 2146 5758 iluetius
2172 5705 2225 5757 in
2252 5706 2562 5773 Origem'an.
2602 5702 2881 5773 inferioris
2913 5696 3100 5773 longe
3123 5699 3233 5754 arvi
3267 5696 3479 5773 parenti

236 5721 478 5755 IIICCIISIS
513 5721 758 5769 ρμιδυυνι
793 5721 1066 5770 ειρυδιιιο
1098 5721 1151 5756 ιη
1181 5721 1501 5759 υιῑὶιιοιιριη
1563 5721 1809 5761 υοηιιιιι-
1913 5721 2146 5758 nuetlus
2172 5721 2225 5757 ιη
2252 5721 2346 5757 υνι
2386 5721 2562 5756 eman.
2602 5721 2881 5756 IHICTIOTIS
2920 5721 3077 5773 longe
3123 5721 3233 5754 ωνι
3269 5721 3479 5769 parcnu

236 5781 379 5820 eam.
1912 5788 1974 5829 ea
2008 5773 2303 5846 adiudicat,
2338 5721 2501 5829 ἰξατο
2539 5772 2751 5828 scilicet
2780 5771 3128 5838 Laodicensi,
3158 5768 3480 5841 septimi,ut

1653 5922 1755 5942 ..κη
