4032 6512
500 360 636 427 3331

1756 370 1819 434 S.
1859 367 2091 431 PETRI
2131 364 2541 429 LAODICENI

3651 378 3783 444 3332

503 488 593 535 eat
620 519 634 543 ,
668 479 715 535 is
738 494 913 549 purus
944 493 973 534 a
1000 477 1261 550 peccatis,
1295 477 1584 552 haeresque
1640 484 1795 555 regni
1852 485 2095 537 caelestis

2213 478 2341 539 εἶναι
2374 486 2483 539 ἀπὸ
2513 486 2801 557 ἁμαρτιῶν
2846 487 2940 542 καὶ
2980 489 3319 563 κληρονόμος
3368 493 3471 564 τῆς
3516 492 3787 563 βασιλείας

503 586 625 627 esse
656 572 855 626 debet:
891 571 1222 627 temerarius
1247 579 1452 639 autem,
1487 573 1710 629 diabolo
1763 575 1964 630 similis
2014 574 2093 630 ef-

505 663 703 729 fectus,
739 664 917 718 Deum
958 663 1177 719 Patrem
1240 664 1376 719 dicit
1430 682 1595 735 quem
1638 682 1750 721 non
1796 668 2089 739 gloriﬁcat.

502 754 775 810 Czeterum
836 756 940 810 hoc
993 754 1343 825 pronomine.
1378 766 1578 823 noster,
1628 758 1683 812 in
1745 773 1857 813 uno
1892 760 2095 814 multos

506 844 744 901 indicat:
783 847 911 917 quia
948 847 1207 903 videlicet
1236 863 1409 903 unum
1464 851 1714 905 omnium
1739 852 1811 905 sit
1870 867 2092 921 corpus,

506 953 790 1008 unumque
845 948 1031 1009 caput,
1092 940 1187 1010 qui
1246 940 1509 997 Christus
1576 949 1663 997 est
1699 944 1740 1000 '.
1791 942 2095 998 Subinnuit

505 1028 672 1083 etiam
703 1037 984 1099 oportere,
1012 1038 1072 1085 ut
1126 1031 1219 1085 alii
1246 1032 1485 1086 invicem
1524 1047 1625 1101 pro
1654 1032 1780 1087 aliis
1845 1049 2090 1100 oremus,

507 1121 634 1191 quia
667 1121 865 1178 fratres
913 1138 1105 1179 sumus
1144 1110 1359 1179 omnes.

582 1210 838 1284 [Quando
857 1212 1015 1278 dicit,
1042 1215 1096 1266 in
1143 1211 1305 1277 artis,
1360 1228 1471 1267 non
1516 1220 1576 1266 ut
1634 1213 1747 1267 illic
1789 1213 1964 1268 Deum
2009 1214 2096 1269 in-

506 1306 694 1360 cludat
718 1307 822 1361 hoc
842 1306 999 1370 dicit,
1026 1305 1125 1361 sed
1162 1313 1221 1360 ut
1251 1314 1502 1360 orantem
1538 1321 1567 1359 a
1600 1306 1768 1361 terris
1801 1306 2087 1362 abducens

506 1399 573 1454 ad
606 1399 715 1455 alta
746 1397 1028 1471 deducat.j

896 1488 1271 1559 Sanctiﬁcetur
1299 1507 1489 1544 nomen
1533 1499 1705 1545 tuum.

579 1578 694 1635 Hoc
738 1594 908 1649 porro
952 1579 1209 1644 verbum,
1266 1581 1650 1649 sancti/icetur,
1699 1596 1808 1635 non
1859 1581 2096 1652 impera-

508 1672 708 1737 tivum,
746 1672 847 1726 sed
877 1672 1184 1741 optativum
1214 1680 1339 1728 est:
1374 1681 1435 1726 ut
1463 1673 1558 1737 sit,
1590 1673 1936 1745 ἁγιασθήτω,
1974 1669 2087 1727 οἷον

508 1761 821 1832 ἁγιασθείη,
865 1763 969 1816 hoc
1024 1770 1130 1828 est,
1172 1763 1536 1831 sanctiﬁcctur
1591 1779 1610 1819 :
1656 1764 1838 1834 quasi,
1880 1765 2093 1819 utinam

2197 576 2306 628 τῶν
2332 566 2595 650 οὐρανῶν.
2643 579 2862 651 Θρασὺς
2910 583 2938 634 ὁ
2988 584 3298 653 μορφωθεὶς
3318 584 3459 656 πρὸς
3488 585 3583 641 τὸν
3611 587 3762 642 διάεο

2196 667 2306 730 λον,
2337 669 2513 738 λέγων
2537 671 2761 743 Πατέρα
2799 672 2891 725 τὸν
2920 672 3052 727 Θεὸν
3083 675 3141 729 ὃν
3164 676 3223 730 οὐ
3254 677 3490 744 δοξάζει.
3520 679 3707 732 Εἰπὼν
3736 681 3793 733 τὸ

2195 758 2386 829 ἡμῶν,
2404 762 2500 815 ἕνα
2528 763 2655 825 τοὺς
2687 761 2918 828 πολλοὺς
2943 765 3235 832 δεὶκνυσιν,
3269 768 3345 833 ὡς
3367 770 3489 832 ἑνὸς
3522 769 3790 840 σώματος,

2200 856 2330 923 μιᾶς
2359 854 2617 907 ἁπάντων
2642 852 2809 925 οὔσης
2835 858 3081 928 κεφαλῆς
3109 859 3203 912 τοῦ
3226 860 3385 915 Θεοῦ.
3422 861 3790 931 ’Υπεμφαὲνει

2195 947 2253 1000 δὲ
2300 948 2484 1003 καὶτὸ
2523 949 2664 1021 ὑπὲρ
2710 950 2956 1020 ἀλλήλων
3008 952 3283 1023 εὔχεσθαι,
3320 956 3397 1018 ὠς
3454 957 3540 1010 ὅτι
3596 957 3791 1019 πάντες

2197 1038 2417 1108 ἀδελφοί
2450 1040 2641 1110 ἐσμεν.

2266 1220 2341 1274 Τὸ
2372 1220 2452 1287 δὲ,
2482 1221 2552 1274 ἐν
2592 1221 2715 1288 τοῖς
2745 1223 3023 1291 οίψηνοῖς
3058 1225 3180 1296 (2'),
3207 1226 3335 1281 ὅταν
3364 1229 3521 1300 εἴπῃ,
3548 1228 3652 1283 οὒκ
3678 1230 3787 1285 ἐκεῖ

2197 1312 2287 1365 τδν
2318 1314 2451 1366 Θεὸν
2479 1313 2781 1383 συγκλεέων
2809 1312 2971 1369 τοῦτό
3018 1334 3170 1387 φησι,
3218 1318 3357 1373 ἀλλά
3387 1324 3490 1389 τῆς
3517 1323 3626 1391 γῆς
3687 1325 3785 1377 ἄπο

2196 1402 2347 1469 ἀγων
2373 1402 2464 1456 τὸν
2480 1404 2794 1474 εὐχόμενον,
2814 1406 2909 1459 καὶ
2936 1409 3046 1470 τοῖς
3081 1407 3304 1479 ὑψηλοῖς
3334 1404 3652 1481 προσηλῶν.

2576 1494 2954 1566 Ἀγιασθήτω
2983 1498 3049 1551 τὸ
3080 1498 3279 1569 ὅνομάῖ
3294 1515 3434 1555 σου.

2268 1584 2343 1637 Τὸ
2365 1583 2423 1637 δὲ
2455 1584 2817 1655 ἁγιασθήτω,
2871 1588 2932 1640 οὐ
2963 1591 3361 1658 προστακτικὸν
3381 1631 3397 1657 ,
3426 1590 3681 1645 εὐκτικδν
3710 1594 3782 1665 (ες)

2197 1672 2255 1728 δὲ
2296 1672 2409 1727 οἷον
2432 1716 2447 1741 ,
2485 1676 2798 1747 ἀγιασθείη
2828 1695 2841 1706 ·
2888 1680 2986 1749 οὐχ
3018 1681 3105 1734 ἵνα
3132 1682 3194 1734 ἐκ
3221 1680 3451 1754 βεϐήλου
3472 1684 3781 1755 ἀγιασθείη,

2199 1765 2334 1819 ἀλλά
2363 1766 2450 1821 ἵνα
2500 1770 2631 1840 ἡμῖν
2684 1770 3166 1843 ἀποκαλυφθείσης
3211 1775 3313 1842 τῆς
3340 1775 3635 1847 ἁγιότητος
3691 1780 3782 1831 αὖ·

508 1853 929 1920 sanctiﬁcetur;
962 1869 1071 1909 non
1099 1862 1351 1910 sanctum
1378 1870 1409 1910 e
1435 1854 1667 1924 profano
1731 1855 1844 1921 ﬁat,
1874 1856 1996 1923 scd,
2038 1866 2097 1911 ut

2213 1858 2328 1921 τοῦ,
2378 1836 2553 1926 ἀξίως.
2595 1862 2745 1935 αὐτῷ
2789 1836 3023 1935 διδῶμξεν
3069 1836 3780 1940 ἁγιότητ-αίὸνοξιὰξοντες

509 1951 630 2019 ejus
656 1948 949 2004 sanctitate
979 1947 1142 2003 nobis
1178 1948 1439 2010 revelata,
1496 1947 1848 2002 sanctitatem
1901 1962 1968 2002 eo
2015 1948 2098 2002 di-

509 2056 671 2113 gnam
714 2041 1102 2105 exhibeamus,
1154 2040 1463 2112 praesertim
1512 2043 1962 2111 quotiescunque
1998 2041 2095 2096 Dei

512 2150 711 2190 nomen
735 2134 1121 2207 exprimimus.

950 2226 1213 2281 Adveniat
1243 2243 1464 2299 regnum
1512 2234 1681 2281 tuum.

580 2320 1131 2390 CteterumregniDei
1154 2321 1397 2385 nomine,
1427 2321 1509 2375 vel
1541 2320 1778 2374 futuram
1814 2319 2091 2375 bonorum

513 2408 855 2477 lruitioncm,
890 2412 975 2466 vel
1034 2411 1272 2481 gratiam
1334 2426 1501 2481 quam
1558 2410 1649 2465 ille
1694 2427 1794 2481 per
1832 2411 2099 2481 Spiritum

512 2514 765 2560 sanctum
797 2504 963 2559 nobis
990 2504 1260 2574 impertit,
1298 2504 1383 2559 vel
1410 2503 1717 2559 secundum
1750 2504 1870 2574 ejus
1892 2503 2095 2558 adven-

517 2609 637 2654 tum
693 2598 975 2669 intelligit.
1004 2597 1161 2665 [Quia
1199 2613 1333 2653 vero
1387 2598 1644 2654 Christus
1706 2608 1905 2652 natura
1957 2597 2102 2652 Dens

514 2692 730 2746 ratione
770 2690 1204 2760 dispensationis
1232 2706 1331 2744 seu
1391 2690 1577 2745 carnis
1634 2698 1952 2759 assumptaa,
2004 2705 2101 2744 rex

516 2792 777 2852 tanquam
817 2782 984 2836 homo
1016 2790 1286 2843 vocatur,
1343 2781 1554 2836 idcirco
1598 2782 1785 2837 ﬁdeles
1846 2788 2007 2834 orant
2042 2788 2103 2835 ut

516 2872 662 2928 idem
706 2887 935 2944 regnum
970 2871 1292 2927 inﬁdelibus
1347 2888 1569 2943 quoque
1623 2872 1905 2937 adveniat,
1943 2882 2005 2926 ut
2043 2872 2101 2926 in

514 2966 795 3023 Christum
827 2964 1122 3021 credentes
1154 2980 1283 3021 eum
1318 2980 1504 3037 regem
1552 2982 1714 3021 suum
1767 2980 1889 3021 esse
1931 2961 2102 3035 proﬁ-

518 3066 763 3113 teantur.

658 3146 778 3203 Fiat
810 3147 1056 3203 voluntas
1082 3155 1173 3203 tua
1207 3148 1343 3202 sicut
1373 3148 1425 3201 in
1450 3147 1576 3201 coelo
1624 3156 1675 3201 et
1705 3149 1760 3202 in
1792 3156 1957 3205 terra.

590 3244 794 3299 ﬂorum
820 3253 1004 3299 autem
1026 3243 1326 3299 verborum
1355 3259 1367 3296 :
1402 3241 1522 3296 Fiat
1548 3243 1800 3297 voluntas
1843 3252 1936 3299 tua
1968 3246 2103 3299 sicut

518 3331 577 3386 in
599 3330 729 3385 caelo
757 3338 806 3385 et
845 3333 899 3385 in
932 3342 1099 3397 terra,
1135 3344 1336 3391 sensus
1361 3330 1454 3386 hic
1487 3339 1602 3386 est:
1626 3331 2103 3398 Quemadmodum

520 3422 698 3492 angeli
721 3437 915 3477 omnes
936 3424 992 3477 in
1027 3423 1169 3478 caelo
1200 3438 1339 3494 pure
1378 3432 1544 3494 atque
1568 3424 1847 3495 inculpate
1874 3441 2107 3481 convcr-

521 3524 735 3577 santur,
765 3513 849 3568 fac
880 3522 941 3568 ut
972 3514 1229 3569 homines
1257 3529 1479 3584 quoque
1511 3515 1566 3569 in
1607 3517 1775 3571 terris
1823 3518 2018 3573 eodem
2046 3533 2106 3573 se

522 3615 682 3677 pacto
732 3614 945 3677 gerant.
999 3607 1122 3663 Vel:
1187 3606 1669 3674 Quemadmodum
1698 3618 1827 3664 sunt
1859 3610 1913 3665 in
1949 3610 2107 3666 castis

520 3695 724 3766 angeli,
770 3695 845 3751 ita
878 3696 1064 3761 facito,
1097 3705 1274 3751 utnos
1293 3697 1461 3752 etiam
1500 3713 1598 3767 per
1631 3698 1899 3768 spiritalis
1931 3700 2101 3770 “puri-

2198 1950 2353 2006 Θεόν.

2606 2220 2858 2279 Ἐλθέτω
2895 2227 2933 2295 ή
2945 2228 3237 2291 ,Βασιλεία
3256 2245 3396 2285 σου.

2274 2316 2347 2370 ‘H
2377 2316 2477 2390 τὴν
2509 2317 2894 2389 μελλησάντων
2913 2322 2987 2389 (4)
3019 2322 3243 2391 ἀγαθῶν
3275 2322 3577 2379 ἀπόλαυσὲν
3600 2337 3779 2397 φησιν,

2202 2406 2235 2478 ἢ
2262 2408 2358 2479 τὴν
2384 2408 2472 2464 διά
2502 2409 2596 2463 τοῦ
2622 2410 2777 2478 ἁγίου
2807 2412 3126 2482 Πνεύματος
3146 2413 3377 2488 δωρεὰν,
3405 2415 3439 2485 ἢ
3479 2418 3581 2487 τὴν
3606 2417 3783 2471 δευτέ-

2207 2517 2307 2571 ραν
2360 2503 2527 2556 αὑτοῦ
2582 2505 2908 2576 παρουσίαν.
2949 2506 3163 2578 Ἐπειδὴ
3208 2508 3301 2561 καὶ
3357 2508 3517 2577 φύσει
3550 2510 3630 2581 (5)
3659 2510 3785 2575 Θεῂ

2205 2594 2491 2665 ἄνθρωπος
2544 2598 2779 2668 Χριστὸς
2805 2599 3165 2670 οἰκονομικῶς
3222 2601 3490 2663 καλεῖται,
3532 2601 3787 2671 βασιλεὺς

2202 2684 2276 2750 ὡς
2307 2686 2615 2758 ἄνθρωπος,
2667 2689 3071 2759 ἐπεύχονταιοε
3124 2690 3306 2743 πιστοὶ
3359 2690 3518 2744 τοῦτο
3575 2690 3670 2745 καὶ
3702 2695 3789 2746 ἐπὶ

2202 2778 2329 2842 τοὺς
2356 2778 2622 2844 ἀπίστους
2649 2780 2845 2845 ἐλθεῖν,
2881 2781 2969 2834 ἵνα
2995 2783 3075 2845 εἰς
3105 2780 3341 2853 Χριστὸν
3372 2782 3785 2849 πιστεύσαντες,

2207 2868 2438 2941 βασιλέα
2465 2870 2597 2924 ἴδιον
2634 2871 3049 2943 ἑπιγράφωνται
3076 2873 3258 2928 αὐτόν.

2572 3145 2890 3213 Γενηθήτω
2918 3145 2985 3201 τὸ
3024 3146 3252 3218 θέλημά
3278 3164 3415 3203 σου.

2282 3238 2355 3291 Τὸ
2386 3237 2464 3304 δὲ,
2496 3238 2810 3306 Γενηθήτω
2837 3239 2903 3292 τὸ
2926 3238 3158 3309 θέλημά
3208 3255 3345 3307 σου,
3383 3240 3554 3313 δηλῶ
3599 3241 3791 3315 ὥσπερ

2212 3330 2270 3383 ὲν
2295 3330 2505 3401 οὐρανῷ
2538 3332 2793 3401 καθαρῶς
2823 3332 2916 3384 καὶ
2963 3331 3269 3402 ἀμέμπτως
3321 3334 3521 3397 πάντες
3550 3334 3601 3386 oi
3626 3335 3793 3403 ἄγγεα

2211 3423 2290 3477 λοι
2318 3423 2713 3489 πολιτεύονται,
2752 3425 2893 3478 οὕτω
2930 3424 3024 3478 καὶ
3048 3428 3175 3489 τοὺς
3201 3425 3521 3497 ἀνθρώπους
3546 3429 3605 3480 ὲν
3630 3430 3697 3497 τῇ
3719 3428 3792 3498 γῇ

2213 3514 2472 3585 ποίησον·
2522 3516 2555 3588 ἢ
2605 3514 2801 3579 οὕτως·
2839 3516 3051 3587 Ὠσπερ
3086 3516 3136 3568 οἱ
3173 3515 3392 3584 ἄγγελοι
3434 3518 3492 3569 ἐν
3540 3516 3792 3586 οὐρανοῖς

2212 3609 2370 3673 εἰσιν,
2402 3605 2543 3660 οὕτω
2569 3607 2665 3659 καὶ
2687 3607 2837 3676 ἡμᾶς
2866 3605 3096 3671 ἀξίωσον
3143 3609 3201 3660 ὲν
3249 3610 3315 3678 τῇ
3341 3608 3639 3661 ἀναστάσει
3697 3606 3791 3660 τοῦ

2213 3697 2586 3770 πνευματικοῦ
2618 3698 2713 3751 καὶ
2734 3698 2977 3768 καθαροῦ
3001 3698 3250 3769 σώματος
3280 3699 3376 3768 (6).

524 3805 631 3859 que
658 3789 908 3860 corporis
940 3791 1406 3846 resurrectionem
1456 3791 1664 3847 ibidem
1711 3791 1905 3849 simus.
1949 3793 2084 3850 Vel:
2124 3792 2599 3860 Quemadmodum
2623 3791 2869 3848 Ecclesia
2893 3793 2947 3847 in
2984 3793 3142 3849 oculis
3199 3793 3427 3863 paciﬁca
3501 3800 3559 3849 et
3637 3804 3792 3848 tran-

525 3883 696 3955 quilla
722 3892 829 3949 est,
870 3883 943 3938 ita
971 3882 1065 3938 ﬁat
1093 3892 1149 3939 et
1176 3884 1230 3939 in
1278 3884 1464 3939 terris.

604 4043 626 4074 ⁰
657 4041 818 4095 Rom.
848 4055 944 4103 xtl,
971 4039 1039 4103 5;
1066 4038 1082 4092 I
1108 4038 1237 4094 Cor.
1283 4055 1379 4104 xu,
1420 4039 1481 4095 11
1529 4053 1684 4110 seqq.

526 4157 769 4218 videtur,
802 4155 989 4229 saeculi
1014 4156 1311 4229 scriptori;
1349 4158 1454 4213 sub
1476 4159 1635 4229 cujus
1666 4157 1887 4214 nomine
1911 4154 2107 4229 in‘Bi-

526 4229 784 4285 bliotheca
810 4224 1035 4278 Patrum
1062 4224 1255 4283 Latine
1281 4240 1521 4284 exstant.
1544 4224 1936 4284 Editorautem
1966 4224 2111 4279 Oxo—

529 4298 742 4377 niensis
778 4295 831 4349 in
854 4296 1467 4377 Morcllinutvidetur,
1488 4300 1819 4377 sententiam
1868 4310 2111 4377 propen-

527 4370 663 4431 sior,
680 4382 752 4437 ea
786 4366 889 4420 sub
918 4366 1023 4420 hoc
1082 4368 1243 4437 titulo
1294 4369 1686 4437 Παράφκασις
1741 4366 1931 4437 εὺχῆς
1989 4368 2108 4437 Κυτ

520 4434 1049 4509 ptaxﬁgtangtuam
1074 4436 1160 4509 ab
1210 4434 1476 4509 Origeite'
1505 4438 1773 4509 proiecta,
1806 4434 1937 4509 huic
1973 4435 2109 4509 περὶ

528 4504 723 4591 εὐχῆς
748 4504 935 4559 libello
962 4505 1256 4591 subjnncta
1289 4504 1463 4591 iolnit
1487 4504 1674 4591 {quod
1712 4508 1935 4591 quidem
1987 4506 2107 4590 ejus

530 4577 824 4633 consilium
874 4577 1241 4646 comprobans
1294 4578 1507 4634 Cavcus
1542 4577 1778 4634 Historia
1817 4577 2103 4641 litterario,

530 4665 585 4720 p.
615 4648 704 4713 84,
733 4646 871 4721 dicit
890 4646 1239 4721 haecscholia
1270 4650 1433 4719 ipsius
1474 4650 1716 4721 Origenis
1750 4649 1857 4704 sibi
1903 4648 2106 4721 videri;

530 4716 698 4791 atque
720 4733 783 4772 ea
817 4716 1029 4791 Alsibelli
1058 4718 1121 4771 de
1144 4716 1384 4791 oratione
1435 4716 1891 4791 ἀποέπασμάτῳν
1935 4718 2109 4791 Aquod:

532 4787 655 4843 dant
686 4804 795 4861 esse
816 4787 990 4861 libere
1024 4790 1366 4861 pronuntiat.
1388 4791 1500 4861 Ego
1523 4807 1655 4846 vero
1674 4787 1778 4844 hoc
1798 4787 2106 4861 doctissimi

532 4861 637 4914 viri
666 4859 939 4930 judicium
972 4860 1106 4914 satis
1141 4860 1331 4914 mirari
1386 4856 1634 4929 ncqtteo;
1662 4876 1788 4914 cum
1813 4860 1953 4929 stylo
1984 4856 2103 4930 O_ri-

574 4927 775 4985 eniano
797 4928 935 4983 nihil
951 4930 1131 4983 sitnile
1153 4930 1393 4984 habeant
1416 4927 1530 4984 huic
1555 4931 1787 4993 scholia,
1814 4927 1995 4998 neque
2018 4927 2108 4982 Li-

574 4948 775 4985 entano
797 4948 935 4983 nlnll
951 4948 1131 4983 Slllllll‘.
1153 4948 1393 4984 naneant
1417 4948 1530 4984 [133C
1555 4948 1787 4993 scnona,
1814 4948 1995 4998 neque
2018 4948 2108 4982 hl-

532 4948 665 5055 ξοΗί
701 5001 820 5053 loca
851 5007 1173 5068 appareant,
1206 5000 1353 5055 unde
1380 4999 1603 5069 decerpi
1632 5006 1906 5069 poterant,
1932 5014 2109 5069 neque

530 5071 698 5127 etiam
725 5067 1004 5124 Orationis
1034 5069 1333 5139 Dominica:
1367 5067 1802 5132 verba—eodem,
1848 5085 1958 5139 quo
1987 5067 2111 5123 Ori-

532 5156 722 5223 genes,
754 5139 918 5193 modo
945 5138 1240 5223 ettplicent.
1264 5222 1269 5223 γ
1289 5142 1468 5222 Atque
1516 5141 1644 5223 hoc_
1673 5138 1896 5223 quidem
1921 5148 2110 5223 postea

534 5208 655 5281 ipse
682 5210 918 5281 Caveas,
948 5208 1188 5281 aGaleo,
1218 5222 1277 5264 ut
1306 5208 1525 5280 opinor,
1580 5208 1897 5265 admonitus
1924 5208 2111 5264 conﬁ-

536 5279 686 5337 tetur
714 5280 773 5334 in
803 5279 940 5335 Hist.
973 5279 1053 5334 lit.
1080 5289 1225 5351 part.
1261 5298 1321 5341 ιι,
1345 5279 1467 5351 pag.
1502 5281 1592 5345 50,
1626 5281 1720 5336 ubi
1757 5289 1964 5335 mutata
1987 5295 2112 5333 sen-

536 5352 709 5423 tentia
730 5352 886 5414 dicit,
928 5350 1479 5423 hmc‘schuliaipsius
1525 5351 1781 5423 Origenis
1836 5368 1944 5404 non
1990 5365 2111 5423 esse

534 5422 961 5491 videri,partim
1001 5420 1074 5476 ob
1107 5424 1231 5492 styli
1267 5420 1718 5492 discrepantiam,
1747 5423 1943 5491 partim
1964 5422 2111 5491 quod

534 5493 594 5549 in
613 5493 695 5548 eis
709 5492 957 5562 quaedam
982 5492 1143 5547 aliter
1174 5494 1520 5563 explicantur
1558 5508 1724 5562 quam
1766 5493 1823 5546 in
1877 5499 2111 5546 tractatu

533 5578 636 5621 suo
668 5565 909 5633 genuino
936 5564 1159 5632 exponit
1189 5563 1473 5633 Origenes.

610 5631 715 5706 (i‘)
742 5634 810 5687 Τὸ
842 5632 910 5686 δὲ
936 5631 1157 5706 sunt}
1194 5631 1491 5706 οὐρανοῖς.
1524 5632 1677 5706 Hanc
1709 5631 1970 5704 περιοχὴν
2000 5648 2112 5706 non

533 5704 748 5762 invenit
777 5712 939 5758 vetus
973 5704 1247 5773 interpres
1276 5705 1328 5757 in
1396 5718 1499 5758 suo
1537 5705 1763 5770 codice;
1832 5714 1999 5771 atque
2056 5704 2114 5757 in

535 5772 1120 5856 Morellianouquid'em
1153 5773 1726 5856 e_s_t_a_dditamentuut
1778 5788 1811 5831 θ
1872 5774 2117 5845 Chryso-

536 5845 700 5907 smmi
732 5842 960 5899 homilia
992 5843 1057 5898 19
1084 5844 1139 5897 in
1175 5844 1510 5900 Matthmum.

2283 4152 2362 4220 l5)
2390 4152 2707 4208 Εὐκτικόν.
2730 4152 3022 4209 Ex'codice
3048 4168 3149 4209 suo
3177 4154 3475 4218 εὐατικῶς
3494 4155 3591 4210 hic
3616 4153 3795 4211 edidit

2210 4224 2503 4289 Morellus;
2538 4238 2702 4292 quem
2742 4226 2918 4278 secuti
2968 4235 3099 4279 sunt
3145 4226 3390 4281 editores
3442 4224 3793 4282 Oxonienses

2209 4305 2265 4352 et
2293 4294 2415 4349 Bas.
2447 4294 2516 4348 At
2547 4308 2679 4348 vera
2703 4302 2852 4348 certe
2883 4294 3049 4349 lectio
3080 4305 3163 4350 est
3185 4296 3438 4349 εὑκτικόν
3491 4296 3643 4352 sicut
3691 4299 3791 4351 ha-

2210 4366 2329 4421 buit
2351 4363 2526 4418 codex
2556 4378 2666 4435 quo
2693 4379 2827 4419 usus
2845 4376 2929 4419 est
2959 4376 3121 4420 vetus
3142 4367 3438 4435 interpres,
3469 4368 3567 4435 qui
3614 4369 3789 4422 vertit

2211 4436 2523 4507 aptativunt.
2558 4434 2687 4507 Vult
2727 4444 2910 4507 autem
2957 4434 3414 4506 scholiographus
3458 4434 3593 4491 illud
3633 4439 3796 4504 ἁγια-

2213 4504 2414 4574 σθήτω,
2446 4504 2580 4558 licet
2626 4504 2800 4576 forma
2858 4504 2929 4559 sit
2955 4504 3348 4576 imperativum.
3408 4523 3574 4562 sensu
3604 4515 3794 4561 tamen

2140 4563 2183 4619 ι)
2209 4563 2337 4648 esse
2361 4563 2865 4648 optativu_m,_qttasi
2888 4563 3058 4648 esset_
3096 4563 3405 4648 ἀγιαςοεέη.
3434 4578 3614 4647 Atque
3660 4578 3795 4631 huic

2210 4644 2435 4718 quidem
2463 4644 2643 4700 simile
2680 4644 2847 4701 habet
2892 4646 3009 4716 ipse
3026 4645 3296 4717 Origenes
3340 4644 3399 4701 in
3426 4644 3595 4718 opere
3653 4647 3793 4715 περὶ

2208 4714 2420 4773 έύγῆς.

2282 4733 2606 4869 ’τῂν
2654 4785 3573 4869 μελίιησὰντων-παρςυσίαν,
3632 4785 3794 4869 osci-

2212 4866 2333 4912 tans
2365 4857 2453 4910 hic
2478 4857 2740 4911 librarius
2769 4858 2892 4911 loco
2914 4871 3021 4910 non
3051 4872 3151 4911 suo
3190 4858 3377 4926 posuit
3436 4861 3790 4927 περικοπήνς

2209 4944 2332 4999 quae
2355 4942 2469 4999 non
2503 4928 2731 4999 omnino
2753 4927 2822 4981 ad
2846 4928 3006 4999 hanc,
3038 4927 3132 4981 sed
3156 4928 3227 4999 ad
3254 4939 3575 4997 sequentem
3629 4931 3793 4997 plane

2210 4998 2535 5069 petitionem
2566 4998 2827 5069 pertinet.
2861 4998 3060 5069 Totum
3096 4998 3264 5069 igitur
3290 5000 3472 5053 locum
3526 5000 3610 5052 sic
3654 5014 3795 5053 con-

2211 5068 2447 5123 stituens
2471 5084 2592 5122 esse
2622 5068 2890 5133 arbitror;
2921 5068 3161 5138 Διὸῶμεν
3180 5070 3463 5138 ἀγιότητα,
3496 5069 3797 5138 ὀνομάζον-

2211 5085 2447 5123 sutuens
2471 5085 2592 5122 esse
2622 5085 2890 5133 arbitror;
2921 5085 3161 5138 Διοωμεν
3180 5085 3303 5135 αγιο
3380 5087 3463 5132 τα,
3496 5085 3794 5138 ονομαςον-

2210 5156 2299 5199 τες
2330 5138 2482 5191 Θεὸν.
2530 5139 2783 5191 Ἑλθέτω
2815 5140 3102 5203 ,ϐασιλεία
3134 5154 3272 5193 σου.
3306 5085 3384 5192 ΞΕ
3452 5140 3558 5192 τῶν
3588 5141 3794 5208 μελλη-

2213 5208 2822 5280 σάντων-παρουσίαν.
2843 5209 3066 5279 Ἐπειδὴ
3096 5210 3173 5263 δέ.
3196 5209 3451 5265 Nostram
3488 5224 3625 5263 vero
3648 5210 3795 5265 hanc

2210 5279 2656 5333 emendationem
2684 5290 2837 5333 extra
2870 5281 3100 5335 dubium
3164 5282 3321 5349 ponit
3392 5288 3550 5335 vetus
3615 5281 3796 5334 inter-

2253 5366 2341 5404 res
2375 5352 2469 5419 qui
2502 5351 2616 5403 hac
2642 5350 2825 5402 omnia
2857 5352 2908 5403 in
2961 5366 3063 5403 suo
3102 5351 3293 5404 codice
3338 5351 3532 5405 eodem
3591 5351 3794 5403 ordine

2233 5432 2353 5475 ccta
2385 5422 2578 5473 Latine
2602 5420 2829 5473 redidit.
2856 5451 2925 5458 —
2948 5421 3102 5474 llanc
3132 5420 3577 5475 emendationem
3602 5420 3659 5475 in
3681 5421 3796 5475 edi.

2217 5491 2363 5544 tione
2392 5490 2736 5544 admisimus.
2764 5490 2915 5544 an.

2284 5561 2360 5631 (5)
2391 5561 2534 5626 Θεὸς
2555 5560 2863 5627 ἄνθρωπος
2916 5560 3188 5627 Χριστός.
3222 5559 3563 5616 Sententiam
3604 5558 3794 5631 turbat

2213 5630 2348 5686 illttd
2373 5631 2660 5701 ἄνθρωπος
2700 5640 2756 5684 et
2812 5632 3019 5685 rectius
3066 5631 3247 5685 omitti
3298 5640 3516 5701 potest;
3572 5640 3635 5684 ut
3691 5630 3790 5688 sit,

2213 5702 2372 5769 φύσει
2395 5703 2526 5765 Θεὸς
2552 5701 2805 5770 Χριστός,
2831 5702 2977 5755 sicut
3006 5702 3059 5754 in
3110 5716 3212 5755 suo
3241 5703 3432 5758 codice
3458 5701 3592 5771 legit
3632 5710 3793 5754 vetus

2215 5773 2491 5841 interpres
2519 5790 2530 5824 :
2565 5770 2807 5825 Christus
2837 5781 3034 5825 natura
3060 5771 3225 5825 Deus.

2286 5838 2684 5907 (6)”Σώματος.
2715 5842 3004 5908 Pergithic
3043 5841 3315 5911 interpres
3335 5841 3425 5896 his
3444 5839 3667 5897 verbis:
3700 5838 3791 5892 γει
