4032 6534
284 372 431 440 3333

790 486 1009 554 Ἀρτον
1040 482 1375 537 ἐπιούσιον.

360 580 570 649 Ἄρτον
600 577 658 632 δὲ
683 576 1047 647 ἐπιούσιον-ἢ
1076 576 1151 646 (7)
1168 575 1259 627 τὸν
1279 572 1614 626 συνιστῶντα
1631 572 1693 626 τὸ
1711 571 1871 642 σῶμα

286 669 444 741 ἡμῶν
464 685 619 740 φησι,
649 668 918 734 τουτέστι,
938 666 1032 721 τὸν
1054 667 1156 737 ἐφή
1164 682 1229 735 με
1241 664 1401 737 pomi}
1424 663 1514 717 τὸν
1531 664 1754 718 ἐπιόντα
1770 663 1871 735 (8),

288 760 386 815 καὶ
417 760 873 831 προσδοκώμενον
925 757 1021 811 τοῦ
1048 756 1369 827 Πνεύματος
1395 756 1658 821 ζωοποιδν
1685 756 1869 825 ἄρτον,

285 853 536 909 τουτέστι
587 851 678 905 τὸν
746 851 1042 920 μὲλλονταυ
1102 849 1634 919 ὀνοματοπεποίηται
1693 850 1874 901 τοίνυν

287 945 606 1000 ἐπιούσιον
629 946 727 1017 (9),
757 944 966 1018 ἦπαρὰ
997 944 1057 997 τὸ
1087 943 1298 997 ἐπιέναι
1335 945 1428 995 καὶ
1451 942 1870 1013 ὑπερέρχεσῦαι,

290 1036 381 1090 ἵνα
406 1032 464 1108 ᾖ,
506 1035 597 1089 τὸν
656 1034 729 1107 μὴ
777 1034 872 1088 τοῦ
913 1034 1208 1098 ἐνεστῶτος
1244 1032 1440 1097 αίῶνος
1478 1035 1697 1099 οἰκεῖον,
1738 1034 1875 1087 ἀλλά

289 1128 385 1181 τὸν
415 1127 886 1199 ἀποδοθησόμενον
916 1129 972 1180 ἐν
1002 1126 1079 1197 τῷ
1122 1127 1368 1198 μέλλοντι
1406 1128 1519 1190 τοῖς
1551 1126 1746 1193 ἁγίοις,
1769 1125 1875 1193 δι’δς

292 1220 441 1289 ἡμῖν
464 1220 599 1288 ᾔδη’
635 1220 691 1291 ἢ,
719 1219 949 1291 ἐπείπερ
970 1220 1125 1273 οὐσία
1148 1219 1353 1289 κυρίως
1375 1220 1521 1272 ἐστὶν
1542 1221 1574 1289 ἡ
1601 1219 1875 1272 ἐνεστῶσα

293 1313 387 1366 καὶ
421 1312 658 1383 βέϐαιος,
688 1309 780 1367 οἷα
809 1315 841 1384 ή
897 1315 995 1382 τῆς
1017 1312 1193 1382 ψυχῆς
1223 1314 1380 1382 ἡμῶν
1410 1311 1591 1380 φύσις,
1635 1311 1875 1382 φοροῦσα

290 1406 353 1459 τὸ
385 1407 507 1459 κατ’
543 1406 728 1459 εἰκόνα
749 1405 843 1459 τοῦ
868 1406 1100 1478 ἀοράτου
1124 1405 1283 1469 Θεοῦ,
1316 1405 1457 1458 κατά
1483 1403 1641 1457 τοῦτο
1674 1404 1873 1472 λέγοιτ’

294 1497 362 1550 ἂν
395 1498 423 1549 ὁ
442 1500 507 1568 τῇ
532 1498 738 1566 κυρίως
764 1498 924 1569 οὐσίᾳ
952 1496 1174 1567 ὁμιλῶν,
1226 1496 1391 1567 ἄρτος
1420 1495 1713 1559 ἐπιούσιος,
1745 1495 1875 1559 Θεὸς

293 1585 369 1639 ὢν
393 1586 570 1655 λόγος,
598 1587 711 1648 ζῶν
746 1588 949 1655 ἄρτος.

1175 364 1582 430 EXPOSITIO
1607 366 1689 428 IN
1720 364 2167 429 ORATIONEM
2203 365 2656 429 DOMINICAM-

3405 365 3550 433 333i

2081 479 2283 536 Panem
2315 491 2556 537 nostrum
2585 478 2950 551 quotidianum
3002 476 3071 533 da
3096 479 3242 533 nobis
3273 476 3445 535 hodie.

2048 573 2251 630 Panem
2281 592 2413 630 vero
2448 574 2741 639 ἐπιούσιον,
2789 574 2875 629 vel
2897 573 3299 645 eumintelligit
3321 590 3430 645 quo
3460 591 3557 630 uo-

1979 673 2154 720 strum
2174 682 2376 737 corpus
2391 675 2732 723 sustentatur
2750 706 2764 732 ,
2805 666 2855 721 id
2881 674 2985 733 est,
3011 665 3394 736 quotidianum
3423 683 3436 721 :
3465 666 3555 722 vel

1978 755 2220 819 ἐπίοντα,
2268 756 2375 811 hoc
2397 766 2501 821 est,
2538 756 2783 811 futurum
2809 757 2934 826 (hac
2959 765 3144 811 autem
3180 758 3331 811 velut
3353 756 3556 827 ὀνομα-

1977 848 2232 915 τοποιία,
2288 863 2385 904 seu
2433 849 2676 903 nominis
2741 849 3101 915 conlictionc,
3152 849 3438 904 derivatur
3496 849 3558 901 τὸ

1982 940 2276 1005 ἐπιούσιον,
2300 942 2414 995 sive
2437 940 2489 995 id
2513 942 2672 1011 cujus
2693 940 2882 995 eadem
2908 958 3033 996 cum
3072 941 3259 1011 aliquo
3306 941 3559 996 essentne

1982 1035 2122 1088 ratio
2156 1036 2260 1105 cst)
2291 1036 2375 1090 vel
2401 1036 2552 1106 παρᾶ
2572 1035 2630 1087 τὸ
2666 1034 2909 1088 ἐπιέναιε
2965 1035 3070 1089 Ιιοε
3102 1044 3207 1099 εει,
3231 1033 3299 1089 ab
3327 1050 3393 1089 eo
3411 1033 3559 1105 quod

1980 1128 2320 1182 adventurus
2344 1140 2451 1191 est,
2478 1138 2538 1181 ut
2561 1128 2629 1183 sit
2651 1144 2845 1183 sensus
2873 1148 2886 1183 :
2918 1128 3001 1183 Tu
3024 1145 3241 1198 panem,
3273 1145 3385 1183 non
3416 1145 3560 1198 prze-

1981 1220 2123 1275 senti
2147 1220 2348 1274 smculo
2371 1236 2697 1291 congruum,
2730 1221 2823 1275 sed
2846 1236 2971 1274 eum
2995 1220 3088 1291 qui
3112 1220 3311 1275 sanctis
3331 1222 3382 1276 in
3409 1220 3559 1273 futu-

1980 1329 2103 1366 rum
2128 1313 2386 1367 saeculum
2408 1313 2684 1382 repositus
2700 1322 2805 1378 est,
2823 1314 2891 1367 da
2915 1314 3058 1367 nobis
3074 1313 3562 1378 hodieNeleuan-

1982 1401 2280 1472 doquidem
2311 1400 2468 1455 οὐσία
2488 1444 2503 1468 ,
2549 1400 2656 1457 hoc
2684 1410 2767 1455 est
2792 1401 3052 1466 essentia,
3075 1402 3295 1471 proprie
3326 1409 3381 1455 et
3406 1400 3561 1455 ﬁrma

1981 1500 2037 1546 et
2068 1492 2282 1547 stabilis
2304 1499 2410 1557 est,
2439 1491 2643 1561 quippe
2678 1506 2799 1561 qua:
2834 1491 2905 1546 sit
2938 1491 3107 1545 animi
3146 1491 3323 1545 nostri
3362 1498 3561 1546 natura

1913 1581 1953 1634 Β
1983 1598 2110 1653 qua:
2136 1583 2431 1653 imaginem
2460 1582 2755 1636 invisibilis
2784 1582 2879 1636 Dei
2915 1598 3028 1652 prae
3056 1597 3115 1637 se
3147 1581 3324 1648 ferat;
3348 1582 3561 1636 idcirco

294 1679 451 1749 panis
475 1679 751 1741 ἐπιούσιος
774 1680 820 1734 is
846 1679 953 1734 dici
993 1687 1174 1749 potest
1208 1678 1301 1747 qui
1336 1693 1461 1732 cum
1502 1693 1632 1733 vera
1682 1684 1939 1731 versatur
1965 1674 2253 1739 essentia;
2313 1674 2579 1727 nimirum
2606 1674 2752 1728 Deus
2808 1674 3072 1739 Verbum,
3114 1675 3268 1745 panis
3314 1676 3459 1728 vivus
3491 1674 3555 1727 ".

588 1768 699 1823 Καὶ
737 1769 886 1838 ἄφες
923 1771 1067 1841 ἡμῖν
1091 1770 1163 1825 τὰ
1186 1768 1578 1839 ὀφειλήματα.

367 1945 500 2005 Εῐτα
524 1949 789 2004 δυσωπῶν
818 1951 848 2004 ὁ
876 1948 1033 2018 λόγος
1084 1949 1509 2021 ἀμνησικακεῖν,
1557 1948 1871 2011 συνειδοτας
1939 1947 1951 1955 ’

296 2041 512 2105 ἑαυτοῖς
541 2042 834 2113 ἁμαρτίας,
876 2041 1194 2113 μετριάζειν
1230 2041 1495 2104 διδάσκει,
1529 2040 1590 2093 τὸ
1627 2039 1739 2111 (l0)
1765 2039 1876 2093 τῶν

300 2132 431 2186 ίσων
454 2130 847 2203 θέλειντυχεῖν,
898 2134 1032 2204 φησὶ
1094 2134 1223 2204 γάρ.
1266 2132 1374 2187 Kal
1423 2132 1575 2202 ἄφες
1610 2131 1759 2201 ἡμῖν
1804 2131 1879 2186 τὰ

299 2223 691 2294 ὀφειλήματα.
711 2227 826 2279 Πᾶν
850 2225 905 2278 δὲ
928 2224 1235 2296 ἁμάρτημα
1259 2223 1533 2295 ὁιρείλημά
1562 2227 1735 2278 ἐστιν.

1982 1764 2053 1819 Ει
2080 1765 2283 1819 dimitte
2311 1764 2456 1818 nobis
2490 1763 2665 1817 debita
2701 1772 2905 1833 nostra,
2942 1764 3075 1817 sicut
3112 1773 3160 1818 et
3213 1780 3308 1819 nos
3333 1765 3561 1818 dimitti-

2398 1870 2516 1908 mus
2545 1836 2864 1909 debitoribus
2914 1855 3129 1909 nostris.

2054 1946 2327 2018 Deinceps
2371 1949 2518 2004 idem
2552 1950 2649 2005 Dei
2678 1950 2913 2005 verbum
2964 1965 3066 2005 nos
3124 1946 3454 2005 exhortatur
3487 1947 3558 2004 ad

1982 2037 2431 2108 ἀμνησικακίαν,
2464 2039 2568 2095 hoc
2586 2039 3020 2111 estinjuriarum
3073 2040 3230 2095 nobis
3284 2039 3561 2094 illatarum

1982 2129 2341 2195 oblivionem,
2388 2131 2698 2202 praesertim
2744 2146 2868 2186 cum
2921 2140 3241 2200 peccatores
3281 2146 3383 2186 nos
3437 2146 3560 2186 esse

1985 2222 2225 2276 sciamus
2251 2230 2308 2276 et
2332 2221 2615 2278 moderate
2651 2222 2924 2293 agendum
2948 2238 3069 2277 esse
3096 2229 3305 2288 monet,
3332 2222 3379 2278 si
3422 2221 3561 2276 veli-

300 2333 427 2372 mus
455 2317 741 2372 nobiscum
763 2317 955 2372 eadem
979 2317 1358 2372 moderatione
1380 2315 1874 2371 mansuetudineve
1916 2313 2023 2384 agi.
2082 2313 2174 2367 Ait
2206 2313 2355 2368 enim
2380 2329 2396 2367 :
2420 2313 2491 2367 Et
2512 2315 2718 2368 dimitte
2750 2314 2895 2368 nobis
2914 2313 3090 2367 debita
3147 2321 3353 2381 nostra,
3423 2314 3559 2367 sicut

299 2421 351 2466 et
382 2428 473 2465 nos
498 2411 810 2465 dimittimus
842 2410 1156 2465 debitoribus
1187 2412 1399 2465 nostris.
1448 2410 1622 2465 Porro
1654 2407 1864 2478 peccati
1906 2419 2080 2478 genus
2111 2419 2274 2460 omne
2292 2405 2544 2461 debitum
2574 2415 2680 2460 est.

372 2506 435 2558 Et
463 2504 571 2575 γάρ
608 2505 682 2575 μὴ
713 2505 999 2576 ἐνδύσηται
1064 2522 1147 2564 τις
1176 2504 1275 2573 τῆς
1307 2502 1718 2574 ἀμνησικακξας
1746 2503 1881 2573 ἀρε-

299 2598 419 2668 τὴν,
455 2597 516 2650 οὐ
551 2596 773 2651 δύναται
798 2599 982 2667 τυχεῖν
1011 2596 1278 2665 ἀφέσεως.

454 2754 562 2811 Kal
582 2754 668 2825 μὴ
692 2754 1042 2825 εἰσενέγκῃς
1076 2751 1235 2824 ἡμᾶς
1261 2753 1349 2819 εις
1374 2752 1727 2821 πειρασμόν.

375 2956 505 3014 Elea
526 2958 761 3014 διδάσκει
797 2958 870 3031 μὴ
901 2956 1285 3028 παραιτεῖσθαι
1313 2955 1439 3019 τοὺς
1466 2954 1705 3024 ἀγῶνας,
1737 2952 1879 3023 πλὴν

307 3046 383 3119 μὴ
416 3049 759 3122 ἐπιρρίπτειν
804 3048 1064 3110 ἑαυτούς·
1096 3048 1144 3099 εί
1186 3046 1244 3099 δὲ
1302 3045 1514 3115 ἀνάγκη
1544 3043 1772 3113 καλέσῃ.
1805 3043 1884 3094 δεῖ

305 3140 559 3211 εὖχεσοαι
589 3141 682 3195 τοῦ
711 3140 994 3212 ῥυσθῆναι,
1038 3139 1134 3192 καὶ
1172 3138 1246 3208 μὴ
1278 3135 1609 3207 ἡττηθῆναι·
1631 3135 1660 3187 ὁ
1684 3136 1793 3203 γάρ
1824 3134 1882 3184 ἐν

2054 2499 2172 2553 Nisi
2212 2499 2337 2569 quis
2390 2507 2576 2553 autem
2610 2500 2815 2555 virtute
2837 2500 2937 2571 τῆς
2965 2497 3403 2569 ἀμνησικακίας,
3460 2511 3559 2552 εειι

1984 2591 2249 2645 malorum
2306 2591 2624 2656 oblivionis,
2684 2592 2900 2645 excolat
2945 2591 3231 2653 animum,
3278 2589 3398 2643 ﬁeri
3449 2603 3562 2643 non

1982 2690 2167 2752 potest
2191 2688 2251 2735 ut
2270 2690 2624 2752 peccatorum
2654 2681 3037 2737 remissionem
3056 2690 3455 2750 consequatur.

1989 2773 2056 2826 Et
2088 2790 2154 2827 ne
2183 2790 2276 2827 nos
2339 2774 2561 2828 inducas
2616 2776 2671 2828 in
2705 2775 3069 2827 tentationem.
3116 2771 3221 2827 Sed
3247 2772 3414 2826 libera
3471 2788 3565 2826 nos

2664 2885 2696 2919 ιι
2724 2863 2888 2918 ηιαίο.

2059 2956 2539 3013 Postremo'docet
2568 2956 2923 3012 detractanda
2943 2970 3053 3010 non
3081 2969 3205 3009 esse
3235 2954 3566 3021 certamina,

1991 3049 2065 3102 ita
2101 3057 2282 3101 tamen
2310 3064 2380 3102 ne
2428 3064 2529 3103 nos
2569 3048 2638 3101 iis
2694 3056 2902 3102 temere
2950 3046 3298 3117 objiciamus.
3332 3048 3488 3113 Quod
3521 3049 3568 3103 si

1990 3139 2294 3193 necessitas
2327 3148 2540 3209 urgeat,
2560 3140 2806 3195 orandus
2831 3148 2917 3194 est
2950 3140 3095 3194 Deus
3118 3148 3181 3193 ut
3210 3154 3314 3195 nos
3362 3140 3569 3196 liberet

309 3233 380 3301 τῇ
405 3232 549 3303 πάλῃ
577 3230 765 3294 νικῶν,
796 3228 893 3283 καὶ⁵
930 3227 1004 3298 μὴ
1042 3223 1593 3295 ἐγκαταλειπόμενος,
1625 3222 1727 3274 οὐκ
1768 3220 1882 3273 εἱσ-

1988 3246 2088 3287 nec
2108 3232 2191 3285 eis
2221 3231 2583 3286 succumbere
2633 3232 2797 3286 sinat.
2828 3230 3091 3301 Quisquis
3119 3233 3269 3287 enim
3305 3232 3481 3288 vincit
3512 3249 3571 3289 ιιι

310 3323 524 3396 ἔρχεται
580 3324 657 3386 εις
728 3320 1065 3392 πειρασμόν]
1117 3315 1447 3385 πειρασμὸς
1505 3314 1614 3383 γάρ
1674 3312 1885 3383 ἐστινὴ

311 3410 475 3487 ἧττα,
507 3416 601 3469 κα)⁸
629 3415 663 3486 ἡ
688 3413 797 3468 ἀπὸ
821 3412 916 3466 τοῦ
948 3410 1195 3465 διαϐόλου
1225 3408 1424 3477 πλάνη.
1458 3407 1516 3459 Ὀ
1532 3405 1588 3457 δὲ
1617 3404 1690 3476 μὴ
1714 3404 1889 3457 είσελ-

309 3510 510 3573 Θὼνεὶς
525 3509 714 3564 δίκτυα
740 3506 1047 3580 πειρασμοῦ
1080 3504 1322 3577 ipsisch
1347 3502 1452 3557 ἀπὸ
1478 3501 1572 3555 τοῦ
1595 3500 1886 3569 πονηροῦ.

308 3598 552 3672 Πονηρὸς
584 3600 695 3669 (Η)
728 3599 786 3653 δέ.
819 3601 968 3652 ἐστιν
1021 3599 1050 3651 ὀ
1106 3595 1377 3661 διάϐολος,
1423 3593 1485 3647 οὑ
1518 3591 1703 3663 φύσει,
1743 3590 1883 3644 ἀλλά

308 3690 657 3761 προαιρέσειο
684 3691 745 3745 οὐ
774 3689 882 3762 γὰρ
916 3688 1024 3742 τῶν
1048 3690 1110 3742 ἐκ
1145 3686 1361 3757 φύσεώς
1392 3688 1539 3739 ἐστιν
1568 3686 1600 3755 ὴ
1628 3682 1882 3754 πονηρία,

310 3783 447 3838 ἀλλα
496 3784 555 3851 ἐξ
585 3783 933 3851 αὑτεξουσίου
985 3781 1184 3846 κακίας
1232 3780 1326 3835 καὶ
1378 3776 1753 3850 προαιρέσεως
1785 3774 1868 3845 τι-

382 3945 432 3979 “
480 3943 639 4001 Joan.
672 3943 840 4013 vr,4l.

310 4126 754 4202 quemadmodum
809 4126 1046 4202 @cclesia
1095 4127 1150 4202 in
1205 4121 1347 4202 malis
1393 4118 1615 4202 pagi/ica
1647 4126 1695 4171 et
1721 4126 1879 4173 tran-

347 4198 481 4254 uillu
527 4208 640 4261 est,
683 4198 761 4251 ita
807 4198 905 4267 ﬁat
978 4206 1027 4252 et
1093 4199 1150 4251 in
1204 4190 1401 4267 terris:-
1433 4190 1627 4247 Utrum
1673 4204 1886 4267 ve_ro_e

347 4218 481 4254 umu
527 4218 640 4261 εει,
683 4218 761 4251 ua
807 4218 905 4267 μοι
978 4218 1027 4252 ει
1093 4218 1150 4251 m
1206 4218 1382 4248 terrui.
1436 4218 1627 4247 unum
1679 4218 1806 4243 vcru
1855 4218 1883 4245 ις

310 4218 515 4325 amcis
546 4268 599 4321 in
631 4267 824 4323 codice
854 4283 955 4323 suo
978 4265 1329 4323 exstantibus
1376 4262 1493 4316 hac
1518 4260 1883 4328 transtulerit,

312 4355 383 4395 an
410 4339 481 4413 de
518 4337 742 4413 proprio
781 4334 1665 4413 addiderit,‘non_satisapparet.
1755 4399 1791 4413 η

384 4410 462 4479 (7)
495 4400 604 4463 Ter
620 4400 1013 4479 ουνιονζῶντα
1044 4400 1109 4461 τὸ
1165 4400 1621 4479 σῷμαᾼιξιϊειε.
1647 4400 1886 4479 explicat

312 4470 739 4550 Ch'ry'sostomus
760 4476 852 4533 alii
898 4494 966 4533 ue
1016 4492 1157 4547 quos
1205 4470 1338 4529 citat
1368 4472 1561 4528 Suieer
1608 4472 1663 4524 in
1712 4470 1884 4525 verbo

315 4549 593 4602 ἐπιούσιοε
616 4563 771 4601 ηιιιη.
799 4495 1037 4602 ιᾟιιιιε
1058 4558 1245 4602 autem
1295 4541 1719 4602 exnlicationem
1770 4556 1881 4594 non

315 4544 593 4611 ἐπιόύσιος
616 4563 771 4601 ηιιιη.
799 4549 850 4602 1.
875 4544 1245 4603 Hanc—autem
1295 4544 1719 4613 explicationem
1770 4556 1881 4594 non

313 4620 452 4677 adeo
468 4620 662 4691 probat
684 4618 1114 4691 Qrigenes,ut_in
1127 4616 1313 4691 libello
1328 4612 1567 4691 genuino
1600 4625 1743 4691 eam,
1768 4619 1889 4691 tan-

314 4684 485 4761 quani
509 4684 899 4766 nonnullorum
928 4686 1295 4766 ψευδοδοξίαν.
1315 4684 1562 4766 rejiciat;
1603 4689 1770 4766 atque
1825 4684 1887 4766 in

314 4756 384 4816 eo
414 4769 562 4815 totus
594 4759 666 4814 sit
692 4769 753 4815 ut
777 4756 1030 4814 os'endat
1056 4772 1255 4828 panem
1281 4756 1438 4828 hunc
1462 4756 1742 4828 ἐπιούσιον
1771 4765 1884 4828 non

315 4846 437 4886 esse
496 4831 829 4901 σωματικὸν,
864 4829 961 4901 sed
1004 4821 1233 4901 omnino
1260 4898 1270 4901 Α
1297 4826 1506 4901 νοητὸν-
1531 4832 1586 4877 ει
1634 4821 1726 4901 τὸν
1763 4822 1890 4901 τρέ-

316 4917 485 4982 εροντα
511 4890 629 4982 ’τήν
655 4890 857 4970 ψυχήν.
893 4900 975 4982 _Ne
1029 4898 1225 4982 credas
1259 4890 1430 4968 igitur
1492 4894 1598 4947 hoc
1638 4890 1889 4946 scholion

316 4968 489 5027 libelli
511 4968 817 5040 huius'esse
880 4968 1359 5040 ἀποσπασμάτιον,

390 5040 465 5113 (8)
494 5030 603 5093 Τὸνἷ
632 5030 1230 5113 ῥπιόντα-τουτέοντι
1253 5036 1715 5113 Δτὸνμιέλλονςτιι.
1740 5030 1891 5113 Hanc

318 5104 541 5181 quidem
564 5109 659 5161 τοῦ
686 5112 973 5181 ,ἐπιούσιον
1010 5104 1433 5179 explicationem
1480 5104 1664 5181 verbis
1708 5104 1891 5181 consi-

322 5172 547 5251 milibus
576 5172 1256 5251 prol'ertOrigenes,qttam
1272 5188 1462 5251 tamen
1480 5176 1594 5245 ipse
1608 5172 1890 5251 improbat

321 5262 486 5320 atque
512 5244 859 5322 ist—itisvocis
886 5244 1201 5322 Etymon'ab
1231 5250 1389 5322 οὐσίᾳ
1421 5244 1721 5322 petendum
1767 5256 1888 5297 esse

321 5312 627 5377 contendit.
657 5320 833 5374 Verba
848 5312 1031 5375 autem
1062 5312 1889 5386 intermediafnposooicibpsvov

322 5390 413 5443 τοῦ
477 5387 789 5460 Πνεύματος
822 5390 1082 5452 ζωοποιὸν
1102 5392 1285 5460 ἄρτον,
1317 5390 1377 5460 Vin
1405 5384 1508 5460 suo
1529 5384 1725 5460 codice
1775 5397 1887 5437 non

326 5460 535 5531 invenit
558 5455 1043 5530 vctusinterprcs;
1070 5455 1235 5531 atque
1272 5459 1382 5525 hic,
1436 5457 1541 5512 nisi
1570 5455 1755 5519 fallor,
1802 5469 1891 5509 re-

326 5530 467 5585 ctius
484 5530 676 5583 abesse
698 5538 937 5597 possent.

399 5602 473 5668 (9)
513 5596 875 5671 Ἐπιούσιον.
933 5600 1080 5671 Lege
1107 5597 1175 5671 fro
1194 5599 1491 5671 ἐπιούσιον.
1530 5596 1701 5652 Vetus
1755 5611 1888 5651 vero

329 5670 601 5748 interpres
620 5684 727 5748 pro
787 5668 1066 5748 ἐπιοῦσι-όν
1106 5668 1158 5722 in
1193 5684 1315 5748 suo_
1351 5668 1553 5748 codice.
1594 5680 1886 5736 perperam

328 5738 591 5809 scriptum
619 5738 827 5809 invenit
850 5740 1155 5807 ὀμοούσιον,
1206 5738 1351 5794 unde
1390 5740 1480 5793 ille
1540 5738 1595 5809 in
1641 5751 1886 5791 errorem

333 5806 590 5867 inductus
624 5808 703 5866 sic
733 5806 1311 5875 transtulit,derivatur
1363 5809 1423 5863 τὸ
1458 5806 1734 5879 ὁμούσιον,
1780 5809 1888 5861 sive

1992 3322 2317 3387 certamine,
2340 3337 2445 3377 nec
2476 3323 2719 3377 animum
2767 3322 3097 3393 despondet,
3152 3322 3200 3377 is
3242 3337 3355 3377 non
3400 3322 3574 3377 intrat

1994 3413 2459 3469 intentationem.
2502 3414 2746 3468 Tentatio
2806 3414 2954 3469 enim
2983 3423 3089 3479 est,
3133 3414 3576 3485 quotiescunque

1995 3504 2220 3561 diabolo
2242 3508 2680 3572 succumbimus,
2715 3515 2771 3563 et
2821 3508 2891 3562 ab
2921 3524 2989 3563 eo
3020 3508 3073 3562 in
3123 3520 3376 3563 errorem
3409 3506 3577 3561 indu-

1992 3596 2207 3652 cimur:
2247 3599 2501 3669 quisquis
2543 3607 2727 3653 autem
2763 3598 3014 3653 cassibus
3070 3598 3394 3653 tentationis
3436 3588 3578 3650 irre-

1993 3687 2127 3743 titus
2166 3704 2277 3744 non
2302 3699 2407 3757 est,
2445 3690 2493 3747 is
2520 3691 2787 3745 liberatus
2816 3699 2902 3745 est
2944 3706 2974 3744 a
3004 3690 3170 3744 malo.
3210 3688 3382 3744 Malus
3408 3701 3578 3758 porro

1976 3778 2230 3840 diabolus
2257 3792 2362 3851 est,
2416 3799 2528 3839 non
2562 3790 2779 3850 natura,
2812 3783 2907 3838 sed
2942 3782 3277 3855 προαιρέσει,
3310 3782 3418 3838 hoc
3468 3790 3574 3847 est,

1995 4119 2051 4173 id
2083 4122 2238 4198 cujus
2262 4124 2448 4198 eodem
2501 4142 2621 4179 cum
2668 4125 2851 4198 aliqua
2883 4125 3121 4198 essentne
3173 4122 3313 4178 ratio
3350 4130 3437 4198 est
3466 4124 3573 4190 vel,

2000 4193 2162 4265 παρὰ
2192 4193 2253 4246 τὸ
2284 4194 2525 4261 ἀπιέναι,
2573 4199 2730 4265 quasi
2760 4193 2770 4198 ’
2799 4212 2929 4251 vero
2957 4194 3241 4265 ὁμοούσιον
3298 4194 3365 4265 ad
3422 4193 3574 4251 hunc

1993 4260 2177 4316 locum
2198 4265 2426 4335 omnino
2449 4260 2772 4335 pertineret,
2799 4276 2893 4321 aut
2927 4260 3001 4321 ab
3051 4264 3273 4335 ἀπιέναι
3328 4263 3572 4335 derivari

1991 4333 2349 4407 possetaNon
2372 4333 2661 4392 est—autem
2690 4337 2838 4407 quod
2894 4337 3183 4397 miremur.
3231 4334 3412 4407 decipi
3470 4351 3574 4405 po—

1992 4403 2174 4477 tuisse;
2203 4404 2351 4477 hunc
2402 4403 2805 4477 interpretem;
2868 4407 3181 4477 mirandum
3238 4405 3425 4477 potius
3464 4403 3573 4473 est,

1992 4471 2109 4547 line
2127 4475 2246 4547 ejus
2273 4476 2518 4545 sphalma
2537 4471 2564 4536 .’
2582 4485 2703 4547 post
2724 4478 2906 4533 Graeca
2942 4493 2971 4531 a
2998 4471 3255 4531 Morello_
3281 4475 3431 4547 edita
3467 4471 3575 4547 nec

2000 4541 2057 4623 in
2082 4541 2506 4627 .Bibliottieciep.
2540 4541 2596 4610 6,
2626 4547 2869 4603 editione
2892 4547 3229 4627 coloniensi,
3254 4560 3357 4600 nec
3384 4545 3438 4599 in
3466 4545 3573 4601 Pa-

2000 4613 2573 4687 risiensiﬂMorelliana
2595 4657 2609 4680 ,
2644 4634 2823 4687 neque
2876 4619 3042 4673 etiam
3109 4626 3400 4687 postquam
3436 4630 3572 4687 _mo-

2000 4694 2199 4738 nuerat
2224 4686 2458 4741 Huetius
2489 4687 2636 4742 Petri
2661 4682 2955 4742 Laodiceni
2982 4682 3172 4742 Latina
3208 4682 3275 4740 ex
3301 4684 3387 4740 his
3421 4682 3574 4740 Crte-

1998 4753 2079 4807 cis
2112 4768 2235 4810 esse
2278 4756 2419 4812 facta
2444 4757 2499 4811 in
2531 4757 2831 4813 novissima
2872 4758 2961 4813 illa
3011 4753 3366 4827 Lugdunensi
3416 4765 3577 4809 nota-

2002 4831 2116 4897 tum
2144 4836 2570 4897 correctumque
2637 4828 2841 4893 fuisse;
2876 4844 3001 4883 cum
3045 4826 3118 4881 ini
3150 4832 3428 4897 promptu
3454 4826 3568 4895 jam

1997 4894 2175 4967 posita
2202 4906 2348 4951 esset
2376 4913 2438 4951 ea
2462 4894 2624 4967 quam
2656 4915 2756 4953 nos
2780 4914 2927 4953 nunc
2981 4894 3198 4959 damus.
3233 4894 3574 4961 emendatio,

1997 4965 2396 5038 sc.__derivatur
2426 4965 2493 5021 τό
2520 4968 2793 5022 ἐπιούσιον
2828 4987 2877 5023 c.
2913 4969 2997 5023 vel
3021 4970 3171 5038 παρὰ
3210 4968 3271 5021 τὸ
3330 4967 3571 5038 ἀπιέναι.

2069 5035 2180 5104 (10)
2220 5039 2310 5097 Τὸ,
2345 5039 2461 5110 lege
2509 5039 2585 5109 τῷ
2617 5068 2688 5078 —-
2720 5040 2937 5101 θέλειν,
2974 5039 3023 5092 id
3056 5035 3160 5105 est,
3201 5053 3259 5092 eo
3288 5036 3427 5110 quod
3448 5037 3578 5091 veli-

1998 5121 2134 5168 mus,
2174 5116 2337 5162 vetus
2362 5108 2654 5173 interpres,
2689 5110 2737 5163 si
2778 5110 3016 5165 velimus.

2070 5179 2151 5244 (ll
2166 5191 2181 5245 )
2210 5178 2479 5244 Πονηρὸς
2503 5178 2569 5233 δέ
2599 5181 2770 5233 ἐστιν
2796 5184 2828 5234 ὸ
2855 5181 3153 5245 διάϐολος.
3190 5178 3315 5233 llaec
3352 5193 3579 5237 mutua-

1998 5253 2087 5323 tus
2111 5258 2201 5323 est
2217 5249 2672 5323 scholiographus
2709 5268 2737 5323 a
2766 5250 3177 5323 Clirysostomo,
3215 5250 3446 5323 cujusgin
3479 5255 3581 5307 hr-

1996 5316 2111 5396 mil.
2135 5318 2208 5396 19
2254 5320 2314 5396 in_
2359 5316 2672 5396 Matthieum
2727 5322 2843 5396 haec
2880 5316 3019 5396 sunt
3048 5319 3224 5396 verba
3260 5316 3295 5373 ι’
3330 5316 3577 5396 Πονηρὺν

1998 5387 2233 5461 ἐνταῦθα
2290 5389 2531 5443 διάϐολον
2582 5392 2756 5461 καλεῖ,
2792 5421 2862 5429 -
2893 5391 3107 5461 δεικνὺς
3156 5392 3238 5443 ὅτι
3289 5393 3351 5445 οὐ
3415 5387 3579 5461 φῦσει

1994 5458 2237 5531 τοιοῦτός
2268 5462 2443 5512 ἐστιν’
2478 5462 2537 5514 οὺ
2568 5460 2678 5531 γὰρ
2714 5461 2822 5513 τῶν
2854 5463 2919 5514 ἐκ
2953 5460 3189 5529 φύσεως,
3223 5461 3358 5515 ἀλλὰ
3382 5458 3490 5516 τῶν
3516 5468 3581 5517 ἐκ

1999 5530 2370 5601 προαιρέσεως
2410 5530 2811 5601 ἐπιγενομένων
2859 5532 3009 5583 ἐστὶν
3068 5532 3099 5601 ή
3153 5533 3409 5601 πονηρία.
3445 5534 3583 5587 Κατ’

1996 5578 2189 5679 ἐξοχὴν
2215 5600 2271 5686 δέ
2302 5578 2487 5686 οέτξρςι
2506 5578 2711 5681 έκεζξος
2736 5601 3004 5686 καλεῖται,
3030 5578 3117 5655 διά
3140 5600 3240 5686 τὴν
3272 5578 3584 5686 ρεολὴν

1994 5669 2094 5736 τῆς
2125 5671 2348 5744 κακίας.
2392 5670 2555 5744 Vides
2607 5670 2721 5744 jam
2780 5671 2999 5726 tandem
3034 5686 3143 5743 quo
3187 5669 3313 5744 jure
3358 5669 3583 5744 Origeni

1996 5740 2233 5810 ascripta
2268 5742 2379 5796 sint
2405 5741 2519 5797 lucc
2552 5740 2781 5797 scholia.
