4032 6144
433 245 580 308 2239

1918 240 2018 300 DU
2063 240 2326 301 CANGII

3577 243 3710 308 2240

443 369 549 411 tem
581 352 838 410 ambonis
871 361 1108 424 partem,
1145 367 1266 422 quae
1299 351 1515 406 scilicet
1552 351 1678 404 ναὸν
1711 358 1768 405 et
1796 350 2033 421 πρόναον

2145 351 2497 422 ἐστεμμένος.
2533 353 2611 407 Ex
2644 351 2848 423 quibus
2881 351 3173 406 conﬁcitur
3218 361 3481 420 praeterea
3528 355 3708 411 amboo

435 463 535 503 seu
573 446 896 502 narthecem
932 444 1236 515 spectabat.
1270 443 1517 497 ὀπίσθιον
1547 443 1713 514 μέρος
1762 441 1854 496 τοῦ
1913 443 2025 513 ἅμα

440 539 619 602 σωνος
665 547 827 593 vocat
875 537 1104 592 Alexius
1149 536 1444 590 Aristenus
1470 536 1526 589 in
1567 549 1688 589 can.
1719 534 1783 588 21
1823 534 2023 607 Ancyr.

439 632 619 700 Atque
648 631 775 684 inde
800 627 1224 698 ὀπισοάμϐωνος
1246 626 1380 698 εύχὴ
1403 627 1681 697 appellata
1707 635 1792 680 est
1821 641 1851 680 a
1876 626 2028 680 Grae-

440 723 522 776 eis
536 738 601 776 ea
625 721 801 776 oratio
822 705 944 790 quae
969 729 1194 790 peracta
1222 734 1377 773 sacra
1409 717 1633 788 liturgia
1669 733 1700 772 a
1743 717 2030 772 sacerdote

439 827 595 866 sacra
635 811 875 865 faciente
910 809 969 863 in
1011 809 1251 863 ambone
1305 808 1372 862 ad
1422 807 1687 878 pepulum
1736 807 2027 872 recitatur,

441 900 832 969 ὲκςρωνουμένη
867 899 1019 970 παρὰ
1049 897 1142 951 τοῦ
1172 897 1367 968 ἱερέως
1391 897 1496 964 ἔξω
1526 896 1619 950 τοῦ
1657 897 1935 968 βήματος,
1969 905 2031 953 ut

441 999 527 1044 est
571 989 628 1043 in
679 989 896 1061 liturgia
925 989 982 1045 S.
1029 989 1115 1046 Jo.
1157 989 1575 1061 Cltrysostomi;
1627 1005 1749 1058 qua:
1802 989 2028 1060 quidem

441 1082 623 1136 oratio
659 1082 1050 1152 compendium
1083 1081 1362 1151 quoddam
1413 1090 1499 1136 est
1540 1081 1787 1135 omnimn
1823 1083 2031 1136 oratio-

442 1188 576 1227 num
615 1188 739 1242 quaa
784 1173 840 1226 in
883 1173 1126 1228 sacrario
1159 1173 1444 1238 dicuntur,
1475 1181 1531 1227 et
1577 1173 1647 1226 ab
1675 1173 1912 1242 ipsomet
1946 1188 2033 1228 sa-

443 1264 668 1322 cerdote
693 1263 996 1333 profertur,
1021 1274 1082 1318 ut
1103 1265 1339 1334 populus
1365 1264 1587 1318 tandem
1608 1265 1880 1336 intelligat
1905 1265 2033 1335 quis

443 1370 637 1409 earum
670 1355 1079 1424 precationum,
1118 1372 1241 1425 quae
1278 1356 1333 1410 in
1363 1355 1543 1426 adytis
1571 1356 1845 1411 hactenus
1875 1356 2032 1412 factae

445 1449 597 1507 sunt,
629 1457 830 1511 scopus
861 1441 1028 1496 fuerit
1059 1451 1115 1498 et
1145 1443 1290 1510 finis,
1322 1450 1381 1496 ut
1406 1443 1637 1498 disertis
1670 1445 1854 1500 verbis
1881 1445 2032 1498 indi-

445 1539 537 1586 cat
582 1531 889 1607 Germanus
932 1533 1250 1602 patriarcha
1304 1532 1442 1599 CP.;
1496 1534 1807 1605 cujusmodi
1856 1533 2032 1590 lerme

445 1622 555 1675 fuit
581 1621 764 1676 Oratio
792 1622 862 1675 ad
897 1621 1286 1692 complendum,
1330 1637 1425 1676 seu
1455 1622 1636 1676 missa}
1675 1621 1908 1676 Collecta
1949 1622 2035 1676 ul-

448 1713 604 1780 tima,
627 1712 694 1767 de
718 1728 826 1781 qua
840 1712 1042 1782 passim
1069 1712 1161 1781 qui
1191 1711 1260 1766 de
1289 1711 1489 1765 ritibus
1508 1711 1769 1766 Ecclesiae
1795 1711 2036 1781 scripse-

449 1813 604 1858 runt.
661 1805 815 1859 llanc
854 1804 1023 1875 igitur
1062 1804 1371 1859 orationem
1409 1804 1746 1859 recitaturus
1778 1804 2038 1859 sacerdos

449 1895 668 1952 bcmate
731 1897 1060 1968 egreditur,
1127 1897 1534 1968 ambonemque
1599 1897 1923 1953 conscendit
1962 1897 2032 1952 ab

450 1989 710 2042 orientali
752 1987 928 2053 aditu,
963 1997 1019 2043 et
1051 1987 1119 2043 ad
1161 1989 1425 2058 populum
1457 1989 1806 2044 convertitur
1836 1989 1903 2044 ad
1941 2005 2034 2044 oc-

451 2079 753 2143 cidentem,
780 2096 904 2150 qua:
929 2096 1056 2149 pars
1083 2090 1168 2136 est
1190 2081 1444 2136 umbonis
1463 2081 1675 2152 postica
1704 2091 1761 2137 et
1786 2082 2032 2147 sinistra,

451 2183 708 2240 respectu
756 2171 1013 2226 bematis.
1049 2171 1204 2228 Unde
1235 2188 1361 2228 cum
1391 2173 1683 2229 Balsamon
1722 2174 1778 2229 in
1808 2191 1931 2230 can.
1973 2177 2040 2230 12

439 2263 677 2317 concilii
722 2263 925 2318 Nicaeni
961 2280 976 2318 ι
1011 2264 1324 2336 transfugas
1357 2281 1387 2320 a
1431 2265 1538 2321 ﬁde
1565 2268 1644 2321 ait
1673 2267 1879 2323 debere
1911 2269 2041 2339 τρία

457 2351 558 2420 μὲν
589 2351 682 2421 ἔτη
716 2351 920 2418 ἔξωθεν
954 2353 1051 2421 τῆς
1087 2353 1385 2424 ἐκκλησίας
1413 2355 1664 2408 ἵστασθαι
1687 2355 1915 2408 ὄπισθεν
1941 2356 2038 2409 τοῦ

453 2440 710 2510 ἇμὸωνος
741 2442 837 2493 καὶ
878 2440 1201 2511 ἐξέρχεσοαι
1248 2442 1386 2512 μετὰ
1412 2442 1535 2510 ,τῶν
1585 2445 2036 2514 κατηχουμὲνων,

453 2531 575 2586 haec
621 2532 696 2586 ita
745 2532 1014 2602 capienda
1050 2540 1219 2598 sunt,
1253 2541 1315 2586 ut
1363 2532 1401 2586 ii
1454 2533 1597 2588 intra
1645 2534 1896 2588 ecclesiae
1942 2549 2038 2589 seu

452 2623 645 2693 templi
681 2634 834 2693 septa
869 2639 990 2679 esse
1027 2623 1428 2695 intelligantur,
1455 2625 1925 2695 quemadmodum
1951 2642 2042 2680 ca-

457 2717 775 2772 techumeni
821 2733 836 2769 :
876 2717 1081 2787 quippe
1113 2716 1260 2771 sicut
1312 2717 1349 2770 ii
1400 2725 1528 2771 ante
1558 2717 1761 2772 lectum
1790 2718 2040 2788 Evange—

455 2808 593 2862 limn
616 2808 790 2863 tndem
820 2823 1033 2863 sacram
1065 2807 1309 2862 subeunt
1351 2820 1650 2877 sacrasque
1690 2808 1959 2863 lectiones
1984 2816 2041 2863 et

456 2901 718 2956 homilias
747 2900 943 2956 auditu
978 2899 1284 2970 excipiunt,
1311 2900 1386 2955 ita
1417 2900 1508 2955 isti
1548 2899 1771 2954 ὄπισθεν
1805 2900 1900 2954 τοῦ
1929 2902 2040 2972 ἄμ-

454 2991 629 3054 ϐωνος
651 2994 779 3063 περὶ
810 2993 878 3045 τὰ
903 2991 1190 3062 κατώτερα
1227 2990 1290 3062 δὴ
1319 2991 1413 3045 τοῦ
1455 2991 1584 3044 ναοῦ
1619 2993 1949 3059 consistunt,
1981 3002 2042 3048 ut

457 3081 537 3134 ait
588 3079 824 3151 Symeon
877 3079 1424 3146 Thessalonicensis,
1477 3080 1531 3134 id
1565 3091 1680 3148 cst,
1727 3099 1836 3154 qua
1888 3093 2044 3154 parte

457 3168 618 3222 ambo
660 3168 864 3222 bemati
894 3169 1141 3238 posticus
1171 3177 1228 3223 et
1260 3169 1488 3225 sinister
1515 3172 1880 3242 conspicitur,
1919 3189 2046 3229 cum

457 3261 674 3316 ueteris
701 3261 982 3326 fidelibus,
1015 3261 1071 3316 in
1105 3261 1344 3316 statione
1377 3270 1560 3316 tamen
1594 3262 1700 3318 sibi
1725 3263 1793 3318 ad
1819 3264 2048 3320 inferio-

453 3369 576 3408 rem
616 3339 752 3409 aedis
783 3365 996 3424 partem
1029 3354 1306 3426 assignata
1330 3394 1347 3421 ,
1384 3362 1442 3408 et
1471 3370 1595 3424 quae
1631 3357 1886 3412 nartheci
1915 3374 2048 3414 con-

451 3448 732 3520 jungitur,
785 3448 839 3502 in
875 3447 1112 3503 ecclesia
1155 3456 1324 3512 stant,
1359 3447 1625 3517 finitaque
1685 3450 2048 3506 catechume-

458 3555 659 3592 norum
683 3539 845 3595 missa
877 3554 1002 3594 cum
1033 3539 1102 3594 iis
1128 3537 1434 3604 excedunt,
1459 3549 1517 3594 et
1545 3541 1598 3594 in
1632 3542 1926 3598 nartheces
1946 3559 2046 3600 seu

458 3630 707 3701 porticus
748 3646 871 3686 sese
918 3631 1215 3701 recipiunt.
1269 3631 1450 3701 Atque
1491 3630 1582 3687 hic
1631 3641 1716 3689 est
1769 3637 2046 3706 genuinus

457 3722 759 3778 verborum
801 3722 1145 3777 Balsamonis
1172 3737 1393 3787 sensus,
1421 3737 1546 3792 qua:
1581 3721 1938 3782 doctissimos
1967 3727 2048 3781 vi-

461 3830 556 3870 ros
593 3814 796 3869 frustra
823 3815 1215 3878 sollicitarum.

531 3905 619 3960 75.
655 3904 736 3959 Ad
766 3905 1021 3960 ambonis
1049 3905 1338 3977 superiora
1381 3907 1805 3964 conscendenda
1844 3908 2048 3979 duplex

460 3999 643 4069 patuit
682 3997 866 4053 aditus
909 4015 1011 4055 seu
1041 3999 1244 4071 gradus
1265 4000 1352 4056 vel
1381 4001 1527 4056 scala
1557 4011 1652 4057 aut
1694 4002 1944 4068 cochlea,
1977 4003 2048 4056 ab

458 4089 675 4144 oriente
704 4089 919 4145 scilicet
941 4099 998 4146 et
1023 4090 1336 4157 occidente,
1365 4100 1428 4146 ut
1450 4092 1506 4145 in
1530 4094 1748 4148 caeteris
1789 4094 2046 4149 amboni-

459 4181 587 4236 bus.
621 4181 822 4253 Ugutio
864 4183 1098 4238 Pisanus
1119 4198 1222 4238 ms.
1269 4200 1281 4236 :
1314 4183 1481 4237 Ambo
1511 4183 1776 4255 pulpitum
1801 4223 1818 4250 ,
1850 4186 1939 4239 ubi
1984 4202 2050 4240 ea:

461 4275 714 4329 ambabus
745 4275 985 4346 partibus
1015 4283 1140 4330 sunt
1181 4276 1418 4345 gradus;
1452 4275 1548 4344 qui
1580 4276 1805 4345 quidem
1847 4277 2050 4347 gradus

2132 459 2259 500 nem
2288 445 2567 500 exstitisse
2606 445 2752 500 inter
2796 443 3008 516 ὡραίας
3045 443 3242 509 πύλας,
3269 459 3368 513 per
3395 460 3582 514 quasa
3612 461 3711 507 nao

2129 553 2226 594 seu
2262 539 2437 594 choro
2477 539 2532 592 in
2572 553 2846 609 pronaum
2880 545 2936 593 et
2988 538 3312 593 narthecem
3348 539 3532 595 exitus
3563 553 3707 612 pate.

2129 631 2247 698 bat,
2279 639 2334 686 et
2357 631 2588 697 soleam,
2615 647 2738 702 qua:
2774 641 2930 688 extra
2961 631 3118 685 bema
3165 639 3307 696 erat,
3341 631 3421 685 uti
3451 631 3709 689 indicavi-

2131 741 2296 790 mus;
2341 725 2549 796 quibus
2579 725 2941 780 consentiunt
2989 723 3293 794 scriptores
3339 723 3410 780 de
3454 723 3573 781 aede
3621 725 3703 783 So-

2132 818 2372 889 phiana,
2407 818 2538 873 dum
2582 819 2740 872 aiunt
2778 817 3160 872 Iustinianum
3208 814 3466 872 confecto
3515 819 3713 888 templo

2131 909 2270 964 illud
2299 909 2631 979 ingressum,
2666 918 2724 963 et
2755 924 2785 962 a
2820 906 3008 977 Regiis
3027 905 3205 976 portis
3237 921 3337 961 seu
3374 905 3710 976 βασιλικαῖς,

2132 1016 2254 1071 qua:
2286 999 2494 1055 eaedem
2531 1008 2663 1054 sunt
2690 1013 2817 1054 cum
2844 997 3143 1068 Speciosis,
3174 996 3241 1050 ad
3274 997 3565 1051 ambonem
3589 1013 3712 1067 pro-

2130 1091 2384 1155 cessisse,
2415 1099 2471 1144 et
2505 1091 2561 1144 in
2587 1092 2703 1145 ha:c
2731 1091 2900 1145 verba
2923 1090 3282 1153 exclamasse,
3323 1085 3605 1160 Νενίκηκὰ
3636 1105 3708 1154 σε,

2133 1183 2404 1253 Σολομὼν.
2430 1183 2508 1238 lta
2529 1198 2696 1253 porro
2718 1182 2958 1237 confecti
2986 1190 3145 1236 erant
3163 1181 3285 1236 bini
3317 1180 3412 1235 isti
3433 1195 3712 1247 ascensus,

2136 1285 2196 1328 ut
2233 1274 2339 1330 sibi
2367 1274 2606 1329 invicem
2635 1274 2854 1328 adversi
2883 1275 2941 1328 in
2970 1289 3142 1327 unum
3173 1273 3413 1337 coirent,
3443 1280 3500 1327 et
3538 1273 3714 1327 locum

2136 1375 2368 1422 teretem
2401 1383 2499 1422 seu
2533 1366 2803 1422 circulum
2834 1365 3141 1420 edicerent.
3187 1364 3538 1427 Silentiarins
3567 1383 3579 1416 :

2247 1461 2366 1513 Εἰσὶ
2386 1461 2508 1532 γὰρ
2537 1460 2848 1532 ᾴλλήλοισιν
2879 1459 3142 1521 ἐναντίαι,
3167 1459 3477 1532 ἀμφότεραί
3515 1460 3572 1512 δὲ

2246 1533 2339 1595 Εἰς
2372 1530 2675 1601 ἓναχῶρον
2707 1530 2932 1598 ἄγουσιν
2961 1532 3075 1583 ἴσον
3114 1530 3374 1599 περιήγεῖ
3413 1531 3616 1601 κύκλῳ.

2137 1643 2293 1700 Unde
2317 1643 2499 1714 colligi
2533 1643 2754 1698 videtur
2783 1643 3075 1698 ambonem
3109 1642 3290 1697 media
3325 1643 3379 1696 in
3412 1643 3528 1698 :ede
3555 1645 3718 1709 exsti-

2145 1737 2298 1800 tisse,
2333 1752 2538 1806 neque,
2572 1746 2632 1790 ut
2669 1735 2835 1790 hodie
2867 1736 3076 1806 majora
3105 1735 3465 1790 ecclesiarum
3495 1737 3719 1806 pulpita.

2147 1836 2441 1898 utramque
2505 1829 2672 1898 pilam
2720 1827 2992 1898 attigisse.
3046 1826 3224 1895 Atque
3286 1826 3340 1880 id
3381 1828 3586 1882 evincit
3623 1844 3719 1881 vox

2146 1917 2378 1989 πύργος,
2407 1934 2515 1988 qua
2549 1917 2714 1972 ambo
2749 1917 2991 1972 donatur
3017 1931 3048 1970 a
3079 1917 3415 1980 Silentiario,
3448 1933 3569 1986 quae
3601 1933 3720 1972 cum

2146 2009 2373 2064 minime
2419 2009 2648 2079 pulpitis
2698 2008 2985 2063 hodiernis
3027 2007 3355 2072 conveniat,
3381 2007 3605 2062 videtur
3637 2005 3723 2064 ille

2145 2101 2334 2172 potius
2362 2101 2627 2156 habuisse
2659 2101 2791 2171 quid
2819 2101 2999 2156 simile
3032 2117 3157 2156 cum
3197 2098 3265 2155 iis
3304 2100 3590 2156 cathedris
3629 2117 3724 2155 ex-

2145 2192 2514 2260 celsioribus,
2567 2208 2634 2247 ex
2685 2192 2890 2263 quibus
2938 2192 3355 2249 concionatores
3420 2193 3723 2247 orationem

2148 2284 2356 2338 habent
2409 2284 2476 2338 ad
2519 2286 2781 2356 populum
2805 2326 2819 2350 ,
2847 2302 2969 2356 qua:
3017 2286 3072 2340 in
3111 2285 3445 2356 quibusdam
3478 2285 3727 2342 ecclesiis

2148 2375 2251 2432 hac
2304 2377 2470 2430 etiam
2518 2378 2575 2432 in
2617 2388 2774 2447 parte
2821 2385 3166 2433 statuuntur.
3219 2377 3458 2432 Proinde
3519 2377 3726 2433 exstitit

2147 2467 2312 2522 ambo
2342 2477 2469 2523 ante
2504 2479 2716 2538 portam
2742 2485 2953 2526 sacram
2979 2472 3264 2541 majorem,
3297 2470 3399 2525 etsi
3438 2468 3506 2524 ab
3537 2486 3601 2524 ea
3631 2469 3727 2523 ali-

2146 2565 2354 2627 quanto
2386 2557 2604 2629 longius
2630 2560 2882 2626 distaret,
2914 2561 3062 2630 quod
3090 2560 3312 2616 disertis
3332 2561 3519 2615 verbis
3545 2559 3727 2614 decla-

2150 2647 2556 2704 ratGermanus
2573 2650 2888 2720 patriarcha
2909 2649 3042 2716 CP.,
3069 2651 3322 2707 scribens
3353 2652 3444 2704 τὸν
3468 2652 3700 2720 ἄμϐωνα

2149 2739 2256 2809 πρὸ
2298 2741 2401 2809 τῆς
2431 2740 2605 2813 Θύρας
2639 2743 2732 2796 τοῦ
2772 2743 3016 2813 βήματος
3061 2745 3335 2799 ἵστασθαι.
3370 2745 3547 2799 Tanta
3567 2759 3727 2812 porro

2147 2834 2417 2903 elegantia
2443 2850 2509 2889 ac
2539 2843 2648 2889 tam
2684 2835 2954 2891 immenso
2982 2846 3206 2905 sumptu
3226 2837 3516 2891 ambonem
3551 2836 3726 2904 primo

2149 2923 2419 2978 excitarat
2453 2924 2835 2990 Justinianus,
2865 2934 2923 2980 ut
2957 2935 3132 2980 totum
3172 2942 3279 2980 una
3311 2942 3435 2981 cum
3479 2927 3626 2981 solea
3661 2943 3727 2982 ex

2070 3049 2115 3111 ϐ
2150 3017 2414 3087 onychite
2457 3017 2640 3088 lapide
2681 3017 3016 3084 confecerit,
3047 3027 3105 3073 ut
3133 3034 3195 3073 ex
3223 3017 3478 3073 Cedreno
3520 3017 3730 3073 indica-

2147 3107 2352 3163 vimus.
2370 3108 2597 3164 Addunt
2617 3109 2917 3180 scriptores
2938 3109 3007 3164 de
3028 3108 3143 3163 :ede
3167 3108 3444 3178 Sophiana
3469 3109 3725 3178 saphiris,

2147 3201 2406 3271 crystallo
2431 3211 2488 3257 et
2526 3201 2728 3271 lapillis
2753 3201 2876 3256 aliis
2907 3201 3337 3271 pretiosioribus
3357 3243 3370 3265 ,
3395 3210 3560 3270 atque
3593 3200 3731 3255 adeo

2148 3291 2426 3346 columnis
2456 3292 2665 3357 aureis,
2713 3291 3007 3346 ambonem
3049 3291 3378 3356 adornasse,
3410 3299 3466 3345 et
3499 3291 3554 3344 in
3585 3301 3733 3344 utro-

2147 3398 2256 3452 que
2279 3422 2293 3446 ,
2321 3381 2557 3436 ambone
2595 3381 2807 3436 scilicet
2837 3389 2893 3435 et
2930 3380 3104 3442 solea,
3149 3379 3217 3434 ad
3242 3379 3442 3434 millies
3471 3388 3732 3435 centenas

2148 3473 2322 3529 libras
2351 3473 2687 3544 impendisse
2719 3474 2840 3543 ejus
2874 3472 3073 3526 tributi
3101 3471 3248 3541 quod
3280 3471 3411 3525 olim
3451 3471 3730 3526 Constan~

2149 3565 2301 3620 tinus
2325 3565 2397 3619 M.
2432 3563 2672 3618 Sarbaro
2698 3563 2991 3618 Persarum
3018 3563 3134 3633 regi
3171 3562 3446 3618 indixerat
3472 3580 3485 3615 :
3522 3563 3595 3617 ita
3626 3580 3734 3617 nu-

2147 3667 2347 3728 gantur
2384 3654 2580 3726 nuperi
2631 3655 2829 3710 Graeci.
2889 3654 2958 3709 At
2991 3670 3116 3710 cum
3157 3655 3320 3710 ambo
3372 3655 3513 3720 iste,
3567 3670 3732 3724 quem

2149 3746 2450 3801 πολύολϐον
2479 3755 2536 3800 et
2571 3744 3028 3816 πολυθαύμαστον
3060 3745 3230 3800 fuisse
3261 3745 3512 3800 scribunt
3539 3743 3734 3815 Glycas

2149 3849 2206 3895 et
2238 3839 2509 3904 Codinus,
2536 3853 2670 3894 casu
2697 3837 3097 3908 hemisphaerii,
3122 3837 3218 3907 qui
3256 3851 3308 3890 a.
3343 3835 3413 3891 32
3436 3835 3734 3891 Iustiniani

2153 3932 2402 3997 accidit,
2451 3947 2562 3986 una
2609 3946 2737 3986 cum
2779 3931 2928 3986 solea
2973 3929 3251 3984 contritus
3294 3926 3530 3992 fuisset,
3561 3927 3736 3981 alium

2149 4037 2369 4079 rursum
2398 4021 2664 4077 excitavit
2683 4020 3032 4077 Justinianus
3053 4061 3067 4086 ,
3096 4019 3193 4076 sed
3223 4019 3496 4091 elegantia
3530 4033 3595 4074 ac
3637 4017 3738 4073 de-

2150 4130 2278 4170 core
2327 4115 2488 4185 longe
2533 4112 2707 4184 priori
2752 4112 3054 4184 imparem,
3103 4113 3149 4168 si
3199 4127 3307 4182 qua
3352 4111 3486 4166 fides
3533 4110 3734 4166 iisdem

2151 4206 2521 4277 scriptoribus
2563 4223 2577 4260 :
2621 4205 2725 4259 Τὸν
2753 4205 2810 4258 δὲ
2854 4203 3085 4275 ἄμϐωνα
3133 4204 3230 4257 καὶ
3273 4203 3364 4256 τὸν
3413 4201 3603 4256 σολέαν
3654 4201 3735 4274 μὴ

2150 4296 2441 4368 δυνάμενοι
2483 4297 2709 4366 ποιῆσαι
2754 4294 2995 4350 τοιοῦτον
3053 4293 3372 4359 πολυέξοδον
3423 4293 3516 4347 καὶ
3566 4292 3741 4348 πολύσς

458 4381 559 4420 seu
599 4366 786 4426 aditus
821 4365 1019 4436 gradus
1042 4365 1362 4419 ascensionis
1385 4373 1435 4417 et
1467 4365 1824 4420 descensionis
1849 4366 2040 4421 dicun-

2152 4365 2353 4456 τιμον,
2405 4365 2667 4459 ἐποίησαν
2716 4387 2880 4442 αὑτὸν
2933 4387 3221 4461 οὺραμινὸν
3288 4386 3377 4440 διὰ
3431 4384 3594 4439 λίθων
3640 4385 3741 4439 καὶ

461 4466 553 4511 tur
590 4457 881 4518 Anastasio
917 4460 1054 4514 bibl.
1097 4459 1154 4514 in
1184 4461 1452 4517 Silvestro
1486 4463 1592 4528 PP,
1639 4478 1694 4533 p.
1724 4463 1813 4518 l7.
1842 4465 2048 4520 Paulus

461 4547 817 4610 Silentiarius
849 4567 863 4604 :

458 4658 752 4748 1ξρρθάξιος
781 4659 1029 4748 βάθροις
1042 4703 1081 4746 ,ο
1098 4661 1418 4748 διδυμάονος
1461 4663 1723 4748 ἄμϐατος
1740 4665 1938 4748 οἴμοις,

489 4730 562 4783 Ων
605 4731 705 4801 μία
738 4730 837 4802 μὲν
869 4730 993 4786 ποτὶ
1022 4731 1195 4786 νύκτα
1223 4730 1561 4800 attrahat-cit,
1594 4737 1627 4806 ὴ
1675 4735 1736 4788 δὲ
1772 4730 1913 4805 ατρὸς
1937 4735 2040 4806 ἠῶ.

445 4841 706 4912 'Duplicis
733 4842 897 4898 istius
931 4858 1196 4899 ascensus
1224 4845 1480 4899 meminit
1515 4845 1682 4900 etiam
1707 4845 2049 4902 Cantacuze-

462 4945 590 4992 nus,
618 4947 656 4996 ι,
684 4931 744 4986 41
768 4949 784 4998 ;
811 4940 869 4986 et
897 4948 966 4987 ex
994 4948 1064 4989 eo
1095 4933 1368 4997 Codinus,
1399 4934 1476 4988 De
1502 4935 1646 5006 ofﬁc.
1683 4951 1733 4991 c.
1773 4937 1862 5004 t7,
1903 4953 2047 5007 quo-

455 5036 581 5077 rum
611 5025 850 5080 alterum
900 5025 1097 5080 statuit
1144 5026 1538 5094 respicientem
1571 5035 1760 5096 portas
1813 5028 2043 5098 ὡραίας,

454 5119 693 5173 alterum
740 5117 932 5171 σολὲαν
961 5125 1020 5173 et
1059 5117 1220 5174 bema
1269 5136 1280 5171 :
1325 5118 1670 5188 Κατέρχεται
1713 5121 1742 5173 ὁ
1791 5121 2049 5189 βασιλεὺς

454 5209 551 5262 τοῦ
629 5210 922 5282 ἄμϐωνας,
970 5211 1073 5264 οὐκ
1122 5211 1187 5264 ἐκ
1242 5209 1336 5263 τοῦ
1391 5211 1593 5282 μέρους
1648 5211 1833 5280 μέντοι
1873 5206 2046 5282 οὗπερ

454 5299 677 5368 ἀνῆλθε,
709 5301 878 5370 ἤγουν
909 5299 1006 5354 τοῦ
1036 5302 1170 5372 πρὸ,
1213 5300 1315 5366 τὰς
1345 5301 1556 5371 ὡραίας
1586 5301 1763 5364 πύλας
1786 5300 2046 5372 ὁρῶντος,

453 5389 574 5443 ἀλλ’
601 5391 666 5444 ὲκ
698 5392 792 5445 τοῦ
817 5393 1009 5463 ἐτέρου
1039 5393 1134 5448 τοῦ
1166 5393 1303 5464 πρὸς
1332 5393 1425 5448 τὸν
1447 5392 1656 5446 σωλέαν
1681 5392 1777 5446 καὶ
1807 5392 1868 5446 τὸ
1895 5392 2050 5460 ἅγιον

446 5480 628 5548 βῆμα.
653 5482 929 5540 Ascensus
955 5484 1022 5539 ad
1050 5485 1325 5541 orientem
1344 5485 1598 5542 meminit
1621 5486 1732 5541 Leo
1758 5485 2046 5541 Gramma-

438 5571 615 5637 zicus,
651 5589 712 5642 p.
750 5575 853 5630 466
897 5594 910 5629 :
945 5577 1208 5646 Εἰσῆλθεν
1256 5577 1426 5651 μέχρι
1456 5578 1566 5631 τῶν
1612 5577 1785 5647 ἁγίων
1829 5577 2044 5648 Θυρῶν,

433 5660 535 5709 καὶ
579 5665 977 5736 ἀναστραφεὶς
1010 5669 1181 5737 ἀνέϐη
1213 5673 1363 5742 τρεῖς
1408 5670 1653 5743 βαθμοὺς
1675 5671 1767 5724 τοῦ
1793 5669 2048 5740 ἄμϐωνος

2153 4483 2349 4534 κιόνων
2407 4481 2826 4553 ἁργυρενδύτων
2885 4481 3023 4551 μετὰ
3086 4478 3399 4550 περιφερῶν
3451 4477 3735 4548 ἀργυρῶν,

2156 4572 2295 4642 μετά
2335 4575 2436 4644 τῆς
2495 4571 2706 4637 σολέας·
2769 4571 2996 4644 τροῦλον
3043 4570 3100 4624 δὲ
3159 4570 3256 4623 τοῦ
3317 4569 3570 4640 ἄμϐωνος
3631 4569 3738 4622 οὐκ

2151 4663 2386 4736 ἠθέλησε
2431 4665 2658 4735 ποιῆσαι
2684 4703 2699 4726 ,
2728 4665 2804 4727 ὼς
2837 4660 3013 4726 εἷπον,
3047 4661 3136 4714 διὰ
3168 4660 3267 4731 τὴν
3296 4659 3499 4729 πολλὴν
3531 4658 3738 4724 ἔξοδον.

2153 4756 2222 4812 Ut
2253 4773 2374 4813 sese
2403 4773 2494 4814 res
2528 4758 2768 4823 habeat,
2802 4763 3025 4813 constat
3059 4771 3126 4810 ex
3169 4752 3493 4810 Silentiario
3535 4751 3736 4805 ambo-

2151 4866 2280 4906 nem
2309 4851 2608 4906 excitatum
2638 4860 2764 4922 post
2790 4866 2981 4906 casum
3029 4848 3211 4903 trulla:
3250 4855 3430 4902 totum
3474 4861 3541 4900 ex
3588 4858 3740 4898 mar-

2154 4959 2309 4998 more
2339 4943 2654 4999 confectum’
2682 4942 2856 4998 fuisse
2888 4959 2900 4995 :

2227 5035 2341 5088 Πᾶν
2375 5033 2431 5087 δὲ
2463 5033 2524 5086 τὸ
2551 5033 2965 5102 καλλιθὲμειλον
2991 5030 3111 5102 ἕδος
3142 5030 3418 5102 πετραῖονΔ
3435 5029 3633 5102 ἐκεῖνο,

2228 5103 2398 5157 Ἔνθα
2434 5102 2614 5173 σοφῶν
2645 5097 2910 5172 ὰνάγόυσι
2944 5101 3184 5171 θεηγόρα
3215 5097 3365 5151 δίνεα
3394 5097 3612 5167 βίϐλων.

2151 5211 2321 5267 Addit
2371 5211 2610 5282 denique
2656 5211 2902 5267 Codinus
2967 5209 3189 5264 amboni
3245 5207 3738 5278 superimpositam

2150 5302 2319 5358 fuisse
2349 5317 2596 5368 crucem,
2631 5317 2754 5371 quae
2778 5311 3000 5355 centum
3030 5300 3296 5355 librarum
3328 5301 3448 5353 auri
3479 5297 3606 5350 fuit.

2223 5394 2309 5449 76.
2363 5393 2573 5447 Bemati
2613 5399 2668 5447 et
2713 5390 2936 5446 atnboni
2977 5390 3289 5460 proximum
3341 5387 3512 5442 fuisse
3552 5386 3747 5441 locum

2154 5484 2246 5538 ubi
2283 5484 2498 5539 exstitit
2525 5493 2726 5553 puteus
2763 5499 2940 5547 sacer,
2971 5482 3376 5550 evincuntqua:
3407 5479 3474 5534 de
3501 5494 3569 5534 eo
3599 5478 3748 5532 scri-

2153 5577 2235 5631 bit
2284 5577 2626 5647 Anonymus,
2665 5575 2797 5630 aedis
2841 5575 3053 5630 scilicet
3087 5573 3378 5643 SOphianre
3417 5569 3752 5640 partcm'ih

2153 5669 2351 5726 lam-in
2379 5685 2485 5739 qua
2514 5679 2673 5724 erant
2710 5667 2862 5736 ἅγιον
2895 5665 3068 5737 φρέαρ
3119 5665 3212 5718 καὶ
3254 5663 3313 5716 τὸ
3351 5662 3750 5727 Θυσεαττῆρῑον
