4032 6144
259 184 391 247 2241

1469 181 1920 244 DESCRIPTIO
1960 186 2019 245 S.
2058 184 2377 250 SOPHI/E.

3402 186 3546 255 224-2

254 296 381 348 ὅλον
439 294 529 344 καὶ
592 293 622 343 ὁ
676 292 840 353 τόπος
900 290 995 343 τοῦ
1059 289 1333 360 ἄμῗωνος,
1390 290 1612 343 domum
1678 290 1848 344 fuisse

1963 293 2171 347 rariores
2211 303 2260 347 et
2294 296 2510 350 totidem
2547 295 2882 367 superiores,
2917 306 2972 352 ut
3003 300 3066 352 ab
3105 302 3211 355 ima
3242 303 3540 371 pavimentc

258 384 548 456 cujusdam
584 382 841 437 Antiochi
871 382 1133 437 eunuchi.
1160 381 1555 451 Appellationis
1579 382 1849 437 rationem

254 493 387 531 mox
439 475 645 545 prodit,
706 474 1033 543 dictumque
1089 473 1199 525 ἀπὸ
1254 472 1347 525 τοῦ
1414 473 1693 542 στομιδίου
1754 473 1849 526 τοῦ

255 570 520 639 φρέατος,
555 567 645 621 cui
711 565 960 620 insidens
1014 564 1272 620 Christus
1327 579 1451 617 cum
1507 562 1852 619 Samaritana

252 660 573 715 collocutus
602 668 688 713 est
708 700 722 725 ,
748 658 897 727 quod
928 673 957 712 a
988 656 1234 712 Samaria
1265 656 1559 711 advectum
1591 656 1698 710 hoc
1726 657 1851 710 loco

254 752 507 823 positum
539 758 623 805 est
649 768 660 803 :
685 749 875 803 τούτου
902 749 1012 819 γὰρ
1040 749 1199 819 χάριν
1227 749 1429 819 ἐκλήθη
1461 750 1617 817 ἅγιον
1651 750 1847 820 φρέαρ.

255 845 472 899 Auctor
536 842 873 896 narrationis
946 840 1202 895 miraculi
1251 842 1310 892 ὲν
1336 839 1413 892 τῶ
1466 838 1607 910 ἁγίῳ
1654 840 1851 908 φρέατι

254 936 361 1002 τῆς
394 933 638 1004 μεγάλης
660 928 957 999 ἐκκλησίας
988 927 1147 994 editi,
1180 944 1345 999 quem
1367 927 1703 983 Combeﬁsio
1732 931 1851 982 viro

254 1024 668 1087 eruditissimo,
695 1030 757 1076 ut
790 1021 1028 1091 plurima
1062 1020 1190 1085 alia,
1223 1019 1512 1083 debemus,
1532 1019 1600 1073 ad
1635 1029 1851 1088 portam

256 1116 457 1186 templi
491 1114 817 1170 orientalem
846 1120 1074 1184 puteum
1112 1110 1280 1166 istum
1322 1127 1541 1165 sacrum
1570 1111 1851 1166 exstitisse

256 1209 447 1264 innuit
483 1225 497 1261 :
541 1209 628 1260 Ἐν
658 1208 837 1278 τούτῳ
870 1207 933 1276 δὴ
975 1206 1052 1277 τῷ
1086 1205 1289 1276 σεπτῷ,
1336 1205 1480 1276 φημὶ
1504 1244 1518 1266 ,
1549 1206 1651 1257 ’καὶ
1689 1223 1850 1275 περι-

255 1303 606 1374 ιιινύμῳναιῖ)
661 1301 827 1355 εἰκών
881 1318 964 1364 τις
995 1302 1060 1353 ὲκ
1110 1300 1425 1371 χρωμάτων
1473 1299 1712 1370 Χριστοῦ
1755 1298 1848 1353 τοῦ

257 1394 521 1464 ἀληθινοῦ
556 1392 693 1447 Θεοῦ
722 1391 883 1464 ήμῶν
931 1391 1023 1445 ὲπί
1054 1409 1199 1456 τινος
1228 1392 1459 1456 πίνακος
1491 1392 1848 1463 ἀναγεγραμ-

262 1486 408 1557 μένη
452 1485 595 1539 κατὰ
639 1485 736 1556 τὴν
768 1484 909 1555 ἑῴαν
939 1483 1138 1555 πύλην,
1175 1485 1234 1537 ὲν
1328 1485 1361 1555 ἡ
1393 1483 1526 1552 ἁγία
1559 1485 1850 1554 ὲπιστομὶς

260 1577 358 1630 τοῦ
393 1579 629 1649 φρέατος
662 1577 876 1631 ἐκείνου
920 1576 1019 1646 τῆς
1070 1576 1490 1647 Σαμαρείτιδος,
1536 1575 1661 1629 καθ’
1702 1576 1769 1647 ἣν
1815 1578 1849 1647 ὴ

257 1671 497 1741 ἀληθινὴ
560 1669 712 1741 πηγὴ
739 1711 753 1735 ,
813 1671 841 1723 ὁ
881 1660 981 1740 τῆς
1010 1667 1264 1737 γνώσεως
1294 1668 1557 1739 ποταμὸς,
1588 1669 1621 1738 ἡ
1656 1669 1853 1740 μηκέτι

257 1763 427 1834 διψῇν
480 1763 712 1817 εἰποῦσα
783 1763 982 1827 πόσις,
1047 1761 1282 1832 Χριστὸς
1358 1760 1720 1833 οἰκονομικῶς
1784 1764 1851 1835 τῇ

257 1854 625 1926 Σαμαρείτιδι
656 1854 1065 1925 καθωμίλησεν.
1086 1852 1211 1907 ‘Ent
1234 1852 1410 1925 τούτῳ
1436 1854 1470 1924 ἡ
1511 1852 1613 1924 τῆς
1647 1854 1853 1924 Gemit:

263 1947 478 2010 εἰκόνος
522 1946 855 2017 ἀνακειμένη
893 1948 1120 2019 ἐτιμᾶτο
1148 1947 1361 2019 γραφὴ,
1396 1948 1853 2019 προσκυνουμένη

264 2040 366 2093 καὶ
409 2037 679 2109 σεϐομένη
716 2038 951 2101 πιστῶς.
1001 2038 1156 2093 Sacri
1204 2038 1366 2093 istius
1411 2037 1565 2108 putei
1598 2038 1855 2093 meminit

265 2141 539 2203 praeterea
573 2131 799 2186 Nicetas
827 2130 1103 2202 Paphlago
1148 2131 1203 2185 in
1229 2131 1355 2185 Vita
1390 2129 1587 2201 lgnatii
1611 2130 1853 2200 patriar-

263 2224 411 2288 cha,
446 2239 503 2294 p,
539 2223 665 2285 712,
692 2226 783 2280 ed.
815 2222 1029 2278 Concil.
1066 2222 1227 2286 1618,
1266 2232 1326 2277 ut
1356 2232 1413 2277 et
1438 2221 1602 2293 βήλου
1637 2240 1853 2294 κρεμα-

267 2314 438 2385 μένου
486 2317 567 2378 si;
599 2315 658 2367 τδ
694 2316 852 2383 ἅγιον
885 2315 1062 2386 φρέαρ
1095 2314 1495 2370 Constantinus
1540 2314 1856 2385 Porphyro-

265 2417 529 2476 genncta.
561 2406 728 2461 Addit
760 2407 905 2462 idem
945 2407 1273 2478 Anonymus
1320 2405 1683 2462 l‘lierichunte
1717 2407 1854 2461 alla-

269 2509 357 2553 tas
388 2500 551 2554 tubas
578 2516 749 2555 azreas
778 2499 846 2554 ad
879 2509 1131 2555 sanctum
1164 2508 1396 2569 puteum
1425 2498 1659 2568 positas,
1689 2507 1745 2553 et
1784 2498 1852 2553 ad

273 2609 468 2649 earum
524 2594 945 2650 similitudinem
990 2609 1130 2664 quas
1179 2602 1295 2648 tum
1335 2595 1515 2664 angeli
1567 2592 1852 2657 tenebant,

272 2700 405 2740 cum
456 2686 791 2741 leriehuntis
841 2687 989 2740 muri
1040 2702 1336 2749 corruere,
1387 2685 1614 2741 ellictas.
1664 2685 1856 2740 Refert

270 2778 519 2849 denique
563 2778 811 2835 Codinus
864 2779 1034 2848 (quod
1085 2780 1211 2835 silet
1266 2778 1610 2851 Anonymus)
1664 2778 1855 2833 sellam

270 2868 329 2923 S.
352 2868 701 2924 Constantini
724 2869 1098 2939 (imperatoris
1122 2867 1340 2937 nempe)
1366 2868 1591 2923 stetisse
1618 2866 1854 2938 ὕπερθεν

268 2956 363 3009 τοῦ
396 2958 629 3027 φρέατος
659 2957 838 3024 ἁγίου,
868 2943 1055 3011 ἐπάνω
1078 2957 1184 3009 τῶν
1214 2955 1553 3025 σαλπίγγων.

342 3052 434 3104 77.
479 3052 525 3103 Α
559 3050 783 3104 bemate
835 3051 907 3103 in.
940 3052 1237 3105 secundam
1275 3059 1331 3105 et
1378 3050 1618 3105 mediam
1665 3050 1855 3120 templi

272 3148 493 3211 partem
553 3140 713 3194 novis
757 3141 1021 3196 cancellis
1072 3143 1415 3197 obstructam
1476 3142 1854 3211 pervenimus,

271 3247 439 3301 quam
490 3229 665 3285 Graeci
714 3233 840 3284 ναόν
885 3232 1151 3301 peculiari
1197 3248 1263 3287 ac
1312 3232 1543 3302 proprio
1586 3232 1858 3287 vocabulo

269 3333 498 3386 vocant,
531 3323 588 3377 in
618 3338 725 3391 qua
754 3337 865 3376 non
896 3322 1087 3377 ﬁdeles
1117 3337 1330 3387 omnes,
1354 3322 1433 3376 uti
1461 3323 1578 3376 vult
1602 3321 1857 3385 Allatius,

274 3416 367 3470 sed
403 3417 505 3470 soli
538 3413 723 3470 clerici
755 3430 819 3469 ac
844 3423 1098 3469 cantores
1129 3415 1526 3469 consistebant.
1555 3414 1691 3469 Cum
1726 3427 1860 3468 vero

275 3522 407 3576 pars
431 3507 527 3560 illa
570 3504 757 3574 templi
796 3506 851 3558 in
891 3514 1123 3559 teretem
1163 3506 1248 3559 vel
1284 3514 1435 3559 certe
1483 3505 1696 3558 ovalem
1742 3504 1860 3557 for-

277 3612 420 3649 mam
474 3596 945 3659 contraheretur,
1004 3596 1132 3650 inde
1180 3597 1340 3667 χορόν
1396 3612 1518 3651 eam
1580 3596 1859 3652 interdum

277 3688 631 3757 appellarunt
674 3688 888 3753 Graeci,
935 3691 1151 3743 chorum
1186 3689 1390 3744 Latini.
1425 3690 1711 3745 Ebrardus
1753 3690 1858 3744 Be-

278 3780 595 3834 thuniensis
625 3781 680 3834 in
704 3779 998 3835 Graecismo
1031 3798 1045 3834 :

347 3870 446 3942 {Est
472 3871 557 3942 hic
587 3870 740 3923 turba
771 3872 960 3924 chorus
985 3888 1003 3936 ;
1026 3872 1117 3942 qui
1140 3878 1318 3926 ventat
1353 3873 1409 3925 in
1435 3873 1578 3938 aere,
1605 3872 1823 3936 chorus;

345 3939 611 3993 Cancelus
646 3949 720 3993 est
747 3942 957 4006 chorus,
980 3939 1110 4007 elc.,

277 4057 371 4112 ubi
409 4066 593 4109 tamen
641 4054 871 4109 chorum
918 4071 1211 4126 perperam
1255 4071 1379 4110 cum
1429 4055 1674 4112 cancello
1725 4070 1860 4110 con-

279 4148 439 4212 fudit,
465 4147 595 4217 quia
626 4145 768 4202 forte
795 4146 941 4217 apud
974 4147 1200 4201 Latinos
1222 4148 1505 4203 inferioris
1532 4148 1710 4203 aetatis
1735 4163 1860 4219 pars

278 4240 371 4293 illa
407 4239 620 4308 templi,
648 4238 701 4292 in
726 4253 836 4308 qua
867 4247 1087 4294 exstant
1118 4240 1294 4294 altare
1321 4248 1377 4294 et
1405 4240 1631 4306 chorus,
1663 4240 1861 4295 iisdem

1958 386 2207 453 procedat
2232 387 2521 455 quadrata,
2558 388 2746 443 deinde
2771 390 2916 443 intra
2950 399 3063 443 octo
3085 391 3221 460 pilas
3244 395 3299 446 in
3331 406 3544 450 ovatam

1956 475 2186 543 formam
2231 478 2601 541 contrahatur,
2641 495 2806 547 usque
2832 478 2901 532 ad
2943 488 3283 533 curvaturam
3315 493 3544 551 quatuor

1957 585 2178 621 arcuum
2213 571 2590 623 sustinentium
2634 572 3080 641 hemisphterium.
3124 570 3403 626 Sedebant
3440 591 3542 628 au-

1956 670 2063 716 tem
2093 662 2284 715 clerici
2312 669 2368 716 et
2395 670 2655 716 cantores
2684 663 2752 716 ab
2797 672 3031 733 utraque
3067 671 3223 732 parte
3266 665 3323 716 ἐν
3355 682 3542 718 στασι-

1954 752 2109 818 δίοις,
2149 761 2210 806 ιιι
2237 763 2324 808 est
2356 752 2412 806 in
2444 752 2791 824 Euchologio.
2934 772 2937 773 '
3070 824 3075 827 1

2025 843 2113 897 78.
2152 844 2295 896 Ναόν
2343 853 2399 897 et
2433 844 2669 900 chorum
2706 844 3048 914 SOphianum
3091 844 3423 900 conﬁciebat
3457 855 3539 900 ιον

1956 946 2072 991 tum
2102 935 2241 989 illud
2292 936 2564 1005 spatium,
2601 936 2749 1005 quod
2787 935 2936 990 intra
2974 946 3215 1006 quatuor
3256 937 3397 1007 pilas
3428 954 3544 993 ma-

1948 1026 2102 1095 jores
2144 1026 2486 1089 continetur,
2521 1027 2681 1096 cujus
2707 1026 3027 1091 umbilicus,
3059 1028 3146 1081 cui
3178 1043 3373 1098 nempe
3410 1044 3541 1083 cen-

1954 1125 2103 1169 trum
2141 1117 2356 1186 copula:
2390 1132 2488 1172 seu
2541 1118 2719 1171 trullze
2756 1117 2822 1171 ad
2857 1119 3317 1188 perpendiculum
3358 1120 3547 1173 immi-

1953 1218 2081 1274 net,
2110 1209 2330 1264 videtur
2379 1210 2648 1279 appellari
2701 1208 2947 1280 ὀμφαλὸς
2986 1226 3084 1265 seu
3128 1211 3189 1262 τὸ
3228 1212 3396 1280 μέσον
3446 1213 3539 1264 τοῦ

1952 1300 2080 1356 ναοῦ
2116 1303 2264 1373 apud
2293 1303 2560 1367 Marcum,
2584 1301 2661 1355 De
2689 1303 2860 1356 dubiis
2887 1303 3093 1373 typicis,
3129 1317 3179 1357 c.
3205 1303 3294 1367 96,
3331 1303 3540 1373 μεσόμο

1954 1393 2123 1463 φαλος
2148 1394 2417 1466 Gregorio
2444 1393 2770 1449 Caesariensi
2787 1402 2929 1449 orat.
2964 1395 3019 1449 in
3041 1394 3296 1449 Niaenos
3328 1395 3539 1460 Patres,

1953 1495 2009 1541 et
2047 1487 2306 1557 μεσόναος
2339 1487 2483 1558 apud
2516 1488 2898 1543 Balsamonem
2938 1488 2995 1542 in
3019 1489 3085 1543 74
3116 1505 3238 1543 can.
3290 1489 3540 1543 Trullan.

2029 1578 2116 1634 79.
2149 1578 2255 1634 Per
2302 1578 2439 1633 alios
2498 1594 2633 1634 vero
2680 1579 2985 1634 cancellos
3014 1579 3368 1634 dividebatur
3418 1595 3544 1649 pars

1957 1667 2050 1723 illa
2107 1668 2295 1738 templi
2352 1668 2756 1731 sacerdotibus,
2816 1668 3059 1732 clericis,
3118 1677 3175 1721 et
3221 1668 3545 1723 cantoribus

1956 1758 2177 1814 addicta
2212 1758 2280 1813 ab
2313 1774 2377 1813 ea
2405 1759 2461 1813 in
2487 1774 2595 1829 qua
2626 1758 2816 1815 ﬁdeles
2843 1758 3247 1822 consistebant,
3279 1758 3541 1812 inferiore

1955 1866 2178 1921 nempe,
2209 1857 2265 1905 et
2298 1866 2421 1921 quae
2454 1851 2522 1907 ad
2556 1851 2880 1905 narthecem
2911 1850 3109 1921 vergit.
3155 1849 3267 1904 Leo
3309 1848 3428 1904 Ost.
3459 1865 3537 1913 ιιι,

1955 1942 2025 1997 27
2058 1959 2070 1994 :
2110 1941 2359 1997 Frontem
2392 1943 2555 1997 etiam
2579 1944 2746 2007 chori,
2782 1958 2937 2013 quem
2964 1942 3021 1994 in
3055 1943 3225 1995 medio
3269 1942 3376 2011 fere
3401 1941 3541 1995 basio

1958 2034 2072 2089 lica:
2112 2036 2343 2100 statuit,
2410 2042 2640 2105 quatuor
2698 2035 2906 2105 magnis
2963 2049 3293 2087 marmorum
3347 2034 3542 2087 tabulis

1954 2128 2133 2198 sepsit.
2161 2126 2266 2183 Ubi
2297 2141 2428 2181 vero
2464 2142 2589 2197 pars
2624 2126 2715 2180 illa
2748 2125 2931 2179 media
2973 2124 3108 2179 aedis
3143 2125 3437 2194 Sophiante
3474 2127 3543 2180 ab

1958 2217 2219 2272 inferiore
2264 2217 2647 2287 separabatur,
2684 2226 2745 2270 ut
2786 2216 2841 2268 in
2885 2215 3119 2269 hematis
3153 2217 3437 2277 cancellis.
3471 2217 3543 2271 ita

1958 2309 2013 2362 in
2063 2325 2128 2363 ea
2182 2310 2554 2380 ex5urgebant
2604 2309 2875 2363 columnae
2943 2322 3288 2361 marmoreae.
3352 2307 3545 2362 Tradit

1957 2401 2162 2470 quippe
2195 2400 2407 2472 Gyllius
2443 2401 2589 2455 inter
2614 2401 2754 2470 pilas
2781 2398 2921 2453 duas
2943 2439 2957 2463 ,
2984 2400 3192 2469 quibus
3227 2400 3543 2454 sustinetur

1958 2502 2155 2560 quarta
2181 2507 2310 2562 pars
2344 2491 2575 2560 sphznrze
2614 2490 2980 2545 occidentalis
3005 2530 3021 2556 ,
3063 2500 3301 2561 quatuor
3325 2503 3544 2549 exstare

1959 2582 2249 2637 columnas
2286 2583 2530 2648 virides,
2563 2583 2902 2652 easdemque
2933 2582 3094 2638 binas
3138 2582 3285 2639 inter
3322 2600 3381 2639 se
3409 2601 3545 2640 coa-
3581 2640 3592 2662 ί

1954 2675 2215 2744 junctas,
2246 2683 2303 2729 et
2349 2690 2446 2730 sex
2496 2674 2820 2730 columellas
2865 2674 3075 2729 virides
3119 2676 3333 2731 lonicas
3360 2718 3374 2742 ,
3420 2694 3543 2747 quas
3580 2688 3587 2743 Α

1960 2766 2107 2820 inter
2135 2781 2230 2821 eas
2264 2766 2639 2823 intercedunt.
3577 2754 3585 2816 ξ

2031 2858 2120 2911 80.
2148 2859 2218 2914 Ut
2245 2874 2411 2928 porro
2438 2860 2670 2914 cancelli
2696 2859 2932 2916 hematis
2960 2860 3138 2915 tribus
3153 2860 3548 2930 aperiebantur

1885 2972 1929 3034 ρ
1964 2949 2169 3019 portis,
2197 2949 2271 3004 ita
2314 2951 2547 3004 cancelli
2582 2950 2711 3004 ναοῦ
2736 2991 2751 3017 ,
2781 2952 2961 3006 media
3001 2951 3219 3005 scilicet
3263 2952 3458 3022 majori
3490 2962 3547 3007 et

1962 3039 2181 3094 duabus
2228 3040 2541 3095 minoribus
2589 3042 2656 3095 ad
2706 3043 2902 3097 latera.
2946 3042 3128 3097 Media
3180 3043 3360 3114 ὡραία
3396 3044 3543 3113 πύλη

1960 3131 2166 3185 dicitur
2198 3131 2431 3195 Codino,
2462 3132 2537 3185 De
2566 3132 2664 3203 ΟῙΤ.
2697 3148 2749 3188 c.
2789 3134 2854 3188 17
2887 3142 2942 3188 el.
2981 3134 3046 3188 18
3080 3134 3202 3206 (nos
3235 3134 3551 3189 diceremus

1963 3222 2015 3276 la
2054 3222 2186 3276 belle
2235 3221 2404 3293 porte)
2431 3264 2444 3285 ,
2480 3223 2734 3293 βασιλικὴ
2770 3225 2825 3279 in
2855 3225 3063 3297 Typico
3099 3235 3154 3281 et
3202 3226 3550 3299 Euchologio

1961 3330 2071 3369 non
2103 3316 2272 3370 semel
2305 3324 2359 3369 et
2400 3316 2544 3385 apud
2582 3314 2859 3370 Codinum
2890 3326 2946 3371 et
2979 3320 3369 3389 Anonymum;
3407 3335 3542 3389 prm-

1962 3412 2114 3458 terea
2161 3404 2306 3473 apud
2366 3404 2607 3459 Leonem
2656 3405 2957 3461 Grammat.
2991 3422 3048 3477 p.
3081 3407 3184 3462 460
3225 3417 3281 3462 et
3304 3409 3549 3463 Marcum

1962 3492 2471 3548 llieromonachum
2498 3535 2512 3561 ,
2540 3495 2618 3548 De
2656 3496 2827 3551 dubiis
2859 3505 2968 3568 typ.
3003 3498 3093 3563 96,
3124 3498 3216 3568 qui
3266 3498 3551 3569 βασιλικὰς

1963 3586 2137 3648 πύλας
2177 3602 2205 3639 a
2240 3586 2468 3653 sanctis,
2522 3603 2645 3656 quae
2699 3588 2936 3644 bematis
2966 3599 3145 3655 erant,
3179 3592 3408 3645 omnino
3435 3593 3551 3646 dis-

1964 3678 2244 3748 tinguunt.
2276 3678 2469 3748 Regias
2510 3690 2711 3733 vocant
2760 3681 2941 3735 Latini
3002 3683 3102 3736 azvi
3150 3683 3318 3737 medii
3363 3695 3551 3753 portas

1961 3766 2325 3821 aediﬁciorum
2375 3768 2689 3837 primarias,
2726 3779 2788 3823 ut
2823 3769 3026 3841 Regula
3057 3772 3326 3841 magistri,
3361 3787 3411 3825 c.
3443 3773 3548 3835 50,

1964 3859 2053 3921 85.
2084 3860 2174 3920 95,
2209 3868 2267 3914 et
2313 3859 2607 3915 Chronicon
2640 3861 3009 3929 Navalieense,
3043 3879 3091 3917 c.
3138 3862 3224 3915 14.
3255 3862 3461 3917 Versus
3494 3863 3548 3917 in

1966 3950 2085 4005 Vita
2113 3949 2168 4005 S.
2195 3951 2493 4005 Theodardi
2533 3953 2852 4021 confessoris
2884 3954 3031 4022 apud
3057 3952 3329 4008 Catellum
3356 3972 3368 4006 :

2106 4053 2512 4124 Composuitque
2537 4054 2706 4108 solum
2733 4056 2946 4110 devotus
2969 4057 3209 4110 carmine
3237 4056 3405 4123 claro,

2219 4125 2407 4178 Erexit
2439 4126 2613 4194 regias
2643 4127 2877 4195 undique
2912 4126 3189 4195 miri/iens.

1966 4240 2044 4295 Ita
2077 4240 2222 4310 apud
2254 4241 2607 4296 Anastasium
2643 4241 2697 4294 in
2724 4240 2971 4295 Honorio
3002 4241 3106 4296 PP.
3133 4257 3147 4293 :
3174 4240 3443 4297 Investivit
3470 4259 3552 4297 re-

274 4338 434 4401 scpta
481 4330 778 4394 cancellis,
822 4330 1026 4384 chorus
1074 4332 1237 4401 vulgo
1284 4330 1509 4385 dicitur.
1554 4330 1646 4385 Sic
1679 4340 1863 4385 autem
1897 4334 1942 4389 ι)
1970 4334 2085 4401 gias
2116 4332 2321 4402 januas
2366 4334 2421 4385 in
2465 4336 2707 4403 ingressu
2750 4332 2979 4387 ecclesia:
3014 4335 3267 4403 majores,
3304 4351 3422 4405 qutv
3452 4353 3552 4406 ap-

272 4436 399 4476 eam
428 4421 567 4475 aedis
616 4430 830 4489 partem
880 4429 1257 4491 nuncupatam
1296 4423 1413 4475 vult
1468 4421 1745 4484 Isidorus,
1789 4419 1865 4473 De

276 4514 406 4568 eccl.
459 4512 627 4583 0ﬂic.,
666 4529 703 4577 ι,
732 4513 765 4566 5
803 4531 814 4565 :
854 4513 893 4565 Α
946 4514 1117 4567 choris
1150 4513 1533 4584 psallentium;
1581 4523 1671 4570 est
1715 4515 1865 4569 enim

278 4605 465 4660 Suidae
505 4606 666 4675 χορὸς
704 4605 955 4675 σύστημα
1000 4605 1108 4658 τῶν
1138 4608 1196 4658 ὲν
1234 4607 1554 4677 ἐκκλησίαις
1608 4608 1862 4678 ᾀδόντων.

278 4697 413 4753 Inde
444 4698 652 4752 nostris
685 4698 890 4752 chorus
920 4698 1128 4753 dicitur
1162 4716 1289 4769 pars
1323 4699 1417 4753 illa
1447 4716 1564 4770 qua:
1590 4718 1622 4754 a
1659 4700 1867 4754 cancel-

283 4789 347 4842 lis
372 4807 553 4845 versus
588 4788 765 4842 altare
793 4789 1072 4855 dividitur,
1107 4799 1155 4844 et
1194 4791 1363 4845 choris
1394 4799 1604 4845 tantum
1636 4792 1867 4863 psallen-

282 4881 412 4933 tium
459 4879 770 4934 clericorum
803 4889 947 4949 patet
975 4921 988 4943 ,
1016 4889 1076 4934 ut
1117 4882 1194 4936 ait
1228 4883 1527 4937 concilium
1564 4883 1770 4939 Turon.
1804 4900 1863 4949 ιι,

284 4986 409 5025 can.
446 4972 503 5026 4.
550 4971 688 5026 Eam
741 4985 908 5041 porro
964 4972 1099 5027 aedis
1134 4972 1431 5043 SOphianae
1476 4984 1687 5045 partem
1721 4975 1865 5030 intra

281 5060 425 5130 pilas
446 5069 501 5116 ct
527 5061 816 5116 columnas
840 5061 1308 5131 comprehensam
1330 5061 1504 5116 forma
1532 5078 1653 5118 esse
1680 5073 1863 5127 ovata,

283 5165 449 5220 supra
482 5167 549 5205 ex
577 5150 758 5222 Gyllio
799 5151 1242 5207 observavimus.
1282 5152 1421 5206 Pars
1453 5155 1592 5207 enim
1622 5156 1749 5209 tedis
1778 5155 1865 5208 in-

283 5243 465 5307 terior,
517 5243 700 5312 inquit
745 5242 858 5307 ille,
888 5251 935 5296 et
979 5244 1153 5298 media
1198 5243 1297 5298 illa
1342 5246 1525 5315 ingens
1571 5262 1767 5309 vacua,
1816 5246 1868 5298 si

281 5335 396 5390 sola
437 5336 802 5389 consideretur
834 5338 1213 5404 comprehensa
1245 5338 1389 5391 intra
1419 5337 1556 5407 pilas
1583 5347 1629 5391 et
1662 5338 1867 5392 colunt-

284 5442 399 5489 nas,
437 5435 513 5480 est
562 5427 736 5496 forma
769 5435 927 5481 ovata
956 5468 970 5493 ,
1007 5428 1053 5481 si
1081 5444 1204 5482 vero
1250 5438 1361 5483 tuta
1392 5439 1504 5483 tam
1532 5431 1675 5484 intra
1705 5446 1866 5500 quam

284 5526 431 5572 extra
478 5518 617 5589 pilas
650 5521 1023 5590 perspiciatur,
1061 5528 1138 5574 est
1174 5523 1464 5592 quadrata.
1511 5523 1595 5577 Ita
1627 5525 1766 5577 enim
1803 5539 1868 5577 ea:

283 5617 499 5684 utroque
527 5611 699 5667 latere
732 5612 871 5667 velut
897 5612 1001 5667 ala:
1029 5631 1273 5685 appensa:
1320 5625 1441 5671 sunt
1476 5625 1579 5671 tres
1623 5616 1764 5671 aula:
1788 5618 1870 5671 in-

1968 4419 2242 4489 pellantur
2292 4422 2593 4487 medianw,
2650 4437 2714 4475 ea:
2746 4432 2989 4492 argento.
3032 4423 3091 4477 ln
3138 4423 3408 4480 Conone:
3449 4425 3559 4492 Qui

1969 4512 2113 4565 missi
2139 4512 2353 4581 fuerant
2380 4512 2444 4565 de
2476 4514 2709 4566 exercitu
2750 4512 2821 4565 ad
2850 4513 3219 4567 custodiendas
3250 4516 3426 4585 regias
3455 4517 3553 4570 ba-

1966 4602 2153 4669 silicae,
2175 4603 2390 4658 clausas
2420 4604 2792 4660 observabant.
2833 4604 2890 4658 In
2912 4605 3099 4661 Leone
3127 4623 3185 4661 ιιι
3208 4648 3222 4672 ,
3248 4610 3408 4678 regia:
3438 4627 3556 4666 ma-

1961 4696 2132 4765 jores,
2161 4712 2215 4766 p.
2249 4697 2373 4761 131,
2412 4697 2532 4761 153,
2578 4697 2701 4760 154,
2735 4698 2856 4751 145.

2041 4788 2128 4842 8t.
2159 4788 2403 4843 Tandem
2430 4789 2786 4859 pervenimus
2811 4788 2878 4842 ad
2909 4790 3126 4844 tertiam
3156 4806 3389 4860 eamque
3419 4793 3551 4847 ulti-

1970 4896 2113 4934 mam
2139 4897 2309 4936 sacra:
2346 4881 2484 4936 aedis
2514 4891 2749 4951 partem,
2784 4882 2840 4935 in
2867 4898 2974 4950 qua
3013 4884 3399 4951 πολύγλωσσος
3424 4887 3550 4955 ὅμι-

1968 4972 2078 5039 λος,
2121 4983 2181 5029 ιιι
2206 4974 2453 5043 loquitur
2488 4973 2861 5039 Silentiarius,
2885 4989 2983 5029 seu
3010 4974 3254 5030 ﬁdelium
3286 4976 3443 5032 turba
3483 4993 3549 5032 ex

1972 5063 2138 5119 variis
2165 5064 2426 5134 gentibus
2454 5062 2772 5132 linguisque
2816 5063 3053 5117 conﬂata
3080 5063 3438 5119 consistebat.
3472 5066 3554 5121 De

1970 5154 2120 5208 illius
2142 5153 2368 5223 propria
2397 5152 2769 5222 appellatione
2802 5153 2894 5205 vix
2924 5152 3069 5207 inter
3096 5168 3155 5208 se
3193 5155 3553 5211 consentiunt

1971 5248 2315 5317 scriptores:
2349 5243 2584 5299 Allatius
2609 5245 2757 5300 enim
2783 5246 3064 5300 narthecis
3098 5245 3321 5302 nomine
3355 5249 3571 5317 donari,

1969 5338 2299 5403 contendit,
2341 5337 2500 5407 cujus
2549 5336 2654 5391 hac
2701 5336 2757 5390 in
2802 5352 2861 5391 re
2890 5338 3222 5392 sententiam
3259 5354 3423 5409 supra
3462 5358 3558 5397 ac-

1971 5438 2167 5487 curato
2227 5432 2363 5485 satis
2410 5429 2663 5483 examine
2718 5427 3109 5483 discussimus.
3163 5428 3267 5484 Alii
3323 5432 3565 5500 πρόναον

1970 5522 2304 5594 appellatam
2335 5522 2552 5585 volunt,
2578 5528 2640 5575 ut
2663 5560 2678 5585 ,
2711 5536 2833 5590 quae
2876 5530 3007 5577 ante
3042 5522 3172 5574 ναὸι
3198 5535 3297 5575 seu
3325 5522 3572 5579 chorum

1974 5615 2421 5687 ingredientibus
2462 5624 2756 5681 occurrat;
2792 5622 2963 5683 atque
2997 5613 3061 5672 id
3087 5612 3308 5667 videtur
3340 5613 3583 5670 inanem
