3982 6206
388 287 528 353 22-13

1877 275 1979 338 DU
2017 275 2276 336 CANGll

3557 260 3656 332 241

393 400 663 461 Codinus,
695 391 768 452 De
811 395 898 468 oﬂ'.
930 411 978 451 c.
1017 395 1080 448 Π
1112 409 1124 447 ε
1185 388 1372 454 Ἐκτὸς
1407 387 1512 441 τῶν
1560 385 1776 458 ὡραίων
1819 386 1972 454 λεγο-

2088 398 2226 448 :ere,
2265 378 2414 452 quod
2449 393 2516 434 eo
2567 379 2619 432 in
2655 379 2777 434 loco
2823 379 3092 450 prteconis
3138 378 3292 433 verbi
3329 379 3426 434 Dei
3461 395 3664 435 munus

394 489 571 559 μένων
600 485 819 550 πυλῶν,
851 486 968 556 ἤτοι
1019 485 1077 536 ὲν
1129 481 1370 553 προνάῳ.
1416 479 1552 533 Nam
1610 475 1713 532 etsi
1757 473 1971 530 Goarus

391 581 509 636 inec
533 577 700 633 verba
727 578 796 632 de
821 575 1101 632 vestibulo
1123 574 1209 628 vel
1242 571 1507 628 narthece
1540 569 1809 641 capienda
1841 585 1972 624 cen-

391 676 529 734 seat,
555 668 717 738 longe
765 677 947 722 tamen
995 672 1227 727 errant,
1282 661 1463 731 inquit
1501 661 1646 715 idem
1700 658 1970 724 Allatius,

390 759 630 816 Goarum
663 759 936 818 indicans,
957 757 1049 826 qui
1069 769 1308 826 pronaos
1333 751 1582 824 porticus
1609 765 1732 805 esse
1757 750 1971 830 volunt.

390 853 510 908 Nec
534 851 718 904 obstat
743 850 1058 912 Balsamon,
1095 847 1150 900 in
1183 861 1306 900 can.
1335 843 1404 899 7t
1443 842 1650 915 Synod.
1697 839 1974 896 Trullante

391 945 486 1000 ubi
515 943 592 998 ait
614 938 792 995 πάντα
809 933 974 994 έτόπον
1003 940 1081 1010 τῷ
1113 939 1302 1010 Κυρίῳ
1327 937 1742 1006 ἀνατεθειμένον
1775 951 1975 1007 κυρια-

391 1035 486 1089 κδν
514 1032 791 1099 λέγεσθαι,
828 1031 934 1085 κᾶν
995 1034 1070 1102 μὴ
1096 1030 1363 1102 ἐκκλησία
1384 1030 1552 1092 ἐστὶν,
1577 1030 1713 1083 ἀλλὰ
1740 1028 1976 1101 πρόναος

391 1125 554 1196 τυχὸν
597 1126 630 1196 ἢ
686 1121 872 1195 ἕτερον
923 1135 976 1178 τι
1029 1125 1193 1196 ἱερόν,
1227 1125 1467 1196 quippe,
1513 1133 1575 1179 ut
1619 1123 1788 1178 infert
1830 1123 1976 1178 idem

391 1217 660 1280 Allatius,
709 1215 957 1271 ecclesia:
989 1217 1258 1271 vocabulo
1301 1220 1429 1280 ναὸς
1463 1217 1684 1286 proprie
1716 1215 1978 1287 intelligi-
2030 1276 2032 1278 τ

395 1321 505 1362 tur.
559 1307 878 1376 Eodemque
929 1319 1091 1362 sensu
1137 1307 1556 1378 percipiendum
1607 1323 1728 1362 esse
1779 1315 1976 1362 censet

393 1398 563 1454 alium
627 1398 972 1453 Balsamonis
1044 1399 1228 1453 locum
1302 1399 1370 1453 ad
1446 1415 1573 1454 can.
1634 1399 1670 1452 2
1727 1399 1977 1471 Dionysii

391 1490 713 1556 Alexandr.,
748 1491 801 1544 in
853 1506 964 1560 quo
1009 1492 1242 1561 πρόναον
1294 1507 1324 1546 a
1376 1490 1628 1562 proaulio
1663 1491 1975 1564 distinguit,

393 1598 626 1654 esseque
660 1579 854 1637 scribit
887 1581 1051 1636 τόπον
1079 1581 1338 1653 δευτέρας
1367 1583 1658 1650 μετανοίας
1678 1623 1693 1648 ,
1736 1583 1828 1636 τὸν
1868 1581 1977 1636 τῶν

391 1673 763 1746 ἀκροωμένων
803 1671 1118 1742 λεγόμενον.
1168 1675 1359 1745 Neque
1391 1685 1568 1730 tamen
1609 1677 1770 1745 plana
1802 1675 1893 1730 illa
1918 1674 1977 1729 ﬁt

394 1783 462 1822 ex
497 1767 565 1821 iis
590 1765 729 1821 locis
755 1765 941 1820 Allatii
965 1768 1238 1822 sententia
1265 1784 1279 1820 :
1306 1767 1509 1838 quippe
1535 1784 1661 1823 cum
1691 1783 1759 1822 ex
1781 1767 1976 1824 eodem

395 1855 673 1926 scriptore
703 1855 770 1910 ad
810 1872 934 1911 can.
982 1857 1043 1910 Η
1071 1857 1295 1912 concilii
1339 1857 1550 1916 Nicami
1574 1899 1588 1923 ,
1622 1867 1679 1914 et
1709 1858 1765 1912 in
1797 1855 1975 1928 Epist.

394 1949 649 2020 Gregorii
681 1948 913 2020 Nysseni
943 1945 1010 2001 ad
1046 1947 1300 2004 Letoium
1320 1991 1334 2015 ,
1363 1949 1560 2016 ἔξωθεν
1585 1949 1678 2002 τοῦ
1711 1948 1839 2002 ναοῦ
1871 1955 1981 2004 ste-

395 2041 529 2096 tisse
562 2039 852 2094 audientes
871 2039 1150 2106 dicantur,
1185 2041 1280 2095 ubi
1307 2041 1404 2095 alii
1426 2040 1530 2106 ἔξω
1559 2040 1658 2111 τῆς
1683 2040 1979 2111 ἐκκλησίας

395 2132 644 2197 habent,
682 2131 738 2208 in
782 2147 888 2185 nao
927 2147 1058 2186 vero
1093 2147 1190 2186 seu
1244 2132 1415 2188 choro
1463 2132 1612 2187 solos
1655 2131 1889 2188 clericos
1924 2137 1980 2184 et

392 2233 547 2280 extra
597 2239 766 2278 naum
801 2223 990 2278 ﬁdeles
1021 2225 1340 2279 constitisse
1381 2224 1586 2279 diserte
1626 2221 1979 2278 Silentiarius

387 2314 613 2386 prodat,
648 2329 760 2367 non
785 2313 944 2382 plane
975 2313 1136 2367 video
1159 2313 1437 2384 quomodo
1475 2317 1602 2378 ναὸς
1631 2316 1701 2369 sit
1731 2313 1822 2368 illa
1853 2330 1979 2384 pars

397 2406 563 2460 tertia
595 2405 741 2459 aedis
771 2419 962 2458 sacrm.
1003 2404 1214 2459 Deinde
1263 2405 1554 2460 Balsamon
1601 2405 1678 2459 ait
1709 2405 1979 2475 προνάους

397 2513 588 2552 eorum
625 2495 794 2550 fuisse
818 2497 1022 2565 quibus
1057 2511 1168 2550 non
1213 2497 1418 2551 licebat
1449 2497 1834 2567 ἐκκλησιάζειν
1877 2513 1976 2552 seu

397 2588 688 2642 ecclesiam
733 2587 988 2657 ingredi,
1025 2595 1084 2641 ut
1131 2588 1522 2655 audientibus;
1570 2588 1717 2658 quod
1771 2588 1980 2643 intelli-

399 2679 637 2748 gendum
687 2687 770 2732 est
819 2679 887 2736 de
937 2691 1185 2749 tempore
1218 2695 1328 2750 quo
1373 2695 1530 2735 sacra
1577 2682 1982 2750 peragebantur

401 2771 697 2840 mysteria;
737 2784 864 2825 nam
903 2779 1040 2826 ante
1072 2773 1432 2842 Evangelium
1471 2773 1760 2828 ecclesiam
1800 2775 1982 2846 ingre-

400 2860 699 2916 diebantur
717 2861 784 2916 ad
819 2877 1007 2918 sacras
1041 2862 1360 2932 Scripturas
1380 2871 1437 2917 et
1465 2863 1722 2918 homilias
1744 2863 1980 2919 audien-

391 2953 536 3020 das;
571 2955 718 3008 unde
747 2953 1086 3025 ἀκροώμενοι
1119 2954 1254 3010 dicti
1293 2973 1306 3010 :
1343 2963 1470 3026 post
1497 2955 1852 3025 Evangelium
1881 2971 1982 3009 au-

389 3053 510 3099 nem
542 3059 609 3099 ex
642 3060 706 3099 ea
749 3043 1089 3100 excedebant
1113 3053 1171 3100 et
1197 3045 1254 3100 in
1281 3047 1546 3102 nartheee
1579 3047 1980 3113 consistebant,
2009 3063 2054 3125 ρ

385 3136 531 3192 ςιιιιῐη
563 3153 720 3192 sacra
768 3136 1208 3192 conﬁciebantur
1253 3140 1549 3210 mysteria,
1591 3139 1699 3193 τῶν
1735 3140 1982 3212 φρικτῶν

386 3229 807 3300 ἐκτελουμένων
832 3229 1170 3301 μυστηρίων,
1197 3240 1259 3286 ιιι
1282 3231 1450 3287 habet
1467 3231 1704 3303 Symeon
1729 3233 1981 3289 Thessal.

389 3321 548 3375 ilibro
579 3319 775 3375 Contra
795 3321 1038 3374 hazreses.
1065 3321 1306 3376 Proinde
1341 3322 1616 3377 incertum
1653 3323 1987 3394 relinquitur

391 3427 474 3466 .an
508 3412 654 3482 apud
681 3413 926 3468 Nicetam
951 3413 1008 3468 in
1037 3415 1178 3468 Man.
1213 3415 1252 3468 1.
1281 3430 1349 3482 tl,
1375 3415 1574 3479 εἴσοδος
1613 3415 1708 3470 τοῦ
1749 3417 1987 3487 προνάου

404 3505 478 3558 sit
523 3504 640 3573 ipse
687 3504 822 3558 aedis
866 3519 1054 3569 sacrae,
1080 3519 1151 3559 an
1195 3520 1328 3560 vero
1372 3505 1634 3562 vestibuli
1681 3506 1982 3578 ingressus.

405 3595 564 3661 Quod
599 3595 748 3650 enim
797 3595 1088 3650 Balsamon
1123 3595 1394 3666 προνάους
1419 3613 1451 3652 a
1481 3597 1750 3668 proauliis
1785 3597 1986 3654 distin-

406 3687 564 3758 guit,
617 3685 736 3741 ﬁeri
786 3693 968 3756 potest
1000 3695 1060 3742 ut
1102 3687 1414 3758 προαυλίων
1463 3703 1601 3744 voce
1648 3689 1989 3744 intellexerit

407 3797 434 3832 ιι
447 3795 590 3843 reas,
621 3793 745 3848 quae
773 3787 900 3834 ante
928 3778 1074 3834 uades
1100 3795 1283 3835 sacras
1313 3787 1566 3850 prostant
1606 3799 1619 3833 :
1665 3788 1819 3836 certe
1851 3795 1985 3837 con-

417 3879 527 3923 stat
556 3868 688 3922 olim
719 3869 990 3940 προνάους
1037 3869 1309 3939 ejusmodi
1352 3869 1492 3923 atria
1538 3870 1846 3940 appellata;
1879 3887 1988 3942 qua

405 3963 634 4016 notione
683 3977 934 4030 pronaon
993 3962 1189 4017 matris
1240 3963 1405 4018 deum
1452 3971 1508 4019 et
1553 3978 1808 4034 pronaon
1853 3964 1990 4022 aedis

407 4053 598 4108 Martis
625 4053 896 4108 habemus
919 4053 1064 4124 apud
1101 4053 1322 4110 Gruter.
1353 4057 1423 4110 27
1450 4097 1464 4121 ,
1485 4055 1556 4110 2:
1593 4058 1715 4122 172,
1751 4059 1816 4125 5;
1851 4058 1986 4124 2M,

411 4147 464 4198 1.
493 4145 572 4199 lta‘
597 4144 764 4200 etiam
791 4161 896 4200 vox
922 4146 1040 4201 haec
1063 4157 1368 4217 usurpatur
1397 4163 1429 4204 a
1455 4149 1712 4205 Vitruvio
1741 4166 1815 4216 tv,
1841 4149 1902 4216 Al;
1933 4157 1990 4204 et

391 4231 730 4286 aPerdicca
763 4231 1005 4301 Ephesio
1033 4271 1047 4296 ,
1086 4233 1159 4286 De
1181 4234 1512 4289 Thematibus
1535 4235 1795 4290 Hierosot.

463 4363 593 4416 ’Καὶ
613 4365 827 4437 δένδρον
852 4366 1239 4436 εὒσκιόφυλλον
1261 4366 1432 4432 ἑστὼς
1455 4369 1513 4422 ὲν
1536 4369 1613 4439 τῷ
1637 4369 1879 4440 προνάῳ.

399 4492 480 4546 At
515 4491 612 4559 qui
639 4493 876 4564 πρόναον
901 4493 1118 4548 tertiam
1149 4510 1272 4550 esse
1307 4496 1496 4566 templi
1525 4506 1737 4567 partem
1759 4503 1994 4554 conten-

407 4582 554 4637 dunt
605 4583 663 4638 in
701 4583 910 4654 quibus
939 4595 1026 4640 est
1065 4587 1477 4650 Genebrardus.
1514 4589 1835 4645 existimant
1865 4589 1993 4644 inde

385 4673 668 4730 etiallicam
705 4689 895 4731 vocem
943 4694 1109 4748 prone
1167 4679 1571 4746 deducendam,
1619 4697 1741 4737 eam
1780 4683 1996 4738 scilicet

387 4767 718 4822 mrationem
755 4783 918 4838 quam
946 4785 1016 4824 ex
1048 4770 1224 4826 ollieii-
1247 4772 1507 4828 instituto
1541 4773 1708 4830 habet
1741 4775 1895 4831 curio
1923 4775 1994 4831 ad

393 4856 712 4925 aplebem‘jn
737 4857 842 4912 ista
865 4857 1125 4915 inferiore
1147 4860 1281 4915 tedis
1308 4873 1460 4932 parte
1483 4873 1540 4920 et
1561 4875 1715 4921 extra
1736 4867 1992 4932 chorum,

395 4949 560 5002 inter
597 4949 779 5004 missa:
807 4952 1094 5016 solemnia,
1125 4969 1248 5023 qua:
1272 4971 1498 5025 pronum
1536 4955 1739 5011 dicitur
1767 4957 1821 5011 in
1857 4973 1994 5013 con-

396 5039 555 5096 .ciliis
576 5040 834 5098 Provinc.
865 5042 1192 5107 Senonensi.
1212 5063 1263 5099 a.
1299 5047 1458 5114 1525,
1475 5048 1806 5105 Carnutensi
1835 5051 1991 5117 1526,

395 5129 803 5186 ~7Catalauncnsi
829 5133 966 5188 1557
997 5143 1130 5200 ctu,
1144 5151 1307 5206 prone
1324 5136 1379 5190 in
1405 5135 1655 5193 Consuet.
1678 5139 1993 5204 Parisienst',

401 5232 520 5277 art.
544 5225 937 5292 '50,Blesensi,
969 5235 1073 5282 art.
1099 5231 1161 5294 5,
1197 5239 1254 5283 et
1283 5227 1676 5298 Dunensi,.art.
1705 5232 1793 5296 58,
1827 5233 1902 5288 ita
1933 5241 1996 5288 ut

407 5314 828 5383 quodammodo
857 5319 960 5374 hac
997 5321 1252 5377 oratione
1291 5323 1752 5380 seu-allocutione
1781 5325 1849 5381 ad
1893 5340 1995 5396 po-

419 5403 610 5474 pulum
661 5409 816 5463 curio
843 5409 996 5480 fungi
1034 5411 1253 5468 dicatur
1283 5413 1463 5470 ollicio
1505 5415 1730 5470 doctoris
1777 5415 1998 5470 audien-

405 5493 574 5557 tium,
602 5494 682 5546 uti
710 5505 795 5550 est
830 5500 975 5568 apud
1007 5511 1258 5557 sanctum
1283 5503 1643 5575 Cyprianum,
1691 5505 1855 5576 epist.
1901 5505 1991 5574 24,

411 5583 716 5641 delectare
761 5601 1031 5660 agentem.
1078 5595 1207 5650 Scio
1234 5595 1561 5652 Salmasium
1593 5597 1738 5652 libro
1765 5599 1844 5652 De
1880 5601 1995 5670 pri-

421 5687 567 5732 matu
599 5693 756 5748 papa?
783 5695 973 5736 vocem
1007 5683 1196 5739 hanca
1227 5685 1426 5742 Latino
1444 5689 1786 5758 prwconiitm,
1825 5689 1996 5745 dedu-

2075 473 2300 543 impleat
2327 472 2484 527 curio
2517 488 2531 524 :
2558 471 2655 526 sed
2683 471 2773 526 vix
2795 471 2851 526 in
2884 471 3029 527 hanc
3067 471 3401 527 sententiam
3427 471 3663 543 pedibus

2073 561 2254 618 ierim.

2147 655 2237 708 82.
2276 651 2539 708 Confecta
2575 651 2710 708 tedis
2733 651 3030 723 Sophiana:
3055 667 3123 706 ex
3168 649 3484 718 Silentiario
3506 652 3660 710 aliis—

2073 761 2183 818 que
2212 746 2539 801 auctoribus
2563 743 2962 814 descriptione,
2985 751 3242 814 superest
3274 751 3335 798 ut
3363 742 3432 800 de
3470 744 3666 814 praeei-

2074 839 2202 908 puis
2228 839 2376 894 illius
2406 837 2629 894 exedris
2661 836 2763 906 (sic
2793 834 2944 890 enim
2991 849 3276 898 sacrarum
3311 836 3512 890 aedium
3564 852 3666 906 ap-

2075 929 2341 1002 pendices
2371 927 2637 1000 appellari
2681 936 2875 982 auctor
2902 937 2989 982 est
3023 927 3317 993 Eusebius,
3343 929 3483 984 Hist.
3509 927 3658 984 Eccl.

2076 1039 2133 1084 κ,
2168 1021 2223 1092 4)
2250 1020 2460 1091 aliquid
2490 1019 2761 1074 dicamus.
2791 1019 2996 1074 Harum
3033 1019 3157 1076 dua:
3187 1021 3536 1090 potissimum
3567 1037 3662 1078 ce-

2075 1113 2346 1168 lebriores
2381 1113 2584 1167 habita:
2612 1122 2762 1178 sunt,
2797 1119 2860 1166 ut
2890 1121 3118 1168 caeteras
3142 1113 3418 1178 omittam,
3460 1114 3508 1170 si
3541 1129 3664 1184 quin

2076 1205 2358 1268 exstitere,
2391 1203 2779 1274 baptisterium
2812 1212 2869 1258 et
2907 1203 3280 1258 diaconicum.
3321 1205 3368 1259 A
3395 1205 3663 1274 baptiste-

2077 1297 2164 1352 rio
2191 1295 2495 1358 ordiemur,
2527 1310 2639 1364 quo
2671 1295 2893 1349 nomine
2937 1295 3216 1365 appellant
3242 1295 3542 1350 Christiani
3577 1297 3660 1350 lo-

2079 1404 2204 1443 cum
2241 1386 2502 1457 baptismi
2537 1386 2718 1440 ollieio
2746 1385 3013 1440 dicatum.
3059 1385 3197 1440 Illud
3231 1384 3406 1441 ferme
3427 1387 3662 1442 seorsim

2079 1495 2109 1534 a
2135 1479 2353 1548 templis
2373 1477 2582 1532 exstrui
2600 1477 2822 1532 solitum
2851 1477 3014 1532 docet
3034 1478 3305 1532 Eusebius
3331 1479 3453 1533 loco
3477 1479 3665 1548 proxi-

2079 1583 2167 1624 me
2218 1569 2409 1633 citato,
2443 1569 2764 1638 caeterique,
2796 1584 2936 1638 quos
2967 1569 3172 1638 passim
3203 1569 3661 1626 laudantBrisso-

2079 1659 2209 1713 nius
2242 1657 2310 1713 ad
2333 1657 2464 1728 Leg.
2491 1657 2788 1721 Dominico,
2815 1659 2938 1713 cod.
2967 1657 3182 1714 Theod.
3211 1659 3288 1714 De
3314 1661 3661 1730 spectaculis;

2081 1749 2275 1819 Steph.
2331 1750 2632 1816 Durantus,
2665 1747 2740 1805 De
2771 1751 2910 1806 ritib.
2949 1751 3096 1808 Eccl.
3143 1753 3306 1820 1,19;
3345 1753 3665 1810 Brouverus

2080 1841 2148 1895 ad
2189 1841 2476 1895 Fortunat.
2509 1842 2548 1896 l.
2594 1858 2633 1906 ι,
2681 1857 2862 1912 poem.
2899 1843 3001 1910 15;
3041 1843 3314 1914 Iosephus
3342 1845 3666 1900 Vicecomes

2080 1941 2136 1988 et
2166 1933 2280 1986 alii.
2319 1933 2508 2002 Neque
2541 1941 2754 1987 tantum
2785 1945 2939 1989 extra
2967 1935 3140 1992 aedem
3191 1952 3402 1992 sacram
3447 1939 3666 1993 exstitit

2080 2023 2492 2094 baptisterium,
2519 2025 2616 2079 sed
2649 2027 2815 2080 etiam
2839 2041 3034 2082 versus
3067 2027 3311 2082 infimam
3351 2027 3501 2084 illius
3537 2045 3667 2098 par-

2081 2125 2223 2183 tem,
2259 2133 2357 2174 seu
2409 2117 2557 2172 haud
2601 2119 2762 2190 longe
2801 2135 2830 2173 a
2877 2119 3182 2190 porticibus
3223 2121 3668 2176 occidentalibus

2081 2213 2168 2266 vel
2201 2212 2487 2278 narthece,
2515 2227 2626 2282 quo
2671 2213 2838 2268 statui
2867 2213 3086 2268 videtur
3109 2215 3232 2270 loco
3275 2213 3668 2284 baptisterium

2085 2305 2422 2375 Sophianum
2447 2320 2476 2359 a
2503 2304 2716 2360 Codino
2747 2305 3027 2360 scribente
3045 2309 3106 2359 τδ
3139 2306 3396 2360 ἐπίπεδον
3418 2307 3509 2360 τοῦ
3535 2306 3668 2362 ναοῦ

2083 2394 2178 2446 καὶ
2241 2394 2334 2446 τὸν
2381 2393 2622 2463 λουτῆρα
2658 2393 2750 2446 καὶ
2800 2393 2929 2456 τοὺς
2961 2396 3240 2466 νάρθηκας
3270 2397 3364 2450 καὶ
3403 2397 3473 2452 τὰ
3505 2395 3670 2467 πέριξ

2082 2485 2264 2539 αὐτῶν
2301 2485 2472 2540 fuisse
2521 2485 2744 2538 domum
2789 2484 3039 2539 Damiani
3094 2478 3506 2556 patricii,'sive
3559 2488 3671 2545 hoc

2081 2577 2204 2630 loco
2233 2576 2464 2630 narthex
2495 2575 2716 2629 dicatur
2752 2591 2877 2644 pars
2909 2575 3138 2630 inferior
3167 2577 3380 2647 templi,
3418 2593 3514 2632 seu
3539 2593 3673 2648 por-

2085 2667 2226 2721 ticus
2250 2667 2533 2721 vestibuli.
2569 2666 2772 2720 Paulus
2802 2665 3171 2728 Silentiarius,
3225 2677 3365 2737 part.
3395 2684 3431 2732 ι.
3460 2686 3509 2724 v.
3539 2653 3670 2738 1‘48,

2085 2757 2220 2812 illud
2265 2756 2434 2810 fuisse
2467 2754 2676 2810 indicat
2711 2771 2908 2810 versus
2939 2755 3188 2824 porticus
3233 2756 3524 2813 inferiores
3545 2774 3675 2828 quae

2085 2849 2225 2903 intra
2259 2847 2432 2903 aedem
2460 2855 2610 2914 sunt,
2635 2861 2744 2917 quo
2775 2847 2946 2902 ferme
2979 2847 3102 2902 loco
3131 2847 3260 2903 hinc
3286 2847 3413 2903 inde
3439 2849 3676 2904 validio-

2085 2939 2240 2993 ribus
2295 2938 2568 2993 columnis
2621 2936 2946 2994 marmoreis
3010 2939 3408 3000 catechumena
3467 2940 3676 2997 suﬂ‘ul-

2085 3031 2273 3089 ciuntu
2283 3049 2326 3086 r.

2195 3185 2220 3219 ,Α
2293 3186 2328 3219 ,Α
2387 3184 2401 3201 .
2519 3217 2548 3219 V_
2575 3187 2589 3199 .
2667 3187 2681 3201 .
2703 3216 2714 3219 _
2744 3123 3190 3219 ΔἘιρεεδρ-ἵῑσιξιουσι
3211 3144 3266 3219 δὲ
3289 3143 3422 3219 γαίῃ

2184 3215 2378 3286 ᾈντίοι
2402 3216 2678 3286 ἀλλήλοισι
2697 3215 2809 3269 δύω
2832 3209 3018 3286 δυσῖνί·
3045 3209 3120 3286 ὧν
3141 3216 3279 3268 κατὰ
3301 3209 3506 3282 ὀιὸῥάης

2196 3285 2568 3357 Ῑεξεραπόροις
2591 3289 2835 3357 σειρῇσιν
2859 3285 3223 3357 ὲπειλιχθεῖσα
3245 3287 3442 3357 κεραίη

2195 3355 2384 3408 Νῶτον
2403 3355 2740 3425 excalptas
2758 3355 3152 3422 γυναικείοισιν
3173 3355 3426 3425 ἐδέθλοις,

2195 3425 2336 3496 Λαον
2356 3423 2694 3496 άπιθύνρυσα
2715 3425 2852 3496 πρὸς
2874 3425 3159 3496 ἀκράαντα
3179 3423 3374 3494 λόετρα

2191 3495 2516 3566 Ἀνδρομέου
2543 3493 2738 3564 βιότοιο
2759 3493 3054 3566 καθάρσια,
3075 3503 3188 3550 etc.

2090 3599 2262 3655 Porro
2291 3607 2441 3655 tanta
2479 3599 2843 3670 amplitudine
2887 3598 2992 3654 fuit
3023 3599 3408 3670 baptisterium
3443 3597 3682 3668 Sophia-

2089 3708 2244 3757 num,
2301 3699 2364 3746 ιιι
2391 3692 2448 3745 in
2467 3691 2535 3746 iis
2588 3699 2710 3746 aeta
2748 3690 2986 3746 concilia
3047 3690 3296 3761 legamus
3356 3689 3412 3742 in
3459 3688 3680 3759 synodo

2089 3777 2349 3835 Chalced.
2383 3787 2492 3833 act.
2522 3777 2549 3834 ι
2576 3786 2633 3833 et
2651 3777 2796 3848 apud
2816 3777 3129 3834 Cedrenum
3153 3777 3209 3832 in
3235 3776 3596 3831 Rhinotmeto
3617 3785 3682 3832 et

2089 3870 2323 3925 Paulum
2349 3868 2504 3924 Diae.
2534 3869 2574 3922 l.
2604 3883 2679 3924 tv.
2707 3868 2848 3922 Hist.
2885 3869 3034 3922 Μίδα.
3067 3867 3284 3938 plebem
3325 3865 3680 3936 Cpolitanam

2089 3960 2522 4016 tumultuantem
2563 3973 2632 4014 eo
2665 3974 2724 4014 se
2771 3960 3066 4030 recepisse.
3109 3960 3266 4016 Unde
3295 3975 3408 4014 non
3443 3958 3678 4022 mirum,

2091 4051 2138 4105 si
2177 4051 2322 4120 μέγα
2349 4050 2716 4121 φωτιστήριον
2756 4049 2976 4105 dicatur
3015 4049 3162 4120 apud
3196 4058 3478 4104 auctorem
3507 4047 3684 4104 Chro-

2091 4143 2196 4196 τιἱαὶ
2242 4141 2597 4197 Alexandrini
2643 4143 2702 4196 in
2742 4141 3026 4206 Basilisco,
3077 4150 3133 4196 et
3183 4143 3356 4212 μέγας
3395 4143 3680 4214 φωτιστήρ

2091 4233 2235 4304 apud
2260 4233 2502 4288 eundem
2524 4231 2836 4286 Cedrenum
2871 4233 2925 4286 in
2958 4231 3142 4310 Leone
3161 4232 3372 4288 Isauro.

2163 4324 2250 4380 85.
2283 4323 2340 4380 ln
2359 4324 2686 4394 baptisterio
2715 4333 2836 4378 erat
2865 4323 2987 4378 fons
3015 4341 3112 4380 seu
3141 4339 3409 4394 aquarum
3431 4333 3684 4394 recepta-

2020 4403 2065 4460 Ῑ)
2095 4416 2303 4483 culum,
2365 4415 2569 4472 Gmcis
2615 4415 2973 4487 κολυμϐήθρα
3001 4459 3014 4481 ,
3057 4415 3339 4472 interdum
3399 4416 3684 4486 δεξαμενή

2091 4512 2471 4574 nuncupatum
2499 4545 2513 4570 ,
2565 4503 2622 4558 in
2655 4501 2804 4574 quod
2844 4503 3286 4558 immittebantur
3335 4499 3681 4570 baptizandi.

2092 4595 2199 4664 Qui
2223 4594 2448 4665 quidem
2478 4593 2602 4650 fons
2625 4603 2791 4648 tanta;
2825 4603 2948 4649 erat
2985 4593 3134 4664 apud
3155 4591 3476 4662 Cpolitanos
3504 4607 3684 4646 vene-

2095 4683 2346 4750 rationis,
2377 4691 2441 4739 ut
2478 4685 2573 4754 qui
2614 4683 2683 4739 ad
2722 4683 2896 4739 aedem
2927 4683 3258 4754 Sophianam
3289 4682 3424 4754 asyli
3454 4683 3541 4754 jus
3573 4681 3686 4736 hac

2093 4777 2338 4844 bentem,
2365 4785 2427 4832 ut
2445 4791 2638 4832 omnes
2667 4775 2839 4832 ferme
2870 4776 3017 4832 aedes
3038 4791 3227 4842 sacrm,
3257 4774 3684 4846 confugiebant,

2087 4869 2164 4924 ad
2195 4869 2582 4940 baptisterium
2616 4867 2745 4922 inde
2772 4867 3196 4933 contenderent,
3221 4882 3518 4937 sacrosque
3541 4865 3692 4922 istos

2094 4961 2274 5018 fontes
2333 4961 2754 5032 prehensarent.
2787 4960 3090 5030 Procopius
3112 5001 3127 5026 ,
3159 4959 3216 5014 in
3241 4957 3384 5013 Hist.
3417 4957 3640 5012 arcana
3673 4976 3691 5013 :

2096 5051 2274 5122 Ὅπερ
2305 5049 2393 5104 ἵνα
2441 5050 2514 5120 μὴ
2545 5050 2770 5119 γένηται
2799 5033 3063 5116 δείσασαι,
3123 5049 3202 5112 είς
3237 5047 3300 5100 τὸ
3325 5050 3425 5119 τῆς
3477 5043 3696 5114 Σοφεας

2099 5141 2244 5214 ἱερὸν
2299 5141 2619 5211 φεύγουσιν,
2650 5139 2707 5205 ἐς
2734 5158 2792 5194 τε
2822 5140 2914 5194 τὸν
2945 5141 3085 5193 θεῖον
3115 5137 3396 5210 λουτρῶνα
3423 5135 3695 5193 ἐλθοῦσαι

2094 5233 2196 5304 τῆς
2224 5233 2458 5287 ἐνταῦθα
2487 5231 2876 5305 κολυμϐήθρας
2909 5233 3079 5304 ἀπρὶξ
3108 5233 3338 5304 εἴχοντο.
3363 5231 3485 5287 Alio
3506 5230 3638 5286 loco
3673 5249 3694 5286 :

2107 5323 2195 5389 Ἐς
2228 5325 2330 5396 τῆς
2377 5325 2578 5395 Σοφίας
2631 5325 2692 5379 τὸ
2731 5325 2890 5396 ιίερὸν
2936 5325 3086 5396 ἥκων
3139 5325 3198 5386 ἐς
3241 5325 3410 5395 αὑτήν
3453 5340 3556 5378 που
3579 5321 3697 5394 τὴν

2079 5416 2250 5471 -θείαν
2278 5415 2580 5487 δεξαμενὴν
2623 5416 2961 5482 ἐξαπιναίως
3003 5415 3279 5486 ἐκάθισεν,
3313 5417 3490 5490 ἥνπερ
3519 5415 3700 5487 μάλι-

2097 5523 2198 5560 στα
2231 5507 2449 5562 πάντων
2482 5509 2831 5579 νενομίκασιν
2864 5510 3181 5580 Χριατιανοὶ
3217 5509 3416 5577 σέϐειν,
3455 5507 3552 5564 ubi
3579 5508 3698 5566 im—

2097 5598 2277 5670 perite
2313 5597 2541 5654 omnino
2583 5597 2802 5665 Suidas,
2835 5601 2928 5670 qui
2973 5603 3151 5656 locum
3185 5602 3336 5657 hunc
3363 5601 3692 5672 exscripsit,

2097 5689 2400 5761 δεξαμενὴν
2429 5691 2708 5762 τράπεζαν
2739 5692 2808 5745 τὰ
2842 5693 2958 5747 θεῖα
3005 5693 3300 5766 δεχομένην
3337 5693 3667 5764 interpreta-
