4032 6144
376 220 481 290 Eii?)

1549 222 1998 290 DESCRIPTIO
2038 224 2100 284 S.
2144 224 2462 288 SOPIII/E.

3473 233 3547 300 22
3559 240 3616 305 l6

335 346 429 391 tus
460 343 565 399 cst,
594 351 720 390 cum
752 336 892 392 nihil
930 335 1079 392 aliud
1114 338 1380 407 sitquam
1431 338 1555 393 foris
1588 335 1918 408 baptisterii,
1952 333 1997 391 A
2027 336 2174 387 rctici
2213 334 2399 405 procul
2450 334 2604 389 dubio
2648 338 2886 391 noverint
2918 338 3099 393 omnia
3140 340 3238 395 sibi
3286 341 3402 398 loca
3454 346 3616 416 httqu

331 428 432 498 qui
462 427 533 483 ab
557 428 752 483 eodem
786 430 1057 499 Procopio
1099 440 1156 484 et
1190 430 1526 499 Theophane
1574 434 1624 484 a.
1666 433 1700 483 2
1736 430 1919 484 Theo-

331 518 476 577 dosii
509 521 745 591 iunioris
776 530 832 575 et
858 537 909 575 a.
955 522 984 573 7
1018 521 1257 576 Zenonis
1296 520 1674 592 κολυμϐήθρα,
1709 520 1778 574 ab
1800 521 1923 575 aliis

330 609 626 679 ὑπονόμος,
679 626 709 664 a
754 609 1023 680 Gregorio
1067 610 1136 664 Μ.
1176 610 1380 676 cloaca,
1435 611 1505 665 ab
1540 610 1832 665 Anastasio
1863 611 1919 664 in

330 700 472 755 Hist.
493 699 643 755 Eccl.
673 703 1004 755 natatorium
1028 701 1323 756 vocitatur.
1350 701 1753 773 Κολυμΰήθραν
1785 702 1921 757 dixit

327 792 501 846 etiam
536 792 868 848 Theodorus
923 793 1124 848 Lector
1174 793 1361 848 Eccl.t
1407 811 1419 848 :
1461 794 1570 846 Καὶ
1622 792 1813 846 τοῦτον
1861 794 1919 849 ὲν

327 888 395 954 τῇ
445 885 806 957 κολυμϐήθρᾳ
870 886 1142 955 σφαγῆναι
1204 885 1663 957 παρεσκεύασενς
1744 896 1807 941 ut
1861 895 1919 941 et

325 974 615 1031 Ccdrenus
647 977 704 1030 in
743 976 927 1031 Leone
970 977 1039 1031 de.
1080 975 1428 1048 Copronymo
1464 976 1613 1031 :Kat
1639 977 1748 1048 γὰρ
1781 978 1916 1046 ἁφό-

324 1066 517 1119 δευσεν
546 1069 605 1120 ἐν
636 1071 702 1138 τῇ
736 1070 870 1139 ἁγίᾳ
926 1068 1306 1140 κολυμϐήθρᾳ,
1354 1069 1448 1123 ubi
1485 1069 1685 1123 Paulus
1715 1070 1913 1124 Diaco-

325 1174 457 1222 nus,
488 1159 527 1213 l.
564 1175 654 1212 nt
704 1158 839 1213 Hist.
868 1159 1015 1213 Μίδα.
1048 1160 1215 1214 habet
1267 1162 1320 1213 in
1371 1172 1554 1215 sancto
1588 1160 1822 1215 lavacro.
1855 1162 1933 1216 ln’

326 1246 434 1301 hos
474 1255 659 1301 autem
708 1264 893 1303 sacros
940 1248 1121 1303 fontes
1156 1265 1221 1303 ex
1261 1250 1679 1319 aquaaductibus
1720 1250 1915 1306 inﬂue-

328 1337 468 1391 bant
499 1354 772 1406 perennes
802 1355 979 1408 aquae,
1009 1350 1066 1393 ut
1095 1340 1372 1411 colligitur
1390 1357 1456 1396 ex
1489 1342 1799 1409 Anastasio,
1837 1343 1913 1397 De

327 1433 446 1485 vitis
470 1432 578 1486 PP.
606 1449 659 1503 p.
697 1433 822 1498 117,
858 1433 982 1499 154,
1034 1432 1158 1499 165,
1193 1442 1249 1489 et
1274 1449 1342 1489 ex
1367 1443 1599 1489 tractatu
1640 1435 1718 1489 De
1738 1437 1912 1506 capite

323 1522 385 1579 S.
437 1524 660 1577 Joannis
694 1522 758 1577 Β.
814 1523 908 1594 qui
956 1524 1195 1579 habetur
1247 1525 1303 1579 in
1362 1526 1574 1595 aliquot
1622 1527 1910 1583 codicibus

320 1616 499 1670 sancti
519 1614 800 1685 Cypriani.
845 1616 1237 1686 Baptisterium
1276 1616 1613 1686 Sophianum
1644 1627 1908 1687 praeterea

2024 425 2167 478 urbis
2199 426 2483 479 adimenda
2536 443 2664 492 esse,
2725 428 2833 482 sive
2874 430 2968 483 sub
3015 432 3356 488 ecclesiarum
3408 439 3619 493 nomine

2022 526 2322 581 tenenntur,
2359 522 2464 571 sire
2494 535 2613 589 qua:
2642 521 2922 577 diaconica
2961 524 3307 593 appellantur
3338 529 3421 582 vel
3453 533 3612 584 uiam

2021 608 2293 661 dccanica.
2325 607 2445 674 Quo
2468 609 2591 665 loco
2618 620 2807 666 censet
2836 611 3094 684 Cujacius
3117 617 3449 672 diaconicum
3472 621 3615 674 idem

2020 715 2143 755 esse
2173 702 2322 769 quod
2363 704 2691 768 decanicum,
2719 720 3000 760 carcerem
3036 722 3235 777 nempe
3278 710 3614 766 ecclesiasti-

2021 808 2170 857 cum,
2220 794 2273 847 iu
2326 810 2436 864 quo
2476 795 2869 851 detinebantur
2894 798 2971 853 rei
2998 799 3215 867 clerici;
3252 818 3359 871 qua
3389 804 3613 859 notione

2020 886 2297 955 accipitur
2321 887 2647 944 decanicum
2691 891 2834 959 apud
2862 890 3147 946 lulianum
3178 904 3610 960 antecessorem,

2020 974 2241 1027 constit.
2277 975 2343 1026 73
2372 992 2397 1027 μ
2425 975 2718 1030 Exsecntor
2754 987 2931 1031 autem
2988 978 3163 1033 litium
3206 986 3520 1037 constitutus
3554 986 3609 1039 in

2019 1065 2280 1120 decanicis
2304 1066 2643 1121 ecclesiarum
2674 1069 2998 1135 recludatur,
3037 1084 3386 1143 competentes
3428 1096 3608 1147 ptrnas

2020 1158 2280 1225 luiturus;
2317 1178 2439 1231 quae
2482 1163 2710 1217 totidem
2740 1165 2925 1218 verbis
2954 1176 3170 1221 exstant
3202 1170 3298 1222 lib.
3334 1187 3385 1231 x,
3429 1172 3607 1241 Capit.

2017 1245 2198 1301 Caroli
2245 1248 2314 1302 Μ.
2347 1265 2397 1307 c.
2432 1250 2559 1312 223,
2610 1251 2704 1305 ubi
2734 1252 2959 1308 Novella
2992 1254 3293 1311 Justiniani
3324 1258 3391 1313 97
3441 1261 3608 1319 habet

2016 1333 2075 1384 ὲν
2103 1335 2215 1396 τοῖς
2242 1334 2599 1405 καλουμένοις
2644 1338 2973 1403 δεκανικοῖς.
3005 1344 3266 1399 Dccanici
3315 1358 3602 1416 prmterea,

2014 1423 2100 1479 vel
2127 1425 2313 1494 potius
2355 1426 2631 1481 δικανινοῦ
2655 1470 2667 1491 ,
2704 1432 2949 1486 occurrit
2979 1436 3186 1490 mentio
3228 1437 3283 1491 in
3322 1442 3603 1509 supplica-

2016 1514 2165 1571 tione
2205 1517 2389 1572 Basilii
2416 1519 2635 1574 diaconi
2666 1520 2720 1575 in
2753 1523 2989 1577 concilio
3015 1525 3316 1594 Ephesino,
3354 1538 3497 1599 part.
3532 1549 3547 1586 ι
3591 1548 3601 1585 '.

2015 1606 2286 1659 Κάκεῖθεν
2316 1609 2648 1679 τυπτόμενοι
2689 1612 2840 1683 παρὰ
2870 1613 2965 1666 τοῦ
3014 1616 3171 1685 ὄχλου
3216 1618 3327 1671 τῶν
3358 1621 3601 1676 δεκανῶν

314 1705 412 1776 jus
440 1704 700 1759 habuisse
743 1703 912 1775 asyli,
954 1705 1184 1776 perinde
1210 1721 1275 1760 ac
1309 1705 1481 1775 ipsam
1508 1707 1702 1767 aedem,
1742 1714 1890 1762 testa-

2010 1696 2337 1768 ἀπηγόμεθα
2388 1702 2445 1752 ἐν
2478 1700 2555 1769 τῷ
2601 1702 2865 1774 δικανικῷ
2894 1748 2907 1771 ,
2962 1707 3125 1759 κάκεῖ
3156 1712 3398 1778 γυμνοὺς
3449 1712 3599 1781 ἡμᾶς

321 1803 415 1848 tur
475 1793 765 1850 Chronicon
800 1794 1245 1858 Alemandrinum,
1284 1810 1341 1865 p.
1389 1796 1491 1850 752
1523 1813 1537 1848 :
1565 1795 1759 1849 Λαϐὼν
1805 1796 1908 1849 Ba.-

319 1886 563 1950 σιλίσκος
591 1887 688 1956 τὴν
717 1892 951 1955 γυναῖκα.
979 1888 1146 1941 αὐτοῦ
1181 1888 1276 1941 καὶ
1310 1889 1377 1941 τὰ
1403 1888 1570 1942 τέκνα
1596 1888 1797 1958 ἔφυγεν
1826 1892 1905 1955 εἰς

316 1973 417 2044 τὴν
448 1974 709 2042 Μεγάλην
742 1974 1059 2045 ἐκκλησίαν,
1109 1978 1189 2038 εἰς
1222 1975 1283 2028 τὸ
1341 1977 1481 2047 μέγα.
1514 1978 1902 2047 φωτιστήριον.

388 2064 477 2119 84.
512 2066 700 2120 Altera
730 2082 855 2136 quae
895 2067 1145 2122 ecclesia:
1184 2066 1476 2136 Sophiaua:
1506 2067 1766 2138 adjuncta
1798 2068 1904 2124 fuit

315 2156 543 2220 exedra,
586 2158 891 2213 διακονικὸν
921 2159 1193 2229 appellata
1230 2169 1338 2215 est.
1372 2154 1471 2215 Est
1501 2170 1685 2215 autem
1719 2160 1904 2216 diaco-

313 2248 502 2303 nicum
533 2249 736 2305 Graecis
770 2251 1161 2322 scriptoribus,
1201 2251 1350 2322 quod
1379 2251 1470 2305 alii
1517 2253 1768 2307 ecclesiae
1809 2268 1901 2308 se-

312 2343 617 2397 cretarium
659 2351 881 2408 vocant,
924 2358 1024 2397 nos
1076 2343 1242 2413 vulgo
1291 2345 1593 2398 sacrisliam
1636 2344 1896 2401 dicimus.

311 2431 443 2496 Quae
477 2433 703 2502 quidem
734 2450 838 2487 vnx
861 2434 1101 2488 occurrit
1134 2450 1243 2489 non
1271 2435 1439 2490 semel
1467 2436 1612 2505 apud
1648 2438 1900 2507 scripto-

311 2540 421 2589 res,
454 2541 565 2579 non
593 2525 759 2581 modo
793 2542 892 2595 pro
916 2526 1119 2580 exedra
1166 2527 1240 2581 ita
1273 2528 1568 2596 appellata,
1611 2529 1707 2583 sed
1732 2538 1788 2583 et
1814 2530 1899 2583 in-

312 2615 531 2670 terdum
565 2633 666 2686 pro
697 2618 967 2672 conchula
994 2617 1251 2682 bemalis,
1272 2619 1328 2671 in
1358 2634 1465 2687 qua
1490 2620 1897 2688 reponebantur

306 2716 494 2761 vestes
524 2709 891 2764 sacerdotales
914 2708 981 2762 ad
1013 2724 1225 2763 sacram
1245 2709 1520 2779 liturgiam
1547 2711 1892 2776 necessariae,

307 2798 378 2853 de
411 2815 519 2868 qua
555 2800 769 2870 egimus
802 2817 989 2871 supra,
1045 2811 1107 2855 ut
1134 2801 1279 2870 apud
1310 2802 1762 2873 Philostorgium,
1796 2821 1893 2867 vn,

304 2892 341 2945 5
366 2931 381 2956 ,
425 2890 692 2961 Cyrillum
738 2894 793 2946 in
833 2893 945 2946 Vita
976 2893 1271 2962 Eutliymii,
1302 2908 1349 2946 c.
1395 2892 1460 2945 l8
1484 2901 1539 2947 et
1568 2894 1629 2949 l9
1656 2912 1669 2958 ;
1699 2904 1894 2948 aucto-

304 2997 427 3038 rem
478 2982 607 3036 Vita:
644 2982 701 3036 S.
755 2984 1006 3036 Auxentii
1044 2983 1528 3053 archymandrilw,
1558 3001 1605 3039 c.
1654 2986 1703 3048 l,
1738 3000 1793 3038 n.
1820 2987 1890 3051 7'5,

302 3076 366 3134 in
390 3075 733 3146 Euchologio,
782 3075 969 3147 Typico
1008 3074 1185 3139 Salue,
1238 3076 1493 3129 Passione
1526 3074 1623 3131 SS.
1662 3077 1891 3133 Patrum

298 3167 674 3232 Sabaitarum,
714 3175 822 3223 etc.
852 3168 1080 3229 Videtur
1105 3176 1289 3221 autem
1322 3168 1395 3221 ita
1432 3169 1766 3238 appellatum
1794 3182 1891 3226 aut

300 3258 454 3328 quod
501 3258 860 3313 diaconorum
908 3257 1169 3328 primitus
1213 3256 1384 3312 fuerit
1436 3258 1493 3312 in
1539 3274 1603 3313 ea
1634 3260 1795 3315 sedes
1831 3269 1889 3315 et

299 3363 615 3413 consessus,
652 3348 738 3403 vel
776 3349 961 3418 potius
982 3348 1131 3417 quod
1155 3348 1271 3403 haec
1298 3349 1498 3404 exedra
1534 3365 1724 3405 eorum
1743 3366 1889 3407 cura:

298 3437 653 3508 potissimum
685 3438 973 3492 commissa
999 3436 1188 3491 fuerit.
1216 3437 1275 3491 In
1307 3452 1368 3492 ea
1394 3440 1541 3492 enim
1581 3455 1691 3494 non
1721 3442 1887 3496 modo

299 3542 423 3596 quae
465 3528 533 3582 ad
576 3527 820 3582 ecclesia:
870 3542 997 3581 vasa
1046 3534 1102 3581 et
1131 3525 1510 3581 'sacerdotales
1537 3536 1719 3582 vestes
1747 3544 1885 3598 spe-

300 3628 473 3681 ctant,
511 3619 835 3688 priusquam
890 3632 1044 3671 sacra
1097 3625 1454 3687 perageretur
1513 3617 1734 3688 liturgia
1784 3635 1880 3673 seu

299 3707 550 3761 divinum
575 3724 637 3761 ac
675 3706 1112 3761 ecclesiasticum
1149 3706 1411 3771 ollicium,
1442 3708 1629 3761 munia
1656 3708 1884 3763 obibant

298 3798 517 3852 diaconi
541 3839 554 3862 ,
585 3797 679 3852 sed
702 3807 757 3852 et
780 3797 1255 3866 considebantpro
1276 3797 1522 3852 muneris
1544 3800 1628 3853 sui
1646 3799 1877 3854 ratione.

297 3888 381 3942 An
411 3902 542 3941 vero
585 3885 932 3941 diaconicum
979 3886 1227 3941 ecclesia:
1278 3886 1423 3940 idem
1464 3886 1628 3941 fuerit
1657 3904 1782 3942 cum
1812 3903 1881 3942 eo

296 3993 520 4033 carcere
542 3979 638 4047 qui
676 3978 904 4048 perinde
939 3978 1210 4032 diaconici
1242 3994 1441 4033 nomen
1477 3979 1691 4045 habuit,
1718 3980 1881 4035 video

294 4069 656 4135 controverti,
717 4069 821 4124 etsi
871 4068 1159 4140 probabile
1210 4069 1280 4123 sit
1333 4069 1563 4124 eandem
1616 4071 1876 4126 exedram

292 4163 489 4217 fuisse.
542 4163 678 4216 Nam
731 4176 857 4215 cum
907 4160 1065 4215 nefas
1112 4160 1382 4214 ducerent
1418 4161 1585 4230 prisci
1632 4163 1879 4218 ecclesiae

291 4252 585 4324 pontiﬁces
605 4268 729 4307 reos
757 4250 989 4306 clericos
1029 4267 1136 4306 una
1181 4267 1308 4305 cum
1362 4252 1471 4306 reis
1515 4254 1904 4328 saecularibus.

2008 1786 2263 1857 δεσμίους
2292 1788 2367 1853 ὠς
2398 1792 2492 1843 καὶ
2544 1792 2880 1859 ὑπευθύνους
2912 1799 2977 1867 τῇ
3010 1800 3252 1871 τιμωρίᾳ
3284 1801 3593 1873 ὲστύλισαν,

2009 1879 2368 1967 ἐκρεϐάτισαν
2401 1883 2493 1937 καὶ
2524 1885 2870 1955 ἐπτέρνισαν.
2922 1889 2991 1943 Ει
3029 1890 3169 1946 infra
3218 1910 3234 1946 :
3276 1893 3595 1967 Θλισόμενοι

2008 1966 2065 2020 ὲν
2094 1969 2173 2037 τῷ
2196 1969 2455 2041 δικανικῷ
2482 1973 2842 2044 λιμώττοντες
2860 2018 2873 2042 ,
2909 1980 3002 2034 ubi
3033 1980 3306 2052 interpres
3320 1984 3596 2042 δικανικόν

2007 2060 2667 2119 tribunalecclesiasticum
2693 2069 2881 2134 vertit,
2916 2071 3013 2125 sed
3049 2088 3363 2143 perperam,
3392 2089 3453 2133 ut
3475 2078 3596 2149 opi-

2005 2164 2107 2203 nor
2135 2167 2147 2202 ε
2179 2167 2304 2205 nam
2337 2154 2437 2208 etsi
2485 2171 2545 2210 re
2576 2173 2703 2211 vera
2726 2161 3079 2227 postmodum
3103 2164 3206 2220 hac
3223 2169 3593 2236 appellatione

2005 2239 2197 2296 donari
2226 2246 2493 2313 potuerit,
2523 2247 2626 2301 hoc
2658 2258 2838 2305 tamen
2870 2252 2991 2307 loco
3012 2254 3289 2311 δικανικοῦ
3322 2261 3593 2317 vocabulo

2007 2331 2212 2389 diserte
2268 2352 2459 2392 carcer
2496 2339 2843 2412 intelligitur,
2893 2344 2939 2398 si
2990 2362 3101 2401 non
3152 2351 3589 2418 ecclesiasticus,

2003 2434 2156 2480 certe
2215 2429 2261 2481 is
2312 2430 2407 2499 qui
2447 2430 2809 2498 decannrum,
2861 2436 2915 2489 id
2969 2446 3055 2491 cst
3107 2439 3388 2503 lictorum,
3444 2462 3591 2501 cura:

2002 2519 2328 2574 commissus
2361 2530 2498 2576 erat.
2529 2524 2643 2578 Nisi
2694 2526 2820 2594 quis
2848 2529 3004 2582 malit
3037 2530 3358 2588 decanicum
3389 2536 3445 2590 in
3485 2538 3590 2595 hac

2000 2606 2243 2677 Epistola
2283 2613 2456 2682 aecipi
2506 2613 2713 2669 debere
2744 2633 2845 2686 pro
2898 2620 3018 2674 loco
3052 2622 3107 2675 in
3147 2640 3255 2693 quo
3292 2626 3589 2685 stationem

2001 2712 2154 2751 suam
2189 2700 2464 2757 habebant
2506 2705 2697 2759 dccani
2727 2723 2821 2761 seu
2855 2710 3159 2781 ῥαϐδοῦχοι,
3198 2716 3277 2769 uti
3308 2720 3588 2787 appellan-

2001 2796 2090 2841 tur
2118 2805 2149 2843 a
2176 2790 2431 2848 Cedrcno
2454 2811 2509 2863 p.
2545 2797 2677 2860 170;
2706 2798 2773 2852 de
2797 2800 2999 2868 quibus
3032 2805 3234 2871 passim
3259 2818 3428 2875 agunt
3452 2811 3587 2865 scri-

1998 2889 2204 2949 ptores.
2241 2883 2310 2938 At
2337 2886 2380 2938 si
2407 2885 2731 2942 decanicum
2780 2890 2923 2944 idem
2972 2893 3077 2949 fuit
3111 2911 3234 2949 cum
3277 2899 3585 2969 diaconico,

1998 2972 2287 3041 probabile
2339 2987 2424 3031 est
2476 2977 2801 3035 decanicum
2860 2993 2916 3037 et
2963 2985 3277 3043 dicanicnm
3320 3004 3585 3063 corrupte

1998 3068 2348 3133 postmodum
2384 3069 2593 3123 dictum
2621 3073 2766 3140 quod
2793 3074 3141 3130 diaconicum
3184 3082 3448 3150 appellari
3482 3084 3583 3139 dc-

1995 3153 2211 3209 buerat.
2246 3157 2359 3211 Nec
2408 3159 2523 3211 scio
2551 3174 2619 3212 an
2668 3161 2832 3216 etiam
2871 3164 3183 3220 dicanicnm
3223 3184 3252 3223 a
3288 3185 3420 3226 voce
3455 3173 3582 3244 δίκη

1993 3256 2373 3316 nuncupatum
2416 3250 2521 3303 sibi
2576 3256 2960 3320 persuaserint
3004 3259 3342 3334 ppsteriores
3382 3262 3580 3329 Graeci,

1990 3337 2138 3405 quod
2166 3338 2219 3391 in
2245 3338 2548 3396 diaconicis
2565 3344 2772 3413 judicia
2796 3360 2894 3399 sua
2919 3360 3241 3404 exercerent
3268 3355 3579 3422 pontifices,

1990 3429 2136 3497 quod
2172 3431 2421 3487 indicant
2450 3433 2609 3489 Gesta
2645 3435 2714 3489 de
2762 3438 2985 3492 nomine
3017 3439 3222 3508 Acacii,
3269 3444 3421 3500 hisce
3456 3463 3583 3503 ver—

1988 3521 2070 3575 bis
2106 3539 2119 3575 :
2153 3521 2339 3577 Dicens
2359 3524 2577 3577 Petrum
2598 3526 2721 3579 olim
2750 3529 2802 3581 in
2834 3530 3076 3583 diaconio
3102 3548 3213 3585 esse
3243 3535 3579 3603 damnatum,

1988 3629 2128 3665 nunc
2181 3615 2341 3667 etiam
2406 3614 2715 3669 Christiana
2779 3618 3028 3671 societate
3064 3633 3324 3677 semotum
3378 3645 3389 3678 :
3449 3643 3581 3682 nam

1984 3703 2285 3756 diaroninm
2310 3714 2364 3758 et
2400 3705 2733 3758 diaconicum
2766 3706 2911 3761 idem
2944 3722 3065 3762 esse
3114 3713 3247 3765 satis
3295 3713 3579 3773 declarant

1985 3809 2153 3862 supra
2186 3796 2349 3849 allata
2376 3795 2626 3867 Gregorii
2660 3798 2703 3851 Il
2740 3798 2928 3852 verba.

2053 3884 2140 3937 85.
2165 3884 2299 3938 Cum
2331 3887 2495 3956 igitur
2516 3887 2798 3943 diaconica
2812 3905 2921 3944 non
2954 3892 3116 3947 modo
3134 3898 3373 3951 carceris
3396 3898 3579 3956 vicem

1984 3974 2259 4030 interdum
2298 3987 2644 4045 przeslarent,
2670 3980 2765 4033 sed
2789 3981 2954 4035 etiam
2987 3984 3285 4041 tribunalis
3313 3990 3575 4045 ecclesia-

1980 4066 2124 4133 stici,
2154 4067 2279 4122 inde
2321 4067 2523 4145 factum
2552 4070 2751 4139 Opinor
2783 4080 2842 4124 ut
2881 4072 2998 4127 ista-
3034 4074 3250 4131 exedraz
3287 4082 3571 4136 secretaria

1978 4161 2394 4230 appellarentur
2427 4180 2438 4213 :
2463 4179 2585 4216 nam
2612 4164 2831 4233 pr0pric
2853 4174 2981 4218 sunt
2997 4166 3238 4235 jndicum
3258 4174 3573 4238 secretaria,

1980 4253 2058 4308 uti
2087 4263 2170 4309 cst
2201 4255 2255 4308 in
2283 4255 2843 4311 conciliulllilevitano
2884 4274 2941 4323 ιι,
2962 4274 3083 4314 can.
3108 4261 3192 4326 l6,
3225 4279 3471 4334 maguum
3488 4284 3571 4320 se-

290 4346 489 4400 eodem
546 4360 764 4400 carcere
808 4343 1086 4408 detineri,
1142 4359 1237 4398 seu
1289 4345 1437 4414 quod
1477 4360 1634 4400 suam
1693 4347 1749 4401 in
1779 4363 1877 4402 eos
1908 4367 1953 4423 υ
1981 4351 2420 4421 cretumjudicis,
2444 4354 2582 4406 unde
2604 4356 2950 4408 secretarium
2986 4357 3314 4424 nominatur,
3342 4368 3417 4413 ait
3442 4377 3569 4417 san—

290 4440 679 4495 auctoritatem
703 4447 757 4493 et
780 4438 1223 4508 iurisdictionem
1240 4453 1461 4493 servare
1489 4454 1554 4493 ac
1591 4441 1756 4504 tueri,
1784 4442 1872 4496 vel

288 4533 435 4602 quod
478 4546 614 4585 vero
664 4530 901 4586 similius
946 4537 1054 4595 est,
1105 4545 1230 4585 cum
1264 4529 1484 4585 clericis
1530 4532 1646 4586 suis
1680 4533 1872 4588 mitius

284 4638 449 4695 agere
479 4623 685 4677 vellent
731 4638 895 4692 quam
929 4622 1111 4676 solent
1142 4621 1412 4677 ordinarii
1459 4623 1705 4693 iudices,
1746 4626 1871 4681 illos

284 4720 341 4775 in
370 4718 736 4775 ecclesiarum
764 4717 1077 4772 secretariis
1111 4718 1549 4788 sceuopbylaciis
1594 4728 1690 4774 aut
1716 4729 1868 4775 cate-

284 4811 603 4867 chumeniis
628 4809 990 4870 detinebant,
1026 4824 1317 4879 quousque
1350 4825 1448 4879 per
1482 4811 1865 4880 prenitentiam

284 4901 353 4955 iis
374 4901 709 4971 impositam,
744 4914 907 4970 quam
925 4897 1200 4968 ἐπιτίμιον
1220 4908 1445 4965 vocant,
1473 4908 1865 4973 peractamque

283 5006 383 5046 sua
414 4992 724 5060 expiassent
768 4990 967 5044 delicta
1009 5004 1073 5043 ac
1101 4988 1358 5044 crimina.
1390 4990 1469 5045 Ita
1494 4990 1794 5063 Gregorius
1826 5011 1865 5049 n

283 5084 386 5140 PP.
422 5085 477 5138 in
497 5084 659 5153 epist.
686 5082 722 5136 2
758 5081 827 5135 ad
855 5081 1094 5135 Leonem
1127 5081 1377 5137 lsaurum
1412 5082 1469 5137 in
1494 5100 1567 5138 vn
1592 5085 1812 5156 Synodo
1844 5106 1858 5143 :

282 5176 589 5243 Pontiﬁces,
640 5175 727 5228 ubi
755 5175 875 5244 quis
912 5174 1183 5244 peccarit,
1232 5204 1302 5213 —
1339 5191 1459 5229 eum
1492 5184 1747 5247 tanquam
1804 5180 1860 5233 in

281 5284 567 5335 carcerem,
599 5268 651 5320 in
688 5266 974 5320 secretaria
994 5281 1368 5335 sacrorumque
1390 5283 1637 5321 vasorum
1664 5273 1859 5326 atraria

280 5359 587 5427 conjiciunt,
623 5358 676 5410 in
719 5356 949 5410 ecclesia:
980 5354 1225 5408 diaconia
1269 5365 1318 5409 et
1378 5357 1434 5410 in
1480 5362 1858 5417 catechumena

282 5452 547 5522 ablegant.
581 5450 721 5506 Hinc
745 5464 855 5504 non
880 5448 1048 5503 semel
1072 5446 1309 5517 legimus
1335 5447 1393 5504 in
1415 5448 1704 5506 Diaconica
1736 5453 1855 5508 vice

279 5545 516 5600 carceris
566 5543 846 5613 conjectos
876 5539 1107 5596 clericos
1152 5538 1577 5609 delinquentes:
1615 5561 1681 5599 eo
1706 5547 1853 5601 enim

278 5646 485 5706 spectat
526 5638 613 5691 lex
641 5635 710 5691 30
733 5634 857 5690 cod.
884 5631 1092 5688 Theod.
1124 5631 1191 5686 de
1231 5630 1430 5689 Περι-ιιι.
1484 5652 1497 5689 :
1530 5636 1716 5693 Cuncti
1743 5641 1852 5694 [ιω-

1974 4453 2095 4499 ctus
2115 4442 2452 4515 Augustinus
2474 4445 2528 4497 in
2573 4461 2623 4499 c.
2670 4461 2830 4498 xxxw
2894 4447 3173 4502 Ezechiel.
3218 4464 3271 4504 c.
3315 4450 3368 4504 5.
3396 4452 3573 4522 quue

1970 4550 2039 4589 ex
2061 4550 2127 4589 eo
2160 4533 2380 4589 ﬂuxisse
2407 4535 2669 4599 arbitror,
2698 4536 2843 4605 quod
2883 4537 2936 4590 in
2960 4538 3263 4596 diaconicis
3291 4544 3483 4614 synodi
3509 4554 3573 4601 ct

1970 4627 2204 4681 concilia
2236 4642 2479 4697 persaepe
2506 4638 2858 4699 cogerentur,
2894 4640 3059 4701 atque
3093 4633 3155 4687 iis
3197 4634 3255 4688 in
3283 4624 3569 4693 consessi-

1968 4718 2073 4773 bus
2100 4719 2428 4774 clericorum
2471 4735 2648 4775 causa:
2685 4722 3165 4789 examinarentur;
3201 4727 3345 4780 unde
3372 4738 3565 4795 pestca

1966 4810 2310 4879 pontiﬁcum,
2337 4811 2430 4880 qui
2449 4802 2672 4883 synodis
2692 4812 3016 4878 intererant,
3038 4816 3312 4871 sessiones
3330 4828 3560 4873 secreta-

1966 4902 2049 4953 ria
2093 4898 2294 4969 passim
2332 4899 2566 4970 legimus
2593 4900 2771 4956 dictas
2793 4942 2808 4966 ,
2838 4902 2985 4971 apud
3031 4904 3376 4959 Anastasium
3410 4908 3464 4961 in
3494 4908 3557 4963 S.

1963 4990 2176 5061 Agatho
2201 5006 2257 5060 p.
2281 4991 2349 5045 51
2369 5001 2426 5045 et
2451 4992 2538 5056 55,
2568 4990 2621 5045 in
2648 4991 2867 5063 Synodo
2888 4993 3144 5049 Lateran.
3184 4996 3287 5049 sub
3321 4998 3560 5054 Martino

1962 5082 2066 5138 PP.
2097 5097 2149 5136 a.
2196 5083 2320 5148 619,
2356 5083 2412 5137 in
2443 5084 2677 5138 concilio
2718 5085 2881 5140 Rom.
2908 5102 2960 5140 a.
3011 5087 3114 5142 7l5
3151 5088 3253 5142 sub
3288 5088 3557 5147 Zacharia

1962 5174 2064 5228 PP.
2088 5176 2208 5230 Act.
2243 5176 2268 5229 1
2312 5184 2369 5231 et
2405 5177 2460 5241 2,
2502 5175 2993 5249 Caesaraugustam
3024 5180 3127 5234 sub
3156 5181 3386 5235 Damaso
3423 5183 3555 5250 PP.,

1958 5268 2377 5341 Carthaginensi
2398 5289 2454 5326 ιιι
2484 5280 2540 5326 et
2572 5287 2623 5324 ιν
2650 5281 2706 5327 et
2734 5290 2786 5337 ν,
2821 5274 3132 5330 Milevitano
3168 5292 3226 5334 ιι.
3260 5275 3551 5347 Carthagi-

1959 5362 2115 5417 nensi
2150 5362 2518 5427 vt,Africanis
2545 5377 2665 5432 cap.
2699 5365 2723 5419 l
2753 5374 2809 5419 et
2833 5366 2921 5429 52,
2956 5366 3160 5422 Arelat.
3191 5384 3268 5434 Ill,
3295 5366 3562 5427 Hieroso-

1958 5455 2220 5526 lymitano
2273 5456 2376 5511 sub
2407 5454 2653 5525 Agapeto
2686 5456 2814 5520 PP.,
2853 5455 3162 5527 llispalensi
3186 5477 3244 5524 ιι,
3270 5475 3319 5513 c.
3353 5462 3403 5528 1,
3440 5472 3557 5517 etc.

2026 5548 2112 5602 86.
2155 5547 2342 5618 Neque
2384 5548 2609 5603 unicum
2666 5548 2957 5605 diaconico
3008 5551 3295 5624 Sophiano
3353 5569 3568 5611 nomen

1958 5641 2055 5695 fuit
2096 5660 2105 5693 :
2144 5657 2267 5696 nam
2292 5650 2340 5693 cl
2380 5639 2707 5712 μιτσ.τώριον
2748 5643 3062 5714 dicebatur,
3102 5642 3151 5697 si
3199 5642 3422 5713 quidem
3463 5656 3607 5717 μεχ
