3982 6206
431 263 574 328 2247

1922 261 2026 321 DU
2066 261 2327 324 CAXGH

3553 273 3688 339 2218

436 376 708 447 σατὼριον
755 374 900 432 idem
927 383 1012 431 est
1040 376 1190 447 quod
1224 375 1594 447 μιτατώριον,’
1619 375 1765 446 quod
1791 373 2020 446 quidem

2146 388 2240 430 ias!
2269 380 2539 432 orationes
2567 379 2914 434 matutinales
2957 382 3039 433 rel
3080 383 3358 439 missarum
3394 387 3552 456 oﬂicia
3576 391 3686 458 ejus

435 469 739 540 opinantur
764 469 867 523 viri
898 469 1069 524 docti.
1101 469 1162 522 Id
1187 468 1471 539 colligitur
1489 483 1555 523 ex
1585 468 1674 523 bis
1714 467 2025 538 Eucliologii

438 561 629 616 verbis
663 578 678 613 :
705 561 861 613 Μετὰ
904 562 964 614 τὸ
988 561 1213 629 ψάλλειν
1245 562 1346 631 τὴν
1373 561 1665 632 τριθέκτην
1696 561 2025 631 κατέρχεται

435 656 468 706 ὁ
499 653 803 721 ἁγιώτατος
834 655 1178 723 πατριάρχης
1202 655 1261 705 ἐν
1281 653 1359 721 τῷ
1392 654 1719 724 μεσατωρεῳ
1749 654 1919 722 ἦγουν
1950 651 2028 720 τῷ

437 743 752 810 διακονικιῖι,
785 744 880 796 καὶ
910 743 1192 812 ἐξέρχεται
1224 744 1305 805 εἰς
1343 743 1405 795 τὸ
1435 743 1589 810 ἅγιον
1639 743 2027 813 θυσιαστήριον

437 836 506 888 ἐκ
533 836 628 888 τοῦ
662 837 860 905 μέρους
890 835 1088 901 δεξιοῦ.
1137 833 1612 901 Quemadmodum
1647 836 1816 904 igitur
1855 852 2030 889 mesa-

442 927 637 980 torium
675 925 743 978 ad
786 925 1035 979 dextram
1065 926 1259 980 statuit
1289 925 1669 996 Euchologium
1693 927 1919 996 (aedisne
1957 943 2026 980 an

441 1044 577 1084 vero
625 1029 835 1086 altaris.
891 1029 1212 1097 incertum),
1246 1029 1320 1083 ita
1366 1030 1698 1084 mitatorium
1744 1030 2032 1086 Cedrenus

442 1119 501 1174 in
538 1119 720 1174 Leone
749 1120 1114 1190 philosopho,
1154 1121 1227 1174 ita
1277 1129 1339 1174 ut
1393 1136 1564 1174 unum
1602 1121 1859 1190 idemque
1906 1137 2028 1175 esse

442 1225 544 1281 par
592 1213 661 1265 sit
691 1212 954 1276 credere,
1007 1211 1350 1282 proindeque
1393 1212 1652 1266 mendum
1700 1213 1925 1268 subesse
1975 1214 2028 1266 in

443 1306 786 1374 Euchologio.
829 1304 920 1360 Sic
952 1313 1137 1358 autem
1181 1304 1507 1360 Cedrenus:
1549 1305 1648 1358 Διὰ
1676 1304 1881 1374 ταύτην
1938 1300 2031 1359 οὖν

444 1399 545 1468 τὴν
579 1398 752 1451 αἰτίαν
795 1399 824 1449 ὁ
853 1397 1198 1467 πατριάρχης
1250 1398 1331 1460 εἰς
1377 1397 1475 1468 τὴν
1521 1398 1817 1467 ἐκκλησίαν
1849 1397 2032 1469 εἰσέρ-

447 1490 636 1561 χεσῦαι
658 1489 862 1543 ἐκώλυε
883 1490 974 1541 τὸν
997 1488 1241 1558 βασιλέα,
1263 1489 1386 1542 ὅθεν
1411 1491 1498 1543 διὰ
1517 1488 1612 1542 τοῦ
1632 1488 1807 1555 δεξιοῦ
1833 1489 2033 1560 μέρους

445 1583 698 1652 διήρχετο
745 1582 824 1644 εἰς
857 1581 918 1634 τὸ
948 1579 1301 1650 μιτατώριον.
1351 1581 1420 1634 Ει
1449 1580 1630 1634 infra:
1660 1582 1839 1652 Ὅπερ
1891 1582 2036 1652 γρά‹

446 1673 648 1742 ψαντες
682 1675 777 1726 καὶ
810 1673 1214 1743 σφραγίσαντες
1240 1673 1298 1724 ὲν
1325 1671 1402 1742 τῷ
1436 1675 1753 1743 μιτατωρξῳ
1778 1673 2031 1745 ἔρριψαν,

445 1737 541 1817 τοῦ
568 1763 626 1816 δὲ
657 1737 921 1832 βασιλέὼς
943 1763 1211 1834 δημοσίαν
1234 1737 1460 1834 πρόοδον
1489 1765 1548 1817 ὲν
1573 1737 1896 1837 ’τῇ-Μεγαλη
1916 1737 2033 1819 -ἐκ-
2063 1737 2110 1796 Β

451 1855 653 1925 κλησίᾳ
675 1856 1072 1924 ποιησαμένου,
1105 1857 1207 1909 κάν
1226 1857 1306 1927 τῷ
1331 1857 1646 1928 μιτατωρίῳ
1674 1857 2029 1923 εἰσελθόντος,

448 1947 543 1999 καὶ
575 1947 632 1998 ἐν
665 1939 709 2013 ᾧ
753 1945 951 2016 ηὔχετο
983 1948 1154 2018 τόπῳ.
1191 1947 1438 2002 Meminit
1481 1956 1747 2018 praeterea
1769 1966 2033 2019 ,μιτατω-

452 2038 569 2108 ρίου
602 2036 930 2094 Theodorus
979 2036 1196 2103 Lector,
1251 2038 1368 2092 Ecl.
1404 2039 1474 2102 2,
1509 2038 1769 2093 Lexicon.
1801 2039 1895 2094 Gr.
1927 2055 2031 2094 ms.

449 2127 802 2184 bibliotheca:
830 2129 1012 2199 Regia;
1035 2129 1174 2199 sign.
1207 2127 1370 2194 2062,
1400 2138 1457 2183 et
1483 2127 1750 2208 Codiuus,
1773 2131 1868 2200 qui
1898 2130 2034 2185 illud

445 2220 750 2275 excitatum
779 2219 948 2274 refert
993 2236 1024 2274 a
1053 2220 1388 2288 Justiniano,
1435 2223 1576 2285 Ἵνα,
1626 2222 1829 2293 inquit,
1854 2225 2033 2277 ἐκεῖσε

450 2313 746 2385 παραμένῃ
777 2313 915 2384 μετὰ
943 2312 1052 2364 τῶν
1099 2313 1376 2383 ἀρχόντων
1405 2313 1592 2378 αὐτοῦ,
1644 2315 1739 2367 καὶ
1775 2314 2036 2378 πολλάκις

451 2406 640 2460 ισίτει.
665 2405 797 2472 Quae
829 2404 1053 2476 quidem
1087 2405 1276 2460 ultima
1296 2405 1466 2461 verba
1493 2406 1734 2460 Goarum
1766 2407 2035 2477 impulere

453 2508 516 2552 ut
536 2499 592 2552 in
623 2497 770 2551 notis
797 2497 862 2550 ad
887 2496 1202 2551 Ccdrcnum
1235 2505 1290 2552 et
1319 2497 1718 2568 Euchologium
1750 2499 2035 2569 scripserit

457 2585 794 2657 μετατώριον
846 2586 1056 2640 dictum
1111 2587 1269 2654 quasi
1334 2590 1718 2659 μινσατώριον,
1754 2589 2036 2660 fuisseque

452 2678 773 2733 cubiculum
813 2677 880 2732 ad
916 2678 1059 2732 latus
1102 2678 1312 2741 altaris,
1347 2679 1403 2733 in
1433 2695 1544 2750 quo
1573 2679 1734 2736 fessis
1779 2697 1811 2735 a
1844 2681 2036 2736 labore

455 2769 776 2825 cantoribus
825 2784 1014 2824 mensa
1067 2768 1315 2840 frugalis,
1346 2770 1504 2839 panis
1551 2770 1764 2826 scilicet
1813 2780 1870 2825 et
1899 2771 2034 2833 vini,

456 2855 916 2934 apponebatur,‘
950 2861 1294 2932 proindeque
1360 2862 1544 2917 locum
1607 2862 1777 2917 fuisse
1833 2861 2038 2917 mensis

455 2957 800 3013 mstruendis
823 2957 1114 3024 idoneum;
1146 2973 1177 3012 a
1199 2973 1306 3028 qua
1337 2957 1611 3013 sententia
1639 2959 1787 3013 haud
1811 2959 2038 3014 omnino

456 3050 722 3105 abhorret
753 3050 1002 3105 Allatius.
1037 3050 1242 3106 Verum
1278 3065 1405 3104 cum
1433 3049 1782 3106 diaconicum
1827 3067 1925 3107 seu
1953 3067 2039 3106 se-

458 3142 755 3198 cretarium
801 3142 1144 3212 Sophianum
1193 3143 1435 3213 amplum
1497 3142 1665 3198 fuerit
1700 3144 2036 3209 triclinium,

457 3249 640 3303 neque
667 3234 830 3288 unico
857 3235 1122 3288 duntaxat
1148 3233 1244 3289 sed
1270 3234 1440 3289 variis
1465 3235 1781 3290 constiterit
1813 3235 2037 3290 cubicu-

460 3324 548 3390 lis,
576 3325 749 3378 multo
781 3324 1123 3394 probabilius
1153 3325 1372 3379 videtur
1393 3325 1599 3380 hancce
1629 3325 1756 3380 inde
1786 3326 2044 3380 Sul'lilllm

459 3417 904 3488 appellationem,
940 3419 1088 3488 quod
1132 3433 1323 3473 revera
1374 3418 1559 3472 domus
1604 3425 1752 3473 esset
1793 3417 2040 3483 ecclesia,

463 3507 569 3562 hoc
600 3517 685 3563 est
722 3509 913 3564 aeditui
943 3517 1002 3563 et
1033 3509 1332 3577 νεωκόρου,
1367 3509 1420 3564 in
1459 3525 1566 3579 qua
1591 3509 1759 3563 etiam
1805 3510 2048 3580 impera-

462 3611 571 3666 tor,
601 3601 644 3656 si
675 3601 894 3667 liberet,
921 3611 1216 3671 antequam
1251 3617 1406 3656 sacra
1424 3612 1820 3673 peragerentur
1843 3602 2042 3669 cilicia,

463 3693 550 3747 vel
583 3692 651 3747 iis
680 3693 853 3747 ﬁnitis
880 3703 936 3748 et
969 3693 1198 3759 exactis,
1232 3703 1560 3748 moraretur.
1607 3695 1743 3748 Nam
1775 3703 1836 3749 ut
1877 3704 2047 3748 meta-

464 3794 576 3837 tum
601 3783 779 3839 Latini
806 3785 1104 3855 scriptores
1124 3785 1297 3838 azdcm
1314 3793 1368 3838 et
1393 3785 1736 3839 domicilium
1752 3793 2043 3847 vocarunt,

464 3885 527 3931 ιιι
555 3886 771 3932 constat
799 3893 866 3932 cx
892 3877 1156 3948 Gregorio
1184 3877 1392 3931 Turon.
1427 3877 1563 3930 Hist.
1589 3893 1643 3942 v,
1679 3879 1730 3940 7,
1762 3877 1829 3930 i9
1852 3883 1908 3930 et
1940 3877 2043 3941 40;
2083 3885 2086 3888 ’

463 3983 555 4030 vn,
589 3969 622 4023 6
648 3979 704 4023 et
727 3969 817 4033 24,
838 3985 953 4031 vm,
983 3970 1018 4023 2
1046 3969 1204 4035 et“,
1232 3985 1304 4033 ιιι,
1329 3969 1382 4034 6,
1412 3985 1466 4029 x,
1496 3970 1531 4023 2
1559 3977 1615 4022 et
1640 3971 1726 4033 l5,
1759 3967 1832 4020 De
1856 3969 2042 4022 mirae.

467 4075 505 4121 ι,
539 4060 608 4114 Μ
670 4077 728 4126 ιι,
764 4062 828 4115 2l
868 4073 922 4116 et
947 4061 1048 4127 24;
1089 4061 1163 4114 De
1187 4061 1436 4116 mirucul.
1467 4060 1524 4116 S.
1559 4062 1720 4117 Mart.
1746 4078 1806 4125 ιι,
1843 4063 1902 4116 ll
1931 4079 1944 4127 ;
1972 4078 2045 4127 Iv,

464 4150 530 4204 2i
574 4167 586 4202 :
623 4161 683 4206 ut
716 4161 946 4207 caeteros
984 4162 1308 4223 praeteream
1349 4154 1458 4208 alio
1493 4170 1524 4207 a
1574 4168 1680 4217 me,
1715 4154 1757 4209 si
1791 4154 1937 4209 Deus
1965 4153 2048 4207 fa-

465 4243 630 4310 verit,
674 4243 1047 4298 recensendos
1106 4245 1264 4306 loco,
1307 4253 1362 4299 et
1409 4248 1601 4299 metari
1639 4247 1900 4300 dixerunt
1948 4261 2049 4316 pro

456 4334 743 4398 divertere,
786 4343 847 4388 ut
881 4335 1149 4389 Paulinus
1210 4334 1337 4388 Nat.
1393 4351 1445 4388 lx
1497 4344 1636 4398 ctx,
1689 4336 1765 4390 ita
1820 4337 2048 4406 μιτὰτον

453 4423 658 4478 (eadem
703 4423 1106 4494 significatione
1157 4435 1426 4494 usurpant
1457 4425 1632 4481 Graeci
1679 4427 2046 4494 recentiores,
2082 4434 2126 4489 ι)

456 4515 783 4570 uitliabetur
803 4516 857 4570 in
883 4515 1094 4572 Glossis
1113 4517 1277 4570 Basil.
1297 4517 1531 4573 Sanctus
1553 4518 1910 4585 Athanasius,
1933 4521 2050 4576 sive

454 4606 724 4677 rquisquis
767 4617 853 4663 est
896 4615 1090 4662 auctor
1133 4608 1468 4664 narrationis
1511 4611 1578 4666 de
1613 4612 1849 4683 imagine
1885 4613 2052 4684 Bery-

456 4697 610 4752 ttensi
645 4715 659 4751 :
699 4695 1029 4769 Ἐπεξῄτησε
1063 4699 1284 4768 μιτάτον
1314 4701 1498 4769 μεῖζον
1543 4703 1570 4754 ὁ
1616 4702 1942 4772 Χριστιανὸς
1975 4704 2051 4767 ὡς

467 4787 716 4860 χρῄζειν.
761 4788 914 4844 Alios
961 4789 1029 4844 ad
1057 4789 1109 4845 id
1155 4789 1484 4844 firmandum
1515 4791 1703 4847 laudat
1751 4793 2051 4864 scriptores

462 4881 760 4937 Meursius.
793 4881 874 4937 0b
907 4881 1050 4936 hanc
1101 4882 1266 4953 igitur
1302 4899 1521 4939 causam
1558 4885 1860 4940 triclinium
1903 4886 2049 4942 istud

467 4973 738 5027 excitasse
773 4973 961 5042 itaque
983 4974 1289 5042 appellasse
1317 4974 1689 5029 Justinianum
1721 4974 1798 5030 ait
1832 4977 2053 5047 Anony-

463 5079 616 5128 mus,
651 5073 712 5118 ut
737 5065 790 5117 in
823 5079 891 5118 eo
921 5065 1237 5134 quiesceret
1261 5105 1273 5119 .
1318 5065 1572 5120 Ἐκάλεσε
1604 5067 1741 5119 δὲ-
1766 5069 1856 5120 καὶ
1893 5086 2054 5138 μιτα-

470 5153 688 5226 νεώριον,
751 5156 887 5225 ὅπερ
951 5156 1129 5207 ἐκεῖσε
1191 5155 1488 5225 ἀνήγειρε,
1562 5147 1794 5209 κοιτῶνα
1855 5155 2055 5227 ὡραῖον

465 5246 783 5318 διάγρυσον,
842 5246 929 5299 ἵνα
991 5245 1448 5316 εἰσπορευομένου
1503 5246 1668 5299 αὑτοῦ
1723 5247 1781 5299 ὲν
1835 5247 1912 5318 τῷ
1943 5245 2055 5316 ναῷ

473 5340 654 5390 ἐκεῖσε
703 5338 960 5409 καθεύδῃ.
998 5339 1104 5395 Ubi
1140 5336 1426 5392 καθεύδειν
1451 5346 1536 5393 est
1582 5354 1691 5392 non
1737 5347 1846 5392 tam
1871 5356 2054 5392 somno

475 5430 707 5483 recreari
735 5445 898 5498 quam
931 5432 1195 5500 quiescere
1229 5445 1292 5485 ac
1316 5431 1538 5484 morari.
1567 5428 1848 5501 Ejusmodi
1873 5440 2054 5486 autem

467 5523 583 5578 {ult
612 5531 667 5577 et
690 5523 742 5577 in
784 5541 910 5579 eum
949 5527 1112 5581 linem
1134 5534 1416 5580 exstruCta
1439 5521 1641 5576 exedra
1683 5518 2055 5578 ecclesia-ad-

469 5615 684 5685 juncta,
709 5615 868 5685 cujus
899 5617 1148 5671 meminit
1187 5617 1510 5671 Anastasius
1559 5617 1613 5670 in
1640 5613 1906 5684 Gregorio
1935 5614 2004 5669 IV
2040 5631 2052 5665 :

477 5703 617 5760 ﬁcit
671 5708 829 5758 etfam
873 5705 1031 5774 juxta
1069 5705 1246 5759 acoliti
1289 5723 1384 5775 pro
1421 5707 1594 5776 quiete
1637 5701 1936 5773 pontiﬁcis,
1973 5701 2058 5755 ubi

2126 470 2342 523 valeant
2395 472 2628 524 membra
2676 475 2943 542 soporari,
2986 477 3264 544 hospitium
3317 495 3549 546 parvum,
3597 484 3687 536 sed
3723 524 3726 528 ί

2128 563 2337 615 honeste
2373 572 2754 627 constructum,
2808 574 2857 617 et
2892 567 3118 634 picturis
3168 569 3426 622 decoravit
3469 575 3682 629 eximiis.

2129 653 2204 706 Ita
2237 656 2588 709 metatorium
2624 673 2720 711 seu
2753 657 3100 713 diaconicum
3135 663 3372 730 amplum
3403 665 3689 722 triclinium

2128 744 2253 806 fuit,
2287 745 2342 798 in
2363 761 2474 815 quo
2496 756 2552 800 et
2583 747 2886 817 imperator
2906 748 3195 815 diversari,
3243 753 3507 822 siquando
3537 772 3567 810 a
3599 773 3696 828 pun

2129 835 2289 890 blicis
2306 837 2456 892 curis
2482 839 2648 894 vellet
2679 841 2938 896 secedere
2963 851 3018 896 et
3049 843 3238 912 pietati
3264 861 3477 910 vacare,
3511 857 3564 902 et
3584 848 3696 903 dia-

2129 929 2253 983 coni
2288 931 2613 995 considere,
2669 943 2724 987 et
2780 935 2974 1004 synodi
3032 937 3242 1008 peragi,
3298 939 3484 994 clerici
3529 940 3696 998 delin-

2129 1034 2369 1092 quentes
2397 1024 2628 1091 includi,
2667 1042 2822 1080 sacra
2854 1027 3103 1083 ecclesia:
3147 1045 3296 1096 vasa,
3323 1031 3618 1088 ministeria
3645 1042 3697 1089 et

2129 1126 2314 1170 vestes
2379 1119 2691 1181 asservari,
2754 1129 2920 1189 atque.
2963 1121 3103 1174 adeo
3159 1121 3276 1190 ipse
3323 1123 3574 1187 aedituus,
3616 1125 3695 1180 vel

2131 1205 2224 1273 qui
2259 1206 2447 1274 templi
2501 1207 2867 1261 conservandi
2919 1223 3110 1262 curam
3159 1210 3419 1273 habebat,
3467 1211 3699 1269 habitare

2132 1306 2406 1365 pmerant.
2433 1296 2691 1353 Edituos
2726 1299 2881 1364 istos,
2921 1301 3069 1369 quod
3105 1301 3174 1356 iis
3193 1304 3349 1372 juxta
3369 1304 3512 1358 :edes
3530 1321 3700 1361 sacras

2132 1391 2348 1445 mansio
2380 1401 2549 1457 esset,
2604 1396 3058 1464 παραμοναρὶους
3108 1405 3310 1450 vocant
3343 1399 3578 1468 synodus
3599 1399 3698 1455 (ΣΡ.

2134 1483 2238 1536 sub
2268 1483 2483 1550 Menna,
2534 1485 2656 1540 Act.
2716 1485 2788 1551 6;
2812 1503 2885 1541 vu
2929 1488 3121 1558 synod.
3171 1490 3297 1545 Act.
3330 1491 3390 1554 7,
3422 1506 3540 1546 can.
3563 1493 3618 1558 5;
3649 1503 3699 1548 et

2134 1575 2333 1630 Petrus
2385 1577 2659 1632 Diaconus
2694 1577 3013 1636 Casinensis
3075 1582 3132 1636 in
3167 1581 3347 1640 Relat.
3391 1586 3455 1638 de
3500 1602 3700 1654 corpore

2134 1669 2307 1721 sancti
2360 1668 2654 1735 Benedicti,
2686 1687 2742 1725 n.
2787 1673 2844 1738 2,
2896 1675 3337 1745 προσμοναρίους
3371 1675 3701 1733 deﬁnitiones

2140 1761 2362 1815 concilii
2388 1761 2729 1817 Chalcedon.
2761 1779 2885 1819 can.
2911 1765 2966 1830 2,
2997 1765 3111 1820 Leo
3141 1765 3497 1823 Grammatic.
3527 1770 3581 1824 in
3610 1770 3701 1824 Mi.

2140 1852 2332 1907 chaele
2361 1854 2554 1918 Balbo,
2603 1871 2656 1925 p.
2684 1856 2810 1921 459,
2842 1864 2899 1912 et
2927 1857 3219 1913 Balsamon
3251 1859 3319 1913 ad
3375 1861 3535 1916 Marci
3559 1862 3698 1918 Patr.

2141 1960 2292 2014 resp.
2327 1944 2419 1999 28.
2450 1947 2892 2019 Προσμοναρῐους
2913 1949 3080 2004 etiam
3117 1950 3376 2007 habuere
3396 1953 3641 2023 gentiles,
3660 1953 3701 2009 si

2141 2053 2250 2108 qua
2284 2036 2588 2110 Menologio
2615 2038 2751 2094 ﬁdes
2781 2040 2850 2095 ad
2874 2042 2940 2096 i7
2960 2042 3316 2099 Novembris.
3350 2043 3481 2110 Qum
3498 2045 3704 2114 quidem

2140 2144 2247 2183 vox
2272 2129 2510 2184 habetur
2526 2131 2692 2185 etiam
2711 2130 2768 2185 in
2798 2131 2961 2186 Italia
2997 2150 3155 2187 sacra
3181 2133 3422 2205 Ughelli,
3455 2144 3494 2191 t.
3525 2153 3626 2201 vm,
3654 2153 3702 2208 p.

2141 2219 2238 2275 42l
2279 2229 2335 2274 et
2382 2221 2508 2275 425.
2544 2223 2615 2276 At
2661 2222 2757 2292 qui
2788 2226 3206 2293 paramonarius
3249 2227 3456 2281 dicitur
3484 2229 3706 2282 Diacono

2141 2310 2450 2378 Casinensi,
2484 2313 2880 2367 mansionarius
2911 2323 3271 2384 nuncupatur
3297 2317 3465 2371 Leoni
3494 2317 3604 2372 Ost.
3634 2333 3704 2380 ιιι,

2141 2403 2230 2458 26.
2264 2404 2467 2458 Notum
2511 2413 2697 2461 autem
2737 2421 2804 2461 ex
2836 2405 3102 2478 Gregorio
3145 2408 3222 2463 Μ.
3263 2408 3410 2464 Dial.
3445 2427 3517 2474 ιιι,
3554 2411 3620 2464 24
3657 2418 3707 2464 et

2142 2493 2233 2557 25,
2272 2496 2666 2549 mansionarios
2715 2505 2773 2550 et
2815 2498 3050 2551 custodes
3091 2499 3411 2567 promiscue
3442 2499 3706 2570 appellari,

2144 2585 2349 2654 quibus
2396 2585 2608 2641 scilicet
2645 2586 3024 2642 custodiendae
3074 2589 3330 2646 ecclesia:
3377 2590 3711 2646 incumbebat

2145 2691 2312 2741 cura;
2365 2676 2510 2731 unde
2557 2678 2880 2731 excubitores
2931 2693 3330 2749 nuncupantur
3377 2679 3711 2735 mansionarii

2145 2769 2215 2824 ab
2247 2768 2595 2834 Aldrevaldo,
2642 2769 2681 2824 1.
2717 2785 2756 2835 ι,
2785 2769 2862 2822 De
2911 2773 3098 2824 mirac.
3146 2775 3326 2826 sancti
3372 2773 3646 2827 Benedicti.
3674 2772 3710 2826 li

2145 2861 2294 2916 enim
2322 2876 2432 2914 nou
2455 2859 2620 2914 modo
2657 2861 2949 2916 ecclesiam
2975 2862 3072 2916 sed
3109 2871 3166 2918 et
3215 2865 3478 2933 reliquias
3504 2873 3556 2920 et
3587 2864 3710 2933 phy-

2145 2953 2372 3008 lacteria
2403 2951 2716 3016 servabant,
2772 2961 2831 3006 ut
2859 2953 3136 3022 colligitur
3180 2970 3256 3008 ex
3306 2955 3499 3010 eodem
3544 2955 3711 3009 Leone

2147 3043 2261 3098 0st.
2292 3060 2350 3108 ιι,
2377 3043 2466 3098 54.
2507 3044 2660 3098 Unde
2694 3046 3008 3114 martyrarii
3033 3045 3164 3100 dicti
3203 3047 3262 3099 in
3293 3046 3524 3101 concilio
3553 3045 3714 3098 Aure-

2147 3133 2279 3187 lian.
2315 3149 2375 3199 ιι,
2414 3148 2537 3187 can.
2575 3135 2644 3187 15
2683 3133 2831 3202 apud
2869 3133 3100 3204 Gregor.
3129 3135 3270 3190 Tur.
3322 3135 3400 3189 De
3460 3136 3712 3196 mirac.n.

2146 3227 2250 3292 46;
2285 3234 2338 3280 et
2368 3225 2506 3279 Hist.
2539 3242 2616 3287 tv.
2658 3227 2756 3291 tl;
2798 3227 3033 3280 custodes
3069 3236 3373 3298 martyrum
3411 3229 3548 3298 apud
3583 3229 3708 3281 Ana-

2147 3317 2377 3372 stasium
2429 3315 2487 3370 in
2530 3326 2719 3371 sancto
2760 3317 3027 3371 Silvcstro
3076 3332 3129 3386 p.
3186 3319 3260 3372 13
3313 3330 3370 3372 et
3408 3319 3460 3372 in
3515 3317 3716 3388 Synodo

2147 3408 2307 3462 Rom.
2351 3408 2456 3462 sub
2489 3407 2683 3462 eodem
2709 3407 2976 3463 Silvcstro
3013 3426 3134 3463 can.
3175 3411 3236 3463 Η
3265 3427 3280 3474 ;
3315 3412 3548 3463 custodes
3577 3425 3717 3478 super

2146 3499 2389 3570 sepulcra
2426 3499 2786 3569 apostolorum
2813 3501 2957 3570 apud
2990 3501 3252 3556 eumdem
3301 3503 3638 3556 Anastasium
3668 3501 3717 3553 in

2149 3590 2207 3645 S.
2230 3591 2414 3646 Leone
2433 3591 2472 3657 Ι,
2500 3607 2554 3660 p.
2580 3592 2683 3656 27;
2714 3593 2950 3645 custodes
2985 3592 3282 3648 (oculorum
3316 3595 3370 3648 in
3405 3594 3518 3647 Vita
3549 3591 3603 3646 S.
3632 3591 3720 3644 Zo-

2148 3679 2290 3745 simi,
2319 3681 2544 3750 episcopi
2596 3678 2944 3749 Syracusani,
3004 3697 3060 3734 n.
3102 3681 3168 3747 ϐ,
3219 3684 3318 3737 ubi
3353 3683 3569 3737 eosdem
3611 3694 3718 3735 esse

2150 3785 2273 3825 cum
2297 3771 2531 3824 ostiariis
2560 3771 2850 3825 evidenter
2877 3771 3208 3825 ostenditur.
3241 3773 3348 3826 Sed
3372 3782 3429 3826 et.
3458 3786 3618 3841 penes
3635 3783 3720 3824 eos

2149 3862 2323 3916 fuisse
2396 3862 2646 3917 ecclesiae
2711 3863 2892 3916 claves
2950 3862 3112 3917 docet
3152 3864 3356 3918 Petrus
3409 3865 3554 3917 Diac.
3605 3860 3717 3916 Chr.

2151 3952 2334 4008 Casia.
2376 3970 2450 4018 ιγ,
2493 3954 2564 4008 55
2609 3971 2622 4006 :
2664 3954 2990 4008 habitabant
3041 3955 3250 4025 quippe
3291 3953 3637 4009 mansionarii
3669 3953 3720 4006 in

2151 4045 2317 4100 domo
2355 4047 2601 4100 ecclesiae
2641 4047 2936 4116 contigua,
2995 4062 3025 4100 a
3068 4062 3174 4115 qua
3240 4064 3439 4102 nomen
3487 4043 3720 4117 dignitati

2152 4138 2240 4192 isti
2265 4137 2706 4192 mansit.Auctor
2734 4136 2979 4190 Miracul.
3016 4135 3071 4190 S.
3105 4137 3289 4192 Mauri
3311 4140 3532 4202 abbatis,
3558 4154 3604 4191 c.
3628 4135 3717 4190 l0:

2153 4225 2386 4281 Clericus
2427 4226 2647 4295 quidam
2701 4227 2913 4278 nomine
2952 4225 3288 4294 Manfredus,
3327 4229 3415 4297 qui
3453 4228 3512 4280 ob
3563 4234 3721 4278 custo-

2153 4317 2298 4370 diant
2326 4319 2379 4370 in
2411 4319 2658 4386 contigua
2684 4316 2919 4371 basilicae
2945 4317 3110 4384 ipsius
3145 4318 3465 4373 domuncula
3508 4318 3720 4371 dormire

2155 4417 2270 4462 erat
2303 4408 2517 4473 solitus;
2539 4407 2630 4461 ubi
2667 4407 2899 4460 dormire
2937 4408 3082 4462 idem
3118 4418 3203 4463 est
3237 4411 3386 4479 quod
3433 4407 3717 4465 καθεύδειν,

2155 4501 2318 4557 idest
2364 4502 2584 4564 morari,
2629 4499 2889 4563 habitare,
2924 4509 2984 4553 ut
3024 4501 3369 4555 monuimus.
3409 4501 3535 4554 inde
3573 4497 3720 4568 primi

2154 4594 2504 4648 mansionarii
2537 4592 2775 4661 dignitas
2821 4607 3017 4661 magna
3062 4592 3117 4645 in
3169 4593 3417 4648 Ecclesia
3471 4593 3716 4649 Romana,

2153 4688 2249 4756 qui
2300 4697 2472 4740 custos
2521 4683 2870 4738 Dominicalis
2921 4685 3157 4737 bestiarii
3202 4685 3408 4739 dicitur
3456 4684 3508 4738 in
3540 4681 3720 4736 Ordine

2155 4777 2396 4832 Romano
2433 4788 2488 4830 et
2509 4784 2832 4831 cscterorum
2891 4772 3138 4829 ecclesiae
3167 4790 3448 4838 vasorum,
3490 4788 3607 4828 cum
3635 4770 3718 4823 alii

2157 4868 2437 4922 inferioris
2468 4866 2681 4921 ordinis
2727 4867 3080 4919 mansionarii
3116 4868 3360 4936 juniores
3399 4866 3715 4920 dicerentur.

2156 4959 2313 5014 Unde
2330 4958 2475 5011 haud
2491 4957 2730 5026 procula
2753 4973 2886 5011 vero
2906 4957 3193 5011 aberraret
3213 4958 3304 5011 ille
3331 4957 3425 5026 qui
3451 4955 3715 5023 νεωκόρον,

2158 5049 2246 5103 cui
2298 5047 2589 5118 Sophiana:
2633 5047 2883 5102 ecclesiae
2922 5047 3107 5102 claves
3139 5048 3443 5102 commissa:
3485 5047 3719 5116 leguntur

2157 5141 2303 5211 apud
2329 5138 2731 5204 Silentiarium,
2754 5142 3656 5213 tapapovaptovinterpretaretur.

2229 5234 2319 5288 87.
2353 5233 2459 5288 Sed
2483 5242 2671 5288 etnon
2696 5233 2923 5286 omnino
2944 5233 3303 5304 improbanda
3334 5235 3548 5291 videtur
3581 5225 3736 5284 Wolf-

2142 5324 2305 5396 gangi
2343 5325 2575 5380 Hasculi
2601 5323 2894 5390 divinatio,
2919 5326 3015 5394 qui
3049 5327 3376 5398 μιτατώριον
3398 5325 3537 5397 apud
3555 5323 3721 5376 Theo-

2164 5419 2365 5472 dorum
2419 5417 2706 5471 Lectorem
2769 5419 3122 5471 mutatorium
3181 5419 3366 5474 ver't.
3426 5417 3554 5472 Nam
3607 5425 3720 5467 cum

2163 5509 2495 5582 μιτατὼριον
2522 5509 2666 5564 idem
2699 5509 2775 5564 sit
2797 5509 2946 5580 quod
2970 5510 3343 5573 diaconicum,
3373 5522 3582 5563 rursum
3602 5515 3722 5558 vero

2160 5601 2509 5659 diaconicum
2549 5603 2694 5658 idem
2727 5601 2874 5673 quod
2913 5605 3256 5668 vestiarium,
3286 5598 3599 5656 vestiarium
3632 5593 3720 5647 de-

2161 5701 2329 5769 nique
2374 5695 2522 5752 idem
2554 5695 2705 5764 quod
2753 5695 3145 5769 ἀλλαξιμάριον
3175 5697 3322 5770 apud
3343 5694 3624 5754 Codinum,
3650 5687 3718 5740 De
