4032 6144
995 112 1115 122 .--τι

371 171 516 238 2249

1593 181 2044 243 DESCRIPTIO
2083 186 2142 244 S.
2182 185 2497 247 ΞΟΡΗΙᾸΞ.

3498 193 3640 258 29.50

366 295 436 362 οη
482 307 529 344 c.
566 291 620 352 9.,
653 291 811 347 locus
839 293 1057 348 scilicet
1096 309 1192 348 seu
1231 294 1549 349 cubiculum
1590 295 1738 351 unde
1775 306 1958 350 vestes
1989 302 2030 356 Α
2061 302 2364 353 munionem
2393 319 2512 355 cum
2553 319 2611 356 eo
2643 302 2939 355 habendam
2965 343 2977 364 .
3014 313 3061 357 et
3095 307 3393 374 prandeant
3414 323 3532 361 cum
3558 319 3638 370 eo,

364 382 643 436 mutaudze
680 392 1013 452 promuntur
1037 424 1050 446 ,
1107 383 1181 436 nil
1217 392 1362 437 vetat
1399 385 1724 453 μιτατὼριον
1760 400 1950 439 vocem

364 489 469 541 pro
527 475 903 544 μουτατώριον
959 491 1258 545 usurpasse
1321 475 1543 530 Graecos
1611 476 1949 531 existimare.

363 563 576 633 Quippe
609 565 752 634 apud
782 564 1010 620 Latinos
1040 567 1141 622 :cvi
1192 566 1473 621 inferioris
1498 568 1800 638 scriptorcs
1831 585 1950 621 mu-

365 658 640 720 latorium,
665 658 709 711 si
743 674 851 712 non
875 656 1054 712 locum
1083 659 1226 712 unde
1267 671 1596 729 promuntur
1624 670 1803 714 vestes
1835 678 1954 716 mu-

307 757 348 822 ’,ξ
369 746 563 808 lauda},
589 754 736 800 certe
767 757 948 801 vestes
968 747 1114 817 ipsas
1143 765 1265 818 qua:
1285 751 1513 803 alternis
1537 758 1819 804 mutantur
1853 767 1950 820 ap-

320 823 344 868 "
365 838 556 906 pellari
581 848 832 905 constat;
862 855 984 908 qua:
1007 840 1230 908 quidem
1258 840 1734 912 ἐξημυιόἁῖμάτια
1754 842 1951 895 dicun—

368 941 458 983 tur
482 930 720 984 llomero
761 930 946 1002 Odyss.
977 948 1048 995 u;
1089 934 1287 986 vicaria
1322 933 1654 997 indumenta,
1686 933 1949 988 Cassiano

365 1022 563 1087 “1,10;
598 1025 888 1086 nudanda},
925 1023 978 1076 in
1013 1023 1210 1094 Regula
1231 1026 1492 1094 magistri,
1515 1041 1562 1079 c.
1597 1024 1656 1078 81
1681 1043 1692 1088 ;
1720 1027 1952 1078 mutato-

365 1111 446 1164 ria
487 1113 630 1174 aliis,
687 1114 766 1167 uti
801 1117 1120 1170 monuimus
1170 1115 1226 1168 in
1277 1116 1427 1170 notis
1476 1116 1543 1171 ad
1589 1116 1943 1182 Alexiadcm;

366 1203 608 1274 denique
636 1205 981 1278 ἀλλαξὶματα
1032 1206 1178 1278 apud
1205 1218 1487 1263 auctorem
1535 1205 1611 1264 De
1657 1210 1787 1280 oﬂic.
1821 1209 1946 1264 eccl.

368 1293 474 1350 CP.
508 1313 539 1351 a
581 1297 835 1353 Medonio
875 1301 1124 1366 editum;
1179 1301 1414 1368 ἀλλαγαί
1457 1301 1602 1371 apud
1637 1301 1943 1367 Codinum;

368 1388 512 1443 unde
569 1389 860 1443 ἀλλάσσειν
911 1391 1056 1460 apud
1113 1394 1371 1448 eumdem
1419 1404 1474 1448 ct
1532 1394 1772 1448 Marcum
1814 1393 1946 1447 llie-

367 1496 579 1535 romon.
628 1481 705 1535 De
737 1483 861 1538 dub.
913 1494 1022 1556 typ.
1071 1503 1120 1541 c.
1158 1487 1246 1542 45.
1297 1486 1488 1541 Avitus
1541 1486 1736 1542 Vicnu.
1795 1485 1832 1537 l.
1889 1502 1945 1540 ut

367 1569 548 1625 Poeni.

505 1723 684 1779 Serica
712 1727 788 1780 bis
818 1730 974 1782 coctis
999 1730 1237 1784 mutabat
1262 1733 1491 1801 tegmina
1532 1731 1734 1785 blattis.

363 1859 732 1914 Secretarium
794 1873 978 1916 autem
1020 1865 1270 1920 ecclesia:
1316 1869 1624 1921 vestiarium
1677 1867 1941 1938 appellari

362 1955 553 2005 notius
584 1963 668 2006 est
691 1969 856 2021 quam
898 1963 957 2008 ut
981 1953 1191 2009 ﬁrmati
1219 1973 1444 2012 necesse
1480 1961 1571 2012 sit.

431 2043 520 2097 88.
549 2045 591 2098 Α
615 2046 779 2099 variis
817 2046 1052 2116 proinde
1086 2048 1280 2102 ol‘ﬁciis
1313 2051 1490 2104 varias
1521 2053 1718 2106 sortita
1741 2061 1825 2106 est
1855 2068 1943 2121 ap-

359 2133 690 2201 petlationes
737 2135 856 2192 haec
891 2138 1093 2193 exedra
1127 2158 1140 2190 :
1171 2156 1296 2194 nam
1342 2151 1398 2196 et
1431 2159 1462 2196 a
1519 2142 1944 2198 salutationibus

363 2227 698 2289 ἁππαςτικδς
746 2225 892 2291 οἶκος
928 2232 1094 2286 etiam
1127 2233 1331 2288 dicitur
1363 2235 1716 2290 'l‘beodoreto
1754 2253 1806 2300 v,
1839 2237 1940 2301 l7;

360 2315 738 2371 salutatorium
768 2319 1037 2391 Gregorio
1071 2323 1280 2378 'l‘uron.
1315 2325 1450 2378 Ilist.
1488 2342 1544 2389 ιι,
1590 2326 1688 2391 ΞΗ
1725 2343 1795 2391 γι,
1839 2327 1940 2392 ll;

360 2425 454 2467 vu,
484 2407 580 2472 27;
601 2409 869 2464 Messiano
886 2413 1122 2484 presbyt.
1161 2415 1237 2468 De
1268 2419 1372 2470 vita
1408 2416 1462 2471 S.
1495 2417 1713 2472 ('a'sarii
1735 2417 1940 2473 Arelat.

360 2515 415 2568 p.
443 2500 548 2553 25:).
571 2517 584 2564 ;
605 2502 877 2563 Aimoino,
910 2505 1040 2559 Hist.
1063 2524 1139 2569 ιιι,
1167 2509 1266 2571 4Ἰ;
1295 2511 1504 2563 auctori
1530 2511 1669 2565 Hist.
1698 2511 1945 2566 miscella:

360 2592 397 2645 l.
431 2608 543 2650 xui,
586 2608 634 2660 p.
674 2594 776 2646 579
804 2595 892 2648 ed.
927 2587 1155 2661 Canisii,
1187 2609 1242 2651 et
1271 2598 1535 2654 0rderico
1583 2599 1769 2664 Vitali,
1810 2601 1848 2656 l.
1883 2619 1943 2665 ιι,

358 2696 416 2749 p.
447 2681 571 2733 412.
606 2681 699 2734 Est
729 2693 913 2737 autem
944 2685 1326 2740 salutatorium
1356 2688 1502 2757 apud
1549 2690 1771 2760 Papiam
1803 2691 1946 2744 locus

357 2773 411 2822 in
441 2788 542 2839 quo
575 2773 643 2824 ad
671 2772 1021 2828 salutandum
1068 2779 1404 2831 advenientes
1432 2780 1862 2849 excipiebantur;
1891 2789 1948 2834 et

356 2861 413 2914 in
433 2860 713 2916 Glossario
725 2862 935 2918 Αᾱιιτιει
951 2865 1331 2922 salutatorium
1349 2869 1558 2924 dicitur
1575 2886 1696 2926 esse
1711 2873 1947 2942 greting-

355 2954 476 3012 huc,
494 2951 548 3004 id
570 2960 672 3015 est,
701 2951 898 3009 domus
921 2956 1286 3023 salutationis,
1314 2961 1392 3012 uti
1413 2959 1678 3014 deﬁnitur
1698 2960 1766 3015 ab
1796 2960 1944 3032 Ugu-

2059 387 2263 458 ﬁatque
2288 391 2385 444 hoc
2431 393 2664 461 primum
2697 393 2750 445 in
2775 395 2918 445 exitu
2958 396 3121 460 anni,
3157 397 3384 450 secundo
3421 414 3543 452 tero
3584 401 3641 453 iu

2061 479 2191 548 festo
2231 480 2642 538 Resurrectionis
2668 483 2732 538 D.
2755 485 2824 539 N.
2855 485 2978 541 Jesu
2997 486 3211 542 Christi.
3241 482 3512 545 incertum
3548 509 3642 563 pa-

2061 572 2197 626 riter
2236 589 2304 626 an
2355 573 2422 626 ad
2478 575 2576 629 bas
2608 578 2973 634 salutationes
3010 581 3257 636 fidelium
3294 585 3488 640 referri
3544 587 3642 642 de-

2058 663 2377 720 beatcanon
2410 667 2475 721 l9.
2501 670 2723 723 concilii
2747 671 3060 729 Ticinensis
3078 675 3181 729 Sub
3207 677 3390 731 Leone
3423 679 3491 732 ιν
3511 679 3638 741 PR.

2057 770 2168 824 quo
2211 757 2580 825 prolzibentbr
2610 762 2942 830 poenitentes
2984 781 3175 820 racare
3207 768 3640 831 salutationibus.

2060 845 2132 900 ita
2165 857 2224 900 ut
2256 848 2320 902 iis
2357 850 2712 906 interdicwm
2745 851 2914 909 fuerit
2945 859 3261 914 sacerdotes
3302 861 3355 914 in
3395 873 3634 917 secreta-

2058 936 2141 989 rio
2170 937 2432 1002 salutare,
2459 942 2607 1009 Quod
2643 943 2899 998 ﬁdelibus
2933 946 3156 1003 licebat.
3185 943 3270 1003 vel
3308 961 3457 1005 certe
3491 954 3640 1017 donni

2057 1027 2384 1084 salutatores
2433 1032 2746 1088 admittere.
2792 1036 3268 1102 Quemadmodum
3311 1051 3494 1098 autem
3530 1047 3644 1124 cpi-

2056 1120 2205 1187 scopi
2236 1119 2291 1173 in
2327 1125 2642 1180 secretariis
2673 1127 3100 1186 salutationibus
3150 1133 3440 1198 vacabant,
3481 1137 3551 1191 ita
3584 1119 3643 1191 et.

2056 1212 2366 1270 abbatissae.
2400 1216 2614 1289 Quippe
2665 1221 2719 1274 in
2767 1220 2967 1294 Regula
2999 1224 3054 1280 S.
3093 1225 3316 1281 Caesarii
3351 1243 3401 1282 c.
3450 1227 3540 1290 36.
3583 1239 3642 1284 et

2055 1301 2180 1373 Reg.
2209 1303 2265 1359 S.
2297 1305 2515 1372 Donati,
2545 1326 2594 1364 c.
2625 1312 2714 1375 57,
2760 1313 2875 1368 lucc
2903 1316 3070 1370 verba
3103 1317 3377 1372 habentur
3403 1338 3416 1370 :
3451 1320 3638 1375 Obser-

2052 1398 2288 1451 vandum
2319 1409 2394 1453 est
2425 1417 2490 1454 ne
2507 1405 2770 1459 abbatissa
2803 1409 2874 1461 ad
2907 1409 3256 1467 salutationes
3290 1414 3345 1466 in
3373 1413 3639 1468 salutato-

2055 1487 2190 1539 rium
2210 1489 2326 1542 sine
2354 1491 2512 1562 digno
2536 1494 2731 1548 honore
2768 1516 2884 1562 suo,
2918 1501 3012 1554 hoc
3044 1513 3117 1554 est
3155 1505 3271 1558 sine
3301 1507 3502 1561 duabus
3543 1521 3637 1562 aut

2053 1578 2216 1631 tribus
2237 1582 2524 1648 sororibus,
2550 1589 2829 1656 procedat;
2862 1600 2917 1645 et
2947 1609 2996 1648 c.
3031 1593 3099 1648 40
3128 1612 3140 1648 :
3171 1595 3230 1651 Si
3261 1598 3548 1664 abbatissa,
3580 1613 3640 1656 ut

1975 1669 2017 1722 Β
2047 1666 2258 1732 assolet,
2295 1685 2414 1723 cum
2440 1672 2824 1731 salutatoribus
2854 1691 3111 1750 occupata
3141 1683 3323 1752 fuerit.
3357 1687 3423 1741 Et
3452 1690 3505 1741 in
3530 1689 3637 1743 Re-

2044 1758 2424 1826 capitulatione
2481 1763 2696 1836 Regula:
2752 1767 2809 1823 S.
2875 1770 3116 1840 Cresarii,
3149 1791 3197 1829 c.
3238 1776 3290 1841 8,
3324 1788 3380 1832 et
3430 1778 3635 1851 Regula

2042 1843 2100 1909 ὃ.
2127 1848 2404 1906 Aureliani
2434 1857 2591 1924 episc.
2625 1873 2674 1914 c.
2701 1859 2725 1914 1
2774 1865 3098 1934 przeeipitur
3133 1877 3191 1921 ut
3217 1843 3540 1944 quaecunque
3562 1876 3633 1928 ad

2044 1943 2433 1997 conversionem
2465 1950 2684 2012 venerit,
2733 1951 2916 2023 regula
2967 1957 3015 2008 ei
3045 1959 3102 2010 in
3130 1943 3459 2016 salutatorio
3488 1965 3635 2036 lega-

2045 2034 2152 2081 tur.
2197 2027 2447 2102 Denique
2480 2035 2533 2089 in
2565 2040 2804 2095 concilio
2826 2042 3114 2100 Matiscon.
3145 2055 3182 2110 ι,
3210 2065 3332 2105 can.
3367 2051 3402 2104 2
3438 2027 3630 2109 vetan-

2046 2128 2136 2173 tur
2165 2123 2264 2175 viri
2285 2125 2428 2179 intra
2460 2129 2841 2187 salutatorium
2866 2147 2960 2220 aut
2995 2143 3292 2196 oratorium
3323 2150 3631 2202 monasterii

2043 2213 2306 2283 virginum
2350 2217 2574 2285 intrare,
2608 2224 2816 2292 quibus
2855 2213 3226 2288 consentanea
3259 2235 3537 2294 habentur
3573 2241 3629 2296 in

2045 2302 2248 2374 Regula
2275 2305 2332 2361 S.
2366 2309 2671 2378 Aureliani,
2693 2331 2744 2370 c.
2778 2318 2845 2372 14
2873 2337 2886 2372 :
2914 2323 3117 2389 quibus
3151 2324 3206 2378 in
3245 2326 3388 2382 locis
3419 2330 3630 2386 saluta-

2047 2398 2242 2450 torittm
2269 2399 2409 2454 idem
2449 2414 2533 2458 est
2565 2408 2710 2475 quod
2739 2415 3084 2467 secretarium
3112 2425 3168 2470 et
3197 2419 3552 2479 diaconicum.

2117 2489 2205 2543 89.
2231 2491 2350 2545 iam
2390 2509 2524 2550 vero
2555 2512 2682 2553 cum
2711 2501 2766 2555 in
2798 2504 3161 2563 ecclesiarum
3209 2517 3532 2572 secretariis
3564 2534 3629 2573 ac

2046 2569 2351 2640 diaconicis
2372 2601 2794 2649 asservarentur
2819 2611 2974 2652 sacra
3002 2615 3150 2667 vasa,
3171 2619 3291 2671 seu,
3315 2608 3395 2662 uti
3426 2621 3629 2665 vocant

2046 2675 2210 2745 vulgo
2246 2677 2568 2748 scriptores,
2601 2684 2944 2753 ministeria,
2978 2688 3108 2745 inde
3134 2692 3341 2749 factum
3378 2706 3439 2752 ut
3473 2701 3626 2772 quod

2045 2765 2171 2821 aliis
2191 2767 2543 2826 diaconicum
2585 2783 2642 2829 et
2688 2781 3058 2836 secretarium
3090 2793 3208 2850 est,
3245 2786 3524 2847 interdum
3567 2805 3627 2850 et

2048 2870 2191 2926 saepe
2226 2864 2656 2932 σκευοφυλάκιον
2694 2871 3025 2940 appelletur,
3055 2878 3205 2946 quod
3235 2882 3515 2940 exstitisse
3562 2896 3625 2942 ut

2048 2944 2353 3012 plurimum
2399 2949 2455 3005 in
2503 2952 2774 3012 interiore
2830 2944 3110 3020 diaconici
3168 2978 3326 3037 parte
3375 2977 3624 3034 ostendit

355 3045 528 3098 tione.
583 3044 676 3100 Sic
709 3061 875 3116 porro
923 3051 1255 3118 appellatum
1289 3054 1484 3107 volunt
1547 3053 1894 3110 diaconicum
1922 3098 1936 3121 ,
1968 3019 2012 3078 Ο
2044 3037 2233 3140 Passio
2263 3041 2360 3140 SS_-
2406 3045 2633 3140 Palmm
2681 3050 3030 3110 sabai‘amm
3070 3079 3082 3114 τ
3117 3057 3304 3134 θῧπερ
3345 3065 3622 3140 ἀποτεμό-

354 3135 505 3204 quod
555 3137 610 3191 in
649 3153 715 3192 eo
762 3139 1005 3210 episcopi
1049 3156 1203 3196 sacra
1261 3143 1483 3207 facturi,
1523 3153 1817 3215 antequam
1869 3146 1938 3201 ad

355 3229 516 3282 belua
541 3244 638 3283 seu
676 3231 745 3284 ad
793 3233 964 3286 altare
1005 3234 1394 3302 procederent,
1451 3235 1694 3290 ﬁdelium
1729 3239 1937 3293 saluta-

353 3321 536 3374 tiones
558 3324 898 3390 exciperent,
945 3339 1041 3377 seu
1075 3325 1291 3379 illorum
1333 3342 1390 3380 se
1421 3327 1766 3383 orationibus
1789 3345 1939 3384 com-

354 3407 645 3469 mendare,
678 3424 773 3462 seu
812 3409 881 3463 de
906 3413 1162 3482 negotiis,
1189 3416 1578 3471 ecclesiasticis
1604 3421 1934 3486 praesertim,
1965 3457 1970 3462 ρ

353 3513 479 3551 cum
513 3499 582 3552 iis
631 3515 793 3570 agere
821 3503 1043 3557 vellent.
1088 3505 1144 3559 id
1181 3507 1527 3575 potissimum
1559 3509 1839 3581 colligitur
1867 3521 1936 3566 ex

350 3590 625 3660 Gregorio
662 3592 731 3645 Μ.
763 3593 799 3646 Ι.
837 3609 908 3659 tv,
939 3596 1102 3666 epist.
1135 3598 1203 3651 54
1224 3611 1278 3652 et
1308 3599 1396 3663 98,
1425 3601 1480 3655 in
1518 3603 1722 3672 quibus
1745 3606 1938 3674 praeci-

353 3679 504 3748 pitur
519 3682 793 3753 episcopis
813 3693 908 3738 aut
931 3688 1382 3760 archiepiscopis,
1408 3692 1636 3748 dimissis
1655 3695 1775 3765 jam
1808 3693 1933 3765 ﬁliis

352 3771 584 3826 ecclesia:
631 3791 660 3826 a
692 3774 1009 3832 salutatorio
1054 3780 1124 3833 ad
1158 3797 1311 3837 sacra
1353 3786 1637 3840 missarum
1675 3787 1932 3844 solemnia

351 3861 668 3917 celebranda
716 3881 840 3919 cum
877 3868 1044 3938 pallio
1089 3873 1423 3941 procedere;
1459 3886 1515 3930 et
1555 3876 1802 3947 Sulpicio
1833 3881 1932 3935 Se-

349 3969 486 4006 vero
529 3955 672 4009 Dial.
719 3958 782 4010 de
811 3961 919 4014 vita
969 3959 1024 4016 S.
1075 3962 1318 4030 Martini,
1358 3983 1416 4032 ιι,
1448 3964 1521 4032 'l,
1578 3970 1672 4024 ubi
1708 3971 1932 4028 disertis

353 4045 535 4100 verbis
566 4047 830 4104 dicuntur
871 4054 1162 4126 presbyteri
1192 4058 1247 4110 in
1284 4063 1568 4114 secretario
1607 4063 1820 4128 sedere,
1853 4065 1933 4118 vel

347 4138 761 4196 salutationibus
788 4154 1036 4202 vacantes
1063 4147 1144 4202 vel
1175 4150 1454 4206 audiendis
1491 4157 1929 4225 negotiationibus

348 4231 625 4298 occupati;
647 4248 758 4302 quo
791 4241 922 4290 tunc
939 4245 1186 4308 tempore
1218 4248 1474 4297 vetantur
1503 4244 1720 4301 diaconi
1757 4249 1810 4302 in
1842 4265 1930 4307 sc-

2044 3132 2196 3199 μενοί
2218 3150 2269 3186 τι
2307 3137 2354 3188 oi
2384 3137 2576 3210 πρώην
2619 3143 2856 3217 πατέρες
2884 3147 3190 3206 διακονικὸν
3219 3161 3583 3231 πεποιήκασιν
3605 3205 3620 3225 ,

2043 3225 2311 3300 ἐσώτερον
2361 3231 2418 3286 δὲ
2471 3235 2565 3290 τοῦ
2623 3237 2930 3297 διακονικοῦ
2996 3225 3471 3324 κειμηλιαρχεῖδν,
3501 3259 3621 3329 ἤτοι

2041 3322 2491 3389 σκευοφυλάκιον.
2520 3327 2662 3386 Hinc
2686 3333 2962 3404 ejusmodi
2983 3322 3275 3400 diaconica
3303 3351 3621 3416 promiscue

2038 3407 2306 3468 dicuntur
2329 3423 2623 3478 secretario
2649 3440 2713 3480 ac
2738 3444 3014 3486 sacrorum
3049 3450 3299 3492 vasorum
3324 3444 3522 3497 aeraria
3561 3445 3619 3499 in

2038 3498 2260 3559 laudata
2294 3506 2544 3580 Gregorii
2567 3513 2612 3568 ll
2635 3515 2740 3572 PP.
2768 3521 3038 3591 epistola;
3063 3536 3229 3596 atque
3253 3529 3328 3585 ita
3363 3537 3620 3605 usurpari

2037 3598 2241 3664 passim
2270 3601 2572 3661 observare
2593 3617 2700 3663 est.
2725 3612 2837 3666 Cur
2865 3629 3000 3669 vero
3032 3617 3089 3671 in
3123 3619 3415 3678 diaconico
3455 3642 3619 3697 repo-

2037 3701 2310 3747 nerentur
2343 3709 2503 3751 sacra
2534 3700 2786 3756 ecclesiae
2821 3705 3133 3763 ministeria
3156 3751 3170 3773 ,
3207 3713 3352 3768 ratio
3390 3717 3484 3772 illa
3516 3735 3620 3788 po-

2037 3777 2316 3836 tissimum
2346 3793 2433 3838 est
2459 3786 2609 3854 quod
2640 3804 2704 3843 ea
2745 3806 2895 3848 cura:
2926 3793 3286 3856 diaconorum
3318 3819 3381 3856 ac
3406 3777 3619 3860 sollici-

2037 3870 2214 3926 tudini
2248 3875 2656 3934 incumberent.
2689 3881 2972 3949 lsidorus,
3011 3887 3088 3941 De
3112 3890 3237 3944 eccl.
3279 3895 3407 3963 ofﬁc.
3439 3913 3497 3961 Il,
3533 3899 3565 3953 9
3601 3919 3613 3954 :

2035 3961 2285 4019 Custodes
2311 3972 2538 4024 sacrarii
2568 3970 2761 4028 Levila:
2788 3986 2911 4030 sunt
2936 3994 2954 4031 :
2987 3980 3115 4050 ipsis
3140 3986 3280 4037 enim
3305 3987 3519 4055 jussum
3540 4001 3617 4045 est

2033 4053 2294 4106 custodire
2319 4057 2722 4113 tabernaculum
2756 4073 2804 4115 et
2840 4068 3022 4120 omnia
3060 4085 3186 4124 uasa
3214 4053 3432 4143 templi;
3465 4080 3615 4146 quod

2033 4144 2202 4200 etiam
2233 4146 2477 4204 habetur
2499 4154 2646 4222 apud
2679 4149 2944 4226 Cyrillum
2969 4159 3269 4218 Alexandr.
3313 4166 3412 4222 lib.
3451 4144 3512 4224 ιιι
3543 4171 3617 4225 De

2034 4235 2245 4290 adorat.
2277 4236 2409 4295 Inde
2443 4242 2557 4298 illis
2587 4260 2651 4299 ea
2684 4261 2849 4301 manu
2881 4251 3207 4325 contingere
3229 4297 3243 4320 ,
3283 4273 3392 4312 non
3425 4272 3612 4318 autem

348 4322 585 4376 cretario
602 4338 726 4378 cum
744 4322 1080 4398 presbyteris
1110 4331 1303 4386 sedere
1326 4333 1380 4388 in
1399 4337 1601 4391 conc-il.
1631 4339 1834 4395 Arclat.
1865 4359 1921 4405 ιι,

2041 4328 2411 4393 subdiaconis,
2443 4334 2689 4402 licebat;
2724 4347 2868 4395 etut
2903 4343 2980 4396 ait
3013 4322 3314 4403 concilium
3339 4351 3612 4411 Laodice-

349 4414 431 4465 uti
480 4428 644 4484 supra
676 4415 1026 4473 observatum
1055 4431 1159 4475 est.
1201 4422 1361 4478 Certe
1399 4425 1714 4496 pontiﬁcem
1770 4447 1926 4486 sacra

350 4501 648 4569 facturum,
682 4514 975 4576 antequam
1003 4510 1070 4564 ad
1103 4513 1269 4568 altare
1301 4517 1648 4585 procederet,
1675 4537 1704 4574 a
1734 4521 1924 4578 diaco-

349 4593 435 4645 nis
473 4595 703 4650 salutari
750 4597 1046 4654 observare
1104 4609 1188 4657 est
1247 4621 1311 4658 ex
1367 4605 1572 4662 Ordine
1625 4595 1922 4668 Romano:

300 4679 310 4702 "
346 4679 481 4735 Cum
510 4700 631 4737 vero
655 4686 925 4740 ecclesiam
967 4690 1226 4746 introierit
1254 4695 1510 4762 pontifex,
1542 4691 1645 4750 nan
1693 4703 1925 4754 ascendit

345 4777 596 4828 continuo
617 4778 687 4829 ad
729 4778 921 4845 altare,
947 4780 1038 4833 sed
1077 4784 1222 4850 prius
1257 4785 1421 4839 intrat
1454 4788 1508 4839 in
1531 4792 1872 4843 secretarium
1907 4810 1924 4846 :

329 4853 412 4906 ’--
445 4866 528 4918 ubi
560 4882 680 4921 eum
712 4869 1010 4938 intrauerit,
1043 4873 1183 4927 sedet
1209 4875 1264 4928 in
1303 4875 1436 4930 sella
1476 4893 1596 4942 sua,
1633 4889 1682 4931 et
1719 4881 1926 4938 diaconi

346 4958 580 5012 salutato
606 4959 850 5029 pontiﬁce
887 4965 1232 5033 egrediuntur
1261 4968 1324 5021 de
1359 4974 1671 5038 secretario;
1711 4975 1924 5029 tametsi

347 5050 462 5106 haec
488 5053 654 5107 verba
684 5055 754 5109 de
784 5057 1112 5116 salutatione
1137 5059 1310 5131 accipi
1342 5076 1505 5132 posse
1535 5079 1643 5121 non
1667 5067 1923 5132 diﬁiteor,

348 5156 507 5207 quam
553 5143 818 5198 exhibent
868 5145 1088 5202 diaconi
1145 5151 1470 5222 priusquam
1531 5171 1561 5208 c
1625 5159 1926 5214 secretario

346 5233 629 5287 excedant.
684 5235 795 5290 Nec
832 5239 950 5291 scio
979 5256 1046 5293 an
1076 5242 1241 5295 etiam
1278 5243 1331 5297 in
1365 5244 1690 5303 salutatorio
1723 5251 1927 5306 saluta-

348 5333 539 5378 reutur
566 5327 806 5397 episcopi
851 5345 880 5385 a
932 5325 1267 5402 presbyteris
1298 5333 1647 5392 dimcesanis.
1680 5340 1739 5394 ln
1789 5359 1922 5396 con-

345 5413 473 5467 cilio
527 5417 732 5486 quippe
784 5417 1006 5474 Nicamo
1052 5421 1220 5475 Arab.
1275 5440 1322 5478 c.
1356 5425 1444 5489 55,
1502 5427 1823 5498 ρτωςίρὶιιιι·
1867 5442 1923 5485 ut

345 5506 741 5576 rborepiscopus
781 5509 857 5563 bis
901 5527 995 5579 per
1036 5529 1237 5567 annum
1267 5527 1544 5587 congregct
1595 5522 1923 5593 presbyteros

349 5595 416 5653 ad
442 5597 788 5654 salutandum
811 5604 1108 5673 episcOpum
1135 5613 1183 5657 et
1204 5608 1516 5663 tradendam
1543 5627 1598 5664 se
1622 5613 1667 5666 ei
1701 5623 1748 5666 et
1779 5631 1920 5670 cont-

623 5691 891 5758 ΡΑΤιιοι..
941 5697 1056 5757 Gn.
1096 5699 1433 5765 LXXXVI.

2030 4434 2184 4483 num,
2214 4436 2335 4476 can.
2362 4424 2453 4488 21,
2503 4428 2575 4479 Οὐ
2607 4429 2686 4482 δεῖ
2711 4429 2853 4502 ἔχειν
2885 4433 3162 4513 ὑπηρέτας
3202 4441 3387 4514 χώραν
3441 4448 3497 4499 ἐν
3535 4449 3612 4518 τῷ

2029 4511 2320 4584 διακονικῴ
2352 4517 2446 4569 καὶ
2477 4520 2745 4577 ἆπτεσθαι
2796 4525 3131 4602 ﬁsci-cortuth
3177 4537 3410 4594 σκευῶν.
3480 4540 3612 4607 Qum

2028 4603 2256 4669 quidem
2287 4606 2362 4660 ita
2391 4611 2558 4666 vertit
2582 4615 2885 4671 concilium
2921 4621 3239 4690 Agathcnse
3265 4669 3280 4690 ,
3334 4643 3457 4685 can.
3496 4635 3608 4690 (36:

2028 4693 2143 4750 Non
2194 4709 2396 4769 oportet
2445 4703 2740 4762 insaeratos
2793 4713 3060 4769 ministros
3099 4715 3369 4774 licentiam
3417 4723 3611 4780 habere

2027 4787 2081 4838 in
2118 4791 2482 4858 secretarium,
2528 4798 2666 4866 quod
2714 4799 2884 4855 Gra’ci
2926 4803 3258 4862 diaconicum
3308 4813 3605 4882 appellant,

2025 4879 2232 4949 ingredi
2259 4894 2308 4937 et
2325 4889 2770 4959 contingerevasa
2800 4893 3099 4963 Dominica,
3159 4899 3274 4954 sive
3328 4917 3394 4956 ea
3440 4906 3609 4963 verba

2028 4971 2389 5045 intelligenda
2412 4980 2523 5034 sint
2545 4980 2613 5036 de
2641 4984 2838 5055 majori
2875 4987 3198 5054 diaconico,
3243 4991 3360 5048 sive
3404 4997 3471 5052 de
3506 4999 3607 5053 mi‘

2024 5065 2173 5131 nori,
2212 5067 2264 5121 id
2298 5079 2383 5124 est
2418 5074 2688 5130 conchula
2733 5078 2966 5135 bematis
3022 5082 3095 5138 ita
3143 5095 3498 5158 nuncupata,
3545 5100 3606 5146 ut

2027 5173 2189 5227 supra
2213 5163 2550 5219 monuimus.
2583 5168 2786 5224 Verum
2825 5174 2971 5241 quod
3017 5175 3086 5229 ad
3127 5189 3384 5232 vasorum
3419 5193 3606 5236 sacro-

2026 5267 2145 5304 rum
2192 5268 2380 5308 curam
2422 5257 2684 5326 primitus
2712 5261 2964 5320 diaconis
3001 5269 3255 5332 collatam
3289 5271 3512 5338 attinet,
3548 5274 3605 5330 id

2025 5342 2382 5410 postmodum
2429 5345 2781 5406 immutatum
2818 5373 2829 5406 :
2861 5369 3056 5409 eorum
3088 5357 3238 5412 enim
3271 5359 3364 5414 illa
3401 5361 3458 5416 in
3487 5363 3606 5420 (edo

2025 5433 2302 5502 Sophiana
2352 5437 2480 5491 data
2531 5451 2617 5495 est
2660 5457 2860 5514 magno
2913 5450 3333 5521 sceuophylaci,
3383 5451 3450 5507 de
3496 5467 3610 5526 qua

2024 5527 2296 5596 dignitate
2321 5530 2704 5589 ecclesiastica
2729 5538 2931 5605 passim
2967 5541 3075 5595 viri
3101 5542 3250 5596 ducti
3273 5560 3464 5614 egere,
3493 5550 3615 5608 cui.

2025 5629 2080 5674 ut
2111 5635 2212 5689 par
2246 5631 2332 5677 est
2363 5622 2618 5694 credere,
2645 5629 2910 5684 suberant
2940 5633 3196 5690 diaconi.
3222 5635 3394 5688 Porro
3409 5643 3628 5695 sceno-

3303 5727 3378 5785 Ἡ
