3982 6206
432 285 567 349 2251

1706 285 1933 344 PAULI
1975 284 2448 345 SILENTIARII

3546 283 3690 345 2252

433 399 672 471 phylacii
697 398 964 470 Sophiani
990 402 1248 456 meminit
1289 401 1652 472 Anonymus:
1685 399 1843 452 Ἐστι
1880 397 1936 451 δὲ
1983 400 2012 452 ὁ
2046 413 2081 462 Α
2113 401 2383 455 conehula
2410 400 2513 455 ista
2543 397 2888 454 diaconicum
2922 403 3194 472 appellata
3228 409 3332 462 est,
3363 398 3511 470 quod
3552 400 3606 452 in
3627 415 3693 452 ea

429 492 595 556 τόπος
616 490 724 545 τῶν
748 492 1066 562 οἰκημάτων
1099 494 1290 564 αυτῆς,
1315 493 1376 546 ὃν
1397 493 1628 546 δέδωκεν
1654 491 1733 554 εἰς
1775 491 1873 561 τὴν
1895 492 2008 544 Με-

431 585 605 654 γάλην
648 584 945 652 ἐκκλησίαν
971 626 986 651 ,
1019 585 1081 638 τὸ
1115 585 1545 654 σκευοφυλάκιον
1592 584 1712 636 ὅλον
1736 623 1752 646 ,
1800 584 1895 636 σὺν
1930 582 2010 652 τῷ

431 677 545 747 ναῷ
580 675 674 730 τοῦ
703 676 862 744 ἁγίου
907 677 1136 747 Πέτρου.
1189 676 1297 731 Sed
1349 692 1459 747 quo
1491 675 1843 746 potissimum
1885 675 2009 729 loeo

358 808 367 830 ,
431 767 712 822 exstiterit
740 766 1091 820 diaconicum
1124 766 1256 820 olim
1279 806 1294 832 ,
1332 783 1431 822 seu
1477 766 1533 820 in
1576 765 1694 820 aede
1727 764 2008 834 Sophiana

433 874 532 914 seu
564 859 618 913 in
649 857 863 913 caeteris
893 858 1198 928 majoribus
1229 858 1481 913 ecclesiis
1501 900 1514 923 ,
1546 857 1636 910 vel
1663 871 1784 926 qua:
1813 870 2010 910 sceuo-

431 949 669 1020 phylacii
725 949 994 1022 vestiarii,
1036 949 1345 1016 sccretarii,
1406 956 1463 1004 et
1519 948 1645 1002 aliis
1682 947 2009 1001 nominibus

432 1040 674 1094 donatur
720 1041 886 1111 vulgo
937 1041 1138 1095 exedra
1193 1040 1297 1096 aedi
1352 1055 1521 1096 saera:
1558 1039 1840 1111 adjuncta,
1896 1055 2008 1094 non

430 1132 571 1186 adeo
628 1143 944 1203 promptum
992 1143 1078 1189 est
1119 1133 1361 1204 assequi.
1400 1133 1657 1198 Allatius,
1712 1133 1793 1187 uti
1842 1149 2010 1202 supra

431 1222 690 1287 diximus,
720 1223 1071 1279 diaconicum
1114 1239 1228 1278 rem
1277 1238 1508 1294 prorsus
1545 1222 1822 1277 diversam
1867 1238 1898 1276 a
1926 1239 2012 1278 se-

430 1316 672 1370 cretario
719 1315 872 1380 facit,
924 1315 1325 1385 contenditque
1378 1330 1500 1370 esse
1548 1315 1822 1370 concham
1858 1314 2008 1369 illam

431 1423 553 1477 qua:
585 1406 971 1477 θυσιαστηρίου
1011 1408 1259 1471 conchae,
1291 1407 1467 1462 aedem
1499 1407 1568 1462 ad
1600 1408 1886 1462 sinistram
1921 1406 2009 1460 in-

429 1499 716 1564 euntibus,
749 1499 1104 1571 adjungitur,
1135 1500 1231 1553 ubi
1265 1499 1696 1566 σκευοφυλακίου
1731 1509 1787 1553 et
1824 1499 2008 1551 διακο-

431 1588 584 1641 νικοῦ
614 1589 864 1657 τράπεζα
885 1589 1173 1653 statuitur,
1203 1591 1674 1658 quemadmodum
1723 1605 2012 1660 nuneupa-

2111 492 2274 547 allata
2309 508 2376 545 ex
2412 493 2618 558 majore
2664 491 2953 546 diaconico
2998 508 3154 547 saera
3181 507 3311 546 vasa
3345 499 3512 559 atque
3552 493 3690 544 adeo

2111 593 2294 638 vestes
2319 583 2693 638 sacerdotales
2739 583 2806 637 ad
2843 584 3120 654 liturgiam
3159 596 3375 637 sacram
3423 596 3673 652 peragen-

2112 675 2237 729 dam
2269 676 2595 730 neeessariae
2634 685 3060 744 reponerentur.
3111 675 3340 730 Planum
3389 673 3537 727 enim
3568 687 3693 727 esse

2112 781 2240 818 reor
2262 781 2327 818 ex
2357 764 2654 834 praeallatis
2685 763 3036 818 diaconicum
3071 763 3334 817 exedram
3370 761 3542 816 fuisse
3581 760 3690 816 αξὐὶ

2111 871 2281 911 sacrae
2326 857 2641 927 adjunctam
2669 897 2683 921 ,
2735 855 2967 924 proinde
2993 871 3023 908 a
3053 854 3271 908 bemate
3323 853 3592 908 seclusam
3635 861 3691 907 et

2111 959 2402 1013 remotam,
2418 949 2568 1019 quod
2585 958 2640 1003 et
2668 948 2882 1002 indicat
2907 948 3052 1002 idem
3075 946 3334 1018 Symeon,
3352 947 3481 1000 dum
3497 945 3692 998 scribit

2109 1043 2432 1111 episcopum
2449 1040 2889 1096 consecrandum
2915 1055 2944 1094 a
2961 1039 3252 1094 diaconico
3275 1037 3343 1092 ad
3369 1037 3526 1093 bema
3557 1054 3689 1107 pro-

2111 1135 2308 1189 cedere
2335 1149 2436 1202 per
2460 1133 2650 1203 templi
2680 1133 2928 1188 dextram
2956 1142 3012 1187 et
3031 1132 3260 1195 soleam,
3283 1130 3370 1185 διὰ
3393 1129 3487 1183 τοῦ
3513 1129 3689 1195 δεξιοῦ

2113 1226 2314 1295 μέρους
2350 1225 2444 1278 τοῦ
2475 1225 2604 1278 ναοῦ
2633 1225 2730 1278 καὶ
2753 1225 2849 1278 τοῦ
2869 1224 3104 1287 σωλέως,
3130 1223 3535 1278 deducentibus
3558 1239 3688 1277 eum

2112 1317 2498 1373 sacerdotibus
2525 1325 2582 1373 et
2607 1317 2843 1373 diacono
2863 1325 3172 1388 pmeunte;
3197 1315 3287 1369 ubi
3315 1331 3412 1383 per
3441 1315 3688 1368 dextram

2110 1407 2204 1459 τοῦ
2228 1407 2356 1460 ναοῦ
2386 1408 2566 1477 ipsum
2599 1407 2724 1461 ναόν
2755 1422 2850 1461 seu
2877 1405 3113 1462 chorum
3135 1405 3370 1474 intelligi
3392 1405 3687 1458 observant

2109 1499 2217 1574 viri
2270 1499 2441 1554 docti.
2477 1501 2521 1554 A
2571 1499 2862 1554 diaconico
2897 1497 3086 1568 igitur,
3135 1495 3283 1566 quod
3322 1506 3477 1548 extra
3511 1493 3687 1548 aedem

2109 1591 2343 1653 exstitit,
2375 1607 2474 1660 per
2506 1592 2709 1645 soleam
2746 1589 3142 1645 transeundum
3175 1587 3278 1642 fuit
3309 1587 3582 1642 sacerdoti
3617 1587 3685 1640 ad

432 1692 523 1734 lttt'
555 1695 585 1734 a
634 1680 906 1751 Symeone
953 1681 1462 1738 Thessalonicensi.
1526 1682 1732 1736 Verum
1784 1681 1889 1736 etsi
1952 1682 2006 1737 in
2113 1681 2272 1736 bema
2323 1683 2572 1754 pergenti
2627 1682 2756 1753 (nec
2807 1681 3048 1744 mirum,
3087 1695 3213 1735 eum
3267 1678 3506 1754 hematis
3537 1677 3687 1732 fores

430 1771 687 1825 confesso
712 1773 756 1827 si
767 1779 921 1828 team
941 1774 1268 1828 conchulam
1299 1773 1649 1828 diaconicum
1681 1773 2008 1844 appellatam
2046 1760 2086 1814 Β
2110 1773 2242 1828 solre
2276 1774 2752 1844 obversarentur),
2779 1772 3010 1844 proinde
3029 1788 3128 1842 per
3142 1787 3264 1826 eam
3289 1769 3423 1824 aadis
3449 1779 3658 1838 partem
3677 1811 3691 1831 ,

431 1860 623 1927 fuisse,
664 1879 774 1918 non
808 1865 932 1920 ideo
971 1874 1153 1921 tamen
1207 1865 1460 1936 sequitur
1503 1864 1763 1921 exedram
1792 1907 1806 1930 ,
1838 1879 2004 1935 quam
2113 1882 2235 1936 quae
2265 1866 2422 1920 bema
2457 1883 2486 1920 a
2515 1867 2627 1936 ναῷ
2656 1866 3116 1936 propriesumpto
3143 1863 3479 1934 disparahat.
3503 1862 3692 1932 Atque

432 1955 595 2027 vulgo
623 1959 922 2014 sacristiam
946 1974 1240 2022 vocamus,
1275 1959 1546 2014 diaconici
1579 1957 2005 2028 appellationem
2113 1955 2231 2010 haec
2263 1965 2393 2010 sunt
2413 1971 2537 2025 qua:
2558 1955 2626 2010 de
2649 1955 2765 2010 :ede
2791 1954 3070 2024 Sophiana
3099 1953 3334 2024 sparsim
3366 1951 3511 2022 apud
3545 1951 3693 2006 seri-

427 2061 541 2102 non
591 2047 852 2106 habuisse
887 2067 902 2104 :
957 2065 1084 2105 nam
1115 2091 1130 2116 ,
1169 2048 1249 2104 uti
1283 2064 1448 2119 supra
1479 2047 1837 2104 observatum
1870 2057 1958 2104 est
1985 2087 2002 2115 ,
2109 2057 2299 2119 ptores
2332 2065 2433 2119 per
2471 2048 2737 2118 temporis
2765 2047 3071 2119 angustiam
3103 2046 3402 2101 observare
3428 2043 3612 2100 licuit.

1937 2244 2082 2257 ιη...-

455 2237 3673 2278 W

1608 2474 1617 2482 .
1716 2409 1945 2496 ΤΟΥ
2019 2401 2394 2496 ΑΥΤΟΥ

1062 2589 1810 2718 ΕΚΦΡΑΣΙΣ
1901 2603 2204 2721 ΤΟΥ
2299 2600 3042 2724 ΑΜΒΩΝΟΣ

1660 2814 2002 2870 ΛΕΧΘΕΙΣΑ
2041 2817 2447 2870 ΙΔΙΑΖΟΝΤΩΣ

831 2969 1022 3024 ΜΕΤΑ
1060 2969 1204 3025 ΤΗΝ
1243 2971 1517 3044 ΠΡῼἸἪΝ
1559 2973 1878 3029 ΠΑΡΟΔΟΝ
1918 2973 2063 3027 TllN
2111 2973 2451 3030 ΜΕΓΑΛΗΝ
2491 2974 2582 3028 ΕΝ
2623 2974 2710 3045 TI)
2782 2970 3266 3043 ΠΑΤΡΙΛΡΧΕῘῼ.

1787 3264 2319 3354 EJUSDEM

1277 3474 2120 3594 DESCRIPTIO
2237 3478 2852 3594 AMBONIS

1638 3699 2046 3760 RECITATA
2099 3700 2487 3762 PRIVATIM

900 3864 1097 3926 POST
1145 3863 1370 3928 PRIUS
1409 3862 1758 3926 MAGNUM
1811 3863 2137 3926 CARMEN
2182 3865 2262 3927 IN
2307 3865 2540 3926 DOMO
2588 3865 3206 3927 PATRIARCHALI.

416 4150 604 4221 Ἔχεις
639 4148 880 4211 ἃπασαν,
912 4142 957 4201 ὦ
998 4147 1243 4218 βασιλεῦ,
1275 4149 1374 4218 τὴν
1406 4147 1597 4201 ἐλπίδα
1619 4187 1634 4211 ,

415 4236 679 4312 Προσθεὶς
719 4241 782 4293 τὸ
809 4239 995 4293 λεῖπον
1024 4238 1104 4310 τῷ
1125 4240 1230 4310 νεῷ
1265 4238 1344 4309 τῷ
1374 4240 1662 4309 παγκάλῳ.

413 4332 648 4394 Οὐκοῦν,
679 4333 914 4402 ἄριστοι,
950 4331 1280 4402 προσφόρως
1308 4332 1403 4383 καὶ
1433 4329 1529 4384 νῦν
1559 4329 1669 4396 ἐγὼ

413 4425 572 4496 Ἥκω
605 4425 666 4476 τὸ
697 4425 884 4477 λεῖπον
919 4423 1235 4494 προστιθεὶς
1264 4422 1341 4494 τῷ
1375 4421 1566 4493 βιϐλίῳ
1596 4437 1609 4451 ·

410 4515 444 4567 5
476 4515 652 4568 Καλὸν
681 4515 792 4584 γὰρ
820 4514 888 4568 ἂν
919 4517 1004 4586 εἴη
1031 4516 1158 4580 τοὺς
1190 4515 1382 4583 λόγους
1401 4513 1480 4582 τῷ
1505 4514 1740 4582 δεσπότῃ

410 4605 580 4676 Συνδη
591 4609 874 4676 μιουργεῖν
905 4606 998 4660 τὸν
1023 4607 1158 4662 νεὼν
1191 4608 1282 4660 τὸν
1310 4607 1402 4661 τοῦ
1430 4606 1613 4674 λόγου.

410 4695 482 4751 Εὖ
517 4697 589 4766 γ’,
617 4692 662 4751 ὦ
691 4697 936 4770 θέατρον,
964 4694 1024 4752 εὖ
1058 4716 1121 4768 γε
1151 4699 1249 4770 τῆς
1278 4698 1585 4769 προθυμίας

411 4793 523 4863 Τῆς
553 4793 632 4857 εἰς
653 4792 716 4846 τὸ
741 4794 994 4863 κρεῖττον
1026 4793 1040 4846 ί
1070 4792 1134 4845 οὐ
1161 4791 1271 4862 γὰρ
1301 4785 1458 4860 οἶμαι
1491 4789 1586 4843 νῦν
1617 4791 1741 4859 ἐμοὶ

2025 4153 2066 4208 C

2103 4149 2206 4200 Τὸν
2235 4147 2358 4200 νοῦν
2393 4148 2758 4218 προσέχοντες
2784 4150 2823 4214 ¹,
2859 4146 2995 4202 ἀλλὰ
3016 4147 3110 4201 τοῦ
3141 4146 3247 4200 νεὼ
3273 4147 3436 4218 χάριν

2098 4241 2164 4295 10
2195 4241 2435 4310 Θέατρον
2469 4241 2620 4293 ἔσται
2649 4241 2739 4294 καὶ
2774 4244 3082 4313 πανήγυρις
3131 4240 3314 4294 πάλιν.

2097 4330 2170 4387 Εὖ
2205 4335 2277 4401 γ’,
2312 4328 2358 4386 ὦ
2386 4333 2611 4405 θέατρον
2637 4334 2650 4386 l
2684 4334 2803 4404 τρὶς
2832 4334 2942 4405 γὰρ
2971 4333 3070 4404 ήδη
3100 4329 3389 4400 συγκαλῶν

2096 4425 2204 4478 Καὶ
2233 4425 2340 4478 τῶν
2370 4424 2613 4495 συνήθων
2633 4424 3008 4494 ἐξαναστήσας
3042 4427 3239 4490 πόνων,

2032 4573 2039 4582 ,
2093 4516 2260 4570 Οὔπω
2285 4518 2608 4586 σκυθρωπὸν
2632 4515 2770 4573 εἶδον
2807 4520 2959 4590 ὑμῶν
2989 4519 3178 4573 οὐδένα
3202 4561 3219 4585 ,

2094 4607 2207 4661 Uine
2231 4610 2490 4680 ἀσχολίαν
2509 4611 2728 4665 τιθέντα
2763 4610 3250 4682 προύργιαιτέραν.

2093 4697 2160 4751 l5
2191 4698 2380 4752 Ἔστιν
2407 4699 2518 4770 γὰρ
2537 4699 2692 4753 οὐδὲν
2729 4701 2947 4774 μικρὸν,
2978 4699 3086 4752 οὐδ’
3107 4699 3128 4729 ⁸
3157 4700 3205 4750 εί
3236 4696 3430 4767 μικρὸν
3462 4691 3519 4770 ᾗ,

2087 4789 2208 4843 Τῶν
2242 4789 2339 4844 τοῦ
2374 4791 2632 4861 μεγίστου
2671 4789 2936 4862 βασιλέως
2962 4791 3058 4844 καὶ
3083 4789 3179 4844 τοῦ
3218 4789 3343 4855 νεὼ,

479 4911 764 4976 Omnium,
802 4926 835 4965 ο
877 4912 1206 4981 imperator,
1253 4924 1407 4980 spem
1440 4909 1683 4978 implesti
1710 4950 1723 4972 ,
1755 4908 2028 4979 adjiciens
2059 4911 2209 4980 quod
2239 4911 2433 4966 deerat
2463 4921 2570 4967 tam
2611 4910 2903 4980 magniﬁco
2938 4910 3164 4979 templo.
3197 4909 3371 4978 Ergo,
3397 4907 3507 4960 viri
3534 4906 3677 4960 illu-

404 5008 576 5062 stres,
610 5007 926 5067 opportune
955 5013 1105 5051 nunc
1130 5011 1233 5065 ego
1267 4995 1454 5060 venio,
1486 4997 1630 5050 libro
1661 4985 1982 5066 adjecturus
2005 4998 2152 5065 quod
2179 4998 2409 5063 deerat;
2449 4997 2744 5067 pulchrum
2781 4999 2933 5052 enim
2962 5007 3109 5051 esset
3138 5013 3322 5051 meum
3347 5009 3662 5049 sermonem

355 5065 377 5184 ξ
411 5101 519 5140 una
548 5101 674 5140 cum
701 5086 1040 5155 imperatore
1083 5084 1350 5154 templum
1381 5084 1685 5148 instruere,
1720 5084 2001 5137 sermonis
2029 5085 2188 5138 istius
2223 5065 2633 5154 argumentum.
2686 5085 2859 5151 Quale
2888 5085 3196 5138 theatrum!
3231 5084 3405 5148 Quam
3437 5083 3662 5151 plenum

352 5168 367 5188 "
405 5173 609 5228 ardore
639 5173 906 5228 audiendi
945 5172 1204 5227 meliora!
1257 5171 1391 5226 Nam
1427 5186 1533 5225 non
1571 5171 1664 5226 hic
1698 5171 1835 5224 mihi
1877 5181 2012 5241 puto
2043 5188 2142 5225 vos
2184 5172 2429 5226 animum
2470 5182 2760 5238 prazstare,
2799 5171 2898 5226 sed
2933 5172 3005 5225 ob
3037 5171 3304 5240 templum
3339 5169 3474 5223 illud
3509 5168 3655 5220 thea-

407 5275 556 5320 trum
585 5264 644 5319 fit
671 5275 838 5336 atque
859 5279 1168 5320 concursus
1194 5273 1400 5317 vester.
1428 5262 1599 5328 Quale
1631 5263 1941 5316 theatrum!
1969 5261 2133 5315 tertio
2157 5261 2306 5314 enim
2326 5260 2437 5329 jam
2465 5274 2564 5312 vos
2588 5274 2904 5314 convocans
2930 5269 2986 5313 et
3010 5259 3205 5312 solitos
3244 5259 3664 5324 interrumpens

407 5351 648 5411 labores.
678 5354 895 5406 nullum
930 5351 1222 5420 conspicio
1259 5349 1405 5403 inter
1431 5366 1530 5402 vos
1563 5365 1707 5420 aegre
1739 5350 2036 5414 ferentem,
2070 5362 2250 5416 neque
2276 5347 2514 5417 negotiis
2546 5362 2744 5400 vacare
2772 5347 2959 5415 potius
2988 5345 3308 5398 habentem.
3333 5343 3484 5396 Nihil
3513 5343 3665 5394 enim

405 5454 642 5509 parvum
675 5451 792 5505 est,
843 5440 1118 5511 siquidem
1164 5438 1302 5493 nihil
1334 5453 1564 5509 parvum
1607 5439 1715 5502 sit,
1768 5438 1824 5491 in
1859 5437 1946 5491 his
1993 5453 2114 5508 quae
2147 5437 2431 5505 pertinent
2475 5435 2543 5490 ad
2591 5439 2895 5490 maximum
2929 5444 2985 5490 et
3017 5435 3207 5504 templi
3239 5448 3465 5502 quoque
3497 5431 3666 5502 hujus

1721 5552 1949 5606 VAlliAl
1991 5552 2394 5607 LECTIONES.

477 5643 892 5717 ﬁnposéxez'n;
929 5648 1082 5702 malit
1111 5647 1186 5702 ϐ.
1230 5649 1248 5677 ²
1275 5647 1364 5700 ubi
1401 5648 1637 5716 primum
1677 5646 1855 5715 ponit,
1893 5644 2089 5715 codex,
2127 5644 2323 5716 μικρὶν
2350 5645 2522 5710 οὐδέν,
2542 5644 2636 5700 ubi
2673 5644 2874 5700 iterum
2907 5643 3297 5715 (iteratautem
3329 5634 3664 5708 extemplo).

339 5693 352 5700 “
405 5693 814 5785 oremus
