4032 6144
273 258 416 325 2253
1493 253 1942 315 DESCRIPTIO
1975 247 2331 312 AMBONIS.
3393 247 3538 311 2254

275 372 383 426 Τοῦ
415 371 579 425 πᾶσιν
609 369 743 439 ἡμῖν
781 368 1187 438 ἐμποιήσαντος
1217 365 1378 435 χάριν
1407 363 1425 394 ³
1880 366 1926 423 Α
1953 365 2145 432 Δεῦρο,
2179 360 2375 430 χοροὺς
2413 357 2709 428 στήσασθε,
2745 359 2837 410 καὶ
2869 357 3188 424 εὐαγέεσσιν
3224 363 3434 424 ἀοιδαῖς

273 464 501 534 Τρυφῆς
531 478 589 515 τε
617 462 834 532 μακρᾶς
865 459 1114 521 εὐσεϐεῖς
1139 455 1480 528 πανηγύρεις
1508 471 1522 486 ·
1568 507 1574 518 ,
1961 452 2228 522 Σύνθροον
2256 451 2560 520 ἡμετέρῃσι
2595 450 2755 520 μέλος
2789 449 3058 512 πλέξασθε
3097 452 3369 521 χορείαιςῑ

280 558 376 618 ’0;
405 557 541 607 πᾶσι
581 553 786 622 σεμνὴν
810 549 1064 621 ἐμϐαλὼν
1097 549 1388 618 εὐθυμίαν,
1973 542 2272 612 ’Υμέτερος
2299 540 2405 610 γὰρ
2432 541 2610 611 χῶρος
2638 541 2898 601 ἀείδεται,
2927 541 3127 592 ὁππόθι
3163 542 3329 610 πολλὴ

273 646 346 700 20
383 646 570 700 Πᾶσαν
595 644 858 714 κεκίνηκε
886 641 1106 712 λογικὴν
1131 639 1354 710 ἀηδόνα,
1961 631 2290 690 Θεσπεσίαις
2323 627 2586 698 βίϐλοισιν
2608 630 2888 700 ἀκήρατος
2922 629 3146 700 ἐγρεται
3178 631 3318 700 ἠχώ.

277 739 491 806 Ὥσπερ
526 736 790 803 φανέντος
813 733 996 805 ἔαρος,
1028 733 1366 803 ὲξῳχηκότος
1963 722 2034 775 50
2085 723 2242 775 Ἐστι
2273 738 2359 784 τις
2420 723 2745 791 εὐρυπόροιο
2795 723 2916 775 κατ’
2961 722 3108 776 ἕνδια
3154 723 3332 792 μέσσα
3377 725 3543 794 μελά-

277 828 580 896 Χειμῶνος,
611 827 716 896 ήδη
749 827 859 888 πᾶς
886 825 1008 878 τότε
1040 823 1235 886 κλάδος
1262 824 1452 892 τρέφει
1493 876 1502 880 _
3385 819 3541 886 ιθμου

282 915 538 983 Εὐφωνον
561 913 732 983 ἠχοῦς
754 911 1010 980 ποικίλης
1039 910 1329 980 μελῳδίαν.
1975 904 2168 974 Ἀδρδς
2201 904 2330 956 [δεῖν
2361 903 2458 958 καὶ
2489 902 2690 976 μᾶλλον
2713 904 2768 965 ὲς
2795 904 3048 975 ἁντολίην
3077 923 3136 958 τι
3166 907 3437 970 νενευκὼς

283 1008 500 1076 Πέφυκε
525 1005 704 1058 τοίνυν
735 1002 932 1073 μικρὸν
961 1001 1115 1054 οὐδὲν
1144 999 1241 1053 τοῦ
1269 1000 1376 1051 νεώ
1408 1015 1421 1028 ·
1964 997 2205 1068 Πύργος,
2236 994 2620 1064 ἀκηρασίοισιν
2651 995 2952 1064 ἀπόκριτος
2981 997 3139 1067 ἤθεσι
3171 997 3370 1067 βίϐλων

279 1100 351 1154 25
387 1099 544 1151 Ἐστι
573 1095 683 1164 γὰρ
715 1093 928 1165 ἀληθῶς
961 1094 1256 1162 παμφόρου
1285 1091 1500 1160 τρυφῆς
1527 1087 1646 1141 θέαι
1975 1087 2250 1158 Ὀρθάδιος
2281 1085 2503 1156 βάθροις
2531 1087 2572 1148 ⁸,
2600 1086 2919 1156 διδυμάοσιν
2950 1088 3196 1158 ἀμϐατὸς
3221 1091 3420 1160 οἴμοις.

281 1190 495 1244 υῦκοῦν
527 1189 789 1258 πρόσειμι
817 1184 895 1254 τῷ
936 1184 1224 1255 σεδασμίῳ
1256 1185 1431 1252 τόπῳ,
1962 1174 2064 1232 Ὠν
2097 1179 2196 1250 μία
2231 1179 2330 1248 μὲν
2357 1178 2482 1231 ποτὶ
2506 1178 2678 1231 νύκτα
2709 1179 3027 1243 τιταίνεται,
3055 1181 3087 1250 ὴ
3114 1180 3171 1232 δὲ
3203 1182 3339 1251 πρὸς
3368 1182 3468 1251 ἠῶ,

290 1288 386 1336 ὀν
411 1285 438 1336 ὁ
478 1280 730 1352 βασιλεὺς
760 1277 987 1344 ἔναγχος
1011 1275 1437 1344 ἐξειργασμένος
1962 1272 2037 1326 55
2058 1271 2178 1324 Εἰσὶ
2204 1271 2313 1342 γὰρ
2342 1269 2639 1342 ἀλλήλῃσιν
2675 1270 2938 1334 ἐναντίαι,
2967 1272 3276 1343 ἀμφότεραι
3307 1273 3364 1325 δὲ

281 1375 583 1431 Κάλλιστον
609 1367 748 1424 εἶναι
782 1370 982 1441 χωρίον
1004 1371 1114 1432 τοῖς
1143 1368 1369 1438 βιϐλίοις
1965 1367 2061 1429 Ei;
2094 1365 2191 1418 ἕνα
2216 1365 2394 1435 χῶρον
2424 1363 2651 1432 ἄγουσιν
2683 1365 2797 1418 ἴσον
2823 1366 3078 1436 περιηγέῖ
3108 1366 3310 1438 κύκλῳ.

282 1467 407 1520 Τῶν
435 1463 812 1536 μυσταγωγῶν
840 1462 1198 1534 ίερούργηκεν
1224 1464 1418 1532 λόγων.
1976 1457 2195 1511 Ἐνθάδε
2225 1457 2336 1526 γὰρ
2365 1456 2552 1526 κύκλῳ
2585 1457 2683 1527 μὲν
2718 1458 2937 1512 ἐοικότα
2965 1459 3144 1529 χῶρον
3175 1461 3376 1514 ἑλίσσει

286 1559 357 1613 30
432 1557 452 1588 ⁸
495 1557 823 1627 ’Υμνοπὸλει
853 1556 1108 1624 Χριστοῖο
1133 1554 1395 1618 θεουδέες,
1429 1549 1504 1608 ὧν
1533 1554 1637 1608 ὐπὸ
1671 1553 1856 1624 φωνῆς
1964 1553 2116 1615 Δᾶας
2140 1551 2285 1614 ὲείςτ
2307 1567 2321 1582 ’
2342 1553 2404 1604 οὐ
2436 1550 2542 1621 μὴν
2576 1552 2834 1621 περιηγέῖ
2862 1553 3097 1606 πάντοσε
3123 1558 3300 1625 τόρνῳ

287 1649 604 1718 Πνεύματος
638 1647 932 1716 ἀχράντοιο
968 1648 1089 1713 μετ’
1117 1647 1320 1718 ἀνέρας
1353 1647 1550 1717 ήλυθεν
1575 1646 1750 1716 ὀμφὴ,
1899 1702 1938 1718 n
1966 1641 2114 1708 Ἷσος
2145 1645 2270 1714 ἔφυ,
2306 1644 2457 1714 βαιὸν
2489 1644 2545 1697 δὲ
2573 1645 2914 1715 συνέρχεται,
2952 1647 3132 1700 εἰσόκε
3167 1649 3370 1718 πέτρου

299 1702 630 1811 Ἀνδρομέην
658 1702 915 1810 ἔριποίο
935 1702 1325 1807 διαγγέλλουσα
1358 1702 1575 1808 λοχείην
1604 1702 1621 1772 ί
1663 1702 1675 1715 .
1714 1702 1748 1716 ν
1899 1702 1940 1759 Β
1967 1738 2036 1792 60
2067 1702 2615 1809 ’λντυγιίμηκύνεια
2827 1702 3115 1810 Ἑσπερίην
3136 1741 3190 1793 δὲ
3222 1702 3316 1794 κᾶι
3340 1741 3424 1812 ἠῶ

299 1834 411 1886 Ἦδ’
443 1831 632 1885 ὁπόσοι
665 1831 805 1900 μετὰ
835 1831 1042 1902 τύμϐον
1072 1833 1346 1902 ἀκήρατον
1371 1831 1551 1884 έθνεσι
1576 1829 1739 1901 γαίης
1979 1828 2330 1900 Ἐκπροθέων
2361 1829 2584 1882 κύκλοιο
2612 1828 2762 1882 λίθου
2806 1830 3109 1900 μηκύνεται
3139 1833 3332 1904 αὐχὴν,

287 1923 543 1995 Σύμϐολα
571 1924 941 1994 κηρύσσοντες
972 1923 1365 1993 ἀνεγρομένοιο
1395 1922 1562 1982 θεοῖο,
1982 1919 2298 1992 Ἐμὸεσαὼς
2325 1920 2634 1991 βαθμοίσιν.
2684 1920 2807 1974 ”Υπ’
2843 1923 3136 1993 ἀργυρέοις
3173 1924 3229 1976 δὲ
3264 1925 3548 1994 μετάλλοις

285 2019 357 2072 33
381 2017 570 2070 ﬂiam
597 2014 992 2084 ὲφαιδρύνασθε
1022 2015 1295 2082 κατηφέος
1317 2015 1526 2082 ἄντυγα
1561 2014 1792 2084 κόσμου,
1961 2013 2170 2086 ’νΑχρις
2200 2015 2295 2065 ἐπὶ
2318 2013 2574 2083 ζωστῆρα
2604 2012 2804 2075 καλοὺς
2841 2013 3096 2082 ἱδρύσατο
3122 2016 3336 2085 τοίχους

289 2109 504 2176 ’τυφλὸν
529 2108 844 2178 ἀμειδήτοιο
875 2107 1033 2174 νέφος
1069 2105 1431 2168 σκεδάσαντες
1463 2105 1694 2176 ὁμίχλης
1722 2123 1735 2136 ·
1971 2107 2127 2169 Θεῖος
2150 2106 2306 2172 ἄναξ,
2344 2107 2637 2177 κεράεσσιν
2665 2105 2934 2168 ἐοικότας.
2957 2107 3032 2160 Οὐ
3067 2108 3178 2179 γάρ
3208 2109 3421 2162 ἑλίσσει

291 2201 353 2253 in
385 2200 564 2268 ξίφος,
593 2200 643 2253 οἳ
681 2199 923 2269 μάστιγα
953 2197 1260 2268 βιοφθόρον,
1293 2198 1432 2252 οἵτε
1459 2199 1726 2268 καμίνους
1972 2197 2042 2250 65
2083 2197 2362 2267 Ἀργυρον
2407 2198 2464 2248 έν
2497 2195 2686 2266 λάῖγγι
2719 2197 3067 2269 περίδρομον,
3098 2199 3212 2251 ἀλλ’
3235 2201 3316 2253 ὲνὶ
3361 2202 3549 2272 μέσσῳ

303 2290 615 2352 Ἀσπασίως
637 2287 845 2357 ἔτλητε,
877 2288 973 2341 καὶ
997 2288 1098 2341 οὐκ
1120 2287 1368 2346 ἐκλίνατε
1402 2291 1606 2356 κωφοῖς
1629 2287 1650 2319 ⁸
1973 2287 2190 2344 Κύκλον
2219 2286 2573 2353 ἀναπτύξασα
2611 2288 2901 2342 πανόλϐιον
2935 2290 3181 2360 ἀργυρέη
3218 2291 3360 2356 πλάξ

293 2380 542 2448 Αὺχένας
571 2377 861 2439 εἰδώλοισι,
895 2378 1053 2446 βάσιν
1077 2376 1122 2430 δ’
1143 2378 1411 2448 ὲστήσατε
1445 2377 1619 2448 θυμοῦ
1973 2377 2164 2446 Τοῖχον
2225 2376 2478 2429 άπιθύνει
2505 2391 2518 2404 °
2560 2375 2654 2428 δύο
2701 2376 2745 2429 δ’
2779 2378 2947 2447 ἄρκια
2977 2377 3000 2410 ⁸
3051 2376 3224 2431 κύκλα
3275 2380 3551 2444 πετάσσας

295 2471 362 2526 60
405 2471 678 2540 Ἐμπεδον
701 2470 992 2540 ἀχράντοιο
1017 2468 1152 2522 Θεοῦ
1189 2471 1317 2539 περὶ
1340 2468 1582 2541 μάρτυρι
1611 2473 1746 2540 τιμῇ
1779 2488 1792 2500 ·
1975 2466 2144 2541 Ἰὃρις
2175 2467 2316 2536 ἀνὴρ
2346 2466 2608 2537 ἑκάτερθε
2640 2469 2842 2534 πόρους
2868 2468 3128 2537 βαθμῖδος
3160 2469 3387 2537 ἀνοίγει.

296 2555 392 2623 οἷς
433 2561 597 2613 πλέον
623 2559 823 2629 ἠελίοιο
854 2560 1021 2630 μόρου
1053 2558 1310 2630 ζείδωρος
1332 2561 1546 2630 ἀνάγκη
1977 2561 2110 2614 Οὐδὲ
2139 2560 2240 2631 μὲν
2265 2560 2564 2630 ἀφράκτοις
2597 2560 2757 2630 ιερῶν
2780 2561 2872 2612 ἐπὶ
2901 2561 3103 2630 χείλεσι
3136 2560 3363 2631 βαθμῶν

307 2653 553 2707 Ἐλτιίσιν
582 2653 938 2724 ἀφράστοισιν
967 2653 1265 2724 ἐφήνδανεν
1295 2669 1310 2684 ο
1341 2652 1434 2716 οὓς
1459 2669 1593 2706 ποτε
1612 2652 1834 2724 λύθροις
1979 2653 2045 2708 70
2076 2653 2289 2724 Τάρὸος
2322 2653 2439 2723 εχει
2472 2653 2782 2716 κατιόντας,
2815 2654 3061 2723 ὲπήραρε
3087 2653 3133 2706 δ’
3161 2654 3327 2724 ἕρκεα
3354 2655 3518 2724 τέχνη

298 2743 687 2813 Λουσαμένους
723 2744 901 2797 ἰδίοισι
931 2743 1188 2814 βιαρκέος
1211 2745 1333 2797 ἀντὶ
1360 2743 1587 2813 λοετροῦ
1980 2744 2153 2797 Λάῖνα
2198 2743 2606 2812 παμφανόωντα
2630 2760 2643 2772 ·
2678 2744 2836 2797 τόσον
2859 2744 2904 2798 δ’
2937 2744 3270 2815 ὑπερέσχεθε
3303 2745 3520 2815 βάθρων

295 2837 535 2907 Χριστὸς
566 2836 701 2902 ἄναξ
733 2836 943 2906 έστεψε,
975 2839 1069 2889 καὶ
1097 2837 1405 2907 αίμαλέοισι
1453 2837 1700 2908 ῥεέθροις
1983 2840 2188 2892 Ὄσσον
2217 2837 2500 2892 ἀπιθύνειν
2541 2838 2769 2911 βροτέην
2794 2839 2948 2909 χέρα.
2987 2839 3175 2892 Ταῦτα
3209 2839 3518 2912 μεμαρπὼς

297 2932 368 2984 65
416 2929 668 3001 Ψυχαίης
711 2930 980 3001 ἐκάθηρεν
1012 2929 1142 3000 ὃλην
1184 2929 1473 3001 σμώδιγγα
1498 2928 1820 3002 καλύπτρης
1856 2948 1871 2962 ο
1984 2931 2200 3003 Μόχθον
2221 2931 2504 3003 ἐλαφρίζει
2537 2949 2620 2994 τις
2651 2934 2710 2996 ὲς
2727 2931 2912 3004 ὄρθιον
2937 2927 3094 3002 οἶμον
3125 2932 3395 3003 άνέρπων.

301 3069 635 3139 principem,
661 3069 756 3138 qui
786 3083 1006 3124 omnem
1034 3067 1200 3124 nobis
1246 3067 1411 3122 ali'ert
1439 3068 1712 3135 laetitiam,
1756 3071 2055 3143 gaudiique
2087 3073 2287 3128 summi
2332 3073 2455 3142 pios
2487 3087 2826 3138 concursus;
2862 3073 2958 3142 qui
2990 3074 3044 3128 in
3078 3073 3340 3128 omnibus
3385 3075 3554 3130 mira-

303 3165 474 3218 bilem
511 3162 790 3232 inSpirans
816 3161 1099 3227 ardorem,
1129 3177 1524 3232 quamcunque
1555 3163 1821 3219 excitavit
1860 3166 2251 3222 rationabilem
2287 3166 2621 3232 lusciniam;
2659 3175 2886 3228 utgvere
2932 3165 3232 3228 redeunte,
3264 3165 3558 3235 hiemeque

303 3252 577 3322 fugiente,
608 3253 720 3322 jam
770 3251 956 3306 omnis
999 3266 1189 3306 ramus
1231 3262 1369 3306 tunc
1416 3251 1517 3307 alit
1555 3268 1782 3308 suavem
1833 3254 2183 3308 diversorum
2226 3268 2494 3308 sonorum
2538 3252 2857 3308 melodiam.
2908 3252 3060 3306 Nihil
3115 3252 3286 3322 igitur
3327 3268 3558 3322 parvum

303 3350 486 3395 exstat
529 3340 586 3393 in
635 3339 740 3394 hoc
770 3339 1020 3408 templo;
1052 3339 1263 3408 praebet
1309 3338 1459 3393 enim
1493 3355 1628 3394 vere
1662 3341 1942 3396 universa:
1989 3340 2198 3395 laetitiae
2234 3348 2618 3410 conspectum.
2652 3339 2800 3410 Ergo
2833 3338 3026 3394 adsum
3056 3339 3112 3392 in
3142 3350 3374 3409 angusto
3413 3341 3556 3406 loco,

306 3443 472 3497 quem
503 3427 671 3480 modo
697 3425 1030 3481 aedificatum
1063 3425 1372 3494 imperator
1401 3427 1836 3495 pulcherrimam
1867 3442 1988 3483 esse
2013 3426 2202 3483 sedem
2239 3427 2401 3482 libris
2433 3427 2793 3498 mysticorum
2825 3442 3144 3482 sermonum
3177 3427 3436 3482 sacravit.

372 3513 527 3570 Cane
553 3515 777 3568 divinos
800 3512 1005 3568 Christi
1037 3513 1344 3582 apostolos,
1380 3529 1620 3583 quorum
1657 3513 1728 3568 ab
1755 3529 1850 3568 ore
1881 3512 2125 3584 Spiritus
2154 3514 2495 3568 immaculati
2535 3514 2600 3568 ad
2631 3513 2890 3568 homines
2932 3530 3034 3569 vox
3075 3515 3336 3584 pervenit
3367 3515 3560 3570 huma-

307 3617 443 3656 num
472 3600 681 3657 Christi
706 3600 974 3654 nuntians
1003 3607 1188 3653 ortum
1214 3616 1228 3663 ;
1263 3608 1360 3653 aut
1388 3601 1483 3670 qui
1511 3601 1668 3671 juxta
1696 3603 1974 3657 tumulum
2005 3599 2329 3657 inviolatum
2358 3603 2514 3672 signa
2543 3601 2808 3671 gentibus
2852 3611 3014 3657 terra:
3041 3603 3391 3673 divulgantes
3424 3621 3559 3659 con-

312 3688 548 3744 surrecti
601 3688 726 3750 Dei,
767 3703 993 3743 omnem
1041 3687 1405 3742 illuminastis
1436 3688 1718 3744 tenebrosi
1759 3689 1955 3745 mundi
1988 3691 2179 3745 orbem
2207 3731 2221 3752 ,
2252 3704 2451 3744 caecam
2487 3689 2666 3744 tristis
2694 3689 2900 3743 nubem
2934 3691 3189 3761 caliginis
3216 3693 3558 3755 amovendo;

313 3779 407 3847 qui
436 3777 708 3848 gladium,
739 3777 834 3846 qui
877 3776 1156 3846 ﬂagellum
1198 3776 1457 3841 crudele,
1509 3778 1607 3847 qui
1647 3778 1808 3848 ignes
1850 3778 2103 3832 lzetanter
2136 3776 2512 3838 sustinuistis,
2541 3791 2724 3845 neque
2755 3777 3098 3832 submisistis
3137 3779 3395 3834 inanibus
3421 3781 3563 3835 colla

314 3865 656 3927 simulacris,
691 3865 1110 3920 fundamentum
1138 3873 1323 3919 autem
1353 3866 1522 3919 vestri
1554 3866 1724 3920 animi
1754 3865 2018 3935 posuistis
2051 3865 2106 3918 in
2143 3863 2240 3918 Dei
2286 3863 2622 3917 immaculati
2659 3863 2822 3917 laude
2850 3879 2950 3934 per
2977 3864 3329 3936 martyrium,
3357 3867 3563 3936 quibus

317 3953 502 4022 potior
533 3953 682 4017 luce,
715 3951 914 4006 mortis
939 3953 1269 4016 necessitas,
1292 3953 1751 4007 inenarrabilium
1776 3952 2104 4022 gaudiorum
2137 3950 2288 4005 ferax
2331 3951 2446 4005 visa
2482 3959 2602 4016 est;
2628 3966 2769 4020 quos
2800 3952 3024 4006 tandem
3053 3955 3321 4022 sanguine
3351 3954 3565 4010 lavatos

316 4041 546 4110 proprio
571 4039 877 4095 viviﬁcanti
905 4053 1004 4093 seu
1033 4039 1254 4100 balneo,
1286 4054 1382 4092 rex
1409 4037 1666 4094 Christus
1696 4039 2009 4100 coronavit,
2043 4046 2101 4092 et
2131 4037 2270 4092 rivis
2309 4036 2631 4108 sanguineis
2675 4038 2982 4109 spiritualis
3025 4039 3313 4094 mnndavit
3342 4058 3562 4097 onmem

316 4130 548 4184 livorem
595 4127 950 4193 indumenti;
988 4127 1078 4182 hic
1119 4128 1322 4182 choros
1353 4127 1564 4192 ducite,
1601 4136 1658 4183 et
1703 4128 1860 4198 puris
1909 4124 2253 4181 carminibus
2299 4133 2696 4179 consonantem
2750 4125 3049 4180 melodiam
3099 4129 3308 4182 nostris
3349 4129 3564 4200 jungite

317 4217 576 4273 choreis!
635 4216 834 4271 Vestra
861 4213 1010 4270 enim
1059 4213 1224 4270 sedes
1273 4215 1518 4278 canitur,
1565 4231 1672 4286 qua
1727 4223 1887 4286 parte
1929 4213 2254 4285 frequenter
2301 4213 2646 4286 propheticis
2699 4214 2755 4268 in
2807 4215 2973 4270 libris
3020 4224 3246 4271 sanctus
3292 4217 3567 4273 excitatur

316 4319 510 4358 sonus.
1745 4366 1759 4387 '

389 4391 486 4446 Est
518 4391 768 4461 quaedam
793 4391 1025 4462 spatiosi
1065 4391 1121 4445 in
1152 4390 1337 4446 medio
1367 4391 1578 4462 templi,
1615 4369 1907 4458 magniﬁca
1933 4391 2056 4446 visu
2087 4404 2162 4447 et~
2187 4393 2360 4464 magis
2398 4393 2467 4449 ad
2512 4393 2783 4450 orientem
2824 4369 3112 4453 conversa‘
3139 4395 3327 4460 turris,
3365 4395 3571 4451 sanctis

245 4481 250 4489 '
315 4479 602 4534 destinata
630 4479 903 4533 librorum
938 4479 1156 4545 usibus,
1189 4478 1567 4535 fundamentis
1605 4490 1812 4546 erecta,
1850 4477 1918 4533 ad
1948 4494 2112 4548 quam
2146 4480 2367 4536 duobus
2395 4482 2662 4552 gradibus
2688 4482 3116 4550 conscenditur;
3159 4499 3397 4554 quorum
3425 4469 3584 4539 unus

255 4557 267 4633 ί
319 4566 388 4620 ad
428 4580 711 4630 occasum,
740 4567 882 4620 alter
905 4566 973 4621 ad
1001 4566 1274 4622 orientem
1303 4566 1645 4622 extenditur.
1677 4567 1821 4622 Sunt
1848 4566 1998 4620 enim
2021 4567 2257 4622 invicem
2289 4567 2566 4637 oppositi;
2599 4576 2833 4639 uterque
2871 4581 3056 4626 autem
3089 4575 3144 4625 in
3174 4585 3346 4625 unum
3388 4570 3569 4624 locum

262 4671 266 4704 ;
321 4655 434 4708 coit
465 4654 686 4709 circulo
710 4653 1091 4709 circumducto
1118 4669 1308 4724 parem
1333 4655 1489 4709 intus
1523 4655 1734 4710 circulo
1770 4653 2012 4710 similem
2044 4666 2228 4706 aream
2255 4649 2424 4705 eﬂicit
2453 4651 2594 4721 lapis
2629 4667 2812 4718 unus;
2863 4653 2959 4722 qui
3005 4653 3230 4723 quidem
3258 4669 3370 4707 non
3419 4652 3570 4706 omni

255 4777 262 4782 ν
321 4757 389 4795 ex
416 4748 572 4810 parte
611 4740 993 4796 circumducto
1021 4741 1232 4796 circulo
1272 4742 1502 4812 :equalis
1545 4752 1650 4806 est,
1683 4741 1781 4798 sed
1831 4739 2118 4810 paululum
2161 4738 2243 4792 illi
2289 4738 2604 4802 comitatur,
2648 4749 2913 4809 quantum
2962 4750 3131 4810 petrae
3155 4739 3474 4795 rotunditas
3512 4753 3572 4792 se

323 4829 594 4883 extendit.
626 4828 831 4884 Versus
858 4828 1207 4885 occidentem
1239 4836 1298 4883 et
1327 4830 1602 4885 orientem
1638 4829 1834 4885 circuli
1863 4827 2055 4882 orbem
2084 4842 2358 4897 superans
2377 4826 2580 4896 lapidis
2622 4828 2915 4882 summitas
2943 4826 3267 4883 extenditur
3310 4825 3574 4896 gradibus

328 4917 540 4970 innixa.
568 4916 853 4981 Argenteo
882 4916 1115 4971 metallo
1141 4915 1352 4987 einguli
1384 4916 1564 4972 instar
1599 4917 1865 4988 pulchras
1889 4917 2183 4972 exornavit
2208 4914 2453 4987 parietes
2476 4915 2747 4971 cornibus
2778 4916 2991 4971 similes
3018 4916 3284 4986 princeps
3305 4912 3530 4968 divinus
3553 4929 3570 4978 ;

325 5021 435 5058 non
464 5007 612 5059 enim
647 5006 898 5060 extendit
928 5014 1220 5076 argentum
1252 5009 1308 5062 in
1330 5007 1511 5077 lapide
1540 5007 2008 5073 circumductum,
2032 5003 2130 5058 sed
2162 5003 2217 5057 in
2243 5001 2427 5056 medio
2453 5002 2722 5057 circulum
2752 5001 2997 5057 eilicicns
3019 5002 3282 5056 eximium
3315 5007 3572 5070 argentea

299 5092 512 5146 .tabula
557 5094 826 5162 parietem
859 5094 1237 5162 amplectitur.
1277 5095 1427 5148 Duos
1475 5103 1658 5149 autem
1709 5102 2079 5164 congruentes
2126 5105 2289 5144 arcus
2324 5091 2582 5158 aperiens
2628 5090 2844 5158 peritus
2873 5090 2959 5143 vir
3006 5099 3304 5158 utrumque
3344 5088 3398 5140 in
3432 5087 3575 5139 latu;

329 5179 538 5232 aditum
572 5180 840 5249 graduum
872 5179 1154 5248 patefacit.
1197 5180 1276 5235 Ne
1305 5179 1682 5250 ingredientes
1725 5180 1780 5234 in
1818 5181 2026 5249 apertis
2057 5180 2328 5250 graduum
2353 5192 2646 5232 sacrorum
2671 5178 2786 5232 oris
2818 5177 2982 5232 timor
3011 5175 3433 5246 apprehendat,
3458 5186 3577 5229 arte

333 5282 639 5321 marmorea
673 5267 934 5321 instruxit
980 5276 1135 5336 septa
1167 5268 1557 5337 splendentia;
1595 5276 1807 5322 tantum
1851 5276 2035 5321 autem
2088 5265 2601 5335 supercxtollnntur
2636 5265 2902 5334 gradibus
2927 5257 3212 5340 quantum.
3237 5279 3465 5319 necesse
3494 5275 3581 5319 est

1592 5395 1824 5450 VARUE
1853 5395 2258 5451 LECTIORES.

404 5514 430 5548 δ
457 5513 632 5586 χσρᾲν
661 5511 726 5569 G.
769 5513 960 5586 {6791i}
992 5513 1092 5580 τῆς
1116 5513 1436 5586 έκφράσεως
1465 5515 1558 5567 τοῦ
1582 5515 1835 5586 ἅμίωνος
1864 5529 1996 5586 mar;

1999 5529 2078 5586 go.
2100 5514 2141 5586 κ’
2174 5514 2503 5586 πτρτῗὲωφοίς
2532 5509 2994 5586 ,ηιξ-νεολκούφοις
3039 5508 3375 5586 codexipse.
3451 5508 3472 5539 ⁸
3500 5510 3591 5581 Ep.

343 5579 690 5654 (ing-codex,
720 5579 965 5654 09951330;
999 5579 1141 5650 apud
1170 5579 1512 5654 Ducangium
1544 5579 1818 5653 Descript.
1858 5582 1911 5637 S.
1942 5579 2161 5652 sophia:
2198 5584 2225 5654 §
2256 5581 2344 5654 7§‘_i.
2399 5579 2440 5613 ’τ
2465 5579 2572 5643 ἐείς
2592 5579 2658 5644 G,
2716 5580 2810 5643 ἑῆς
2839 5580 3040 5643 codex,
3075 5581 3177 5644 qui
3195 5580 3346 5632 hunc
3372 5579 3603 5630 versum

341 5664 393 5709 et
419 5654 596 5721 ipsum
657 5651 765 5708 bis
797 5657 970 5723 ponit.
1037 5655 1058 5685 ⁸
1088 5653 1181 5706 ἀπ’
1228 5651 1453 5707 ἰθύνεὶσι
1505 5651 1933 5726 atomis—codex

762 5651 970 5723 'ponit.
1037 5655 1058 5685 ⁸
1088 5653 1181 5706 ἀπ’
1228 5651 1453 5707 ίθύνεὶσι
1505 5651 1939 5726 cumis—codex
1980 5651 2354 5709 :COrrequ.
