3982 6206
376 303 525 369 871

1437 299 1499 359 S.
1538 296 1902 359 EUTYCHII
1940 296 2445 361 PATRIARCHE
2483 302 2589 362 CP.

3498 306 3644 373 ηπ

376 432 438 474 ιι.
472 417 527 481 7,
582 413 658 471 ita
703 412 1020 472 scriberet:
1057 430 1075 462 ι
1097 407 1257 477 Quod
1320 407 1389 463 ad
1439 407 1655 462 obitum
1696 406 1954 477 Eutycbii
1986 414 2029 469 Α
2057 409 2376 465 veneranda
2413 422 2734 467 sanctorum
2766 412 3030 480 Δηὼ-ω,
3080 414 3360 474 Timothei
3394 427 3453 474 et
3482 419 3645 479 Luca

376 508 643 579 pertinet,
668 504 813 560 idem
836 504 1005 559 tradit
1022 501 1357 565 Eustratius,
1394 497 1575 568 ipsum
1597 498 1689 552 die
1714 497 1956 552 Pascha-

376 598 451 652 tis
482 604 608 667 post
661 592 905 649 officium
965 591 1345 662 vespertinum
1395 589 1511 644 acri
1556 587 1714 642 febre
1763 601 1954 642 corre—

378 697 557 759 ptum,
603 687 797 757 sicque
850 684 1096 755 depastis
1145 698 1214 737 eo
1256 682 1381 752 igne
1425 680 1741 735 visceribus
1768 718 1783 744 ,
1829 686 1957 748 post

378 789 593 851 septem
615 779 756 843 dies,
785 794 984 847 nempe
1015 774 1273 845 sequenti
1327 772 1635 837 Dominica,
1688 772 1956 842 migrasse

378 890 444 929 ex
494 875 599 929 hac
642 872 774 927 vita.
804 890 823 922 ι
856 871 953 925 Ast
1005 869 1226 938 signato
1270 883 1301 920 a
1337 864 1576 921 Baronio
1622 879 1768 918 anno
1828 863 1953 928 586,

384 965 588 1020 Pascha
623 963 820 1018 incidit
848 963 901 1015 in
935 962 1000 1014 17
1027 960 1175 1015 diem
1222 957 1453 1028 Aprilis,
1478 964 1537 1011 et
1558 954 1844 1010 Dominica
1870 970 1960 1009 se-

400 1071 560 1125 ;uens
587 1055 641 1109 in
672 1054 744 1109 24
780 1053 928 1107 diem
956 1052 1185 1121 Aprilis,
1219 1060 1278 1105 et
1305 1049 1388 1104 sic
1430 1049 1554 1104 dies
1602 1050 1726 1119 ejus
1756 1047 1962 1101 natalis

419 1162 490 1201 on
525 1154 673 1199 esset
705 1142 1076 1212 assignandus
1122 1142 1155 1196 6
1180 1140 1412 1210 Aprilis,
1443 1138 1542 1193 sed
1572 1139 1645 1193 23
1708 1136 1957 1209 ejusdem

416 1239 608 1295 tensis.
665 1237 940 1293 Praeterea
988 1247 1135 1287 anno
1167 1231 1269 1287 586
1299 1240 1420 1285 erat
1468 1229 1703 1284 indictio
1739 1235 1957 1298 quarta.

413 1341 449 1385 .t
483 1337 674 1385 contra
698 1327 1069 1397 Theophanes
1095 1325 1182 1379 bis
1204 1323 1415 1378 indicat
1462 1320 1830 1377 indictionem
1863 1320 1960 1375 de-

416 1426 579 1478 imam
626 1422 878 1491 quintam
908 1420 975 1474 ad
1031 1419 1245 1472 obitum
1278 1416 1603 1470 tam-sancti
1635 1413 1890 1485 Eutychii
1926 1413 1960 1467 6

400 1514 587 1584 ‘.prilis
639 1514 751 1567 vita
783 1510 999 1573 functi,
1036 1523 1200 1577 quam
1253 1506 1465 1561 Tiberii
1505 1505 1859 1574 imperatoris
1892 1501 1960 1558 14

410 1605 614 1675 tugusti
649 1601 876 1666 mortui,
908 1614 1058 1661 cum,
1095 1598 1305 1667 inquit,
1342 1611 1520 1650 annos
1572 1604 1706 1659 tres,
1738 1608 1961 1648 menses

268 1732 277 1743 ι
350 1702 354 1706 ’
422 1710 595 1757 eccm,
628 1703 685 1748 et
713 1692 835 1748 dies
862 1700 990 1744 octo
1014 1689 1365 1758 imperasset.
1398 1686 1671 1755 Regnavit
1692 1694 1820 1755 post
1870 1684 1962 1738 Ti-

2059 493 2309 564 reliquic
2361 499 2626 567 reposita:
2668 510 2817 556 sunt.
2865 502 3026 560 Anno
3084 520 3215 561 vero
3252 506 3479 562 [homini
3517 509 3642 565 mito

2055 582 2253 640 lesimo
2302 586 2686 645 ducentesimo
2712 592 3145 664 quadragesimo
3175 606 3351 659 sexto,
3376 598 3518 654 duce
3546 616 3645 654 au-

2058 681 2173 727 tem
2219 673 2558 731 Venetorum
2606 681 2811 751 inclyte
2858 683 3078 738 Andrea
3128 686 3401 753 Dandulo,
3456 688 3644 746 Roma:

2059 770 2243 818 autem
2273 765 2595 823 Innocentio
2635 771 2701 825 IV
2730 773 2988 841 pontifice
3025 777 3281 841 maximo,
3312 778 3643 848 imperatore

2058 871 2190 910 vero
2222 856 2489 914 Federico
2541 863 2804 927 secundo,
2838 866 3248 922 sanctissimum
3285 870 3405 940 ejus
3442 886 3645 943 corpus

2062 945 2323 1004 Vcnetias
2373 950 2615 1006 delatum
2661 964 2765 1019 est,
2820 964 2877 1011 et
2916 955 2971 1011 in
3021 960 3147 1012 fano
3178 959 3239 1014 Β.
3266 959 3514 1032 Georgii,
3543 978 3641 1017 co-

2062 1050 2362 1109 gnomento
2386 1043 2628 1113 Majoris.
2666 1046 2971 1106 honorifice
2996 1051 3051 1104 in
3087 1052 3249 1107 altari
3293 1055 3643 1111 reconditum

2073 1130 2164 1184 die
2185 1134 2449 1188 vicesima
2482 1138 2726 1193 secunda
2749 1143 2955 1197 mensis
2986 1144 3210 1212 Aprilis,
3262 1146 3356 1200 ubi
3381 1147 3642 1203 diuturna

2062 1220 2393 1293 hymnorum
2424 1226 2763 1299 laudumque
2797 1234 3114 1301 precatione
3156 1251 3186 1289 a
3230 1236 3517 1293 monachis
3547 1240 3646 1294 de-

2062 1313 2347 1371 votissime
2381 1318 2601 1372 colitur.
2634 1341 2651 1368 δ
2683 1320 2810 1376 11ωο
2845 1324 2941 1378 ibi.
2975 1323 3326 1383 Conveniunt
3351 1328 3404 1382 in
3435 1346 3642 1385 annum

2065 1403 2223 1472 1216,
2282 1410 2636 1476 pontificatus
2687 1414 2993 1471 Innocentii
3043 1415 3132 1481 IV,
3189 1428 3246 1472 et
3293 1419 3409 1474 fere
3464 1421 3644 1492 impe-

2065 1496 2207 1550 rium
2258 1499 2507 1556 Federici
2539 1504 2603 1567 ll,
2638 1516 2829 1561 contra
2866 1524 3029 1577 quem
3063 1506 3354 1575 Henricus,
3382 1514 3642 1582 landgra-

2063 1588 2187 1643 vius
2225 1590 2541 1664 Thuringite
2580 1605 2633 1650 et
2677 1595 2903 1663 Hassite,
2952 1615 3097 1654 anno
3127 1602 3460 1670 praecedenti
3490 1605 3643 1659 desi-

2067 1689 2268 1750 gnatus
2307 1683 2488 1739 fuerat
2520 1681 2858 1758 imperator;
2892 1690 3157 1760 abrogato
3201 1709 3300 1762 per
3347 1696 3644 1750 concilium

424 1751 601 1839 crium
626 1783 918 1837 Mauritius
943 1797 971 1833 a
1001 1781 1067 1834 14
1092 1751 1327 1849 Augusti
1364 1751 1504 1831 anni
1526 1777 1653 1839 582,
1689 1751 1789 1846 per
1818 1776 1959 1830 inte-
1990 1751 2037 1810 Β
2064 1772 2321 1839 εθιιθῐθιθ
2348 1751 2715 1845 Lugdunense
2746 1751 2980 1849 imperio
3012 1751 3286 1836 Fedcrici.
3324 1783 3429 1838 Sed
3469 1786 3647 1855 major

424 1888 510 1926 ros
544 1886 721 1926 annos
746 1870 941 1937 viginti
978 1885 1159 1938 usque
1209 1867 1278 1922 ad
1325 1883 1530 1921 annum
1559 1866 1684 1931 602,
1737 1866 1959 1922 occisus

425 1966 449 2017 7
482 1961 833 2025 Novembris,
863 1961 998 2016 feria
1036 1961 1091 2025 5,
1122 1959 1428 2014 indictione
1454 1960 1505 2022 6,
1532 1972 1696 2027 quem
1725 1971 1955 2020 annum,

424 2068 630 2108 lensem
651 2061 707 2107 et
744 2038 893 2108 diem
942 2052 1108 2107 caedis
1136 2051 1257 2120 ejus
1287 2048 1675 2113 aIlirmat;sed
1722 2048 1963 2118 imperio

421 2150 500 2213 ,us
534 2144 732 2199 tribuit
760 2145 940 2199 solum
974 2158 1152 2198 annos
1186 2143 1274 2205 16,
1306 2151 1503 2196 contra
1544 2140 1796 2194 omnium
1823 2138 1957 2195 scri-

384 2244 605 2307 ptorum
657 2250 1014 2290 consensum.
1073 2234 1263 2289 Annos
1307 2233 1427 2303 ejus
1471 2230 1703 2300 imperii
1758 2229 1955 2300 viginti

399 2326 807 2382 securatissime
834 2325 1087 2397 digestos
1132 2331 1489 2389 enumerant,
1552 2321 1877 2387 Simocatta,
1905 2322 1961 2376 in

437 2421 619 2474 istoria
637 2418 876 2473 Hauritii
912 2418 1247 2485 imperatoris
1274 2416 1433 2470 libris
1468 2423 1595 2469 octo
1618 2413 1960 2483 conscripta,

383 2511 776 2580 Theophanes,
799 2517 996 2564 auctor
1026 2507 1272 2564 Chronici
1315 2504 1610 2576 praecitati,
1642 2514 1702 2560 et
1725 2504 1842 2559 alii.

454 2603 510 2657 3.
540 2601 853 2668 ltnperante
877 2598 1131 2653 Mauritio
1153 2596 1374 2667 scripsit
1397 2595 1711 2651 Eustratius
1738 2593 1967 2665 presby~

385 2701 470 2746 ter
506 2692 683 2747 Vitam
738 2690 801 2746 S.
856 2689 1136 2761 Eutychii,
1192 2704 1317 2743 cum
1372 2686 1546 2755 elapsi
1598 2694 1791 2741 essent
1831 2684 1963 2741 anni

382 2780 788 2851 duodeviginti,
805 2795 873 2835 ex
888 2795 1002 2850 quo
1017 2779 1171 2833 exsul
1187 2778 1333 2848 apud
1350 2780 1653 2832 Amasenus
1670 2775 1965 2846 imperium

381 2876 505 2945 ejus
537 2873 882 2945 praedixisset
914 2891 927 2927 :
960 2872 1268 2942 eodemque
1304 2872 1639 2941 imperatore
1667 2879 1963 2939 praesente.

382 2968 439 3023 in
463 2967 871 3023 solemnissima
896 2965 1156 3037 panegyri
1180 2964 1437 3018 eamdem
1471 2964 1748 3027 recitavit,
1774 2970 1966 3031 quem-

382 3058 680 3114 admodum
734 3068 962 3127 apparet
1008 3072 1076 3112 ex
1126 3056 1380 3126 Epilogo,
1428 3055 1523 3109 ubi
1558 3070 1725 3124 quem
1774 3052 2033 3143 intpri-C

383 3149 492 3204 mis
520 3149 762 3219 appellat
804 3148 1054 3202 divinum
1092 3163 1157 3201 ac
1203 3162 1425 3201 sacrum
1458 3157 1645 3216 caput,
1682 3160 1792 3199 non
1823 3145 1967 3200 alius

383 3239 778 3309 intelligendus
823 3255 989 3308 quam
1024 3240 1143 3308 ipse
1188 3238 1510 3307 imperator.
1553 3236 1825 3291 Recitavit
1868 3250 1965 3289 au-

383 3334 517 3390 tem,
548 3334 818 3396 quantum
850 3341 916 3380 ex
938 3326 1211 3380 subducta
1244 3334 1554 3394 temporum
1584 3325 1799 3379 ratione
1829 3338 1964 3378 con-

378 3418 621 3490 jicimus,
657 3427 716 3472 et
745 3432 813 3472 ex
844 3416 1015 3487 ipsius
1036 3417 1116 3471 rei
1147 3417 1537 3486 congruentia,
1563 3415 1618 3469 in
1640 3415 1964 3470 anniversa-

385 3511 469 3563 ria
519 3510 798 3580 justorum
855 3507 1178 3563 funebrium
1236 3507 1597 3562 conclusione
1642 3521 1790 3561 anno
1840 3506 1965 3571 583,

387 3614 513 3655 cum
574 3607 704 3653 ante
750 3614 927 3653 annos
990 3598 1303 3653 octodecim
1371 3598 1513 3651 facta
1568 3597 1854 3667 prtedietio
1895 3597 1963 3653 ad

384 3702 592 3744 annum
619 3690 742 3753 565,
777 3691 870 3759 qui
903 3689 1010 3744 fuit
1039 3688 1221 3742 exsilii
1250 3688 1487 3759 primus,
1518 3689 1965 3744 commodissime

381 3781 679 3837 referatur.
721 3780 987 3835 Exstabat
1016 3797 1083 3835 ea
1121 3778 1245 3835 Vita
1291 3778 1479 3835 Graace
1529 3779 1584 3833 in
1627 3779 1966 3835 bibliotheca

381 3872 612 3935 Veneta,
634 3871 782 3927 unde
803 3881 1084 3941 acceptam
1103 3871 1442 3941 Lipomanus
1464 3870 1680 3936 babuit,
1700 3887 1764 3925 ex
1787 3886 1965 3940 eoque

381 3961 605 4025 Serius,
650 3962 845 4017 Latine
872 3961 1147 4016 redditam
1189 3976 1220 4015 a
1247 3962 1410 4016 Petro
1458 3960 1755 4017 Francisco
1804 3960 1963 4016 Zino.

379 4054 497 4109 Nos
537 4054 773 4109 alterum
820 4054 941 4124 ejus
997 4054 1281 4124 exemplar
1334 4069 1402 4108 ex
1436 4053 1774 4108 bibliotheca
1811 4052 1965 4109 Vati-

377 4160 520 4199 cana
573 4144 746 4208 nacti,
793 4160 921 4199 cum
980 4143 1298 4199 videremus
1354 4144 1740 4213 interpretem,
1792 4142 1965 4197 veluti

381 4246 494 4289 tam
522 4235 746 4304 prolixae
767 4234 1031 4288 orationis
1052 4244 1350 4303 conspectu
1384 4235 1702 4296 attonitum,
1724 4233 1965 4303 segniori

380 4327 570 4381 animo
616 4327 907 4395 minusque
948 4334 1160 4380 attento
1206 4324 1274 4379 ad
1310 4325 1724 4379 translationem
1758 4324 1966 4380 facien-

2059 1860 2353 1918 diﬂicultas
2383 1873 2471 1921 est
2517 1866 2571 1921 in
2618 1868 2833 1924 Andrea
2867 1870 3152 1933 Dandnlo,
3191 1873 3286 1942 qui
3329 1875 3529 1928 sarculo
3560 1889 3624 1930 se

2059 1955 2273 2021 quenti,
2332 1965 2389 2011 et
2441 1973 2591 2013 anno
2654 1960 2791 2016 1556
2845 1961 2957 2016 dux
3028 1963 3363 2019 Venetorum
3420 1976 3646 2023 creatus

2062 2043 2305 2097 traditur
2331 2046 2401 2101 ab
2429 2046 2595 2118 hujus
2625 2049 2947 2121 reipublica:
2978 2051 3365 2122 scriptoribus.
3396 2054 3645 2112 Bellinus

2060 2131 2130 2187 de
2182 2134 2368 2189 Padua
2425 2135 2711 2209 inscripsit
2754 2156 2858 2196 suo
2883 2142 3272 2215 Martyrologio
3330 2146 3644 2201 secundum

2062 2239 2270 2279 morem
2301 2228 2472 2285 curiae.
2508 2229 2768 2288 Romana:
2796 2234 3091 2304 plerosque
3126 2246 3346 2291 sanctos
3395 2254 3636 2307 quorum

2062 2316 2312 2386 reliquias
2364 2320 2609 2378 Venetiis
2656 2336 2948 2380 servantur
2998 2325 3053 2381 in
3100 2327 3250 2383 dicto
3308 2331 3647 2385 monasterio

2068 2403 2124 2459 S.
2146 2407 2368 2477 Georgii
2386 2409 2625 2480 Majoris,
2643 2421 2700 2467 et
2720 2413 2788 2468 ad
2809 2424 3175 2470 memoratum
3193 2417 3262 2470 22
3275 2418 3417 2472 diem
3437 2420 3648 2489 Aprilis

2065 2494 2165 2549 ista
2204 2495 2368 2552 habet
2400 2517 2411 2551 :
2448 2501 2610 2556 «Item
2636 2502 2692 2556 in
2719 2505 3056 2560 monasterio
3093 2506 3151 2561 S.
3176 2506 3392 2578 Georgii
3419 2508 3643 2577 Majoris

2066 2586 2417 2665 Venetiarum
2467 2593 2753 2647 translatio
2784 2594 2961 2650 sancti
2996 2595 3278 2651 Eustachii
3314 2597 3648 2667 patriarcha

2062 2674 2657 2749 Constantinopolitani
2693 2699 2838 2739 anno
2874 2685 3091 2740 Domini
3129 2687 3283 2742 1216.
3327 2707 3345 2737 ι
3373 2688 3647 2743 Bellinum

2066 2779 2374 2839 sequuntur
2410 2771 2774 2844 lllaurolycus,
2798 2774 3056 2838 Fclicius,
3079 2774 3342 2840 Molanus,
3362 2777 3644 2844 Canisius,

2063 2865 2377 2921 Galesinius
2409 2877 2465 2921 et
2505 2869 2811 2924 Ferrarius.
2860 2869 3151 2926 Consentit
3206 2888 3309 2928 ms.
3364 2874 3648 2929 Florenti-

2066 2974 2198 3012 num
2240 2959 2293 3013 in
2345 2960 2683 3016 bibliotheca
2724 2964 2996 3019 senatoris
3033 2963 3242 3019 Strozzi
3277 2977 3646 3021 asservatum.

2065 3050 2217 3105 Idem
2249 3050 2492 3106 Bellinus
2530 3053 2598 3108 ad
2630 3054 2777 3110 diem
2816 3055 2883 3109 19
2914 3055 3200 3110 Februarii
3248 3057 3446 3111 iterum
3475 3058 3649 3114 refert

2065 3141 2386 3196 memoriam
2441 3142 2615 3197 sancti
2675 3144 2957 3201 Eustachii
3010 3146 3339 3215 patriarchas
3385 3147 3651 3202 Ecclesiae

2064 3231 2711 3303 Constantrinopolitanze.
2745 3235 3064 3306 Sequuntur
3083 3236 3282 3291 iterum
3305 3253 3496 3292 omnes
3516 3248 3651 3295 ante

2065 3324 2217 3378 citati
2250 3333 2527 3384 auctores.
2553 3340 2618 3379 ex
2640 3326 2845 3394 quibus
2881 3325 3138 3382 Canisius
3168 3327 3339 3391 addit,
3376 3327 3548 3382 fusius
3573 3327 3651 3384 de

2065 3430 2133 3469 eo
2165 3415 2342 3485 agili}
2396 3416 2550 3476 Julii.
2586 3416 2773 3471 forsan
2827 3426 2980 3472 ratus
3010 3419 3165 3473 illum
3218 3434 3338 3474 esse
3392 3428 3650 3474 sanctum

2066 3503 2418 3559 Eustathium
2456 3505 2933 3575 archiepiscopum
2982 3507 3411 3570 Antiochenutn,
3457 3508 3654 3577 quieo

2066 3589 2154 3645 die
2188 3593 2411 3647 colitur.
2445 3593 2607 3647 Plura
2663 3593 2907 3649 diximus
2937 3594 3005 3650 ad
3048 3595 3195 3650 diem
3247 3597 3314 3651 19
3361 3597 3652 3653 Februarii

2066 3683 2212 3738 inter
2265 3686 2669 3755 praetermissos
2719 3687 2861 3742 etin
2904 3686 3043 3742 alios
3088 3688 3207 3743 dies
3239 3690 3492 3759 rejectos.
3523 3706 3655 3757 qua:

2067 3775 2143 3830 ibi
2180 3775 2359 3830 videri
2396 3785 2647 3846 possunt.
2705 3776 2979 3833 Cancrum
3024 3795 3146 3850 quae
3205 3780 3260 3834 in
3305 3781 3467 3834 citata
3526 3780 3650 3834 l’ita

2064 3869 2235 3921 sancti
2261 3868 2503 3938 Eutychii
2522 3884 2622 3939 per
2664 3869 2968 3925 Fabianum
2998 3869 3319 3927 Cretensem
3347 3871 3650 3937 habentur,

2067 3959 2325 4014 nolumus
2360 3959 2634 4029 proferre,
2672 3961 2803 4031 quia
2855 3971 2941 4017 est
2981 3962 3368 4033 compendium
3411 3962 3652 4019 alterius

2066 4050 2205 4105 Vitae
2234 4066 2345 4105 non
2373 4050 2494 4106 sine
2537 4052 2709 4108 variis
2760 4053 2978 4108 mendis
3025 4054 3360 4111 confectum.

2135 4144 2188 4198 4.
2227 4144 2647 4200 Solemnissimo
2673 4145 2854 4199 cilicio
2903 4145 3185 4201 celebrant
3211 4145 3386 4201 Grmci
3444 4145 3653 4201 fcslutn

2067 4236 2243 4291 sancti
2264 4237 2520 4308 Eutyehii
2555 4237 2622 4291 ad
2657 4237 2803 4290 diem
2835 4238 2868 4292 6
2889 4238 3117 4308 Aprilis,
3145 4238 3201 4292 in
3229 4238 3448 4295 Menaeis
3472 4253 3653 4293 excu-

2066 4327 2143 4383 sis
2194 4335 2253 4383 et
2305 4344 2471 4383 manu
2523 4330 2783 4397 exaratis,
2826 4330 3008 4400 qualia
3061 4332 3265 4394 Romae.
3329 4332 3651 4398 Florentiae,

383 4419 509 4473 dam
538 4419 858 4481 accessisse,
895 4426 953 4473 et
987 4418 1122 4473 locis
1163 4431 1325 4485 quam
1356 4416 1614 4486 plurimis
1646 4417 1960 4487 impegisse,
1987 4413 2043 4475 1)
2069 4418 2382 4484 Mediolani,
2412 4420 2662 4485 Taurini,
2704 4421 2932 4476 Parisiis
2958 4428 3014 4475 ct
3044 4422 3275 4476 Divione
3301 4423 3613 4493 reperimus
3632 4440 3651 4476 :

383 4510 760 4564 necessarium
796 4509 1058 4562 duximus
1090 4522 1287 4563 novam
1327 4523 1395 4561 ex
1429 4506 1623 4563 Graeco
1654 4508 1961 4562 versionem

382 4601 678 4655 adornare.
710 4600 885 4654 Aliam
908 4599 1077 4655 Vitam
1106 4600 1277 4654 sancti
1304 4599 1551 4670 Eutychii
1581 4599 1729 4653 nacti
1769 4615 1963 4655 sumus

383 4710 448 4749 ex
499 4693 693 4749 codice
743 4692 1111 4749 serenissima:
1149 4692 1447 4748 Christinte
1470 4693 1676 4763 reginae
1728 4694 1957 4756 Sueeiw,

378 4788 476 4859 qui
510 4788 691 4842 fuerat
733 4786 886 4842 Pauli
923 4786 1242 4841 Rhamnusii
1278 4795 1336 4840 et
1381 4787 1685 4840 amicorum
1722 4804 1735 4838 :
1767 4785 1819 4838 in
1850 4799 1960 4853 quo

376 4866 562 4935 solum
600 4888 764 4934 erant
798 4878 929 4932 Vita:
953 4885 1258 4931 sanctorum
1292 4892 1529 4947 quorum
1562 4875 1807 4945 reliquia:
1831 4883 1959 4929 sunt

382 4972 631 5028 Venetiis
671 4971 726 5026 in
779 4972 1118 5025 monasterio
1154 4970 1210 5025 S.
1260 4969 1483 5041 Georgii
1534 4970 1774 5038 Majoris.
1809 4968 1962 5022 lianc

379 5074 574 5120 autem
604 5063 787 5120 Vitam
819 5064 1101 5118 Fabianus
1130 5060 1419 5117 Cretensis
1478 5058 1787 5113 monachus
1810 5056 1959 5112 Con-

378 5156 719 5227 gregationis
768 5155 1109 5217 Casinensi's,
1158 5152 1295 5207 alias
1346 5160 1553 5206 sancta:
1593 5148 1843 5211 Iustinae,
1892 5163 1957 5202 ex

379 5246 574 5303 Crteco
619 5248 675 5302 in
719 5246 979 5301 Latinum
1008 5246 1346 5300 traduxerat.
1384 5243 1440 5298 In
1488 5242 1591 5296 hac
1635 5240 1779 5305 Vita,
1803 5239 1961 5309 cujus

379 5337 532 5393 aliud
589 5339 926 5409 ecgraphum
961 5353 1126 5393 manu
1163 5335 1496 5391 Ferdinandi
1542 5331 1757 5403 Ughelli
1809 5339 1962 5386 tran.

381 5428 651 5498 scriptum
682 5430 753 5483 ab
780 5431 1018 5499 ipsumet
1048 5429 1235 5483 Romae
1272 5426 1610 5496 accepimus,
1643 5424 1957 5479 Eustachius

379 5521 507 5574 loco
537 5519 785 5590 Eutychii
806 5522 1114 5592 appellatur
1135 5529 1189 5575 et
1220 5535 1392 5590 pauca
1428 5519 1545 5572 haec
1569 5516 1674 5571 sub
1702 5516 1863 5570 linem
1887 5512 1959 5567 de

384 5611 655 5667 translato
685 5628 917 5683 corpore
946 5615 1220 5668 habentur
1241 5611 1558 5682 :«Sepultus
1581 5605 1960 5664 estsanclissi-

384 5718 508 5760 mus
556 5703 889 5761 Eustachius
925 5705 1029 5761 sub
1063 5705 1237 5760 altare
1278 5712 1617 5764 sanctorum,
1652 5700 1746 5754 ubi
1789 5697 1955 5753 etiam

2069 4518 2131 4562 ut
2157 4508 2319 4578 plane
2353 4510 2553 4565 mirum
2608 4511 2683 4567 sit
2735 4526 2764 4565 a
2804 4512 2993 4567 Sirleti
3034 4510 3328 4583 Meuologio
3359 4512 3652 4567 exclusum

2067 4615 2189 4655 esse
2220 4618 2232 4653 :
2260 4617 2385 4655 nam
2428 4602 2574 4656 etin
2627 4602 2994 4672 Ephemeride
3048 4604 3299 4667 metrica,
3355 4613 3410 4659 et
3450 4603 3503 4657 in
3532 4602 3652 4656 Ka-

2068 4690 2297 4746 lcndarii
2343 4692 2679 4747 LIoscovitici
2723 4695 2925 4750 tabulis
2974 4695 3124 4750 solus
3161 4694 3256 4750 hic
3295 4695 3642 4749 nominatur.

2068 4779 2126 4834 lu
2159 4795 2261 4834 ms.
2290 4780 2585 4852 Henologio
2630 4783 2814 4839 Basilii
2848 4784 3196 4854 imperatoris
3226 4785 3373 4840 istud
3402 4784 3646 4840 habetur

2067 4870 2305 4940 elegiam
2335 4888 2349 4924 :
2395 4892 2413 4922 ‹
2448 4873 2545 4927 Die
2580 4883 2732 4930 sexta
2763 4874 2989 4945 Aprilis,
3025 4877 3290 4931 memoria
3330 4875 3500 4932 sancti
3535 4877 3650 4931 Pa-

2068 4963 2171 5017 tris
2202 4964 2375 5018 nostri
2414 4966 3130 5038 Eulychii,_arcbiepiseopi
3177 4968 3649 5037 Constantinopo-

2067 5054 2245 5108 litani.
2296 5055 2532 5113 Sanctus
2584 5050 2753 5114 l’ater'
2786 5068 2977 5115 noster
3022 5060 3327 5132 Eutychius
3380 5060 3483 5115 fuit
3534 5062 3649 5117 sub

2069 5147 2302 5217 imperio
2334 5151 2515 5220 magni
2545 5151 2868 5217 Iustiniani,
2902 5168 2932 5208 e
2968 5153 3193 5224 regione
3223 5154 3457 5225 Phrygia
3482 5170 3650 5209 exor-

2069 5249 2176 5293 tus.
2223 5240 2490 5298 Praeclare
2539 5255 2721 5299 autem
2773 5245 3040 5301 educatus
3098 5246 3170 5301 ab
3217 5246 3486 5319 llesycbio
3512 5263 3649 5317 pre-

2066 5330 2289 5399 sbytero
2310 5342 2368 5387 et
2392 5333 2797 5406 thaumaturgo,
2824 5337 2945 5407 ejus
2964 5351 3099 5399 avo,
3128 5352 3193 5391 ac
3215 5336 3270 5391 in
3301 5352 3454 5392 sacra
3488 5336 3663 5392 Scri-

2067 5430 2249 5490 ptura,
2282 5424 2467 5478 studio
2518 5434 2575 5480 et
2621 5427 2981 5482 meditatione
3020 5428 3242 5483 assidua
3270 5438 3540 5490 versatus,
3569 5430 3652 5484 ab

2066 5512 2329 5583 episcopo
2365 5516 2610 5573 Amaseze
2652 5528 2944 5589 susceptus
2987 5529 3092 5585 est,
3142 5536 3206 5576 ac
3239 5520 3476 5590 primum
3518 5535 3659 5577 mo-

2067 5604 2297 5667 nachus,
2324 5605 2523 5663 deinde.
2550 5610 2837 5680 presbyter
2859 5611 3129 5676 initiatus.
3157 5612 3509 5682 tranquillam
3530 5616 3657 5682 egit

2066 5695 2236 5752 vitam
2272 5698 2326 5753 in
2351 5702 2684 5757 monasterio
2718 5702 2774 5758 S.
2810 5702 3020 5757 Melitii.
3045 5702 3252 5769 Quinto
3282 5704 3481 5758 deinde
3503 5717 3655 5757 con-
