4042 6156
297 210 440 275 2273

1841 215 2038 280 VITA.

3423 215 3568 284 2274

295 301 426 354 cilio
449 307 774 369 congregato
806 313 836 352 a
867 299 1202 366 Iustiniano,
1238 317 1363 358 cum
1395 303 1690 373 episcopus
1717 304 1882 360 Ama-
1913 317 1956 368 Α
1987 309 2326 362 fortunatum
2375 323 2473 362 seu
2517 307 2665 362 bona
2697 307 2919 362 fortuna
2961 316 3210 366 utentem
3248 309 3519 384 signiﬁcat
3547 331 3562 366 :

295 408 404 447 me
438 407 505 446 eo
557 396 815 460 Ietnpore
867 391 1084 448 inﬁrma
1133 395 1448 450 valetudine
1511 397 1879 462 detineretur,

297 485 505 540 missus
537 493 620 538 est
664 485 786 539 vice
827 485 974 540 illius
1029 487 1356 556 Eutychius,
1409 491 1602 558 quiin
1649 491 1885 546 concilio

299 581 445 630 inter
479 577 615 630 alios
669 580 742 630 ita
801 579 1082 642 excelluit,
1135 587 1195 632 ut
1223 579 1293 634 de
1325 596 1391 636 eo
1435 582 1620 636 Menas
1653 585 1888 654 patriar-

297 669 404 720 cha
455 666 654 720 dixerit
693 685 706 720 :
743 666 840 720 ilic
880 667 987 722 erit
1023 683 1180 722 meus
1209 685 1517 724 successor.
1569 673 1633 726 Et
1665 674 1736 726 ita
1765 685 1888 744 post

297 771 536 816 mortem
596 762 744 816 illius
799 763 1008 816 electus
1053 772 1140 818 est
1185 767 1522 834 patriarcha.
1570 767 1706 822 Cum
1758 787 1889 824 vero

297 865 496 924 postea
531 855 584 908 in
615 855 806 908 odium
841 856 1192 926 imperatoris
1244 859 1552 923 incidisset,
1605 863 1760 916 ersul
1801 879 1888 914 re-

295 948 518 1016 legatus
566 955 672 1002 est.
725 947 854 1000 Post
903 955 1136 1002 mortem
1197 965 1328 1004 vero
1380 951 1680 1006 Justiniani
1733 969 1888 1007 suam

297 1037 516 1104 recepit
564 1036 752 1090 sedem
806 1053 836 1091 a
889 1037 1108 1092 Justino
1141 1047 1198 1092 et
1231 1040 1476 1096 Tiberio.
1533 1041 1670 1096 Cum
1705 1055 1890 1098 autem

297 1127 476 1177 multa
505 1133 779 1194 patrasset
823 1127 1092 1182 miracula
1117 1138 1174 1183 et
1203 1131 1470 1202 impetum
1503 1150 1712 1203 magna:
1747 1151 1892 1188 tuor—

299 1218 531 1270 taiitatis
561 1217 819 1284 precibus
871 1219 1236 1286 cohibuisset,
1286 1233 1342 1278 ct
1391 1223 1600 1278 Tiberii
1658 1235 1890 1279 mortem

297 1307 672 1376 prmdixisset,
698 1309 842 1363 sicut
871 1311 1035 1364 etiam
1067 1320 1217 1376 ante,
1255 1315 1377 1384 ejus
1404 1330 1660 1384 regnum,
1693 1332 1760 1370 ex
1791 1317 1894 1372 hac

299 1400 418 1452 vita
458 1399 722 1462 decessit,
781 1403 1032 1470 sepultus
1089 1404 1144 1456 in
1200 1405 1436 1460 ecclesia
1472 1406 1568 1461 SS.
1601 1408 1894 1477 Apostolo-

299 1509 452 1547 rum.
492 1513 508 1544 ι
545 1493 750 1548 Eadem
785 1495 1064 1550 habentur
1095 1496 1150 1550 in
1175 1497 1508 1570 Antbologio
1539 1515 1714 1564 novo,
1745 1501 1896 1570 quod

298 1585 582 1642 Areudius
632 1585 902 1642 Clementi
945 1588 1058 1642 Vlll
1109 1589 1356 1658 pontifici
1405 1591 1706 1660 inscripsit.
1753 1592 1896 1646 Lon-

2169 443 2432 511 Εὖτύχιον
2463 442 2697 496 Οανέντα
2719 443 2895 512 τιμῶν
2925 444 3037 506 τοῖς
3064 441 3266 510 λόγοις,

2179 514 2443 582 Ἐμαυτὺν
2471 515 2868 582 εὐτυχέστατον
2907 513 3100 582 κρίνω.

2172 649 2475 701 Morientem
2511 647 2826 718 Eutyrhiuﬁz
2859 649 3182 702 sermonibus
3215 649 3466 712 laudans.

2169 719 2349 788 Ipsum
2401 735 2483 772 me
2524 719 2706 788 judico
2756 721 3259 788 fortunatissimum.

2062 853 2112 906 5.
2143 853 2385 906 Joannes
2419 853 2670 906 Nolanus
2711 851 3036 908 inAuctario
3067 853 3298 908 L’suardi
3325 854 3394 908 ad
3417 854 3566 910 diem

1993 942 2025 996 6
2065 942 2270 1012 Aprilis
2300 944 2419 1011 ejus
2465 944 2786 998 memoriam
2854 945 3120 1006 celebrat,
3167 955 3224 999 et
3283 946 3340 1000 in
3389 947 3569 1016 prima

1992 1035 2239 1088 editione
2261 1036 2366 1088 hoc
2382 1037 2500 1104 ejus
2525 1045 2702 1088 exstat
2725 1037 2966 1106 elogium
2992 1055 3002 1088 :
3037 1056 3053 1087 ι
3083 1037 3574 1108 Constantinopoli

1995 1129 2194 1182 natalis
2220 1129 2404 1196 magni
2433 1137 2488 1184 et
2519 1127 2668 1180 beati
2703 1128 2885 1182 Patris
2929 1129 3108 1180 nostri
3163 1129 3442 1200 Eutychii,
3473 1145 3574 1200 pa-

1997 1222 2257 1274 triarcha:
2294 1219 2928 1288 Constantinopolitani,
2975 1220 3134 1289 cujus
3163 1220 3274 1274 vita
3321 1230 3376 1274 et
3407 1222 3586 1276 mira-

1996 1312 2120 1365 cula
2147 1312 2461 1380 conscripta
2503 1319 2634 1365 sunt
2676 1310 2744 1364 ab
2781 1309 3062 1364 Eustratio
3105 1310 3304 1364 humili
3349 1311 3579 1384 presby-

1999 1410 2140 1456 tero.
2171 1421 2187 1452 ι
2227 1401 2497 1456 Eumdem
2552 1401 2800 1456 celebrat
2869 1401 3160 1456 Ferrarius
3191 1401 3250 1454 in
3318 1400 3579 1472 Catalogo

1997 1494 2242 1563 generali
2265 1511 2280 1554 :
2307 1503 2362 1547 et
2389 1493 2680 1559 Baronius,
2721 1493 2894 1548 relato
2925 1495 3046 1562 ejus
3077 1493 3231 1547 obitu
3263 1493 3330 1547 ad
3362 1511 3580 1549 annum

2000 1588 2290 1646 586.num.
2317 1587 2369 1645 7.
2389 1587 2614 1646 asserit.
2647 1601 2759 1639 non
2781 1586 3062 1638 immerito
3079 1599 3206 1638 eum
3228 1601 3254 1638 a
3282 1585 3488 1640 Graecis
3517 1596 3581 1642 ut

299 1677 463 1746 giora
497 1677 620 1730 vita:
658 1677 832 1746 elogia
874 1676 1232 1731 continentur
1267 1677 1324 1732 in
1349 1679 1587 1743 Menaeis,
1615 1681 1669 1733 in
1691 1680 1895 1749 quibus
1923 1671 1970 1729 B
1997 1685 2250 1731 sanetum
2284 1677 2413 1738 coli,
2447 1674 2938 1743 anniversariaque
2979 1674 3069 1727 die
3096 1673 3344 1744 ejusdem
3398 1675 3582 1728 natale

302 1767 410 1822 sub
437 1767 608 1820 ﬁnem
644 1767 746 1822 ista
771 1767 940 1822 verba
975 1769 1238 1840 leguntur
1272 1769 1545 1824 εἰέλεῐται
1579 1771 1696 1840 δὲὴ
1728 1771 1894 1825 αὑτοῦ

305 1857 530 1922 σύναξις
567 1858 626 1909 ἐν
655 1860 718 1926 τῇ
751 1859 1029 1929 ἁγιωτάτῃ
1061 1858 1288 1928 Μεγάλῃ
1321 1859 1618 1930 ἐκκλησίᾳο
1655 1852 1900 1914 Celebra-

303 1961 394 2002 tur
431 1949 542 2000 dies
589 1948 749 2016 festus
788 1949 902 2018 ejus
941 1951 996 2002 in
1029 1951 1372 2004 sanctissima
1411 1950 1606 2020 Magna
1653 1952 1895 2006 ecclesia.

307 2039 593 2094 Laudatur
627 2041 682 2094 in
717 2040 840 2094 odis
869 2041 1022 2094 zelus
1057 2043 1178 2112 ejus
1209 2043 1264 2096 in
1289 2042 1600 2096 orthodoxa
1641 2043 1747 2098 ίὶιιο
1777 2059 1902 2114 pro-

305 2131 608 2202 pugnanda
660 2142 715 2188 et
757 2131 954 2187 haaresi
989 2133 1384 2203 deprimenda;
1445 2144 1500 2190 et
1539 2137 1610 2190 ob
1637 2135 1790 2190 varia
1823 2137 1894 2190 ab

303 2239 372 2277 eo
418 2233 636 2293 patrata
685 2225 972 2289 miracula,
1023 2227 1474 2296 Thaumaturgus
1502 2229 1815 2298 appellatur
1841 2229 1897 2282 in

305 2320 424 2388 ipsa
470 2317 746 2372 dictarum
795 2316 1036 2374 Odarum
1073 2319 1459 2374 Acrostichide
1491 2319 1595 2374 bac
1631 2339 1642 2373 :

449 2408 556 2458 Τὸν
588 2407 968 2478 θαματουργδν
993 2408 1256 2478 Εὑτύχιον
1289 2408 1576 2478 θαυμάσω.

489 2499 723 2552 Mirabar
753 2499 1066 2569 Eutycltium
1111 2503 1368 2554 mirorum
1401 2503 1709 2572 effectorem.

307 2592 452 2642 Ante
493 2589 724 2658 ‘rlogium
773 2605 904 2644 vero
926 2590 1040 2658 jam
1071 2590 1363 2644 recitatum
1408 2590 1514 2645 hoc
1549 2592 1904 2660 praemittitur

309 2681 614 2746 distichon,
641 2697 764 2744 cum
794 2681 1068 2736 allusione
1108 2682 1178 2736 ad
1205 2697 1408 2737 nomen
1437 2682 1716 2754 Eutycbii,
1753 2684 1900 2753 quod

1999 1767 2298 1824 celebrari.
2351 1767 2496 1820 Addi
2545 1766 2635 1820 his
2685 1773 2921 1836 possunt
2963 1765 3212 1820 Bellinus
3240 1773 3296 1818 et
3340 1781 3440 1820 sex
3481 1766 3578 1820 alii

1999 1861 2382 1932 martyrologi,
2415 1860 2546 1912 licet
2571 1859 2626 1912 hi
2671 1859 2775 1912 sub
2811 1859 3040 1912 nomine
3077 1863 3250 1912 sancti
3297 1857 3580 1912 Eustachii

1998 1969 2125 2008 eum
2165 1953 2485 2016 celebrent,
2517 1953 2583 2006 ~12
2615 1952 2822 2020 Aprilis
2845 1960 2902 2006 et
2937 1951 2999 2005 19
3045 1949 3360 2014 Februarii,
3388 1959 3450 2004 ut
3477 1966 3576 2005 su-

2001 2061 2098 2116 pra
2139 2045 2497 2098 monuimus:
2531 2045 2681 2112 quod
2713 2043 2917 2098 iterato
2978 2043 3110 2096 facit
3163 2041 3456 2098 Ferrarius
3511 2040 3582 2096 ad

2001 2134 2150 2189 diem
2177 2137 2234 2188 11
2272 2135 2398 2190 Maii
2435 2135 2522 2190 his
2549 2134 2738 2188 verbis
2765 2152 2778 2186 :
2821 2154 2837 2184 ι
2865 2132 3115 2188 Venetiis
3146 2132 3434 2188 translatio
3453 2147 3583 2186 cor-

2001 2225 2156 2294 poris
2182 2226 2358 2280 sancti
2373 2225 2628 2294 Eutycbii
2651 2225 2898 2294 episcopi
2919 2207 3542 2292 Constantinopolitani.
3557 2241 3578 2276 ι

2002 2317 2062 2372 ln
2099 2317 2248 2372 notis
2279 2317 2549 2386 allegatur
2580 2315 2973 2370 Kalendarium
3022 2315 3274 2370 ecclesia
3319 2314 3376 2369 S.
3409 2313 3584 2370 Geor-

1998 2409 2072 2480 gii
2107 2409 2351 2478 Major-is,
2385 2409 2442 2462 in
2473 2424 2582 2480 qua
2616 2423 2820 2478 corpus
2844 2417 3186 2470 assert-ator,
3219 2405 3368 2476 quod
3405 2421 3436 2460 e
3479 2407 3588 2478 By-

1999 2503 2185 2556 zantio
2219 2501 2482 2556 Venetias
2516 2501 2572 2554 in
2606 2499 2814 2554 dictam
2841 2499 3137 2553 ecclesiam
3189 2511 3332 2552 anno
3361 2495 3576 2552 Domini

2001 2593 2141 2646 1246
2177 2593 2533 2656 translatum,
2576 2603 2639 2646 ut
2666 2601 3026 2646 monumenta
3075 2604 3210 2646 mss.
3245 2590 3488 2646 cmnobii
3521 2589 3582 2644 S.

2000 2684 2226 2754 Georgii
2279 2685 2510 2740 habent.
2533 2705 2550 2735 ι

543 3033 776 3138 ΤΟΥ,
845 3035 1386 3121 ΜΕΓΑΛοΥ
1458 3037 1653 3120 ΚΑΙ
1747 3035 2704 3122 ΤΡΙΣΜΑΚΑΡΙΣΤΟΥ
2795 3033 3374 3121 ΕΥΤΥΧῘΟΥ

1272 3218 1368 3268 ΠΑ
1382 3217 1533 3269 ΤΡΙΛ
1545 3215 1673 3268 Ι)Χο
1689 3217 1734 3268 Υ
1777 3217 1970 3271 ΚΩΝΣ
1979 3219 2282 3272 ΤΛΝΤΙΝΟ
2297 3219 2622 3274 ΥΠΟΛΕΩΣ

1157 3383 1518 3500 ΒΙΟΣ
1609 3385 1888 3498 ΚΑΙ
1993 3377 2752 3499 ΠΟΛΙΤΕΙΑ

587 3596 1030 3665 ΙΣΥΓΓΡΔΦΕῘΣ
1064 3595 1222 3650 ΠΑΡ’
1265 3595 1704 3649 ΕΥΣΤΡΑΊΊΟΥ
1744 3594 2248 3650 ΠΡΕΣΒΥΤΕΡοΥ
2283 3595 2636 3651 ΤΔΠΕΙΝΟΥ
2671 3599 2904 3654 ΑΥΤΟΥ
2933 3599 3295 3654 ΜΑΘΗΤΟΥ.

913 3901 1287 3992 MAGNI
1372 3903 1524 3988 ΕΤ
1623 3901 2301 3991 BEATISSIMI
2379 3901 2972 3990 EUTYCHII

1111 4093 1212 4156 ΡΑ
1233 4093 1688 4158 ΤΒΙΑΗΟΗΑΞ
1745 4092 1952 4156 CONS
1963 4093 2540 4158 TANTINOPOLI
2551 4093 2774 4166 TANI,

1031 4279 1380 4396 VITA
1521 4279 1706 4444 ET
1849 4280 2868 4398 CONVERSATIO

655 4499 988 4564 SCRIPTA
1036 4499 1140 4558 AB
1183 4499 1636 4562 EUSTRATIO
1684 4499 2206 4562 PRESBYTERO
2259 4501 2544 4562 HUMIIJ
2596 4504 2780 4566 EJUS
2823 4504 3262 4578 DlSClPL’LO.

321 4669 420 4741 (Ex
449 4669 638 4726 codice
667 4685 772 4724 ms.
814 4666 1078 4724 Vaticano
1111 4668 1269 4736 1660,
1304 4625 1604 4738 interprete
1642 4665 2526 4808 D.inpxpgdigel::XBOLIANDIANI,
2563 4679 2599 4723 t.
2637 4669 2880 4738 lApril.,
2914 4669 3093 4724 Latin.
3137 4687 3193 4742 p.
3231 4671 3371 4738 550;
3406 4669 3576 4730 Graio.

1755 5035 2137 5092 PROLOGUS.

388 5173 460 5220 ἂν.
502 5165 716 5236 θερμὸς
769 5168 798 5220 ὁ
845 5165 1006 5233 ζῆλος
1039 5168 1118 5228 εἰς
1167 5169 1265 5236 τὴν
1305 5169 1586 5239 παροῦσαν
1613 5171 1889 5236 ὑπόθεσιν,
1919 5177 1952 5238 ς

2071 5175 2122 5226 1.
2151 5174 2404 5243 Magnum
2441 5173 2605 5228 nobis
2635 5183 3022 5244 argumentum
3063 5173 3416 5243 propositum
3469 5183 3580 5242 est,

315 5253 450 5308 ἀλλὰ
521 5255 728 5324 νωθρὸς
784 5258 812 5307 ὁ
876 5256 1036 5324 λόγος
1090 5257 1170 5320 εἰς
1221 5261 1322 5326 τὴν
1373 5260 1632 5329 τοιαύτην
1695 5261 1894 5330 ἐξήγη-

313 5358 436 5398 σινο
469 5347 730 5415 διάπυρον
781 5345 844 5398 τὸ
903 5347 1180 5417 πρόθυμον
1242 5352 1320 5410 εἰς
1383 5349 1482 5418 τὴν
1521 5353 1892 5420 προκειμένην

311 5437 628 5508 ἔγχεερησιν
648 5477 664 5501 ,
695 5437 812 5490 ἀλλ’
843 5439 876 5508 ὴ
909 5437 1132 5506 γλῶσσα
1179 5440 1595 5511 κατεψυγμένη,
1633 5443 1893 5512 ναρκὼσά

311 5543 370 5580 τε
397 5529 490 5580 καὶ
521 5529 832 5598 μογιλάλος,
861 5529 1224 5600 λογογραφεῖν
1252 5531 1446 5602 ἀνδρὸς
1480 5532 1717 5600 μεγάλου
1759 5533 1888 5585 Θαυ-

315 5623 656 5694 ματουργίας
719 5623 814 5676 καὶ
875 5622 1150 5676 πολιτείαν
1180 5623 1410 5695 ἀρίστην
1462 5624 1535 5694 μὴ
1563 5623 1841 5694 δυναμένη
1873 5641 1884 5654 ·

2001 5265 2100 5318 sed
2133 5265 2366 5320 facultas
2401 5265 2584 5320 tenuis
2615 5266 2682 5318 ad
2713 5265 3107 5334 explicandum
3137 5265 3376 5321 sufﬁcit:
3421 5267 3585 5324 ardet

1999 5356 2239 5414 animus.
2275 5357 2374 5410 sed
2405 5357 2592 5426 lingua
2627 5355 2809 5426 friget,
2833 5371 2934 5412 nec
2961 5373 3226 5413 enarrare
3252 5367 3438 5429 potest
3492 5376 3586 5416 res

1999 5444 2356 5498 admirandas
2383 5455 2438 5498 et
2469 5446 2676 5515 Optime
2702 5448 3010 5501 institutam
3035 5450 3218 5518 magni
3256 5449 3362 5502 viri
3390 5451 3584 5510 vitam.

1999 5533 2284 5605 Cogitatio
2314 5539 2496 5605 ampla
2527 5547 2632 5602 est,
2663 5540 2760 5592 sed
2807 5540 2976 5594 dictio
3007 5551 3282 5612 angusta:
3321 5542 3495 5596 multa
3517 5542 3594 5597 ad

1999 5623 2275 5679 Davidicze
2312 5627 2482 5681 turris
2523 5626 2948 5686 aediﬁcationem
3001 5632 3249 5690 materia
3305 5631 3592 5700 suppetit:
