3982 6206
458 304 603 367 2275

463 417 560 469 sed
590 413 930 468 architectus
960 412 1116 467 adest
1146 413 1467 482 inexpertus
1490 429 1552 466 ac
1581 413 1756 468 rudis.
1787 414 2022 468 Verum~
2052 414 2103 472 A

462 514 643 560 tamen
668 506 876 576 prtebet
914 506 1196 568 Dominus,
1225 507 1353 574 quia
1378 507 1520 560 Deus
1541 507 1915 575 omnipotens,
1940 523 2030 560 sa-

461 599 723 666 pientiam
745 597 1156 666 insipientibus,
1182 605 1238 649 et
1259 598 1502 666 suggerit
1524 597 2032 667 evangelizantibus

461 690 694 744 verbum
739 689 946 744 virtute
968 691 1178 753 multa;
1217 689 1476 757 idemque
1515 689 1689 759 digito
1714 705 1838 752 suo,
1871 689 1922 742 id
1948 698 2034 744 est

461 782 673 852 Spiritu
707 792 1098 844 sancto,aures
1126 779 1417 834 surdorum
1453 781 1657 848 aperit:
1687 789 1743 834 et
1763 782 2029 850 linguam,

459 875 552 926 vix
586 884 681 928 aut
715 889 785 926 ne
822 873 913 924 vix
962 871 1187 940 quidem
1234 871 1495 926 mobilem
1545 873 1613 925 ad
1666 873 2030 941 loquendum,

461 964 722 1017 disertam
751 963 932 1015 reddit
968 963 1014 1015 is
1041 963 1136 1032 qui
1159 973 1340 1032 potest
1365 979 1432 1016 ex
1459 963 1737 1033 lapidibus
1759 965 2031 1018 suscitare

461 1055 604 1108 ﬁlios
629 1054 882 1110 Abrahae.
905 1054 1033 1108 Scio
1061 1055 1227 1108 etiam
1246 1055 1558 1124 quod,cum
1587 1056 1745 1109 dives
1768 1057 1824 1109 in
1848 1056 2033 1109 omni-

461 1146 564 1199 bus
588 1147 680 1206 sit,
715 1145 787 1198 ita
811 1145 1289 1214 suscipiatobolos
1313 1146 1471 1207 duos.
1505 1157 1567 1201 ut
1596 1149 1762 1202 etiam
1799 1164 1937 1203 auro
1975 1158 2032 1202 et

461 1239 678 1308 topazio
708 1253 806 1292 eos
858 1238 1159 1308 praeferat:
1210 1253 1334 1291 nam
1381 1255 1487 1292 nec
1524 1241 1754 1295 calicem
1803 1242 2028 1310 quidem

460 1345 614 1398 aqua:
665 1328 902 1398 frigidae,
939 1337 1152 1382 tantum
1191 1329 1245 1382 in
1278 1330 1505 1384 nomine
1537 1331 1797 1400 discipuli
1843 1331 2030 1387 datum

461 1430 886 1491 aspernaturum
923 1437 980 1474 se
1011 1422 1286 1490 promisit.
1317 1421 1460 1488 Quid
1519 1424 1686 1493 igitur
1717 1425 2030 1481 absterrere

464 1529 565 1567 nos
594 1513 761 1566 debet
790 1512 860 1565 ab
891 1513 996 1566 hoc
1046 1529 1274 1567 nmnere
1332 1514 1730 1583 suscipiendo?
1753 1516 1833 1570 An
1882 1516 2031 1587 quod

462 1620 523 1658 ea
545 1602 708 1656 nobis
734 1601 879 1655 desit
909 1603 1178 1655 orationis
1207 1603 1390 1671 copia,
1413 1619 1520 1672 qua
1549 1605 1797 1660 divinum
1851 1607 2028 1660 virum

464 1695 737 1764 possimus
770 1709 870 1763 pro
901 1692 1453 1763 dignitatelaudare?
1481 1696 1704 1752 Minime
1739 1714 1891 1753 vero.
1920 1699 2030 1762 Nec

461 1786 630 1850 enim,
669 1785 795 1854 quia
827 1792 1003 1837 totum
1035 1785 1180 1853 quod
1211 1793 1414 1839 terram
1438 1786 1580 1839 inter
1630 1803 1692 1841 ac
1721 1787 1922 1841 cwlum
1947 1794 2031 1838 est

463 1876 701 1944 spatium
732 1873 1030 1944 nequimus
1056 1874 1235 1928 oculis
1284 1875 1528 1938 emetiri,
1573 1876 1755 1946 inquit
1803 1891 2034 1946 magnus

463 1967 724 2029 Basilius,
745 1975 1027 2034 propterea
1048 1965 1308 2020 nolumus
1339 1966 1497 2030 illud,
1517 1977 1786 2036 quantum
1831 1982 2032 2037 possu-

467 2073 610 2120 mus,
641 2055 868 2110 intueri.
901 2055 1092 2125 itaque
1125 2073 1230 2111 nec
1279 2071 1423 2127 cgo,,
1454 2059 1710 2126 quamvis
1765 2057 2036 2112 orationis

462 2151 650 2218 inopia
677 2149 948 2209 laborem.
967 2156 1023 2202 et
1038 2159 1424 2218 argumentum
1447 2149 1667 2206 diﬂicile
1687 2151 2033 2220 propositum

462 2240 554 2302 sit,
579 2238 883 2307 amplectar
909 2238 1084 2291 otium
1116 2237 1369 2308 ignavum
1406 2250 1572 2308 atque
1625 2239 1812 2306 iners;
1850 2255 2032 2310 neque

465 2329 533 2381 iis
563 2327 936 2389 assimilabor,
963 2326 1056 2396 qui
1090 2337 1320 2396 propter
1352 2328 1612 2382 timorem
1645 2338 1810 2398 atque
1857 2330 2035 2398 impe-

464 2421 648 2474 ritiam
681 2419 764 2474 rei
793 2419 1049 2480 nauticas,
1081 2420 1200 2472 solo
1236 2420 1404 2473 maris
1451 2429 1675 2489 aspectu
1705 2421 1786 2474 sic
1817 2433 2034 2475 terren-

385 2551 396 2566 .
463 2517 574 2572 tur,
609 2519 792 2563 utnec
824 2506 1193 2576 experimenti
1225 2507 1452 2577 quidem
1485 2525 1651 2564 causa
1706 2510 1882 2563 littori
1911 2525 2037 2579 pro-

464 2600 702 2670 pinquas
730 2599 910 2652 undas
953 2599 1224 2668 attingere
1270 2599 1531 2653 audeant.
1590 2600 1782 2654 Potius
1828 2601 2036 2655 auxilio

461 2691 569 2743 viri
606 2689 909 2744 beatissimi
949 2687 1143 2751 fretus,
1178 2689 1425 2742 conabor
1459 2705 1558 2758 pro
1605 2691 1822 2744 viribus
1871 2692 2035 2744 satis-

465 2783 648 2836 facere
697 2781 884 2835 studio
929 2781 1300 2849 populorum:
1331 2796 1473 2850 quos
1520 2782 1636 2835 scio
1686 2782 1793 2836 hoc
1855 2784 2034 2835 solum

465 2871 810 2936 desiderare,
836 2870 983 2940 quod
1026 2870 1171 2940 apud
1227 2887 1313 2925 me
1345 2887 1644 2941 pauperem
1693 2873 2034 2943 reperietur,

466 2971 780 3016 nonautem
814 2970 1082 3030 quantum
1111 2960 1200 3015 isti
1231 2963 1350 3015 viro
1380 2961 1642 3016 debetur.

2061 1749 2105 1807 Β

536 3149 588 3203 9..
621 3150 764 3204 Sane
805 3165 914 3202 non
963 3148 1376 3220 suscipiebatur
1407 3165 1437 3202 a
1484 3150 1596 3204 Deo
1653 3153 1826 3215 solus,
1865 3153 1910 3208 is
1939 3155 2034 3222 qui
2067 3096 2109 3152 ι’

469 3241 673 3294 vitulos
707 3241 978 3309 pretiosos
1007 3249 1062 3294 et
1095 3257 1228 3296 oves
1259 3240 1538 3296 offerebat
1571 3242 1641 3296 ad
1676 3245 2036 3311 sacriﬁcium,

465 3332 561 3385 Sed
618 3331 858 3384 similam
894 3340 950 3385 et
997 3339 1270 3386 turturem
1313 3349 1536 3403 quoque
1587 3343 1644 3389 et
1700 3335 2036 3404 columbam,

468 3439 636 3492 parva
682 3422 907 3492 quidem
965 3431 1022 3476 et
1078 3423 1230 3486 vilia,
1285 3440 1426 3494 pura
1471 3433 1658 3480 tamen
1710 3433 2039 3486 munuscula

467 3513 1090 3569 uﬂ'erenslaudabatur:
1115 3515 1421 3570 aestimatur
1459 3518 1610 3572 enim
1658 3523 2041 3592 unusquisque

469 3624 534 3662 ex
558 3623 624 3662 eo
655 3607 803 3677 quod
830 3607 1017 3673 liabet,
1043 3623 1156 3661 non
1181 3623 1292 3676 quo
1323 3618 1494 3664 caret.
1546 3609 1896 3682 Quapropter
1946 3615 2042 3669 illo

468 3701 712 3755 conlisus
761 3699 857 3769 qui
893 3698 1071 3753 dixit:
1127 3699 1273 3766 «Qui
1310 3701 1508 3769 quatrit
1551 3703 1784 3768 invenit,
1816 3715 1874 3760 et
1922 3707 2044 3776 pul-

470 3793 614 3847 santi
647 3791 936 3860 aperietur
966 3791 1020 3856 ';
1053 3810 1072 3843 ι
1099 3791 1232 3847 licet
1257 3809 1365 3848 non
1409 3795 1656 3866 ignorem
1705 3798 2042 3868 imperitiam

471 3899 674 3948 meam,
714 3883 1010 3952 explicabo
1070 3892 1253 3938 tamen
1305 3887 1489 3956 magni
1524 3887 1691 3958 lmjus
1737 3891 1844 3944 viri
1889 3901 2041 3962 gesta

469 3975 768 4046 praeclara;
795 3975 881 4029 vel
909 3975 1096 4044 potius
1112 3975 1483 4046 peritioribus
1514 3979 1656 4034 dabo
1692 3983 2040 4038 occasionem

473 4066 730 4122 laudandi
756 4082 909 4132 eum,
943 4067 1038 4137 qui
1068 4068 1218 4123 omni
1245 4068 1408 4124 laude
1429 4072 1686 4141 superior
1703 4082 1812 4138 est,
1838 4076 2045 4144 quique

469 4161 589 4228 ipse
642 4159 746 4212 sibi
781 4167 868 4212 est
903 4159 1025 4213 laus
1069 4160 1330 4216 maxima.
1377 4162 1666 4230 Siquidem
1712 4173 1775 4219 ut
1827 4167 2046 4235 sapiens

473 4251 571 4314 ait,
609 4270 626 4300 ι
655 4252 961 4319 Argentum
986 4251 1217 4320 ignitum
1237 4262 1323 4306 est
1343 4252 1696 4324 linguajusti,
1721 4265 1778 4309 et
1796 4257 1940 4311 labia
1960 4273 2048 4312 re-

471 4349 693 4393 ctorum
753 4339 964 4393 stillant
1001 4341 1214 4410 gratias
1244 4342 1342 4393 'zi
1382 4357 1451 4396 ex
1477 4344 1598 4412 ejus
1649 4345 1800 4398 enim
1836 4347 2046 4402 veraci-

1499 308 1560 366 S.
1600 303 1962 366 EUTYCHII
1996 300 2496 363 PATRIARCIIEE
2535 302 2642 360 ΟΡ.

3566 301 3660 365 227

2129 414 2358 466 πλατεῖα
2392 416 2424 483 ή
2480 413 2679 472 ἔννοια,
2713 411 2828 465 ἀλλ’
2863 412 2895 478 ή
2955 408 3158 479 φράσις
3202 413 3361 480 στενή
3393 428 3408 443 ο
3434 411 3698 483 ,δαψιλεῖς

2132 505 2186 556 αἱ
2215 503 2345 556 ὕλαι
2380 504 2514 574 πρὸς
2545 502 2832 571 οἰκοδομὴν
2861 499 2954 553 τοῦ
2986 501 3195 569 πύργου
3227 502 3408 564 Δαυῒδ,
3435 504 3552 558 ἀλλ’
3574 505 3696 560 ἄσο-

2133 612 2229 662 φος
2263 595 2601 663 ἀρχιτέκτων
2641 591 2754 658 ἐγὼ
2782 591 2878 644 καὶ
2907 592 3195 661 οἰκοδόμος
3227 592 3470 660 ἄπειρος.
3501 597 3698 651 llam-

2131 686 2374 749 δύναμος
2428 683 2485 735 δὲ
2520 683 2724 752 Κύριος
2752 685 2780 734 6
2807 683 2961 744 Θεὸς,
2997 685 3025 735 6
3055 685 3292 751 ἀσόφους
3346 686 3582 752 σοφίζων
3613 691 3701 742 καὶ

2131 777 2304 838 διδοὺς
2339 777 2560 844 ῥήματα
2588 776 2699 835 τοῖς
2728 773 3239 842 εὐαγγελιζομένοις
3263 776 3493 843 δυνάμει
3516 780 3698 850 πολλῇ,

2131 867 2363 934 ἀνοίγων
2394 867 2491 935 μὲν
2517 861 2630 918 ῶτα
2667 866 2866 933 κωφῶν
2898 864 2974 934 τῷ
3006 865 3200 917 ἑαυτοῦ
3239 867 3518 938 δακτύλῳ,
3549 889 3703 922 τουτ-

2133 961 2278 1011 έστιν
2308 957 2384 1025 τῷ
2419 958 2560 1026 ἁγίῳ
2590 957 2890 1025 Πνεύματι,
2920 958 3135 1026 τρανῶν
3161 957 3220 1009 δέ
3250 958 3504 1025 γλῶσσαν
3525 961 3704 1013 δυσκί-

2132 1067 2312 1116 νητον,
2342 1049 2374 1118 ἢ
2409 1049 2610 1118 μᾶλλον
2644 1048 2817 1100 εἰπεῖν
2849 1047 3127 1116 ἀκίνητον,
3161 1050 3188 1102 6
3215 1051 3306 1102 καὶ
3338 1052 3403 1102 ἐκ
3425 1052 3588 1106 λίθων
3616 1054 3704 1106 δυ-

2132 1142 2366 1208 νάμενος
2393 1140 2608 1211 ἐγεῖραι
2642 1138 2809 1192 τέκνα
2843 1139 2921 1208 τῷ
2961 1139 3231 1210 Ἀϐραάμ.
3264 1138 3393 1194 Οἶδα
3442 1143 3696 1198 πλούσιόν

2132 1248 2273 1295 τινα,
2309 1233 2403 1282 καὶ
2419 1231 2514 1282 δύο
2540 1231 2972 1301 προσδεχόμενον
3041 1231 3266 1294 ὀϐολοὺς
3317 1233 3454 1304 ὑπὲρ
3489 1237 3704 1303 χρυσίον

2132 1324 2226 1374 καὶ
2291 1321 2568 1386 τοπάζιον,
2631 1322 2722 1374 τὸν
2760 1324 2893 1392 μηδὲ
2933 1325 3188 1394 ποτήριον
3232 1324 3423 1390 ὓδατος
3477 1325 3701 1400 ψυχροῦ,

2131 1414 2411 1482 διδόμενον
2439 1415 2603 1484 μόνον
2632 1416 2711 1477 εἰς
2741 1415 2911 1484 ὄνομα
2935 1415 3207 1486 μαθητοῦ,
3233 1417 3707 1490 ἀποστρεφόμενον

2133 1503 2380 1555 πώποτε.
2415 1503 2479 1555 Τί
2513 1501 2606 1555 οὖν
2637 1520 2652 1566 ;
2683 1503 3003 1573 ὀκνήσωμεν
3039 1503 3180 1574 πρὸς
3227 1505 3318 1557 τὸν
3350 1509 3708 1578 προκείμενον

2133 1596 2358 1656 σκοπὸν,
2394 1594 2582 1663 ἐπειδὴ
2642 1593 2714 1663 μὴ
2761 1593 2967 1646 ἔνεστιν
2996 1596 3126 1664 ἡμῖν
3157 1595 3386 1666 δύναμις
3438 1598 3531 1651 τοῦ
3585 1598 3711 1652 κατ’

2134 1686 2289 1750 ἀξίαν
2322 1686 2502 1754 λέγειν
2533 1687 2662 1755 περὶ
2699 1686 2794 1738 τοῦ
2825 1686 2974 1739 θείου
3004 1687 3230 1754 ἀνδρόςς
3266 1689 3514 1754 οὐδαμῶς
3534 1707 3549 1724 ο
3584 1691 3708 1744 οὗτε

2138 1777 2268 1844 γὰρ,
2310 1777 2498 1846 ἐπειδὴ
2545 1778 2636 1828 τὸν
2684 1777 2886 1846 μεταξύ
2939 1778 3167 1848 οὐρανοῦ
3214 1796 3271 1830 τε
3303 1782 3394 1833 καὶ
3422 1783 3523 1848 γῆς
3547 1783 3711 1835 τόπον

2134 1869 2386 1936 διαδῆναι
2417 1871 2529 1929 τοῖς
2557 1869 2856 1938 ὀφθαλμοῖς
2883 1869 3002 1922 ὅλον
3029 1868 3426 1940 ἀδυνατοῦμεν,
3453 1871 3524 1934 ῶς
3543 1890 3712 1941 φησιν

2136 1959 2164 2009 6
2195 1960 2370 2030 μέγας
2405 1959 2712 2022 Βασίλειος,
2746 1960 2846 2030 ήδη
2877 1961 2969 2013 καὶ
2999 1961 3124 2013 ὅσον
3149 1961 3430 2030 δυνάμεθα
3472 1963 3710 2034 καθορᾷν

2137 2050 2578 2122 παραιτούμεθα.
2644 2050 2782 2103 Οὔτε
2807 2051 2933 2121 μὴν,
2966 2051 3150 2120 ἐπειδὴ
3181 2051 3301 2106 λίαν
3337 2054 3539 2123 ὑψηλὸς
3564 2059 3590 2108 6
3622 2057 3712 2107 λό-

2136 2158 2232 2211 γος
2267 2142 2411 2213 ἐμοὶ,
2443 2143 2536 2194 καὶ
2585 2143 2901 2206 δυσέφικτος
2939 2143 2971 2210 ή
3029 2143 3489 2215 ἐγχείρησις,τὴν
3533 2147 3711 2214 ἀργὴν

2139 2235 2233 2288 καὶ
2272 2236 2550 2304 ἄπρακτον
2586 2233 2795 2298 σιωπὴν
2821 2232 3216 2301 ἀγαπήσωμεν,
3247 2233 3435 2303 ῶσπερ
3468 2235 3515 2286 oi
3545 2235 3714 2287 δειλοὶ⁹

2138 2327 2232 2380 καὶ
2278 2322 2731 2393 ἀπειροθάλαττοι
2759 2362 2773 2386 ,
2809 2322 2858 2375 οἳ
2891 2323 3024 2392 πρὸς
3076 2324 3244 2393 μόνην
3290 2325 3390 2394 τὴν
3435 2324 3556 2393 δψιν
3607 2325 3714 2394 τῆς

2139 2417 2410 2484 θαλάττης
2440 2414 2900 2485 ἀπαγορεύοντες,
2929 2414 3053 2467 οὔτε
3086 2415 3279 2485 πείρας
3301 2416 3485 2469 ἕνεκεν
3511 2421 3715 2488 μικρᾶς

2135 2511 2262 2572 τοὺς
2302 2508 2584 2575 αἰγιαλοὺς
2621 2505 2939 2577 περιπλέειν
2985 2506 3285 2576 ἀνέχονται.
3319 2507 3475 2578 Αὐτῷ
3531 2507 3586 2561 δέ
3627 2509 3714 2578 τῷ

2137 2602 2592 2674 τρισμακαρίστῳ
2619 2601 3008 2662 πιστεύσαντες
3042 2602 3141 2670 τὴν
3185 2600 3500 2671 ἐγχείρησιν
3521 2640 3538 2664 ,
3567 2602 3714 2655 κατὰ

2139 2695 2370 2762 δύναμιν
2416 2696 2482 2763 τῇ
2514 2692 2624 2745 τῶν
2657 2691 2801 2744 λαῶν
2829 2691 3142 2763 εὐφροσύνῃ
3187 2694 3487 2761 παρασχεῖν
3520 2710 3716 2762 πειρα-

2140 2787 2324 2854 θῶμεν
2351 2784 2411 2836 τὸ
2441 2783 2896 2853 σπουδαζόμενον.
2930 2784 3260 2852 Ἐπίσταμαι
3286 2785 3394 2852 γάρ
3421 2783 3500 2836 ὅτι
3523 2785 3719 2836 τοσοῦ-

2139 2896 2228 2930 τον
2260 2875 2699 2946 ἀγαπηθήσεται,
2729 2875 2825 2943 οὐχ
2858 2875 2981 2926 ὅσον
3015 2874 3210 2944 ἐκείνῳ
3246 2875 3326 2945 τῷ
3369 2875 3588 2945 μεγάλῳ
3617 2877 3718 2928 καὶ

2141 2968 2414 3037 θεσπεσίῳ
2461 2965 2759 3033 ὀφείλεται,
2793 2965 2907 3020 ἀλλ’
2942 2966 3064 3021 ὅσον
3104 2966 3232 3038 παρ’
3263 2967 3386 3036 ἐμοὶ
3424 2967 3720 3037 εὐρεθήσευ

2141 3076 2230 3112 ται
2268 3058 2347 3128 τῷ
2382 3056 2597 3125 πένητι.

2214 3152 2280 3220 β’.
2311 3150 2385 3202 Οὐ
2421 3149 2527 3218 γὰρ
2557 3149 2767 3211 ἐκεῖνος
2800 3147 2957 3218 μόνος
2980 3148 3273 3212 ἀπόδεκτος
3295 3145 3362 3220 ἦν
3391 3149 3543 3219 παρᾶ
3573 3148 3719 3219 Θεῷ,

2141 3246 2168 3296 ὁ
2203 3242 2436 3311 μόσχους
2479 3240 2810 3309 πολυτίμους
2864 3241 2960 3292 καὶ
3016 3239 3267 3309 πρόϐατα
3330 3241 3591 3300 ὡσαύτως
3637 3243 3724 3300 είς

2143 3333 2337 3387 θυσίαν
2377 3332 2727 3402 προσφέρων,
2761 3330 2874 3383 ἀλλ’
2907 3337 2936 3384 6
2956 3332 3049 3384 καὶ
3084 3329 3366 3399 σεμίδαλιν
3398 3329 3632 3401 τρυγόα
3659 3346 3724 3382 τε

2143 3427 2239 3479 καὶ
2281 3421 2629 3496 περιστερὰν,
2665 3424 2734 3476 τά
2769 3423 2939 3493 μικρά
2979 3421 3074 3474 καὶ
3102 3421 3285 3489 ὀλίγου
3317 3420 3466 3484 ἀξια,
3500 3419 3726 3490 καθαρὰ

2141 3517 2198 3570 δὲ
2249 3517 2397 3586 ὅμως
2428 3515 2720 3588 προσάγων
2774 3513 3058 3576 ἐπαινετός
3086 3528 3100 3544 ⁸
3133 3511 3270 3566 καθὸ
3301 3512 3411 3583 γάρ
3439 3511 3554 3582 ἔχει
3593 3529 3706 3575 τις,

2143 3607 2560 3680 εὐπρόσδεκτος,
2588 3607 2647 3660 οὐ
2678 3604 2812 3658 καθὸ
2847 3605 2947 3658 οὐκ
2979 3603 3114 3674 ἔχει,
3144 3604 3473 3673 γέγραπται.
3519 3604 3729 3674 Θαῤῥῶ

2143 3698 2236 3752 οὖν
2259 3697 2414 3767 κάγὼ
2443 3699 2521 3761 είς
2565 3699 2656 3750 τὶν
2686 3697 2930 3760 εἰπόντα,
2963 3696 3040 3758 ὠς
3081 3713 3100 3747 ι
3150 3694 3208 3748 '0
3248 3694 3428 3765 ζητῶν
3470 3695 3726 3765 εὑρίσκει

2146 3793 2242 3844 καὶ
2273 3791 2348 3861 τῷ
2373 3789 2622 3860 κρούοντι
2654 3790 2998 3857 ἀνοιγήσεται
3035 3803 3047 3815 °
3088 3805 3108 3838 ι
3154 3787 3248 3840 καὶ
3286 3787 3336 3839 εί
3365 3787 3433 3839 τὰ
3487 3787 3730 3856 μάλιστα

2147 3881 2334 3951 σαφῶς
2385 3882 2686 3950 ἐπίσταμαι
2733 3881 2832 3948 τὴν
2862 3878 3056 3931 ἑαυτοῦ
3107 3879 3398 3942 ίδιωτείαν,
3430 3878 3544 3931 ἀλλ’
3571 3880 3735 3948 ὅμως

2145 3973 2330 4042 τολμῶ
2362 3972 2621 4042 βραχεῖαν
2647 3971 2909 4042 ἐξήγησιν
2943 3969 3048 4024 τῶν
3079 3969 3522 4040 κατορθωμάτων
3565 3971 3735 4039 ποιή-

2149 4065 2346 4118 σασθαι
2363 4066 2458 4116 τοῦ
2483 4062 2718 4132 μεγάλου
2749 4063 2940 4132 ἀνδρός
2964 4079 2980 4094 ο
3009 4062 3210 4132 μᾶλλον
3229 4062 3284 4115 δὲ
3309 4063 3534 4133 παρέχω
3553 4065 3736 4135 ἀφορ-

2153 4155 2258 4226 μὴν
2289 4157 2401 4216 τοῖς
2435 4153 2769 4223 ἐπιθυμοῦσι
2793 4155 2886 4208 καὶ
2903 4153 3226 4222 δυναμένοις
3252 4155 3603 4223 ἐγκωμιάσαι
3630 4155 3737 4206 τὸν
3815 4193 3828 4196 -

2152 4245 2528 4313 πολυπόθητον
2558 4244 2652 4296 καὶ
2681 4244 2975 4313 ἐγκωμίων
3001 4243 3274 4312 ἀνώτερον
3294 4282 3309 4307 ,
3341 4243 3501 4296 αὐτὸν
3545 4245 3738 4315 ἐαυτῷ

2150 4337 2233 4399 εις
2279 4337 2500 4389 ἔπαινον
2549 4334 2918 4408 ἐπαρκοῦντα,
2946 4333 3090 4388 κατά
3136 4335 3228 4388 τὸν
3255 4335 3484 4403 λέγοντα
3523 4335 3729 4403 Σοφὸν,
3768 4387 3772 4398 ,

475 4426 578 4481 bus
621 4427 975 4482 sermonibus
1036 4427 1234 4498 ingens
1289 4431 1554 4498 splendor
1603 4434 1858 4504 refulget.
1892 4436 2041 4492 Sicut

2159 4447 2178 4479 ι
2224 4428 2502 4498 Ἀργυρος
2538 4427 2938 4506 πεπυρωμένος
2964 4425 3188 4494 γλῶσσα
3210 4425 3442 4489 δικαίου,
3479 4426 3573 4478 καλ⁵
3617 4427 3742 4496 χεί-

475 4515 647 4585 igitur
679 4514 990 4568 illustratur
1012 4515 1094 4569 sol
1126 4517 1372 4585 prepria,
1405 4534 1515 4572 non
1569 4522 1752 4578 aliena
1783 4525 1934 4592 luce;
1971 4527 2047 4582 ita

475 4619 584 4658 nec
627 4619 885 4673 maguum
933 4604 1087 4658 orbis
1153 4605 1342 4660 lumen
1394 4606 1700 4680 doctorque
1747 4612 2049 4685 Eutychius

477 4696 716 4750 aliorum
747 4705 872 4764 eget
899 4693 1185 4758 laudibus,
1219 4704 1283 4749 ut
1335 4699 1666 4755 ostendatur
1711 4701 1885 4759 fuisse
1925 4721 2051 4776 per-

479 4787 692 4843 lectus:
726 4802 906 4858 neque
925 4801 1071 4858 opus
1102 4795 1189 4843 est
1220 4786 1510 4860 imponere
1552 4789 1606 4848 'ei
1639 4807 1902 4850 coronam
1931 4797 2051 4868 glo-

478 4879 576 4934 riae
601 4879 828 4934 aliunde
848 4887 1129 4950 acceptam
1153 4897 1168 4942 ;
1201 4881 1334 4950 quia
1356 4881 1501 4937 sicut
1530 4882 1686 4953 juxta
1719 4887 2047 4957 prophetam

476 4969 646 5023 David
670 4987 681 5021 :
721 4987 737 5018 ι
763 4967 956 5023 Omnis
984 4969 1156 5038 gloria
1189 4967 1319 5022 filia:
1365 4971 1512 5040 regis
1535 4973 1605 5025 ab
1631 4973 1782 5029 intus
1811 4977 2053 5032 circum-

476 5061 600 5114 data
643 5060 914 5114 varietate
965 5061 1006 5121 ³,
1035 5079 1051 5109 ι
1112 5060 1184 5113 ita
1220 5060 1470 5114 divinum
1521 5062 1657 5116 illud
1704 5081 1766 5119 ac
1828 5081 2047 5123 sacrum

475 5163 642 5219 caput
665 5151 926 5204 omnibus
953 5140 1222 5204 virtutum
1249 5152 1546 5221 generibus
1569 5155 1896 5212 adornatum
1929 5170 2046 5225 est;

481 5240 737 5309 idemque
767 5241 918 5294 velut
954 5239 1210 5293 sublimis
1239 5243 1493 5309 quzedam
1532 5243 1714 5299 facula
1736 5287 1749 5310 ,
1777 5256 2049 5317 perpetuo

480 5331 738 5398 splendet
770 5330 1030 5385 omnibus
1069 5331 1122 5384 in
1158 5331 1265 5385 hoc
1311 5331 1439 5386 vitae
1492 5335 1686 5405 pelago
1743 5338 2053 5407 naviganti-

481 5418 604 5478 bus.
637 5419 705 5472 ad
757 5435 921 5488 quam
972 5419 1338 5488 respicientes
1405 5422 1457 5474 in
1518 5423 1935 5478 securissimum
1988 5441 2052 5480 ac

481 5510 842 5578 tranquillum
874 5521 1094 5580 portqu
1125 5511 1476 5565 deducantur
1510 5513 1779 5581 quieturi.

556 5686 572 5716 ί
607 5685 829 5751 Lucan,
863 5688 944 5741 10.
987 5692 1006 5722 ι
1042 5691 1204 5743 Prov.
1239 5706 1290 5754 ι,
1317 5688 1403 5744 2U.
1487 5691 1504 5720 '
1531 5690 1675 5745 Psal.
1715 5709 1856 5761 XLI",
1900 5692 2064 5755 ιιι,εῖ›.

2145 4519 2212 4590 λη
2259 4519 2468 4588 ἀνδρῶν
2527 4519 2752 4573 δικαίων
2791 4517 3090 4582 ἀποστάζει
3140 4519 3372 4588 χάριτας
3400 4534 3414 4548 ·
3451 4537 3470 4569 ι
3499 4508 3772 4588 τοιαύτηί

2146 4613 2256 4680 γὰρ
2289 4613 2321 4679 ἡ
2352 4610 2440 4664 διὰ
2460 4611 2571 4663 τῶν
2605 4609 2820 4679 ἀληθῶν
2852 4609 3036 4662 αὐτῶν
3063 4610 3236 4676 λόγων
3258 4606 3768 4680 ἀπαστράπτουσα’

2147 4699 2470 4772 λαμπηδὼν.
2501 4698 2638 4752 Οὔτε
2670 4694 2764 4752 οὖν
2813 4698 2966 4769 ἣλιος
3015 4696 3076 4762 ἐξ
3099 4696 3264 4754 ἄλλον
3297 4697 3473 4766 φωτὸς
3519 4714 3739 4751 καταυα-

2149 4791 2453 4862 γαζόμενος
2514 4780 2907 4860 λαμπρότερος’
2961 4785 3260 4850 δείκνυται,
3334 4786 3450 4840 ἀλλ’
3517 4787 3745 4841 οῐκοθεν

2157 4881 2270 4951 ἔχει
2320 4879 2382 4934 τὸ
2427 4878 2542 4949 φῶς
2567 4896 2581 4912 ο
2615 4879 2725 4932 οὐδ’
2784 4876 2852 4932 αὖ
2887 4878 3052 4932 πάλιν
3075 4881 3105 4931 6
3139 4877 3313 4948 μέγας
3353 4878 3582 4950 φωστὴρ
3639 4880 3750 4931 καὶ

2155 4971 2477 5034 διδάσκαλος
2539 4970 2639 5039 τῆς
2685 4969 3012 5039 οἰκουμένης
3065 4969 3354 5038 Εὐτύχιος,
3407 4970 3746 5040 ἀλλοτρέους

2156 5063 2408 5123 ἐπαίνους
2441 5059 2846 5130 ἐρανιξόμενος,
2877 5061 3082 5122 τέλειος
3112 5061 3512 5123 ἀναδείκνυται,
3540 5063 3572 5131 ἢ
3607 5063 3743 5115 στέ-

2159 5170 2322 5217 φανον
2381 5152 2536 5220 δόξης
2596 5151 2744 5222 αὐτῴ
2777 5152 2975 5216 ἔξωθεν
3023 5153 3375 5223 περιτίθεμεν
3399 5193 3413 5217 ,
3442 5154 3598 5215 ἀλλὰ,
3631 5172 3749 5204 κα.-

2157 5243 2263 5307 θὼς
2291 5244 2319 5296 6
2373 5245 2660 5315 προφήτης
2712 5243 2877 5296 Δαυΐδ
2925 5260 3112 5312 φησιν,
3153 5262 3173 5296 ι
3210 5245 3366 5298 Πᾶσα
3391 5246 3424 5314 ἡ
3469 5245 3599 5308 δόξα
3633 5245 3749 5313 τῆς

2157 5336 2438 5405 θυγατρὸς
2492 5335 2588 5388 τοῦ
2645 5334 2909 5406 βασιλέως
2971 5336 3176 5388 ἔσωθεν
3237 5336 3674 5406 πεποικιλμένη’
3725 5355 3750 5388 ι

2151 5427 2293 5479 οὕτω
2323 5428 2552 5499 κάκείνη
2574 5430 2606 5498 ή
2627 5427 2745 5481 θεία
2773 5444 2832 5481 τε
2863 5429 2957 5481 καὶ
2986 5429 3110 5499 ίερά
3142 5427 3354 5499 κεφαλὴ
3376 5429 3472 5480 καὶ
3501 5429 3571 5480 τὰ
3596 5430 3759 5482 πάν-

2149 5535 2215 5572 τα
2259 5519 2382 5588 ἐμοὶ
2441 5495 2740 5590 σεόασμία,
2778 5521 2958 5574 πᾶσαν
2996 5495 3095 5592 τήν
3151 5495 3353 5591 ἀρετὴν
3382 5520 3768 5589 ἐγκολπωσα-
