3982 6206
505 261 650 324 2279

1541 263 1600 323 S.
1645 258 2010 320 EUTYCHII
2047 259 2553 322 PATRIARCILE
2591 263 2700 323 CP.
3089 297 3114 310 κ

3629 268 3768 338 228(

501 380 611 426 test
649 372 922 425 inveniri?
947 387 1055 440 quo
1080 380 1137 426 et
1175 373 1522 426 habitatores
1547 389 1616 427 ex
1653 372 1766 426 Deo
1807 379 1992 432 nacta,
2029 378 2086 424 et

2201 371 2456 442 Βνὸματος
2483 376 2830 448 ἐντιμότερον
2863 395 2877 442 ς
2931 378 2994 432 ἐκ
3031 378 3167 432 Θεοῦ
3201 380 3604 436 συνοικισθεῖσα
3627 424 3642 446 ,
3680 386 3768 439 κα*

497 464 754 518 divinum
781 465 960 517 virum
1013 465 1315 533 protulisse
1357 463 1720 532 signiﬁcatur,
1761 471 1858 516 aut
1903 460 2089 532 potius

503 559 677 624 ipsam
716 557 1190 626 nuncupationem
1223 557 1562 626 prophetico
1592 555 1834 626 quodam
1885 555 2086 625 spiritu

504 657 727 714 propter
779 647 960 716 ipsum
1023 648 1368 718 suscepisse:
1398 648 1493 716 qui
1563 650 1732 701 etiam
1773 645 1995 715 dignam
2034 645 2087 699 ei

503 737 742 791 contulit
770 739 1226 802 retributionem,
1256 755 1414 792 muro
1449 739 1622 808 ipsam
1677 737 2086 809 inexpugnabili

505 827 876 888 circumdatis,
914 829 1136 897 quando
1187 829 1242 882 in
1275 845 1337 883 ea
1373 813 1664 898 \teinplum
1718 829 2086 899 gloriosorum

505 919 872 987 quadraginta
899 929 1210 990 martyrum
1238 921 1524 984 excitavit,
1571 921 1962 990 multipliciter
2005 921 2088 975 σί-

509 1011 720 1076 liciens,
757 1021 818 1067 ut
847 1012 1105 1066 divinant
1161 1013 1440 1083 quoddam
1508 1015 1785 1084 refugium
1827 1023 1976 1069 esset
2020 1015 2088 1068 ad

506 1103 870 1171 plurimarum
929 1103 1242 1157 animarum
1277 1103 1512 1156 salutem
1549 1145 1562 1166 ,
1617 1117 1812 1156 eorum
1863 1103 2092 1172 potissi-

507 1207 656 1245 mum
696 1193 1116 1261 quisolitariam
1149 1205 1314 1263 atque
1370 1193 1678 1263 angelicam
1739 1195 1905 1246 vitam
1955 1195 2089 1246 inibi

507 1285 1005 1354 amplecterentur.
1042 1287 1212 1340 Porro
1264 1303 1390 1342 cum
1443 1288 1496 1340 in
1535 1303 1598 1340 ea
1651 1286 1878 1356 regione
1919 1287 2090 1340 multa

509 1376 719 1430 zizania
747 1377 816 1430 ab
843 1377 1075 1432 inituico
1109 1379 1336 1432 humani
1379 1379 1604 1450 generis
1650 1390 1766 1433 sata
1798 1395 2087 1434 excresce—

513 1479 658 1532 rent,
717 1469 994 1524 haeretica:
1047 1472 1270 1540 inquam
1321 1473 1624 1541 pravitatis
1669 1473 1960 1542 germina;
1997 1487 2094 1541 pa-

511 1571 698 1617 rentes
753 1562 919 1630 hujus
986 1564 1164 1616 sancti
1229 1571 1614 1632 apparuerunt
1680 1563 2093 1632 splendidiores

511 1653 698 1714 astris,
728 1653 898 1705 verba
922 1653 1050 1706 vita}
1079 1653 1368 1718 habentes,
1403 1664 1458 1707 et
1523 1669 1747 1708 onmem
1789 1667 2090 1709 venenata-

511 1759 633 1796 rum
667 1744 970 1796 bestiarum
993 1745 1258 1798 virtutem
1318 1748 1742 1801 conculcantes:
1800 1759 2026 1817 accepta
2063 1764 2090 1800 a

511 1837 680 1889 Patre
717 1836 993 1890 luminum
1020 1845 1296 1906 potestate
1321 1839 1646 1892 ambulandi
1681 1853 1848 1908 super
1871 1839 2094 1907 aspides

509 1937 568 1983 et
599 1931 922 1999 scorpiones
947 1939 1002 1984 ct
1031 1946 1254 1984 omnem
1287 1933 1590 2000 potentiam
1645 1933 1879 1986 inimici.

582 2021 633 2076 5.
669 2021 805 2088 Quis
833 2021 1084 2076 eamdem
1115 2039 1237 2077 cum
1272 2023 1392 2092 ipso
1423 2023 1658 2092 patriam
1693 2033 1908 2086 nactus,
1931 2039 2092 2078 avum

513 2109 676 2182 hujus
707 2111 1029 2180 priestantis
1065 2113 1168 2166 viri
1233 2114 1450 2183 ipsique
1496 2115 1888 2184 cognominem
1929 2115 2083 2184 igno-

515 2203 634 2257 rat?
659 2203 1019 2274 Eutychium,
1057 2205 1303 2275 inquam.
1332 2216 1387 2260 et
1421 2207 1570 2260 inter
1601 2207 1924 2262 sacerdotes
1954 2223 2095 2278 pra:-

513 2295 836 2363 tulgentem,
877 2303 934 2348 et
957 2295 1192 2364 gratiam
1229 2295 1492 2364 ejicicndi
1527 2295 1813 2350 daemones
1843 2299 2094 2350 morbos-

511 2401 622 2454 que
663 2385 895 2439 curandi
918 2395 1139 2439 nactum
1180 2401 1210 2438 a
1241 2385 1374 2448 Deo,
1409 2402 1572 2455 quem
1607 2387 1692 2442 vel
1743 2387 1949 2440 intueri
1983 2387 2094 2442 for-

515 2477 800 2532 midabant
824 2477 1004 2530 vexati
1032 2478 1100 2531 ab
1133 2478 1371 2547 impuris
1405 2479 1724 2548 spiritibus,
1771 2495 1880 2532 non
1911 2481 2100 2534 valen-

518 2581 598 2623 tes
629 2567 864 2622 sullerre
891 2569 1298 2637 promicantem
1351 2585 1420 2622 ex
1471 2571 1592 2640 ejus
1619 2571 1776 2623 vultu
1837 2571 2094 2640 gratiam,

513 2663 645 2730 quin
673 2661 856 2716 statim
881 2671 1216 2715 corruerent
1237 2677 1412 2730 caque
1437 2661 1843 2732 facerent,qu:e
1869 2679 2102 2719 consue-

515 2770 644 2807 vere
666 2752 950 2806 innnundo
976 2753 1196 2822 spiritui
1225 2753 1549 2823 traditi.per
1577 2753 1672 2808 Dei
1695 2756 2097 2824 providentiam

515 2843 570 2897 in
607 2844 887 2898 interitum
919 2845 1124 2910 carnis,
1163 2854 1222 2898 ut
1252 2847 1481 2914 spiritus
1515 2847 1702 2899 salvus
1747 2847 1840 2900 liat
1875 2847 1926 2900 in
1970 2847 2100 2901 lior-

517 2935 690 2989 rendo
712 2933 910 3005 judicii
944 2933 1068 2988 die:
1106 2935 1311 3004 quibus
1341 2937 1421 2988 sic
1447 2936 1833 2991 laborantibus
1854 2939 2101 2993 clemens

2189 465 2330 516 θεῖον
2360 463 2526 536 ἄνδρα
2557 469 2974 536 προαγαγοῦσα,
3011 469 3044 542 ἢ
3080 471 3281 541 μᾶλλον
3311 475 3521 537 είπεῖν,
3553 473 3640 529 διὰ
3679 475 3762 528 τοι

2190 553 2360 626 ἄνδρα
2408 560 2498 608 καὶ
2536 557 2633 627 τὴν
2667 559 2856 628 κλῆσιν
2887 559 3091 632 ταύτην
3153 549 3482 636 προφητικῷ
3503 567 3571 634 (ι)
3605 566 3762 620 πνεύ·

2193 663 2324 716 ματι
2359 648 2704 717 προλαϐοῦσα
2729 665 2744 678 ·
2771 651 2919 715 ὅστις
2963 650 3248 718 θεσπέσιος
3296 655 3434 725 ἀνὴρ
3468 656 3629 722 ἀξίως
3673 659 3762 712 αύ-

2190 739 2286 808 τὴν
2314 739 2810 810 ἀνταμειψάμενος,
2825 747 3001 812 τεῖχος
3021 745 3158 814 αὐτῇ
3181 746 3492 816 περιλαϐὼν
3509 751 3768 819 ἀρῤαγὲς,

2175 832 2316 882 -ναδν
2349 832 2645 900 ἀνέστησεν
2674 835 2730 886 ἐν
2771 836 2906 905 αὐτῇ
2950 837 3053 888 τῶν
3083 837 3278 904 Ἀγίων
3307 843 3398 892 καὶ
3427 837 3764 894 Καλλινίγων

2191 923 2502 994 Μαρτύρων
2547 925 2654 977 τῶν
2699 927 3125 997 τεσσαράκοντα,
3167 923 3522 998 πολυτρῦπως
3548 935 3606 985 τὸ
3630 933 3774 986 θεῖον

2193 1015 2537 1086 θεραπεύσας
2590 1018 2943 1088 καταφύγιον,
2982 1022 3075 1072 καὶ
3129 1023 3402 1092 σωτηρίαν
3435 1023 3616 1092 ψυχῶν
3671 1023 3778 1090 μὲν

2194 1109 2507 1178 ὑπάρχοντα
2559 1109 2792 1174 πολλῶν,
2831 1111 3124 1182 ἐξαιρέτως
3171 1111 3229 1165 δὲ
3277 1115 3384 1165 τῶν
3435 1113 3778 1182 βουλομένων

2193 1203 2283 1256 τὸν
2311 1203 2600 1271 ἀγγελικδν
2634 1205 2727 1256 καὶ
2761 1205 2976 1275 μονήρη
3004 1203 3116 1274 βίον
3137 1203 3512 1259 ἀσπάσασθαι.
3557 1207 3780 1260 Πολλῶν

2193 1293 2286 1348 οὖν
2332 1297 2501 1350 ὄντων
2536 1298 2593 1348 ἐν
2623 1299 2686 1368 τῇ
2719 1297 2858 1368 αὐτῇ
2901 1297 3055 1368 χώρᾳ
3083 1297 3192 1351 τῶν
3223 1299 3555 1366 ἐκφυὲντωυ,
3589 1303 3653 1354 ἐκ
3673 1301 3776 1354 τοῦ

2195 1386 2455 1454 πολεμίου
2479 1385 2573 1439 τοῦ
2602 1387 2791 1454 γένους
2821 1386 2932 1438 τῶν
2965 1387 3287 1456 ἀνθρώπων,
3315 1387 3566 1452 ζιζανίων
3590 1429 3606 1454 ,
3631 1389 3783 1458 λέγω

2193 1477 2256 1545 δὴ
2304 1477 2402 1548 τὴν
2433 1477 2540 1530 τῶν
2585 1477 2881 1548 αἱρετικῶν
2910 1478 2986 1548 (d)
3020 1479 3219 1550 λύμην,
3273 1481 3532 1553 ὤφθησαν
3572 1483 3621 1536 οί
3677 1484 3782 1536 τοῦ

2199 1571 2437 1640 μεγάλου
2469 1572 2792 1640 γεννήτορες
2824 1571 3127 1640 φωστήρων
3167 1571 3551 1644 ὑπέρλαμπρον.
3571 1615 3587 1640 ,
3618 1573 3786 1642 λόγον

2198 1662 2343 1726 ζωῆς
2361 1662 2670 1732 ἐπέχοντες,
2687 1663 2780 1714 καὶ
2797 1663 2977 1714 πᾶσαν
2993 1661 3087 1732 τὴν
3099 1663 3206 1714 τῶν
3229 1663 3447 1716 ἰοϐόλων
3461 1663 3663 1734 θηρίων
3677 1682 3790 1718 κα-

2197 1771 2262 1806 τα
2271 1755 2411 1823 πατή
2421 1741 2610 1814 σαντες
2633 1753 2885 1824 δύναμιν,
2911 1753 3022 1825 τῆν’
3033 1755 3190 1819 ἐξουσ
3201 1755 3282 1806 ίαν
3297 1753 3550 1820 λαϐόντες
3567 1757 3790 1811 ἄνωθεν

2198 1851 2350 1915 παρὰ
2380 1843 2474 1896 τοῦ
2513 1845 2723 1914 Πατρός
2769 1843 2877 1896 τῶν
2917 1843 3111 1912 φώτων
3157 1845 3349 1896 πατεῖν
3387 1843 3572 1897 ἐπάνω
3599 1843 3790 1912 ὄφεων

2199 1938 2291 1989 καὶ
2313 1937 2609 2006 σκορπίων,
2627 1937 2716 1988 καὶ
2737 1935 2828 1988 ἐπὶ
2847 1937 3026 1988 πᾶσαν
3043 1933 3138 2006 τὴν
3155 1935 3284 1988 δύυα
3293 1953 3386 2004 μιν
3403 1934 3494 1988 τοῦ
3526 1935 3790 2006 Ἐχθροῦ.

2271 2029 2333 2082 ε’.
2365 2029 2462 2090 Τίς
2493 2029 2602 2100 γὰρ
2632 2028 2740 2080 τῶν
2777 2029 2877 2098 τὴν
2929 2027 3094 2080 αὐτοῦ
3135 2027 3372 2097 πατρίδα
3417 2027 3797 2100 κληρωσαμέ-

2199 2141 2305 2176 νων
2363 2121 2633 2191 ὴγνόησεν
2683 2120 2773 2174 τὸν
2821 2120 3146 2190 προπάτορα
3194 2120 3290 2172 καὶ
3334 2118 3625 2190 ὁμώνυμον
3681 2119 3790 2175 τοῦ

2200 2219 2450 2282 γενναίου
2495 2211 2718 2283 ἀνδρὸς,
2763 2210 3022 2280 Εὑτύχιον
3067 2209 3158 2261 τὸν
3220 2210 3418 2279 μέγαν,
3451 2211 3542 2262 τὸν
3595 2212 3692 2263 καὶ
3723 2211 3796 2265 ἐν

2202 2303 2411 2373 ἱερεῦσι
2463 2300 2861 2373 διαλάμποντα,
2900 2301 2988 2352 καὶ
3013 2301 3175 2369 χάριν
3199 2297 3430 2350 λαϐόντα
3462 2300 3615 2368 παρὰ
3643 2298 3790 2352 Θεοῦ

2198 2397 2460 2466 δαίμονας
2476 2365 2780 2456 ἐκθάλλείν,
2805 2393 2898 2444 καὶ
2925 2393 3112 2454 νόσους
3137 2391 3268 2461 θερα
3281 2391 3492 2454 πεύεινς
3513 2391 3571 2443 ὃν
3597 2391 3800 2462 ἔφριτ-

2200 2503 2290 2538 τον
2346 2485 2440 2538 καὶ
2498 2481 2556 2546 ἐξ
2616 2483 2786 2550 αὐτῆς
2842 2481 2937 2550 τῆς
2987 2481 3114 2542 θέας
3165 2479 3214 2531 οἱ
3265 2479 3643 2550 ἐνοχλούμενοι
3679 2479 3804 2532 ὑπὸ

2204 2574 2528 2644 πνευμάτων
2585 2571 2930 2642 ἀκαθάρτων,
2965 2573 3056 2624 καὶ
3109 2571 3185 2641 μὴ
3245 2572 3534 2642 δυνάμενοι
3592 2573 3804 2643 φέρειν

2200 2669 2299 2738 τὴν
2349 2667 2854 2738 ἁπαστράπτουσαν
2901 2667 3064 2736 χάριν
3120 2665 3214 2718 τοῦ
3265 2665 3560 2732 προσώπου
3590 2665 3799 2729 αὑτοῦ,

2205 2761 2548 2830 παραχρῆμα
2605 2757 2958 2822 κατέπιπτον,
3017 2759 3202 2808 ἐκεῖνα
3260 2749 3574 2819 ποιοῦντες,
3639 2757 3808 2827 ᾶπερ

2203 2851 2323 2914 ἔθος
2353 2835 2472 2903 ἐστὶ
2500 2851 2671 2902 ποιεῖν
2701 2849 2828 2911 τοὺς
2863 2847 3326 2917 παραδιδομένους
3371 2851 3482 2910 τοῖς
3537 2849 3810 2919 ἀκαθάρ-

2201 2959 2316 3002 τοις
2341 2939 2637 3008 πνεύμασι,
2659 2941 2798 2991 κατά
2811 2956 2928 2990 τινα
2945 2935 3078 2990 Θεοῦ
3097 2937 3431 3008 οἰκονομίαν,
3454 2939 3533 3000 εἰς
3560 2939 3812 3010 ὄλεθρον

513 3037 570 3082 et
593 3029 914 3082 misericors
944 3029 1110 3088 Deus.
1137 3043 1243 3081 non
1275 3029 1463 3082 sitiens
1490 3045 1606 3092 eos,
1643 3030 1736 3098 qui
1783 3032 2094 3086 tentatione

2202 3035 2302 3104 τῆς
2331 3033 2533 3102 σαρκὸς
2570 3031 2656 3084 ἴνα
2685 3030 2743 3082 τὸ
2775 3029 2992 3100 πνεῦμα
3019 3032 3163 3100 σωθῇ
3193 3031 3248 3081 ἐν
3281 3033 3346 3101 τῇ
3375 3030 3580 3101 φοϐερᾷ
3601 3031 3818 3104 ἡμέρᾳ,

521 3121 849 3186 probantur,
875 3121 1062 3174 vexari
1091 3136 1257 3189 supra
1287 3121 1340 3173 id
1372 3121 1520 3188 (luod
1547 3131 1800 3189 possunt,
1821 3137 1948 3175 cum
1977 3133 2096 3176 ten-

515 3213 746 3268 tationis
785 3223 1056 3282 proventu
1085 3213 1352 3266 medelam
1387 3213 1676 3276 alJerebat,
1712 3230 1814 3282 per
1839 3215 1943 3268 viri
1971 3232 2097 3268 san-

514 3307 592 3359 cti
658 3321 857 3360 manus
905 3306 1042 3374 ipsis
1101 3305 1410 3374 impositas.
1453 3307 1530 3359 Ex
1591 3308 1695 3361 hac
1757 3305 2095 3361 sacerdotali

518 3399 705 3453 radice
735 3399 1032 3468 pullulavit
1055 3398 1188 3462 filia,
1213 3400 1432 3452 nomine
1459 3399 1718 3471 Synesia,
1749 3409 1934 3470 reapte
1967 3401 2096 3456 huic

513 3509 632 3549 suae
661 3489 1020 3564 appellationi
1069 3494 1434 3564 respondens,
1465 3503 1656 3564 utpote
1717 3511 1850 3550 vere
1895 3481 2094 3549 etTecta

513 3586 825 3655 prudentiae
852 3593 1063 3640 mater:
1102 3599 1225 3654 qua:
1259 3599 1384 3639 eum
1433 3593 1582 3640 recte
1641 3585 1876 3640 educata
1903 3586 2094 3640 adole-

515 3679 711 3740 visset,
767 3687 1088 3746 opportuno
1132 3686 1380 3746 tempore
1429 3679 1726 3746 conjuncta
1755 3687 1842 3734 est
1896 3677 1950 3731 in
1987 3679 2095 3732 Do-

519 3771 673 3824 mino
736 3786 859 3823 cum
903 3771 1025 3823 viro
1066 3769 1354 3824 simillimo
1408 3771 1661 3824 moribus
1695 3785 1758 3825 ac
1810 3787 1999 3838 sensu,
2039 3784 2098 3826 ut

512 3877 581 3914 ea
603 3873 723 3930 qua:
741 3861 910 3930 paulo
937 3871 1060 3931 post
1078 3860 1444 3925 deducemus,
1483 3861 1819 3917 ostendunt.

2203 3127 2304 3195 τῆς
2362 3125 2599 3195 κρίσεως
2633 3139 2647 3152 ·
2705 3121 2819 3175 ἀλλ’
2869 3123 2897 3174 ὁ
2941 3119 3322 3192 φιλάνθρωπος
3371 3122 3465 3174 καὶ
3531 3123 3816 3192 ἐλεήμων

2201 3217 2352 3278 Θεὸς,
2385 3217 2414 3267 ὁ
2449 3220 2526 3285 μὴ
2579 3211 2720 3283 ὑπὲρ
2765 3212 2997 3281 δύναμιν
3057 3212 3358 3282 συγχωρῶν
3417 3213 3814 3283 πειρασθῆναι

2199 3307 2326 3369 τοὺς
2357 3305 2412 3356 ἐν
2467 3303 2757 3373 πειρασμῷ
2807 3303 3122 3370 γεγονότας,
3185 3303 3280 3355 σὺν
3313 3303 3379 3374 τῇ
3409 3303 3635 3356 ἐκϐάσει
3697 3307 3814 3358 τοῦ

2203 3395 2538 3468 πειρασμοῦ,
2588 3397 2682 3449 καὶ
2733 3395 2830 3462 τὴν
2867 3395 3010 3446 ἴασιν
3037 3395 3148 3456 τοῖς
3204 3395 3471 3464 κάμνουσι
3522 3398 3818 3468 παρεῖχεν

2201 3493 2289 3546 διά
2349 3494 2646 3555 ἐπιθέσεως
2695 3489 2804 3542 τῶν
2865 3489 3064 3559 χειρῶν
3117 3487 3208 3540 τοῦ
3264 3489 3412 3540 ὁσίου
3438 3487 3653 3558 ἀνδρὸς.
3701 3491 3820 3546 Ἐκ

2202 3587 2460 3654 τοιαύτης
2501 3585 2678 3637 τοίνυν
2709 3582 2988 3652 ἱερατικῆς
3031 3579 3190 3652 ῥίζης
3237 3579 3484 3651 θυγάτηρ
3511 3581 3820 3653 ἐϐλάστη-

2205 3697 2297 3730 σεν
2327 3675 2566 3746 τοῦνομα
2597 3675 2845 3734 Συνεσία,
2872 3671 3211 3744 φερωνύμως
3260 3673 3428 3735 ὖντως
3485 3673 3582 3724 καὶ
3647 3674 3816 3746 ὅπερ

2201 3770 2418 3836 ἐγένετο
2453 3765 2826 3838 προκληθεῖσα
2849 3781 2862 3794 ·
2901 3763 3168 3827 συνέσεως
3207 3763 3315 3833 γὰρ
3349 3763 3564 3834 ἀληθῶς
3589 3765 3818 3835 γέγονε

2206 3865 2410 3936 μήτηρ.
2447 3859 2596 3929 Α’ύτη
2641 3857 2820 3912 τοίνυν
2854 3855 3034 3918 καλῶς
3083 3855 3354 3926 τραφεῖσα
3383 3873 3440 3907 τε
3484 3857 3579 3909 καὶ
3613 3859 3820 3930 αὐξη-

510 3951 689 4011 θεῖσα,
723 3953 898 4021 καιρῷ
927 3953 1002 4020 cf)
1057 3951 1229 4004 δέοντι
1274 3951 1578 4021 ἁρμόζεται
1641 3953 1793 4021 παρέι
1840 3953 2042 4024 Κυρίου
2094 3956 2250 4025 ἀυδρὶ
2290 3952 2584 4024 ὁμοτρόπῳ
2621 3949 2716 4000 καὶ
2765 3943 3148 4016 ὀμογνώμονι,
3190 3945 3265 4008 ὡς
3319 3944 3514 4016 μικρὸν
3551 3945 3820 4020 ὕστερον

511 4043 584 4098 τὰ
623 4043 749 4112 περὶ
778 4043 942 4097 αὑτοῦ
971 4044 1364 4115 διαληιξνόμεθα.

585 4135 638 4189 6.
679 4135 802 4188 llaec
830 4134 1084 4202 concepit
1118 4149 1182 4188 ac
1210 4134 1400 4202 genuit
1437 4133 1607 4188 lilium
1641 4137 2090 4208 primogenitum,

516 4226 845 4297 Eutychium
877 4239 1132 4294 magnum
1165 4225 1532 4294 patriarcham
1563 4245 1576 4281 :
1611 4239 1904 4298 antequam
1945 4231 2091 4284 enim

518 4317 748 4384 ﬁngeret
795 4331 1017 4369 servum
1051 4329 1214 4367 suum
1259 4315 1314 4368 in
1364 4325 1523 4370 utero
1555 4317 1720 4380 Deus,
1759 4321 1912 4374 novit
1943 4337 2092 4386 cum,

515 4419 572 4468 et
613 4419 907 4477 antequam
942 4408 1118 4461 exiret
1173 4407 1240 4460 de
1289 4408 1477 4472 vulva,
1511 4411 1896 4476 sanetilieavit.
1929 4421 2094 4482 atque

2273 4143 2348 4201 ς’.
2380 4133 2728 4190 Συλλαδοῢσα
2785 4133 2987 4196 τοίνυν,
3040 4131 3206 4202 γεννᾷ
3241 4133 3358 4185 υἱὸν
3406 4133 3816 4202 πρωτότοκον.

2205 4229 2464 4297 Εὖτύχιον
2495 4227 2582 4280 τὸν
2617 4226 2792 4296 μέγαν
2825 4223 3193 4294 πατριάρχηνο
3227 4224 3332 4296 πρὸ
3378 4223 3468 4276 τοῦ
3491 4225 3603 4296 γὰρ
3641 4229 3818 4284 πλεῖ-

2205 4339 2295 4373 σαι
2321 4320 2412 4372 τὸν
2445 4316 2638 4370 ἐαυτοῦ
2671 4317 2982 4386 θεράποντα
3012 4313 3146 4376 Θεὸς
3193 4317 3252 4367 ἐν
3279 4313 3456 4385 κοιλίᾳ
3495 4316 3818 4387 ἐπίστατο,

2204 4413 2298 4464 καὶ
2325 4409 2430 4480 πρὸ
2452 4409 2543 4462 τοῦ
2579 4407 2812 4474 ἐξελθεῖν
2846 4405 3008 4458 αὐτὸν
3035 4405 3100 4458 ἐκ
3131 4407 3346 4475 μήτρας
3377 4407 3634 4474 ἡγίασεν,
3703 4413 3820 4466 καὶ

2201 4501 2458 4553 ἐκάλεσεν
2489 4499 2548 4550 τὸ
2600 4497 2771 4567 ὄνομα
2811 4495 2990 4559 τοῦτο,
3023 4497 3104 4546 ὅτι
3135 4493 3228 4558 οὓς
3257 4497 3524 4566 προέγνω,
3553 4497 3818 4566 τούτους

2199 4593 2292 4644 καὶ
2321 4591 2601 4650 ἐκάλεσεν,
2634 4588 2726 4650 οὓς
2749 4587 2806 4640 δὲ
2832 4589 3112 4649 ἐκάλεσεν,
3138 4585 3358 4652 τούτους
3388 4587 3478 4641 καὶ
3501 4589 3818 4653 ἐδόξασεν.

2197 4685 2462 4754 Μακαρία
2489 4685 2522 4753 ἡ
2547 4681 2886 4752 βαστάσασα,
2923 4681 3006 4732 ὅτι
3041 4669 3283 4734 τοιούτου
3321 4681 3528 4751 Harpe;
3555 4683 3820 4750 γέγονεν

2203 4776 2405 4846 μήτηρ,
2439 4775 2540 4826 οὐκ
2591 4773 2812 4826 ἔλαττον
2849 4771 2948 4841 τῆς
2985 4773 3186 4840 ’Λννης
3229 4771 3476 4839 ὀφθεῖσα,
3513 4773 3642 4826 καθ’
3719 4779 3822 4834 ὅτι

2199 4871 2293 4920 καὶ
2327 4867 2488 4920 πλέον
2521 4865 2777 4934 Σαμουὴλ
2801 4858 2926 4919 ὦδε.
2958 4863 3020 4916 Ἦ
3051 4864 3149 4934 μὲν
3199 4865 3308 4934 γὰρ
3338 4864 3610 4934 ὑπέσχετο
3641 4867 3822 4940 λαμ-

2202 4963 2440 5014 ὅάνουσα
2473 4958 2672 5010 διδόναι
2699 4955 2817 5024 Θεῷ
2847 4955 2938 5008 τὸν
2964 4953 3024 5019 ἐξ
3053 4955 3226 5024 αὐτῆς
3271 4957 3594 5026 τικτόμενον
3643 4963 3814 5015 υἱόνο

2200 5049 2354 5106 εἶπεν
2413 5051 2524 5120 γάρ
2555 5049 3074 5118 ἁνθομολογουμένη
3129 5047 3210 5118 τῷ
3261 5049 3476 5119 Κυρίῳ,
3509 5051 3594 5103 ὅτι
3655 5053 3814 5109 Ἐὰν

2197 5145 2350 5214 δοίης
2403 5158 2494 5212 μοι
2549 5141 2770 5210 σπέρμα
2806 5139 3020 5208 ἀνδρὸς,
3055 5139 3212 5192 δώσω
3247 5139 3408 5192 αὐτὸν
3453 5141 3608 5194 δοτὸν
3641 5145 3812 5198 ἐνώ-

2199 5237 2320 5290 πιόν
2357 5251 2451 5288 σου
2477 5235 2656 5295 πάσας
2674 5231 2772 5294 τὰς
2797 5231 3008 5302 ἡμέρας
3031 5229 3194 5284 αὐτοῦ
3222 5246 3234 5258 ·
3269 5229 3408 5300 αὕτη
3427 5231 3484 5284 δὲ
3513 5232 3576 5284 τὸ
3593 5237 3814 5303 μεῖζον

517 4505 623 4562 hoc
644 4503 692 4556 ei
729 4516 925 4556 nomen
961 4501 1259 4570 imposuit:
1289 4517 1429 4570 quos
1450 4503 1598 4556 enim
1621 4505 1896 4574 praescivit
1927 4505 2091 4570 Deus,

519 4595 620 4648 hos
667 4605 723 4645 et
755 4591 1008 4652 vocavit;
1048 4607 1188 4660 quos
1228 4603 1412 4644 autem
1463 4595 1699 4656 vocavit,
1739 4595 1838 4648 hos
1881 4605 1938 4649 et
1967 4611 2094 4649 san-

511 4684 780 4742 etiﬂeevit
806 4685 844 4736 ‘.
867 4683 1030 4736 Beata
1067 4697 1206 4738 sane
1231 4695 1354 4752 que
1383 4685 1618 4754 gestavit
1658 4685 1834 4748 illum.
1865 4697 1922 4741 et
1955 4687 2094 4740 tanti

514 4778 696 4836 Patris
739 4785 913 4834 mater
961 4773 1062 4828 fuit
1096 4791 1108 4825 :
1137 4773 1273 4828 nihil
1323 4774 1514 4842 utique
1547 4774 1727 4828 minor
1757 4775 1934 4840 Anna,
1965 4777 2096 4846 quia

513 4871 646 4945 plus
665 4882 826 4938 quam
869 4865 1088 4922 Samuel
1111 4866 1222 4920 hic.
1261 4865 1357 4920 Illa
1385 4866 1838 4936 obstringebatur
1863 4869 2096 4923 Domino

513 4975 844 5018 consecrare
889 4955 1060 5012 lilium
1091 4974 1254 5028 quem
1297 4958 1631 5026 peperisset;
1666 4975 1788 5014 nam
1821 4959 1932 5014 Deo
1957 4975 2090 5028 sup-

514 5055 774 5128 plicans:
821 5052 877 5106 Si
919 5051 1162 5113 dederis,
1213 5049 1414 5118 inquit,
1467 5050 1604 5104 mihi
1668 5067 1854 5106 semen
1905 5052 2085 5118 virile,

514 5146 852 5202 consecrabo
899 5147 1076 5214 ipsum
1125 5144 1178 5196 in
1219 5152 1518 5211 conspectu
1561 5153 1657 5196 tuo
1681 5144 1944 5198 oninibus
1967 5144 2088 5198 die-

515 5240 620 5298 bus
647 5242 772 5296 vita:
799 5240 920 5310 eius
954 5257 966 5292 :
1005 5248 1088 5292 ast
1124 5239 1300 5308 majus
1323 5237 1585 5307 quiddam
1621 5237 1738 5292 haec
1765 5238 1913 5300 fecit,
1941 5239 2086 5306 quod

593 5343 612 5369 ⁸
635 5341 796 5394 Rom.
837 5353 956 5400 vin,
977 5336 1068 5390 ‘29.

1689 5402 1916 5457 \‘Altle
1961 5400 2346 5456 LECTIONES
2396 5399 2484 5453 ET
2519 5395 2753 5452 NOTAS.

587 5521 656 5592 (ε)
689 5517 1034 5592 Ecgrapltum
1057 5527 1312 5592 nostrum
1347 5511 1726 5592 τ-εροφητικῶςΪ

588 5585 666 5664 id)
739 5585 1000 5664 vid-6‘1”;
1023 5588 1300 5664 'f’sf’ic‘ﬂ'c
1327 5585 1684 5664 siluere-sign
1715 5585 2090 5664 Κατειφρύῑας

515 5655 726 5730 ἀρ’(μιιι
759 5659 881 5712 vide
904 5659 933 5710 7
961 5655 1251 5712 Februarii
1277 5657 1340 5710 ad
1383 5655 1562 5710 Vitam
1613 5655 1669 5713 S.
1705 5655 2042 5728 Apollinaris
2072 5675 2084 5712 :

2197 5515 2482 5640 anﬂqpam
2512 5511 2662 5566 illam
2689 5508 2935 5578 quidem,
2973 5507 3072 5564 sed
3103 5517 3286 5564 tamen
3337 5508 3644 5568 identidem
3707 5528 3816 5574 re-

2201 5600 2268 5640 tiu
2319 5603 2350 5639 u
2377 5593 2582 5638 autem.

2201 5593 2582 5652 pullulantem.
