4042 6156
289 225 422 292 2281

1846 250 2044 315 VITA.

3412 260 3552 324 2382

291 342 619 411 πεποίηκεν,
651 345 890 402 λαϐοῦσα
915 349 1112 405 ἔδωκεν
1137 353 1255 424 Θεῷ
1283 356 1394 421 καὶ,
1420 357 1494 428 μὴ
1526 359 1845 430 ὑποσχομένη

1948 366 2184 426 nullius
2229 368 2340 422 voti
2396 368 2658 423 obstricta
2691 370 3020 424 necessitate
3056 369 3227 426 ﬁlium
3259 389 3417 428 suum
3455 377 3553 430 ob-

286 432 382 485 τον
436 435 636 505 ἑαυτῆς
691 440 922 508 καρπόν.
971 442 1174 514 Ἀλλ“ή
1225 445 1324 514 μὲν
1371 447 1464 500 τὸν
1496 449 1748 522 Σαμουὴλ
1789 432 1869 518 είς

290 522 404 617 φῶς
432 528 751 594 προάγουσα
785 533 991 604 μήτηρ,
1031 534 1098 587 δι’
1128 536 1247 600 ἐνὸς
1303 538 1490 603 ἔθνους
1520 542 1614 596 τοῦ
1655 545 1868 617 Ἰσραὴλ

291 615 439 686 ἱερέα
499 619 596 670 καὶ
630 625 918 693 προφήτην
950 627 1049 694 τῆς
1082 627 1212 698 ὅλης
1265 631 1592 706 οἰκουμένης
1633 615 1864 692 ἐτεκνώσ

288 718 439 767 σατο,
477 705 546 758 δι’
598 709 762 778 εὐχῆς
798 710 936 782 αὐτῇ
967 716 1260 783 γενόμενον
1283 732 1297 747 ο
1351 719 1444 772 τοῦ
1477 705 1554 773 δὲν
1583 721 1678 774 νῦν
1701 725 1864 776 ἐπαι-

285 796 546 886 νουμένου
603 800 814 871 [ἰατρὸς
846 805 879 871 ἡ
921 805 1103 876 μήτηρ
1157 807 1384 862 αὐτόθεν
1436 813 1761 882 οἰκουμένης
1793 815 1863 886 (e)

287 883 546 954 ἀρχιερέα
579 889 673 940 καὶ
726 890 945 964 Πατέρα
984 894 1244 965 Πατέρων
1270 897 1454 952 ἔτεκεν
1486 883 1860 974 ἀγιοπρεπῶς,

287 978 380 1028 καὶ
413 978 581 1042 ἀξίως
613 979 714 1049 τῆς
742 983 1016 1048 ὀπτασίας
1040 988 1358 1060 ἀνέθρεψεν.
1398 993 1570 1048 Τοῦτο
1600 998 1708 1068 γὰρ
1741 1001 1866 1071 ἐδή-

287 1066 377 1118 λου
404 1070 500 1121 καί
529 1071 587 1122 τὸ
615 1073 964 1144 περιλάμψαν
996 1079 1164 1149 αὐτὴν
1188 1082 1322 1148 φῶς,
1356 1083 1438 1138 ἔτι
1488 1085 1863 1155 βαστάζουσαν

288 1159 343 1207 ἐν
393 1160 570 1230 κοιλίᾳ
605 1162 665 1212 τὸ
711 1162 929 1232 βρέφος.
987 1170 1297 1239 Διηγήσατο
1357 1177 1487 1245 γὰρ,
1523 1179 1604 1230 ὅτι
1649 1181 1734 1232 Ἐν
1765 1184 1862 1252 μιᾷ

290 1249 463 1312 νυκτὶ,
491 1251 855 1324 ἀνακειμένης
894 1274 996 1326 μου
1025 1262 1083 1312 ἐν
1105 1265 1169 1331 τῇ
1203 1263 1380 1335 κλίνῃ,
1417 1266 1531 1334 φῶς
1573 1256 1715 1338 μέγα
1767 1249 1863 1326 trs;

292 1340 587 1411 ριέλαμψέν
615 1362 682 1412 με
708 1348 801 1399 καὶ
829 1349 926 1418 τὴν
955 1351 1140 1422 κλίνην
1165 1357 1248 1424 ἐφ’
1281 1357 1347 1427 ἣν
1377 1359 1694 1431 ἀνεκείμην,
1718 1363 1860 1418 ὥστε

283 1438 620 1507 ταραχθῆναί
645 1458 711 1507 με
734 1443 796 1495 οὺ
829 1446 1041 1515 μικρῶς
1066 1449 1155 1500 ἐπὶ
1183 1449 1262 1519 τῷ
1300 1453 1435 1522 ξένῳ
1461 1455 1560 1522 τῆς
1591 1457 1856 1528 ὁράσεως,

284 1527 376 1578 καὶ
406 1527 807 1596 διαλογίζεσθαι
845 1536 937 1587 ἐπὶ
991 1538 1147 1602 πολὺ,
1185 1543 1470 1609 λέγουσαν,
1504 1548 1570 1599 Τί
1613 1549 1679 1602 ἂν
1715 1550 1858 1604 Οέλοι

280 1611 416 1670 εἶναι
444 1619 507 1670 τὺ
539 1622 741 1688 φανέν;
779 1626 1130 1697 Προεμήνυεν
1155 1631 1233 1697 δὲ,
1264 1633 1338 1696 ὡς
1368 1631 1541 1706 οἶμαι,
1571 1640 1745 1704 τοῦτο,
1776 1643 1855 1696 ὅτι

1977 458 2102 512 tulit
2136 459 2272 514 Deo.
2306 460 2402 514 Illa
2437 460 2696 530 precibus
2742 463 3117 532 impetratum,
3158 465 3324 520 unius
3372 470 3552 536 gentis

1971 550 2316 606 sacerdotem
2339 560 2395 606 et
2418 553 2742 623 prophetam
2768 554 2919 608 orbis
2947 554 3214 618 universi,
3239 557 3550 613 Samuelem

1971 639 2026 692 in
2052 640 2233 694 lucem
2264 641 2438 696 edidit
2470 659 2484 695 :
2523 643 2657 706 haec,
2691 643 2838 698 illius
2859 659 3021 714 quem
3043 645 3334 700 laudamus
3355 656 3549 711 mater,

1971 729 2118 784 ultro
2150 729 2336 786 datum
2380 733 2546 788 totius
2579 733 2823 788 Orientis
2877 735 3190 804 pontiﬁcem
3227 747 3282 793 et
3331 739 3550 793 Patrem

1969 821 2189 877 Patrum
2222 834 2409 878 sancte
2447 825 2680 894 peperit,
2712 835 2767 880 et
2789 841 3030 898 congrue
3060 829 3108 882 ei
3146 845 3310 898 quam
3345 831 3551 884 habue-

1968 923 2054 967 rat
2106 914 2304 969 visioni
2355 914 2634 970 educavit.
2684 917 2798 972 Hoc
2837 919 2985 972 enim
3024 920 3408 975 manifestabat
3453 923 3546 977 lux

1967 1021 2087 1074 quae
2121 1006 2292 1074 ipsam
2319 1007 2708 1073 cireumfulsit,
2771 1024 2896 1062 cum
2942 1010 2996 1063 in
3041 1019 3200 1065 utero
3235 1011 3406 1067 fetum
3451 1032 3546 1085 ge-

1965 1098 2161 1150 stabat.
2216 1098 2486 1152 Narrabat
2539 1099 2811 1168 siquidem
2871 1099 2938 1154 de
2980 1101 3180 1170 seipsa,
3239 1104 3538 1173 inquiens:

1963 1186 2099 1240 Cum
2152 1197 2313 1242 nocte
2347 1189 2586 1258 quadam
2635 1191 2874 1259 jacercm
2919 1191 2973 1245 in
3025 1192 3190 1256 lecto,
3228 1209 3420 1264 magna
3451 1196 3544 1249 lux

1964 1292 2051 1331 me
2096 1278 2408 1349 lectumque
2441 1280 2495 1334 in
2527 1296 2638 1349 quo
2673 1282 2923 1350 jaeebam
2977 1285 3365 1351 circumfulsit,
3407 1287 3546 1341 adeo

1964 1378 2023 1422 ut
2074 1384 2182 1422 non
2234 1369 2430 1423 leviter
2477 1372 2842 1425 conturbarer
2895 1373 2966 1426 ob
3029 1375 3327 1444 spectaculi
3386 1377 3544 1431 novi-

1965 1469 2153 1522 tatem,
2215 1463 2561 1530 multumque
2606 1463 2904 1532 cogitarem
2962 1464 3198 1518 dicens:
3231 1465 3374 1532 Quid
3428 1468 3546 1522 vult

1963 1551 2069 1605 hoc
2118 1551 2220 1606 sibi
2261 1552 2408 1620 quod
2444 1553 2646 1607 video?
2697 1554 3067 1609 Portendebat
3114 1567 3319 1619 autem,
3349 1568 3411 1612 ut
3443 1575 3544 1629 ego

1962 1643 2223 1707 arbitror,
2269 1644 2534 1698 orituram
2569 1660 2636 1698 ex
2669 1659 2732 1698 ea
2782 1645 2992 1699 stellam
3026 1647 3368 1710 matutinam,
3433 1650 3544 1704 imo

278 1713 306 1762 ὁ
359 1711 420 1775 ἐξ
451 1713 623 1783 αὐτῆς
651 1718 958 1771 ἀνατέλλων
999 1725 1288 1795 φωσφόρος
1337 1704 1534 1800 ἀστὴρ,
1584 1732 1616 1801 ἢ
1654 1733 1845 1802 μᾶλλοκ.

1953 1739 2165 1808 justum
2211 1737 2392 1791 virum
2446 1738 2651 1807 septies
2698 1739 3024 1793 lucidiorem
3073 1741 3222 1807 sole;
3275 1743 3542 1811 quisicnt

275 1805 478 1868 εἰπεῖν,
511 1806 720 1870 δίκαιος
755 1811 1055 1881 ἐκλάμπων
1092 1816 1234 1886 ὑπὲρ
1262 1820 1353 1872 τὸν
1383 1821 1534 1890 ἥλιον
1573 1825 1858 1879 έπταπλάι

275 1911 411 1956 στον,
444 1897 736 1964 φωτίσειεν
767 1903 997 1968 πολλοὺς
1024 1907 1422 1977 καθεζομέλους
1451 1915 1508 1966 έν
1529 1916 1740 1986 ἀγνοίᾳ,
1762 1921 1856 1972 καὶ

277 1989 728 2057 κοιμωμένουςὲν
755 1994 1020 2067 ῥᾳθυμίᾳ,
1045 1998 1118 2062 ὡς
1149 2000 1242 2054 καὶ
1263 2003 1323 2054 τὸ
1340 2004 1511 2074 πέρας
1541 2007 1742 2072 ἔδειξεν
1759 2011 1855 2082 τὴν

275 2078 381 2130 τῶν
413 2082 872 2149 προμηνυθέντων
891 2087 1167 2158 ἀλήθειαν.

345 2167 409 2264 ς’.
441 2169 509 2220 Τί
544 2171 602 2223 δὲ
630 2173 726 2225 καὶ
752 2176 882 2246 περὶ
927 2179 1021 2232 τοῦ
1053 2181 1222 2252 αὐτῆς
1255 2185 1494 2254 συζύγου
1523 2190 1616 2242 καὶ
1647 2193 1854 2264 πατρὸς

273 2258 367 2310 τοῦ
401 2262 639 2328 μεγάλου
685 2267 896 2337 Πατρὸς
924 2269 1034 2323 τῶν
1086 2275 1344 2346 Πατέρων
1391 2278 1672 2350 εἴπωμεν;
1705 2258 1851 2356 τᾸρα

276 2349 733 2437 παραδράμωμεν
766 2355 864 2418 τὰς
912 2358 1006 2410 τοῦ
1046 2362 1238 2433 ἀνδρὸς
1296 2349 1576 2437 ἀριστείας
1609 2375 1705 2428 καὶ
1759 2349 1853 2429 ἀνσ

270 2434 594 2502 δραγαθίας,
625 2441 656 2508 ἦ
695 2444 788 2495 καὶ
816 2448 942 2516 περὶ
967 2451 1130 2504 αὐτοῦ
1159 2471 1280 2508 τινα
1307 2457 1844 2533 βραχυλογήσωμεν;

270 2524 370 2587 Τίς
389 2526 464 2624 ὡς
495 2528 840 2624 Ἀλέξανδρος
863 2536 1039 2606 (τοῦτο
1065 2541 1174 2612 γὰρ
1195 2524 1463 2619 ὄνομα
1484 2524 1682 2624 ἀνδρὶ),
1705 2524 1848 2610 οὕτω

267 2619 537 2683 γενναῖος,
570 2620 714 2675 οὕτω
743 2626 1050 2696 τιμώμενος
1077 2634 1227 2704 παρᾶ
1262 2635 1472 2705 βασιλεί
1503 2660 1561 2694 τε
1604 2645 1698 2698 καὶ
1749 2648 1848 2715 ἄρ-

267 2723 453 2807 χουσις
495 2712 646 2780 παρὰ
689 2714 800 2786 γὰρ
832 2718 910 2789 τῷ
939 2724 1144 2793 αἰωνίῳ
1179 2727 1402 2782 Βασιλεί
1436 2735 1528 2785 καὶ
1559 2735 1676 2803 Θεῷ
1711 2712 1846 2807 δῆλα

265 2798 336 2849 τὲ
367 2801 464 2869 τῆς
512 2804 706 2872 τιμῆς.
755 2809 818 2860 ἐκ
875 2810 966 2864 τοῦ
1001 2814 1380 2886 ἀνατείλαντος
1424 2823 1482 2888 ἐξ
1510 2827 1675 2880 αὐτοῦ
1709 2847 1846 2900 καρ-

266 2889 370 2940 ποῦ
389 2907 400 2918 ·
427 2891 488 2954 ὃς
519 2894 615 2946 καὶ
639 2899 696 2948 ὲν
723 2899 982 2970 πολέμοις
1009 2906 1298 2978 ἀήττητος,
1323 2913 1442 2984 χεὶρ
1469 2912 1538 2984 ἦν
1568 2918 1715 2983 δεξιὰ
1747 2889 1842 2974 τοῦ

265 2981 566 3041 τηνικαῦτα
624 2989 932 3059 στρατηγοῦ
980 2994 1320 3069 (Βελισὰριος
1372 3003 1429 3056 δὲ
1463 3001 1616 3068 οὗτος
1663 3004 1749 3078 ἦν,
1781 3010 1840 3063 ὃν

268 3074 361 3124 καὶ
398 3076 458 3127 ὲν
492 3077 700 3132 πλείονι
736 3086 868 3154 τιμῇ
895 3101 950 3138 τε
1004 3090 1098 3140 καὶ
1130 3091 1258 3161 δόξῃ
1292 3087 1456 3163 εἶχεν,
1490 3100 1617 3162 τοὺς
1658 3104 1714 3154 ὲν
1745 3106 1838 3157 ἁν-

265 3164 586 3232 δραγαθίαις
638 3171 1038 3245 διαπρέψαντας
1071 3183 1315 3247 ἅπαντας
1373 3187 1843 3261 ὑπερϐαλλόμενον

273 3257 412 3309 κατὰ
445 3259 693 3332 κράτος),
731 3268 794 3334 τῇ
823 3267 915 3319 τοῦ
939 3271 1224 3341 σχολαρίου
1258 3257 1621 3350 τετιμημένος
1673 3257 1840 3355 στρα-

273 3349 382 3417 τιᾷ.
415 3352 624 3422 Πολλῆς
672 3351 768 3408 οὖν
816 3359 969 3430 δόξης
999 3365 1150 3432 παρά
1177 3383 1232 3418 τε
1280 3368 1566 3440 βασιλέως,
1596 3380 1748 3447 παρά
1782 3397 1839 3432 τε

265 3439 373 3489 τῶν
399 3442 461 3492 ἐν
496 3442 739 3517 ὑπεροχῇ
793 3449 1084 3519 γενόμενος
1115 3454 1370 3524 ἔμπλεος,
1408 3464 1435 3513 ὁ
1469 3466 1561 3516 καὶ
1588 3467 1681 3519 τοῦ
1705 3470 1840 3539 Χρι-

274 3530 398 3583 στοῦ
457 3534 816 3607 στρατιώτης,
875 3541 1003 3608 παρ’
1052 3544 1266 3609 οὐδενὸς
1298 3551 1475 3604 αὐτῶν
1537 3557 1684 3609 οὐδὲν
1727 3577 1838 3612 τοι-

265 3619 418 3673 οὖτον
452 3625 732 3695 τετίμητο,
765 3623 875 3682 οἷον
903 3631 962 3683 τὸ
1012 3635 1262 3701 γενέσθαι
1297 3642 1459 3695 αὐτὸν
1487 3647 1695 3719 πατέρα
1727 3667 1840 3704 τοι·

265 3709 422 3764 οὐτου
451 3713 662 3784 ἀνδρός.
700 3718 792 3771 Ἐκ
845 3722 1102 3776 τοιούτων
1131 3726 1308 3780 τοίνυν
1341 3709 1704 3806 προπατόρων
1744 3741 1838 3794 καὶ¹
1867 3772 1870 3776 -

267 3805 537 3875 πατέρων,
577 3809 786 3862 πιστῶν
810 3828 869 3863 τε
898 3815 992 3865 καὶ
1015 3815 1311 3885 ὀρθοδόξων
1344 3823 1436 3874 καὶ
1484 3805 1836 3900 θαυματουρ-

261 3893 389 3987 γιῖιν,
419 3896 519 3967 τὴν
545 3899 688 3951 κατά
711 3902 888 3971 σάρκα
915 3905 1169 3974 γέννησιν
1200 3910 1452 3982 ἐσχηκὼς
1481 3916 1509 3967 ό
1538 3893 1836 3987 θαυμάσιος

261 3981 416 4046 οὗτος
465 3990 559 4041 καὶ
618 3993 790 4060 μέγας
842 3994 1131 4067 Εὑτὺχιος,
1165 3981 1684 4080 ὲγαλακτοτροφήθη
1743 3981 1836 4064 καί

259 4080 536 4151 ἀνετράφη
577 4085 668 4136 ὑπ’
717 4087 917 4154 αὐτῶν,
952 4092 1140 4160 μείνας
1175 4099 1303 4167 παρ’
1345 4099 1528 4164 αὐτοῖς
1559 4103 1657 4173 τὴν
1686 4105 1834 4176 πρώο

257 4186 355 4239 την
398 4172 636 4242 ἡλικίαν.

322 4273 391 4334 η’.
419 4267 601 4322 Καλὸν
628 4269 686 4322 δέ
711 4272 858 4326 ἐστιν
893 4275 1023 4347 μηδὲ
1049 4278 1141 4332 τόν
1175 4280 1274 4351 τῆς
1321 4283 1634 4355 ἀνατροφῆς
1667 4287 1832 4341 αὐτοῦ

1958 1827 2141 1881 exitus
2170 1828 2377 1892 docuit,
2424 1828 2817 1898 prmsagiorum
2859 1830 3148 1886 veritatem
3179 1833 3536 1899 conﬁrmans,

1925 1919 2297 1974 «illuminaret
2354 1921 2558 1976 multos
2591 1922 2847 1977 sedentes
2883 1924 2936 1977 in
2991 1925 3324 1995 ignorantia,
3388 1936 3444 1982 et
3481 1929 3537 1983 in

1956 2008 2169 2064 desidia
2212 2011 2460 2082 jacentcs
2507 2013 2795 2068 excitaret.

2027 2192 2078 2244 7.
2119 2191 2258 2257 Quid
2310 2202 2495 2247 autem
2533 2194 2601 2249 de
2628 2195 2831 2249 marito
2878 2196 3046 2267 hujus
3075 2207 3240 2266 atque
3285 2199 3536 2269 genitore

1954 2283 2134 2352 magni
2186 2285 2350 2353 hujus
2395 2285 2619 2338 Patrum
2665 2286 2845 2340 Patris
2874 2287 3159 2343 dicemus?
3190 2288 3533 2344 Pra-elarane

1953 2374 2103 2429 illius
2143 2376 2284 2430 facta
2316 2377 2721 2445 praeteribimus
2749 2378 2993 2442 silentio,
3022 2393 3090 2432 an
3118 2379 3185 2434 de
3215 2397 3282 2434 eo
3312 2396 3533 2451 quoque

1951 2483 2124 2537 pauca
2177 2468 2424 2537 qumdam
2477 2468 2722 2523 breviter
2769 2469 3147 2539 attingemus?
3193 2472 3327 2537 Quis
3376 2491 3533 2544 teque

1951 2572 2252 2626 generosus
2280 2568 2338 2612 ut
2369 2558 2714 2614 Alexander?
2755 2561 2859 2614 hoc
2890 2561 3038 2615 enim
3073 2563 3123 2616 ei
3150 2578 3346 2618 nomen
3378 2575 3528 2632 erat;

1949 2651 2074 2718 quis
2098 2650 2415 2719 imperatori
2447 2661 2612 2723 atque
2647 2654 2993 2724 principibus
3026 2665 3131 2709 tam
3164 2657 3386 2720 charus,
3415 2668 3528 2713 tam
3571 2641 3574 2644 ﬁ

1948 2741 2295 2798 honoratus?
2336 2746 2521 2815 hujus,
2573 2746 2820 2815 inquam,
2871 2747 3055 2800 saaculi
3116 2750 3528 2817 potestatibus:

1946 2843 2152 2888 aeterno
2179 2837 2325 2890 enim
2379 2837 2696 2906 imperatori
2749 2837 2861 2892 Deo
2895 2854 3059 2907 quam
3107 2848 3294 2908 gratus
3337 2839 3527 2905 fuerit,

1948 2927 2044 2980 ﬁlii
2094 2927 2162 2980 ab
2195 2944 2260 2982 eo
2281 2929 2444 2998 geniti
2469 2929 2750 2984 declarant
2779 2929 3042 2984 honores.
3073 2930 3225 3000 Ejus,
3252 2933 3350 3000 qui
3394 2943 3528 2986 tunc

1946 3017 2282 3072 exercitibus
2319 3028 2582 3088 praaerat,
2617 3020 2818 3075 invicta
2857 3030 2978 3075 erat
3017 3021 3073 3075 in
3110 3021 3269 3076 bellis
3303 3023 3526 3078 dextera

1947 3112 2293 3178 (Belisarium
2425 3111 2693 3180 intelligo,
2729 3127 2891 3180 quem
2927 3112 3094 3166 etiam
3137 3112 3252 3182 ipse
3289 3112 3526 3168 faciebat

1945 3202 2189 3271 plurimi,
2237 3212 2293 3256 et
2349 3217 2546 3272 magno
2590 3201 2826 3256 habebat
2872 3203 2928 3256 in
2987 3203 3218 3268 honore,
3269 3212 3328 3258 ut
3380 3204 3527 3260 inter

1944 3303 2204 3347 strenuos
2258 3308 2322 3346 ac
2371 3293 2539 3346 fortes
2588 3292 2738 3346 viros
2785 3302 3137 3361 praestantem
3205 3310 3369 3364 quam
3422 3297 3521 3364 qui

1943 3383 2230 3453 maxime);
2277 3383 2533 3438 scholarii
2569 3383 2765 3438 militia
2797 3386 3102 3441 honoratus
3129 3387 3224 3456 (3).
3261 3386 3524 3453 Quamvis

1941 3483 2126 3528 autem
2177 3483 2233 3528 et
2288 3475 2433 3543 apud
2484 3474 2876 3543 imperatorem
2931 3485 2987 3530 et
3040 3478 3185 3546 apud
3240 3480 3522 3550 principes

1940 3581 2191 3636 magnam
2241 3566 2470 3636 gloriam
2521 3567 2800 3622 obtineret
2851 3569 3056 3623 Christi
3101 3571 3266 3626 etiam
3321 3573 3516 3639 miles;

1940 3658 2089 3712 nulla
2123 3668 2300 3712 tamen
2340 3675 2398 3713 re
2443 3660 2614 3729 magis
2637 3661 2974 3716 venerabilis
3013 3661 3138 3725 fuit,
3181 3678 3344 3732 quam
3370 3665 3516 3733 quod

1941 3750 2065 3804 talis
2115 3750 2210 3804 ﬁlii
2264 3758 2420 3820 pater
2460 3760 2626 3804 esset.
2680 3750 2776 3805 His
2816 3766 2947 3821 ergo
2997 3753 3298 3823 majoribus
3350 3763 3517 3823 atque

1937 3841 2280 3910 parentibus,
2341 3841 2662 3896 hominibus
2709 3857 2840 3896 vero
2875 3841 3206 3898 Christianis
3239 3855 3294 3898 et
3319 3846 3513 3900 ortho-

1939 3931 2095 3986 doxis
2123 3939 2179 3985 et
2213 3931 2548 3986 mirabilium
2583 3932 2939 3988 eﬁ‘ectoribus
2974 3942 3132 3989 ortus
3159 3951 3389 4006 magnus
3424 3937 3515 3991 hic

1937 4034 2100 4092 atque
2129 4023 2398 4077 mirabilis
2422 4024 2759 4094 Eutychius;
2799 4024 2945 4094 apud
2985 4026 3206 4080 eosdem
3245 4027 3514 4082 educatus

1936 4114 2288 4184 nutritusqne
2322 4116 2555 4184 primam
2611 4116 2875 4186 transegit
2924 4117 3219 4172 aetatulam.

2006 4293 2058 4347 8.
2102 4294 2336 4364 Expedit
2371 4305 2552 4350 autem
2598 4311 2708 4350 non
2751 4295 3033 4366 prmierire
3078 4295 3298 4351 silentio
3332 4295 3511 4366 ipsum

253 4355 420 4408 τόπον
472 4361 852 4433 παραδραμεῖν
914 4368 1293 4437 ἀνεξέταστον,
1359 4375 1479 4438 πῶς
1525 4378 1619 4429 καὶ
1671 4380 1831 4442 αὐτος

1948 4384 2283 4439 educationis
2333 4385 2544 4451 locum;
2585 4388 2863 4456 quomodo
2898 4387 3108 4442 scilicet
3140 4387 3230 4442 hic
3268 4402 3511 4457 quoque,

256 4448 453 4502 ἑαυτοῦ
491 4451 705 4522 μέλλειν
735 4456 954 4511 ἔσεσθαι
1006 4462 1106 4530 τὴν
1138 4465 1381 4537 μεγάλην
1417 4469 1510 4521 καὶ⁴
1539 4472 1828 4524 πανευδαίο

259 4557 392 4606 μονα
430 4544 541 4597 τῶν
599 4547 926 4613 Δῦγούστων
977 4553 1132 4607 πόλιν
1177 4560 1602 4630 προηγόρευσεν.
1664 4565 1828 4635 Εὑρί-

259 4652 463 4706 σκομεν
501 4641 612 4712 γὰρ
652 4645 747 4696 καὶ
779 4645 1012 4712 Παῦλον,
1048 4650 1137 4703 τὸν
1163 4651 1303 4706 Θεῖον
1335 4656 1651 4725 ἀπόστολον,
1696 4663 1830 4732 μνή-

256 4745 361 4796 μην
402 4734 774 4803 ποιησάμενον
805 4739 904 4805 τῆς
935 4740 1129 4793 ἑαυτοῦ
1162 4746 1468 4816 γεννήσεως
1488 4766 1546 4801 τε
1578 4752 1669 4804 καὶ
1696 4755 1828 4805 ἀναν

252 4819 484 4888 τροπῆς.
534 4823 761 4878 εἰπόντα
787 4828 1149 4894 γεγεννῆσθαι
1189 4832 1353 4886 αὑτὸν
1387 4835 1444 4888 ὲν
1499 4836 1699 4907 Ταρσῷ
1728 4839 1828 4908 τῆς

256 4908 526 4981 Κιλικίας,
559 4917 1044 4989 ἀνατεθραμμένυι
1065 4922 1122 4975 δὲ
1169 4925 1319 4994 παρά
1369 4925 1496 4988 τοὺς
1531 4927 1698 4992 πόδας
1723 4930 1826 4982 Γα⁹

325 5068 398 5150 le)_
427 5070 647 5150 Phrasis
676 5074 791 5130 haec
813 5076 1128 5150 Grazcorum
1164 5079 1479 5149 superbiam
1504 5081 1665 5150 sapit.
1697 5099 1836 5137 aecu-

264 5144 448 5219 nunici
468 5144 700 5219 titulum
737 5149 1071 5215 patriarchis
1089 5144 1720 5219 Constantinopoli-lanis
1745 5155 1826 5207 af-

257 5205 984 5295 flectantiurnzﬂna'propter
1011 5220 1317 5295 prudenter
1347 5205 1516 5295 Ζὶιιξιε
1540 5205 1726 5290 (quem
1753 5205 1825 5295 in

261 5276 362 5362 {Ioc
394 5281 547 5348 sequi
580 5276 809 5362 placuit)
846 5276 1025 5362 vertit'
1065 5291 1221 5343 totius
1269 5288 1518 5355 Orientis,
1544 5276 1826 5362 ‘quamvis

259 5341 359 5398 hoc
382 5341 600 5421 quoque
623 5341 857 5410 nimium
881 5341 1158 5425 videatur,
1191 5341 1298 5413 nec
1317 5341 1826 5419 Eiusiegdi‘iiii'di

295 5554 411 5636 "(3)
437 5557 714 5636 frequens
759 5562 1157 5624 scholariOrum
1192 5575 1400 5628 mentio
1435 5578 1486 5631 in
1509 5577 1765 5635 Historiis
1782 5591 1836 5636 et

272 5618 403 5683 Vitis
429 5618 648 5697 Graecis,
673 5647 938 5704 erantque
973 5641 1135 5694 veluti
1189 5618 1834 5710 ρνςιιῑοιοίῑωιιῖῖίῖίέέίιῖέῖ

582 5729 852 5794 Pauor"
890 5735 1005 5799 Gn.
1044 5739 1144 5802 LX
1160 5741 1366 5804 XXVI

1937 4476 2111 4545 ipsius
2147 4476 2388 4531 futuram
2435 4493 2685 4548 magnam
2731 4488 2786 4533 et
2820 4478 3034 4533 felicem
3067 4479 3345 4533 civitatem
3394 4479 3510 4532 An-

1931 4578 2218 4638 gustorum
2243 4586 2343 4624 suo
2368 4572 2591 4625 nomine
2625 4573 3002 4641 przesignarct,
3028 4573 3249 4642 quando
3279 4583 3334 4627 et
3365 4573 3509 4627 Pau-

1931 4659 2044 4712 lum
2095 4661 2466 4728 comperimus
2521 4662 2824 4716 nativitatis
2885 4671 2940 4717 et
2996 4663 3343 4718 educationis
3397 4677 3510 4716 sum

1932 4755 2270 4819 meminisse,
2318 4754 2590 4810 dicentem
2636 4769 2694 4810 se
2747 4772 2812 4810 ex
2859 4755 3031 4810 Tarso
3065 4755 3271 4811 Cilicia:
3314 4757 3508 4809 oriun~-

1930 4843 2083 4908 dum,
2133 4847 2199 4900 ad
2245 4847 2414 4917 pedes
2441 4845 2756 4902 Gamalielis
2783 4850 3088 4902 enutritum
3129 4849 3314 4904 fuisse.
3347 4849 3508 4914 Qua»

1930 4947 2059 4987 nam
2111 4935 2279 5005 igitur
2326 4951 2582 5007 magnum
2633 4937 2965 5009 Eutychium
2995 4939 3309 5016 ‘enutrierit
3363 4949 3508 4994 terra

1930 5101 2072 5164 nem_
2099 5087 2502 5164 admittendum
2542 5103 2788 5164 ipr0pter
2839 5094 3248 5150 Antiochenam
3289 5111 3346 5154 et
3383 5099 3512 5154 Ale-
3546 5109 3548 5111 ’

1930 5157 2261 5240 iandrinu-m
2295 5157 3102 5240 patriarchas,'zetate_quidem
3134 5173 3190 5220 et
3238 5169 3508 5240 dignitate

1927 5225 2559 5304 {lonstantinopolitanis
2584 5236 2818 5304 priores,
2853 5225 2954 5288 hoc
2979 5243 3162 5289 tamen
3219 5225 3393 5294 ηιιῆῑο
3419 5242 3506 5296 in-

1929 5296 2159 5353 feriores
2190 5296 2523 5358 auctoritate
2563 5296 2618 5359 εἰ
2653 5296 2918 5374 potentia.

1949 5598 2072 5664 nos,
2122 5584 2250 5664 quia
2299 5585 2406 5664 vim
2451 5586 2603 5664 vocis
2642 5601 2769 5664 non
2804 5591 2939 5664 satis
2977 5590 3334 5664 intelligebat‘,
3385 5591 3532 5650 hunc

1945 5656 2240 5711 Alexandri
2280 5656 2496 5712 titulum
2523 5657 2906 5718 dissimulavit.

3120 5760 3198 5821 72
