4042 6156
330 232 472 294 ἓῖὶξῧ

1894 229 2090 291 VITA.

3457 239 3600 311 2986

333 347 607 418 ξανόρέων
671 346 882 410 πόλεως
933 347 1254 411 ἐπίσκοπος,
1294 343 1489 415 δμοίαν
1523 344 1741 398 παιδιάν
1778 346 1912 415 μετὰ

2021 363 2216 402 norum
2254 349 2579 424 episc0pus,
2616 351 2848 408 similem
2897 355 3077 410 lusum
3123 373 3248 414 cum
3302 359 3417 414 suis
3454 377 3598 417 coae-

327 439 436 493 τῶν
481 435 888 507 συνηλικιωτῶν
934 436 1250 507 πεποιηκίος
1292 435 1564 504 φαίνεται,
1613 434 1797 498 καθὼς
1863 437 1912 488 οί

329 532 396 583 τὰ
427 531 552 600 περὶ
584 527 750 581 αὐτοῦ
777 527 1088 598 γράψαντες
1131 529 1498 599 ἀπήγγειλαν,
1541 528 1657 582 ἀλλ’
1679 528 1799 582 οὐδὲ
1828 522 1918 581 οὖ-

332 639 419 684 τος
449 619 664 673 τοιοῦτό
686 637 740 672 τι
765 620 1047 690 γέγραφεν
1077 619 1109 691 ἦ
1140 616 1294 673 εἶπεν
1325 621 1455 691 περὶ
1487 620 1703 675 ἐαυτοῦ.
1736 621 1916 684 Μόνος

328 714 383 766 δὲ
414 714 442 764 ὁ
465 712 640 782 μέγας
665 710 946 780 Εὐτύχιος,
972 713 999 763 ὁ
1029 712 1093 764 ὲκ
1150 711 1481 781 σπαργάνων
1516 711 1769 781 Σαμουὴλ
1821 714 1916 764 καὶ

333 793 545 874 βλέπων
568 803 638 854 τὰ
663 801 1001 874 ἔμπροσθεν,
1029 802 1158 872 θείῳ
1182 802 1460 872 Πνεύματι
1489 803 1751 872 κινηθεὶς,
1782 820 1916 872 προ-

329 898 606 967 εμήνυσε-ι
638 896 736 966 τὴν
763 895 1064 965 μέλλουσαν
1101 893 1250 964 αὐτῷ
1283 894 1604 964 δοθήσεσθαι
1652 911 1916 964 πατριαρο

332 991 493 1059 χικὴν
516 986 673 1052 ἀξίαν
707 1003 766 1038 τε
797 987 895 1038 καὶ
921 985 1084 1056 χάριν
1108 987 1262 1054 παρὰ
1300 986 1393 1038 τοῦ
1430 987 1644 1056 Πατρὶς
1671 987 1779 1039 τῶν
1802 987 1914 1054 φώ-

329 1098 475 1135 των·
519 1100 538 1130 ι
585 1081 740 1133 Πᾶσα
787 1078 897 1150 γὰρ
949 1078 1095 1141 δόσις
1135 1078 1338 1148 ἀγαθὴ,
1372 1079 1467 1131 καὶ
1518 1080 1626 1132 πᾶν
1683 1078 1915 1149 δώρημα

329 1173 540 1226 τέλειον
613 1171 818 1226 ἄνωθέν
861 1174 1026 1236 ἐστιν,
1065 1189 1084 1220 ι
1119 1169 1303 1233 καθώς
1333 1188 1498 1242 φησιν
1547 1173 1574 1224 ὁ
1627 1171 1767 1235 θεῖος
1809 1171 1921 1227 Ἰάο.

333 1262 531 1326 κωϐος.

406 1362 460 1406 ι’.
502 1351 849 1421 Δωδεκαέτης
900 1349 994 1404 οὖν
1053 1351 1293 1418 γεγονὼς
1345 1353 1496 1422 παρὰ
1557 1351 1634 1421 τῷ
1693 1353 1914 1420 μεγάλῳ

333 1448 567 1516 πάππῳ,
602 1443 694 1496 τοῦ
728 1441 924 1514 καιροῦ
955 1443 1140 1496 λοιπὸν
1169 1444 1460 1506 καλοῦντος
1488 1443 1652 1496 αὐτὸν
1678 1443 1914 1508 ἐξελθεῖν

331 1542 432 1610 τῆς
466 1535 860 1605 ἐνεγκαμένης,
898 1535 987 1588 ἵνα
1021 1536 1283 1608 πληρωθῇ
1336 1536 1404 1588 τὰ
1432 1536 1508 1606 τῷ
1540 1535 1659 1606 Θεῷ
1689 1553 1914 1608 προοριο

334 1631 533 1686 σθέντα
551 1630 636 1682 ἐπ’
651 1627 909 1697 αύτῷ,ὠς
929 1627 1028 1698 μὲν
1045 1629 1672 1700 Ἀδραάμούκηκουσεν,
1692 1647 1710 1681 ι
1727 1628 1914 1696 Ἐξελ-

331 1721 390 1773 θε
419 1722 482 1773 ἐκ
505 1720 603 1788 τῆς
630 1720 735 1790 γῆς
754 1734 847 1770 σου
863 1718 956 1770 καὶ
983 1719 1046 1771 ἐκ
1063 1720 1159 1788 τῆς
1192 1718 1514 1786 συγγενείας
1533 1735 1658 1772 σου»
1692 1719 1772 1789 (οὐ
1797 1721 1908 1790 γάρ

329 1829 381 1864 τι
397 1809 720 1864 ὑπεναντίον
744 1808 1011 1879 ἔπραττον
1028 1807 1146 1878 Θεῷ
1167 1811 1214 1860 οἱ
1234 1810 1422 1862 τούτου
1448 1810 1706 1880 πατέρες,
1727 1810 1912 1874 καθὼς

330 1905 522 1972 Θάρῤα
557 1906 613 1955 ἐν
643 1901 918 1974 Χαρῤἇν)·
946 1903 1021 1965 ὡς
1044 1903 1103 1955 δὲ
1143 1902 1339 1956 Ἰακὼϐ
1381 1905 1501 1966 μετ’
1532 1902 1782 1971 εὐλογίας
1810 1903 1915 1956 ὑπὸ

329 1998 423 2050 τοῦ
461 1995 648 2049 Ἰσαάκ
668 1999 759 2048 καὶ
803 1997 894 2063 τῆς
936 1995 1260 2060 Ῥεϐέκκας,
1305 1995 1619 2066 ἐξεπέμφθη
1680 1997 1762 2059 είς
1815 1995 1914 2067 τὴν

333 2090 577 2160 βασιλίδα
599 2088 708 2142 τῶν
735 2088 963 2150 πόλεων,
997 2089 1099 2141 ὑπό
1123 2105 1183 2141 τε
1226 2089 1336 2140 τῶν
1381 2087 1526 2143 ίδίων
1575 2087 1782 2156 γονέων
1817 2089 1911 2140 καὶ

330 2182 425 2236 τοῦ
460 2180 852 2252 προλεχθέντος
881 2180 1107 2234 πάππου
1133 2181 1400 2251 προφάσει
1434 2181 1534 2251 μὲν
1577 2179 1913 2245 παιδεύσεως

333 2277 434 2344 τῆς
464 2273 572 2338 ἔξω
608 2271 876 2334 παιδείας,
907 2272 1092 2341 μεῖζον
1119 2271 1175 2324 δὲ
1208 2271 1301 2324 τοῦ
1331 2272 1496 2343 ἔργου
1532 2272 1592 2325 τὸ
1635 2272 1913 2345 πάρεργον

333 2364 835 2437 ἐμπορευσάμενος,
869 2363 945 2426 ὡς
973 2363 1336 2435 δειχθήσεται.
1367 2364 1578 2434 Ὠσπερ
1605 2364 1714 2435 γάρ
1739 2365 1768 2418 ὁ
1806 2365 1910 2418 Ἰα-

334 2455 449 2509 κὼὸ
483 2453 809 2508 καταλαϐὼν
833 2454 930 2522 τὴν
957 2455 1412 2524 Μεσοποταμίαν,
1440 2455 1543 2518 τὰς
1586 2457 1679 2509 τοῦ
1725 2455 1912 2510 Λάὸαν

332 2547 665 2617 θυγατέρας,
695 2546 829 2599 Δίαν
863 2547 920 2600 τέ
953 2564 1093 2616 φημι
1124 2546 1220 2599 καὶ
1267 2546 1493 2618 Ῥαχὴλ,
1517 2547 1709 2601 ἔλαϐεν
1734 2549 1912 2618 ἐαυτῷ

332 2639 639 2704 γυναῖκας,
668 2636 818 2700 ὅστις
867 2637 1055 2690 Λάὸαν
1101 2637 1273 2690 τύπον
1324 2640 1480 2711 φέρει
1533 2639 1630 2693 τοῦ
1681 2639 1910 2710 κόσμου,

333 2728 534 2796 ομοίως
575 2727 632 2780 δὲ
680 2728 777 2780 καὶ
819 2727 875 2781 αί
909 2727 1098 2780 τούτου
1133 2727 1432 2800 θυγατέρες
1483 2731 1586 2801 τῆς
1647 2730 1710 2796 ἐξ
1783 2731 1912 2785 Ἰου-

328 2819 497 2871 δαίων
528 2819 626 2871 καὶ
654 2817 714 2883 ἐξ
747 2818 915 2872 ἐθνῶν
953 2819 1280 2890 Ἑκκλησίας
1315 2823 1487 2883 τύπος
1530 2822 1703 2876 είσίνο
1737 2822 1913 2886 οὕτως

332 2910 429 2962 καὶ
463 2909 557 2962 τὸν
595 2909 718 2962 νέον
762 2908 955 2962 Ἰακὼὸ
984 2911 1080 2964 καὶ
1114 2911 1289 2980 μέγαν
1331 2913 1681 2984 πατριάρχην
1735 2913 1910 2968 Εὐτύ-

1941 1687 1988 1744 Β

2021 439 2198 493 taneis
2252 439 2578 505 instituisse,
2613 445 3078 513 quemadmodum
3131 459 3359 503 narrant
3411 450 3445 504 ii
3504 454 3600 522 qui

2021 531 2196 586 Vitam
2249 532 2370 603 ejus
2423 535 2913 605 conscripserunt:
2956 538 3053 594 sed
3106 556 3285 610 neque
3339 542 3430 597 hic
3490 547 3599 598 tale

2019 621 2152 691 quid
2201 624 2423 693 scripsit
2473 635 2570 680 aut
2615 628 2752 682 dixit
2783 629 2852 683 de
2891 630 3094 699 seipso.
3134 632 3299 687 Solus
3328 649 3460 688 vero
3486 636 3600 709 Eu-

2021 716 2260 787 tychius,
2310 729 2570 789 tanquam
2614 722 2754 776 alter
2781 722 3022 791 Samuel,
3055 727 3124 780 ab
3160 727 3387 782 infantia
3415 728 3599 785 futura

2018 810 2382 879 prospiciens.
2427 813 2617 868 divino
2664 813 2875 884 Spiritu
2925 827 3129 880 motus,
3177 820 3599 888 patriarchalem

2017 900 2344 970 dignitatem
2378 904 2483 958 sibi
2531 905 2923 962 conferendam
2963 910 3334 981 prasignavit.
3369 919 3427 966 et
3473 929 3598 983 gra-

2020 993 2148 1046 tiam
2197 1009 2363 1062 quam
2413 1004 2560 1050 esset
2601 1013 2630 1050 a
2684 998 2843 1053 Patre
2892 1000 3164 1055 luminum
3220 1013 3596 1073 accepturus:

2025 1104 2041 1133 ι
2079 1083 2252 1139 Omne
2271 1085 2419 1139 enim
2441 1085 2630 1141 datum
2655 1089 2926 1157 optimum
2957 1101 3012 1145 et
3033 1107 3198 1146 omne
3227 1093 3438 1148 donum
3469 1111 3599 1164 per-

2017 1176 2221 1231 lectum
2272 1176 2566 1233 desursum
2618 1191 2737 1247 est,
2788 1201 2806 1233 ι
2860 1185 3328 1251 quemadmodum
3373 1187 3598 1242 divinus

2015 1268 2258 1324 Jacobus
2303 1270 2556 1340 loquitur
2595 1275 2638 1327 ⁸.

2088 1363 2173 1417 l0.
2217 1362 2353 1418 Cum
2413 1365 2581 1434 igitur
2619 1367 2913 1423 duodecim
2949 1371 3062 1442 jam
3114 1381 3260 1428 esset
3297 1387 3593 1436 annorum,

2015 1470 2255 1525 eumque
2308 1467 2460 1511 extra
2512 1461 2597 1513 avi
2662 1460 2886 1516 domum
2931 1467 3044 1534 jam
3106 1475 3326 1536 tempus
3371 1480 3597 1522 vocaret

2015 1547 2146 1613 alio,
2192 1557 2250 1601 ut
2299 1550 2671 1619 implereutur
2709 1555 2765 1608 in
2821 1570 2888 1608 eo
2938 1572 3060 1625 qum
3102 1572 3130 1610 a
3189 1558 3424 1613 Domino
3472 1557 3597 1614 fuc-

2018 1647 2138 1692 rant
2178 1639 2448 1707 praeﬁnita
2479 1659 2493 1695 :
2536 1659 2646 1697 non
2678 1644 2895 1701 audivit
2918 1647 3382 1716 quemadmodum
3416 1650 3562 1705 Abra
3583 1679 3596 1691 ο

2017 1730 2144 1784 ham
2178 1748 2190 1785 :
2233 1751 2250 1782 ι
2288 1733 2387 1787 Exi
2421 1734 2489 1790 de
2528 1744 2678 1791 terra
2724 1744 2815 1792 tua
2869 1739 3012 1792 etde
3033 1736 3355 1806 cognatione
3376 1744 3467 1791 tua
3499 1742 3539 1803 ⁸,
3569 1768 3586 1796 ι

2020 1824 2222 1896 (neque
2257 1826 2405 1878 enim
2433 1838 2690 1896 parentes
2709 1840 2765 1884 et
2787 1832 3082 1902 propinqui
3112 1837 3233 1903 ejus
3259 1834 3370 1888 Deo
3393 1834 3592 1888 adver-

2017 1917 2300 1983 sabantur,
2325 1919 2468 1974 sicut
2510 1921 2722 1978 Tharas
2753 1924 2806 1977 in
2839 1925 3066 1996 Haran),
3100 1927 3196 1980 sed
3231 1929 3594 1997 quemadmo-

2017 2008 2146 2062 dum
2186 2010 2376 2072 Jacob.
2425 2013 2496 2066 ab
2529 2014 2677 2068 Isaac
2721 2025 2777 2070 et
2825 2018 3075 2074 Rebecca
3128 2020 3477 2088 benedictus,
3524 2025 3594 2080 ad

2017 2099 2237 2154 urbium
2280 2101 2530 2173 reginam
2581 2106 2783 2161 missus
2845 2118 2931 2163 est
2968 2125 2998 2164 a
3031 2113 3358 2179 parentibus
3387 2125 3444 2170 et
3467 2131 3593 2180 avo.

2020 2207 2184 2261 quem
2232 2192 2493 2260 diximus,
2541 2197 2962 2267 disciplinarum
3011 2205 3360 2260 saecularium
3408 2208 3595 2278 perci-

2017 2285 2346 2353 piendarum
2379 2303 2564 2352 causa,
2625 2289 2721 2344 sed
2747 2292 3040 2348 occasione
3079 2295 3172 2349 tali
3198 2297 3461 2366 grandius
3484 2299 3596 2354 ibi-
3661 2363 3663 2366 1

2015 2377 2140 2429 dem
2185 2376 2435 2433 facturus
2478 2395 2661 2449 operte
2699 2382 2963 2450 pretium,
3005 2387 3472 2455 quemadmodum
3499 2406 3597 2459 ap-

2015 2468 2248 2537 parebit.
2274 2469 2407 2524 Nam
2435 2480 2494 2525 ut
2526 2473 2695 2527 Jacob
2721 2473 2778 2527 in
2808 2473 3258 2545 Mesopotamiam
3290 2481 3592 2550 profectus.

2015 2560 2168 2614 Liam
2189 2570 2246 2615 et
2277 2563 2575 2618 Rachelem
2619 2563 2758 2621 ﬁlias
2780 2567 2966 2624 Laban
2997 2587 3202 2626 uxores
3229 2574 3443 2643 accepit
3477 2578 3594 2645 (qui

2016 2667 2146 2706 sane
2198 2652 2386 2708 Laban
2433 2655 2626 2710 mundi
2684 2656 2912 2728 ﬁguram
2963 2662 3129 2730 gerit,
3181 2671 3238 2717 et
3292 2662 3416 2719 filiae
3473 2667 3596 2736 ejus

2015 2744 2316 2800 Ecclesiam
2349 2763 2416 2800 ex
2448 2746 2654 2802 Iudaeis
2685 2751 3052 2822 gentibusque
3085 2753 3397 2817 conflatam,
3425 2757 3596 2827 signi-

2015 2833 2204 2905 ﬁcant)
2230 2836 2361 2890 :-sic
2386 2837 2557 2892 etiam
2585 2839 2755 2894 Deum
2787 2856 2990 2896 novum
3026 2843 3196 2899 Jacob
3223 2861 3592 2916 magnumque

2015 2927 2383 2994 patriarcham
2435 2929 2791 3000 Eutychium,
2851 2934 3200 2990 ordinatione
3258 2939 3422 3006 paulo
3469 2949 3595 3008 post

332 3015 450 3068 χιον
495 3000 780 3068 ἡρμόσατο
837 3003 903 3072 τῇ
952 3001 1010 3066 ἐξ
1057 3001 1388 3072 ἀμφοτέρων
1431 3003 1541 3058 τῶν
1570 3003 1752 3074 μερῶν
1793 3005 1910 3057 Ἐκο

2015 3022 2225 3076 secuta,
2269 3016 2559 3071 constituit
2592 3035 2746 3074 nova:
2776 3021 2963 3078 Romae
2986 3025 3324 3094 pontificem,
3353 3028 3594 3098 jungens

335 3090 555 3160 κλησίᾳ,
612 3090 868 3144 συστάσει
925 3090 1120 3161 μικρὸν
1161 3089 1409 3162 ὕστερον,
1470 3094 1498 3145 ὁ
1551 3093 1646 3145 ἐπὶ
1697 3093 1911 3146 πάντων

329 3181 463 3246 θεὸς
488 3181 590 3249 τῆς
613 3182 934 3252 οἰκουμένης
957 3183 1083 3252 ὅλης
1107 3181 1181 3253 (It)
1201 3185 1431 3255 ποιήσας
1443 3185 1604 3238 αὐτὸν
1627 3185 1917 3256 ἀρχιερέα.-

333 3273 624 3326 Μετελθὼν
670 3272 728 3324 δὲ
757 3273 935 3325 πᾶσαν
964 3273 1270 3338 παίδευσιν,
1303 3278 1376 3338 ὼς
1416 3276 1545 3346 μίαν
1587 3276 1682 3330 καὶ
1714 3277 1906 3345 μόνην,

334 3365 400 3433 ἢν
425 3364 800 3434 θαυμάζουσιν
825 3364 876 3417 οί
901 3364 1087 3418 πολλοὶ
1110 3367 1319 3420 καὶτοῦ
1345 3369 1548 3438 κόσμου
1590 3368 1782 3422 τούτου
1823 3386 1912 3421 σο-

335 3457 447 3520 φοὶ,
481 3455 642 3522 ὀλίγα
682 3455 749 3507 τὰ
784 3455 840 3521 ἐξ
871 3456 1040 3526 αὐτῆς
1073 3457 1152 3520 είς
1183 3456 1353 3530 ἀκοὴν
1378 3460 1791 3530 ἐπιδειξάμενος
1817 3461 1902 3530 (ί),

336 3547 556 3597 πάντων
583 3545 690 3597 τῶν
720 3544 999 3615 ὁμηλίκων
1021 3549 1079 3600 ἐν
1109 3548 1230 3612 ταῖς
1259 3549 1582 3615 ἐπιδείξεσιν
1615 3551 1711 3604 καὶ
1741 3553 1797 3604 ἐν
1815 3552 1910 3606 άλ-

335 3637 444 3699 λοις
476 3638 856 3707 στεφάνοιςυι)
888 3638 1242 3711 ὑψηλότερος,
1291 3642 1384 3694 ἐπὶ
1427 3643 1525 3712 τὴν
1589 3643 1764 3715 άληθῆ
1816 3645 1912 3697 καὶ

333 3728 501 3792 ὅντως
520 3717 683 3782 οὖσαν
713 3729 1031 3800 φιλοσοφίαν
1055 3732 1174 3784 ὃ).ον
1203 3734 1397 3786 ἑαυτὸν
1430 3735 1767 3809 μετήγαγεν,
1805 3754 1910 3806 μη-

331 3821 424 3872 δὲν
447 3824 547 3890 τῆς
583 3821 818 3882 παλαιᾶς
845 3823 1060 3894 ἐκείνης
1095 3825 1185 3877 καὶ
1223 3824 1540 3898 άκανθίνης,
1576 3826 1656 3879 ἔτι
1700 3844 1764 3895 γε
1805 3828 1912 3898 μὴν

331 3913 569 3978 eaeeae;
599 3914 979 3983 Αἰγυπτιακῆς
1010 3914 1210 3986 ζύμης,
1261 3917 1481 3988 διδαχῆς
1522 3936 1583 3971 τε
1620 3919 1765 3988 λέγω
1815 3923 1908 3974 καὶ

333 4004 691 4069 παιδεύσεως,
725 4007 1130 4077 ἐπισυράμενος
1160 4009 1403 4078 (τοιαύτη
1424 4011 1532 4080 γὰρ
1561 4013 1640 4074 είς
1667 4010 1728 4064 τὸ
1758 4011 1912 4065 Θείον

331 4096 492 4166 τιμὴ)
519 4097 670 4166 παρὰ
727 4097 835 4150 τῶν
888 4099 1108 4167 ἀσόφων
1162 4100 1494 4170 φιλοσόφων,
1523 4101 1556 4170 ἢ
1585 4103 1743 4173 μὸνυν
1786 4105 1911 4157 ὅσον

334 4184 484 4257 εἶχεν
525 4188 726 4258 ροδινδν
761 4191 856 4243 κα)⁸
881 4191 1206 4263 εὐχάριστον
1229 4193 1568 4263 δρεψάμενος
1589 4235 1604 4261 ,
1627 4196 1772 4250 κατὰ
1819 4199 1910 4252 τὸν

330 4281 559 4333 ειπόντα
612 4281 813 4348 καλῶς,
856 4302 874 4334 ι
917 4284 1027 4337 Καὶ
1058 4284 1210 4354 ῥόδον
1254 4285 1491 4355 δρέπου,
1519 4289 1614 4342 καὶ
1667 4290 1913 4356 ἀκάνθας

331 4372 526 4442 φεῦγε.
563 4392 582 4425 ι

411 4472 500 4517 ια’.
543 4465 746 4520 Μαθὼν
770 4466 863 4520 οὖν
901 4469 995 4522 καὶ
1022 4468 1288 4533 πεισθεὶς,
1314 4469 1448 4540 ὠςὴ
1492 4470 1644 4524 τοῦδε
1681 4472 1776 4526 τοῦ
1820 4475 1914 4528 κό-

333 4573 479 4626 σμου
539 4558 726 4627 σοφία,
757 4559 899 4613 κατὰ
931 4559 1022 4613 τὸν
1074 4560 1217 4613 θεῖον
1253 4561 1599 4626 Ἀπόστολον,
1626 4565 1727 4618 οὐκ
1767 4566 1914 4619 ἐστιν

329 4649 544 4703 ἀνωθεν
579 4651 984 4721 κατερχομένη,
1035 4651 1152 4704 ἀλλ’
1210 4653 1474 4721 ἐπίγειος,
1513 4653 1760 4726 ψυχικὴ,
1794 4657 1914 4710 δαιο

333 4741 628 4810 μονιώδης,
659 4742 734 4812 μὴ
780 4742 1098 4812 παρέχουσα
1129 4742 1342 4812 καρπὸν
1375 4745 1749 4812 πνευματικὸν
1802 4751 1916 4812 τοῖς

330 4830 772 4899 ὲπερειδομένοις
827 4832 1066 4900 αὐτῇ·ή
1118 4829 1176 4882 δέ
1232 4829 1438 4884 ἄνωθεν
1486 4831 1646 4902 σοφία
1695 4833 1912 4903 πρῶτον

335 4921 438 4989 μὲν
467 4924 608 4993 ἁγνή
656 4924 826 4990 ἐστιν,
861 4923 1052 4976 ἔπειτα
1095 4922 1370 4993 εἰρηνικὴ,
1406 4924 1678 4995 ἐπιεικὴς,
1731 4927 1946 4979 εὐπέμ-

409 5079 426 5108 ⁸
448 5077 561 5132 Jac.
589 5078 744 5143 ι,17.
769 5077 790 5107 ⁶
818 5073 956 5129 Gen.
1008 5092 1104 5141 xu,
1133 5077 1181 5128 l.
1258 5076 1278 5106 τ
1308 5076 1424 5130 πυρᾷ
1459 5081 1662 5144 "1,13.

408 5211 482 5280 (Ιι)
515 5211 656 5286 Ecce
677 5211 769 5286 hic
800 5229 1170 5286 rursumrnon
1217 5215 1545 5286 simpliciter
1583 5217 1678 5283 τῆς
1725 5221 1904 5272 οἰκου-

343 5281 529 5357 μένης,
557 5282 653 5357 sed
685 5284 1178 5357 οίκοὲμένηςόλης,
1207 5281 1366 5340 totius
1402 5281 1653 5349 universi,
1677 5289 1912 5357 patriar-

338 5349 440 5405 cha
465 5351 771 5429 appellatur
801 5349 1250 5429 Eutychius':_et
1291 5367 1470 5429 tamen
1506 5349 1699 5429 linus,
1743 5376 1909 5429 quem

339 5421 554 5491 rursum
601 5421 1096 5491 sequimur,'novce
1149 5424 1330 5481 Romo:
1404 5427 1567 5482 titulo
1635 5421 1911 5485 duntaxat

342 5490 513 5550 utitur
535 5507 644 5570 :__au
670 5490 726 5546 in
776 5490 1118 5570 ms.’_V_l_enet_o
1143 5495 1348 5570 legitur
1365 5498 1463 5570 τῆς
1496 5497 1625 5570 νέας
1668 5500 1909 5570 Ῥώμης,

345 5573 438 5628 pro
468 5562 674 5631 quibus
701 5561 1163 5620 verbislibrarius
1184 5561 1467 5622 Graeculus
1507 5567 1562 5622 in
1604 5584 1708 5624 ms.
1756 5561 1911 5626 Vati;

342 5644 476 5688 cano
508 5633 806 5704 scripserat
837 5641 1140 5703 praenotata
1163 5644 1218 5690 et
1264 5637 1526 5692 Romanae
1576 5637 1704 5694 Sedi
1767 5640 1909 5710 inju-

2013 3103 2065 3156 ei
2107 3103 2408 3160 Ecclesium
2435 3123 2501 3161 ex
2544 3117 2778 3180 utroque
2813 3113 3016 3183 populo
3046 3116 3354 3172 collectam.
3387 3119 3589 3174 Verum

2013 3210 2138 3248 cum
2187 3197 2539 3269 disciplinas,
2591 3219 2824 3272 quarum
2873 3207 3116 3278 singulas
3183 3219 3241 3265 et
3285 3212 3481 3282 vulgus
3535 3224 3593 3270 et

2013 3289 2292 3357 sapientes
2340 3293 2710 3361 admirantur,
2749 3312 2944 3354 omnes
2997 3302 3116 3371 ipse
3167 3304 3316 3358 velut
3371 3307 3587 3360 unicam

2015 3385 2406 3450 percurrisset;
2439 3402 2611 3456 pauca
2654 3406 2720 3444 ex
2755 3392 2984 3462 singulis
3012 3397 3202 3450 auditu
3242 3399 3585 3469 percipiens;

2011 3485 2068 3529 ct
2098 3476 2152 3529 in
2205 3477 2704 3538 declamationibus
2743 3495 2908 3555 atque
2950 3491 3442 3546 exercitationibus
3466 3494 3590 3548 aliis

2011 3564 2251 3632 aequales
2283 3582 2414 3622 suos
2448 3583 2793 3639 superasset;
2821 3577 2888 3629 ad
2910 3593 3051 3642 eam,
3081 3596 3202 3648 qua:
3233 3597 3360 3637 vera
3390 3594 3445 3637 et
3474 3587 3588 3638 sola

2012 3665 2096 3708 est
2121 3657 2411 3725 sapientia,
2448 3675 2504 3715 se
2549 3671 2720 3717 totum
2754 3670 3025 3735 contulit;
3059 3673 3196 3726 nihil
3224 3675 3293 3727 ab
3317 3676 3585 3745 insipien-

2013 3745 2162 3800 tibus
2211 3747 2320 3802 illis
2373 3750 2718 3822 philosophis
2764 3758 2987 3814 trahens
3031 3777 3099 3816 ex
3150 3772 3338 3818 vetere
3395 3765 3486 3820 illa
3533 3780 3589 3821 et

2013 3840 2268 3907 spinosa,
2335 3842 2756 3918 Egyptiacique
2811 3849 3071 3907 fermenti
3147 3858 3586 3926 graveolentiam

2014 3939 2305 3998 spargente
2336 3931 2633 4004 disciplina
2667 3946 2834 4008 atque
2859 3941 3112 3998 doctrina
3151 3944 3252 4015 (sic
3277 3946 3429 4000 enim
3464 3962 3588 4004 erat

2011 4035 2141 4089 erga
2167 4035 2256 4075 res
2276 4021 2493 4080 divinas
2525 4027 2801 4095 aﬂectus),
2824 4033 2923 4086 sed
2953 4033 3008 4087 id
3033 4036 3212 4090 solum
3239 4039 3389 4108 quod
3426 4040 3480 4095 in
3503 4043 3588 4096 eis

2013 4110 2220 4166 bonum
2249 4128 2315 4168 ac
2341 4115 2595 4185 religioni
2618 4130 3060 4179 consentaneum
3089 4135 3209 4181 erat
3252 4128 3582 4200 decerpens.

2009 4203 2164 4273 juxta
2195 4209 2555 4275 proverbium
2590 4227 2701 4281 quo
2736 4213 2943 4270 dicitur
2971 4233 2984 4270 :
3019 4236 3039 4269 ‹
3071 4218 3275 4274 Rosam
3301 4236 3494 4291 carpe,
3529 4237 3588 4277 et

2014 4295 2203 4366 spinas
2231 4313 2385 4354 cave.
2411 4319 2431 4353 ι

2085 4475 2169 4529 Η.
2187 4475 2462 4532 Didicerat
2474 4478 2620 4533 enim
2633 4480 2849 4552 sibique
2863 4495 3237 4554 persuaserat,
3257 4489 3587 4559 sapientiam

2011 4565 2178 4636 hujus
2208 4567 2422 4632 mundi,
2446 4578 2506 4622 ut
2533 4569 2785 4639 loquitur
2813 4573 3113 4643 Apostolus
3146 4577 3190 4641 ⁷,
3220 4592 3333 4632 non
3358 4579 3590 4635 descen-

2013 4655 2148 4710 dere
2172 4657 2492 4724 desursum,
2528 4661 2626 4715 sed
2669 4678 2794 4718 esse
2832 4675 3134 4733 terrenam,
3183 4669 3482 4724 animalem
3524 4688 3591 4725 ac

2013 4746 2373 4814 diabolicam,
2442 4767 2548 4807 nec
2589 4753 2763 4808 ullum
2820 4755 3175 4826 spiritualem
3225 4758 3470 4814 fructum
3530 4779 3590 4813 se

2017 4829 2514 4908 complectentibus
2554 4843 2754 4899 all'erre
2784 4863 2797 4898 :
2824 4861 2945 4901 eam
2971 4862 3126 4914 vero,
3157 4865 3279 4918 qua:
3299 4850 3591 4906 desursum

2019 4937 2106 4982 est
2136 4929 2488 4999 sapientiam,
2517 4951 2638 4992 esse
2659 4948 2892 5002 castam,
2919 4940 3230 5010 paciﬁcam,
3263 4942 3591 5005 modestam,

2011 5222 2158 5278 riosa
2193 5225 2382 5282 verba.

2090 5293 2164 5384 (ἱ),
2182 5294 2498 5384 ltacorrigo
2520 5303 2668 5373 quod
2694 5303 2746 5384 ip
2777 5319 2967 5384 nostro
2995 5313 3266 5384 ecgrapho
3291 5324 3374 5369 est
3395 5315 3473 5376 εἰς
3504 5321 3600 5369 αὖ·

2013 5363 2556 5488 τένῗπιδειξάμένος
2582 5375 2732 5444 quod
2783 5363 3090 5435 videbatur)
3124 5363 3600 5442 aet-rsum

2015 5449 2050 5487 n
2095 5450 2128 5488 n
2180 5450 2362 5488 acere.

2015 5449 2128 5488 non
2158 5449 2362 5492 tacere.

2091 5504 2569 5598 ςίξλῃηιςευηι
2599 5521 2841 5592 corrigo,
2892 5537 2992 5594 pro
3023 5538 3090 5578 eo
3123 5525 3272 5595 quod
3331 5526 3605 5598 scriptum

2017 5585 2139 5629 erat
2172 5585 2481 5646 στεφανείς.
