3982 6206
397 236 535 300 2287

1451 240 1509 298 S.
1554 238 1919 300 EUTYCHII
1959 239 2466 299 PATBIARCl-LE
2505 241 2612 300 (ΖΡ.

3503 237 3648 302 2238

390 350 730 416 suasibilem,
765 352 982 420 plenam
1009 351 1390 406 misericordia
1410 361 1464 408 et
1489 351 1758 410 fructibus
1782 351 1947 406 lieno-

2035 402 2042 416 ,
2069 354 2186 425 θὴς,
2211 356 2380 426 μεστὴ
2400 357 2578 420 ἐλέους
2599 357 2687 410 καὶ
2711 357 2937 418 καρπῶν
2955 356 3196 422 ἀγαθῶν,
3229 355 3526 409 ἀπόλαυσιν
3555 356 3654 406 διι-

391 459 511 498 rum
545 444 1029 513 operum,quibus
1051 451 1358 500 sectatores
1407 445 1528 515 ejus
1575 445 1960 514 perfruuntur.

387 535 540 590 lianc
557 551 776 590 summe
805 537 1126 606 complexus
1153 536 1339 590 studio
1365 536 1460 590 hic
1481 536 1568 590 vir
1594 537 1960 607 Deimagnus,

387 629 535 698 cepit
569 628 870 682 consilium
911 629 1144 694 bonum,
1177 629 1326 698 quod
1365 644 1478 683 non
1535 630 1826 684 auferetur
1885 629 1955 684 ab

384 737 474 784 eo.
510 722 608 776 sed
634 737 743 792 quo
773 723 891 792 ipse
926 733 1282 777 servaretur:
1315 722 1396 776 sic
1413 721 1566 776 enim
1595 722 1673 776 ait
1700 721 1956 792 Sapiens:

389 833 406 864 ι
427 814 640 868 Bonum
677 815 972 869 consilium
1003 813 1282 870 custodiet
1310 823 1386 878 te,
1417 824 1473 868 et
1498 813 1798 883 prudentia
1839 829 1960 868 ser—

381 909 532 963 vabit
560 916 611 962 te
645 908 687 960 ⁸.
715 928 732 958 ι
771 907 956 978 Ipsum
989 915 1175 962 autem
1201 923 1300 977 per
1345 907 1590 978 Spiritus
1632 907 1812 962 sancti
1840 905 1956 960 elli-

377 999 585 1054 eaciam
609 999 792 1052 statim
827 1009 1122 1054 exsecutus
1153 1007 1260 1062 est,
1279 999 1510 1070 gratiam
1533 1015 1645 1054 non
1669 998 1954 1062 diﬂ‘ercns,

2073 448 2340 517 ρουμένης
2373 451 2482 511 τοῖς
2507 449 2804 518 κτωμένοις
2825 449 2994 518 αὑτήν
3016 465 3028 476 ·
3053 444 3302 519 [ταύτην]
3327 446 3649 513 ἀσπασάμε-

2069 555 2154 602 νος
2179 540 2273 592 σὺν
2292 539 2470 611 πολλῷ
2490 544 2566 610 τῷ
2585 540 2734 610 πόθῳ
2753 539 2838 610 (ί),
2865 545 2959 593 καὶ
2985 537 3456 608 περιπτυξάμενος
3476 535 3646 604 αὐτὴν

2063 631 2092 682 ὁ
2111 629 2289 699 μέγας
2324 624 2476 694 οὗτος
2511 631 2647 702 ἀνὴρ
2674 632 2882 684 καὶτοῦ
2910 631 3042 684 Θεοξ
3069 629 3370 700 ἄνθρωπος,
3401 627 3649 680 ἐϐουλεύ-

2064 725 2194 773 σατο
2211 722 2386 793 ἑαυτῷ
2411 723 2579 794 καλὴν
2603 723 2816 793 βουλὴν,
2835 724 2954 794 ἣτις
2975 723 3072 775 οὐκ
3100 721 3525 792 ἀφαιρεθήσεται
3547 715 3646 772 ἀπ’

2061 812 2250 878 αὑτοῦ,
2288 815 2424 868 ἀλλά
2453 813 2677 883 φυλάξει
2709 817 2892 880 αὑτὸν,
2918 816 3058 869 κατά
3081 815 3171 868 τὸν
3200 815 3420 867 εἰπόντα
3455 814 3640 882 σοφόν·

2065 923 2080 955 ι
2109 903 2280 976 Βουλὴ
2303 906 2442 977 καλὴ
2465 907 2687 976 φυλάξει
2707 925 2765 960 σε
2786 924 2798 937 ·
2817 909 2990 962 ἔννοια
3014 908 3069 960 δὲ
3097 906 3216 959 ὁσία
3244 904 3472 976 τηρήσει
3506 921 3584 956 σε.
3615 922 3634 954 ι

2056 998 2165 1051 Καὶ
2198 999 2274 1069 τῷ
2307 1001 2535 1069 νοήματι
2563 1001 2621 1053 τὸ
2651 1000 2809 1071 ἔργον
2837 997 3295 1070 ἐπηκολούθησεν,
3310 997 3394 1050 διὰ
3421 997 3518 1066 τῆς
3545 995 3639 1048 τοῦ

375 1105 556 1160 neque
589 1089 820 1144 dicens:
866 1088 1008 1145 Cras
1035 1092 1256 1146 veniam
1291 1099 1458 1160 atque
1495 1089 1808 1160 perficiam,
1858 1090 1947 1144 sed

2056 1091 2212 1159 ἁγίου
2245 1092 2566 1162 Πνεύματος
2595 1093 2951 1157 τελειώσεως.
2976 1093 3088 1146 Οὐκ
3107 1091 3398 1145 ἀνεϐάλετο
3421 1087 3512 1141 οὖν
3534 1089 3638 1156 τὴν

374 1197 500 1236 cum
559 1181 814 1246 dixisset,
856 1181 1028 1248 Volo,
1062 1182 1250 1238 statim
1299 1191 1635 1238 consecutus
1676 1190 1764 1236 est
1815 1181 1954 1236 οσο-

373 1285 516 1330 ctus.
551 1275 684 1329 Erat
707 1285 893 1330 autem
931 1273 1279 1329 admirabilis
1311 1275 1474 1330 istius
1507 1274 1728 1330 consilii
1755 1282 1952 1328 auctor

373 1367 550 1422 Deus:
582 1387 598 1418 ι
620 1367 750 1437 quia
767 1383 932 1422 omne
953 1367 1142 1422 datum
1159 1367 1452 1437 optimum,
1479 1377 1534 1421 et
1551 1382 1716 1422 omne
1741 1365 1946 1421 donum

371 1457 680 1527 perfectum
707 1457 1000 1512 desursum
1039 1465 1144 1522 est,
1173 1458 1518 1513 descendens
1542 1475 1569 1511 a
1599 1458 1758 1512 Patre
1785 1457 1950 1510 lumi-

371 1565 500 1602 num
533 1549 577 1602 ³.
615 1568 632 1598 ι
673 1548 874 1602 Verum
913 1547 980 1601 de
1005 1562 1116 1616 quo
1153 1547 1288 1600 illud
1329 1547 1628 1601 consilium
1669 1546 1812 1599 fuit?
1843 1548 1948 1600 hoc

369 1640 586 1694 scilicet
625 1681 638 1702 ,
665 1647 725 1691 ut
757 1649 920 1694 terrae
969 1648 1192 1692 terrena
1227 1647 1427 1693 cuncta
1490 1637 1857 1706 relinqueret,
1889 1647 1944 1691 et

2053 1185 2232 1254 χάριν,
2253 1184 2351 1237 οὐκ
2366 1178 2540 1248 εἶπεν,
2560 1182 2899 1238 Ἐπανελθὼν
2914 1182 3100 1252 αὓριον
3117 1182 3326 1252 ποιήσω
3336 1183 3395 1232 τὸ
3417 1178 3639 1246 βουλευ-

2053 1276 2145 1328 θὲν
2163 1292 2177 1305 ·
2201 1274 2315 1328 ἀλλ’
2344 1273 2516 1340 εἶπεν,
2547 1275 2696 1328 Θέλω
2734 1275 2852 1344 (m),
2883 1276 2978 1330 καὶ
3005 1275 3065 1326 τὸ
3092 1274 3250 1342 ἔργον
3277 1272 3634 1341 συνέδραμεν,

2056 1367 2242 1438 ἐπειδὴ
2266 1367 2499 1430 κα“ιΘεὸς
2512 1364 2578 1441 ἦν
2595 1370 2623 1420 ὁ
2639 1367 2947 1437 θαυμαστὸς
2967 1365 3028 1417 σύ
3039 1365 3289 1436 μόουλος·
3323 1383 3338 1413 ι
3352 1364 3508 1414 Πᾶσα
3523 1363 3636 1430 γὰρ

2055 1457 2202 1520 δόσις
2226 1459 2406 1530 ἀγαθὴ
2428 1464 2519 1511 καὶ
2551 1458 2900 1529 πᾶνδώρημα
2931 1457 3131 1509 τέλειον
3159 1454 3364 1508 ἄνωθέν
3387 1455 3502 1505 ἐστι
3527 1469 3634 1504 κα-

2048 1551 2298 1603 ταϐαῖνον
2317 1551 2424 1604 ἀπὸ
2437 1551 2530 1603 τοῦ
2553 1551 2758 1620 Πατρός
2779 1551 2887 1602 τῶν
2905 1548 3116 1618 φώτων.
3133 1566 3150 1597 ι
3181 1547 3276 1608 Τίς
3309 1546 3363 1599 δὲ
3388 1545 3480 1598 καὶ
3499 1545 3634 1596 ποία

2047 1641 2079 1708 ἡ
2115 1639 2280 1710 βουλή
2309 1659 2322 1704 ;
2353 1639 2446 1706 Τὸ,
2479 1640 2801 1710 καταλεῖψαι
2829 1643 2893 1711 τῇ
2933 1642 3000 1708 γῇ
3049 1638 3118 1690 τὰ
3153 1640 3314 1707 γήϊνα
3339 1674 3352 1697 ,
3381 1636 3476 1688 καὶ
3518 1636 3632 1686 πᾶν

366 1746 586 1784 omnem
616 1729 994 1800 Egyptiacam
1033 1728 1388 1784 allectienem
1420 1728 1524 1784 sub
1560 1729 1756 1782 sabulo
1786 1745 1946 1798 sepe-

2048 1733 2422 1798 Δίγυπτιακὸν
2454 1732 2666 1802 θέλημα
2705 1731 2868 1800 θάψαι
2927 1731 3030 1783 ὑπὸ
3068 1730 3166 1798 τὴν
3215 1728 3418 1797 ἅμμον.
3450 1743 3630 1796 προσ-

363 1821 506 1875 licns
531 1819 598 1874 ad
629 1829 873 1872 montem
907 1819 1206 1882 virtutum,
1237 1818 1290 1872 id
1336 1818 1513 1872 estad
1562 1817 1794 1872 chorum
1838 1834 1940 1872 an-

362 1914 602 1984 gelicum
655 1912 1058 1967 monachorum
1117 1911 1517 1976 contenderet,
1572 1911 1936 1982 quemadmo-

361 2008 494 2062 dum
521 2022 648 2060 mox
677 2005 845 2061 latius
873 2004 1300 2074 explicabimus.

2047 1823 2272 1893 δραμεῖν
2305 1842 2363 1896 τε
2393 1824 2468 1893 τῷ
2497 1825 2609 1894 ὄρει
2649 1823 2992 1895 τῶνάρετῶν
3027 1864 3039 1886 ,
3067 1821 3209 1889 λέγω
3265 1819 3328 1889 δὴ
3381 1819 3457 1887 τῷ
3517 1817 3632 1869 τῶν

2051 1915 2301 1984 μοναχῶν
2334 1914 2610 1984 ἀγγελικῷ
2641 1915 2784 1986 χορῷ
2809 1954 2822 1980 ,
2857 1915 2983 1983 περὶ
3046 1907 3100 1965 οὗ
3159 1911 3350 1983 μικρὸν
3399 1910 3630 1978 ὕστερον

2047 2006 2289 2076 λέξομεν.

1841 2237 2064 2293 CAPUT
2098 2237 2165 2291 ll.

1209 2356 1480 2410 Gracluum
1525 2355 1992 2410 ecclesiasticarum
2025 2357 2283 2427 susceptio
2311 2357 2451 2408 :vita
2485 2354 2792 2408 monastica.

437 2477 518 2531 ιι.
577 2478 878 2545 Postquam
937 2475 1236 2528 monastici
1291 2473 1533 2528 habitus
1593 2473 1930 2543 suscipiendi

359 2567 706 2638 propositum
737 2567 839 2630 sic,
877 2565 1222 2629 utdisimus,
1267 2565 1690 2632 constituisset;
1743 2580 1808 2619 ac
1837 2581 1932 2620 su-

361 2673 462 2726 pra
485 2664 699 2726 petram
723 2671 846 2724 quae
876 2654 1138 2710 Christus
1169 2654 1598 2718 cstazdilicatus,
1625 2653 1844 2708 ﬁrmum
1871 2669 1936 2709 ac

357 2749 558 2804 stabile
595 2747 883 2802 videretur
937 2746 1146 2822 habere
1195 2744 1662 2810 fundamentum;
1693 2745 1808 2800 Deo
1855 2745 1937 2800 sic

355 2845 574 2907 agente,
608 2837 795 2892 oblata
854 2847 939 2892 est
995 2837 1218 2892 occasio
1251 2837 1528 2906 quaedam,
1571 2853 1696 2907 quae
1743 2841 1929 2894 censi-

355 2931 488 2984 lium
553 2929 702 2984 istud
735 2929 1018 2999 paulisper
1074 2928 1396 2999 impediret.
1466 2929 1602 2984 Nam
1645 2930 1793 2986 sicut
1826 2931 1931 2994 iter

351 3031 602 3092 agentes,
633 3023 864 3092 ipseque
909 3023 966 3076 in
1015 3021 1219 3076 itinere
1272 3033 1468 3076 mutue
1524 3023 1928 3092 colloquentes,

2113 2473 2206 2543 ιβ’.
2244 2473 2328 2537 Ὠς
2357 2472 2448 2526 οὖν
2479 2473 2650 2526 ταῦτα
2681 2467 2748 2541 ἦν
2771 2467 2915 2538 αὐτῷ
2938 2465 3374 2538 μεμελετημένα,
3408 2463 3500 2516 καί
3521 2463 3622 2514 ἐπὶ

2033 2565 2132 2634 τῆς
2192 2566 2420 2637 πέτρας,
2455 2566 2577 2634 ἥτις
2610 2564 2758 2616 ἐστὶν
2788 2563 2815 2614 ὀ
2861 2559 3114 2630 Χριοτδς,
3154 2554 3477 2629 ᾠκοδομήθη
3513 2572 3622 2607 κα-

2034 2657 2161 2722 λῶς,
2195 2657 2289 2712 καὶ
2324 2657 2539 2728 ἔμεινεν
2583 2657 2834 2716 ἀσειστος
2865 2654 2960 2705 καὶ
2987 2649 3239 2722 ἀρραγὴς
3292 2649 3320 2700 ὁ
3361 2646 3620 2716 Θεμέλιος

2034 2737 2217 2810 οὗτος·
2250 2747 2456 2815 γίνεταί
2511 2765 2593 2810 τις
2653 2748 2717 2799 ὲκ
2776 2743 2908 2797 Θεοῦ
2958 2744 3250 2811 πρόφασις,
3324 2738 3620 2793 κωλύουσα

2038 2839 2174 2909 πρὸς
2191 2841 2384 2910 μικρὸν
2407 2840 2504 2910 τὴν
2529 2839 2861 2908 ἐγχείρησιν,
2897 2834 3144 2903 καθάπερ
3173 2834 3262 2885 ἐπὶ
3286 2829 3385 2884 τῶν
3401 2829 3618 2882 ὁδευόν-

2038 2949 2144 2983 των
2215 2932 2308 2983 καὶ
2366 2931 2500 3002 πρὸς
2569 2929 2836 2999 ἀλλήλους
2903 2925 3298 2994 διαλεγομένων
3351 2921 3618 2988 ἐξαίφνης

2041 3022 2236 3094 βροντὴ
2272 3023 2558 3093 γενομένη,
2593 3021 2772 3098 ἵστησι
2816 3021 2907 3072 τοῦ
2939 3019 3125 3089 πρόσω
3154 3016 3248 3069 κοιλ⁵
3300 3013 3398 3082 τῆς
3435 3011 3618 3064 διαλέ-

351 3091 405 3164 si
421 3091 712 3181 repentino
741 3091 929 3180 alique
975 3111 1348 3181 percellantur
1387 3111 1596 3166 tonitru
1617 3151 1632 3176 ,
1681 3091 1778 3182 per
1809 3128 1927 3166 mo-

2035 3111 2166 3175 ξεως
2209 3113 2335 3174 τοὺς
2385 3095 2689 3176 ὁδεύοντας,
2713 3107 3088 3179 πραῦνθείσης
3124 3105 3181 3158 δὲ
3206 3103 3406 3170 ταύτης
3444 3101 3616 3154 πάλιν

351 3202 540 3256 dicum
578 3211 796 3271 tempus
837 3201 1216 3256 intermittunt
1242 3213 1300 3256 et
1357 3202 1541 3257 iteret
1570 3218 1921 3269 sermonem;

349 3293 444 3348 illo
475 3300 662 3348 autem
689 3301 964 3356 cessante,
1000 3277 1300 3362 utrumque
1325 3294 1924 3350 resumuntzsicemni-

345 3397 419 3438 ne
439 3382 669 3452 contigit
688 3382 818 3436 huic
847 3382 1158 3436 admirabili
1181 3382 1320 3438 viro.
1343 3384 1480 3437 Dum
1500 3385 1647 3439 enim
1667 3385 1925 3440 solitaria:

347 3473 476 3528 vitze
514 3473 773 3528 ineundae
799 3489 962 3544 quam
1005 3474 1242 3529 maxime
1305 3483 1490 3529 versat
1539 3477 1920 3545 cogitationes,

346 3564 531 3618 oblata
563 3575 646 3620 est
672 3565 1006 3634 pontificalis
1034 3565 1275 3636 dignitas
1299 3567 1676 3621 Amasaeerum
1702 3566 1924 3638 (7),epi-

253 3701 255 3704 .
344 3671 513 3726 scopo
547 3656 782 3727 aliisque
809 3658 1094 3712 nonnullis
1117 3673 1334 3713 summo
1366 3659 1554 3714 studio
1579 3659 1922 3714 contenden-

345 3747 514 3810 tibus,
543 3755 602 3800 ut
629 3747 1068 3804 Lazicbenerum
1092 3749 1165 3816 (8)
1183 3749 1494 3820 susciperet
1515 3750 1916 3820 episcopatum.

341 3839 550 3894 Herum
583 3840 870 3894 voluntate
926 3840 1302 3910 precibusque
1351 3851 1598 3904 coactus,
1651 3858 1778 3896 cum
1844 3843 1918 3896 ita

339 3931 512 3988 Deum
543 3933 683 3988 velle
729 3933 1095 3998 existimaret,
1150 3934 1318 3988 cessit
1375 3933 1714 3999 necessitati,
1747 3949 1918 4004 seque

339 4024 492 4079 velut
559 4039 761 4094 agnum
837 4025 1190 4080 innocentem
1264 4023 1494 4078 tradidit
1557 4025 1920 4096 Metropolitae

339 4119 636 4180 Amasene,
663 4123 796 4169 tunc
821 4116 876 4169 in
915 4116 1054 4171 urbe
1085 4116 1252 4186 Regia
1276 4117 1668 4170 cemmoranti.

409 4211 496 4264 15.
525 4211 592 4264 Et
621 4211 864 4280 primum
895 4210 1120 4282 quidem
1146 4212 1396 4280 suscepit
1437 4212 1746 4280 spiritalem
1787 4229 1916 4283 gra-

339 4302 468 4356 tiam
493 4302 739 4369 lectoris,
776 4317 941 4371 quam
971 4317 1070 4370 per
1099 4317 1157 4356 se
1185 4303 1456 4358 Dominus
1495 4304 1614 4372 ipse
1649 4303 1910 4366 initiavit,

2029 3205 2263 3276 ἔχονται·
2294 3205 2383 3256 τὸν
2411 3204 2572 3257 αὐτὸν
2620 3202 2831 3256 τουτονὶ
2885 3201 3084 3272 τρόπον
3139 3199 3234 3252 καὶ
3264 3201 3288 3251 ὁ
3323 3197 3616 3257 θεσπέσιος

2027 3297 2166 3368 ἀνὴρ
2202 3295 2498 3365 ὑπέμεινεν
2525 3310 2540 3324 ·
2580 3296 2636 3348 ἐν
2666 3287 2710 3363 ᾧ
2737 3295 2846 3364 γὰρ
2877 3293 2945 3346 τὰ
2989 3292 3084 3345 τοῦ
3155 3291 3424 3360 μονήρους
3483 3286 3610 3358 βίου

2025 3388 2370 3456 διελογίζετο,
2407 3387 2767 3460 προετυπώθη
2792 3385 2938 3456 αὐτῷ
2971 3387 3031 3438 τὸ
3069 3385 3164 3455 τῆς
3193 3381 3616 3456 ἀρχιερωσύνης

2025 3478 2263 3548 ἀξίωμα.
2301 3480 2412 3532 Καὶ
2437 3481 2500 3550 δὴ
2531 3478 2844 3548 γίνεταίτις
2876 3476 3024 3546 αύτῷ
3055 3475 3378 3546 περίστασις
3407 3473 3515 3526 ἀπό
3539 3489 3612 3524 τε

2024 3571 2118 3624 τοῦ
2163 3571 2466 3640 τηνικαῦτα
2511 3571 2804 3624 ὁσιωτάτου
2842 3568 3144 3622 ἐπισκόπου
3174 3566 3271 3634 τῆς
3319 3563 3612 3632 Ἀμασέων

2028 3659 2434 3728 μητροπόλεως,
2469 3659 2577 3711 ὁ.πὸ
2601 3677 2658 3712 τε
2699 3657 2873 3713 ἄλλων
2906 3656 3091 3720 τινῶν,
3131 3656 3223 3708 ἐπὶ
3252 3654 3312 3706 τὸ
3343 3652 3612 3720 γενέσθαι

2025 3749 2186 3803 αὑτὸν
2258 3750 2554 3803 ἐπίσκοπον
2617 3750 2715 3821 τῆς
2803 3749 2910 3802 τῶν
2985 3744 3308 3816 Λαζιχηνῶν
3369 3743 3605 3806 πόλεως.

2025 3841 2186 3906 erga;
2227 3841 2319 3894 οὖν
2352 3844 2471 3903 ταῖς
2517 3841 2919 3910 ὲπενεχθείσαις
2977 3837 3121 3908 αὐτῷ
3173 3837 3468 3903 ἀνάγκαις,
3503 3833 3608 3886 καὶ

2022 3933 2384 4002 λογισάμενος
2443 3933 2594 3986 θείαν
2659 3933 2861 3992 ταύτην
2912 3925 3053 3984 εἶναι
3113 3929 3333 4001 βουλὴν,
3381 3925 3607 3979 δίδωσιν

2021 4025 2210 4078 ἑαυτὸν
2241 4025 2315 4088 ὼς
2347 4025 2530 4096 ἀρνίον
2555 4025 2760 4080 ἄκακον
2797 4022 2873 4092 τῷ
2895 4024 2992 4092 τῆς
3024 4021 3304 4092 Ἀμασέων
3325 4019 3602 4088 ἀρχιερεῖ.

2018 4117 2316 4189 τηνικαῦτα
2358 4119 2596 4186 διάγοντι
2633 4120 2691 4171 ὲν
2749 4117 2886 4186 αὐτῇ
2913 4119 2977 4186 τῇ
3009 4112 3366 4186 βασιλευούσῃ
3417 4109 3600 4162 πόλει.

2092 4217 2178 4278 ιγ’.
2211 4212 2319 4263 Καὶ
2383 4210 2600 4280 πρῶτον
2637 4211 2737 4279 μὲν
2773 4207 3018 4274 ἀξιοῦται
3047 4208 3143 4276 τῆς
3185 4204 3278 4257 τοῦ
3343 4199 3600 4268 ἀναγνώ-

2021 4319 2144 4356 στου
2203 4301 2587 4372 πνευματικῆς
2617 4301 2860 4372 χάριτος,
2887 4301 2953 4371 ἢν
2984 4298 3074 4352 καὶ
3105 4299 3133 4350 ὀ
3169 4299 3370 4367 Κύριος
3431 4292 3600 4364 ἡμῶν

335 4391 558 4462 quando
600 4401 831 4462 accepto
855 4393 1000 4446 libro
1032 4393 1185 4462 legit,
1216 4401 1273 4447 et
1297 4395 1684 4462 complicatum
1742 4395 1947 4478 mini-3

2035 4398 2110 4451 ιαὶ
2157 4397 2288 4460 Θεὸς
2319 4398 2546 4469 ἡγίασεν
2580 4415 2592 4427 ·
2627 4396 2806 4449 λαϐὼν
2841 4397 2948 4464 γὰρ
2994 4394 3054 4446 τὸ
3094 4391 3318 4464 βιϐλίον,
3355 4389 3596 4455 ἀνέγνω,

335 4493 451 4538 stre
507 4483 769 4539 reddidit.
827 4483 1140 4539 Notandum
1179 4499 1312 4539 vero
1362 4493 1447 4539 est
1495 4485 1643 4553 quod
1677 4485 1907 4555 capillos

333 4591 462 4630 suos
485 4575 725 4645 primum
751 4575 1028 4644 deposuit,
1053 4592 1163 4631 non
1183 4576 1238 4630 in
1265 4575 1504 4632 obscuro
1533 4576 1718 4645 aliquo
1745 4576 1865 4632 loco
1890 4594 1906 4643 ;

332 4670 426 4723 sed
455 4668 509 4722 in
543 4667 660 4724 aede
689 4683 868 4733 sacra,
905 4683 1103 4738 eaque,
1131 4669 1202 4723 ob
1227 4683 1449 4723 causam
1489 4669 1708 4738 plenam
1739 4683 1900 4724 reve-

399 4787 422 4816 ⁸
449 4785 607 4838 Prov.
645 4799 702 4848 ιι,
739 4783 825 4837 ll.
901 4782 1053 4836 ’Jac.
1085 4795 1119 4846 ι,
1153 4782 1242 4834 l7.

2018 4489 2112 4541 καὶ
2166 4488 2372 4553 πτύξας
2425 4487 2707 4542 ἀπέδωκεν
2737 4486 2814 4558 τῷ
2850 4485 3116 4556 ὑπηρέτῃ.
3160 4481 3343 4546 ’Ἄξιον
3385 4481 3439 4533 δὲ
3493 4480 3596 4532 καὶ

2018 4580 2178 4632 τοῦτο
2207 4579 2676 4650 ἐπισημήνασθαι,
2709 4579 2827 4642 πῶς
2852 4577 2949 4648 οὐχ
2982 4574 3234 4645 ἀπλῶς,ἢ
3267 4573 3342 4635 ὡς
3371 4571 3592 4640 ἔτυχεν.

2019 4665 2130 4736 ἢὲν
2157 4671 2356 4742 ἀσήμῳ
2389 4672 2539 4742 τόπῳ
2569 4669 2665 4741 τὴν
2700 4669 2922 4740 πρώτην
2949 4667 3186 4721 ἀπέθετο
3227 4666 3386 4736 τρίχα
3417 4681 3428 4692 ·
3465 4663 3588 4715 ἀλλ’

401 4897 487 4966 (ἰ)
513 4897 648 4952 ltem
677 4897 820 4951 hanc
845 4909 1035 4966 vocem
1055 4894 1354 4966 substitui,
1381 4895 1504 4948 loco
1537 4893 1751 4964 πλήθει,
1783 4909 1902 4963 (ποτε
1943 4893 2214 4966 signiﬁcat
2245 4895 2655 4949 multitudinem.

403 4964 498 5040 (nt)
528 4967 808 5038 Scriptum
831 4975 951 5020 erat
987 4965 1220 5034 θελήσω,
1245 4964 1439 5018 volam.

399 5079 476 5150 (7)
507 5079 602 5136 Est
621 5079 852 5136 Amasea
903 5078 1227 5150 metropolis
1263 5077 1651 5150 Helenoponti,
1707 5079 1904 5134 etiam-

325 5149 464 5204 num
482 5151 742 5213 celebris,
797 5150 864 5204 de
907 5165 1035 5220 qua,
1066 5149 1528 5220 pleniordagendi
1571 5151 1792 5220 occasio
1835 5151 1905 5204 26

324 5220 529 5290 Aprilis
575 5220 642 5274 ad
677 5221 850 5275 Vitam
901 5217 959 5274 S.
1005 5217 1244 5290 Basilei,
1281 5217 1488 5290 ibidem
1553 5218 1800 5290 episcopi
1850 5227 1907 5290 et

327 5287 602 5359 martyris.
663 5291 936 5346 Nonnulla
964 5291 1130 5344 etiam
1180 5289 1248 5344 de
1287 5303 1352 5342 ea
1378 5287 1622 5359 diximus
1647 5287 1680 5340 5
1701 5289 1902 5354 Martii,

327 5361 392 5412 ad
429 5357 600 5414 Vitam
653 5360 748 5416 SS.
785 5361 1058 5430 Eutropii,
1089 5359 1334 5414 Cleonici
1379 5368 1436 5412 et
1473 5357 1724 5413 Basilisci
1755 5375 1906 5412 mar-

326 5433 525 5482 tvrum.

349 5453 598 5570 )Egiui’ix
621 5499 750 5570 alibi
780 5509 908 5554 nota
963 5510 1048 5556 est
1081 5515 1213 5555 ures
1264 5501 1381 5556 haec
1418 5499 1894 5570 iLazichenorum,

325 5568 466 5622 infra
493 5585 548 5623 ιι.
585 5569 668 5623 16.
701 5569 1058 5625 Lazichorum
1085 5587 1148 5624 ac
1170 5571 1373 5625 deinde
1415 5569 1638 5624 Lazichi
1682 5569 1897 5638 episce-

325 5647 483 5710 patus
535 5640 830 5709 :suspicer
881 5641 1130 5694 eamdem
1181 5657 1301 5695 esse
1361 5655 1481 5710 qua:
1543 5639 1596 5693 in
1651 5641 1894 5709 antiquis

1999 5081 2228 5136 Netiliis
2273 5078 2718 5149 episcopatuum,
2775 5089 2902 5148 post
2931 5077 3336 5148 Geographiam
3363 5095 3584 5135 sacram

1999 5151 2182 5205 Caroli
2207 5165 2236 5203 a
2269 5147 2327 5204 Si
2383 5147 2553 5203 Paulo
2595 5147 2791 5211 editis,
2817 5147 3328 5204 vocatur’Zalichus
3355 5159 3412 5204 et
3435 5149 3586 5205 ΖειΙὶ-

2000 5222 2129 5274 chin
2202 5219 2323 5288 (per
2383 5217 2730 5288 metatbesim
2791 5219 3008 5274 scilicet
3075 5219 3178 5273 :cvi
3231 5221 3584 5288 posterioris)

2002 5291 2119 5344 sive
2183 5286 2539 5358 Leontopotis,
2587 5302 2694 5358 una
2743 5297 3100 5358 exrquatuor
3165 5286 3584 5358 episeopatibus

2003 5359 2280 5414 Amasene
2342 5355 2705 5428 metropolitte.
2764 5357 3070 5428 subjectis:
3113 5358 3206 5412 Est
3239 5355 3462 5428 quidem
3521 5370 3586 5414 et

2006 5375 2280 5414 amasene
2342 5375 2705 5427 metropouue
2764 5375 2866 5412 sub
2893 5375 3048 5412 ecus.
3113 5375 3462 5428 LSIqmuem
3521 5375 3584 5414 et

2006 5429 2234 5483 Lazicha
2269 5430 2561 5498 provincia,
2585 5427 2830 5497 antiquis
2855 5375 3000 5482 (iicta
3035 5425 3259 5490 Colchis,
3299 5428 3366 5482 ad
3413 5445 3584 5483 eum-

2007 5499 2132 5554 dem
2168 5497 2443 5552 Eusinum
2472 5498 2731 5568 Pontum,
2753 5498 2847 5552 sed
2869 5497 3089 5568 longius
3114 5498 3322 5560 dissita,
3357 5506 3410 5552 et
3449 5513 3584 5568 qu:

2004 5568 2555 5640 prepriumhabebat
2594 5567 3016 5640 Metropolitcm,
3043 5567 3286 5622 Phasidis
3334 5567 3582 5624 dictum:

2003 5647 2062 5694 ut
2090 5638 2158 5694 de
2192 5655 2254 5694 ea
2291 5638 2381 5694 hic
2417 5638 2658 5710 cogitare
2683 5653 2793 5692 non
2859 5638 3038 5694 liceat.
