4042 6156
332 275 462 340 2239

1853 268 2030 327 VITA

3430 269 3569 335 2290

327 385 380 441 ἐν
412 386 542 454 οἴκῳ
575 381 712 452 άγίῳ
736 381 828 434 καὶ
859 375 999 450 μετά
1029 394 1172 441 τινος
1208 378 1440 446 φρικτῆς
1467 374 1560 426 καὶ
1586 373 1889 440 σεϐασμίας

2000 375 2191 430 rentia:
2225 389 2288 429 ac
2313 374 2621 444 religionis,
2653 371 2888 426 delecta.
2923 371 3226 428 Audiamus
3251 374 3419 446 igitur
3444 381 3571 448 quis

325 477 656 548 προφάσεως.
683 472 778 537 Τίς
812 472 902 525 οὖν
932 469 1092 539 αὕτη,
1117 469 1209 521 καὶ
1267 467 1349 529 τίς
1378 469 1405 519 ό
1434 468 1596 528 τόπος
1623 467 1651 518 6
1689 465 1844 532 ἅγιος
1869 481 1884 529 ;

326 563 584 636 ἄκου[σ]ε·
615 564 824 627 Πάντες
851 564 1008 632 ῐσμεν
1029 560 1120 613 τὸν
1137 555 1282 611 οἷκον
1307 558 1404 626 τῆς
1432 557 1590 624 ἁγίας
1617 557 1711 608 καὶ
1739 555 1881 608 ἐνδό-

327 661 410 725 ξου
456 656 752 724 Δεσποίνης
811 653 968 722 ήμῶν
1022 649 1286 703 Θεοτόκου
1331 651 1423 701 καὶ
1479 649 1567 702 ἀεὶ
1613 647 1888 718 Παρθένου

324 751 554 821 Μαρίας,
579 748 669 800 τὸν
702 749 758 799 ἐν
777 748 890 807 τοῖς
912 743 1206 812 Ούϐρικίου
1225 742 1283 792 ἐν
1305 740 1380 811 τῷ
1416 739 1758 810 Στρατηγίῳ.
1800 739 1889 790 Ἐν

325 843 488 910 τούτῳ
545 838 816 908 σχολάζων
843 837 906 889 ἐκ
963 834 1161 904 μικρᾶς
1213 831 1427 901 ἡλικίας
1467 831 1496 882 6
1531 831 1703 900 μέγας
1740 824 1892 891 οὗτος

327 934 480 1002 ἀνὴρ,
518 933 574 983 ἐν
605 928 754 993 αύτῷ
797 927 893 980 καὶ
946 926 1041 987 τὰς
1110 923 1276 992 εὐχὰς
1323 921 1518 984 νυκτὸς
1554 921 1648 973 καὶ
1675 920 1892 991 ἡμέρας

328 1027 457 1096 πρὸς
485 1024 618 1076 Θεὸν
662 1021 1001 1090 ἀναπέμπων
1035 1018 1094 1070 οὐ
1142 1015 1528 1084 διελίμπανεν,
1575 1013 1894 1080 ἀξιούμενος

329 1119 417 1170 καὶ
445 1117 542 1184 τῆς
580 1112 936 1182 μεταλήψεως
975 1109 1067 1162 τοῦ
1098 1109 1261 1176 ἁγίου
1284 1107 1533 1174 σώματος
1565 1105 1658 1158 καὶ
1687 1103 1784 1156 τοῦ
1816 1120 1894 1155 τι-

333 1210 448 1279 μίου
482 1208 711 1275 αἵματος
741 1201 978 1273 Χριστοῦ
1007 1200 1099 1252 τοῦ
1130 1198 1267 1251 Θεοῦ
1310 1198 1488 1265 ἡμῶν.
1538 1195 1772 1256 Εἰκότως
1803 1193 1894 1246 οὖν

331 1295 621 1363 ἐπιθυμίαν
671 1292 846 1360 ἔσχεν,
877 1288 1071 1357 καιροῦ
1120 1287 1470 1351 καλέσαντος,
1503 1287 1560 1338 ἐν
1607 1283 1756 1353 αὐτῷ
1803 1284 1896 1336 καὶ

330 1384 423 1445 τὰς
478 1379 853 1449 πνευματικὰς
907 1379 1005 1446 τῆς
1067 1376 1368 1445 ἱερωσύνης
1410 1375 1596 1427 λαϐεῖν
1643 1377 1896 1445 χάριτας.

337 1475 536 1533 Ὄντως
594 1470 726 1536 ἄλλη
774 1469 912 1521 Σιὼν
972 1466 1222 1537 ἐδείχθης
1257 1468 1386 1536 ἁγία
1411 1467 1512 1536 τῆς
1547 1466 1752 1537 μητρὸς
1799 1465 1895 1518 τοῦ

333 1560 566 1632 Χριστοῦ
607 1560 924 1630 Ἐκκλησία,
949 1560 1030 1611 ὅτι
1065 1559 1156 1610 καὶ
1215 1560 1272 1609 ἐν
1302 1558 1383 1610 σοὶ
1438 1556 1798 1627 κατεπέμφθη
1837 1557 1898 1609 τὺ

333 1660 481 1724 ἄτιον
507 1654 729 1725 Πνεῦμα
767 1657 859 1706 ἐπ)⁵
885 1655 976 1706 τὸν
1015 1655 1156 1707 θεῖον
1192 1655 1284 1708 καὶ
1320 1653 1680 1707 ἀποστολικδν
1704 1654 1891 1723 άνδρα“

1995 467 2151 522 locus
2185 467 2275 520 ille
2314 465 2502 520 fuerit.
2537 464 2738 518 Notum
2765 474 2850 519 est
2880 464 3144 520 omnibus
3177 466 3430 535 gloriosa:
3460 471 3570 526 Do-

1995 557 2158 610 minae
2189 566 2392 610 nostra:
2451 556 2546 610 Dei
2598 554 2898 632 genitricis
2945 571 3280 626 semperque
3336 559 3572 631 virginis

1994 646 2178 701 Maria:
2205 647 2492 715 templum,
2531 645 2740 701 Urbicii
2775 646 2848 716 (9)
2879 646 3092 700 dictum
3125 657 3180 702 et
3215 648 3268 702 in
3296 648 3572 721 Strategio

1995 738 2185 792 situm.
2213 739 2272 791 ln
2313 739 2418 792 hoc
2471 753 2501 792 a
2549 737 2728 806 prima
2785 745 2946 792 :etate
2976 753 3205 809 magnus
3239 740 3332 794 hic
3363 741 3450 795 vir
3484 741 3574 797 dic

1995 827 2508 896 noctuque-divinis
2535 827 2764 880 vacabat
2789 827 3230 894 precationibus,
3269 829 3323 881 in
3351 829 3575 883 eodem-

1994 935 2104 988 que
2141 919 2317 974 sancti
2353 918 2606 988 corporis
2639 933 2703 972 ac
2727 918 2964 986 pretiosi
3019 920 3309 988 sanguinis
3362 919 3572 977 Christi

1995 1010 2092 1064 Dei
2149 1009 2324 1064 nostri
2380 1007 2770 1063 communione
2829 1008 3069 1077 primum
3128 1010 3387 1078 dignatus
3435 1011 3570 1067 fuit:

1995 1110 2338 1172 quapropter
2387 1101 2555 1154 etiam
2589 1115 2895 1169 congruum
2928 1099 3087 1153 duxit
3141 1108 3197 1154 et
3242 1101 3296 1154 in
3349 1101 3571 1167 eodem,

1996 1209 2122 1249 cum
2152 1193 2204 1246 id
2230 1194 2342 1263 jam
2372 1200 2590 1260 tempus
2610 1191 2946 1260 requireret,
2976 1191 3255 1260 spiritales
3279 1193 3577 1256 clericatus

1997 1286 2275 1355 acciperet
2307 1283 2530 1353 gratias.
2590 1283 2727 1337 Vere
2761 1284 2934 1337 altera
2983 1282 3114 1338 Sion
3166 1283 3444 1339 declarata
3492 1300 3572 1349 es,

1998 1385 2188 1431 sancta
2209 1375 2416 1429 Christi
2435 1374 2628 1428 matris
2668 1373 2947 1429 Ecclesia:
2973 1374 3235 1444 quoniam
3266 1374 3320 1428 in
3368 1384 3419 1429 te
3447 1375 3606 1430 mis-'

1998 1485 2094 1526 sus
2127 1477 2213 1524 est
2243 1467 2488 1538 Spiritus
2539 1475 2764 1522 sanctus
2794 1483 2965 1536 super
3014 1467 3269 1523 divinum
3326 1458 3477 1524 hunc
3520 1477 3578 1524 et

1999 1560 2365 1631 apostolicum
2402 1559 2622 1612 virum:
2659 1567 2714 1612 et
2748 1571 2830 1623 tu,
2863 1554 3104 1625 vir'Dei,
3139 1562 3287 1616 haud
3312 1579 3458 1618 vano
3475 1564 3576 1620 de-

2001 1651 2208 1704 siderio
2231 1647 2557 1702 desiderasti
2588 1647 2821 1717 gratiam
2853 1664 3016 1716 quam
3045 1650 3362 1715 adamabas,
3419 1655 3587 1724 cujus

333 1718 422 1798 καὶ
458 1750 520 1798 σὺ
558 1718 916 1814 δέίᾶνθρωπε
948 1742 1043 1796 τοῦ
1099 1744 1258 1806 Θεοῦ,
1295 1743 1562 1813 ἐπιθυμία
1617 1718 1896 1814 ἐπεθύμη-

2003 1739 2481 1810 pulchritudinem
2509 1740 2619 1809 jam
2651 1739 2746 1792 diu
2771 1740 3158 1808 concupieras,
3187 1718 3578 1814 quamque'in

335 1854 429 1900 σας
461 1838 525 1906 ἥν
559 1836 834 1906 ἐπόθησας
861 1837 1038 1906 χάριν,
1067 1830 1134 1905 ἦς
1161 1836 1394 1905 ἐραστὴς
1442 1835 1536 1887 τοῦ
1572 1835 1802 1897 κάλλους
1835 1836 1898 1888 ἐκ

333 1927 539 1979 πολλῶν
576 1927 685 1978 τῶν
732 1926 936 1996 χρόνων
991 1927 1198 1995 ἐγένου,
1229 1928 1294 1994 ἣν
1323 1929 1381 1979 ἐν
1422 1925 1568 1996 αὐτῷ
1600 1925 1679 1996 τῷ
1747 1925 1903 1994 ἁγιά-

335 2034 491 2088 σματι
521 2017 719 2070 λαϐεῖν·
731 2017 962 2087 ἐζήτεις.

401 2108 480 2162 ιδ’.
521 2107 586 2159 Τί
614 2106 704 2159 οῦν
753 2107 1007 2175 γίνεταις
1049 2109 1234 2179 Παρῆν
1275 2109 1497 2178 ’ἕτοιμος
1534 2111 1561 2161 6
1608 2109 1898 2181 ἁποθρίξαι

333 2198 793 2268 ἐπιτετραμμένος
813 2200 910 2269 τὴν
925 2201 1112 2267 τιμίαν
1137 2200 1344 2252 ἐκείνου
1364 2200 1606 2271 κεφαλήν
1627 2217 1640 2231 ο
1669 2200 1894 2271 ἐζήτουν

337 2289 596 2352 ἰδιάζοντα
645 2289 810 2341 τόπον
839 2306 854 2321 ο
908 2290 1219 2360 εὑρίσκεται
1275 2293 1303 2343 6
1357 2291 1506 2356 ἄξιος
1578 2290 1657 2362 τῷ
1732 2292 1892 2363 ἀξίῳ.

334 2381 426 2443 Τίς
472 2381 527 2434 δὲ
576 2377 728 2444 οὗτος
763 2397 777 2444 ;
811 2382 883 2434 Τὸ
922 2382 1076 2450 ἅγιον
1116 2381 1510 2453 βαπτιστήριον
1541 2400 1554 2415 ⁸
1585 2385 1899 2454 εἰσφέρεται

333 2473 408 2532 εἰς
436 2470 583 2533 αὐτὸ,
621 2472 714 2524 καὶ
753 2471 827 2542 μὴ
856 2472 1105 2542 εὑρόντες
1132 2473 1216 2541 ἐφ’
1315 2473 1656 2543 καθεσθῆναι
1691 2477 1860 2546 ἐχρῆν
1881 2519 1898 2542 ,

335 2559 641 2630 προμηθείᾳ
671 2560 764 2613 τοῦ
809 2562 1117 2631 κρείττονος
1139 2603 1152 2626 ,
1182 2563 1382 2632 εὑρέθη
1419 2565 1499 2627 είς
1531 2564 1591 2616 τὸ
1620 2566 1900 2635 κρηπίδω-

337 2669 409 2719 μα
433 2649 508 2720 (n)
544 2653 643 2719 τῆς
695 2652 900 2721 σεπτῆς
939 2651 1272 2722 ἐφεζόμενος
1320 2654 1703 2726 κολυμϐήθρας
1733 2673 1746 2687 ·
1808 2657 1904 2710 καὶ

334 2741 645 2810 ἀϐουλήτως
704 2741 868 2794 αὐτοῦ
919 2761 976 2796 τε
1027 2744 1121 2797 καὶ
1176 2743 1270 2797 τοῦ
1321 2745 1594 2810 κείοντος,
1663 2747 1781 2818 θεία
1845 2749 1902 2801 δέ

330 2833 478 2900 ὅμως
514 2833 699 2903 βουλῇ,
725 2835 782 2885 αἱ
831 2834 1015 2904 τρίχες
1047 2836 1222 2888 πᾶσαι
1258 2837 1338 2898 είς
1371 2837 1470 2907 τὴν
1513 2837 1902 2909 κολυμϐήθραν

332 2925 774 2980 ἐκπεπτώκασιν.
806 2927 917 2980 Θαύ
927 2945 1093 2998 ματος
1121 2929 1248 2995 ἄξια
1280 2929 1346 2982 τὰ
1375 2929 1659 2999 συμϐάντα
1686 2930 1764 3001 τῷ
1809 2949 1906 3001 με·

2004 1832 2125 1901 ipso
2154 1829 2477 1886 sanctuario
2502 1829 2760 1899 accipere
2791 1831 3112 1900 expetebas.

2076 2111 2159 2164 H.
2191 2109 2335 2176 Quid
2362 2109 2531 2180 igitur
2558 2116 2743 2164 actum
2775 2109 2899 2162 est?
2922 2109 3155 2163 Paratus
3180 2116 3300 2163 erat
3329 2110 3423 2179 qui
3451 2126 3580 2181 pre-

2007 2207 2206 2259 tiosum
2231 2204 2382 2257 illius
2411 2209 2577 2271 caput
2611 2199 2906 2254 tonderet:
2941 2200 3302 2270 quierehatur
3329 2211 3577 2257 secretus

2002 2313 2032 2352 a
2063 2295 2228 2351 turba
2254 2295 2433 2357 locus,
2465 2302 2523 2347 et
2574 2293 2776 2362 dignus
2827 2292 2995 2362 digno
3026 2301 3287 2361 repertus
3321 2303 3427 2348 est.
3470 2295 3576 2348 Ec-

2002 2388 2127 2458 quis
2147 2384 2365 2440 autem?
2381 2382 2645 2438 Sanctum
2669 2381 3057 2450 baptisterium
3084 2399 3098 2434 :
3137 2381 3268 2436 illuc
3285 2397 3580 2437 concesse—

2003 2487 2154 2534 runt.
2188 2477 2438 2545 Cumque
2465 2490 2576 2528 non
2604 2475 2923 2528 invenirent
2952 2474 3045 2528 ubi
3077 2475 3576 2540 considerent,Dei

2003 2568 2353 2640 providentia
2381 2567 2582 2621 factum
2607 2575 2690 2620 est
2715 2575 2773 2620 ut
2793 2565 2846 2619 in
2871 2565 2999 2620 almi
3027 2566 3231 2620 lavacri
3255 2567 3372 2621 basi
3396 2568 3582 2622 consi-

2003 2659 2162 2714 deret
2185 2656 2523 2728 Eutychius:
2561 2664 2619 2710 et
2647 2665 2844 2710 contra
2872 2656 3051 2725 ipsius
3087 2667 3256 2726 atque
3293 2657 3581 2713 tondentis

2003 2749 2368 2810 voluntatem,
2395 2745 2588 2800 divino
2623 2753 2805 2800 tamen
2835 2747 3096 2812 consilio,
3145 2747 3370 2811 accidit,
3427 2757 3485 2801 ut
3521 2747 3578 2801 in

2005 2853 2220 2892 sacrum
2253 2837 2461 2891 fontem
2479 2851 2672 2890 omnes
2695 2837 2817 2906 ejus
2853 2836 3034 2905 capilli
3084 2836 3420 2891 deciderint.
3462 2836 3578 2891 Ad-

2005 2931 2298 2985 miratione
2349 2928 2668 2998 suntdigna
2704 2927 2957 2996 profecto
3003 2929 3185 2982 omnia
3227 2944 3349 2998 quae
3381 2945 3579 2999 magno

333 3016 483 3085 τᾶλῳ
523 3017 696 3086 ἀνδρί.
753 3018 814 3070 Ἡ
848 3019 956 3088 γάρ
985 3019 1082 3089 ήδη
1115 3020 1278 3073 αὑτὸν
1304 3021 1722 3092 ἀναγεννήσασα
1747 3024 1896 3092 τιμία

2007 3021 2140 3074 huic
2180 3021 2300 3073 viro
2341 3019 2718 3088 contigerunt.
2740 3017 2844 3084 Qui
2871 3019 3023 3073 enim
3080 3019 3263 3087 ipsum
3319 3027 3586 3088 tanquam

331 3107 708 3177 κολυμϐήθρα,
742 3111 897 3180 χεῖρα
952 3109 1250 3164 άπλὼσασα
1303 3113 1504 3182 τρόπον
1564 3113 1706 3174 τινὰ,
1740 3114 1903 3168 πάλιν

334 3198 518 3267 μήτηρ
571 3199 792 3266 γέγονεν
837 3199 1104 3270 δεξαμένη
1161 3201 1261 3264 τὰς
1319 3203 1512 3272 τρίχας
1557 3203 1741 3256 αὐτοῦ.
1793 3205 1904 3258 Καὶ

332 3289 702 3358 προτύπωσις,
735 3291 808 3353 ὡς
830 3288 980 3360 οἶμαι
1008 3332 1024 3358 ,
1045 3293 1203 3346 τοῦτο
1227 3293 1446 3362 γέγονεν
1475 3295 1567 3348 τοῦ
1622 3295 1903 3365 μέλλοντος

333 3382 729 3448 ἀναγεννᾶσθαι
761 3383 827 3435 δι’
852 3385 1015 3437 αὑτοῦ
1047 3402 1102 3436 τε
1135 3385 1228 3438 καὶ
1255 3387 1350 3454 τῆς
1388 3387 1548 3452 ἁγίας
1580 3391 1780 3460 σεπτῆς
1811 3407 1902 3442 κο-

331 3473 394 3522 λυ
404 3472 544 3542 μϐήθ
554 3491 671 3543 ρας,
691 3475 746 3524 ἐν
764 3474 931 3545 ταύτῃ
954 3475 1312 3548 βασιλευούσῃ
1339 3478 1507 3544 πόλει,
1531 3481 1907 3551 ἁναριθμήτου

331 3563 464 3616 λαοῦ
496 3582 510 3595 ·
542 3565 602 3616 ού
635 3564 740 3633 γάρ
769 3565 990 3620 δύναταί
1015 3584 1099 3630 τις
1123 3569 1299 3639 ἄστρα
1320 3609 1335 3632 ,
1362 3570 1394 3639 ἦ
1427 3570 1656 3642 ψάμμον
1699 3573 1899 3626 θαλάσ-

333 3671 458 3722 σης,
518 3655 550 3720 ἧ
633 3654 870 3724 κεφαλῆς
953 3656 1164 3726 τρίχας,
1242 3657 1462 3726 ἀριθμῷ
1557 3660 1903 3714 καθυποϐάλ-

329 3743 444 3795 λειν
461 3759 474 3774 ·
501 3742 672 3802 οὕτως
699 3743 817 3796 ούδέ
843 3745 968 3807 τοὺς
993 3745 1279 3814 τεχθέντας
1308 3747 1376 3800 δι’
1405 3747 1596 3812 ὕδατος
1616 3749 1711 3801 καὶ
1735 3749 1901 3802 Πνεύ-

333 3853 503 3903 ματος
554 3835 648 3887 καὶ
702 3837 1109 3905 προσαχθέντας
1141 3837 1217 3906 τῷ
1245 3839 1384 3909 Θεῷ,
1421 3839 1694 3907 βασίλειον
1749 3841 1900 3908 ίερά-

327 3943 526 3995 τευμα,
565 3925 712 3988 ἔθνος
736 3925 907 3992 ἅγιον,
939 3927 1026 3980 διὰ
1059 3927 1153 3980 τοῦ
1196 3929 1342 3981 όσίου
1388 3929 1602 3999 ἀνδρὸς,
1634 3930 1900 3999 ίσχύσειεν

327 4017 396 4067 ἄν
451 4032 534 4076 τις
575 4014 875 4084 ἀνθρώπων
928 4017 1418 4086 ἐξαριθμήσασθαι.
1487 4020 1625 4072 Οὐδὲ
1681 4021 1742 4072 τὸ
1787 4021 1904 4074 ἐτε-

329 4121 428 4171 ρον
459 4104 556 4170 (ο),
613 4104 748 4172 ὅπερ
801 4107 1204 4174 ἐπεσημήνατο,
1263 4108 1404 4176 φημὶ
1457 4107 1511 4160 δὲ
1539 4107 1637 4178 τὴν
1678 4111 1757 4172 εἰς
1801 4109 1900 4179 τὴν

325 4192 494 4259 ἁγίαν
547 4193 931 4263 κολυμϐήθραν
975 4195 1084 4247 τῶν
1133 4196 1333 4265 τριχῶν
1382 4197 1699 4266 ἔμπτωσιν,
1751 4199 1901 4265 ἄξιον

326 4282 708 4350 παραδραμεῖν
745 4283 1099 4346 ἀνεξέταστον
1134 4302 1146 4315 ’
1173 4287 1305 4338 πᾶσι
1336 4286 1444 4357 γὰρ
1466 4289 1578 4349 τοῖς
1621 4288 1900 4357 συμϐεϐη-

2008 3120 2186 3166 mater
2210 3118 2636 3182 regeneraverat
2658 3108 2780 3164 fons
2808 3123 2998 3174 sacer;
3024 3109 3196 3164 veluti
3229 3125 3452 3164 manum
3484 3127 3582 3165 ex-

2007 3205 2219 3274 plicans
2262 3217 2484 3257 rursum
2515 3203 2635 3272 ejus
2659 3208 2833 3256 mater
2855 3201 3051 3255 effecta
3091 3209 3195 3264 es:,
3224 3201 3354 3254 dum
3406 3201 3581 3271 ipsius

2006 3311 2230 3367 quoque
2252 3295 2486 3365 capillos
2510 3294 2750 3363 excepit.
2791 3292 2949 3359 Quod
2983 3300 3166 3346 autem
3211 3293 3420 3348 factum
3468 3303 3577 3355 est,

2005 3402 2127 3441 mea
2175 3385 2401 3455 quidem
2460 3384 2760 3448 sententia,
2825 3382 3171 3452 signiﬁcabat
3226 3382 3577 3437 innumeram

2006 3473 2292 3528 hominum
2327 3471 2741 3525 multitudinem
2767 3485 2868 3538 per
2898 3469 3076 3538 ipsum
3104 3469 3159 3522 in
3209 3483 3368 3523 sacro
3410 3469 3578 3540 hujus

2003 3571 2250 3634 augustae
2276 3561 2522 3616 civitatis
2549 3561 2701 3614 fonte
2747 3559 3201 3629 regenerandam.
3249 3559 3388 3614 Nam
3423 3559 3572 3615 sicut

2002 3669 2166 3709 nemo
2199 3659 2384 3723 potest
2409 3651 2533 3706 caeli
2585 3650 2772 3704 stellas
2824 3659 2919 3704 aut
2959 3666 3182 3704 arenam
3242 3654 3432 3718 maris,
3481 3663 3577 3708 aut

2002 3746 2232 3814 capillos
2257 3742 2459 3812 capitis
2484 3741 2865 3803 dinumerare,
2909 3740 2986 3795 ita
3024 3756 3192 3795 nemo
3225 3744 3435 3810 poterit
3469 3759 3575 3797 nu-

2002 3851 2156 3891 mero
2191 3833 2663 3903 comprehendere
2697 3833 2880 3901 regale
2929 3831 3303 3887 sacerdotium
3345 3849 3410 3888 ac
3437 3849 3543 3904 gen
3564 3865 3577 3876 -

2003 3940 2112 3983 tem
2134 3936 2403 3988 sanctam,
2435 3939 2600 3993 quam
2634 3938 2733 3991 per
2765 3938 2964 3990 aquam
2991 3933 3047 3976 et
3091 3923 3358 3993 Spiritum
3404 3918 3574 3995 rege-

2001 4027 2246 4074 neratam
2281 4016 2367 4069 vir
2394 4023 2622 4069 sanctus
2645 4013 2850 4068 obtulit
2874 4015 3008 4068 Deo.
3037 4015 3227 4084 Neque
3256 4031 3391 4070 vero
3432 4017 3572 4071 alte-

2001 4126 2125 4164 rum
2155 4107 2300 4179 quod
2337 4107 2602 4168 iudicavi,
2630 4106 2978 4174 capillorum,
3013 4105 3256 4176 inquam,
3276 4106 3330 4162 in
3354 4123 3572 4161 sacrum

2000 4201 2211 4256 fontem
2261 4200 2506 4268 illapsus,
2565 4197 2786 4251 silentio
2831 4198 3279 4265 praetereundum
3315 4211 3430 4254 est:
3457 4199 3575 4268 ipse

2001 4293 2150 4348 enim
2173 4301 2373 4346 cuncta
2397 4289 2504 4344 sibi
2521 4288 2880 4344 obvenientia
2920 4289 3271 4363 suscipiebat.
3307 4297 3572 4359 tanquam

325 4373 454 4424 κόσι
506 4372 657 4441 αὐτῷ
693 4377 830 4442 μετὰ
868 4375 1154 4440 ἀκριϐείας
1188 4377 1537 4446 ἐπέσκηπτεν
1564 4378 1640 4440 ὡς
1673 4381 1737 4432 ἐκ
1759 4379 1894 4433 Θεοῦ

2003 4385 2260 4440 ordinata
2287 4399 2318 4438 a
2345 4383 2480 4447 Deo,
2510 4389 2560 4436 et
2593 4381 2926 4436 observabat
2958 4380 3274 4453 diligenter.
3299 4381 3437 4438 Cum
3469 4383 3574 4452 igi-

325 4463 397 4514 τά
437 4463 805 4532 συμϐαίνοντα
839 4465 1146 4535 δεχόμενος,
1181 4469 1274 4520 καὶ
1309 4468 1724 4538 παρεφύλαττεν
1756 4471 1896 4540 μετὰ

326 4553 534 4622 πολλῆς
589 4555 926 4623 ἐπιμελείας.
970 4556 1056 4619 Ὦς
1107 4556 1200 4609 οὖν
1249 4558 1306 4610 ἐν
1332 4558 1543 4622 τούτοις
1592 4559 1766 4613 ταῦτα
1805 4556 1896 4630 ἦν,

325 4639 530 4709 ὥρισεν
564 4644 693 4713 παρ’
722 4644 898 4714 ἐαυτῷ
953 4644 1015 4708 ἐξ
1068 4645 1282 4716 ἐκείνης
1335 4648 1432 4717 τῆς
1485 4648 1635 4718 ὧρας
1699 4651 1900 4720 μηκέτι

323 4730 624 4785 λούσασθαι
649 4733 837 4799 αὐτὸν,
867 4735 899 4804 ἢ
938 4734 1121 4804 βρέξαι
1153 4736 1251 4808 τὴν
1283 4740 1528 4810 κεφαλὴν
1553 4740 1718 4796 αὐτοῦ
1749 4740 1900 4794 ὕδατι

324 4823 496 4892 κοινῷ
521 4841 534 4853 ⁸
568 4826 734 4895 ὅνπερ
761 4828 885 4894 ὅρον
914 4826 1205 4896 δεξάμενος
1238 4829 1556 4898 ἐφύλαττεν,
1583 4834 1680 4902 καὶ
1733 4834 1902 4903 φυλά·

406 4937 448 4967 ’⁶
473 4938 610 4992 Psal.
637 4955 795 5003 Lxxv,
844 4940 931 4998 12.

407 5048 482 5130 (η)
509 5051 876 5130 Ις-ρηπίδωμα,
904 5054 1318 5111 fundamentum
1342 5072 1370 5110 a
1399 5060 1701 5130 κρηπιδόω,
1724 5061 1914 5116 fundo.

2001 4486 2094 4531 tur
2117 4476 2174 4530 in
2205 4475 2272 4530 iis
2306 4474 2474 4530 etiam
2506 4474 2612 4528 ista
2650 4481 2860 4537 essent,
2899 4473 3151 4528 decrevit
3183 4489 3465 4543 nunquam
3512 4489 3572 4529 se

2002 4569 2229 4623 abluere
2249 4581 2352 4621 nec
2377 4580 2518 4635 aqua
2541 4564 2818 4618 communi
2849 4564 3081 4634 irrigare
3129 4573 3296 4634 caput
3337 4564 3483 4634 quod
3518 4571 3588 4617 et

1997 4661 2178 4729 reipsa
2213 4657 2490 4728 praestitit,
2523 4672 2700 4726 usque
2728 4655 2796 4709 ad
2829 4655 2956 4710 vita:
2997 4655 3164 4710 ﬁnem
3220 4656 3409 4711 illotus
3443 4668 3573 4724 per-

1997 4765 2291 4816 severans;
2330 4749 2384 4803 in
2410 4763 2587 4818 eoque
2611 4748 2920 4803 observans
2950 4747 3274 4801 mandatum
3297 4746 3570 4800 divinum.

2005 4863 2023 4895 ι
2063 4843 2270 4899 Vovete
2297 4849 2356 4897 et
2389 4840 2604 4897 reddite
2646 4838 2878 4895 Domino
2922 4838 3035 4893 Deo
3085 4847 3273 4894 vestro
3302 4839 3381 4903 ²⁰;
3418 4857 3436 4889 ι
3475 4845 3530 4891 et
3553 4851 3586 4892 :-

402 5121 473 5188 (ο)
507 5120 751 5176 Alterura
772 5120 994 5187 dicitur,
1020 5139 1142 5178 cum
1181 5120 1526 5195 respectu'a'd
1569 5120 1870 5186 sessionem
1907 5149 2070 5203 super
2092 5130 2206 5185 basi
2264 5131 2451 5185 fontis.

405 5234 486 5312 (9)
511 5234 776 5312 Georgius
805 5237 1154 5312 CodinusDe
1208 5242 1496 5312 originibus
1525 5243 1632 5300 ΟΡ.
1669 5247 1888 5302 videtur

1995 5249 2162 5302 Zinus
2190 5255 2434 5302 verterat
2464 5247 2519 5299 in
2575 5243 2780 5300 Urbicii
2825 5243 3047 5311 regione
3109 5240 3171 5311 in
3217 5242 3570 5311 imperatoris

326 5301 435 5386 ista
456 5305 522 5358 de
575 5301 682 5360 hoc
737 5309 1248 5386 tcmplohaberen
1282 5301 1614 5386 {Templum
1673 5301 1887 5375 Sanctae
1986 5301 2200 5386 campo.
2238 5301 2344 5370 Sed
2398 5315 2568 5376 (edes,
2612 5329 2719 5386 non
2779 5301 3339 5386 regi'otiein,_prbicii
3392 5309 3570 5386 dictas

323 5369 1070 5449 Deipar;r-,__cognominaeunt
1121 5379 1348 5443 Urbicii,
1400 5369 1696 5438 :editicavit
1738 5369 1890 5441 val—ius

2000 5369 2344 5449 irbitrramur,
2375 5369 2433 5440 ut
2464 5369 2587 5438 cum
2613 5382 2818 5435 dicitur
2843 5369 2901 5434 ἓν
2932 5383 3054 5442 ταῖς
3077 5369 3445 5447 ’Ῥουφιαναῖς
3470 5398 3486 5445 ;
3515 5391 3572 5434 et

325 5441 546 5504 quidam
600 5446 958 5516 Urbicius“
1025 5449 1288 5516 magister
1338 5441 1580 5506 militum
1624 5453 1886 5516 Orientis,

325 5521 546 5587 centum
587 5525 654 5587 et
702 5515 978 5587 octoginta
1035 5515 1195 5587 annis
1235 5529 1357 5587 post
1408 5523 1686 5577 cenditam
1742 5515 1888 5579 Con?

324 5583 758 5661 stantinopolim.
793 5606 810 5636 ι
836 5583 993 5661 Ergo
1017 5586 1162 5661 cir_ca
1197 5583 1400 5661 annum
1454 5592 1575 5657 510,
1637 5603 1889 5661 tempore

324 5649 596 5707 Anastasii
647 5649 1015 5726 imperatoris.
1073 5655 1255 5710 Graece
1305 5659 1361 5712 ὲν
1413 5663 1522 5723 τοῖς
1565 5649 1885 5734 Ὀὐρϐιὲίοω

1992 5529 2170 5591 riano,

1992 5594 2256 5652 attribuit
2281 5595 2313 5650 5
2337 5594 2590 5665 Hegioni.

1991 5458 2089 5511 has
2114 5457 2260 5511 a‘des
2316 5455 2485 5509 fuisse
2527 5453 2581 5507 in
2616 5451 2914 5517 Strategio.
2976 5449 3031 5503 id
3071 5458 3159 5504 est
3216 5449 3340 5506 foro
3367 5450 3572 5504 Praua—

2227 5525 2373 5595 quod
2425 5526 2619 5595 Petrus
2674 5520 2874 5577 Gillius
2924 5519 2978 5574 in
3039 5519 3400 5593 topographia
3461 5518 3570 5575 ΟΡ.

1981 5795 2008 5808 δ’
