3982 6206
350 289 483 356 2291
1409 297 1467 355 S.
1505 297 1866 358 EUTYCHII
1909 301 1922 360 l

2035 300 2410 361 TRIARCILE
2449 303 2538 362 (ΣΡ
3465 307 3607 371 Ξὲθὶἒ

368 422 386 454 ι
418 405 628 459 Bonum
655 413 740 460 est
771 405 910 470 viro,
945 421 1070 460 cum
1107 407 1417 476 portaverit
1460 408 1653 479 jugum
1697 408 1767 462 ab
1791 409 1928 464 ado-

2034 411 2128 476 ξας
2161 411 2503 482 ἐπλήρωσεν,
2539 413 2731 483 μείνας
2763 415 2820 468 ὲν
2839 415 3067 484 ἁλουσίᾳ
3103 417 3262 488 μέχρι
3295 418 3412 488 βίου
3451 419 3605 484 ζωῆς

351 494 614 550 lcsaentia
661 511 760 549 sua
800 497 862 548 ”.
885 517 900 548 ι
1286 530 1294 544 ,

2033 504 2223 572 αὑτοῦ,
2276 507 2522 577 τηρήσας
2573 507 2671 576 τὴν
2733 507 2998 576 λέγουσαν
3053 509 3272 582 ἐντολὴν
3315 511 3410 564 τοῦ
3443 511 3605 578 Θεοῦ,

355 612 372 641 ι
413 590 680 656 Εὗξασθε,
741 592 836 644 καὶ
885 592 1115 646 ἀπόδοτε
1175 594 1364 663 Κυρίῳ
1422 595 1501 666 τῷ
1558 596 1677 666 Θεῷ
1731 597 1922 667 ὑμῶν·
1971 619 1990 650 ›
2033 601 2144 666 καὶ,
2183 619 2202 652 ι
2261 600 2490 670 Ἀγαθὸν
2541 601 2694 672 ἀνδρὶ
2741 603 2870 655 ὅταν
2902 604 3008 676 ἄρῃ
3075 604 3238 674 ζυγὸν
3270 607 3332 659 ὲκ
3357 607 3606 678 νεότητος

350 683 536 738 αὐτοῦ.
565 702 583 734 ι

421 779 507 834 l5.
549 779 616 834 Et
641 779 756 832 hac
790 777 1016 846 quidem
1055 779 1201 832 circa
1249 778 1460 848 primos
1514 780 1744 836 ordines
1797 798 1924 852 per-

2109 791 2186 838 ιε’.
2219 785 2329 837 Καὶ
2357 783 2424 837 τὰ
2451 783 2551 852 μὲν
2578 785 2704 856 περὶ
2741 784 2834 838 τοῦ
2867 785 3082 856 πρώτου
3117 786 3326 856 βαθμοῦ
3357 787 3601 845 τοιαῦτα.

347 878 468 924 acta
497 877 662 923 sunt:
687 866 821 937 quid
849 877 1032 921 autem
1063 869 1286 937 postea?
1312 869 1450 923 Cum
1475 871 1696 926 diaconi
1723 873 1919 942 jugum

2031 878 2095 930 Τί
2123 876 2178 929 δὲ
2195 877 2382 930 λοιπόν
2404 892 2420 942 ;
2441 876 2577 929 Μετ’
2597 877 2775 944 ὀλίγον
2798 879 2890 928 καὶ
2919 877 3189 944 Στέφανος
3205 878 3362 940 ἄλλος
3389 879 3603 932 ἀναδεί-

345 959 510 1029 paulo
541 966 665 1028 post
720 957 1002 1021 subiisset,
1053 959 1195 1014 alter
1257 961 1515 1030 apparuit
1580 961 1917 1032 Stephanus,

2033 987 2235 1023 κνυται.
2255 967 2620 1022 ’Υπεισελθὼν
2640 967 2718 1038 τῷ
2752 969 2850 1037 τῆς
2880 969 3157 1030 διακονίας
3185 969 3354 1038 ζυγῷ,
3379 967 3605 1033 Gevart;

347 1059 544 1118 potens
565 1050 740 1104 verbo
775 1058 830 1105 et
863 1064 1054 1120 Opere,
1081 1051 1302 1121 vitaque
1329 1063 1385 1108 et
1415 1053 1665 1109 moribus
1715 1054 1919 1109 multos

2031 1061 2082 1112 ἒν
2107 1060 2252 1129 ἔργῳ
2289 1060 2382 1112 καὶ
2410 1059 2574 1128 λόγῳ,
2599 1058 2826 1120 πολλοὺς
2865 1058 3126 1129 ρυθμίσαι
3159 1059 3236 1128 τῷ
3275 1058 3466 1112 ἑαυτοῦ
3498 1057 3603 1128 βίῳ

345 1141 554 1196 docens
583 1157 649 1198 ac
709 1142 996 1197 instruens
1032 1144 1314 1212 quomodo
1343 1153 1600 1213 oporteat
1646 1145 1917 1215 perﬁcere

2033 1168 2082 1204 ιε
2103 1151 2200 1204 καὶ
2243 1151 2451 1220 τρόπῳ,
2472 1147 2678 1212 διδάξαι
2713 1165 2772 1200 τε
2817 1149 2934 1212 πῶς
2961 1150 3039 1202 δεῖ
3073 1150 3170 1218 τὴν
3189 1149 3336 1202 θείαν
3359 1150 3605 1218 λειτουρ-

345 1235 596 1288 divinum
648 1234 1022 1288 ministerium
1070 1245 1128 1288 et
1153 1237 1475 1292 conversari
1521 1239 1576 1291 in
1617 1238 1784 1293 domo
1816 1239 1917 1294 llo-

2027 1243 2145 1311 γίαν
2173 1243 2432 1306 ἐκτελεῖν,
2467 1242 2562 1294 καὶ
2589 1242 2645 1294 ὲν
2673 1239 2808 1311 οἴκῳ
2833 1240 2968 1293 Θευῦ
2995 1240 3458 1310 ἀναστρέφεσθαι,
3477 1239 3599 1310 ἥτις

345 1325 504 1390 mini,
533 1341 656 1396 qua:
680 1336 766 1380 est
789 1325 1026 1382 ecclesia
1057 1327 1154 1382 Dei
1185 1328 1445 1385 viventis.
1479 1329 1538 1384 In
1591 1331 1697 1387 hoc
1729 1331 1917 1386 diaco-

2027 1336 2171 1387 ἐστὶν
2203 1333 2466 1403 ἐκκλησία
2499 1331 2594 1386 τοῦ
2639 1331 2776 1385 Θεοῦ
2825 1332 3046 1396 ζῶντος.
3090 1331 3466 1401 Ἑνδιατρίψας
3506 1327 3599 1382 οὖν

345 1429 514 1472 natus
537 1419 712 1490 gradu
767 1433 833 1474 ex
883 1421 1210 1489 praescripto
1267 1421 1586 1476 divinorum
1643 1439 1917 1478 canonum

2031 1423 2211 1492 χρόνον
2241 1423 2434 1492 μικρὸν
2462 1423 2520 1474 ὲν
2541 1420 2618 1490 τῷ
2645 1419 2836 1490 βαθμῷ
2868 1419 2966 1488 τῆς
2991 1419 3262 1483 διακονίας
3305 1419 3442 1472 κατὰ
3475 1418 3603 1480 τοὺς

346 1511 550 1566 mansit
579 1511 924 1581 aliquantulo
949 1521 1196 1582 tempore
1229 1530 1242 1564 :
1287 1514 1515 1592 deinde,
1545 1524 1606 1570 ut
1633 1513 1702 1570 de
1739 1517 1918 1584 pluri-

2028 1513 2201 1576 θείους
2239 1513 2491 1576 κανόνας,
2535 1511 2620 1564 ἴνα
2650 1511 2985 1581 εὑεργετῆσῃ
3029 1510 3302 1572 πλείονας.
3335 1509 3600 1574 ἀνάγεται

343 1598 449 1652 bus
480 1609 792 1654 mereretur
822 1600 988 1662 bene,
1025 1609 1323 1669 provectus
1361 1611 1446 1656 est
1473 1602 1541 1656 ad
1596 1603 1915 1658 cathedram

2029 1607 2119 1657 καὶ
2164 1607 2244 1668 είς
2268 1604 2367 1674 τὴν
2420 1603 2529 1656 τῶν
2564 1601 2950 1673 πρεσϐυτέρων
2984 1600 3274 1670 καθέδραν,
3334 1598 3601 1652 ἀπολαύει

345 1691 823 1761 presbyterorum.
871 1690 1236 1746 Considerate
1290 1703 1479 1747 autem
1537 1709 1648 1763 quo
1714 1694 1914 1760 modo,

2031 1699 2122 1752 καὶ
2156 1699 2256 1767 τῆς
2284 1697 2469 1767 τιμῆς.
2505 1696 2613 1748 Καὶ
2647 1695 2920 1756 σκοπεῖτε,
2953 1692 3066 1754 πῶς
3100 1692 3278 1744 πάντα
3309 1688 3486 1758 εἰρμῴ
3507 1689 3603 1740 καὶ

343 1779 542 1834 ordine
567 1787 624 1834 et
671 1779 882 1835 ratione
929 1780 1008 1834 illi
1035 1790 1234 1836 cuncta
1276 1783 1568 1836 cesserint.
1599 1784 1750 1838 Nihil
1779 1785 1915 1839 citra

2027 1790 2172 1854 τάξει
2195 1789 2476 1859 προϐαίνει
2511 1787 2578 1839 τὰ
2611 1785 2955 1854 πνευματικὰ
2975 1784 3292 1854 χαρίσματα
3323 1783 3406 1834 ἐπ’
3425 1779 3599 1847 αὐτῷ,

343 1881 587 1934 aetatem,
616 1871 864 1940 perfecta
883 1873 1088 1936 omnia,
1119 1873 1306 1928 omnia
1337 1874 1495 1942 plena
1518 1874 1747 1930 fuerunt
1779 1876 1915 1930 divi-

2027 1882 2081 1934 οὑ
2107 1880 2259 1949 παρὰ
2283 1879 2472 1947 καιρὸν
2498 1876 2736 1947 ἡλικίας,
2761 1875 2860 1928 οὑκ
2886 1873 3130 1936 ὲλλειπές
3151 1890 3204 1924 τι
3233 1873 3393 1941 ἔχων,
3417 1871 3599 1924 πάντα

345 1980 414 2018 na
439 1963 637 2033 gratia.
666 1961 892 2018 Ordinis
925 1972 1111 2018 autem
1157 1965 1302 2018 ratio
1335 1980 1459 2018 cum
1515 1965 1571 2019 in
1601 1966 1770 2020 rebus
1797 1967 1917 2020 uui-

2027 1971 2428 2040 πεπληρωμένα
2477 1968 2624 2030 θείας
2668 1967 2920 2036 χάριτος.
2967 1963 3315 2034 Λογιζὸμεθα
3365 1962 3456 2015 οὖν
3510 1963 3599 2014 ὅτι

345 2055 548 2119 versis,
581 2057 772 2109 tumin
801 2055 1071 2124 gradibus
1101 2055 1388 2126 religionis
1418 2057 1629 2126 optima
1653 2067 1758 2114 est.
1781 2058 1917 2112 Cum

2027 2061 2175 2128 τάξις
2205 2061 2289 2122 τίς
2319 2063 2467 2112 ἐστιν
2501 2058 2698 2128 ἀρίστη
2733 2056 2826 2110 καὶ
2851 2055 3160 2118 ἀκολουθία,
3190 2055 3348 2122 εἴπερ
3378 2054 3433 2105 ὲν
3451 2051 3599 2118 ἄλλῳ

346 2148 572 2218 triginta
611 2156 760 2202 esset
785 2162 1061 2202 annorum
1085 2147 1220 2218 (ιο),
1241 2149 1532 2220 presbyter
1555 2159 1778 2204 creatus
1810 2159 1916 2216 est;

2023 2154 2148 2219 τινὶ,
2209 2153 2304 2206 καὶ
2360 2150 2560 2217 μᾶλλον
2595 2151 2798 2208 ἐντοῖς
2845 2147 2943 2214 τῆς
2983 2145 3292 2208 θεοσεϐείας
3345 2143 3595 2213 βαθμοῖς.

341 2239 509 2292 etiam
529 2238 710 2308 quoad
739 2247 960 2294 aetatem
988 2241 1258 2308 corporis,
1278 2255 1594 2316 mensuram
1619 2240 1913 2311 perlectam

2027 2245 2460 2318 Τριακονταέτης
2489 2241 2596 2313 γὰρ
2641 2239 2737 2305 ὢν,
2773 2240 3160 2309 χειροτονεῖται
3201 2235 3599 2312 πρεσϐύτερος,

343 2331 641 2400 attingens.
683 2331 836 2386 lianc
859 2340 1076 2387 aetatem
1095 2331 1354 2386 Christus
1371 2348 1540 2401 super
1565 2334 1750 2388 omnia
1776 2335 1915 2389 Deus

2031 2340 2102 2401 είς
2137 2339 2338 2408 μέτρον
2363 2334 2566 2387 τέλειον
2597 2331 2828 2401 φθάσας,
2857 2329 2954 2383 καὶ
2982 2328 3124 2383 κατὰ
3148 2328 3243 2398 τὴν
3275 2327 3603 2396 σωματικὴν

345 2422 569 2478 videtur
655 2423 981 2490 honorasse,
1021 2425 1266 2494 quicum
1297 2424 1524 2495 triginta
1549 2435 1698 2481 esset
1741 2441 1917 2480 anno-

2027 2427 2262 2499 ἡλικίαν.
2292 2425 2510 2493 Ταύτην
2535 2421 2786 2491 φαίνεται
2809 2421 3050 2488 τιμήσας
3077 2419 3180 2487 τὴν
3208 2415 3427 2485 ἡλικίαν
3457 2413 3599 2481 Χρι-

349 2532 470 2570 rum
504 2515 816 2585 baptizatus
861 2523 966 2578 est,
1013 2530 1112 2582 per
1165 2516 1616 2585 coniunctionem
1669 2533 1921 2587 persona:

2024 2519 2148 2582 στδς
2174 2520 2202 2570 ὁ
2235 2517 2328 2572 ἐπὶ
2367 2515 2585 2568 πάντων
2623 2513 2776 2576 Θεὸς,
2807 2510 3120 2581 βαπτισθεὶς
3143 2503 3592 2578 τριακονταέτης,

347 2623 434 2664 me
461 2618 518 2664 ct
555 2624 677 2662 mea
701 2607 885 2662 omnia
919 2623 1166 2674 sumens,
1196 2617 1256 2662 ut
1281 2623 1382 2677 ego
1441 2623 1562 2678 qua:
1596 2609 1745 2665 illius
1793 2619 1919 2664 sunt

2025 2611 2138 2665 ὅλον
2173 2608 2272 2678 ἐμὲ
2313 2608 2493 2677 φέρων
2525 2603 2661 2674 μετὰ
2700 2603 2810 2656 τῶν
2843 2600 3012 2670 ἐμῶν,
3044 2599 3133 2654 ἵνα
3165 2597 3274 2666 ἐγὼ
3305 2593 3597 2667 μεταλάϐοι

347 2700 682 2770 acciperem.
711 2698 852 2754 Cum
875 2698 1043 2770 igitur
1071 2699 1128 2754 in
1159 2701 1610 2772 presbyterorum
1639 2701 1769 2756 sede
1785 2715 1919 2756 con-

2025 2703 2131 2756 τῶν
2155 2701 2363 2755 ἐκείνου
2381 2696 2468 2752 διὰ
2489 2697 2588 2768 τὴν
2618 2695 2742 2750 καθ’
2782 2694 3078 2747 ὑπόστασιν
3121 2691 3333 2744 ἕνωσιν.
3379 2687 3468 2749 '0;
3498 2680 3597 2738 οὖν

347 2791 575 2859 sideret,
611 2807 872 2858 eumque,
901 2800 962 2847 ut
989 2792 1162 2847 David
1187 2793 1361 2857 canit,
1389 2795 1700 2849 exaltarent
1753 2793 1810 2848 in
1829 2809 1919 2849 ec-

2027 2793 2213 2863 ἀνέϐη,
2235 2792 2333 2845 καὶ
2362 2792 2441 2852 εἰς
2467 2789 2566 2858 τὴν
2594 2787 2702 2840 τῶν
2730 2783 3114 2856 πρεσϐυτέρων
3135 2779 3420 2849 καθέδραν,
3449 2774 3599 2842 ara-:3;

350 2879 516 2936 clesia
539 2881 895 2950 populorum,
931 2893 986 2936 et
1017 2881 1071 2936 in
1101 2883 1365 2937 cathedra
1397 2884 1680 2938 seniorum
1733 2883 1922 2938 lauda-

2023 2887 2080 2940 τὸ
2103 2883 2386 2938 Δανῖτικὸν
2411 2881 2614 2948 λόγιον·
2653 2897 2672 2930 ι
2693 2875 3095 2946 ’Υιι-ωσάτωσαν
3128 2872 3289 2927 αὑτὸν
3307 2872 3366 2923 ὲν
3397 2867 3595 2938 ἔκκλη-

347 2981 477 3028 rent
507 2972 832 3044 “;gradum
857 2971 1024 3027 etiam
1051 2974 1204 3028 illum
1253 2989 1356 3032 suo
1403 2974 1688 3030 decoravit
1731 2991 1919 3032 exem-

2025 2979 2116 3050 σίᾳ
2141 2977 2308 3039 λαῶν,
2331 2976 2428 3028 καὶ
2459 2977 2514 3027 ὲν
2548 2971 2786 3042 καθέδρᾳ
2817 2966 3203 3041 πρεσϐυτέρων
3223 2963 3593 3018 αίνεσὰτωσαν

351 3059 476 3126 plo:
511 3075 616 3116 nec
649 3061 800 3116 enim
825 3061 992 3115 simul
1011 3069 1165 3116 satus
1187 3072 1356 3131 atque
1373 3063 1561 3118 editus
1593 3064 1922 3134 fuit,quem-

2025 3069 2210 3122 αὑτόν·
2235 3086 2255 3118 ι
2281 3064 2558 3136 φαιδρύνει
2580 3063 2675 3116 καὶ
2695 3061 2882 3114 τοῦτον
2899 3059 2976 3129 τῷ
2999 3055 3191 3110 ἑαυτοῦ
3216 3055 3597 3122 ὑποδείγματι,

346 3150 647 3208 admodum
679 3153 746 3208 de
779 3153 1096 3224 gigantibus
1119 3154 1334 3225 lingunt
1357 3154 1583 3222 fabulae;
1622 3163 1717 3210 aut
1751 3165 1812 3209 ut
1836 3170 1918 3210 re-

2032 3159 2123 3228 οὑχ
2174 3156 2310 3226 ὁμοῦ
2347 3156 2578 3224 σπαρεὶς
2627 3152 2722 3204 καὶ
2753 3148 3051 3211 ἀναδοθεὶς,
3075 3147 3150 3209 ὼς
3179 3149 3206 3200 ὁ
3255 3144 3422 3215 μῦθος
3455 3141 3604 3195 ποιεῖ

350 3241 566 3312 pentini
599 3242 852 3312 quidam,
887 3251 1146 3313 tanquam
1183 3243 1272 3299 die
1304 3260 1415 3299 uno
1445 3243 1666 3299 formati
1693 3261 1758 3299 ex
1780 3245 1918 3310 luto,

2025 3252 2152 3314 τοὺς
2179 3249 2462 3318 γίγαντας,
2493 3247 2527 3316 ἢ
2560 3245 2753 3314 ὥσπερ
2775 3245 2825 3296 οἱ
2855 3239 3212 3312 αὑθημερινοὶ
3237 3237 3597 3308 πλαττόμενοι

349 3331 678 3403 populorum
702 3331 1001 3402 praesides;
1027 3347 1160 3398 non,
1179 3331 1424 3402 inquam,
1448 3342 1676 3402 repente
1697 3332 1766 3388 ad
1794 3349 1921 3388 eum

2031 3343 2242 3414 πήλινοι
2311 3339 2405 3412 τοῦ
2459 3337 2596 3392 λαοῦ
2628 3335 2950 3407 προστάται,
3015 3334 3076 3386 οὑ
3129 3332 3416 3402 σχεδιάσας
3473 3327 3597 3380 οὑδδ

303 3491 306 3494 _
351 3426 584 3497 gradum
607 3425 783 3488 venit,
815 3424 1084 3494 quiaipse
1115 3441 1224 3479 non
1241 3432 1360 3478 erat
1383 3425 1479 3494 qui
1527 3426 1760 3496 gradum
1801 3441 1875 3496 pri

2029 3432 2228 3498 διώξας
2259 3431 2349 3485 τὸν
2402 3428 2631 3500 βαθμὸν,
2666 3425 2780 3479 ἀλλ’
2813 3423 2907 3478 ὑπ’
2933 3422 3096 3477 αὑτοῦ
3133 3421 3400 3491 διωχθεὶς,
3457 3415 3599 3470 κατὰ

353 3527 704 3588 sequeretur,
727 3517 822 3572 sed
847 3516 1054 3586 gradus
1085 3515 1240 3570 illum
1270 3529 1497 3570 secutus
1520 3523 1626 3582 est,
1671 3515 1818 3572 sicut
1848 3515 1925 3570 ait

1671 3515 1818 3572 Sicul
1848 3515 1927 3570 ειίι
2026 3525 2109 3588 τὸ,
2139 3543 2158 3577 ι
2193 3521 2382 3586 Ἐλεὸς
2403 3537 2516 3587 σου,
2546 3517 2740 3590 Κύριε,
2765 3513 3085 3581 καταδιώξει
3112 3529 3199 3584 με.
3219 3530 3241 3562 ι

353 3614 682 3684 Scriptura:
717 3631 733 3663 ι
758 3609 1142 3666 Misericordia
1165 3621 1279 3675 tua,
1311 3609 1566 3674 Domine.
1619 3609 1924 3679 subseque-

353 3715 449 3762 tur
481 3719 570 3760 me
613 3705 676 3756 “.
707 3717 726 3756 ξ

425 3797 513 3852 l6.
553 3795 646 3851 Sic
673 3810 806 3866 ergo
836 3811 905 3850 ex
947 3793 1132 3848 divina
1183 3793 1302 3860 lege
1342 3792 1604 3862 perfectis
1643 3793 1924 3858 omnibus,

2101 3802 2198 3862 ις’.
2224 3794 2406 3849 Πάντα
2452 3791 2542 3846 οὖν
2583 3791 2726 3844 κατὰ
2754 3791 2840 3845 τὸν
2869 3790 3009 3844 θεῖον
3048 3790 3172 3859 ὅρον
3202 3787 3297 3841 καὶ
3333 3787 3492 3856 νόμον
3519 3801 3602 3836 τε·

353 3902 478 3942 cum
504 3889 614 3958 jam
646 3885 976 3941 sacerdotali
1007 3883 1200 3938 ordine
1233 3897 1298 3936 ac
1342 3889 1486 3937 statu
1518 3892 1665 3938 esset
1691 3883 1925 3939 honora-

2029 3887 2214 3950 λέσας,
2280 3885 2373 3940 καὶ
2435 3883 2682 3948 ἀξιωθεὶς
2711 3882 2813 3946 τῆς
2845 3881 3128 3952 ἱερατικῆς
3155 3877 3360 3942 τάξεώς
3399 3894 3458 3930 τε
3505 3875 3601 3930 καὶ

355 3985 461 4036 tus.
493 3982 550 4030 et
585 3975 638 4030 in
673 3989 826 4043 spem
860 3973 1102 4029 venisset
1129 3971 1450 4027 Lazichenae
1481 3974 1647 4041 sedis,
1679 3975 1927 4044 prohibi-

2033 3978 2293 4040 στάσεως,
2327 3978 2427 4048 ήδη
2463 3976 2558 4029 καὶ
2598 3978 2656 4028 ὲν
2701 3974 2876 4027 ἑλπίδι
2926 3973 3163 4042 γεγονὼς
3197 3970 3296 4038 τῆς
3351 3967 3603 4036 Λαζίχων

353 4077 445 4122 tus
471 4075 557 4122 est
586 4066 654 4122 ad
687 4081 808 4120 eam
835 4065 1282 4135 procurationem
1320 4065 1582 4121 accedere
1602 4084 1616 4120 :
1635 4067 1925 4121 consilium

2031 4068 2342 4139 προεδρίας,
2373 4069 2617 4138 εἴργεται
2647 4066 2746 4135 τῆς
2775 4063 3031 4132 τοιαύτης
3087 4060 3396 4131 φροντίδος·
3431 4071 3601 4124 μετα-

354 4158 502 4212 enim
549 4157 783 4212 mutavit
830 4158 996 4222 Deus,
1039 4158 1134 4227 qui
1179 4159 1406 4214 meliora
1440 4173 1658 4228 semper
1695 4174 1760 4213 ac
1789 4174 1926 4227 pra:-

2033 4157 2286 4220 σκευάζει
2313 4155 2420 4226 γὰρ
2439 4157 2538 4228 τὴν
2574 4156 2764 4226 βουλὴν
2785 4156 2814 4207 ὁ
2833 4154 2921 4207 ἀεὶ
2941 4154 3008 4206 τὰ
3038 4151 3319 4223 κρείττονα
3351 4148 3439 4202 καὶ
3465 4146 3605 4214 ὑψη-

355 4250 624 4304 stantiora
670 4250 850 4306 servis
875 4250 994 4304 suis
1019 4259 1299 4318 procurat.
1345 4267 1364 4301 ι
1408 4245 1596 4317 Neque
1659 4249 1808 4303 enim
1831 4265 1926 4304 co-

2032 4250 2227 4318 λότερα
2259 4247 2648 4316 βουλευόμενος
2673 4245 2815 4313 ὑπὲρ
2868 4243 2976 4296 τῶν
3005 4240 3198 4294 ἑαυτοῦ
3257 4237 3603 4310 θεραπόντων

353 4338 652 4409 gitationes
667 4354 802 4394 mea:
813 4339 1176 4409 cogitationes
1191 4346 1405 4400 vestrae,
1429 4357 1446 4388 ι
1473 4337 1652 4406 inquit
1665 4338 1925 4394 Dominus

2033 4323 2182 4403 826;.
2210 4341 2312 4392 «οὑ
2349 4337 2457 4408 γὰρ
2483 4339 2556 4401 ὡς
2587 4337 2642 4389 αἱ
2679 4335 2864 4406 βουλαὶ
2891 4333 3043 4403 ὑμῶν
3073 4335 3106 4403 ἡ
3133 4331 3292 4401 βουλή
3321 4347 3440 4399 μου,
3467 4345 3485 4378 ι
3513 4324 3603 4380 διὰ

353 4443 453 4496 per
495 4429 816 4497 prophetam
838 4427 901 4494 ‘l;
928 4429 1092 4484 homo
1107 4426 1310 4495 quippe
1345 4426 1400 4480 in
1430 4425 1626 4482 faciem
1681 4427 1923 4496 respicit,

2031 4429 2124 4483 τοῦ
2143 4431 2419 4500 προφήτου
2435 4429 2582 4497 λέγει
2597 4426 2912 4496 Κύριος,ὃτι
2929 4422 3024 4478 ἄνθ
3035 4439 3212 4493 ρωπος
3224 4422 3322 4490 ὁρᾷ
3343 4419 3421 4479 είς
3435 4415 3603 4485 πρόσ-

354 4515 500 4570 Deus
527 4524 710 4571 autem
742 4522 991 4571 intuetur
1022 4531 1136 4570 cor.
1165 4517 1457 4584 Postquam
1495 4515 1664 4586 igitur
1701 4515 1926 4586 dissipa-

2035 4539 2215 4587 ωπον,
2255 4521 2388 4584 θεὸς
2425 4519 2482 4572 δὲ
2525 4521 2605 4582 είς
2651 4517 2902 4587 καρδίαν.
2935 4515 3090 4568 Ἐπεὶ
3123 4511 3215 4565 οὖν
3243 4505 3601 4574 διεσκευάσθη

357 4617 473 4662 tum
519 4615 604 4660 est
657 4606 794 4661 illud
825 4606 1069 4662 studium
1099 4618 1156 4661 et
1185 4606 1508 4662 Lazichenae
1538 4607 1692 4662 urbis
1717 4609 1929 4678 episco-

2034 4611 2094 4665 τὸ
2117 4611 2437 4680 σπούδασμα
2465 4612 2560 4663 καὶ
2589 4611 2668 4672 είς
2696 4609 2879 4677 ἕτερον
2902 4604 3164 4675 μετῆλθεν
3187 4603 3218 4672 ἡ
3245 4600 3336 4654 τοῦ
3366 4597 3601 4664 Λαζίχου

357 4705 518 4764 patus
545 4695 768 4750 devenit
797 4695 865 4750 ad
899 4695 1102 4760 alium;
1163 4694 1398 4750 recurrit
1437 4695 1640 4750 iterum
1687 4696 1929 4765 optimus

2033 4703 2328 4773 ὲπισκοπὴ,
2363 4701 2649 4772 ἀνατρέχει
2689 4699 2850 4752 πάλιν
2901 4699 2929 4750 ὁ
2959 4695 3290 4763 πανάριστος
3343 4683 3495 4748 οὗτος
3523 4685 3605 4746 είς

357 4787 447 4842 hic
475 4787 544 4843 ad
579 4787 815 4857 primum
863 4786 1012 4856 quod
1041 4786 1112 4840 ab
1161 4786 1319 4839 initio
1379 4785 1750 4852 adamaverat,
1793 4803 1928 4841 con-

2033 4793 2102 4862 ἢν
2131 4793 2190 4858 ἑξ
2227 4793 2402 4864 ἀρχῆς
2431 4791 2613 4844 ἐπόθει
2653 4789 2845 4859 βουλήν
2873 4801 2935 4838 τε
2965 4785 3062 4838 καὶ
3095 4782 3312 4852 πρᾶξιν,
3345 4792 3605 4864 πραγμα-

358 4879 542 4934 silium
569 4896 582 4933 :
614 4879 927 4950 negotiatur
955 4879 1305 4945 incorruplas
1332 4876 1574 4944 divitias,
1603 4885 1660 4932 et
1693 4879 1930 4948 pruden-

2037 4863 2461 4942 τεύεταικαλῶς
2493 4881 2586 4934 τὸν
2609 4877 2804 4933 ἄσυλον
2841 4873 3099 4935 πλοῦτον,
3119 4872 3363 4942 μιμεῖται
3393 4865 3484 4918 τδν
3509 4863 3607 4932 ἐμ-

357 4980 468 5025 tem
522 4979 734 5041 patrem
779 4971 1016 5025 familias
1075 4970 1343 5034 imitatur,
1385 4970 1478 5039 qui
1525 4970 1808 5038 proferens
1863 4971 1929 5025 de

2039 4989 2229 5044 πειρον
2259 4969 2686 5039 οἰκοδεσπότην,
2724 4970 2874 5028 ὅστις
2925 4962 3170 5018 ἐκϐαλὼν
3205 4962 3270 5011 ὲκ
3302 4956 3409 5010 τῶν
3439 4951 3603 5006 αὑτοῦ

360 5063 632 5118 thesauris
659 5062 774 5118 suis
802 5077 942 5116 nova
967 5071 1022 5115 et
1054 5069 1260 5126 vetera,
1289 5062 1581 5130 pretiosam
1613 5062 1748 5115 emit
1781 5077 1928 5114 mar-

2038 5066 2326 5136 θησαυρῶν
2345 5067 2522 5119 πάντα
2561 5061 2766 5114 παλαιὰ
2791 5077 2848 5112 τε
2881 5057 2973 5112 καὶ
3004 5054 3122 5121 νέα,
3158 5067 3252 5106 και
3275 5047 3603 5136 ἀποδόμενος

357 5155 585 5224 garitam
636 5163 692 5210 et
734 5154 1146 5224 superlucratus
1174 5159 1277 5206 est.
1335 5151 1426 5206 Sic
1465 5152 1611 5206 enim
1658 5152 1822 5206 etiam
1851 5152 1929 5206 vir

2041 5131 2411 5228 μαργαρίτην,
2443 5151 2920 5222 ὑπερεπλοὺτησεν
2941 5162 2953 5174 ’
2987 5143 3130 5199 οὕτω
3171 5141 3512 5228 θαυμάσιοςὶ
3539 5131 3607 5228 τὰ

358 5221 698 5301 admirabilis
722 5221 952 5301 blandas
979 5247 1102 5300 vitae
1121 5245 1434 5312 voluptates
1450 5246 1747 5314 sensuique
1780 5246 1930 5300 blan-

2038 5221 2136 5300 τού
2158 5246 2271 5317 βίου
2301 5245 2508 5316 τερπνὰ
2537 5243 2631 5297 καὶ
2643 5242 2742 5310 τὴν
2768 5237 3018 5307 αἴσθησιν
3043 5231 3402 5288 ὑποσαίνοντα
3425 5221 3609 5317 καλιῖξξ

358 5331 576 5386 dientes
612 5333 842 5402 pulchre
889 5332 1266 5396 commutavit,
1322 5331 1458 5385 dans
1498 5333 1818 5402 temporalia
1873 5343 1930 5388 ut

2039 5315 2424 5409 ἀντήλλαξατο,
2457 5335 2579 5396 δοὺς
2607 5333 2675 5386 τὰ
2697 5333 3005 5403 πρόσκαιρα
3055 5325 3148 5378 καὶ
3171 5319 3350 5410 λαϐὼν
3386 5316 3456 5369 τὰ
3483 5315 3609 5410 alii:

360 5422 635 5492 acciperet
682 5431 908 5478 αξιοι-ηε.
956 5423 1344 5493 Apostolorum
1387 5437 1607 5492 quoque
1657 5425 1929 5493 exemplo,

2039 5407 2276 5492 νια,-διὰ
2318 5425 2378 5478 τὸ
2428 5422 2766 5494 ὑπερϐάλλον
2823 5415 3053 5488 μέγεθος
3103 5412 3204 5482 τῆς
3229 5407 3482 5481 γνώσεως
3509 5407 3609 5456 τοῦ

437 5559 475 5590 ¹¹
513 5558 720 5613 Thren.
781 5576 861 5624 Ill,
895 5560 985 5614 ‘27.
1069 5559 1108 5590 “
1139 5561 1280 5616 Psal.
1325 5575 1430 5615 ενι.
1453 5561 1539 5616 52.
1621 5563 1662 5594 ¹³
1697 5563 1842 5618 Psal.
1876 5579 2002 5630 χιιι,

973 5602 985 5614 .
1069 5559 1108 5590 ⁸³
1139 5561 1280 5616 Psal.
1325 5575 1430 5615 ενι.
1453 5561 1539 5616 52.
1621 5563 1662 5594 ¹³
1697 5563 1842 5618 Psal.
1876 5579 2002 5630 χχιι,
2040 5565 2094 5622 6.
2173 5565 2212 5597 ¹⁴
2243 5565 2345 5619 lsa.
2371 5579 2456 5628 ιτ,
2493 5563 2543 5617 8.

432 5676 546 5750 (10)
578 5675 736 5732 Circa
765 5690 966 5730 annum
1003 5674 1203 5730 Christi
1231 5676 1352 5730 542.

3581 5643 3622 5659 Ib-

3603 5666 3618 5676 ρ
