4042 6156
314 216 455 281 2393

314 326 470 380 Θεοῦ.
531 326 795 393 Μιμεῖται
850 326 974 387 τοὺς
1033 323 1218 393 ἁγίους
1272 322 1641 383 ἀποστόλους,

312 418 540 484 ἀφέντες
572 414 810 481 ἅπαντα,
844 414 1218 486 ἠκολούθησαν
1265 413 1341 483 τῷ
1381 412 1632 482 Χριστῷ·
1665 412 1879 464 δίδωσιν

312 505 499 556 ἑαυτὸν
534 504 653 557 ὅλον
681 504 772 555 ἐπὶ
800 504 897 556 τὸν
951 505 1160 573 μονήρη
1194 504 1307 573 βίον
1328 520 1341 534 ο
1376 502 1736 572 ἀμφιέννυται
1787 500 1883 570 τὴν

314 596 615 662 μοναχικὴν
632 594 854 658 ἐσθῆτα,
876 594 1016 660 λόγῳ
1035 609 1091 645 τε
1113 593 1207 644 καί⁸
1238 592 1382 662 ἔργῳ
1405 592 1499 645 καὶ
1520 592 1756 660 σχήματι
1786 589 1884 659 τὴν

320 683 636 750 φιλοσοφίαν
661 684 865 753 ταύτην
887 686 1227 751 κτηιάμενος
1256 683 1335 735 ἔτι
1358 683 1421 735 ἐκ
1438 683 1645 745 κοιλίας
1679 682 1885 753 μητρὸς

312 772 476 825 αὐτοῦ
503 788 515 799 ·
553 774 802 841 μιμεῖται
850 771 1047 840 μικροῦ
1090 773 1199 824 δεῖν
1242 772 1426 824 Ἠλίαν
1477 771 1882 840 messem,

314 863 403 914 καὶ
442 862 697 931 Ἰωάννην
730 864 821 915 τὸν
847 864 1177 934 Βαπτιστὴν,
1208 865 1256 916 οἳ
1288 866 1384 933 τὴν
1414 865 1533 916 ὁδὸν
1560 865 1658 934 τῆς
1714 866 1885 935 ἀσκή-

314 969 450 1013 σεως
484 952 897 1017 ὑποδεικνύντες
926 958 1037 1017 τοῖς
1072 954 1415 1024 βουλομένοις
1455 956 1659 1025 ταύτην
1710 956 1886 1008 ἀσπά-

318 1040 536 1102 σασθαι,
588 1042 794 1110 πρῶτοι
847 1045 946 1113 τὴν
996 1044 1202 1115 ἔρημον
1247 1044 1487 1114 ᾤκησαν.
1526 1046 1584 1098 '0
1608 1045 1663 1097 δὲ
1712 1046 1885 1115 μέγας

316 1131 596 1199 Εύτύχιος,
618 1134 677 1184 οὐ
708 1133 803 1202 τὴν
825 1135 1046 1204 ἔρημον,
1077 1136 1134 1188 ού
1162 1135 1251 1187 τὸν
1301 1135 1598 1205 Κάρμηλον
1629 1136 1846 1205 ῷκησεν
1866 1150 1879 1164 ’

318 1220 454 1272 ἀλλὰ
482 1222 579 1289 τὴν
611 1222 719 1273 τῶν
758 1223 1038 1292 Ἀμασὲων
1087 1224 1494 1294 καταλαμϐάνει
1530 1224 1884 1293 μητρόπολιν,

321 1312 496 1362 ἐκεῖσε
527 1311 836 1382 πληρῴσων
885 1313 1049 1367 αὑτοῦ
1092 1316 1193 1385 τὴν
1257 1314 1573 1385 ἐπιθυμίαν.
1606 1316 1885 1369 Διάκειται

320 1402 429 1470 γὰρ
470 1403 526 1454 ἐν
555 1403 726 1474 ταύτῃ
761 1408 826 1475 τῇ
889 1406 1043 1458 πόλει
1074 1407 1438 1478 μοναστήριον
1463 1407 1682 1475 εύαγές,
1720 1407 1885 1461 πάλαι

326 1490 524 1542 συστὰν
554 1491 656 1543 ὑπὸ
682 1492 790 1545 τῶν
816 1494 1131 1560 ἁγιωτάτων
1161 1496 1470 1549 ἐπισκόπων
1498 1496 1760 1549 Μελετίου
1792 1495 1887 1549 καὶ

323 1582 587 1650 Οὐρανίου
618 1585 709 1637 καὶ
733 1586 1017 1652 Σελεύκου,
1069 1587 1320 1656 μεγάλων
1369 1590 1462 1642 καὶ
1491 1588 1763 1658 θεοιρόρων
1796 1589 1888 1641 ἀν-

1861 211 2057 271 VITA.

3424 203 3567 273 220$

1691 320 1886 381 οἵτινες
1916 322 1959 376 A
1987 318 2080 389 qui
2126 319 2331 373 relictis
2361 317 2618 373 omnibus
2639 319 2815 373 secuti
2852 329 2979 374 sunt
3010 319 3308 387 Christum,
3340 333 3566 393 propter

1991 409 2731 479 excellentem'cognitionis
2793 410 3249 479 magnitudinem,
3308 413 3567 469 solitaria:

1991 501 2117 553 vita:
2168 507 2342 553 totum
2374 515 2433 553 se
2477 499 2704 552 tradidit
2739 508 2795 554 et
2828 501 3082 555 monachi
3116 510 3324 556 vestem
3366 504 3564 561 induit.

1991 590 2343 657 Amplectens
2395 598 2577 643 autem
2641 604 2698 643 re
2749 598 2912 659 atque
2967 590 3158 653 habitu
3208 608 3271 646 ac
3317 608 3569 650 sermone

1979 681 2399 766 philosophiam
2456 682 2628 744 illam,
2680 696 2844 749 quam
2886 697 2951 735 ex
3007 692 3167 738 utero
3231 684 3426 737 matris
3474 686 3569 738 ad-

1992 777 2291 833 amaverat,
2312 768 2557 824 imitatus
2570 778 2653 824 est
2680 770 2853 824 Eliam
2874 770 3192 826 Thesbitem
3222 782 3385 843 atque
3403 773 3570 827 Joan-

1992 873 2124 912 nem
2160 858 2492 926 Baptistam,
2539 858 2635 926 qui
2685 859 3099 915 exercitationis
3157 860 3303 915 viam
3366 862 3570 915 imitari

1992 951 2305 1005 volentibus
2362 952 2738 1017 ostendentes,
2777 955 3132 1010 solitudinem
3180 957 3343 1025 primi
3385 958 3571 1011 colue-

1994 1052 2144 1096 runt.
2181 1041 2506 1109 Quanquam
2534 1058 2763 1112 magnus
2794 1045 3099 1115 Eutyehius
3134 1063 3245 1100 non
3269 1048 3569 1112 desertum,

1991 1149 2101 1186 non
2137 1132 2449 1186 Carmelum
2498 1133 2792 1198 habitavit;
2837 1136 2930 1189 sed
2962 1135 3334 1190 Amas-.corum
3371 1146 3575 1192 metro-

1992 1221 2163 1292 polim
2190 1221 2375 1290 elegit,
2400 1221 2496 1275 ubi
2520 1221 2796 1275 desiderio
2828 1237 2929 1276 suo
2959 1223 3165 1278 faceret
3196 1224 3349 1279 satis.
3384 1224 3443 1278 in
3471 1224 3574 1278 hac

1992 1312 2141 1367 enim
2172 1311 2397 1365 civitate
2435 1319 2688 1365 sanctum
2715 1322 2798 1366 est
2821 1314 3238 1378 monasterium,
3278 1313 3423 1383 quod
3452 1330 3577 1369 san-

1995 1401 2225 1459 ctissimi
2276 1401 2552 1470 quondam
2593 1404 2837 1473 episcopi
2893 1404 3161 1470 Meletius,
3195 1407 3433 1461 Uranius
3466 1406 3578 1478 (ll)

1992 1502 2048 1548 et
2067 1494 2335 1549 Seleucus
2354 1493 2734 1547 aediﬁcandum
2763 1503 3027 1549 curarunt
3052 1514 3063 1547 :
3095 1511 3328 1563 quorum
3351 1494 3575 1564 quidem

1994 1580 2248 1634 Meletius
2292 1588 2346 1632 et
2373 1579 2657 1643 Seleucus,
2691 1596 2815 1633 cum
2865 1582 3263 1636 sanctissimam
3300 1582 3575 1637 Amasazo-

321 1671 465 1739 δρῶν
482 1689 495 1701 ·
521 1674 614 1726 καὶ
636 1676 687 1726 οἱ
721 1675 820 1744 μὲν
848 1676 960 1741 δύο,
989 1678 1271 1745 Μελέτιος,
1296 1678 1461 1749 φημὶ,
1491 1681 1586 1733 καὶ
1607 1679 1888 1746 Σέλευκος,

2009 1686 2121 1724 rum
2157 1669 2430 1724 rexissent
2454 1670 2776 1735 Ecclesiam,
2803 1671 2857 1725 in
2890 1687 2955 1725 ea
2987 1682 3173 1726 sancte
3201 1673 3573 1736 dormierunt,

319 1762 420 1832 τὴν
462 1764 743 1831 Ἀμασὲων
773 1767 1145 1836 ποιμάναντες
1188 1770 1497 1840 ἀγιωτάτην
1541 1770 1888 1841 Ἐκκλησίαν,

322 1852 378 1903 ἐν
403 1853 540 1923 αὐτῇ
579 1854 743 1917 ὁσίως
774 1857 1153 1928 κεκοίμηνται,
1184 1862 1276 1913 καὶ
1306 1861 1405 1925 τὰς
1446 1861 1891 1934 θαυματουργίας

320 1943 432 1994 τῶν
466 1944 659 1997 ἰάσεων
688 1946 1027 2001 ἐπιτελοῦσιν
1073 1951 1248 2004 ἐκεῖσε
1293 1952 1456 2022 μέχρι
1501 1954 1596 2024 τῆς
1632 1954 1889 2024 σήμερον.

396 2031 481 2093 ιζ’.
510 2034 735 2103 Φέρεται
759 2037 814 2089 δὲ
841 2039 932 2091 καὶ
962 2039 1150 2109 θαῦμα
1187 2042 1492 2112 παράδοξον
1522 2043 1617 2097 τοῦ
1653 2044 1893 2114 μεγάλου

325 2124 611 2191 Σελεύκου,
634 2128 770 2197 ὅπερ
787 2128 864 2181 ἔτι
883 2129 1033 2193 ὄντος
1060 2133 1116 2185 ἐν
1136 2135 1302 2204 σαρκῖ
1318 2134 1615 2203 εἰργάσατο
1638 2135 1706 2187 δι’
1729 2134 1894 2190 αὑτοῦ

324 2218 352 2268 ὁ
374 2214 529 2279 Θεός.
551 2218 727 2287 Λιμοῦ
750 2219 853 2289 γὰρ
881 2220 1183 2293 βαρυτάτου
1210 2224 1607 2288 καταλαϐόντος
1638 2226 1894 2295 mw):an

327 2320 392 2357 τα
421 2306 518 2373 τὴν
570 2304 779 2376 χώραν,
824 2309 1064 2371 κίνδυνος
1088 2306 1155 2381 ἧν
1185 2313 1245 2364 ού
1303 2314 1530 2382 μικρός·
1562 2317 1657 2366 καί
1703 2315 1767 2384 δὴ
1800 2314 1895 2367 τοῦ

331 2393 478 2446 σίτου
535 2397 814 2461 παντελῶς
861 2401 1255 2471 ἐκφορηθέντος
1284 2404 1347 2455 ἐκ
1394 2402 1490 2456 τοῦ
1525 2403 1725 2474 ὀρείου,
1763 2405 1899 2475 ὅπερ

330 2482 503 2553 όρεῐον
531 2487 624 2537 καὶ
658 2486 818 2555 μέχρι
848 2488 946 2556 τῆς
983 2490 1237 2559 σήμερον·
1275 2490 1348 2561 μὴ
1390 2492 1571 2561 φέρων
1616 2494 1692 2561 (ρ)
1722 2492 1899 2563 δὲτὴν

331 2573 623 2627 αἰτούντων
652 2576 711 2640 ἐξ
758 2577 961 2641 ἐνδείας
985 2580 1232 2634 ἐπίτασιν
1262 2582 1291 2633 ὁ
1319 2582 1572 2652 τηνικάδε
1603 2582 1898 2652 ὀρειάριος,

332 2664 579 2717 ἀπελθὼν
610 2669 749 2738 πρὸς
795 2668 885 2721 τὸν
924 2670 1068 2724 ὅσιον
1095 2670 1377 2734 Σέλευκον,
1425 2671 1524 2735 τὰς
1576 2671 1725 2733 κλεῖς
1752 2670 1902 2741 αὐτῷ

334 2758 694 2829 προσέρριψεν
747 2759 842 2813 τοῦ
898 2760 1097 2832 ὀρείου,
1140 2762 1430 2831 λέγων,ὅτι
1482 2765 1569 2817 Ἐν
1615 2764 1691 2835 τῷ
1742 2765 1905 2836 ὀρείῳ

337 2852 482 2909 σῖτος
520 2851 619 2903 ούκ
650 2851 817 2916 ἐστιν,
859 2854 951 2906 καὶ
978 2853 1075 2923 τὴν
1107 2853 1328 2925 ὄχλησιν
1359 2856 1419 2908 οὐ
1451 2856 1601 2925 φέρω
1625 2856 1719 2909 τοῦ
1750 2855 1902 2910 λαοῦ.

335 2938 533 2993 Λαϐὼν
559 2941 652 2995 οὖν
698 2943 798 3005 τὰς
832 2944 979 3007 κλεῖς
1004 2947 1031 2997 ό
1059 2945 1232 3012 ἅγιος,
1264 2945 1457 3014 ἔθηκεν
1513 2946 1683 3009 αύτάς
1735 2949 1792 2999 ἐν
1839 2949 1904 3017 τῇ

338 3032 529 3083 ἐαυτοῦ
574 3036 852 3103 στρωμνῇ,
902 3036 995 3088 καί
1019 3034 1085 3087 δι’
1114 3035 1243 3104 ὅλης
1270 3038 1367 3105 τῆς
1393 3035 1583 3098 νυκτὸς
1618 3035 1910 3097 ἀπαύστως

339 3122 639 3192 παρεκάλει
683 3124 774 3176 τὸν
826 3124 976 3188 θεὸν,
1030 3124 1275 3195 συνήθως
1334 3122 1504 3188 δεῖξαι
1531 3124 1599 3177 τὰ
1632 3124 1914 3194 θαυμάσια

337 3210 525 3271 αὑτοῦ,
557 3210 705 3273 ὅπως
740 3212 911 3283 θρέψῃ
942 3214 1032 3266 τὸν
1051 3212 1183 3267 tam
1212 3213 1401 3267 αὐτοῦ.
1428 3215 1647 3284 Πρωϊας
1674 3214 1730 3267 δὲ
1756 3231 1912 3282 γενοο

343 3299 531 3369 μένης,
556 3300 697 3352 κατὰ
727 3302 785 3353 τὸ
814 3301 1041 3371 σύνηθες
1070 3302 1420 3356 εἰσελθόντων
1461 3304 1597 3374 πρὸς
1652 3304 1744 3357 τὸν
1769 3306 1914 3359 ὅσιον

343 3390 451 3440 τῶν
501 3389 912 3445 εὖλαὸεστάτων
969 3394 1265 3464 κληρικῶν,
1314 3394 1466 3462 λέγει
1506 3394 1585 3466 τῷ
1632 3396 1913 3469 ὀρειαριῳ,

345 3479 490 3533 Λάϐε
533 3482 634 3544 τὰς
688 3483 854 3546 κλεῖς,
881 3484 1097 3552 ἀδελφὴ
1152 3485 1246 3538 καὶ
1276 3485 1497 3553 ἄπελθε,
1555 3488 1780 3558 ποίησον
1819 3490 1917 3561 τὴν

346 3573 535 3642 χρείαν
553 3574 661 3625 τῶν
689 3574 977 3644 δεομένων.
1024 3576 1081 3629 '0
1111 3577 1165 3629 δέ
1189 3576 1349 3631 πάλιν
1373 3578 1491 3645 μεθ’
1511 3579 1690 3646 ὅρκων
1709 3578 1918 3649 διισχυο

348 3663 529 3733 ρίζετο
565 3664 639 3732 μὴ
694 3664 839 3735 ἔχειν
893 3666 954 3717 τὸ
989 3665 1211 3718 σύνολον
1249 3666 1311 3719 τὸ
1347 3667 1522 3735 ὀρεῖον
1555 3670 1720 3721 σῖτον.
1767 3667 1917 3720 Ἐπι-

348 3750 602 3819 μένοντος
662 3750 718 3803 δὲ
784 3752 947 3804 αὑτοῦ
1002 3756 1067 3823 τῇ
1102 3754 1347 3825 ἀπιστίᾳ,
1384 3754 1532 3823 λέγει
1579 3758 1692 3818 τοῖς
1725 3756 1917 3826 κληρι-

348 3843 464 3898 κοίς
506 3844 535 3895 ὀ
577 3842 770 3912 μέγας,
809 3864 829 3895 ι
864 3844 1166 3913 Εὐλογητὸς
1214 3846 1438 3915 Κύριος,
1498 3847 1765 3900 ἀπέλθετε
1801 3850 1917 3917 μετ’

347 3932 534 3995 αὐτοῦ,
588 3935 760 4001 γνῶτε
785 3937 834 3988 εἰ
888 3936 1164 4005 ἀληθεύει.
1200 3956 1219 3988 ι
1277 3938 1399 3989 Τῶν
1426 3938 1483 3991 δὲ
1522 3939 1794 3992 λαϐόντων
1824 3940 1918 3993 τοῦ

347 4025 506 4091 ἀγίου
533 4026 629 4097 τὴν
672 4027 856 4096 εὐχὴν,
888 4028 981 4080 καὶ
1032 4028 1393 4092 ἀπελθόντων,
1424 4031 1517 4082 καί
1549 4031 1921 4101 βουληθέντων

346 4116 555 4182 ἀνοῖξαι
582 4118 682 4186 τὴν
731 4117 921 4188 θύραν,
975 4120 1129 4187 μόλις
1180 4118 1519 4190 ἠδυνήθησαν
1561 4122 1711 4185 ἐντὸς
1752 4122 1922 4191 αὐτῆς

350 4207 706 4274 γενέσθαι,ἐκ
728 4209 826 4279 τῆς
855 4208 1094 4277 πληθύος
1126 4209 1219 4262 τοῦ
1253 4210 1421 4264 σίτου.
1455 4210 1682 4281 Φέρεται
1727 4212 1785 4264 δὲ
1829 4213 1923 4266 καί⁵

1990 1771 2048 1817 et
2096 1762 2149 1815 in
2198 1762 2524 1816 hodiernum
2556 1778 2729 1832 usque.
2764 1763 2907 1817 diem
2937 1764 3199 1819 miracula
3247 1773 3301 1818 et
3334 1765 3575 1819 curatio-

1992 1867 2092 1908 nes
2120 1862 2420 1921 operantur
2446 1869 2459 1905 :
2496 1853 2627 1923 quin
2660 1860 2715 1907 et
2743 1853 2810 1907 de
2838 1868 3034 1923 magno
3060 1853 3291 1908 Seleuco
3318 1861 3575 1907 narratur

1993 1944 2234 2014 signum,
2268 1942 2415 2012 quod
2456 1959 2554 2013 per
2582 1958 2709 1997 eum
2740 1942 2921 1999 adhuc
2948 1944 3221 1997 viventem
3252 1942 3382 1997 fecit
3406 1942 3572 1997 Deus.

2067 2036 2153 2089 17.
2195 2034 2387 2089 Fames
2419 2034 2714 2103 aliquando
2743 2033 3061 2104 gravissima
3095 2041 3460 2103 occupaverat
3491 2048 3579 2087 re-

1995 2124 2235 2195 gionem,
2273 2140 2377 2179 nec
2404 2124 2684 2179 mediocre
2719 2124 3023 2194 periculum
3060 2124 3401 2180 imminebat.
3436 2123 3575 2180 Cum

1994 2218 2146 2271 enim
2194 2233 2262 2271 ex
2308 2218 2529 2279 horreo,
2566 2217 2713 2287 quod
2745 2218 2928 2273 adhuc
2953 2226 3228 2287 superest,
3260 2226 3433 2272 totum
3460 2217 3573 2271 fruc

1998 2315 2248 2362 mentum
2295 2316 2442 2361 esset
2486 2316 2869 2377 exportatum,
2924 2316 3149 2373 custos,
3214 2308 3573 2378 flagitantium

2000 2400 2475 2469 importunitatem
2519 2415 2627 2453 non
2684 2399 2887 2465 ferens,
2938 2400 3168 2455 accessit
3219 2400 3285 2453 ad
3324 2408 3575 2453 sanctum

2000 2491 2317 2553 Seleucum,
2374 2498 2431 2544 et
2484 2490 2669 2544 horrei
2732 2491 2913 2545 claves
2962 2490 3253 2545 reddidit:
3294 2488 3413 2543 Non
3470 2498 3576 2554 est,

2002 2582 2292 2653 inquiens,
2341 2581 2674 2635 frumentum
2731 2581 2784 2634 in
2840 2580 3071 2646 horreo,
3120 2591 3176 2635 et
3231 2578 3581 2648 eiﬂagitantis

2003 2674 2193 2744 populi
2243 2670 2657 2727 multitudinem
2724 2685 2942 2739 nequeo
3000 2670 3300 2725 sustinere.
3356 2668 3583 2737 Accepit

2004 2766 2190 2820 claves
2231 2763 2319 2817 vir
2369 2770 2593 2816 sanctus
2639 2775 2846 2829 easque
2874 2760 2929 2813 in
2971 2759 3177 2815 lectulo
3229 2773 3330 2813 suo
3374 2754 3583 2827 posuit,

2006 2872 2117 2912 non
2152 2856 2428 2909 desistens
2462 2854 2635 2907 Deum
2672 2868 2772 2922 per
2819 2860 2988 2907 totam
3038 2860 3257 2905 noctem
3306 2863 3484 2912 orare,
3523 2853 3585 2929 ut

2010 2964 2079 3003 ex
2127 2960 2281 3001 more
2322 2943 2642 2999 ostenderet
2665 2942 3047 2997 admirabilem
3074 2939 3378 3011 potentiam
3407 2953 3583 3002 suam,

2012 3053 2123 3109 quo
2150 3036 2413 3108 populum
2447 3043 2631 3105 posset
2659 3034 2805 3088 alere
2836 3047 2901 3087 ac
2944 3039 3270 3088 sustentare.
3313 3028 3586 3086 Postridie

2012 3142 2173 3183 mane
2210 3126 2549 3180 conveniunt
2577 3123 2646 3177 de
2674 3137 2828 3179 more
2866 3122 2933 3178 ad
2962 3130 3209 3178 sanctum
3267 3122 3586 3191 episcopum

2014 3217 2414 3290 religiosissimi
2461 3214 2655 3271 clerici
2713 3232 2728 3269 :
2780 3222 2895 3269 tum
2946 3214 3013 3269 ad
3065 3213 3348 3269 custodem
3403 3210 3587 3265 horrei

2015 3310 2280 3366 Seleucus
2308 3327 2321 3362 :
2363 3307 2585 3378 Accipe,
2607 3306 2807 3377 inquit.
2837 3306 3039 3371 claves,
3064 3305 3251 3368 frater,
3282 3312 3337 3358 et
3359 3299 3591 3357 subveni

2014 3414 2321 3472 pauperum
2354 3397 2692 3453 necessitati.
2735 3397 2805 3450 At
2859 3396 2951 3450 ille
2988 3410 3183 3449 rursus
3232 3390 3593 3465 jurejurando

2017 3491 2327 3556 aﬂirmavit,
2385 3490 2442 3544 in
2491 3489 2695 3542 horreo
2747 3487 2884 3541 nihil
2936 3500 3060 3541 esse
3116 3485 3401 3540 frumenti.
3452 3483 3593 3538 Eum

2019 3598 2152 3652 ergo
2207 3581 2262 3635 in
2295 3594 2393 3635 sua
2437 3578 2759 3632 infidelitate
2813 3576 3112 3646 persistere
3137 3577 3331 3630 videns
3362 3576 3446 3629 vir
3473 3590 3590 3628 ma-

2020 3688 2179 3743 gnus,
2235 3682 2535 3724 conversus
2581 3667 2651 3723 ad
2686 3667 2920 3720 clericos
2954 3682 2970 3720 :
2999 3665 3353 3730 Benedictus,
3393 3666 3593 3734 inquit,

2022 3762 2286 3817 Dominus
2310 3776 2326 3814 :
2356 3759 2502 3813 abite
2527 3772 2651 3812 cum
2678 3757 2793 3821 illo,
2820 3765 2876 3812 et
2910 3757 3220 3826 cognoscite
3248 3766 3433 3811 utrum
3465 3772 3596 3810 vera

2023 3851 2171 3905 dicat
2200 3864 2301 3903 nec
2323 3864 2412 3902 ne.
2443 3846 2578 3901 Cum
2607 3854 2794 3899 autem
2828 3846 3112 3907 abiissent,
3154 3853 3211 3898 et
3232 3844 3433 3897 vellent
3462 3858 3596 3912 ape-

2024 3943 2136 3996 rire
2181 3939 2406 4002 ostium,
2458 3938 2549 3991 vix
2583 3944 2879 4006 potuerunt
2924 3935 3151 3988 introire
3179 3949 3289 4003 pra:
3333 3933 3593 3988 frumenti

2026 4032 2400 4089 multitudine.
2458 4027 2765 4097 Descriptio
2812 4035 2994 4080 autem
3027 4024 3298 4094 exportati
3336 4023 3595 4078 frumenti

2026 4140 2199 4196 usque
2235 4123 2301 4178 ad
2330 4123 2479 4175 hunc
2503 4121 2647 4174 diem
2674 4116 3066 4172 circumfertur
3099 4115 3187 4169 his
3218 4115 3400 4169 verbis
3426 4132 3438 4168 :
3470 4132 3489 4165 ι
3531 4115 3599 4169 Et

2027 4232 2093 4272 ex
2116 4214 2367 4271 oratione
2389 4211 2563 4267 sancti
2595 4208 2808 4263 Seleuci
2835 4207 3022 4269 decem
3049 4205 3341 4277 myri'ades.
3370 4225 3389 4258 ι
3422 4207 3600 4275 Atque

351 4302 683 4368 καταγραφὴ
703 4301 799 4367 τῆς
830 4297 1008 4365 ἐξόδου
1039 4302 1134 4354 τοῦ
1170 4302 1319 4354 σίτου
1359 4304 1522 4373 μέχρι
1553 4303 1652 4372 τῆς
1684 4305 1904 4374 σήμερο·

2030 4311 2148 4363 haec
2175 4308 2243 4362 de
2263 4307 2427 4361 beato
2450 4304 2703 4358 Seleuco.
2734 4299 3059 4369 Sepulcrum
3089 4312 3220 4351 vero
3246 4298 3451 4361 Uranii,
3481 4297 3603 4368 ejus

353 4386 546 4449 οὓτως
571 4409 588 4437 ι
614 4390 718 4440 Καὶ
745 4389 855 4440 ἀπὸ
881 4390 979 4455 τῆς
1013 4391 1318 4460 προσευχῆς
1348 4390 1443 4443 τοῦ
1476 4390 1631 4459 ἀγίου
1660 4392 1920 4445 Σελεύκου

359 4481 614 4549 μυριάδες
638 4480 769 4534 δέκα
816 4502 835 4531 ο
862 4482 944 4535 Τὰ
974 4482 1071 4550 μὲν
1105 4481 1169 4550 δὴ
1186 4482 1313 4551 περί
1339 4482 1434 4535 τοῦ
1466 4479 1701 4551 μεγάλου
1726 4484 1913 4536 Σελεύ-

357 4587 455 4622 κου
487 4572 728 4626 τοιαῦτα.
789 4573 1056 4643 Οὐρανίου
1088 4574 1146 4627 δὲ
1188 4574 1279 4626 τὸν
1330 4575 1389 4626 ἐν
1435 4573 1678 4645 Ἰσώροις
1739 4575 1927 4645 θρόνον

357 4664 839 4733 διακοσμήσαντος,
900 4668 1121 4717 κακεῖσε
1154 4664 1569 4730 τελειωθέντος,
1610 4664 1772 4736 μέχρι
1832 4669 1929 4735 τῆς

358 4752 517 4823 δεῦρο
574 4753 745 4814 ἰάσεις
799 4756 827 4805 ό
877 4754 1043 4820 τάφος
1073 4754 1237 4807 αὑτοῦ
1300 4754 1555 4809 ἐπιτελεῖ.
1614 4756 1722 4808 Καὶ
1774 4754 1933 4807 τοῦτο

359 4841 611 4911 δηλοῦται
642 4844 706 4895 ἐκ
733 4841 841 4895 τῶν
865 4843 1100 4913 ἑκάστης
1126 4844 1339 4913 ἡμέρας
1360 4844 1738 4915 ἀνακειμένων
1770 4844 1931 4898 ἀσθεο

2030 4399 2124 4470 qui
2181 4398 2468 4452 lbororum
2524 4393 2634 4462 (12)
2698 4391 3014 4446 cathedram
3075 4389 3362 4444 exornavit
3416 4389 3603 4458 ibique

2024 4490 2284 4547 conditus
2327 4496 2432 4550 est,
2463 4500 2636 4554 usque
2666 4484 2721 4537 in
2754 4496 2995 4551 praesens
3018 4490 3279 4550 operatur
3308 4478 3601 4533 sanitates:

2024 4587 2082 4635 et
2128 4580 2235 4631 hoc
2268 4574 2651 4629 manifestatur
2685 4586 2785 4640 per
2819 4569 3087 4633 inﬁrmos,
3123 4568 3218 4637 qui
3250 4567 3448 4622 diebus
3492 4567 3605 4620 sin-

2028 4670 2170 4740 gulis
2209 4669 2265 4722 in
2298 4683 2361 4720 ea
2406 4664 2522 4719 aede
2562 4663 2617 4717 in
2647 4677 2753 4731 qua
2782 4660 3079 4730 requiescit
3106 4667 3351 4723 sanctus,
3380 4657 3607 4711 decum-

2028 4756 2168 4809 bunt
2193 4771 2205 4807 :
2231 4768 2465 4823 quorum
2490 4750 2688 4820 singuli
2716 4765 2825 4803 non
2848 4764 2949 4818 pro
2967 4764 3067 4803 sua
3094 4750 3296 4817 quique
3318 4745 3603 4816 dignitate,

2031 4845 2127 4900 sed
2159 4852 2325 4916 prout
2348 4842 2614 4898 advenire
2640 4840 2953 4911 contigerit,
2997 4837 3404 4908 ingrediuntur,
3449 4848 3606 4888 acce-

440 5000 512 5069 (p)
540 4998 903 5054 Perturbatus
932 4996 1189 5068 ecgrapbi
1226 5011 1423 5052 sensus
1458 4997 1537 5051 sic
1559 5006 1708 5052 erat:
1742 4997 1819 5067 μὴ
1841 4998 1904 5066 φέ

2009 5017 2021 5050 ρ
2053 5001 2118 5053 ἐκ
2156 4998 2383 5052 τούτων.

443 5140 548 5207 (ll)
573 5140 802 5193 Nomina
849 5140 1046 5193 horum
1076 5146 1463 5209 episcoporum
1509 5138 1744 5193 necdum
1778 5153 1934 5205 repe-

370 5211 539 5267 rimus
562 5210 617 5263 in
662 5210 788 5275 ullis
822 5209 998 5262 Fastis
1030 5212 1221 5262 sacris.

444 5280 548 5349 (12')
607 5276 875 5349 lbororum
920 5280 1049 5348 legit
1073 5279 1273 5332 Zinus:
1304 5286 1360 5332 et
1385 5278 1464 5333 sic
1495 5278 1547 5332 in
1573 5276 1933 5349 subscriptio-

377 5346 537 5403 nibus
555 5349 770 5402 concilii
809 5346 1399 5416 Constantinopolitaui
1433 5365 1469 5409 I,
1504 5348 1655 5401 solus
1703 5363 1768 5400 cx
1796 5346 1932 5416 _He-

379 5420 736 5487 lem~politana
785 5419 1068 5487 provincia
1121 5414 1322 5487 legitur
1348 5417 1749 5487 subscripsisse,
1786 5414 1932 5487 Pan-

382 5484 580 5555 sophi’us
644 5490 757 5544 sive
788 5484 1227 5558 'Panmpbilusf;
1288 5488 1341 5542 in
1405 5488 1649 5558 antiquis
1705 5484 1931 5558 _N'utiﬁis

385 5553 737 5623 pra-laudatis.
800 5553 1049 5628 16:96»),
1124 5556 1340 5630 Ὶϐύρα,
1386 5553 1631 5627 Ἰὁόρνων
1705 5553 1926 5626 legitur.

2040 5139 2272 5193 lboriam
2321 5139 2514 5193 urbem
2546 5147 2744 5209 vocant
2779 5132 3095 5209 gc_ograpb_i_
3125 5125 3463 5209 recentiores
3504 5123 3607 5209 sub

2035 5208 2322 5278 Metropoli
2351 5210 2641 5262 Amaseua.
2675 5194 3505 5278 Noniigituihiccogitandum
3541 5195 3609 5247 «le.

2034 5268 2261 5353 Iberia,
2294 5294 2445 5353 nunc
2502 5278 2737 5353 Georgia
2775 5268 2957 5353 (ἰδυῖα,
3015 5268 3340 5353 Persi-dique
3387 5268 3605 5353 tigna:

2034 5356 2086 5400 et
2115 5350 2208 5417 qui
2230 5333 2410 5412 'infra,
2438 5365 2494 5402 n.
2519 5333 2608 5410 61,
2636 5333 2829 5417 ἴητιῇοιοὶ
2853 5360 2917 5399 ex
2948 5351 3101 5410 parte
3150 5333 3363 5417 _lbe'res‘,
3406 5333 3610 5417 Ἴϐρος,

2035 5404 2333 5471 Αῐηὶιεωιιῐη
2372 5404 2683 5489 confugisse
2720 5404 3018 5476 dicuntur,
3055 5425 3117 5463 ex
3150 5408 3251 5461 hac
3276 5404 3415 5462 urbe
3450 5416 3614 5455 ventio

2037 5496 2185 5541 runt.
