3982 6206
412 221 552 286 29235

411 327 660 404 άιῑηιῳιε
689 335 754 390 ad
789 337 1125 408 sepulturam
1161 343 1336 399 sancti
1363 351 1466 399 eta
1503 347 1708 405 morbis
1733 350 1975 414 liberati.

410 436 644 482 currunt
690 431 831 495 sani,
869 431 1242 502 gloriﬁcantes
1270 437 1582 494 Dominum.

482 699 570 754 18.
607 701 967 760 Monasticum
1017 708 1188 779 igitur
1243 711 1492 767 habitum
1542 732 1771 788 magnus
1823 723 1990 794 Eu!)-

409 789 570 845 chius
604 791 785 846 induit
819 793 874 847 in
921 795 1028 852 hoc
1064 814 1261 869 magno
1301 806 1658 869 monasterio,
1689 809 1834 876 quod
1872 789 1990 881 ipse

409 890 595 950 postea
643 890 760 938 tum
789 885 1061 953 aedificiis,
1109 899 1225 946 tum
1261 894 1414 949 cultu
1460 896 1668 963 divino,
1716 909 1828 955 tum
1859 919 1988 972 pro-

408 980 675 1028 ventuum
721 975 789 1030 ad
845 977 963 1034 haec
995 985 1431 1041 necessariorum
1483 988 1840 1049 incrementis
1868 1011 1989 1050 arm-

407 1064 692 1132 plilicavit.
739 1066 988 1137 Cumque
1045 1073 1357 1129 succinctos
1410 1077 1639 1133 haberet
1670 1081 1888 1138 lumbos
1929 1085 1985 1141 in

410 1157 661 1223 veritate,
694 1168 750 1214 et
783 1163 958 1217 sancti
994 1164 1239 1235 Spiritus
1270 1177 1605 1226 armaturam
1631 1177 1980 1245 suscepisset,

406 1251 749 1317 provinciam
780 1255 1004 1310 admisit
1036 1259 1208 1313 totius
1237 1261 1574 1319 monachalis
1593 1266 1805 1322 ordinis
1844 1268 1898 1323 in
1915 1285 1980 1326 ενι

405 1346 695 1413 metropoli
719 1347 1084 1416 gubernandi,
1116 1367 1183 1406 ex
1207 1367 1384 1424 eoque
1415 1371 1644 1413 munere
1677 1361 1981 1418 catholicus

404 1447 502 1488 seu
537 1439 808 1504 generalis
855 1441 1254 1510 appellabatur.
1310 1447 1422 1502 Hac
1471 1459 1655 1504 autem
1712 1452 1979 1522 dignitate

1481 241 1538 298 S.
1579 242 1944 305 EUTYCHII
1983 249 2484 320 PATRIARCH/E
2524 262 2635 322 ΟΡ.

3526 280 3675 349 2296

2006 361 2051 417 Α
2084 357 2209 424 νῶν,
2246 361 2307 413 ἐν
2339 355 2382 430 ᾧ
2412 365 2546 437 οἴκῳ
2593 369 2916 442 κεκοίμηται
2958 377 2986 428 ὁ
3016 377 3180 444 ὅσιος,
3215 381 3273 434 οῦ
3321 384 3442 438 κατ’
3492 387 3672 467 ἀξίαν⁹

2097 447 2205 467 1.\\‘
2245 449 2257 467 ο
2333 453 2356 467 ⁸ο
2592 458 2613 467 ⁶¹
2833 464 2844 467 “
2917 463 2928 467 Α
2958 465 2967 467 4
2994 464 3004 467 ’

2089 447 2205 500 ἀλλ’
2227 449 2304 514 ὡς
2333 453 2560 520 ἕκαστος
2590 458 2778 530 ἔτυχεν
2797 463 3079 530 εἰσελθὼν,
3112 447 3564 541 προσεγγίζοντος
3590 447 3674 551 si;

2091 542 2246 612 τάφῳ
2275 545 2370 598 τοῦ
2414 550 2584 616 ὁσίου,
2627 554 2728 623 τῆς
2771 557 2927 611 νόσου
2956 561 3418 635 ἀπαλλαττόμενοι
3445 542 3670 641 τρέχουλ

2099 649 2183 686 σιν
2214 637 2406 706 ὑγιεῖς,
2438 641 2749 711 δοξάζοντες
2768 649 2858 702 τὸν
2880 651 3032 706 Θεόν.

2187 731 2256 800 η’.
2321 734 2406 800 Ἐν
2449 738 2621 809 τούτῳ
2678 742 2854 796 τοίνυν
2911 746 2990 817 τῷ
3042 749 3261 820 μεγάλῳ
3313 758 3662 829 μοναστηρίῳ

2095 821 2251 891 (ὅπερ
2299 826 2378 888 είς
2412 826 2638 898 ὕστερον
2676 833 3028 906 πολυτρόπως
3069 839 3282 909 ὕψωσεν
3309 845 3402 896 καὶ
3433 821 3666 901 ἐπλάτυ-

2092 927 2182 965 νεν
2211 913 2269 966 ἐν
2309 933 2367 968 τε
2393 918 2702 993 εῦκτηρίοις
2746 926 2931 992 οἴκοις,
2974 929 3030 982 ἐν
3072 948 3131 982 τε
3181 931 3490 1007 λειτουργίᾳ
3518 938 3664 1008 θείᾳ,

2093 1003 2188 1057 καὶ
2227 1011 2670 1077 προσεπιτούτοις
2715 1018 2990 1085 προσόδων
3018 1003 3378 1093 προσθήκαις)
3421 1003 3660 1095 ὀνμέγας

2093 1095 2353 1167 Εὐτύχιος
2400 1101 2712 1170 ἠμφιάσατό
2742 1107 2801 1158 τὸ
2833 1109 3116 1177 μοναδικὺν
3167 1113 3370 1183 σχῆμα.
3407 1117 3656 1182 Περιζω-

2094 1185 2328 1254 σάμενος
2358 1188 2490 1257 γοῦν
2523 1193 2622 1260 τὴν
2672 1193 2842 1262 ὀσφὺν
2890 1199 2948 1250 ἐν
3006 1199 3251 1273 ἀληθείᾳ,
3289 1206 3380 1256 καὶ
3431 1206 3649 1262 nam.

2093 1292 2253 1345 μενος
2279 1277 2379 1348 τὴν
2401 1283 2704 1337 πανοπλίαν
2728 1285 2821 1338 τοῦ
2848 1288 3004 1353 ἁγίου
3029 1289 3363 1361 Πνεύματος,
3400 1295 3660 1366 ἀναδέχε-

2087 1384 2177 1420 ται
2241 1370 2340 1438 τὴν
2390 1374 2665 1444 φροντίδα,
2697 1367 3190 1449 ἦτοιήγουμενίαν,
3234 1384 3358 1436 ὅλου
3423 1385 3516 1439 τοῦ
3550 1387 3660 1440 ὑπὺ
3739 1463 3742 1466 γ

2086 1457 2184 1525 τὴν
2239 1462 2570 1531 μητρόπολιν
2629 1469 2924 1537 μοναχικοῦ
2979 1473 3341 1542 συστήματος,
3382 1475 3503 1528 ὅθεν
3560 1478 3658 1531 καὶ

403 1519 538 1573 nihil
576 1521 776 1586 elatus,
835 1540 945 1580 non
992 1529 1258 1599 cogitavit
1313 1548 1509 1604 magna
1561 1536 1618 1588 in
1676 1539 1841 1594 corde
1880 1557 1959 1596 ευ(

403 1619 494 1641 nne
547 1613 737 1641 Anu-lna-
793 1618 1012 1641 .......--I:.
1065 1620 1115 1641 ε..
1182 1622 1319 1641 ,ηιιο
1364 1640 1368 1641 ,
1594 1628 1608 1641 ι

2085 1519 2369 1619 καθολικὸς
2398 1519 2730 1629 ὠνομάζετο,
2767 1519 2935 1635 μηδὲν
2953 1566 3016 1618 ὲκ
3046 1519 3326 1636 τῆέΓάξίας
3368 1571 3654 1641 ἐπαρθεὶς,

401 1619 496 1664 aut
546 1613 740 1668 oculos
791 1618 1016 1672 sustulit
1065 1620 1119 1673 in
1177 1622 1452 1691 sublime;
1515 1628 1609 1681 sed
1643 1644 1856 1686 omnem
1888 1649 1977 1688 ca-

400 1699 554 1753 ducae
591 1717 654 1755 ac
683 1704 899 1759 misera:
926 1706 1089 1776 hujus
1110 1711 1252 1782 vita:
1281 1714 1629 1782 splendorem
1660 1730 1719 1772 ut
1759 1721 1975 1779 inanem

397 1794 800 1860 aspernabatur
834 1814 847 1849 :
881 1799 1085 1870 quippe
1101 1779 1212 1871 [qui
1261 1779 1372 1860 non
1426 1808 1707 1878 ignoraret
1735 1813 1974 1873 hominis

393 1882 626 1949 gloriam
687 1901 810 1941 esse
863 1889 1007 1944 sicut
1072 1892 1260 1948 ﬂorem
1319 1896 1432 1952 feni
1486 1917 1499 1952 :
1554 1901 1788 1974 ideoque
1841 1907 1973 1964 licet

392 1973 665 2030 maximus
711 1989 858 2034 esset
912 1996 976 2036 ac
1027 1984 1241 2057 primus
1285 1989 1551 2056 omnium,
1601 1993 1674 2047 ita
1723 2012 1781 2051 se
1807 2014 1966 2069 gere-

392 2062 487 2118 bat
518 2081 582 2121 ac
620 2067 665 2122 si
700 2067 895 2126 fuisset
922 2089 1067 2129 unus
1096 2089 1127 2128 e
1160 2078 1345 2133 multis
1374 2098 1386 2133 :
1422 2081 1500 2136 sic
1525 2084 1671 2139 enim
1705 2087 1969 2149 Dominus

390 2157 639 2225 praecipit
678 2176 692 2212 :
747 2179 765 2212 ι
797 2162 900 2228 Qui
951 2167 1069 2220 vult
1118 2167 1264 2224 inter
1298 2188 1394 2228 vos
1447 2175 1658 2244 primus
1703 2197 1842 2246 esse,
1897 2187 1967 2241 sit

388 2247 637 2303 omnium
669 2251 896 2310 ultimus
917 2267 973 2312 et
1002 2262 1254 2317 minister
1305 2265 1348 2296 "
1375 2283 1390 2331 ;
1431 2287 1448 2318 ι
1483 2271 1610 2337 quia
1659 2272 1817 2340 plane
1846 2290 1962 2328 me-

389 2335 621 2391 moriter
677 2341 953 2400 retinebat
1019 2348 1164 2403 hanc
1229 2335 1515 2422 Sapientis?
1568 2335 1896 2417 sententiam
1945 2383 1958 2419 :

393 2440 417 2476 ι
456 2425 744 2486 Rectorem
778 2442 830 2488 te
879 2444 1232 2503 posuerunt?
1283 2445 1394 2498 noli
1438 2449 1624 2503 extolli
1667 2467 1679 2503 :
1732 2463 1850 2507 esto
1905 2455 1958 2508 in

387 2514 496 2568 illis
539 2521 695 2588 quasi
746 2539 887 2579 unus
916 2541 983 2581 ex
1018 2529 1152 2597 ipsis
1186 2533 1250 2585 1‘.
1290 2553 1308 2584 ι
1349 2535 1518 2589 Porro
1548 2554 1670 2592 cum
1700 2547 1960 2612 temporis

385 2619 496 2660 non
524 2610 730 2680 exigui,
762 2613 954 2670 decem
1012 2620 1271 2676 videlicet
1313 2639 1582 2680 annorum
1629 2633 1826 2698 spatio,
1859 2635 1958 2689 dc-

383 2710 518 2765 gens
549 2699 744 2755 eodem
802 2710 1134 2764 monasterio
1166 2711 1329 2780 eique
1373 2715 1692 2784 praesidens,
1737 2721 1958 2780 fecisset

383 2786 567 2842 omnia
607 2799 664 2844 et
720 2791 1017 2862 docuisset,
1055 2801 1366 2872 multosque
1395 2805 1510 2862 suis
1560 2809 1956 2869 cohortationi-

383 2875 488 2931 bus
515 2887 572 2932 et
624 2880 872 2941 doctrina
913 2888 1156 2946 lucratus
1205 2902 1353 2949 esset
1397 2897 1528 2964 Deo,
1562 2901 1858 2962 observans
1887 2907 1954 2962 il-
1981 2872 2025 2934 Ο

383 2965 476 3020 Iud
524 2975 901 3043 evangelicum
939 2995 952 3032 :
997 2999 1015 3030 ι
1074 2981 1179 3046 Qui
1223 2983 1418 3040 fecerit
1454 2996 1511 3044 et
1555 2991 1826 3056 docuerit,
1868 2998 1956 3054 hic

381 3071 612 3128 magnus
640 3067 933 3123 vocabitur
967 3071 1023 3125 in
1047 3089 1216 3144 regno
1248 3079 1512 3134 caelorum
1540 3083 1580 3114 ¹⁷
1606 3102 1620 3149 ;
1660 3105 1678 3137 ι
1709 3097 1764 3141 et
1790 3089 1951 3146 illud:

387 3166 406 3198 ι
440 3150 633 3208 Melius
653 3165 737 3210 est
758 3173 958 3216 nomen
987 3162 1191 3220 bonum
1212 3184 1377 3238 quam
1397 3172 1603 3230 divitiae
1623 3179 1806 3243 multae
1833 3182 1903 3248 ¹⁸;
1927 3203 1946 3235 ι

377 3243 583 3296 meruit
612 3244 704 3300 illa
747 3250 914 3304 verba
942 3254 1135 3310 audire
1177 3275 1189 3310 :
1246 3277 1266 3309 ι
1294 3260 1467 3331 Euge,
1492 3279 1650 3320 serve
1710 3267 1855 3327 bone
1898 3280 1955 3327 et

379 3328 574 3397 fidelis,
621 3337 751 3404 quia
799 3355 966 3410 super
988 3358 1162 3412 pauca
1190 3347 1342 3403 fuisti
1373 3328 1568 3417 fidelis,
1595 3371 1754 3426 supra
1783 3363 1950 3418 multa

375 3427 430 3475 te
457 3425 790 3482 constituam
835 3432 910 3498 ";
949 3451 968 3486 ι
1028 3434 1216 3506 itaque
1267 3439 1501 3498 illustris
1555 3425 1788 3504 effectus
1843 3461 1948 3518 est,

373 3512 562 3580 utqui
611 3513 783 3570 instar
819 3519 1065 3577 ardentis
1107 3526 1204 3580 sed
1254 3528 1730 3608 absconditaesub
1764 3512 1948 3595 modio

371 3597 638 3668 lampadis
690 3615 829 3673 erat,
868 3609 1079 3668 electus
1113 3615 1187 3670 sit
1230 3619 1325 3686 qui
1357 3635 1522 3690 supra
1555 3599 1948 3684 candelabrum

370 3693 584 3758 positus
639 3695 826 3754 fideles
857 3716 1051 3760 omnes
1088 3706 1410 3777 illustraret,
1463 3722 1518 3767 et
1572 3718 1829 3774 omnibus
1865 3721 1948 3774 in-

369 3787 702 3851 notesceret,
730 3787 875 3844 sicut
917 3793 1111 3848 civitas
1137 3811 1304 3866 supra
1329 3811 1571 3858 montem
1601 3807 1798 3874 posita.
1837 3810 1943 3866 Sed

367 3874 645 3938 quomodo
675 3888 825 3947 gesta
868 3892 999 3938 sunt
1031 3885 1190 3941 haec?
1221 3889 1446 3945 Factum
1489 3903 1574 3949 est
1618 3897 1715 3951 Dei
1763 3901 1944 3968 provi-

366 3960 571 4026 dentia,
609 3976 670 4021 ut
707 3969 763 4024 in
797 3975 1020 4043 negotio
1069 3979 1326 4046 quodam,
1363 3984 1428 4038 ad
1456 4000 1647 4042 omnes
1671 3960 1940 4046 Christia-

364 4062 468 4103 nos
485 4052 815 4122 pertinente,
842 4061 1012 4130 magis
1029 4061 1190 4134 hujus
1211 4066 1311 4120 viri
1334 4071 1712 4138 requireretur
1737 4091 1937 4146 opera:

363 4139 509 4204 quod
531 4143 754 4210 quidem
785 4147 961 4217 ipsius
985 4153 1156 4209 solius
1186 4171 1350 4212 causa
1375 4171 1583 4218 motum
1620 4165 1790 4224 fuisse
1821 4172 1936 4225 exi—

362 4227 549 4297 stimo,
563 4235 688 4303 quia
701 4252 800 4306 per
814 4239 990 4308 ipsum
1003 4245 1182 4300 solum
1199 4249 1428 4320 contigit
1444 4253 1660 4310 initium
1679 4258 1794 4313 dari
1807 4277 1932 4316 con-

363 4334 513 4387 gruae
539 4328 894 4385 correctioni.
918 4332 1209 4405 Negotium
1233 4349 1416 4396 autem
1455 4343 1561 4400 fuit
1584 4347 1923 4420 hujusmodi.

2083 1645 2156 1715 μὴ
2188 1645 2546 1720 λογισάμενος
2577 1653 2638 1706 τὸ
2663 1654 2867 1725 ὑψηλὸν
2891 1660 2946 1709 ὲν
2971 1659 3234 1730 καρδία,ἥ
3275 1665 3656 1733 μετεωρισμδν

2081 1736 2208 1790 ίδεῖν
2253 1743 2367 1802 τοῖς
2424 1742 2728 1810 ὀφθαλμοῖς
2777 1747 2942 1800 αὐτοῦ
2969 1765 2982 1779 ⁸
3037 1752 3217 1803 πᾶσαν
3260 1752 3368 1823 γὰρ
3402 1755 3493 1805 τοῦ
3527 1754 3649 1824 βίου

2075 1830 2408 1904 πρόσκαιρον
2441 1839 2797 1907 περιφάνειαν
2825 1841 2903 1902 εἰς
2935 1841 3084 1895 οὐδὲν
3131 1841 3378 1912 θέμενος,
3411 1846 3509 1916 ήδη
3541 1865 3650 1899 πε-

2075 1924 2453 1994 ριεφρόνησεν,
2487 1929 2569 1980 ὅτι
2597 1931 2745 1984 πᾶσα
2774 1931 2901 1998 δόξα
2924 1933 3211 2003 ἀνθρώπου
3240 1935 3311 1999 ὡς
3338 1935 3492 2000 ἄνθος
3516 1937 3648 2008 χόρ-

2072 2031 2185 2070 του.
2219 2017 2430 2071 Γίνεται
2457 2019 2569 2085 οῦν,
2599 2021 2673 2084 ὡς
2703 2017 2783 2086 εἷς
2817 2024 2925 2077 τῶν
2959 2026 3197 2092 πάντων,
3235 2028 3263 2078 ὀ
3317 2027 3514 2098 μείζων
3545 2031 3647 2082 καὶ

2067 2107 2097 2158 ὀ
2126 2107 2341 2177 πρῶτος
2363 2111 2600 2176 πάντων,
2629 2113 2813 2178 καθώς
2832 2130 2995 2186 φησιν
3016 2119 3041 2170 ό
3075 2118 3299 2189 Κύριος,
3329 2137 3347 2170 ι
3377 2121 3437 2172 '(l
3468 2120 3644 2174 θέλων

2067 2199 2126 2252 ὲν
2158 2201 2286 2270 ὑμῖν
2321 2199 2460 2258 εἶναι
2516 2206 2749 2277 πρῶτος,
2794 2208 2936 2262 ἔστω
2971 2211 3187 2264 πάντων
3233 2212 3482 2282 ἔσχατος,
3542 2215 3642 2268 καὶ

2065 2289 2282 2343 πάντων
2309 2292 2574 2356 διάκονος.
2619 2315 2638 2347 ι
2668 2297 2742 2349 Τὸ
2781 2297 2910 2368 γὰρ,
2947 2317 2968 2351 r
3016 2300 3346 2370 Ἥγούμενόν
3391 2319 3448 2355 σε
3501 2321 3644 2356 κατ-

2065 2375 2319 2447 έστησαν,
2345 2381 2494 2448 γίνου
2523 2383 2598 2447 ὡς
2623 2379 2702 2448 εἷς
2731 2385 2788 2452 ἐξ
2833 2388 3032 2453 αὐτῶν,
3067 2406 3086 2438 ι
3118 2390 3358 2460 ἀκριϐῶς
3384 2386 3451 2461 ἦν
3482 2392 3638 2461 αύτῷ

2065 2469 2529 2541 μεμελετημένον.
2571 2474 2658 2538 Ὧς
2696 2475 2753 2528 δὲ
2783 2475 2960 2532 πάντα
2991 2479 3169 2543 καλῶς
3223 2480 3494 2549 ἐποίησεν,
3536 2483 3637 2534 καὶ

2061 2560 2296 2626 ἐδίδαξεν
2327 2565 2518 2634 χρόνον
2542 2567 2642 2619 οὐκ
2681 2567 2879 2637 ὀλίγον,
2906 2570 3189 2624 δεκαετίαν
3231 2571 3430 2640 διάγων
3461 2575 3516 2625 ὲν
3560 2577 3633 2645 τῇ

2058 2643 2195 2723 αὐτῇ
2224 2657 2378 2725 μονῇ,
2408 2658 2501 2710 καὶ
2527 2660 2873 2730 ἡγησάμενος
2902 2663 3090 2731 αὐτῆς,
3107 2664 3198 2717 καὶ
3215 2664 3437 2726 πολλοὺς
3461 2643 3639 2735 «pos;

2059 2741 2286 2808 ενέγκας
2346 2744 2423 2815 τῷ
2452 2746 2569 2817 Θεῷ
2619 2749 2706 2802 διὰ
2747 2750 2847 2819 τῆς
2880 2752 3072 2806 ἑαυτοῦ
3124 2754 3399 2818 νουθεσίας
3431 2771 3488 2807 τε
3531 2755 3636 2808 καὶ

2059 2831 2427 2901 διδασκαλίας,
2470 2840 2611 2893 κατὰ
2643 2841 2704 2894 τὸ
2761 2842 2905 2897 θεῖον
2952 2844 3149 2913 λόγιον,
3205 2865 3224 2898 ι
3272 2848 3336 2900 '0
3396 2850 3632 2915 ποιήσας

2061 2927 2154 2978 καὶ
2181 2925 2417 2994 διδάξας,
2445 2924 2598 2994 οὗτος
2627 2932 2799 3001 μέγας
2829 2934 3154 3007 κληθήσεται
3187 2938 3244 2989 ἐν
3276 2939 3340 3007 τῇ
3382 2936 3632 3007 βασιλείᾳ

2059 3013 2166 3066 τῶν
2189 3015 2450 3084 οὐρανῶν·
2491 3038 2509 3070 ι
2546 3020 2657 3085 καὶ,
2696 3041 2713 3072 r
2751 3023 3018 3093 Κρεῖσσον
3063 3023 3231 3095 ὄνομα
3263 3027 3425 3079 καλὸν
3480 3027 3630 3096 ὑπὲρ

2059 3104 2292 3160 πλοῦτον
2351 3107 2560 3160 πολύν·
2609 3129 2627 3161 ι
2657 3111 2864 3182 ἠξιώθη
2912 3115 3007 3167 καὶ
3063 3114 3225 3177 αὐτὸς
3275 3114 3500 3168 ἀκοῦσαι
3538 3114 3626 3175 τὸ.

2063 3214 2082 3245 ι
2114 3195 2275 3263 Εὖγε,
2308 3197 2460 3250 δοῦλε
2486 3200 2656 3267 ἀγαθὲ
2685 3203 2780 3255 καὶ
2805 3204 2982 3266 πιστὲ,
3016 3205 3110 3258 ἐπὶ
3135 3205 3293 3274 ὀλίγα
3315 3201 3383 3276 ἦς
3408 3204 3625 3268 πιστὸς⁹

2055 3284 2148 3336 ἐπὶ
2211 3285 2421 3338 πολλῶν
2461 3304 2520 3340 σε
2579 3292 2909 3361 καταστήσω
2935 3308 2948 3321 ·
2986 3312 3004 3344 ι
3040 3295 3288 3364 ἐμφανής
3325 3311 3382 3346 τε
3430 3292 3625 3361 γέγονε

2052 3375 2327 3442 τοσοῦτον,
2357 3376 2434 3441 ὡς
2469 3379 2564 3432 καὶ
2597 3379 2946 3452 ἐξαιρεθῆναι
2973 3383 3156 3448 αὑτὸν,
3187 3384 3290 3437 ὑπὸ
3324 3383 3414 3436 τὸν
3437 3384 3625 3454 μόδιον

2051 3465 2198 3527 ὄντα,
2225 3467 2366 3520 κατά
2401 3469 2494 3521 τὸν
2520 3471 2810 3540 καιόμενον
2841 3475 2933 3526 καὶ
2985 3475 3358 3545 κρυπτόμενον
3385 3474 3577 3544 λύχνον
3599 3513 3621 3539 ,

2049 3555 2268 3624 τεθῆναί
2298 3574 2355 3610 τε
2385 3559 2477 3610 ἐπὶ
2498 3559 2597 3629 τὴν
2626 3561 2868 3632 λυχνίαν,
2898 3565 2978 3627 είς
2999 3565 3060 3616 τὸ
3113 3565 3442 3634 φωτισθῆναι
3477 3565 3624 3619 πάν-

2047 3661 2145 3706 τας
2197 3646 2473 3701 ὑπἀὐτοῦ
2513 3651 2639 3713 τοῦς
2696 3653 2795 3719 τὴν
2851 3653 3170 3723 οίκουμένην
3196 3653 3478 3717 οἰκοῦντας
3519 3672 3621 3707 πι-

2050 3735 2230 3799 στοὺς,
2266 3739 2650 3810 φανερωθῆναί
2685 3759 2743 3794 τε
2771 3745 2932 3796 αὐτὸν
2958 3744 3033 3808 ὡς
3052 3745 3150 3815 τὴν
3179 3745 3432 3815 ὑπεράνω
3453 3745 3621 3816 ὅρους

2047 3826 2308 3897 κειμένην
2377 3829 2554 3884 πόλιν.
2590 3832 2714 3896 Πῶς
2769 3833 2860 3887 οῦν
2919 3836 3025 3889 ἔδει
3080 3836 3250 3889 ταῦτα
3295 3837 3612 3907 προϐῆναι;

2043 3911 2179 3964 Θεοῦ
2239 3916 2466 3988 προνοίᾳ
2502 3919 2712 3985 γίνεται
2763 3938 2846 3984 τις
2903 3923 3174 3991 πρόφασις
3217 3926 3608 3995 οίκουμενικὴ.

2042 4003 2318 4073 χρῄζουσα
2353 4007 2590 4075 μεγάλου
2639 4010 2829 4080 ἀνδρὸς
2853 4054 2865 4077 ,
2901 4013 3024 4082 ἦτις
3057 4056 3072 4079 ,
3100 4014 3176 4078 ὡς
3214 4013 3382 4084 οἶμαι,
3413 4015 3477 4068 δι’
3505 4017 3612 4068 αὖ-

2039 4092 2131 4146 τὸν
2183 4094 2275 4146 καὶ
2339 4097 2501 4164 μόνον
2566 4099 2825 4166 γέγονεν,
2873 4103 2906 4172 ἢ
2958 4104 3050 4157 καὶ
3078 4105 3146 4157 δι’
3205 4105 3369 4158 αὐτοῦ
3441 4106 3608 4174 μόνου

1965 4190 2010 4246 1)
2039 4183 2138 4253 τῆς
2172 4183 2397 4256 δεούσης
2419 4187 2757 4258 διορθώσεως
2783 4191 2969 4263 ἔτυχεν
2991 4193 3458 4266 ὡδήγηθήσεσθαι·
3483 4197 3518 4266 ή
3545 4196 3608 4250 δὲ

2039 4274 2311 4344 πρόφασίς
2341 4278 2487 4333 ἐστιν
2515 4279 2653 4352 αὕτη
2673 4323 2688 4339 .

1808 4623 2032 4684 CAPUT
2065 4630 2155 4686 Ill.

971 4747 1186 4807 Occasio
1211 4755 1550 4825 profectionis
1579 4761 2217 4844 ConstantinOpolitanw;
2243 4778 2422 4836 electio
2448 4784 2518 4837 ad
2543 4787 2986 4853 patriarchatum.

425 4876 508 4931 l9.
572 4875 742 4933 Scitis
813 4895 1007 4939 omnes
1060 4895 1332 4957 quotquot
1387 4892 1596 4951 adestis
1658 4897 1917 4959 discendi

348 4966 672 5037 seiendique
727 4973 983 5041 studiosi,
1017 4988 1270 5034 sanctum
1322 4985 1622 5041 concilium
1657 4991 1915 5059 quintum

346 5055 400 5109 in
429 5057 594 5126 Regia
621 5059 758 5115 urbe
784 5061 958 5120 fuisse
981 5068 1346 5138 celebratum,
1373 5087 1639 5146 regnante
1662 5055 1790 5136 divo
1816 5085 1916 5139 Ju-

344 5147 588 5204 stiniano
641 5151 1016 5222 imperatore,
1084 5161 1181 5229 qui
1241 5162 1574 5224 Christianae
1638 5173 1921 5244 religionis

340 5238 784 5300 studiosissimus
822 5246 949 5313 fuit,
980 5257 1036 5304 et
1069 5251 1534 5325 diligentissimus

339 5329 534 5395 gandis
565 5336 927 5394 sanctissimis
955 5342 1230 5414 episcopis
1263 5349 1529 5406 adversus
1555 5354 1660 5408 tria
1690 5329 1914 5427 Capitu-

340 5416 408 5479 la,
445 5419 499 5474 id
527 5433 612 5476 est
645 5425 978 5488 Theodoreti
1002 5436 1229 5508 scripta,
1263 5455 1453 5498 contra
1486 5445 1785 5503 duodecim
1818 5466 1915 5505 ca-

409 5571 451 5603 "
483 5573 646 5630 Marc.
690 5596 742 5645 ι,
775 5583 862 5639 43.
941 5588 983 5619 ³⁸
1009 5589 1178 5645 Eccli.
1208 5609 1371 5666 xxx",
1418 5599 1465 5652 i.
1547 5601 1586 5631 "
1632 5600 1820 5656 Matth.
1861 5621 1910 5672 ν,
1949 5604 2032 5661 l9.

2102 4909 2187 4966 ιϐ’.
2234 4914 2378 4967 ’Ῑστε
2425 4917 2645 4980 πάντες,
2676 4919 2724 4970 οί
2775 4920 3054 4974 σπουδαῖοι
3111 4923 3204 4978 καὶ
3253 4924 3600 4998 φιλομαθεῖς,

2025 4998 2125 5069 τήν
2159 5004 2621 5075 συγκροτηθεῖσαν
2651 5010 2710 5060 ὲν
2737 5009 2912 5082 ταύτῃ
2946 5013 3011 5081 τῇ
3043 5011 3596 5088 βασιλευούσῃπόλει

2025 5089 2284 5163 πέμπτην
2322 5095 2525 5180 ,ἁγίαν
2555 5097 2772 5152 σύνοδον
2819 5101 2912 5154 ἐπὶ
2959 5103 3052 5155 τοῦ
3082 5105 3181 5174 τῆς
3211 5107 3358 5171 θείας
3385 5109 3598 5180 λήξεως

2031 5178 2431 5249 Ἰουστινιανοῦ,
2469 5179 2530 5238 οὗ
2558 5188 2649 5241 τὸν
2671 5189 2835 5257 ζῆλον
2865 5192 2964 5261 τῆς
2985 5194 3065 5256 είς
3090 5195 3322 5266 Χριστὸν
3353 5178 3593 5265 πίστεως

1583 5264 1636 5316 in
1690 5280 1919 5337 congre-
2021 5271 2121 5323 οὐκ
2147 5272 2390 5341 ἀγνοεῖτε
2423 5277 2471 5330 oi
2518 5279 2874 5350 ἐπιστάμενοι
2910 5283 3010 5353 τὴν
3040 5264 3294 5359 σπουδὴν,
3326 5290 3422 5342 καὶ
3467 5292 3592 5361 μεθ’

2015 5361 2147 5430 ὅσης
2227 5365 2541 5436 προθυμίας
2588 5371 2683 5423 καὶ
2741 5372 3050 5439 ὲπιτάσεως
3108 5378 3206 5447 τὴν
3277 5383 3593 5439 συνέλευσιν

2011 5451 2122 5506 τῶν
2179 5457 2482 5528 τηνικαῦτα
2545 5461 2862 5531 ἁγιωτάτων
2936 5470 3252 5526 ἐπισκόπων
3307 5475 3584 5545 ἐποιεῖτο,

2137 5609 2176 5642 ⁸⁸
2213 5609 2372 5664 Prov.
2416 5629 2543 5681 χιιι,
2578 5616 2628 5671 ι.
2723 5621 2764 5654 ⁸*
2787 5620 2979 5677 Matth.
3022 5641 3148 5692 xxv,
3172 5627 3260 5682 21.
