4042 6156
272 235 387 302 ειη

1791 245 1986 308 νΙΤΑ.

3363 266 3503 331 2298

279 348 356 402 ἐπὶ
386 347 626 412 ἐξετάσει
666 345 760 399 καί
789 345 1110 414 κατακρίσει
1141 344 1248 398 τῶν
1280 344 1446 417 τριῶν
1480 347 1821 415 κεφαλαίων,

1937 355 2040 423 pila
2067 360 2243 414 sancti
2271 359 2507 431 Cyrilli;
2549 369 2606 415 et
2629 362 2922 431 epistolam
2965 365 3224 436 scriptam
3278 371 3346 425 ad
3399 373 3506 430 Ma-

272 440 517 494 τουτὲστιν
541 479 556 502 ,
591 437 700 490 τῶν
755 435 1207 506 συγγραμμάτων
1263 435 1609 508 Θεοδωρήτου
1683 443 1825 495 κατὰ

272 529 364 582 τῶν
388 529 590 582 δώδεκα
625 527 948 596 Κεφαλαίων
974 523 1068 577 τοῦ
1108 525 1166 578 ἐν
1195 523 1370 593 ἁγίοις
1405 527 1696 595 Κυρίλλου,
1729 529 1824 581 καὶ

274 619 382 687 περὶ
449 621 548 689 τῆς
613 617 906 686 ὲπιττολῆς
970 616 1073 685 τῆς
1139 616 1441 687 λεγομένης
1500 619 1620 671 Ἴϐα
1690 621 1827 691 πρὸς

271 712 428 781 Μάριν
469 709 782 780 γεγράφθαι
808 707 899 760 τὸν
938 708 1156 778 Πέρσην
1181 747 1196 770 ,
1238 708 1335 760 καὶ
1378 710 1507 779 περὶ
1547 709 1824 781 Θεοδώρου

270 803 352 856 τοῦ
375 800 768 870 Μοψουεστίας,
812 799 904 852 καὶ
931 799 1038 852 τῶν
1075 800 1166 852 ὑπ’
1196 799 1362 852 αὑτοῦ
1403 800 1825 872 βλασφημηθέν-

270 911 364 946 των
397 891 705 944 Ἰουδαϊκῶν
760 890 1128 959 ληρημάτων,
1183 890 1292 943 τῶν
1348 892 1442 944 καὶ
1506 891 1824 956 ὲξετασθέν-

271 1001 366 1036 των
402 981 643 1051 ἀκριϐῶς
685 981 780 1033 καὶ
826 979 1048 1042 δικαίως
1073 1020 1087 1044 ,
1137 980 1230 1032 καὶ
1278 981 1827 1050 ἅποδοκιμασθέντων

271 1073 353 1124 ὑπ’
420 1071 587 1139 αὐτῆς
679 1073 777 1140 τῆς
855 1069 1016 1135 ἁγίας
1100 1070 1486 1138 οίκουμενικῆς
1561 1072 1777 1126 συνόδου
1816 1114 1831 1138 ,

273 1163 354 1216 καὶ
379 1163 609 1229 εὐλόγως
647 1161 1115 1230 κατακριθέντων.
1156 1161 1242 1222 Ὠς
1271 1160 1364 1214 οὖν
1392 1163 1456 1214 ὲκ
1495 1162 1676 1233 πάσης
1729 1165 1827 1218 πό-

270 1255 390 1317 λεως
411 1256 456 1306 οί
486 1253 780 1320 ἁγιώτατοι
839 1252 1127 1305 ἐπίσκοποι
1177 1253 1595 1321 μετεστέλλοντο
1622 1296 1636 1318 ,
1665 1251 1746 1318 εἷς
1772 1256 1828 1309 δὲ

271 1347 365 1399 τῶν
389 1346 597 1398 πάντων
620 1344 712 1397 καὶ
734 1345 762 1395 ὀ
792 1344 890 1412 τῆς
937 1343 990 1394 Ἀ
1002 1343 1218 1412 μασέων
1266 1344 1670 1415 μητροπολίτης
1725 1341 1793 1415 ἦν
1812 1384 1827 1408 ,

269 1437 479 1504 ὀφείλων
507 1437 586 1497 είς
616 1437 714 1508 τὴν
746 1433 997 1504 βασιλίδα
1027 1433 1136 1486 τῶν
1167 1435 1376 1487 πόλεων
1427 1435 1828 1505 παραγενέσθαι

271 1529 460 1600 ταύτης
519 1527 681 1579 ἕνεκα
725 1530 824 1596 τῆς
889 1526 1194 1596 ζητήσεως,
1230 1526 1324 1578 καὶ
1375 1526 1648 1588 ἀδυνάτως
1690 1525 1830 1594 ἔχων

269 1621 412 1673 τοῦτο
461 1619 664 1689 πρᾶξαι
696 1617 762 1670 δι’
795 1617 1084 1670 ἀσθένειαν
1139 1616 1412 1685 σώματος,
1455 1617 1654 1684 μᾶλλον
1687 1617 1742 1668 δὲ
1770 1617 1829 1669 τὺ

1938 443 2041 498 rim
2067 447 2318 511 Persam,
2342 465 2465 518 qua:
2497 449 2604 503 lhae
2625 450 2917 506 dicebatur
2942 471 2956 518 ;
2980 469 3043 508 ac
3074 455 3350 512 Theodori
3385 463 3508 530 epi-o

1928 539 2082 607 scopi
2108 539 2477 609 Mepsuesteni
2500 541 2758 598 Judaicas
2781 560 2956 616 nugas
2985 556 3042 600 et
3059 548 3370 615 maledicta,
3388 569 3510 621 qua:

1929 626 2226 697 diligenter
2255 631 2563 699 explorata,
2593 641 2648 687 et
2692 635 2844 703 juste
2898 635 3232 706 improbata,
3274 642 3510 695 merito-

1933 734 2041 788 quc
2070 720 2328 775 damnata
2357 722 2584 778 fuerunt
2637 725 2705 779 ab
2741 727 2860 795 ipso
2910 740 3102 783 sancto
3161 733 3508 789 meumenico

1930 812 2190 866 concilio.
2227 813 2364 867 Cum
2413 815 2580 886 igitur
2631 832 2826 872 omnes
2870 821 3116 890 episc0pi
3168 823 3506 879 sanctissimi

1931 910 2407 966 convocarentur,
2460 904 2856 964 accersebatur
2919 909 3088 962 etiam
3152 913 3508 981 metropolita

1930 987 2335 1055 Amasa’orum,
2363 1001 2423 1046 ut
2452 993 2518 1048 ad
2573 995 2714 1050 hanc
2757 997 2978 1052 urbium
3031 1003 3273 1071 reginam
3309 1005 3508 1072 praedi-

1931 1085 2142 1130 ctarum
2171 1081 2539 1147 quaastionum
2567 1099 2733 1138 causa
2764 1100 2822 1139 se
2858 1089 3155 1143 conferret.
3181 1091 3382 1146 Verum
3408 1094 3508 1147 im-

1931 1168 2266 1236 pediebatur
2289 1171 2335 1224 is
2377 1171 2593 1227 inﬁrma
2619 1178 2872 1244 corporis
2901 1179 3238 1243 valetudine,
3275 1183 3388 1237 Deo
3426 1185 3509 1240 sic

1932 1259 2283 1329 disponente,
2317 1271 2378 1316 ut
2415 1265 2594 1320 latens
2647 1270 2826 1322 sancti
2858 1269 3026 1339 hujus
3062 1272 3164 1325 viri
3215 1273 3509 1328 thesaurus

1935 1349 2086 1403 ﬁeret
2134 1352 2482 1408 manifestus.
2504 1355 2695 1424 Itaque
2729 1361 3113 1428 metropolites
3145 1361 3383 1430 primum
3411 1379 3511 1431 per

1932 1437 2070 1490 alios
2096 1439 2296 1507 probos
2335 1457 2398 1495 ac
2426 1445 2774 1500 venerandos
2803 1447 2952 1501 viros
2981 1452 3134 1503 nisus
3171 1459 3256 1504 est
3289 1451 3339 1506 ei
3383 1468 3511 1522 per-

1933 1529 2186 1594 suadere,
2221 1535 2669 1602 utrcgnatricem
2707 1539 2990 1593 civitatem
3036 1542 3260 1607 adiret;
3306 1543 3510 1597 deinde

1935 1620 2170 1688 ipsemet
2205 1623 2358 1676 illum
2392 1625 2647 1679 hortatus
2693 1636 2797 1693 cst,
2850 1641 2910 1682 ut
2953 1631 3058 1683 sibi
3088 1633 3219 1686 velit
3252 1633 3509 1702 obsequi,

272 1713 371 1765 πᾶν
397 1712 729 1781 ᾠκονομεῖτο
755 1708 844 1761 διὰ
875 1708 964 1760 τον
993 1709 1140 1760 ὅσιον
1164 1707 1355 1774 ἄνδρα,
1396 1706 1486 1759 ἴνα
1516 1710 1543 1759 ὁ
1581 1725 1826 1778 κεκρυμο

1937 1726 1996 1764 ac
2021 1711 2139 1765 vice
2162 1728 2259 1766 sua
2285 1713 2562 1782 proficisci
2591 1717 2851 1771 alacriter
2873 1718 2939 1770 ad
2973 1720 3290 1784 concilium,
3319 1731 3512 1790 utpote

266 1805 416 1874 μένος
443 1802 711 1870 θησαυρὸς
773 1799 1083 1870 φανερωθῇ,
1106 1798 1158 1850 τί
1187 1798 1424 1866 γίνεται;
1460 1799 1828 1867 Προσέρχεται

1937 1802 2239 1856 livinorum
2257 1804 2571 1875 dogmatum
2589 1807 3104 1880 Scripturarumque
3119 1813 3506 1881 peritissimus.

264 1893 754 1964 αὐτῷὸὁσιώτατος
777 1891 1095 1952 ἐπίσκοπος,
1117 1889 1332 1959 πρῶτον
1374 1889 1472 1958 μὲν
1533 1889 1601 1942 δι’
1623 1889 1825 1958 ἐτέρων

264 1985 490 2054 γνησίων
517 1985 610 2037 καὶ
642 1982 937 2051 αίδεσίμων
961 1981 1256 2034 πειθόντων
1296 1981 1555 2050 Πατέρων
1583 1981 1825 2033 καταλα-

265 2077 372 2128 ϐεῖν
417 2075 578 2128 αὑτὸν
623 2075 723 2142 τὴν
754 2072 1146 2142 βασιλεύουσαν
1177 2072 1357 2136 πόλιν,
1395 2072 1584 2123 ἔπειτα
1632 2071 1688 2123 δὲ
1729 2073 1826 2124 καὶ

265 2167 330 2220 δι’
360 2167 548 2221 ἑαυτοῦ
581 2163 914 2234 παρακαλῶν
935 2206 949 2226 ,
981 2163 1121 2215 ὥστε
1176 2163 1479 2215 ὑπακοῦσαι
1509 2163 1604 2214 καὶ
1643 2162 1824 2215 δοῦναι

1939 1891 2118 1947 Cessit
2145 1895 2626 1952 cohortationibus
2657 1900 2738 1952 vir
2764 1911 2986 1955 sanctus
3025 1919 3038 1952 :
3076 1911 3182 1956 tam
3209 1905 3355 1957 enim
3389 1913 3512 1958 erat

1941 1983 2007 2036 ad
2058 1984 2549 2055 obtemperandum
2591 1999 2912 2059 promptus,
2947 1993 3039 2046 ubi
3069 1993 3279 2048 lucrum
3319 1996 3514 2050 salutis

1940 2076 2288 2143 sperabatur,
2329 2095 2490 2148 quam
2526 2081 2712 2134 tardus
2757 2083 2824 2136 ad
2867 2085 3303 2158 obsequendum,
3333 2088 3511 2142 sicubi

1937 2165 2328 2222 detrimentum
2361 2180 2457 2224 aut
2491 2170 2748 2226 damnum
2784 2176 2978 2229 anima:
3005 2179 3346 2246 propositum
3370 2187 3510 2234 erat.

268 2260 552 2331 προθύμως
589 2256 780 2311 ἑαυτὸν
815 2255 928 2308 ἀντ’
965 2254 1130 2309 αὑτοῦ
1165 2251 1572 2324 παραγενέσθαι
1612 2255 1692 2315 είς
1727 2252 1824 2322 τὴν
1867 2253 2103 2321 σύνοδον,
2131 2256 2219 2308 διὰ
2254 2258 2313 2310 τὸ
2362 2260 2458 2312 καὶ
2509 2260 2708 2333 πολλὴν
2777 2263 2936 2316 αὐτὸν
2971 2263 3114 2334 ἔχειν
3172 2265 3372 2332 γνῶσιν
3401 2269 3511 2321 τῶν

267 2353 416 2405 θείων
446 2348 730 2416 δογμάτων
751 2362 812 2398 τε
844 2345 937 2396 καὶ
985 2343 1240 2412 Γραφῶν,
1282 2342 1446 2406 Είξας
1491 2341 1583 2394 οὖν
1647 2343 1768 2403 ταῖς
1837 2345 2268 2414 παρακλήσεσιν,
2303 2348 2612 2418 ὑπήκουσεν
2674 2352 2702 2403 ὁ
2747 2355 2915 2422 ταχὺς
2961 2357 3040 2416 εἰς
3089 2355 3333 2427 ὑπακοὴν
3386 2358 3512 2413 ἔνθα

268 2441 536 2513 σωτηρίας
564 2438 751 2507 κέρδος
778 2433 864 2508 ἦν,
899 2434 1096 2504 βραδῦς
1120 2435 1175 2487 δὲ
1204 2434 1281 2496 είς
1314 2434 1560 2501 ὑπακοὴν
1586 2432 1712 2484 ἔνθα
1737 2433 1907 2503 ζημία
1937 2436 2029 2487 καὶ
2061 2436 2257 2505 βλάϐος
2284 2440 2575 2509 προῦκειτο
2600 2441 2802 2511 ψυχῆς.

336 2541 399 2586 κ’.
437 2531 655 2600 Ἐπειδὴ
706 2529 801 2583 οὖν
832 2527 928 2596 τὴν
960 2528 1133 2598 ἀρχὴν
1160 2527 1538 2596 ἐδυσχέραινεν
1557 2567 1570 2590 ,
1600 2526 1674 2590 ὡς
1705 2526 1834 2580 Mm-

266 2626 364 2693 σῆς
390 2626 419 2676 ὁ
466 2624 637 2695 μέγας
680 2621 846 2674 πάλαι
878 2620 1006 2672 ποτέ
1039 2619 1138 2688 τὴν
1169 2619 1250 2677 εἰς
1277 2617 1552 2684 Αἴγυπτον
1606 2617 1831 2687 πορείαν

263 2716 587 2788 πιιήσασθαι
611 2714 711 2784 τῆς
747 2709 1059 2780 ἐλευθερίας
1085 2710 1248 2761 ἕνεκα
1279 2709 1387 2760 τῶν
1417 2708 1545 2760 υἱῶν
1587 2708 1824 2779 Ἰσραὴλ,

261 2810 453 2878 θεωρεῖ
467 2807 560 2859 καὶ
579 2799 733 2867 οὗτος
751 2807 776 2856 ὁ
800 2803 916 2865 νέος
937 2801 1166 2870 Μωσῆς,
1187 2800 1286 2853 κᾶν
1319 2801 1391 2869 μὴ
1419 2800 1578 2868 βάτον
1598 2800 1828 2868 καιομέ-

259 2917 376 2968 νην,
397 2896 742 2970 ἀλλὰτρόπον
766 2894 906 2957 τινὰ,
925 2893 999 2956 ὡς
1032 2895 1060 2946 6
1093 2891 1264 2961 μέγας
1282 2891 1556 2960 Ἀϐραὰμ,
1576 2891 1831 2944 κλίϐανον

258 2992 540 3060 καιόμενον
562 3005 574 3019 ⁸
603 2986 792 3041 ἀκούει
827 2987 918 3037 καλ⁸
941 2985 1143 3053 φωνῆς,
1169 2983 1231 3035 οὐ
1254 2983 1350 3053 τῆς
1375 2982 1662 3051 λεγούσης,
1703 3001 1722 3032 ι
1743 2982 1835 3052 Μὴ

259 3083 622 3155 προσεγγίσης
666 3076 767 3134 ὦδε
809 3119 824 3143 ,
863 3098 882 3130 ι
916 3078 949 3148 ἢ
982 3077 1063 3142 τὸ,
1111 3096 1129 3128 ι
1162 3076 1339 3129 Λῦσον
1387 3076 1446 3128 τὺ
1481 3076 1734 3146 ὑπόδημα
1774 3076 1838 3126 ἐκ

2008 2532 2097 2585 20.
2128 2531 2265 2587 Cum
2326 2544 2507 2588 tamen
2567 2535 2730 2588 initio
2777 2551 2892 2589 rem
2924 2552 3068 2606 :egre
3129 2536 3322 2602 ferret,
3368 2540 3512 2593 sicut

1938 2625 2069 2679 olim
2100 2625 2316 2696 Moyses
2345 2642 2469 2679 cum
2507 2627 2834 2681 mittebatur
2862 2628 2916 2682 in
2946 2629 3241 2699 IEgyptum
3265 2631 3331 2685 ad
3368 2633 3510 2688 libe-

1939 2717 2144 2771 randos
2171 2717 2317 2772 ﬁlios
2364 2719 2550 2780 Israel,
2599 2719 2927 2774 viditetiam
2953 2737 3131 2776 novus
3151 2723 3240 2776 hic
3278 2723 3509 2794 Moyses,

1938 2808 1981 2861 si
2008 2824 2117 2861 non
2153 2809 2351 2862 rubum
2378 2809 2690 2873 ardentem,
2725 2820 2810 2864 ast
2845 2811 3124 2866 clibanum
3190 2813 3511 2884 ﬂagrantem

1941 2899 2088 2954 sicut
2118 2900 2415 2959 Abraham.
2454 2902 2782 2971 audivitque
2805 2918 3019 2966 vocem,
3055 2918 3164 2957 non
3197 2920 3319 2973 qua:
3355 2905 3511 2961 dice-

1944 2998 2066 3043 rct:
2102 3009 2119 3040 ι
2188 2989 2266 3043 Ne
2319 2991 2729 3059 appropinques
2779 2991 2909 3051 huc,
2940 3009 2956 3042 ι
2993 2999 3119 3044 aut:
3159 3011 3177 3041 ι
3205 2991 3366 3046 Solve
3399 2992 3513 3047 cal-

1947 3092 2296 3137 ceamcntum
2323 3083 2390 3137 de
2427 3083 2663 3152 pedibus
2690 3083 2800 3136 tuis
2833 3084 2878 3114 ¹⁰
2902 3083 3129 3152 (quibus
3166 3082 3510 3153 praecipitur,

261 3142 370 3229 τῶν
410 3142 737 3238 ποδῶνσου,
776 3191 794 3223 ι
830 3142 964 3242 ὅπερ
984 3170 1138 3239 δηλοῖ
1167 3169 1228 3222 τὸ
1248 3169 1545 3222 ἀποθέσθαι
1564 3142 1830 3237 τὰνγεώδη

1944 3182 2004 3227 ιιι
2023 3173 2756 3242 deponanturcogitationes
2774 3183 3007 3227 terrena:
3029 3183 3196 3243 atque
3215 3174 3510 3243 carnales),

259 3269 352 3319 καὶ
388 3265 627 3334 σαρκικά
655 3264 978 3334 φρονήματα
1007 3277 1020 3290 '
1045 3260 1161 3314 ἀλλ’
1195 3261 1386 3329 ὁμοίας
1414 3259 1599 3312 ἀκούει
1629 3259 1834 3327 φωνῆς,

264 3377 283 3409 ι
326 3357 593 3427 Ἀϐραὰμ,
634 3353 756 3408 κατ’
783 3351 1021 3422 ἐμαυτοῦ
1081 3352 1292 3422 ῶμοσα,
1345 3352 1492 3416 λέγει
1548 3347 1834 3420 Κύριος,ἧ

258 3449 364 3519 μὴν
408 3446 646 3514 εὐλογῶν
685 3445 968 3514 εὐλογήσω
995 3460 1053 3496 σε
1084 3483 1099 3507 ,
1135 3445 1228 3495 καὶ
1266 3441 1551 3510 πληθύνων
1579 3440 1836 3510 πληθυνῶ

257 3557 339 3606 π,
367 3542 463 3594 καὶ
491 3540 644 3591 ἐσται
671 3537 731 3591 τὸ
766 3536 988 3606 σπέρμα
1015 3553 1109 3588 σου
1141 3535 1216 3597 ὡς
1241 3534 1304 3588 τά
1347 3535 1524 3602 ἄστρα
1553 3533 1647 3585 τοῦ
1672 3533 1837 3603 οὐρα-

258 3633 348 3685 νοῦ
371 3649 386 3662 ·
432 3651 451 3683 ι
486 3630 716 3685 τοιοῦτοι
741 3629 845 3698 γὰρ
877 3629 970 3680 καλ
991 3627 1237 3680 τοσοῦτοι
1271 3629 1318 3679 oi
1351 3626 1450 3678 οὐκ
1475 3626 1533 3690 ἐξ
1565 3627 1832 3695 αἱμάτων,

259 3724 378 3777 οὔτε
409 3726 475 3776 ἐκ
500 3721 799 3792 θελήματος
825 3719 1033 3786 ἀνδρὸς,
1054 3715 1178 3769 οὔτε
1197 3717 1260 3768 ἐκ
1285 3716 1588 3785 θελήματος
1613 3716 1834 3784 σαρκὸς,

259 3814 373 3866 ἀλλ’
419 3813 476 3879 ἐξ
531 3811 720 3873 ὓδατος
771 3810 867 3863 καὶ
934 3807 1292 3876 Πνεύματος,
1355 3809 1450 3860 καὶ
1503 3807 1610 3860 τῶν
1656 3808 1830 3861 ἄλλων

258 3904 518 3958 ἁπάντων
549 3898 936 3971 πνευματικῶν
967 3899 1322 3968 χαρισμάτων
1351 3898 1636 3969 τεχθέντες
1691 3897 1839 3967 αὖτῷ

257 3997 388 4050 υίοί.

326 4094 443 4141 κα’.
478 4088 574 4150 Τίς
605 4086 662 4140 δὲ
688 4086 722 4156 ἡ
754 4086 947 4154 ὅρασις
974 4086 1040 4154 ἢν
1068 4082 1229 4148 εἶδεν,
1259 4083 1354 4137 καί⁵
1397 4084 1549 4152 φωνὴ
1584 4085 1649 4154 ἢν
1675 4083 1839 4153 ἥκου-

257 4195 374 4238 σεν,
405 4178 716 4244 ἐξαγγεῖλαι
743 4177 925 4230 καλόν.
995 4175 1164 4229 Πάλιν
1202 4173 1421 4244 Ἰωσὴφ,
1456 4173 1615 4226 πάλιν
1641 4173 1842 4242 Δανιὴλ

256 4269 474 4336 γίνεται
523 4268 662 4330 νέος,
695 4269 722 4319 ὁ
765 4267 937 4336 μέγας
983 4261 1135 4329 οὗτος
1172 4265 1330 4336 ἀνήρ.
1380 4265 1681 4336 Ἐθεώρουν
1709 4265 1836 4336 γὰρ,

255 4361 451 4430 φησιν,
477 4361 534 4411 ἐν
553 4357 785 4427 ὁράματι
804 4357 904 4427 τῆς
925 4357 1118 4420 νυκτὸς
1154 4356 1497 4424 ἀστράγαλον
1537 4356 1719 4426 χειρὸς
1740 4359 1839 4408 Δε-

1938 3265 2033 3318 sed
2070 3264 2235 3318 verba
2266 3265 2466 3318 similia
2501 3265 2624 3319 his:
2669 3283 2687 3314 ι
2733 3265 3032 3329 Abraham,
3067 3265 3367 3329 Abraham,
3413 3282 3515 3335 per

1938 3358 2324 3426 memetipsum
2345 3357 2550 3427 juravi,
2583 3357 2720 3413 dicit
2743 3358 3026 3421 Dominus,
3058 3358 3393 3412 benedicens
3418 3357 3515 3412 be-

1940 3448 2195 3501 nedicam
2244 3447 2367 3511 tibi,
2403 3456 2460 3501 et
2509 3448 2889 3518 multiplicans
2926 3448 3308 3517 multiplicabo
3357 3457 3431 3511 te,
3459 3455 3516 3502 et

1939 3541 2050 3593 erit
2097 3556 2286 3594 semen
2335 3549 2487 3593 tuum
2517 3542 2663 3594 sicut
2718 3549 2866 3593 astra
2912 3540 3140 3594 emli":
3183 3559 3200 3590 ι
3237 3549 3316 3594 tot
3363 3539 3514 3594 enim

1943 3632 2190 3700 talesque
2225 3640 2355 3686 sunt
2385 3630 2504 3692 ﬁlii,
2536 3631 2628 3700 qui
2660 3645 2770 3683 non
2799 3645 2864 3685 ex
2888 3629 3282 3699 sanguinibus,
3332 3644 3514 3698 neque

1940 3739 2006 3775 ex
2035 3723 2317 3775 voluntate
2358 3721 2562 3785 carnis,
2591 3736 2770 3789 neque
2793 3735 2860 3773 ex
2907 3720 3193 3774 voluntate
3231 3720 3364 3780 viri;
3416 3720 3513 3774 sed

1941 3829 2008 3864 ex
2033 3828 2173 3881 aqua
2207 3821 2263 3866 et
2293 3811 2503 3880 Spiritu
2533 3813 2768 3880 aliisque
2797 3810 3186 3880 spiritualibus
3223 3811 3418 3879 gratiis
3459 3809 3510 3862 ei

1943 3906 2058 3958 nati
2090 3914 2237 3958 sunt.

2011 4084 2099 4136 2t.
2136 4081 2265 4148 Qua:-
2297 4091 2482 4134 autem
2529 4080 2670 4134 visio
2705 4079 2795 4133 illa
2823 4079 2992 4133 fuerit
3053 4093 3216 4148 quam
3261 4077 3421 4140 vidit,
3459 4086 3514 4131 et

1941 4189 2046 4226 vox
2075 4188 2238 4242 quam
2266 4171 2498 4235 audivit,
2531 4186 2714 4240 opera:
2757 4171 2992 4239 pretium
3043 4169 3213 4223 fuerit
3268 4183 3513 4222 commc-

1941 4279 2195 4317 morare:
2232 4278 2452 4316 rursum
2487 4263 2638 4315 enim
2677 4261 2906 4330 Ioseph,
2941 4277 3160 4314 rursum
3198 4275 3378 4314 novus
3412 4259 3514 4313 Da-

1943 4355 2052 4408 niel
2077 4370 2306 4424 magnus
2329 4354 2420 4408 hic
2470 4353 2557 4409 vir
2585 4352 2862 4422 apparuit.
2899 4351 3190 4415 Videbam,
3230 4351 3430 4420 inquit,
3459 4351 3515 4405 in

257 4452 530 4520 σποτικῆς
547 4453 603 4504 ἐν
623 4449 698 4518 τῷ
723 4449 1061 4519 στερεώματι
1081 4448 1175 4501 τοῦ
1202 4447 1454 4519 οὐρανοῦ,
1482 4449 1576 4500 καὶ
1592 4448 1652 4500 τὸ
1677 4449 1830 4518 ὑπερ-

1946 4449 2162 4503 visione
2186 4446 2370 4501 noctis
2404 4445 2639 4516 digitum
2701 4459 2897 4499 manus
2948 4443 3165 4498 Domini
3230 4443 3285 4496 in
3339 4442 3488 4495 ﬁrma

259 4542 518 4609 κείμενον
578 4540 702 4608 ὅρος
761 4537 852 4591 τοῦ
932 4537 1162 4605 εὐαγοῦς
1239 4539 1408 4593 αὐτοῦ
1472 4541 1834 4610 μοναστηρίου

261 4631 436 4698 (ἔστιν
466 4629 572 4699 γὰρ
596 4629 728 4681 αὐτὸ
750 4629 874 4698 ὅρος
903 4628 1023 4680 λίαν
1047 4628 1248 4698 ὑψηλὸν
1270 4630 1365 4682 καὶ
1391 4630 1684 4700 μετέωρον,
1714 4632 1771 4684 ἐν
1793 4625 1836 4698 ᾧ

257 4723 354 4773 καὶ
393 4722 680 4791 εὐκτὴριος
706 4715 853 4781 οἶκος
879 4720 971 4773 τοῦ
1003 4721 1160 4788 ἁγίου
1191 4722 1466 4790 μάρτυρος
1508 4722 1834 4776 Θαλλελαίου

255 4813 608 4882 ἑπῲκισται),
637 4813 730 4865 καὶ
757 4813 956 4883 ἤκουον
987 4812 1169 4881 φωνῆς
1196 4812 1457 4883 λεγούσης
1492 4832 1603 4884 μοι,
1635 4815 1834 4868 καὶτὸν

253 4905 608 4973 ἀστράγαλον
653 4906 749 4975 τῆς
794 4903 976 4976 χειρὸς
1007 4905 1289 4959 δεικνύντα
1321 4924 1410 4976 μοι
1439 4909 1536 4977 τὴν
1592 4909 1836 4978 κορυφὴν

252 4996 353 5048 τοῦ
398 4998 574 5064 ὅρους,
611 5000 690 5051 δτι
742 4997 891 5051 Ἐκεῖ
918 4997 1043 5068 γίνῃ
1089 4999 1409 5062 ἐπίσκοπος.
1444 5001 1605 5053 Ποῖον
1635 5001 1742 5070 ἄρα
1781 5001 1841 5054 τὸ

257 5087 424 5154 ὅρος,
455 5089 716 5142 εἰκάσειεν
760 5090 825 5143 ἄν
856 5106 961 5152 τις,
993 5091 1185 5152 ἐκεῖνο,
1225 5089 1361 5160 πλὴν
1414 5091 1512 5160 τῆς
1566 5091 1840 5158 βασιλίδος

257 5178 373 5230 τῶν
414 5180 613 5233 πόλεων
643 5182 736 5244 (ὡς
769 5182 802 5250 ἡ
837 5180 1058 5244 ἔκϐασις
1093 5180 1314 5246 ἔδειξεν)
1339 5183 1436 5252 τῆς
1481 5183 1839 5252 πολυτρόποις

333 5333 386 5364 ³ο
414 5331 583 5387 Exod.
632 5349 709 5397 ιιι,
741 5333 793 5386 5.
870 5335 912 5364 ³⁸
946 5332 1082 5388 Gen.
1134 5351 1264 5399 xx",
1304 5334 1390 5403 -l6,
1429 5337 1510 5390 l7.

291 5537 309 5554 ν
337 5469 456 5538 (I3)
479 5469 779 5551 :I'halalaeus
808 5477 1015 5554 martyr
1040 5479 1143 5534 est,
1182 5472 1486 5554 Eiic§§m_i_n
1507 5472 1822 5554 ξενίῳ-συί)

262 5537 601 5594 Numeriano
649 5537 978 5607 imperatore
1039 5557 1230 5608 passus
1286 5543 1354 5597 20
1417 5537 1566 5597 Maii:
1621 5542 1824 5598 Habuit

264 5608 441 5663 etiam
481 5609 763 5665 ecclesiam
823 5611 878 5664 in
933 5609 1206 5682 Bithynia,
1253 5613 1319 5668 de
1373 5630 1478 5684 qua
1506 5614 1717 5685 egimus
1771 5615 1824 5667 in

1945 4548 2133 4594 mento
2163 4539 2310 4602 coeli,
2337 4546 2394 4592 et
2439 4546 2706 4601 montem,
2756 4535 2887 4589 huic
2945 4542 3136 4589 sancto
3182 4533 3517 4587 monasterio

1944 4631 2324 4685 innninentem
2349 4629 2457 4699 (est
2489 4635 2676 4681 autem
2702 4641 2859 4680 mons
2900 4624 2992 4678 ille
3044 4625 3202 4678 valde
3257 4623 3517 4678 sublimis

1943 4725 2000 4777 in
2033 4738 2142 4792 quo
2198 4721 2373 4776 sancti
2429 4719 2690 4788 martyris
2726 4717 2985 4772 Thalalsei
3020 4715 3130 4784 (15)
3180 4715 3351 4769 αεᾱεῐιι
3384 4729 3516 4767 con-

1943 4826 2206 4870 structam
2233 4815 2530 4882 vidcmus),
2555 4821 2610 4866 et
2629 4811 2837 4881 digitus
2863 4807 3201 4863 monstrabat
3222 4805 3358 4858 mihi
3388 4820 3512 4858 vcr-

1944 4909 2110 4962 ticem
2143 4907 2375 4970 montis,
2405 4914 2460 4960 et
2491 4920 2594 4959 vox
2618 4903 2948 4959 audiebatur
2968 4901 3159 4955 dicens
3185 4916 3197 4950 :
3241 4897 3357 4950 lllic
3401 4894 3515 4949 eris

1942 5000 2260 5069 episcopus.
2283 4997 2420 5062 Quis
2448 5013 2546 5066 per
2569 5003 2816 5050 montem
2842 4992 2997 5046 illum
3040 4989 3190 5045 aliud
3215 4985 3510 5058 signiﬁcari

1941 5091 2290 5154 credidisset,
2323 5105 2488 5158 quam
2520 5087 2744 5142 urbium
2769 5086 3040 5155 reginam,
3073 5083 3218 5137 sicut
3240 5090 3296 5134 et
3328 5079 3512 5131 decla-

1940 5185 2082 5239 ravit
2106 5183 2382 5239 eventus?
2411 5183 2505 5236 Est
2525 5181 2675 5236 enim
2698 5179 2813 5248 ipsa
2831 5188 3021 5232 vertex
3041 5183 3206 5242 atque
3236 5170 3512 5239 fastigium

1933 5475 2054 5527 Vita
2082 5471 2139 5527 S.
2167 5470 2424 5528 Auxentii
2458 5469 2490 5522 4
2516 5469 2844 5525 Febr.num.
2869 5466 2957 5519 3|.
2979 5463 3130 5531 Apud
3153 5463 3518 5532 Lipomanum

1934 5553 1992 5600 et
2025 5543 2252 5599 Sarium
2289 5542 2472 5596 minus
2494 5540 2709 5608 integre
2735 5535 2990 5592 Thalaeus
3020 5534 3244 5605 legitur.

3531 5679 3569 5702 ολ

3362 5703 3374 5710 ν
3401 5698 3422 5713 κ
