3982 6206
443 269 584 333 2299

1509 267 1570 328 S.
1611 265 1976 330 EUTYCHII
2015 264 2521 325 PATRIARCl-L‘E
2562 263 2670 325 CP.

3557 264 3694 328 2300

444 399 573 438 vere
604 383 888 438 civitatum
913 396 1008 436 seu
1031 377 1304 434 montium
1326 380 1691 451 reliquorum,
1717 383 1784 437 de
1813 383 2016 452 quibus

2136 379 2284 442 ivno;
2319 377 2484 448 οὔσης
2516 379 2624 430 τῶν
2649 377 2853 430 λοιπῶν
2883 375 3053 446 ὁρέων
3093 394 3150 430 τε
3183 379 3278 432 καὶ
3300 379 3510 432 πόλεων
3539 399 3702 452 κορυ-

445 473 618 528 David
644 473 720 526 ait
748 491 759 524 :
787 491 804 522 ε
825 471 1031 540 Rigans
1049 479 1266 525 montes
1284 469 1749 540 desuperioribus
1773 473 1949 528 suis"
1966 492 1978 526 :
1997 493 2014 524 ι

447 581 572 618 t-am
595 565 708 618 sive
737 564 973 617 virtutes
996 563 1272 632 angelicas
1325 565 1440 618 sive
1491 575 1708 620 montes
1756 567 1906 636 ipsos
1963 577 2020 622 et

450 655 700 710 civitates
749 655 1040 724 intelligas,
1073 665 1310 724 utroque
1349 656 1511 709 modo
1542 666 1770 726 apparet
1791 659 2016 713 veritas.

523 829 610 882 9.2.
639 829 774 884 Cum
811 829 976 897 igitur
1003 828 1146 880 hanc
1197 827 1460 882 visionem
1503 829 1811 896 habuisset,
1845 831 2020 885 Deum

453 921 544 988 qui
575 920 721 974 illaut
747 919 1081 983 ostenderat,
1106 918 1528 987 deprecabatur,
1551 929 1612 974 nt
1635 937 1850 975 sacrum
1885 923 2020 977 illud

453 1026 655 1064 munus
690 1019 744 1063 et
779 1009 1073 1064 reddenda:
1097 1027 1194 1078 pro
1227 1026 1564 1080 unoquoque
1615 1013 1849 1068 rationis
1877 1016 2024 1084 peri-

451 1101 638 1154 culum
671 1100 992 1154 transferret
1025 1117 1054 1153 a
1079 1115 1158 1164 se,
1199 1117 1262 1154 ac
1303 1103 1489 1170 potius
1548 1103 1650 1156 sibi
1689 1107 2024 1160 concederet

455 1193 508 1244 in
531 1191 714 1245 futura
755 1193 865 1245 vita
897 1191 1104 1260 perfrui
1143 1193 1304 1246 bonis
1333 1193 1444 1246 illis
1468 1209 1590 1262 qua:
1613 1195 1843 1264 iustitiae.
1891 1215 2022 1266 pro-

453 1283 618 1334 missa
650 1292 797 1344 sunt,
831 1292 997 1351 atque
1027 1283 1255 1336 audire:
1301 1303 1318 1334 ‹
1345 1285 1476 1338 Esto
1520 1303 1688 1356 super
1719 1289 1911 1342 decem
1942 1291 2020 1344 ci-

453 1369 676 1424 vitates.
703 1389 721 1420 ι
754 1371 862 1424 Sed
911 1373 1078 1436 Deus,
1115 1373 1208 1442 qui
1251 1374 1427 1428 nubes
1457 1375 1612 1429 ducit
1667 1378 1735 1432 ab
1761 1381 2024 1436 extremis

459 1469 641 1526 terrae,
665 1476 870 1530 quntue
901 1477 928 1514 a
953 1463 1211 1532 gregibus
1268 1465 1453 1517 ovium
1479 1467 1697 1519 vocavit
1747 1469 1940 1534 David,
1967 1479 2025 1524 et

459 1547 616 1600 unxit
645 1563 770 1600 eum
799 1550 1126 1617 prophetam
1149 1565 1213 1601 ac
1231 1563 1448 1620 regem;
1481 1553 1646 1622 elegit
1668 1571 1888 1624 quoque
1919 1557 2023 1609 mi-

459 1643 568 1689 tem
599 1638 747 1691 hnnc
775 1639 978 1702 virum,
1013 1649 1068 1692 et
1089 1655 1152 1694 ea
1174 1657 1280 1708 qua
1299 1641 1407 1694 dixi
1435 1645 1726 1700 occasione
1767 1649 2024 1715 perduxit

2129 473 2268 539 φῆς;
2317 471 2444 540 περὶ
2477 464 2550 522 ὧν
2587 471 2678 522 καὶ
2705 472 2731 520 ὁ
2787 469 2931 530 θεῖος
2987 468 3146 521 Δαυῒδ
3179 469 3348 537 λέγει,
3391 491 3408 522 ι
3447 473 3688 536 “orig,”

2126 562 2226 632 ὅρη
2253 564 2315 614 ἐκ
2341 562 2448 614 τῶν
2488 559 2751 630 ὑπερῴων
2782 559 2968 612 αὑτοῦ·
3013 579 3029 610 ι
3067 559 3178 612 εἴτε
3208 560 3316 632 γάρ
3347 562 3442 622 τὰς
3477 562 3696 628 ἀγγελι-

2127 653 2229 714 κάς
2277 652 2549 719 δυνάμεις,
2591 651 2700 702 εἴτε
2743 651 2810 702 τά
2871 648 3102 718 αἰσθητὰ
3155 651 3256 720 ὅρη
3301 667 3357 702 τε
3389 654 3482 704 καὶ
3515 653 3696 716 πόλεις

2127 743 2435 812 ἐννοήσειεν
2471 761 2572 805 τις,
2613 741 2998 810 ἀμφοτέρωθεν
3033 741 3148 810 ἔχει
3179 743 3238 794 τὸ
3263 739 3500 813 ἀληθές(

2201 834 2302 904 κβ’.
2344 833 2430 895 Ὠς
2461 833 2552 886 οὖν
2579 833 2677 900 τὴν
2709 832 2984 884 ὀπτασίαν
3011 829 3150 883 εἶδεν
3180 834 3383 902 ταύτην
3411 871 3424 894 ,
3450 835 3696 904 παρεκά-

2129 927 2209 980 λει
2243 926 2331 978 τὸν
2363 925 2612 987 δείξαντα
2637 922 2791 986 Θεὸν,
2817 925 3162 990 παραγαγεῖν
3206 923 3302 991 μὲν
3330 923 3426 991 τὴν
3455 924 3696 995 λειτουρ-

2131 1019 2252 1086 γίαν
2279 1015 2481 1085 ταύτην
2513 1015 2606 1066 ἀπ’
2639 1013 2824 1076 αὑτοῦ,
2861 1012 2956 1064 καί
2985 1013 3076 1063 τὸν
3109 1013 3248 1082 ὑπὲρ
3297 1013 3416 1075 ἐνὸς
3463 1015 3696 1068 ἑκάστου

2131 1107 2472 1173 ἐπικείμενον
2505 1103 2766 1164 κίνδυνον,
2803 1102 3020 1170 δοθῆναι
3053 1103 3108 1154 δὲ
3139 1103 3284 1172 α)τῷ
3315 1103 3510 1171 μᾶλλον
3538 1107 3592 1157 ἐν
3627 1107 3692 1175 τῇ

2135 1199 2402 1270 μελλούσῃ
2436 1197 2548 1266 ζωῇ
2583 1197 2640 1247 ἐν
2676 1195 2972 1247 ἀπολαύσει
3010 1193 3260 1262 γενέσθαι
3291 1195 3395 1268 τῶν
3427 1195 3699 1264 ἐπηγγελ-

2135 1289 2312 1358 μένων
2351 1289 2462 1348 τοῖς
2511 1281 2742 1344 δικαίοις
2777 1283 3018 1350 ἀγαθίῦν,
3063 1283 3157 1334 καὶ
3199 1281 3447 1344 ἀκοῦσαι,
3485 1302 3502 1334 ι
3541 1285 3698 1336 Γίνου

2131 1375 2315 1428 ἐπάνω
2371 1373 2502 1426 δέκα
2559 1372 2792 1426 πόλεων.
2835 1390 2854 1422 ι
2901 1371 3042 1423 Ἀλλ’
3065 1373 3093 1423 ὁ
3125 1371 3340 1438 ἀνάγων
3374 1372 3601 1439 νεφέλας
3635 1371 3702 1436 ἐξ

2132 1467 2372 1536 ἐσχάτων
2403 1467 2499 1534 τῆς
2550 1462 2796 1532 γῆς,καὶ
2847 1461 3132 1514 ἀναλαϐὼν
3183 1463 3246 1513 ἐκ
3275 1461 3384 1514 τῶν
3433 1461 3700 1532 ποιμνίων

2131 1559 2237 1608 τῶν
2277 1556 2560 1624 προϐάτιον
2609 1555 2698 1606 τὸν
2723 1552 2917 1614 Δαυῖδ,
2947 1552 3139 1622 χρίσας
3171 1569 3229 1604 τε
3279 1569 3561 1622 προφητην
3599 1555 3700 1606 καὶ

2135 1647 2357 1717 βασιλέα
2399 1645 2552 1710 Θεὸς,
2593 1643 2752 1706 αὐτὸς
2809 1643 2904 1696 καὶ
2954 1642 3045 1693 τὸν
3095 1644 3266 1712 πρᾶον
3309 1643 3475 1710 ἄνδρα
3509 1643 3700 1694 τοῦτον

458 1725 514 1778 ἱη
551 1727 772 1780 urbium
817 1729 1230 1796 amplissimam.
1262 1732 1461 1786 Mansit
1511 1744 1693 1788 autent
1751 1739 1896 1806 apud
1927 1756 2022 1806 pa-

2136 1739 2505 1807 ὲκλεξάμενος,
2539 1736 2661 1803 ἄγει
2693 1736 2771 1794 εἰς
2800 1734 2896 1802 τὴν
2935 1734 3200 1803 μεγίστην
3230 1733 3338 1785 τῶν
3372 1733 3596 1797 πόλεων,
3631 1729 3702 1805 ἦς

458 1813 779 1878 triarcbam,
817 1816 910 1883 qui
965 1815 1282 1890 Menas(H)
1343 1823 1756 1890 appellabatur,
1795 1837 2023 1896 eratque

457 1904 544 1958 vir
571 1905 958 1961 sanctissimus
981 1923 1046 1962 ac
1075 1909 1338 1965 divinus:
1387 1914 1484 1981 qui
1519 1916 1824 1984 angelicam
1857 1933 2027 1988 agens

456 1995 628 2050 vitam
658 2007 820 2066 atque
845 1995 1027 2052 futura
1064 2001 1428 2070 prospiciens,
1485 2003 1738 2060 hortatus
1771 2023 2026 2080 magnum

461 2084 788 2156 Eutycltium
841 2096 946 2150 est,
976 2103 1046 2142 ne
1076 2089 1389 2145 discederet
1420 2107 1448 2146 a
1474 2109 1530 2147 se
1553 2111 1566 2160 ;
1586 2107 1640 2150 et
1665 2107 1858 2152 sancto
1878 2101 2028 2153 clero

461 2191 564 2231 suo
617 2177 770 2230 illum
825 2179 1124 2232 ostendens
1173 2181 1360 2236 dixit:
1411 2184 1510 2239 Hic
1563 2190 1868 2246 monachus
1923 2193 2030 2246 erit

461 2279 752 2318 successor
789 2281 965 2320 meus.
990 2265 1296 2324 Confestim
1317 2287 1453 2326 vero
1493 2256 1709 2329 ’missus
1773 2277 1840 2332 a.l
1923 2280 2028 2332 im-

461 2363 772 2422 peratorem
828 2359 1153 2429 Eutyehius,
1210 2379 1334 2418 cum
1381 2365 1529 2434 apud
1583 2383 1711 2422 eum
1757 2370 1824 2424 de
1862 2372 2028 2428 rebus

463 2446 766 2514 propositis
826 2447 1232 2518 disputaretur,
1278 2442 1537 2524 apparuit
1586 2459 1736 2512 omni
1789 2461 2030 2517 humana

463 2532 761 2603 divinaque
783 2536 1076 2606 disciplina
1103 2541 1566 2599 instructissimus
1589 2563 1603 2614 ;
1636 2551 2030 2622 congressique

463 2639 593 2678 cum
621 2640 688 2679 eo
728 2626 996 2692 haeretici,
1027 2645 1137 2685 non
1177 2633 1246 2686 ad
1289 2635 1606 2703 utilitatem,
1654 2641 1750 2696 sed
1805 2643 1873 2698 ad
1904 2645 2035 2700 sim-

465 2713 760 2782 pliciorum
821 2719 1163 2775 eversionem
1209 2723 1358 2778 soliti
1413 2727 1710 2796 altercari,
1745 2733 2032 2804 haudqua-

467 2819 631 2873 quam
657 2817 962 2876 potuerunt
989 2811 1246 2868 resistere
1275 2817 1562 2884 sapientia:
1583 2829 1638 2875 et
1669 2822 1886 2891 spiritui
1921 2843 2033 2895 quo

467 2894 820 2964 loquebatur.
849 2897 1097 2970 Cumque
1137 2916 1404 2973 negarent
1444 2910 1636 2979 aliqui,
1697 2894 2032 2972 anathemati

467 2985 845 3054 subjiciendus
868 3005 984 3058 eos,
1021 2995 1113 3062 qui
1139 3007 1260 3064 post
1293 3008 1526 3054 mortem
1552 3003 2032 3074 deprehenderen-

467 3085 560 3128 tur
589 3074 757 3131 fuisse
781 3079 1059 3146 haeretici,
1101 3083 1217 3151 ipse
1263 3085 1574 3143 divinatum
1617 3092 2034 3163 Scripturarum

469 3164 786 3220 testimonio
809 3167 1212 3226 demonstravit
1247 3175 1324 3230 sic
1373 3192 1494 3231 esse
1525 3181 1872 3248 puniendos:
1909 3202 2034 3241 nam

467 3261 642 3310 ctrex
660 3257 857 3324 Josias,
895 3261 1038 3315 sicut
1062 3261 1130 3316 de
1151 3279 1218 3318 eo
1253 3267 1643 3336 pr0pltetatum
1685 3271 1886 3342 fuerat,
1941 3293 2037 3333 eo-

468 3365 590 3404 rum
623 3365 745 3407 ossa
776 3355 870 3423 qui
899 3357 1088 3412 vitulis
1116 3359 1484 3428 immolarant,
1539 3375 1663 3434 post
1693 3380 1926 3426 mortem
1952 3373 2035 3427 ef-

465 3441 606 3494 fodit
634 3451 796 3512 atque
827 3448 1166 3503 combussit:
1199 3451 1342 3504 idem
1383 3455 1553 3523 igitur
1603 3459 1768 3514 etiam
1803 3477 2035 3518 servan-

460 3533 600 3587 dum
633 3536 686 3589 in
721 3537 994 3594 ltmrcticis
1018 3547 1121 3619 est,
1159 3551 1219 3595 ut
1271 3553 1394 3612 post
1421 3547 1634 3602 obilunt
1663 3567 1882 3621 quoque
1933 3570 2035 3624 pu-

467 3625 715 3684 niantur.

533 3803 624 3858 25.
659 3804 962 3874 Imperator
993 3819 1047 3864 et
1077 3814 1170 3880 qui
1200 3816 1456 3870 astabant
1499 3819 1712 3886 mirati,
1771 3823 2032 3898 deinceps

461 3910 590 3949 cum
638 3914 970 3968 magnopere
1039 3905 1332 3962 coluerunt
1383 3911 1880 3984 observarnntque.
1943 3918 2032 3973 Sic

463 3999 646 4043 autem
705 3991 936 4048 liberius
989 3993 1133 4049 intra
1177 3999 1384 4068 regiam
1441 4014 1694 4058 versante
1737 4006 2028 4078 Eutychio,

459 4081 606 4148 apud
633 4082 802 4135 Deum
837 4093 890 4138 et
925 4083 1176 4141 homines
1223 4090 1398 4158 magis
1441 4091 1732 4150 declarata:
1783 4109 1916 4152 sunt
1951 4100 2034 4152 di-

461 4173 614 4227 vitia:
645 4175 978 4231 eruditionis
1007 4180 1146 4248 ejus.
1177 4181 1411 4234 Amabat
1469 4193 1651 4236 autem
1687 4201 1814 4240 eum
1852 4189 2029 4258 impe-

462 4271 636 4326 rator,
663 4263 770 4318 imo
785 4265 1176 4334 imperatorum
1197 4285 1258 4323 ac
1273 4287 1461 4340 regum
1481 4275 1724 4327 omnium
1743 4277 2028 4344 Dominus;

2130 1833 2387 1901 προεῖπον
2420 1828 2598 1888 αἰτίας
2633 1826 2838 1888 ἕνεκεν,
2871 1827 2964 1878 καὶ
3002 1826 3212 1890 γίνεται
3265 1825 3412 1894 παρὰ
3439 1825 3517 1894 τῷ
3539 1843 3702 1894 τηνι-

2127 1921 2304 1976 καῦτα
2347 1921 2634 1988 ἁγιωτάτῳ
2672 1917 3002 1987 πατριάρχῃ.
3038 1918 3231 1986 Μηνᾶς
3270 1918 3325 1970 δὲ
3365 1912 3520 1979 οὗτος
3551 1912 3640 1986 ἧν,
3673 1919 3704 1969 ό

2131 2015 2271 2076 θεῖος
2295 2014 2389 2066 καὶ
2411 2011 2612 2078 λόγιος,
2630 2009 2917 2078 ἀγγελικός
2940 2027 2996 2061 τε
3028 2009 3121 2061 κα).
3149 2009 3505 2078 προορατικὸς
3536 2007 3700 2078 ἀνὴρ,

2127 2103 2186 2166 ὃς
2208 2101 2380 2154 καὶτὸ
2417 2101 2610 2170 μέλλον
2639 2097 2861 2150 ἔσεσθαι
2917 2095 3176 2166 προϊδὼν,
3204 2097 3573 2166 προετρέπετο
3607 2096 3703 2148 τὸν

2131 2192 2390 2262 Εὐτύχιον
2431 2191 2506 2260 μὴ
2537 2190 2840 2258 ἀναχωρεῖν
2871 2185 3057 2250 αὐτοῦ,
3085 2187 3164 2257 τῷ
3201 2202 3260 2238 τε
3302 2187 3488 2253 εὐαγεί
3513 2185 3704 2255 κλήρῳ

2131 2279 2494 2336 ὑποδεικνύων
2553 2279 2712 2333 αὑτὸν
2757 2279 2962 2346 ἔλεγεν,
2990 2278 3073 2329 ὅτι
3105 2267 3271 2339 Οὗτος
3303 2278 3330 2328 ὁ
3361 2276 3586 2346 μοναχδς
3617 2275 3706 2342 γί-

2129 2376 2279 2428 νεταί
2319 2393 2420 2443 μου
2455 2372 2716 2438 διάδοχος.
2749 2371 2956 2424 Λύτίκα
3017 2365 3108 2422 οὖν
3163 2371 3477 2437 ἀναπέμπει
3539 2367 3704 2420 αὑτὸν

2131 2466 2266 2536 πρὸς
2312 2465 2403 2518 τὸν
2451 2463 2697 2534 βασιλέα,
2725 2464 2820 2516 καὶ
2849 2461 3120 2516 κινοῦνται
3153 2460 3280 2531 παρ’
3304 2459 3452 2528 αὐτῷ
3478 2461 3526 2512 oi
3551 2459 3702 2527 λόγοι

2131 2559 2259 2628 περί
2285 2551 2354 2628 ἦς
2384 2557 2764 2628 παραγέγονεν
2810 2554 3124 2616 ὑποθέσεως
3149 2569 3162 2582 ·
3197 2554 3290 2606 καὶ
3321 2553 3508 2620 φανεὶς
3551 2551 3702 2604 ἐτοι-

2135 2666 2234 2718 μος
2281 2651 2344 2702 ἐκ
2393 2647 2574 2717 πάσης
2631 2645 2989 2708 παιδεύσεως,
3021 2644 3172 2708 θείας
3211 2661 3268 2696 τε
3309 2643 3404 2696 καὶ
3441 2644 3537 2711 τῆς
3567 2641 3702 2708 ἔξω,

2135 2735 2373 2806 συναίρει
2408 2737 2600 2804 λόγους
2649 2734 2788 2804 μετά
2828 2733 2937 2786 τῶν
2987 2733 3256 2786 εἰωθότων
3295 2731 3590 2802 αἱρετικῶν
3621 2732 3704 2794 εἰς

2133 2825 2284 2878 οὐδὲν
2323 2827 2593 2895 χρήσιμον
2657 2824 2980 2894 λογομαχεῖν
3042 2823 3134 2875 ἐπὶ¹
3186 2825 3534 2893 καταστροφῇ
3589 2820 3710 2874 τῶν

2135 2917 2535 2986 ἁπλουστέρων,
2568 2916 2760 2979 οἵτινες
2801 2917 2896 2967 οὒκ
2935 2915 3115 2983 ἴσχυον
3167 2915 3476 2984 ἀντιστῆναι
3509 2915 3573 2983 τῇ
3611 2928 3714 2965 σο-

2139 3011 2235 3081 φίᾳ
2279 3010 2372 3061 καὶ
2403 3007 2479 3076 τῷ
2534 3007 2826 3076 πνεύματι,
2859 2999 2904 3074 ᾧ
2933 3007 3133 3059 ἐλάλει.
3167 3009 3446 3074 Λεγόντων
3477 3009 3582 3078 γάρ
3624 3026 3717 3061 τι·

2140 3117 2248 3152 νων
2285 3099 2359 3168 μὴ
2387 3099 2496 3150 δεῖν
2549 3097 3042 3168 ἀναθεματίζεσθαι
3093 3099 3218 3163 τοὺς
3283 3100 3423 3164 μετὰ
3469 3101 3716 3155 Θάνατον

2141 3187 2491 3258 φωραθέντας
2517 3187 2848 3256 αἱρετικοὺς,
2883 3189 3040 3250 αὐτὸς
3070 3189 3133 3240 ὲκ
3159 3189 3265 3242 τῶν
3289 3190 3446 3242 θείων
3475 3191 3718 3260 Γραφῶν

2139 3280 2370 3344 ἔπειθεν,
2411 3280 2489 3332 ὅτι
2525 3280 2602 3331 δεῖ
2631 3279 3118 3350 ἀναθεματίζεσθαι
3153 3281 3396 3344 τούτους,
3417 3281 3590 3347 λέγων
3625 3282 3718 3336 ὅτι

2151 3369 2358 3432 Ἰωσίας
2389 3371 2417 3423 ὁ
2444 3369 2697 3439 βασιλεὺς
2723 3411 2736 3432 ,
2774 3369 3110 3438 προφητείας
3143 3371 3292 3441 αὐτῷ
3351 3371 3720 3439 προμηνυσάο

2141 3475 2262 3529 σης,
2297 3459 2364 3510 τά
2389 3457 2524 3518 ὀστᾶ
2555 3457 2660 3509 τῶν
2687 3456 3063 3509 ἐπιθυσάντων
3089 3457 3168 3518 εἰς
3201 3459 3299 3519 τάς
3327 3459 3586 3526 δαμάλεις
3617 3476 3712 3528 με·

2137 3546 2205 3598 τὰ
2247 3546 2474 3598 θάνατον
2517 3545 2835 3614 ἀνασκάψας
2888 3545 3226 3597 κατέκαυσεν
3261 3560 3274 3573 ⁸
3307 3546 3718 3616 παραπλησίως

2135 3637 2227 3690 οὖν
2259 3638 2468 3689 δεῖκαὶ
2527 3638 2642 3698 τοῖς
2691 3639 2989 3705 αἱρετικοῖς
3043 3635 3367 3707 κεχρῆσθαι,
3406 3635 3498 3688 καὶ
3561 3637 3718 3706 μετὰ

2137 3729 2362 3784 θάνατον
2393 3729 2590 3792 αὐτοὺς
2621 3728 3067 3798 ἀναθεματίζειν.

2207 3820 2310 3888 κγ’.
2343 3821 2638 3890 Θαυμάσας
2669 3819 2759 3872 οὖν
2793 3821 2819 3870 ὁ
2853 3819 3103 3887 βασιλεὺς
3127 3821 3218 3872 καὶ
3245 3820 3443 3882 πάντες
3481 3822 3530 3874 οἱ
3555 3839 3720 3892 παρ-

2134 3912 2446 3980 εστηκότες,
2496 3910 2698 3978 πολλῆς
2737 3909 3010 3978 ἀποδοχῆς
3040 3911 3201 3962 αὐτὸν
3238 3911 3330 3962 καὶ
3353 3914 3515 3980 τιμῆς
3538 3913 3720 3976 ἠξίω-

2137 4013 2258 4053 σαν.
2301 4001 2387 4065 Ἐξ
2421 4001 2589 4068 αὐτῆς
2617 3995 2712 4052 οὗν
2747 4001 2802 4051 ἐν
2833 3999 3038 4068 μείζονι
3079 3999 3366 4069 παρρησίᾳ
3423 3999 3722 4066 σχολάζων

2133 4085 2200 4159 ἦν
2235 4091 2292 4140 ἐν
2318 4091 2434 4151 ταῖς
2471 4088 2776 4157 βασιλικαῖς
2803 4089 3017 4148 αὐλαῖς,
3047 4090 3140 4140 καὶ
3173 4087 3333 4140 πλέον
3361 4089 3388 4140 ὁ
3431 4089 3528 4156 τῆς
3560 4088 3722 4154 γνὼ-

2137 4196 2272 4241 σεως
2296 4180 2459 4232 αὑτοῦ
2489 4179 2716 4240 πλοῦτος
2739 4179 3049 4247 ἐξεφαίνετο
3079 4179 3228 4246 παρὰ
3247 4178 3362 4247 θεῴ
3383 4179 3474 4229 καὶ
3495 4177 3720 4248 ἀνθρωο

2137 4287 2276 4331 ποις.
2311 4265 2472 4339 Εἴχεν
2505 4270 2614 4340 γὰρ
2641 4269 2800 4320 αὑτὸν
2825 4271 2852 4320 ὁ
2874 4268 2980 4320 τῶν
3016 4271 3307 4338 σκήπτρων
3341 4267 3538 4336 Κύριος
3558 4271 3618 4319 ἐν
3635 4271 3712 4338 τῇ

458 4351 554 4404 cui
606 4368 730 4407 cum
791 4365 915 4410 ante
961 4370 1140 4412 ortum
1203 4367 1452 4413 nostrum
1507 4371 1635 4415 nota
1694 4365 1802 4418 sint
1843 4369 2026 4422 omnia

2136 4359 2324 4412 ἐαυτοῦ
2354 4359 2572 4429 καρδίᾳ,
2619 4357 2812 4428 μᾶλλον
2834 4359 2887 4410 δὲ
2917 4361 2944 4410 ὁ
2971 4358 3226 4419 Βασιλεὺς
3254 4359 3360 4410 τῶν
3391 4357 3716 4428 βασιλευόν-

463 4441 629 4510 (quos
663 4446 812 4498 enim
848 4450 1768 4520 praescivitetpraadestinavit,hos
1791 4469 1842 4510 et
1876 4475 2039 4514 voca-

465 4531 545 4582 vit
592 4541 648 4585 et
697 4535 1066 4606 glorificavit),
1096 4553 1354 4610 magnum
1415 4555 1636 4609 quoque
1709 4543 2033 4616 Eutycltium

463 4627 684 4677 vocavit
727 4625 794 4678 ad
823 4625 1146 4696 dignitatem
1203 4629 1599 4698 pontiﬁcalem.
1655 4636 1870 4689 Etenim
1913 4649 2036 4707 post

459 4711 584 4767 dies
616 4730 818 4783 paucos
850 4727 1072 4772 sanctus
1105 4721 1198 4774 Dei
1225 4736 1418 4776 servus
1443 4723 1650 4788 Menas,
1681 4727 1844 4795 regiae
1875 4729 2034 4784 urbis

461 4805 802 4873 patriarcha,
831 4807 898 4862 de
930 4823 1039 4877 quo
1066 4811 1176 4880 jam
1201 4810 1436 4867 fecimus
1461 4813 1822 4880 mentionem,
1861 4817 1914 4872 in
1942 4835 2027 4872 se-

461 4904 685 4951 nectute
737 4897 898 4962 bona,
951 4907 1007 4955 et
1060 4901 1256 4970 plenus
1308 4902 1520 4958 dierum
1553 4920 1676 4960 cum
1705 4907 1798 4961 Dei
1854 4909 2029 4978 gratia

459 4991 890 5052 transactorum,
941 4991 1195 5062 migravit
1230 4993 1294 5047 ad
1322 4995 1492 5049 vitam
1521 4998 1839 5066 angelorum
1865 5007 2030 5068 atque

459 5087 780 5133 sanctorum
813 5083 1034 5136 Patrum
1069 5101 1082 5136 :
1129 5086 1288 5156 cujus
1315 5089 1509 5142 mortis
1538 5088 1734 5143 nuntio
1763 5091 1828 5144 ad
1866 5091 2026 5145 Chri-

459 5165 860 5225 Atianiv‘simum
887 5173 1276 5243 imperatorem
1311 5179 1548 5245 perlato,
1579 5179 1738 5232 multi
1772 5181 2026 5235 certatim

463 5260 802 5316 conabantur
817 5265 998 5320 studio
1017 5266 1326 5323 incredibili
1351 5285 1706 5340 corrumpere
1736 5272 2028 5342 promissis

533 5413 577 5442 "
617 5415 756 5470 Psal.
785 5435 895 5484 cut,
933 5422 1018 5477 15.

2131 4469 2259 4516 των,
2294 4455 2322 4505 ὁ
2353 4451 2508 4514 εἰδὼς
2534 4450 2603 4503 τά
2625 4451 2800 4503 πάντα
2829 4451 2956 4520 πρὶν
2985 4449 3252 4517 γενέσεως
3295 4449 3470 4520 ἡμῶν,
3503 4450 3587 4502 ὅτι
3609 4451 3714 4516 οὓς

2132 4543 2382 4612 προέγνω
2413 4543 2506 4595 καὶ
2541 4541 2870 4612 προώρισεν,
2913 4540 3137 4604 τούτους
3177 4541 3270 4592 καὶ
3317 4540 3572 4592 ἐκάλεσεν
3609 4539 3720 4592 καὶ

2132 4636 2414 4701 ἐδόξασεν·
2447 4635 2604 4687 καλεῖ
2628 4635 2683 4688 δέ
2727 4634 2822 4686 καὶ
2879 4633 2970 4686 τὸν
3001 4633 3175 4703 μέγαν
3203 4632 3466 4700 Εὖτύχιον
3519 4631 3602 4692 είς
3645 4631 3718 4684 τὸ

2137 4725 2334 4795 μέτρον
2390 4727 2488 4794 τῆς
2515 4725 2952 4794 ἀρχιερωσύνης,
3009 4723 3106 4775 σὺν
3165 4724 3299 4791 τι.μῇ
3335 4738 3392 4773 τε
3443 4721 3538 4773 καὶ
3575 4719 3718 4792 δόξῃ

2141 4815 2330 4886 πολλῇ.
2372 4817 2446 4870 Ού
2481 4815 2616 4885 μετὰ
2661 4814 2860 4877 πολλάς
2901 4813 3008 4884 γὰρ
3033 4813 3267 4884 ἡμέρας,
3307 4811 3401 4864 καὶ
3433 4813 3462 4862 ό
3509 4809 3722 4880 προλε-

2135 4905 2284 4974 χθεὶς
2313 4905 2456 4968 ὅσιος
2478 4908 2569 4957 καὶ
2595 4905 2686 4956 τοῦ
2714 4903 2846 4956 Θεοῦ
2879 4903 3132 4973 θεράπων
3153 4903 3364 4970 Μηνᾶς,
3387 4900 3476 4952 τὸν
3505 4899 3708 4967 θρόνον

2132 4995 2331 5048 διέπων
2387 4995 2484 5063 τῆς
2535 4994 2923 5064 βασιλευούσης
2957 4993 3182 5056 πόλεως,
3239 4995 3295 5044 ἐν
3327 4993 3476 5062 γήρᾳ
3527 4991 3704 5056 πίονι,

2135 5086 2347 5157 πλήρης
2391 5087 2485 5140 καὶ
2522 5085 2629 5138 τῶν
2683 5085 2826 5138 κατὰ
2865 5084 2996 5138 Θεὸν
3037 5083 3258 5154 ἡμερῶν
3287 5083 3570 5152 ὑπάρχων,
3605 5079 3714 5132 τοῦ

2132 5179 2471 5251 ἀνθρωπίνου
2505 5179 2619 5248 βίου
2667 5177 2994 5242 ὑπεξελθὼν,
3025 5177 3130 5258 ’τὴν
3173 5178 3288 5245 μετ’
3329 5176 3576 5244 ἀγγέλων
3609 5175 3712 5226 καὶ

2131 5272 2240 5324 τῶν
2281 5274 2450 5342 ἁγίων
2479 5271 2738 5344 Πατέρων
2772 5271 3056 5341 ἠσπάσατο
3099 5269 3396 5338 διαγωγήν.
3441 5266 3570 5317 Ὅτε
3609 5261 3712 5316 οὖν

539 5543 648 5610 (Μ)
687 5547 1038 5634 ,(ξοιίιυιξηυξ.
1089 5555 1271 5613 Menas
1333 5558 1644 5628 patriarcha
1697 5557 1764 5614 25
1811 5559 2064 5630 Augusti,
2105 5563 2271 5618 etiam
2321 5562 2600 5634 Μανίῳ-οι.
2657 5561 2808 5616 Rom.
2883 5561 3173 5629 ascriptus,
3225 5564 3474 5611 mortuus
3553 5551 3716 5605 indi-

465 5613 644 5668 ctione
685 5617 764 5684 15,
791 5635 877 5674 an.
