4042 6156
246 240 388 311 2301

1796 240 1992 303 ⁷ίἸΤΑ.

3367 243 3508 307 23οΞ

236 355 486 426 ἐγνώσθη
539 351 617 422 τῷ
655 351 964 422 πιστοτάτῳ
988 347 1199 422 βασιλεί
1236 348 1328 402 τοῦ
1379 348 1532 402 ὁσίου
1560 349 1751 420 ἀνδρὸς
1783 351 1817 420 ἡ

1929 357 1978 403 et
2023 347 2354 402 muneribus
2407 346 2616 402 amicos
2662 346 3030 415 imperatoris,
3085 357 3144 402 ut
3189 349 3506 411 hominibus

242 449 524 517 κοίμησις,
581 444 734 512 ἀγὼν
772 445 978 512 ἄφατος
1027 443 1122 496 καὶ
1179 440 1386 512 σπουδὴ
1437 442 1674 510 ἄμετρος
1716 445 1830 504 τοῖς

241 534 456 596 πολλοῖς
475 528 542 602 ἦν
563 533 643 596 είς
687 531 748 584 τὺ
789 530 1193 601 προϐάλλεσθαι
1241 530 1364 592 τοὺς
1399 529 1474 599 μὴ
1519 529 1705 593 ἀξίους
1729 530 1828 599 τῆς

239 625 674 697 ἀρχιερωσύνης,
731 624 1058 692 ὑποσχέσεσι
1091 623 1185 675 καί¹
1216 621 1574 691 δωροδοκίαις
1633 621 1826 690 βουλο-
1851 636 1867 660 ι

240 721 426 790 μένοις
455 721 639 770 πεῖσαι
671 717 796 778 τοὺς
822 717 1090 778 δυνάστας
1135 713 1229 768 τοῦ
1293 713 1580 782 βασιλέως,
1613 716 1660 766 εί
1697 713 1825 776 ἴσως

240 807 540 876 ἐπιτύχωσι
587 805 695 860 τῶν
728 804 1124 876 ἐλπιζομένων.
1182 804 1324 856 Ἀλλ’
1377 802 1405 852 ὁ
1436 807 1617 858 πάντα
1659 803 1825 856 ποιῶν

241 903 334 951 καὶ
365 896 787 969 μετασκευάζων
808 896 962 961 Θεὸς,
995 895 1202 959 ἐτάζων
1234 895 1290 948 δὲ
1348 896 1574 962 καρδίας
1603 895 1700 948 καὶ
1734 913 1820 947 ve-

243 992 432 1061 σροὺς,
465 990 558 1042 καὶ
583 991 640 1041 ἐν
670 991 736 1059 τῇ
767 988 913 1060 χειρὶ
928 986 1091 1040 αὑτοῦ
1124 986 1350 1051 καρδίαν
1389 987 1654 1056 βασιλέως
1687 1005 1820 1040 κατ-

241 1085 380 1153 έχων
418 1083 556 1152 μετὰ
599 1079 705 1134 τῶν
745 1083 1003 1149 περάτων
1058 1083 1156 1151 τῆς
1212 1081 1339 1151 γῆς,
1375 1080 1545 1134 κλίνει
1599 1082 1692 1134 καὶ
1724 1081 1822 1152 τὴν

242 1175 334 1230 τοῦ
366 1175 730 1245 γαληνοτάτου
758 1172 1021 1242 βασιλέως
1053 1171 1281 1241 καρδίαν
1308 1172 1389 1234 είς
1434 1172 1524 1224 τὸν
1549 1172 1699 1237 ἄξιον
1727 1173 1821 1226 ἄν-

1929 439 2173 508 indignis
2229 438 2544 493 deferretur
2611 439 2985 508 pontilicatus.
3035 439 3143 493 Sed
3193 441 3287 508 qui
3322 444 3506 496 omnia

1929 529 2057 585 facit
2081 538 2137 585 et
2180 539 2380 594 mutat,
2436 529 2644 600 quique
2706 529 2872 583 corda
2931 538 3216 584 scrutatur
3259 538 3314 584 et
3347 545 3511 586 renes

1929 622 2094 685 Deus,
2126 637 2223 676 cor
2253 623 2399 692 regis
2429 637 2555 676 cum
2608 621 2811 677 ﬁnibus
2862 629 3020 676 terra:
3078 622 3133 675 in
3193 638 3356 675 manu
3410 637 3508 676 sua

1894 713 2240 773 continens,
2276 713 2619 766 serenissimi
2656 713 3009 783 imperatoris
3039 713 3287 766 animum
3341 710 3506 765 incli-

1927 802 2076 856 navit
2105 802 2174 856 ad
2197 803 2346 856 hunc
2373 802 2760 873 dignissimum
2794 805 2997 856 virum.
3055 802 3237 867 Quare
3294 800 3388 854 uni
3441 815 3510 853 ex

1928 894 2382 948 honoratioribus
2418 893 2814 948 referendariis
2871 894 3090 964 (Petrus
3119 893 3210 946 hic
3262 889 3510 960 appella-

1930 985 2112 1055 batur)
2175 985 2465 1040 confestim
2503 986 2805 1050 mandavit,
2853 995 2912 1040 ut
2942 992 3236 1053 quaereret,
3291 988 3510 1036 teneret

1931 1088 1986 1132 et
2007 1079 2328 1149 congruenti
2347 1094 2472 1132 cum
2491 1078 2704 1131 honore
2726 1077 3037 1132 custodiret
3055 1091 3308 1146 magnum
3333 1076 3506 1144 Euty-

1933 1171 2142 1236 chium,
2187 1171 2266 1224 uti
2298 1180 2350 1225 et
2383 1170 2530 1223 fecit.

240 1266 362 1337 δρα,
387 1264 481 1316 καὶ
512 1265 650 1334 μετὰ
679 1259 872 1316 πολλοῦ
907 1260 1000 1314 τοῦ
1023 1261 1221 1330 τάχους
1256 1262 1546 1332 ἐπιτρέπει
1605 1263 1710 1315 τινὶ
1765 1264 1873 1316 τῶν
1913 1264 2148 1332 ἐντίμων
2207 1263 2638 1334 ρεφερενδαρίων
2685 1263 2800 1334 (q)(
2831 1263 3035 1335 Πέτρος
3089 1262 3144 1315 δέ
3183 1253 3337 1322 οὗτος
3393 1255 3458 1328 ἦν
3487 1259 3508 1328 )

241 1361 579 1432 ἀναζητῆσαι
635 1360 729 1414 καὶ
787 1360 1070 1416 συλλαϐεῖν
1113 1361 1205 1414 τὸν
1258 1361 1429 1431 μέγαν
1492 1360 1795 1432 Εὑτύχιον,
1835 1361 2065 1431 φυλάξαι
2114 1380 2174 1414 τε
2237 1363 2376 1432 μετὰ
2441 1362 2540 1432 τῆς
2598 1360 2920 1431 πρεπούσης
2977 1364 3179 1431 τιμῆς·
3214 1361 3350 1428 ὅπερ
3416 1359 3508 1410 καὶ

242 1455 488 1522 γέγονεν.

311 1546 408 1599 κδ’.
462 1543 625 1598 Ἀλλά
645 1543 914 1597 ἀκούσατε
939 1545 1032 1598 κα)⁸
1050 1544 1168 1599 οἷαν
1189 1544 1456 1599 ὀπτασίαν
1478 1543 1788 1614 φυλαττόμε
1808 1575 1821 1584 ~

1996 1545 2087 1599 24.
2127 1543 2235 1598 Sed
2287 1543 2474 1597 audite
2506 1544 2800 1606 visionem,
2855 1558 3019 1611 quam
3070 1541 3116 1594 is
3151 1540 3283 1593 dum
3327 1547 3515 1592 custo-

240 1655 328 1700 νος
359 1633 532 1690 εἶδεν·
576 1636 759 1705 ἔλεγεν
791 1637 898 1706 γὰρ
930 1639 958 1688 ὁ
1013 1638 1207 1706 μέγας,
1232 1637 1315 1689 ὅτι
1346 1637 1426 1706 Τῇ
1464 1637 1623 1689 νυκτὶ
1669 1636 1817 1691 ἐκεί-

239 1749 300 1802 νῃ
371 1729 634 1782 ὑπενόουν
673 1725 818 1782 οἷκον
862 1729 1036 1800 μέγαν
1091 1729 1362 1798 διάφωτον
1399 1723 1558 1791 εἶναι,
1583 1729 1678 1781 καὶ
1707 1728 1821 1781 κλί-

235 1840 337 1892 νην
376 1821 666 1892 εὐπρεπῶς
717 1805 1104 1892 ἐστρωμένην,
1158 1821 1245 1890 ἐφ’
1273 1822 1338 1892 ἢν
1389 1821 1640 1874 ἀνέκειτο
1683 1818 1820 1890 γυνὴ

235 1917 464 1986 ὀνόματι
521 1914 707 1982 Σοφία,
733 1915 768 1984 ἢ
801 1914 897 1966 καὶ
945 1912 1438 1982 προσκαλεσαμένη
1487 1929 1574 1980 με,
1608 1911 1820 1963 ὑπεδεί-

245 2005 408 2059 κνυέν
442 2021 530 2073 μοι
566 2004 786 2072 κόσμια.
824 1999 958 2056 Εἶτα
997 2002 1133 2073 μετὰ
1157 2001 1314 2054 τοῦτο
1338 2000 1608 2072 ἐθεώρουν
1634 2001 1694 2052 τὸ
1721 2019 1823 2053 πα-

242 2096 567 2167 ρακείμενον
595 2093 817 2163 ἡλιακὸν
847 2094 926 2164 τῷ
944 2094 1099 2164 οἴκῳ,
1141 2094 1224 2147 ὅτι
1276 2093 1457 2163 χιόνος
1486 2088 1554 2163 ἦν
1608 2092 1821 2162 πεπλη-

244 2188 508 2259 ρωμένον,
543 2200 638 2240 και
676 2188 888 2240 παιδίον
917 2188 1210 2254 ἱστάμενον
1243 2187 1301 2239 ἐν
1323 2185 1402 2256 τῷ
1441 2185 1672 2256 ἡλιακῷ,
1701 2186 1822 2238 ὀνὸ-
1860 2244 1864 2249 ,

243 2297 374 2350 ματι
399 2280 711 2348 Σωτήριχος
743 2321 758 2343 ,
791 2281 929 2348 ὅπερ
964 2279 1057 2330 καὶ
1085 2277 1323 2348 ἤμελλεν
1358 2279 1422 2330 ἐκ
1465 2278 1560 2330 τοῦ
1591 2275 1820 2348 ἡλιακοῦ

241 2371 481 2423 πίπτειν.
507 2369 723 2432 Φθάσας
745 2369 801 2422 δέ
821 2369 1114 2439 ἀνειλόμην
1141 2368 1274 2422 αὐτὸ
1296 2370 1360 2421 ὲκ
1391 2368 1490 2438 τῆς
1520 2369 1700 2438 χιόνος
1725 2369 1818 2421 καὶ

241 2462 338 2516 τοῦ
367 2463 443 2532 μὴ
475 2465 680 2515 πεσεῖν.
715 2460 782 2512 Τί
810 2460 866 2513 δὲ
894 2461 1003 2530 ἄρα
1048 2459 1206 2513 τοῦτο
1236 2460 1537 2530 ἐσήμαινεν
1561 2498 1576 2524 ,
1631 2460 1664 2531 ἢ
1718 2460 1816 2532 τὴν

242 2553 562 2623 καλιεργίαν
595 2551 703 2604 τῶν
738 2552 1079 2622 πραγμάτων
1095 2551 1197 2621 τῆς
1229 2551 1543 2622 ἁγιωτάτης
1586 2551 1818 2620 Ἐκκλη-

244 2643 406 2707 σίας;
438 2641 593 2694 τοῦτο
623 2641 735 2711 γὰρ
781 2639 851 2694 τὰ
912 2641 1116 2711 κόσμια
1139 2657 1154 2674 ο
1206 2639 1408 2712 ὁμοίως
1436 2640 1494 2692 δὲ
1539 2639 1635 2692 καὶ
1672 2639 1735 2692 τὸ
1766 2641 1824 2693 ἐν

243 2732 382 2803 χιόνι
410 2731 473 2784 τὸ
525 2731 735 2785 παιδίον
764 2727 922 2795 εἶναι,
952 2731 1012 2785 τὸ
1044 2733 1104 2785 ἐν
1125 2732 1389 2803 χειμασίᾳ
1409 2732 1478 2784 τὰ
1511 2729 1824 2801 δογματικά

243 2825 530 2894 ὑπάρχειν.
572 2822 843 2894 Ἐκάτερα
860 2823 916 2876 δέ
934 2827 1031 2895 τῆς
1049 2824 1277 2894 δεούσης
1300 2823 1457 2894 ἔτυχε
1481 2822 1823 2894 διορθώσεως

1926 1636 2158 1699 diretur,
2181 1636 2392 1704 aspexit
2419 1653 2431 1688 :
2459 1635 2714 1704 Videbar,
2745 1633 2928 1702 inquit
3001 1649 3230 1702 magnus
3277 1631 3368 1684 ille
3403 1630 3507 1692 vir,

1926 1728 2188 1798 grandem
2214 1729 2508 1799 quamdam
2548 1729 2980 1798 praeclaramque
3016 1725 3242 1779 domum
3279 1723 3507 1786 intueri,

1927 1841 1990 1878 ac
2030 1825 2233 1878 lectum
2272 1834 2504 1878 stratum
2542 1824 2854 1894 splendide,
2890 1823 2942 1876 in
2977 1838 3090 1891 quo
3133 1819 3351 1890 jacebat
3384 1834 3508 1871 mu-

1929 1915 2052 1980 lier,
2105 1915 2310 1985 Sophia
2344 1916 2570 1970 nomine
2606 1933 2619 1969 :
2657 1933 2782 1986 quae
2808 1931 2930 1970 cum
2953 1921 3208 1969 vocasset
3237 1926 3346 1973 mc,
3379 1925 3509 1963 sua-

1926 2023 2036 2076 que
2074 2007 2212 2060 mihi
2259 2008 2680 2062 monstravisset
2718 2015 3064 2069 ornamenta,
3113 2004 3226 2059 vidi
3267 2018 3392 2056 mox
3422 2016 3512 2056 so-

1928 2097 2126 2152 larium
2179 2098 2368 2151 domui
2417 2099 2677 2167 adjacens
2709 2099 2980 2168 repletum
3015 2111 3135 2150 esse
3180 2093 3425 2152 nivibus,
3457 2099 3513 2144 et

1930 2201 2164 2255 puerum
2195 2187 2249 2240 in
2287 2187 2490 2241 solario
2525 2196 2762 2242 stantem
2799 2187 3111 2241 Sotericum
3141 2183 3388 2247 nomine,
3417 2181 3512 2251 qui

1929 2279 2037 2333 nisi
2084 2295 2185 2350 ego
2240 2279 2587 2346 praeveniens
2637 2295 2666 2334 a
2707 2279 2834 2334 nive
2883 2278 3145 2333 eductum
3177 2288 3512 2346 praeservas-

1931 2384 2045 2424 sem
2083 2382 2135 2423 a‘
2163 2369 2341 2439 lapsu,
2377 2385 2610 2424 casurus
2653 2369 2721 2423 de
2775 2369 2981 2424 solario
3033 2366 3348 2421 videbatur.
3399 2364 3515 2418 l-loc

1930 2466 2113 2513 autem
2169 2459 2286 2512 viso
2339 2459 2472 2528 quid
2505 2459 2924 2529 signiﬁcabatur
2961 2456 3135 2520 aliud,
3189 2471 3354 2524 quam
3388 2453 3513 2522 pul-

1930 2547 2205 2602 cherrima
2252 2548 2510 2602 Ecclesiae
2545 2548 2910 2603 sanctissimae
2963 2562 3154 2617 opera,
3209 2560 3308 2614 per
3358 2543 3515 2597 illum

1931 2647 2184 2694 ornatum
2219 2639 2546 2709 designata?
2574 2640 2678 2694 Per
2705 2653 2939 2710 puerum
2969 2645 3154 2692 autem
3186 2635 3516 2705 periclitan-

1933 2741 2042 2787 tem
2084 2732 2138 2786 in
2195 2733 2343 2796 nive,
2376 2731 2768 2786 indicabantur
2797 2730 3070 2786 doctrina:
3114 2725 3373 2782 salutaris
3413 2724 3513 2778 do-

1931 2835 2134 2896 gmata.
2180 2825 2424 2893 Utraque
2481 2833 2633 2878 certe
2685 2821 3057 2878 necessariam
3118 2815 3513 2871 rectitudinem

245 2916 333 2970 διά
359 2916 455 2985 τῆς
480 2916 804 2976 ἐπιστασίας
831 2917 924 2969 καὶ
978 2916 1366 2987 κυϐερνήσεως
1424 2915 1520 2968 τοῦ
1548 2915 1695 2968 ὁσίου
1727 2916 1821 2968 ἀν-

1929 2917 2311 2979 nbtinuerunt,
2338 2922 2532 2969 sancto
2558 2913 2675 2967 viro
2698 2912 3035 2983 praasidente
3061 2925 3124 2964 ac
3143 2909 3512 2980 gubernante.

244 3009 387 3078 δῷς.
416 3011 546 3063 Ὅτε
577 3008 670 3062 οὖν
694 3008 901 3079 προέὅη
934 3007 1002 3060 τά
1025 3010 1126 3078 τῆς
1173 3008 1599 3079 παραφυλακῆς,
1630 3007 1826 3078 θαρρεῖ

248 3101 341 3172 τὴν
368 3100 583 3171 βουλὴν,
621 3100 687 3170 ἥν
718 3098 778 3163 ἐξ
805 3099 978 3169 ἀρχῆς
1007 3098 1167 3169 ἔσχεν
1193 3100 1326 3170 περὶ
1359 3097 1526 3152 αὑτοῦ
1585 3098 1614 3150 ὁ
1669 3097 1822 3166 φιλό-

254 3208 471 3260 χριστος
499 3190 776 3260 βασιλεὺς,
800 3189 877 3259 τῷ
905 3205 964 3241 τε
1006 3189 1205 3256 εὐαγεῖ
1235 3189 1420 3259 κλήρῳ
1450 3187 1546 3241 καὶ
1573 3190 1639 3259 τῇ
1699 3188 1824 3257 ἱερᾷ

253 3282 558 3351 συγκλήτῳ,
585 3281 685 3334 καὶ
704 3279 1152 3350 πληροφορήσας,
1169 3280 1244 3342 ὡς
1267 3281 1363 3332 καὶ
1386 3279 1536 3333 Θείαν
1555 3279 1823 3338 ὀπτασίαν

252 3369 382 3427 εἶδεν
412 3372 540 3446 περὶ
569 3370 756 3437 αὑτοῦ,
774 3371 1058 3441 κοιμηθεὶς
1085 3369 1237 3440 ἐντῷ
1267 3371 1400 3440 οίκῳ
1421 3370 1514 3422 τοῦ
1537 3369 1694 3436 ἁγίου
1719 3369 1824 3421 Πέ-

250 3481 375 3535 τρου
402 3447 496 3516 τοῧ
519 3463 815 3535 κορυφαίου
837 3462 943 3514 τῶν
966 3461 1278 3516 ἀποστόλων
1299 3463 1356 3513 ἐν
1385 3459 1700 3531 τῷἈθὺραο
1729 3460 1823 3514 καὶ

252 3558 353 3623 γὰρ
372 3550 441 3624 ἦν
471 3551 610 3624 ἔχων
623 3554 741 3605 ἐκεῖ
767 3551 1091 3623 πρόκενσονο
1119 3549 1433 3619 ἑωρακέναι
1455 3549 1564 3620 γὰρ
1584 3549 1823 3618 ἔφασκεν

253 3646 338 3697 τδν
389 3645 686 3716 κορυφαῖον
733 3642 840 3696 τῶν
897 3641 1211 3696 ἀποστόλων
1247 3640 1369 3695 καθ’
1407 3639 1576 3712 ῦπαρ,
1611 3641 1814 3694 ὑποδει-

254 3737 449 3790 κνύντα
480 3736 631 3804 αὐτῷ
664 3734 756 3787 τὸν
811 3734 981 3805 μέγαν
1009 3732 1296 3803 Εὑτύχιον,
1323 3732 1420 3786 καὶ
1451 3731 1679 3800 λέγοντα
1699 3772 1713 3796 ,
1743 3733 1824 3784 ὅτι

256 3828 450 3880 Τοῦτον
496 3825 721 3895 ποίησον
783 3825 1089 3877 ἐπίσκοπον
1130 3824 1405 3892 γενέσθαι.
1461 3824 1598 3878 Μεθ’
1645 3825 1824 3895 ὅρκων

254 3914 339 3970 οὖν
359 3917 569 3970 πολλων
594 3915 963 3987 διισχυρίζετο
987 3915 1160 3968 ταῦτα
1187 3914 1362 3977 οὕτως
1389 3915 1553 3984 ἔχειν.
1597 3914 1824 3984 Θεωρή-

257 4027 440 4072 σαντες
467 4009 560 4062 οὖν
580 4009 678 4079 τὴν
700 4009 948 4062 ἔνστασιν
973 4007 1068 4060 τοῦ
1089 4006 1373 4076 βασιλέως.
1396 4009 1488 4059 καὶ
1500 4007 1631 4077 ὅσην
1655 4021 1825 4059 σπου-

256 4102 346 4170 δὴν
377 4101 514 4170 μετά
531 4117 671 4162 τινος
698 4099 851 4161 θείας
875 4097 1196 4168 ἐλλάμψεως
1223 4097 1593 4162 ἐπεδείκνυτο,
1620 4096 1823 4159 πάντες

253 4190 610 4260 ὁμοθυμαδὸν,
650 4193 799 4261 κοινῇ
830 4189 1046 4260 γνώμῃ,
1078 4192 1231 4259 κοινῇ
1260 4190 1446 4258 ψήφῳ,
1490 4190 1589 4259 μιᾷ
1631 4190 1820 4258 φωνῇ’,

259 4282 358 4351 πρὸ
381 4281 474 4334 τοῦ
498 4281 714 4350 καιροῦ,
739 4282 801 4334 τὸ
830 4282 893 4333 Ἀ
905 4280 1033 4344 ξιος,
1066 4281 1240 4346 ἄξιος,
1276 4280 1528 4350 ἔκραζον.

1925 3007 2055 3074 Qua:
2079 3022 2213 3061 vero
2245 3005 2384 3060 facta
2412 3013 2541 3060 sunt
2587 3005 2913 3074 priusquam
2939 3003 3129 3073 jussus
3156 3008 3300 3054 esset
3325 3004 3514 3052 custon

1925 3101 2053 3165 diri,
2107 3097 2578 3154 conﬁrmaverunt
2625 3095 2942 3159 consilium,
2980 3087 3127 3163 quod
3161 3091 3228 3146 ab
3261 3090 3421 3145 initio
3447 3088 3517 3144 de

1927 3191 2046 3261 ipso
2091 3197 2422 3260 conceperat
2459 3187 2667 3243 Christi
2710 3186 3156 3242 studiosissimus
3192 3184 3513 3253 imperator,

1928 3291 2034 3334 tam
2070 3280 2213 3350 apud
2237 3279 2648 3334 sanctissimum
2685 3280 2898 3333 clerum
2935 3293 3100 3347 quam
3124 3275 3268 3345 apud
3297 3288 3512 3328 sacrum

1925 3379 2196 3424 senatum.
2235 3368 2331 3422 llis
2371 3369 2576 3438 quippe
2606 3368 2839 3423 suadere
2871 3367 3064 3421 volens
3097 3365 3212 3430 ille,
3251 3374 3512 3433 tanquam

1925 3462 2017 3530 qui
2058 3460 2126 3514 de
2161 3460 2278 3528 ipso
2322 3460 2566 3513 divinam
2593 3461 2863 3514 visionem
2904 3458 3196 3512 habuisset
3230 3456 3512 3510 dormiens

1925 3551 1983 3606 in
2010 3551 2127 3605 aede
2151 3551 2328 3605 sancti
2367 3551 2514 3605 Petri
2546 3552 2929 3620 apostolorum
2968 3548 3242 3619 coryphaei
3288 3563 3409 3617 quae
3432 3554 3515 3600 est

1925 3644 1982 3697 in
2022 3642 2228 3713 Athyra
2262 3643 2374 3712 (15)
2413 3643 2509 3708 (ibi
2545 3642 2697 3696 enim
2732 3657 3055 3711 processum
3103 3639 3394 3702 habebat),
3433 3638 3516 3691 vi-

1925 3735 2073 3790 disse
2091 3749 2149 3789 se
2173 3734 2313 3787 dixit
2335 3733 2642 3802 principem
2669 3732 2959 3801 apostolici
2984 3739 3210 3786 senatus
3237 3730 3291 3783 in
3320 3744 3516 3783 somno

1925 3832 2324 3880 monstrantem
2353 3824 2462 3877 sibi
2508 3840 2768 3894 magnum
2816 3823 3175 3894 Eutychium,
3210 3820 3523 3875 dicentem-

1925 3931 2032 3986 que
2075 3911 2236 3969 lluuc
2283 3929 2416 3967 cura
2472 3916 2798 3983 episcopum
2853 3914 2994 3967 ﬁeri.
3047 3913 3178 3978 Quae
3239 3926 3366 3965 cum
3421 3911 3516 3965 ille

1926 4007 2030 4061 sub
2067 4004 2431 4076 jurejurando
2467 4004 2823 4059 conﬁrmaret
2873 4003 2947 4058 ita
2987 4003 3215 4066 vidisse,
3264 4000 3518 4055 videntes

1927 4098 2003 4152 illi
2034 4095 2349 4151 instantiam
2381 4095 2756 4163 imperatoris,
2807 4104 3188 4164 quantumque
3233 4091 3518 4161 praeferret

1927 4190 2194 4254 studium,
2247 4203 2374 4242 cum
2427 4186 2615 4240 divina
2666 4185 2904 4256 quadam
2957 4185 3328 4240 illustratione
3378 4197 3518 4238 con-

1861 4274 1904 4328 D
1927 4284 2204 4351 junctum,
2231 4279 2573 4334 unanimiter
2605 4295 2822 4344 omnes,
2849 4278 3128 4333 communi
3155 4285 3359 4340 mente,
3395 4289 3520 4328 sen-

259 4373 423 4428 tentia
476 4388 540 4426 ac
568 4388 704 4427 vnce
756 4372 901 4445 (16),
956 4381 1081 4427 ante
1147 4379 1366 4442 tempus
1430 4373 1810 4428 clamaveruut
1845 4391 1857 4426 :
1899 4374 2127 4445 Dignus,
2163 4370 2381 4443 dignus.

325 4526 399 4594 (ᾳ)
439 4525 586 4579 Alias
620 4522 1067 4595 ﬁztvspsivﬁipto;
1094 4522 1379 4595 scribitur,
1403 4524 1470 4579 de
1493 4541 1605 4594 quo
1642 4524 1824 4579 ollicio

263 4593 426 4648 multa
452 4593 721 4648 Meursius
739 4595 795 4647 in
823 4593 1292 4655 Graecobarbaris,
1317 4593 1616 4650 ostendens
1653 4596 1825 4649 fuisse

265 4681 365 4718 non
405 4673 611 4717 tantum
637 4664 781 4718 inter
813 4663 1218 4734 ecclesiasticos
1265 4663 1432 4731 (inter
1473 4681 1612 4734 quos
1663 4665 1827 4719 Refe-

265 4734 498 4787 rendarii
531 4734 766 4802 primum
789 4740 965 4794 sexto,
1009 4733 1208 4786 deinde
1248 4742 1446 4801 quarto
1475 4733 1597 4789 loco
1628 4749 1824 4789 cense-

265 4803 507 4874 bantur),
535 4803 628 4858 sed
651 4803 819 4858 etiam
846 4803 992 4856 inter
1020 4802 1230 4857 aulicos
1249 4804 1568 4859 ministros:
1593 4813 1650 4859 et
1675 4805 1827 4859 hunc

335 4936 871 5010 (15)(ἓτσεοοὲνῄτῴ
913 4937 1138 5007 Ἀθύρα,
1167 5009 1174 5010 7
1199 4954 1311 5009 quo
1348 4939 1583 5010 rvidetur
1629 4940 1835 5010 signiﬁ-

271 5008 401 5070 cari,
428 5008 539 5062 non
599 5009 731 5062 urbs
755 5008 959 5079 Athyra
1003 5008 1294 5079 pluraliter
1328 5009 1498 5074 dicta,
1545 5010 1612 5063 ad
1645 5008 1716 5065 Ἡ
1775 5026 1831 5079 p.

274 5098 343 5151 tu.
378 5080 585 5133 (laetans
612 5078 1118 5151 Constantinopoli;
1159 5080 1253 5132 sed
1272 5079 1475 5151 ﬁuvtus
1493 5079 1741 5151 Athyras,
1766 5078 1835 5135 ab

274 5150 401 5202 urbe
417 5150 513 5202 ista
531 5165 722 5201 nomen
752 5148 1166 5218 mutuansjuxta
1182 5165 1344 5217 quem
1367 5148 1532 5204 fuerit
1549 5148 1832 5213 templum,

278 5218 452 5287 inquo
483 5219 778 5285 πρᾶκενσον
819 5227 1006 5284 egerat
1056 5218 1394 5286 imperator;
1434 5219 1582 5287 quod
1641 5220 1831 5283 Ziuus,

277 5291 362 5356 qui
390 5303 579 5341 nomen
599 5288 703 5341 loci
721 5297 845 5339 ante
861 5287 1258 5352 dissimutarat,
1281 5290 1473 5343 volens
1500 5290 1831 5356 exprimere.

284 5361 441 5427 vertit
487 5357 1140 5427 haberesenatum.Agit
1174 5357 1243 5411 de
1297 5374 1360 5413 ea
1400 5373 1532 5412 voce
1575 5359 1834 5427 pluribus

282 5425 533 5498 Bleursius
573 5427 628 5479 iu
670 5425 1170 5498 Ganeo-barbaris,
1194 5427 1545 5498 ostenditque
1575 5425 1828 5498 ‘npﬂxsv-

286 5511 366 5549 σον
418 5497 519 5550 dici
576 5512 896 5565 processum.
944 5495 1087 5551 sicut
1135 5497 1422 5562 σούκενσος
1454 5495 1746 5552 Successus
1771 5507 1829 5553 et

285 5566 602 5646 ἀντικένσωρ
661 5566 965 5646 οηιίοοξεος
1002 5583 1014 5617 ι
1057 5575 1114 5646 et
1169 5568 1397 5646 omnino
1448 5569 1671 5646 videtur
1709 5584 1835 5637 pro-

287 5649 454 5691 cessus
484 5635 589 5692 dici
618 5651 681 5690 ea
714 5637 895 5691 omnis
942 5635 1177 5704 functio,
1203 5638 1271 5693 ad
1325 5653 1489 5708 quam
1539 5635 1840 5707 imperator

1931 4527 2112 4596 ipsum
2141 4524 2390 4596 quidem,
2430 4523 2500 4578 de
2552 4539 2662 4592 quo
2721 4523 2922 4593 agitur,
2970 4521 3342 4596 .lustinianum
3389 4537 3523 4596 con-

1931 4593 2200 4657 s'tituisse,
2227 4603 2289 4648 ut
2316 4595 2494 4648 solum
2517 4601 2704 4648 essent
2736 4593 3154 4662 quatuordecim
3180 4611 3192 4646 :
3225 4593 3317 4661 qui
3349 4593 3518 4646 etiam

1930 4665 2348 4734 appellabantur
2373 4664 2599 4717 honoris
2625 4678 2754 4734 ergo
2783 4663 3006 4732 περίϐλε
3020 4680 3156 4734 πτοι,
3191 4663 3515 4734 spectabiles.

1932 4732 2136 4789 Eorum
2171 4749 2374 4788 munus
2413 4743 2535 4786 erat
2574 4732 2737 4803 agere
2790 4741 2974 4803 partes
3035 4732 3516 4786 internuntiurum

1933 4819 2034 4875 pro
2066 4804 2402 4873 imperatore
2439 4803 2585 4872 apud
2608 4802 2758 4857 viros
2792 4802 3092 4872 principes.

1943 4941 2196 5010 procedit
2254 4949 2409 4995 extra
2456 4941 2753 5012 palatium.
2792 4939 3030 5012 maxime
3064 4935 3301 5012 _ti_eju_s
3351 4951 3517 4990 causa

1944 5006 2074 5065 alibi
2104 5019 2416 5080 pernoctet,
2457 5006 2533 5064 uti
2563 5011 2653 5064 hic
2678 5011 2900 5080 factum.
2941 5009 3032 5080 Sic
3064 5009 3116 5060 in
3144 5006 3518 5080 Fastis,__quos

1943 5076 2164 5135 Siculos
2202 5081 2364 5150 vulgo
2386 5083 2494 5150 jam
2527 5081 2833 5150 nominant,
2860 5079 2968 5150 Leo
2998 5078 3296 5150 imperator
3317 5076 3519 5130 dicitur

1941 5152 2140 5203 abiisse
2182 5147 2369 5204 Peram
2387 5147 2559 5218 atque
2592 5152 2645 5204 in
2673 5155 2787 5202 aede
2810 5149 2866 5201 S.
2889 5148 3178 5218 Mamantis
3194 5147 3520 5218 Proeussum

1964 5235 2282 5274 wrmenses
2342 5235 2438 5273 sex
2471 5214 2701 5280 iecisse,
2729 5219 2861 5272 dum
2894 5234 3015 5271 sese
3060 5217 3183 5268 urbi
3226 5231 3333 5269 non
3378 5214 3516 5268 ﬁdit.

1964 5237 2042 5272 »νγ
2062 5236 2282 5274 menses
2342 5236 2438 5273 sex
2483 5236 2701 5280 teetsse,
2729 5236 2861 5272 uum
2894 5236 3015 5271 sese
3060 5236 3183 5268 lll'Dl
3226 5236 3333 5269 non
3378 5236 3516 5268 uuu.

1944 5236 2137 5343 biﬁert
2183 5299 2366 5342 autem
2407 5291 2703 5359 πρόκενσος
2742 5305 2773 5341 a
2815 5286 3184 5359 προσελεύσει,
3217 5288 3352 5359 quia
3403 5285 3522 5338 haec

1942 5360 2116 5412 solius
2145 5359 2258 5414 fere
2295 5355 2579 5429 religionis
2621 5372 2787 5429 causa
2819 5355 3266 5429 instituebatur,
3342 5355 3521 5424 impe-

1943 5439 2128 5497 ratore
2164 5437 2292 5483 ante
2319 5423 2607 5497 vesperam
2658 5426 2714 5480 in
2747 5427 3010 5492 palatium
3057 5423 3348 5484 redeunte.
3402 5423 3524 5494 qua:

1943 5496 2259 5568 supplicatio
2283 5506 2378 5552 aut
2409 5496 2670 5568 processio
2709 5498 2978 5568 vertitur:
3008 5498 3307 5568 utrobique
3327 5505 3524 5568 autem

1945 5563 2354 5622 comitabantur
2383 5563 2558 5621 cilicia
2591 5566 2776 5620 omnia
2801 5582 2927 5620 cum
2960 5565 3076 5618 suis
3133 5563 3418 5634 insigniis.

2018 5639 2129 5708 (l6)
2187 5637 2554 5707 TIIeOphanes
2609 5649 2722 5690 haec
2778 5635 2854 5692 ita
2922 5635 3201 5703 exponit:
3258 5633 3523 5688 iEodem
