3982 6206
434 270 576 336 2⁷303

435 483 532 544 pto
577 474 836 542 peractis,
871 490 996 528 cum
1033 475 1142 544 iam
1175 483 1392 544 tempus
1423 485 1571 530 esset
1617 485 1677 530 ut
1725 492 2005 531 sacrarum

438 579 700 620 manuum
753 565 1106 635 impositionc
1137 575 1192 621 et
1239 566 1546 622 initiatione
1586 577 2008 622 consecraretur

438 655 601 708 Pater
635 669 697 708 ac
738 655 998 724 magister
1027 655 1298 720 omnium,
1329 656 1625 711 adducitur
1653 657 1720 711 ad
1757 667 2008 712 sanctum

441 748 636 810 altare,
669 749 872 802 multos
919 748 988 802 ad
1015 747 1150 802 illud
1177 751 1492 804 sacerdotes
1525 759 1690 818 atque
1721 750 2009 818 pontifices

443 848 632 908 postea
681 839 1065 894 adducturus:
1109 850 1465 894 consecratur
1511 844 1856 910 precantium
1900 857 2012 895 ma-

441 930 607 984 nibus
659 930 976 998 divinisque
1007 939 1063 983 et
1079 931 1406 984 venerandis
1428 931 1774 985 orationibus
1800 939 1854 985 et
1881 946 2008 984 san-

442 1031 532 1074 cto
585 1021 846 1088 impletur
883 1022 1114 1091 Spiritu,
1150 1023 1242 1092 qui
1297 1021 1674 1077 sanctificatus
1729 1024 1842 1092 ipse
1875 1039 2012 1092 pra:-

442 1119 628 1164 sentes
659 1125 852 1164 omnes
899 1111 1185 1180 pontifices
1216 1111 1590 1166 sanctificabat
1627 1131 1638 1165 :
1666 1113 1784 1166 ovis
1821 1128 2012 1166 erran-

445 1202 516 1255 tis
571 1202 682 1272 (t7)
731 1211 918 1273 typum
971 1219 1138 1272 super
1179 1204 1440 1257 humeros
1495 1205 1638 1258 tollit
1695 1221 1708 1257 :
1765 1205 2014 1258 ascendit

445 1294 737 1350 sublimem
763 1295 1046 1360 thronum,
1079 1295 1132 1348 in
1151 1310 1329 1364 eoque
1353 1295 1622 1358 considet,
1649 1311 1711 1349 ac
1733 1303 2014 1364 pastorum

447 1386 752 1454 principem
807 1387 1088 1441 Christum
1147 1389 1202 1440 in
1263 1390 1464 1442 cadum
1497 1395 1889 1451 revertentem,
1921 1385 2014 1454 qui

447 1483 500 1526 et
547 1476 666 1544 ipse
711 1477 1090 1545 pronuntiavit
1151 1477 1548 1546 colligatoriam
1587 1477 1734 1528 illam
1776 1491 1840 1529 ac
1889 1491 2018 1529 con-

444 1563 744 1631 junctivam
791 1579 890 1617 seu
945 1565 1128 1633 potius
1171 1565 1604 1620 conservativam
1651 1578 1863 1628 vocem,
1897 1565 2018 1617 imi-

451 1665 600 1708 tatus
660 1663 764 1718 est,
821 1656 970 1709 omni
1015 1657 1218 1724 populo
1273 1655 1464 1709 dicens
1517 1673 1528 1707 :
1576 1657 1685 1708 Pax
1735 1655 2013 1720 omnibus,

1510 279 1569 338 S.
1613 278 1978 338 EUTYCHII
2017 280 2520 341 PATRIARCHE
2557 281 2666 340 CP.

502 383 594 438 25.
631 381 858 437 Cunctis
887 388 1071 437 autem
1119 382 1224 438 rite
1251 391 1309 437 et
1349 398 1415 440 ex
1444 399 1718 438 canonum
1753 385 2010 455 praescri-
2043 389 2088 444 Δ

3551 273 3697 340 23θᾶ

2185 394 2284 440 κε’.
2316 388 2448 440 Ὅτε
2502 382 2595 440 οὖν
2630 384 2808 438 πάντα
2862 383 3004 437 κστά
3035 385 3186 450 τάξιν
3221 385 3314 438 καὶ
3364 385 3508 439 κατά
3561 387 3694 451 τοὺς

2115 479 2289 540 θείους
2316 479 2546 541 κανόνας
2579 477 2919 547 προέϐαινεν,
2951 476 3183 544 ἔφθασεν
3215 478 3447 547 ὁκαιρδς
3469 477 3694 547 τῆςτῶν

2114 570 2512 640 ἀρχιερατικῶν
2570 569 2770 639 χειρῶν
2817 569 3115 631 ἐπιθέσεως
3161 570 3280 638 ἤτοι
3335 569 3690 633 τελειώσεως,

2116 660 2208 712 ἐπὶ
2233 661 2322 713 τὸν
2351 662 2555 714 ἑαυτῶν
2579 661 2798 731 Πατέρα
2829 662 2922 714 καὶ
2948 661 3291 725 διδάσκαλον,
3321 663 3692 731 προσφέρεται

2115 751 2192 821 τῷ
2239 751 2378 821 ἀγίῳ
2417 751 2818 820 θυσιαστηρίῳ,
2873 753 2900 804 ὁ
2933 751 3139 821 μέλλων
3187 751 3336 822 αὐτῷ
3383 753 3689 822 προσάγειν

2117 842 2346 904 πολλοὺς
2378 842 2544 910 ἱερεῖς
2568 859 2626 894 τε
2680 845 2774 896 καὶ
2801 845 3079 914 ἀρχιερεῖς
3100 859 3114 873 '
3145 843 3444 896 τελειοῦται
3476 844 3562 898 διά
3588 846 3689 914 τῆς

2119 935 2282 989 αὑτοῦ
2315 935 2498 1004 χειρός
2525 951 2579 988 τε
2633 934 2727 988 καὶ
2761 935 2945 1004 εὐχῆς,
2997 933 3092 986 καὶ
3139 933 3247 990 τῶν
3281 935 3695 1004 θεοπαραδότων

2122 1027 2332 1080 σεπτῶν
2358 1029 2567 1095 Λογίων
2591 1044 2604 1058 ·
2637 1027 2848 1097 χρίεται
2874 1027 2952 1096 τῷ
2987 1026 3124 1096 ἁγίῳ
3159 1025 3454 1095 Πνεύματι,
3491 1027 3706 1095 μᾶλλον

2120 1117 2176 1170 δέ
2241 1118 2520 1184 ἀγιασθεὶς
2575 1117 2895 1186 ἀνθαγιάξει
2951 1118 3094 1178 τοὺς
3123 1117 3510 1186 συμπαρόντας
3557 1118 3696 1186 ἀρχ-

2123 1210 2320 1278 ιερεῖ,’
2363 1209 2508 1278 αἴρει
2537 1209 2629 1260 ἐπὶ
2656 1209 2746 1261 τοῦ
2777 1207 2926 1278 ὤμου
2958 1207 3049 1259 τὸν
3079 1208 3254 1260 τύπον
3281 1206 3378 1258 τοῦ
3412 1207 3698 1274 πεπλανη-

2125 1298 2286 1365 μένου
2337 1297 2638 1368 προϐάτου·
2669 1299 2956 1366 ἀνέρχεται
3007 1299 3087 1360 είς
3140 1296 3238 1365 τὴν
3293 1295 3503 1366 ὑψηλὴν
3560 1297 3699 1349 καθ-

2123 1389 2284 1457 έδραν
2306 1406 2318 1417 ·
2353 1388 2654 1458 ἐνιδρύεται
2683 1388 2758 1458 τῷ
2792 1387 2994 1458 θρόνῳ·
3029 1390 3277 1458 μιμεῖται
3305 1386 3396 1440 τὸν
3438 1388 3700 1456 ἀρχιποί-

2127 1497 2264 1548 μενα
2293 1481 2526 1550 Χριστὸν
2550 1482 2627 1542 εἰς
2661 1481 2920 1549 οὐρανοὺς
2975 1479 3333 1548 ἀνερχόμενον
3355 1496 3367 1507 ·
3396 1476 3700 1545 φθέγγεται

2127 1573 2220 1624 καὶ
2255 1571 2414 1633 αὐτὸς
2458 1571 2556 1640 τὴν
2618 1570 2952 1640 συναπτικὴν
2982 1571 3075 1622 καί¹
3117 1569 3447 1638 συνδετικῆν,
3495 1568 3701 1621 ταυτὸν

2129 1663 2186 1715 δέ
2217 1665 2390 1715 εἰπεῖν
2415 1664 2817 1733 συντηρητικὴν
2850 1663 3051 1730 φωνὴν,
3084 1662 3257 1729 λέγων
3281 1661 3442 1714 παντὶ
3462 1660 3538 1728 τῷ
3555 1660 3700 1731 λαῷ,

451 1759 616 1810 quam
655 1745 895 1798 vicissim
933 1745 1116 1798 eidem
1160 1760 1351 1800 omnes
1378 1746 1653 1814 apprccati
1685 1753 1832 1798 sunt.
1863 1746 2020 1798 Enim

2136 1755 2329 1825 Εἰρήνη
2371 1757 2554 1816 πᾶσιν,
2589 1755 2654 1822 ἣν
2683 1755 2774 1805 καὶ
2799 1753 2902 1805 ὑπὸ
2922 1754 3138 1805 πάντων
3163 1750 3472 1806 ἀντέλαϐεν.
3497 1751 3701 1814 Καλῶς

451 1848 582 1886 vero
622 1835 880 1902 praeclare
921 1835 1141 1889 divinus
1184 1835 1356 1889 David
1406 1835 1472 1888 de
1507 1835 1627 1904 ipso
1661 1844 1818 1888 antea
1848 1836 2026 1888 excla—

451 1927 621 1980 mavit
648 1944 659 1978 :
689 1945 706 1976 ι
734 1927 904 1992 Quam
933 1925 1273 1996 tnagnu’rmra
1301 1938 1428 1980 sunt
1449 1940 1612 1994 opera
1632 1935 1744 1988 tua,
1769 1924 2022 1978 Domine!

453 2017 638 2070 omnia
695 2017 748 2070 in
796 2018 1066 2086 sapientia
1115 2018 1296 2072 fecisti
1331 2017 1418 2069 ²³ι
1465 2035 1481 2067 ›
1535 2031 1658 2070 nam
1707 2031 1828 2084 qua;
1881 2016 2026 2069 circa

454 2108 702 2182 divinum
753 2108 899 2163 hunc
930 2110 1110 2162 virum
1135 2118 1266 2162 sunt
1289 2117 1430 2170 acta,
1461 2108 1619 2176 plena
1644 2116 1770 2161 sunt
1809 2107 2026 2176 sapien-

457 2199 552 2261 tia,
590 2208 642 2252 et
673 2197 862 2252 fideles
911 2216 1102 2254 omnes
1149 2200 1334 2254 laetitia
1375 2199 1638 2252 adiciunt.

524 2290 612 2344 26.
657 2292 826 2346 Porro
860 2292 1082 2362 dignum
1114 2293 1165 2346 in
1199 2294 1394 2362 primis
1417 2299 1520 2357 est,
1548 2306 1821 2344 annorum
1856 2289 2028 2359 ipsius

455 2399 792 2453 cognoscere
843 2401 1155 2448 numerum,
1208 2394 1456 2454 utquam
1493 2384 1767 2452 perfectus
1801 2383 2026 2452 plenus-

456 2488 564 2542 que
613 2476 982 2538 concurrerit,
1036 2475 1210 2543 possit
1245 2475 1476 2543 intelligi
1525 2491 1537 2525 :
1581 2489 1679 2542 par
1733 2473 1879 2526 enim
1912 2480 2028 2524 erat

459 2571 520 2616 ut
573 2563 628 2616 in
678 2563 924 2632 perfecto
969 2565 1089 2616 viro
1139 2565 1380 2633 perfecta
1411 2572 1596 2617 essent
1641 2562 1848 2614 omnia.
1879 2560 2026 2614 Con-

458 2663 711 2708 secratus
733 2663 813 2708 est
846 2654 1012 2724 igitur
1041 2655 1351 2724 patriarcha
1382 2669 1524 2707 anno
1549 2653 1723 2707 aetatis
1756 2668 1866 2706 sua:
1891 2667 2028 2721 qua-

458 2742 786 2811 dragesimo,
816 2743 910 2811 qni
939 2759 1201 2796 numerus
1235 2743 1438 2797 divinis
1481 2741 1784 2811 Scripturis
1813 2750 1871 2794 ut
1910 2756 2028 2811 my-

457 2831 634 2886 sticus
685 2834 1075 2903 pcrfectusque
1098 2835 1394 2903 reperitur.
1427 2834 1554 2886 Nam
1591 2833 1760 2896 Isaac,
1799 2831 2030 2885 Abralne

459 2939 525 2975 ex
581 2922 713 2977 Sara
757 2925 1075 2994 unigenitus
1105 2925 1269 2990 filius,
1303 2925 1456 2994 virgo
1493 2939 1826 2994 permanens
1859 2937 2029 2991 usque

459 3013 592 3067 dum
643 3031 912 3070 annorum
958 3016 1319 3087 quadraginta
1345 3017 1579 3085 adeptus
1615 3025 1760 3068 esset
1789 3021 2025 3076 aetatem,
2057 3051 2099 3108 Ο

463 3116 594 3160 tunc
639 3106 856 3162 demum
903 3109 1207 3163 Rebeccam
1237 3109 1446 3177 accepit
1473 3122 1697 3160 uxorem
1725 3107 1790 3168 "',
1825 3103 2030 3159 Christi

464 3199 780 3268 mysterium
831 3209 885 3253 et
933 3200 1194 3254 Ecclesia:
1245 3217 1312 3254 ex
1362 3198 1614 3268 gentibus
1639 3195 2032 3266 congreganda:

465 3289 693 3358 figuram
731 3291 1062 3359 exprimens.
1089 3287 1230 3362 Quid
1259 3301 1438 3346 autem
1467 3290 1678 3362 Moyses
1703 3288 1773 3350 ",
1806 3301 2034 3356 magnus

462 3381 558 3435 Dei
605 3382 840 3436 servus?
888 3398 1068 3446 nonne
1114 3398 1238 3436 cum
1296 3397 1501 3435 annum
1553 3378 2032 3449 quadragesimum

463 3473 664 3543 attigit,
715 3472 913 3528 fratres
946 3490 1076 3528 suos
1123 3474 1311 3526 invisit.
1360 3489 1411 3525 In
1443 3472 1695 3541 Egypto,
1747 3482 1802 3524 et
1845 3471 2034 3524 videns

463 3561 775 3632 {Egyptium
804 3562 1095 3630 quemdam
1115 3563 1303 3618 Judmo
1331 3560 1610 3630 injurium,
1635 3575 1701 3614 eo
1723 3559 2030 3624 interfecto,

463 3653 731 3706 auxilium
771 3653 894 3705 tulit
933 3652 1190 3722 injuriam
1220 3649 1488 3720 patienti?
1521 3649 1713 3702 Nonne
1749 3648 1872 3701 aliis
1900 3663 2037 3716 qua-

467 3740 718 3810 draginta
751 3742 913 3794 armis
963 3741 1193 3809 expletis
1227 3740 1282 3792 in
1317 3738 1556 3799 Madian,
1613 3737 1791 3790 factus
1841 3742 1927 3789 est
1955 3735 2038 3788 di-

467 3848 608 3901 gnus
639 3832 821 3886 divina
853 3831 942 3884 illa
969 3831 1200 3894 visione,
1234 3845 1398 3899 quam
1425 3827 1560 3882 vidit
1583 3827 1638 3880 in
1672 3837 1854 3880 monte
1883 3825 2034 3890 Sina,

469 3923 620 3994 quod
653 3923 827 3977 rubus
866 3921 1087 3977 arderet
1131 3922 1278 3992 igne,
1317 3920 1410 3975 sed
1459 3934 1570 3975 non
1617 3919 2039 3973 combureretur

471 4016 790 4086 audivitque
820 4032 1011 4071 vocem
1043 4017 1318 4072 dicentem
1350 4015 1488 4069 sibi:
1519 4015 1722 4068 Videns
1751 4013 1861 4066 vidi
1898 4014 2037 4067 affli-

470 4109 711 4162 ctionem
747 4107 931 4178 populi
959 4109 1065 4162 mei
1115 4109 1170 4162 in
1200 4108 1434 4178 AEgypto
1467 4117 1522 4162 et
1547 4107 1808 4177 gemitum
1844 4121 2040 4160 eorum

471 4201 680 4264 audivi,
730 4209 786 4254 et
835 4202 1092 4255 descendi
1147 4210 1208 4255 ut
1257 4215 1510 4255 eruerent
1567 4202 1761 4267 ipsos:
1807 4199 1930 4252 veni
1986 4207 2042 4252 et

471 4291 686 4344 mittam
722 4299 774 4344 te
811 4291 865 4344 in
901 4289 1228 4360 zEgyptum?
1270 4288 1411 4354 Quid
1459 4288 1562 4340 hoc
1592 4287 1900 4356 significat?
1933 4287 2038 4340 nisi

2127 1847 2232 1915 γὰρ
2261 1848 2288 1898 ὁ
2327 1845 2466 1906 θεῖος
2519 1843 2680 1897 Δαυῖδ
2735 1833 3185 1912 προανετρώνησεν
3220 1841 3348 1912 περὶ
3402 1841 3566 1894 αὑτοῦ
3609 1843 3700 1903 τὸ,

2133 1957 2151 1989 ι
2193 1937 2278 1998 Ὠς
2305 1935 2648 2005 ἐμεγαλύνθη
2679 1935 2746 1988 τά
2778 1934 2912 2006 ἔργα
2935 1947 3049 1997 σου,
3083 1933 3251 2004 Κύριε
3279 1933 3291 1986 l
3321 1933 3496 1986 πάντα
3519 1935 3576 1984 ἐν
3613 1949 3706 1984 σου

2127 2026 2225 2098 φίᾳ
2257 2026 2550 2096 ἐποίησας·
2607 2045 2625 2076 ι
2665 2025 2844 2078 πάντα
2871 2025 2979 2095 γὰρ
3011 2024 3078 2076 τά
3115 2023 3456 2092 γεγενημένα
3491 2023 3572 2083 είς
3599 2023 3706 2074 αὐ-

2125 2117 2238 2181 τὸν,
2273 2117 2452 2187 πάσης
2485 2117 2633 2179 θείας
2663 2119 2856 2186 σοφίας
2888 2119 3034 2170 ἐστὶν
3071 2118 3336 2183 ἀνάπλεα,
3369 2118 3461 2169 καὶ
3489 2116 3704 2179 πάντας

2127 2209 2443 2280 ἀνθρώπους
2485 2210 2705 2272 πιστοὺς
2735 2209 3049 2278 εὐφραίνειν
3071 2210 3363 2278 δυνάμενα.

2199 2308 2310 2365 κς’.
2341 2301 2518 2354 Καλὸν
2553 2301 2608 2352 δὲ
2649 2301 2850 2369 γνῶναι
2887 2303 3034 2370 ἡμᾶς
3082 2301 3287 2354 καὶτὸν
3321 2299 3549 2370 ἀριθμὸν
3586 2297 3708 2352 τῶν

2129 2393 2263 2445 ἐτῶν
2294 2390 2386 2444 τοῦ
2429 2391 2637 2460 ἀνδρὸς,
2675 2391 2791 2452 πῶς
2826 2391 2918 2443 καὶ
2953 2385 3108 2452 οὗτος
3137 2389 3338 2450 τέλειος
3371 2390 3465 2442 καὶ
3491 2388 3704 2458 πληρέ-

2133 2500 2324 2544 στατος
2355 2483 2710 2552 συνέδραμεν.
2755 2481 3302 2551 Τεσσαρακονταέτης
3351 2481 3460 2550 γὰρ
3488 2479 3562 2532 ὢν
3587 2497 3706 2548 χει-

2134 2575 2430 2644 ροτονεῖται
2465 2574 2809 2644 πατριάρχης
2829 2589 2842 2606 ο
2866 2573 3072 2642 ἔπρεπε
3089 2573 3197 2642 γὰρ
3221 2573 3301 2642 τῷ
3321 2573 3508 2641 τελείῳ
3521 2571 3707 2624 πάντα.

2129 2665 2310 2718 τέλεια
2341 2664 2504 2733 ἔχειν.
2543 2663 2886 2732 Εὑρίσκομεν
2919 2663 3027 2733 γὰρ
3053 2661 3260 2718 καὶτὸν
3300 2661 3530 2732 ἑριθμὸν
3573 2659 3708 2712 τοῦ-

2130 2775 2220 2810 τον
2277 2755 2558 2824 πολλαχῶς
2590 2753 2922 2823 τιμώμενον,
2976 2754 3052 2816 ὡς
3079 2753 3339 2822 μυστικὸν
3369 2754 3461 2806 καὶ
3499 2751 3710 2806 τέλειον

2133 2847 2281 2918 παρά
2308 2850 2374 2918 τῇ
2415 2845 2536 2916 θείᾳ
2563 2847 2774 2915 Γραφῇ.
2807 2847 2916 2898 Καὶ
2952 2845 3163 2914 πρῶτος
3207 2844 3410 2906 Ἰσαὰκ,
3429 2845 3456 2895 ὁ
3481 2859 3708 2910 μονογεο

2133 2937 2227 3006 νὴς
2259 2936 2372 2996 υίὸς
2393 2934 2486 2987 τοῦ
2527 2933 2798 3003 Ἀϐραὰμ,
2833 2932 3366 3003 τεσσαρακονταέτης
3391 2931 3708 2997 γενόμενος,

2131 3025 2229 3094 τὴν
2255 3023 2552 3076 Ῥεϐέκκαν
2575 3024 2830 3092 ἠγάγετο,
2853 3025 2910 3075 ἐν
2937 3020 3202 3092 παρθενίᾳ
3225 3021 3312 3074 τὸν
3345 3021 3531 3090 χρόνον
3563 3021 3714 3071 ἐκεῖ-

2138 3133 2226 3168 νον
2247 3114 2544 3182 διαγαγὼν,
2571 3114 2718 3177 ὅστις
2750 3114 2922 3165 τύπον
2947 3112 3101 3180 φέρει
3143 3111 3235 3164 τοῦ
3295 3111 3435 3163 κατά
3471 3109 3718 3178 Χριστὸν

2143 3205 2462 3274 μυστηρίου,
2494 3205 2588 3258 καὶ
2620 3206 2717 3272 τῆς
2749 3206 2805 3270 ἐξ
2839 3203 3007 3256 ἐθνῶν
3043 3201 3388 3270 Ἐκκλησίας.
3417 3201 3482 3252 Τί
3512 3200 3568 3252 δέ
3613 3199 3716 3253 καὶ

2139 3294 2364 3382 Βξωσῆς,
2407 3295 2434 3345 ὁ
2477 3295 2648 3363 μέγας
2678 3295 2772 3346 καὶ
2799 3294 3050 3364 θεράπων
3077 3291 3212 3344 Θεοῦ
3243 3308 3258 3356 ;
3287 3291 3406 3361 οὐχὶ
3437 3292 3714 3358 τεσσαρά-

2141 3379 2302 3438 κοντα
2337 3385 2540 3454 χρόνων
2574 3384 2862 3454 γενόμενος
2900 3383 3244 3450 ἐπεσκέψατο
3269 3383 3392 3443 τοὺς
3449 3379 3716 3446 ἀδελφοὺς

2142 3476 2306 3529 αὐτοῦ
2343 3478 2401 3528 ἐν
2433 3476 2725 3544 Αίγύπτῳς
2761 3475 2819 3538 ὃς
2858 3475 2978 3528 ἰδὼν
3009 3474 3096 3527 τὸν
3153 3472 3532 3542 ἀδικούμενον,
3565 3471 3716 3540 ἠμύ-

2143 3581 2270 3617 νατο
2300 3563 2394 3615 καὶ
2425 3563 2678 3631 ἐποίησεν
2710 3561 2986 3630 ἐκδίκησιν
3017 3560 3091 3630 τῷ
3115 3560 3571 3627 καταπονουμένῳ
3599 3575 3716 3610 πα·-

2143 3652 2308 3716 τάξας
2343 3652 2433 3704 τὸν
2489 3652 2782 3718 Αἰγύπτιον
2803 3669 2815 3682 ·
2855 3651 3252 3721 πληρωθέντων
3279 3649 3335 3702 δέ
3361 3648 3507 3716 αὐτῷ
3547 3647 3716 3702 πάλιν

2145 3741 2280 3794 ἐτῶν
2311 3742 2718 3811 τεσσαράκοντα
2739 3743 2796 3793 ἐν
2828 3744 2895 3812 τῇ
2925 3740 3168 3810 Μαδιάμ,
3198 3740 3444 3804 ἀξιοῦται
3477 3739 3570 3806 τῆς
3591 3738 3720 3791 θεο-

2147 3834 2373 3901 φανείας
2399 3833 2634 3902 ἐκείνης,
2658 3834 2723 3902 ἢν
2770 3829 2908 3885 εἶδεν
2963 3833 3020 3884 ἐν
3047 3833 3161 3902 ὄρει.
3197 3833 3345 3902 Σινᾷ,
3381 3832 3515 3900 ὅτιή
3551 3831 3718 3899 βάτος

2146 3923 2361 3976 ἐκαίετο
2376 3922 2509 3991 πυρὶ
2533 3924 2623 3974 καὶ
2643 3923 2703 3974 οὐ
2727 3922 3062 3986 κατεκαίετο,
3088 3922 3318 3991 ἤκουσεν
3341 3919 3394 3972 δὲ
3419 3919 3510 3972 καὶ
3529 3921 3720 3988 φωνῆς

2147 4011 2435 4080 λεγούσης,
2466 4010 2612 4064 Ἰδὼν
2638 4007 2774 4063 εἶδον
2795 4011 2892 4081 τῆν
2925 4012 3164 4064 κάκωσιν
3187 4010 3279 4063 τοῦ
3308 4011 3440 4063 λαοῦ
3471 4027 3572 4080 μου
3617 4009 3718 4062 τοῦ

2147 4104 2203 4156 ἐν
2262 4104 2542 4172 Αἰγύπτῳ,
2564 4103 2656 4155 καὶ
2691 4101 2783 4154 τοῦ
2815 4101 3122 4169 στεναγμοῦ
3157 4101 3334 4153 αὐτῶν
3363 4101 3592 4170 ἥκουσα,
3617 4101 3720 4153 καὶ

2149 4194 2385 4263 κατέϐην
2412 4193 2504 4246 τοῦ
2542 4192 2818 4257 ἐξελέσθαι
2843 4193 3062 4256 αὐτοὺς,
3095 4191 3276 4260 δεῦρο,
3301 4191 3610 4244 ἀποστείλω
3653 4209 3720 4244 σε

2149 4286 2230 4348 είς
2274 4286 2567 4352 Αἴγυπτον.
2627 4283 2690 4336 Τί
2729 4283 2885 4336 τοῦτο
2915 4283 3064 4350 δηλοῖ
3099 4283 3272 4350 ;Οὺχὶ
3311 4281 3372 4333 τὸ
3399 4298 3720 4351 χειροτονη-

472 4383 652 4450 ipsum
687 4383 929 4437 ordinari
957 4397 1240 4437 sacrorum
1270 4383 1554 4448 prmsulem
1597 4387 1652 4432 et
1690 4379 2032 4432 liberatorem

2148 4376 2302 4447 θῆναι
2361 4375 2520 4429 αὐτὸν
2568 4375 2824 4445 ἀρχιερέα
2855 4374 2948 4427 καὶ
2995 4374 3267 4443 λυτρωτὴν
3289 4373 3394 4426 τῶν
3439 4374 3568 4425 υἱῶν
3608 4375 3726 4427 Ἰσ-

475 4471 712 4526 filiorum
755 4473 942 4526 Israel.
971 4473 1089 4526 Jam
1123 4486 1256 4525 vero
1294 4469 1569 4539 quomodo
1617 4469 1833 4522 divinas
1871 4469 2038 4539 leges,

477 4562 574 4616 Dei
607 4562 778 4632 digito
826 4563 1026 4618 tabulis
1069 4563 1359 4632 inscriptas
1395 4561 1643 4630 accepit?
1683 4577 1863 4615 nonne
1889 4569 2042 4630 post-

475 4668 637 4720 quam
663 4655 966 4724 jejunasset
985 4653 1344 4724 quadraginta
1375 4653 1573 4707 diebus
1597 4661 1652 4706 et
1678 4651 2044 4722 quadraginta

475 4745 750 4809 noctibus,
799 4747 852 4800 in
900 4747 1102 4815 quibus
1125 4755 1182 4800 et
1221 4746 1358 4800 Novi
1403 4744 1738 4799 Testamenti
1785 4744 2046 4814 mysteria

473 4839 704 4896 didicit?
734 4838 812 4894 Ac
854 4839 1052 4894 merito
1079 4837 1304 4908 quidem
1339 4837 1550 4907 Moyses
1579 4836 1726 4890 hunc
1753 4849 2044 4890 numerum

549 4995 758 5051 “Psal.
789 5010 894 5060 XCI,
923 4994 973 5048 6.
1051 4993 1096 5025 ιι
1129 4957 1266 5046 αξη.
1301 5006 1423 5054 xxv,
1465 4989 1554 5044 ao.
1632 4990 1677 5020 π
1732 4987 1853 5042 Act.
1895 4989 2113 5052 “1,54.

480 5174 748 5236 tempore.
785 5159 1084 5236 indictione
1113 5159 1198 5236 {5,
1257 5157 1456 5236 Menas
1481 5171 1530 5236 et
1553 5155 1772 5224 iscopus
1939 5153 2037 5235 de-

479 5227 700 5287 functus
733 5240 840 5293 est,
867 5233 920 5284 in
945 5232 1102 5300 cujus
1138 5231 1317 5284 locum
1346 5227 1608 5300 suffectus
1637 5227 2035 5300 apocrisiarius

479 5301 742 5362 Amaseae,
781 5294 1070 5371 presbyter
1114 5309 1171 5355 et
1211 5296 1532 5371 monasterii
1565 5295 1739 5371 ipsius
1791 5294 2037 5371 Amaseaa

485 5361 807 5440 monachus,
833 5361 1153 5440 Eutvchius.
1183 5385 1248 5424 eo
1276 5369 1393 5436 ipso
1424 5367 1512 5440 die
1544 5361 1662 5440 quo
1681 5365 1849 5440 Mena:
1872 5361 2040 5416 cada-

485 5439 662 5511 verin
682 5441 852 5511 sacris
878 5433 1054 5511 ad’ytis
1078 5439 1258 5511 adhuc
1288 5433 1598 5511 expositum
1644 5433 1928 5511 jacehatzi

561 5507 671 5576 (l7)
732 5509 789 5564 S.
845 5501 1088 5565 Isidorus
1143 5501 1414 5564 Pclusioia
1467 5505 1614 5558 hunc
1646 5501 2042 5576 itypumlibn,

488 5571 805 5640 (ιιιὶςῑίίὸθ,
853 5580 918 5632 ad
969 5579 1285 5633 licrminum
1343 5575 1612 5630 Comitem
1657 5571 1729 5626 ita
1767 5571 2044 5640 explicat:

496 5663 514 5695 ι
541 5645 596 5700 ld
624 5649 942 5712 amiculum,
981 5649 1124 5715 quod
1167 5646 1422 5704 sacerdos
1478 5643 1724 5699 humeris
1757 5649 1950 5712 gestat,
1985 5656 2047 5694 ex

2141 4469 2312 4540 ραήλ;
2337 4469 2462 4532 Πῶς
2503 4469 2559 4522 δέ
2607 4468 2701 4522 καὶ
2739 4468 2804 4520 τὰ
2838 4467 2954 4519 θεῖα
2977 4467 3151 4534 Λὸγια
3186 4465 3418 4528 ἐδέξατο,
3465 4463 3720 4535 δακτύλῳ

2140 4561 2275 4614 Θεοῦ
2299 4562 2658 4632 γεγραμμένα
2681 4562 2738 4612 ἐν
2759 4563 2880 4621 ταῖς
2903 4557 3094 4622 πλαξίν
3116 4576 3130 4623 ;
3155 4558 3274 4625 οὐχὶ
3301 4557 3722 4626 τεσσαράκοντα

2143 4653 2354 4724 ἡμέρας
2397 4653 2492 4704 καὶ¹
2531 4651 2729 4713 νύκτας
2757 4649 3081 4720 νηστεύσας,
3119 4650 3175 4700 ἐν
3208 4643 3293 4711 αἶς
3327 4647 3576 4716 ἐδιδάχθη
3619 4648 3722 4700 καὶ

2143 4743 2212 4795 τὰ
2235 4744 2332 4811 τῆς
2373 4741 2578 4810 Καινῆς
2601 4742 2872 4810 Διαθήκης
2906 4740 3176 4807 μυστήρια
3202 4755 3216 4803 ;
3251 4737 3358 4789 Καὶ
3380 4735 3582 4803 Μωσῆς
3619 4735 3724 4803 μὲν

2147 4835 2368 4896 εἰκότως
2397 4833 2491 4886 τοῦ
2527 4833 2716 4886 διπλοῦ
2753 4831 2984 4903 έχρῃσεν
3017 4827 3278 4899 ἀριθμοῦ,
3316 4827 3480 4897 νόμος
3513 4825 3588 4878 ὣν
3619 4827 3720 4878 καὶ

2141 5155 2262 5207 lana
2291 5151 2482 5206 etlino
2515 5157 2855 5212 contextum,
2885 5149 3006 5202 ovis
3031 5147 3201 5210 illius,
3231 5159 3394 5214 quam
3449 5144 3724 5200 Dominus

2141 5223 2492 5276 aberrantem
2577 5219 2893 5288 qumsivit,
2975 5219 3361 5288 intentamque
3471 5214 3722 5288 humeris

2143 5292 2256 5346 suis
2277 5291 2523 5350 sustulit.
2557 5283 2756 5357 pellem
2781 5287 3048 5356 designat.
3081 5286 3394 5357 Episcopus
3420 5283 3594 5344 enim,
3619 5285 3722 5351 qui

2143 5354 2573 5430 Christiitypunf
2595 5359 2755 5430 gerit,
2783 5354 2954 5430 ipsius
2981 5370 3209 5430 munere
3249 5354 3522 5430 fungitur;
3552 5361 3726 5430 atque

2145 5431 2265 5498 ipso
2294 5421 2461 5482 etiam
2481 5421 2673 5481 habitu
2706 5421 2966 5498 omnibus
2987 5425 3251 5487 ostendit,
3305 5421 3367 5476 se
3395 5423 3524 5498 boni
3565 5421 3726 5498 illius

2147 5491 2235 5568 ac
2268 5500 2450 5568 magni
2505 5497 2747 5568 Pastoris
2789 5497 3119 5568 imitatorem
3177 5509 3321 5568 esse,
3377 5493 3470 5562 qni
3533 5491 3728 5560 gregis

2151 5563 2497 5623 infirmitates
2532 5568 2634 5622 sibi
2665 5565 2921 5622 ferendas
2947 5563 3254 5634 proposuit.
3287 5581 3304 5614 ι
