3982 6206
253 283 376 346 2305

1753 286 1944 345 VITA.

3331 290 3472 355 2306

249 393 342 445 ὑπὸ
363 392 512 460 νόμον
534 408 546 421 ’
573 388 770 460 ἀτελὴς
796 389 905 459 γὰρ
937 391 964 442 6
992 389 1177 458 νόμος,
1219 390 1315 459 οὐχ
1349 389 1518 453 οὕτως
1545 392 1600 444 δὲ
1623 395 1668 443 oi
1701 395 1780 461 τῆς

1901 395 2224 463 duplicavit,
2253 397 2335 450 lex
2370 397 2520 450 enim
2554 403 2693 459 erat,
2726 402 2779 449 et
2803 394 2854 447 id
2895 393 3040 463 quod
3065 395 3167 448 sub
3199 395 3314 464 lege
3345 407 3430 452 est
3454 415 3468 428 ο

247 483 446 554 χάριτος
473 481 759 552 ὑπηρέται.
810 481 875 533 'I‘l
925 481 1098 533 δὲκαὶ
1133 483 1160 533 6
1203 482 1311 534 τῶν
1346 482 1562 535 πάντων
1608 483 1796 554 Σωτὴρ

246 577 329 630 ναὶ
348 576 616 646 λυτρωτὴς
636 576 866 646 Χριστὸς
879 575 1105 644 Ἰησοῦς,
1131 577 1158 628 6
1177 593 1268 628 του
1289 590 1451 646 νομου
1470 577 1759 649 πληρωτὴς
1779 595 1794 644 ;

244 668 352 738 ιύχὶ
375 667 465 719 καὶ
486 667 648 729 αὐτὸς
680 666 930 734 φαίνεται
946 668 1182 735 τιμήσας
1210 667 1301 717 τὸν
1323 666 1550 736 ἀριθμὸν
1573 666 1760 718 τοῦτον
1779 683 1794 731 ;

241 759 628 829 τεσσαράκοντα
670 758 780 828 γὰρ
814 757 1026 827 ἡμέρας
1086 758 1182 810 καὶ
1235 757 1434 818 νύκτας
1469 759 1793 826 νηστεύσας,

241 852 400 904 πάντα
428 851 730 920 πειρασμὸν
757 850 853 902 καὶ
879 851 1058 902 πᾶσαν
1092 849 1397 920 προσϐολὴν
1426 848 1518 901 τοῦ
1569 842 1793 919 Ἐχθρυῦ

237 940 530 1007 δεξάμενος,
556 939 754 991 ἔδωκεν
780 938 1025 1004 ἐξουσίαν
1056 937 1133 1007 τῷ
1164 937 1487 1007 ἀνθρωπίνῳ
1515 938 1794 1009 φυράματι

236 1034 412 1082 πατεῖν
431 1030 798 1098 ὲπάνωδφεων
824 1032 918 1084 καὶ
942 1030 1238 1099 σκορπίων,
1265 1030 1359 1082 καὶ
1381 1031 1474 1082 ἐπὶ
1501 1031 1680 1082 πᾶσαν
1705 1029 1765 1083 δύ

235 1138 385 1189 ναμιν
405 1121 496 1173 τοῦ
533 1121 783 1192 Ἐχθροῦ.
819 1121 973 1175 Μετὰ
1000 1121 1054 1173 δὲ
1078 1121 1176 1188 τὴν
1210 1123 1500 1176 ἁνὰστατιν
1528 1123 1647 1193 σιύχὶ
1674 1123 1792 1176 δια·-

232 1209 401 1278 φόρως
428 1208 844 1278 συναλιζόμενος
872 1210 984 1270 τοῖς
1014 1209 1192 1276 ἁγίοις
1222 1211 1538 1273 ἀποστόλοις
1560 1213 1656 1263 καὶ
1686 1230 1793 1282 μα-

229 1300 432 1366 θηταῖς,
465 1302 529 1369 τῇ
561 1301 973 1369 τεσσαρακοστῇ
1029 1300 1232 1370 ἡμέρᾳ,
1261 1299 1560 1371 εὐλογήσας
1595 1303 1790 1364 αὐτοὺς

227 1387 403 1455 διέστη
451 1386 544 1438 ἀπ’
574 1386 752 1440 αὐτῶν
772 1427 786 1450 ,
823 1388 918 1439 καὶ
952 1388 1249 1457 ἀνεφέρετο
1282 1391 1362 1452 είς
1418 1391 1509 1443 τὸν
1541 1391 1785 1461 οὐρανὸν,

222 1477 444 1545 είρήνην
481 1475 887 1539 καταλελοιπὼς
922 1478 1124 1540 αὐτοῖς,
1153 1478 1248 1531 καὶ
1273 1479 1339 1532 δι’
1366 1480 1542 1532 αὐτῶν
1573 1485 1637 1550 τῇ
1665 1483 1789 1534 ἑαυ-

218 1567 311 1620 τοῦ
357 1567 670 1638 Ἐκκλησία,
723 1569 787 1639 ἢν
845 1572 1269 1641 περιεποιήσατο
1299 1571 1376 1642 τῷ
1409 1573 1521 1641 ἰδίῳ
1560 1575 1785 1642 αἱματη

218 1661 327 1713 Καὶ
352 1660 522 1713 ταῦτα
549 1660 651 1728 μὲν
690 1663 753 1714 ὲκ
785 1661 997 1714 πολλῶν
1039 1663 1191 1731 ὀλίγα
1251 1665 1588 1735 παρεθέμην,
1621 1667 1787 1732 δεῖξαι

1900 486 1984 540 lex
2032 495 2215 540 autem
2251 487 2566 556 imperfecta
2615 495 2698 540 est
2734 503 2748 550 ;
2783 500 2890 538 non
2917 485 3047 538 item
3078 485 3313 538 ministri
3345 501 3472 555 gra-

1901 577 2006 630 tiae.
2052 577 2194 642 Quid
2237 579 2476 647 denique
2526 576 2769 630 omnium
2815 575 3064 629 Salvator
3103 583 3159 628 et
3210 574 3472 628 liberator

1897 669 2148 724 Christus
2199 671 2447 740 legisque
2522 669 2816 738 impletor?
2846 665 3097 736 nunquid
3150 680 3259 719 non
3301 665 3471 719 etiam

1898 762 2014 830 ipse
2069 762 2217 815 hunc
2272 777 2564 815 numerum
2621 758 2932 822 honoravit,
2985 756 3208 826 quando
3237 754 3472 824 quadra-

1896 853 2044 922 ginta
2093 852 2290 906 diebus
2315 860 2367 905 el
2402 851 2657 905 noctibus
2677 851 2953 920 jejunans,
2989 862 3317 916 omnemque
3352 854 3472 899 ten-

1899 939 2158 994 tationem
2192 949 2248 994 et
2281 940 2544 993 insultum
2597 939 2809 993 Inimici
2862 938 3162 1006 excipiens,
3224 937 3470 990 humano

1897 1031 2156 1102 figmento
2187 1038 2520 1102 "potestatem
2549 1031 2699 1086 dedit
2741 1031 2986 1085 ealcandi
3024 1045 3190 1099 super
3221 1027 3467 1098 aspidem

1893 1138 1949 1176 ει
2001 1123 2349 1192 scorpionem
2406 1124 2835 1191 universamque
2894 1123 3152 1176 virtutem
3217 1118 3470 1174 inimici?

1890 1213 2022 1266 Post
2055 1214 2517 1268 resurrectionem
2557 1229 2689 1267 vero
2717 1229 2872 1266 suam
2906 1213 3160 1281 nunquid
3204 1227 3313 1265 non
3363 1211 3468 1263 ite-

1892 1320 2013 1358 rum
2062 1305 2438 1360 diversimode
2476 1315 2728 1359 versatus
2757 1320 2881 1358 eum
2915 1305 3180 1372 apostolis
3208 1319 3270 1357 ac
3299 1303 3465 1357 disci-

1890 1393 2036 1462 pulis
2065 1394 2180 1448 suis
2209 1409 2307 1463 per
2343 1394 2462 1448 dies
2488 1393 2870 1461 quadraginta,
2915 1391 3302 1446 benedictione
3341 1389 3467 1443 data

1890 1486 2143 1540 sublatus
2193 1494 2278 1540 est
2334 1485 2402 1539 ab
2451 1485 2553 1549 eis,
2608 1492 2664 1537 et
2714 1484 2996 1538 ferebatur
3030 1484 3085 1536 in
3142 1483 3340 1536 etclam
3380 1497 3470 1534 re-

1888 1577 2145 1646 linquens
2194 1578 2263 1631 iis
2318 1592 2532 1646 pacem,
2585 1583 2641 1629 et
2695 1591 2794 1644 per
2839 1575 2985 1645 ipsos
3019 1574 3276 1628 Ecclesia:
3330 1575 3463 1632 suae.

1891 1683 2053 1736 quam
2103 1669 2327 1736 preprio
2378 1666 2643 1737 sanguine
2691 1665 3059 1734 acquisierat?
3115 1664 3183 1716 Et
3235 1663 3350 1716 hac
3399 1678 3468 1716 ex

217 1748 536 1818 βουλόμενος
568 1750 650 1802 ὅτι
694 1751 872 1803 πάντα
919 1752 986 1804 τὰ
1034 1753 1114 1814 είς
1167 1753 1260 1805 τὸν
1310 1754 1456 1805 ὅσιον
1500 1754 1669 1824 ἄνδρα
1695 1772 1780 1822 γε-

1891 1757 2079 1810 multis
2121 1772 2293 1825 pauca
2342 1755 2652 1825 proposui,
2700 1755 2892 1808 volens
2942 1754 3236 1808 ostendere
3281 1752 3468 1806 omnia

216 1843 422 1908 γονότα,
456 1842 598 1911 μετά
612 1859 753 1906 τινος
777 1843 925 1906 θείας
951 1844 1168 1914 χάριτος
1201 1844 1295 1898 καὶ
1319 1844 1550 1915 θεωρίας
1578 1851 1785 1916 προήρ-

215 1950 356 2000 χετο.

1890 1864 2011 1916 quce
2045 1848 2191 1902 circa
2219 1858 2468 1902 sanctum
2501 1849 2648 1902 hunc
2665 1848 2842 1901 virum
2867 1855 3083 1916 peracta
3102 1853 3250 1910 sunt,
3280 1844 3467 1898 divina

1891 1940 2128 2009 quadam
2161 1939 2335 2009 gratia
2381 1940 2460 1993 sic
2500 1939 2669 1994 fuisse
2709 1939 2962 1994 ordinata
2994 1946 3054 1991 ut
3098 1945 3286 1992 essent
3332 1949 3469 1991 con-

1891 2031 2228 2084 sideratione
2277 2030 2616 2090 dignissima.

1656 2261 1879 2318 CAPUT
1923 2261 2009 2316 IV.

521 2369 813 2423 Concilium
843 2387 875 2425 v
921 2371 1354 2438 OEcumenieum,
1388 2375 1680 2444 oppugnati
1703 2375 1952 2438 haeretici,
1979 2373 2316 2425 Justinianus
2343 2372 2630 2440 imperator
2663 2369 2725 2421 ab
2767 2369 2828 2420 iis
2851 2366 3117 2420 seductus.

276 2510 377 2574 κζ’.
422 2509 518 2571 Τίς
568 2509 623 2560 δὲ
667 2507 853 2560 λοιπὸν
900 2509 1130 2575 γίνεται,
1189 2512 1276 2564 ὅτε
1304 2512 1372 2564 τὰ
1415 2513 1514 2582 τῆς
1544 2529 1784 2583 χειροτο-

206 2601 320 2663 νίας
354 2598 584 2670 προέϐη,
618 2602 710 2652 καὶ
749 2599 1036 2652 ἐνεδύσατο
1067 2601 1168 2669 τὴν
1195 2598 1254 2664 ἐξ
1307 2600 1475 2671 ὕψους
1516 2601 1779 2672 δύναμινς

205 2692 455 2747 ὲκάθισέν
510 2709 570 2744 τε
629 2692 723 2744 καὶ
759 2694 846 2744 ἐπ’
879 2693 1040 2745 αὐτόν
1098 2692 1517 2763 παραπλησίως,
1557 2695 1633 2759 ὡς
1696 2693 1784 2763 ἐφ’

205 2787 298 2838 ἕνα
325 2785 435 2837 τών
471 2785 641 2852 ἁγίων
672 2785 1006 2847 ἀποστόλων,
1031 2787 1060 2837 6
1092 2785 1180 2838 διὰ
1205 2785 1314 2838 τῶν
1344 2787 1586 2856 πυρίνων
1608 2787 1781 2854 γλωσ-

208 2878 314 2931 σῶν
341 2877 519 2940 δοθεὶς
553 2879 737 2939 αὐτοῖς
776 2878 1072 2946 ἁγιασμὸς,
1104 2879 1198 2931 καὶ
1223 2878 1484 2948 πλησθεὶς
1530 2880 1780 2950 Πνεύμα-

1961 2510 2052 2564 27.
2081 2510 2284 2564 Verum
2306 2506 2431 2575 quis
2465 2505 2730 2574 deinceps
2749 2505 2853 2560 fuit
2883 2520 3010 2560 cum
3063 2511 3212 2559 esset
3263 2517 3464 2558 conse—

1891 2610 2077 2656 eratus
2128 2600 2484 2668 divinamque
2544 2597 2691 2651 illam
2739 2598 3044 2666 accepisset
3101 2596 3466 2665 dignitatem?

1889 2693 2077 2759 Qualis
2103 2707 2202 2761 per
2228 2690 2660 2760 ignitaslinguas
2689 2704 2854 2758 super
2873 2688 3158 2758 apostolos
3171 2689 3465 2743 descendit

1890 2784 2174 2846 sanctitas,
2214 2782 2339 2835 talis
2362 2790 2416 2835 et
2443 2796 2611 2849 super
2636 2779 2817 2848 ipsum
2843 2781 3118 2849 requievit
3141 2789 3198 2834 et
3249 2779 3462 2849 Spiritu

1889 2884 2082 2929 sancto
2114 2873 2441 2943 plcnus(l8)
2461 2873 2612 2942 loqui
2647 2872 2836 2940 empit,
2866 2871 3463 2941 quemadmodumipse

204 2986 292 3032 τος
313 2969 479 3036 ἁγίου
503 2937 729 3037 *ἤρξατο
761 2937 963 3030 λαλεῖν,
997 2937 1179 3031 καθὼς
1223 2970 1283 3022 τὸ
1318 2937 1553 3040 ¹Πνεῦμα.
1614 2937 1780 3025 ἐδίδου

1891 2937 2133 3035 Spiritus
2165 2937 2551 3031 dabat'eloqui
2577 2962 2650 3015 ei.
2683 2937 2896 3015 Merito-
2927 2969 3111 3030 posset
3143 2961 3231 3014 hic
3263 2937 3464 3029 aliq—uis

205 3059 674 3129 ἀποφθέγγεσθαι.
736 3060 1063 3128 Πρεπόντως
1099 3062 1164 3114 ἂν
1208 3079 1291 3123 τις
1343 3063 1600 3132 ἁρμόσειε
1648 3063 1780 3132 τῷδε

204 3152 277 3221 τῷ
313 3151 474 3220 τόπῳ
504 3153 562 3203 τὸ
594 3152 790 3220 χωρίον
816 3151 946 3222 ὅλης
970 3153 1069 3221 τῆς
1104 3152 1331 3222 Γραφῆς
1357 3153 1583 3223 ταύτης·
1626 3173 1644 3206 ι
1679 3152 1784 3207 Ἧ-

205 3259 302 3295 ea?
333 3243 390 3295 δὲ
424 3245 488 3296 ὲν
526 3243 881 3312 Ἰερουσαλὴμ
911 3245 1102 3313 ἄνδρες
1129 3244 1374 3307 εὐλαϐεῖς
1426 3247 1534 3298 ἀπὸ
1581 3248 1782 3310 παντὸς

201 3333 390 3397 tam;
448 3335 559 3387 τῶν
605 3335 709 3387 ὑπὸ
756 3333 846 3387 τὸν
898 3335 1148 3404 οὐρανόν.
1199 3355 1218 3386 ι
1260 3337 1350 3408 Τῷ
1383 3336 1496 3389 ὄντι
1537 3338 1646 3406 γὰρ
1677 3337 1782 3408 ἀπὸ

200 3426 406 3489 παντὸς
464 3426 649 3489 ἔθνους
696 3426 1041 3497 συνήχθησαν
1071 3429 1119 3480 οἱ
1150 3407 1533 3481 εύλαῦἐστατοι
1563 3407 1787 3481 ἑπίσκοξ

198 3537 310 3583 ποι,
345 3521 403 3572 ἐν
434 3522 504 3590 τῇ
532 3519 630 3588 νέᾳ
677 3517 1028 3589 Ἰερουσαλὴμ
1057 3522 1625 3576 Κωνσταντινουπόλει
1651 3561 1665 3584 ,
1696 3523 1781 3574 ἒν-

197 3626 325 3662 επεν
354 3605 422 3680 ἧς
451 3612 713 3680 προεῖπον
744 3611 923 3673 αἰτίας
968 3611 1076 3662 τῶν
1115 3612 1282 3681 τριῶν
1312 3613 1643 3680 κεφαλαίων.
1690 3615 1779 3675 Ὣς

195 3697 288 3755 οὖν
316 3701 588 3770 συνῆλθεν
613 3701 674 3754 τὸ
703 3702 926 3772 πλῆθος,
957 3704 1049 3756 καὶ
1083 3704 1370 3773 συνεχύθη,
1396 3705 1592 3774 ἤκουον
1614 3705 1777 3758 αὐτοῦ

195 3793 491 3856 λαλοῦντος
543 3794 708 3864 ἑτέρα
763 3794 982 3866 γλώσσῃ
1043 3796 1178 3866 πρὸς
1233 3796 1331 3859 τὰς
1371 3797 1780 3864 ἀλλογλώσσους

197 3885 308 3937 τῶν
354 3885 651 3953 αἱρετικῶν
707 3885 955 3952 γλώσσας
1001 3888 1182 3957 (ἑτέρα
1221 3888 1328 3958 γάρ
1373 3889 1518 3940 ἐστιν
1563 3890 1594 3958 ἡ
1645 3887 1780 3956 ὀρθὰ

193 3975 435 4029 λαλοῦσα
497 3979 636 4047 πρὸς
673 3978 769 4046 τὴν
806 3978 1217 4048 διεστραμμένα
1265 3979 1644 4050 φθεγγομένην
1668 4021 1681 4043 ,
1709 3982 1776 4050 τῇ

195 4068 306 4138 ἰδίᾳ
332 4069 649 4138 διαλέκτῳ),
684 4069 977 4132 τουτέστιν,
1009 4071 1073 4138 τῇ
1103 4069 1232 4139 ὀρθῇ
1268 4066 1529 4140 ὁμολογίᾳ
1560 4070 1658 4140 τῆς
1690 4070 1779 4122 πί-

191 4177 369 4222 στεως
399 4159 592 4225 αὑτοῦ,
633 4161 772 4213 κατὰ
802 4160 911 4212 τῶν
941 4159 1246 4212 λαλούντων
1270 4159 1483 4213 ἀδικίαν
1519 4162 1576 4211 ὲν
1606 4160 1777 4228 ύπερ-

1887 3069 2063 3115 tol.um
2135 3059 2290 3113 illum
2363 3058 2666 3128 Scripturae
2741 3058 2924 3110 locum
2997 3056 3456 3110 accommodare:

1891 3171 1908 3202 ι
1931 3153 2101 3206 Erant
2123 3159 2309 3205 autem
2339 3149 2393 3203 in
2419 3150 2728 3204 Jerusalem
2767 3148 2873 3201 viri
2904 3146 3169 3216 religiosi,
3196 3163 3263 3200 ex
3307 3145 3460 3199 omni

1885 3253 2044 3314 gente
2091 3258 2213 3312 qua:
2268 3241 2371 3294 sub
2401 3240 2541 3295 ccelo
2571 3248 2657 3293 est
2686 3240 2756 3291 ".
2781 3256 2800 3289 ι
2833 3238 2971 3293 Vere
2989 3237 3138 3290 enim
3194 3252 3262 3289 ex
3309 3236 3460 3289 omni

1883 3344 2042 3405 gente
2079 3333 2476 3404 religiosissimi
2502 3330 2875 3402 episeopi(l9)
2901 3330 2956 3383 in
2987 3345 3125 3383 nova
3153 3329 3460 3383 Jerusalem

1882 3425 2363 3495 Constantinopoli
2402 3424 2717 3495 congregati
2745 3433 2928 3484 erant,
2957 3431 3182 3491 propter
3212 3421 3300 3474 illa
3331 3421 3464 3485 tria,

1883 3537 2004 3590 quae
2059 3528 2219 3574 antea
2274 3517 2719 3580 commemoravi,
2779 3516 3050 3586 Capitula.
3091 3513 3227 3567 Cum
3291 3514 3461 3582 igitur

1883 3609 2574 3672 eonvenissetmultitudo,
2630 3608 2968 3660 audiverunt
3007 3605 3188 3674 ipsum
3236 3602 3458 3656 attoniti

1882 3702 2200 3772 loquentem
2233 3700 2337 3754 alia
2364 3699 2548 3768 lingua
2579 3698 2848 3751 adversus
2881 3696 3131 3749 diversas
3168 3693 3460 3747 haeretico-

1885 3809 2004 3847 rum
2036 3793 2288 3862 linguas:
2314 3791 2420 3845 alia
2453 3790 2602 3845 enim
2632 3789 2820 3857 lingua
2865 3796 2950 3842 est
2988 3788 3223 3856 loquens
3284 3793 3454 3844 recta,

1881 3887 1948 3941 ab
1979 3901 2043 3940 ea
2073 3901 2195 3954 quae
2233 3883 2457 3953 propria
2503 3882 2739 3936 dialecto
2796 3879 3045 3948 loquitur
3084 3879 3343 3936 distorta.
3403 3877 3456 3929 id

1881 3987 1964 4032 est
1990 3975 2334 4029 manentium
2384 3976 2438 4027 in
2489 3989 2632 4026 verae
2679 3970 2802 4025 ﬁdei
2845 3970 3215 4031 confessione,
3265 3977 3454 4021 contra

1879 4065 2121 4132 linguam
2147 4076 2340 4117 eorum
2375 4060 2468 4130 qui
2497 4059 2550 4112 in
2590 4058 2853 4127 superbia
2884 4071 2980 4110 sua
3014 4057 3320 4123 loquuntur
3350 4053 3455 4106 ini-

1882 4154 2150 4223 quitatem
2182 4151 2451 4204 adversus
2481 4149 2849 4203 Altissimum.
2882 4147 3072 4214 Itaque
3126 4145 3290 4214 ignita
3346 4145 3451 4197 viri

190 4254 436 4322 ηφανείᾳ
490 4253 631 4306 κατὰ
664 4251 758 4304 τοῦ
795 4251 1019 4320 ὑψίστου
1047 4251 1183 4303 Θεοῦ
1204 4267 1216 4280 ο
1251 4251 1372 4303 ὅθεν
1403 4250 1497 4303 καὶ
1527 4249 1774 4303 καθεῖλεν

1891 4249 2064 4316 lingua
2101 4243 2322 4299 sustulit
2348 4258 2442 4296 eos
2473 4241 2525 4294 in
2551 4240 2736 4303 finem,
2767 4238 3009 4308 Spiritus
3039 4237 3213 4291 sancti
3247 4236 3455 4289 auxilio

189 4343 394 4404 αὐτοὺς
432 4343 512 4405 είς
562 4341 715 4400 τέλος
752 4343 785 4410 ἡ
844 4339 1155 4410 πυρωθεῖσα
1218 4338 1436 4406 γλῶσσα
1487 4337 1578 4390 τοῦ
1628 4338 1772 4391 ὁσίου

189 4433 411 4502 ἀνδρὸς,
439 4432 700 4502 συνεργίᾳ
729 4431 823 4484 τοῦ
850 4429 1002 4497 ἁγίου
1042 4428 1359 4498 Πνεύματος
1386 4427 1481 4480 καὶ
1512 4426 1620 4480 τῶν
1643 4445 1779 4496 συμ-

189 4525 489 4594 παρόντων
515 4522 836 4591 ἁγιωτάτων
872 4521 1209 4584 ἐπισκόπων,
1247 4521 1322 4582 ὡς
1366 4518 1572 4587 Μωσῆς
1624 4520 1770 4570 ἐκεῖ·

189 4633 320 4677 ,ὡς’
355 4617 492 4685 μετά
546 4615 642 4668 τοῦ
684 4611 1017 4684 Ἰσραηλίτου
1060 4611 1353 4680 γενόμενος
1386 4611 1480 4664 καὶ
1527 4608 1776 4675 πατάξας

189 4708 286 4757 τὸν
319 4708 639 4777 Αἰγύπτιον.
677 4705 874 4767 Σκότος
901 4704 1008 4771 γὰρ
1038 4703 1129 4756 καὶ
1168 4702 1444 4772 βδέλυγμα
1485 4706 1600 4765 τοῖς
1645 4703 1777 4771 ἁλη-

1877 4347 1933 4393 et
1967 4336 2330 4393 sanctissimis
2388 4332 2664 4403 episcopis
2725 4329 3157 4400 adjuvantibus;
3213 4335 3274 4381 ut
3326 4342 3452 4381 cum

1877 4430 2257 4501 Moyseslopem
2285 4427 2543 4481 Israelita:
2570 4417 3138 4493 tulitA’Sgyptiumque
3159 4420 3453 4490 percussit.

1877 4521 2270 4576 Haercticorum
2296 4519 2444 4574 enim
2485 4518 2737 4588 dogmata
2769 4532 2798 4570 a
2829 4516 2975 4570 veris
3006 4513 3274 4568 lsraelitis
3305 4513 3454 4567 resti-

1875 4622 2100 4666 mantur
2123 4611 2417 4665 tenebrosa
2447 4620 2503 4664 et
2523 4607 2893 4673 exsecranda;
2935 4607 3172 4676 ideoque
3206 4615 3261 4659 et
3296 4604 3443 4658 dam-

1875 4714 2004 4758 nata
2025 4705 2374 4774 sepeliuntur
2405 4703 2507 4756 sub
2538 4702 2754 4756 sabulo.

189 4799 363 4861 εινοζς
398 4800 762 4871 Ἰσραηλίταις
799 4799 868 4849 τὰ
928 4795 1035 4849 τῶν
1102 4794 1393 4864 αίρετικῶν
1449 4793 1718 4864 δόγματα,
1748 4794 1869 4848 ὅθεν
1919 4797 2013 4849 καὶ
2084 4797 2163 4859 είς
2217 4796 2316 4866 τὴν
2349 4796 2538 4864 ἄμμον
2586 4794 2878 4848 θάπτονται
2911 4790 3124 4862 βαρέως
3151 4791 3243 4841 ὑπ’
3276 4787 3452 4842 αὐτῶν

183 4893 692 4963 καταδικαζόμενα.

253 4994 370 5054 κη’.
401 4987 487 5039 Τὰ
517 4985 628 5056 γὰρ
658 4985 948 5055 κινηθέντα
978 4985 1072 5036 καὶ
1105 4982 1416 5055 πραχθέντα
1453 4985 1546 5034 καὶ
1598 4998 1769 5050 περα-

173 5077 441 5130 amovi-na
471 5080 527 5130 ὲν
556 5080 635 5148 τῇ
656 5077 867 5148 μεγάλη
903 5076 1130 5147 πέμπτῃ
1174 5076 1394 5144 συνόδῳ,
1423 5073 1622 5134 πάντες
1658 5073 1770 5124 ἴστε

245 5215 306 5245 ⁸⁸
335 5216 468 5268 Act.
519 5231 578 5277 ιι,
636 5213 690 5267 5.

244 5325 374 5396 (18)
406 5323 592 5378 Primo
613 5322 769 5396 misit
797 5321 864 5375 ad
898 5319 1158 5396 Vigilium
1195 5320 1393 5396 Papam
1435 5319 1765 5396 Romanum,

167 5389 310 5449 Edéi
346 5409 472 5449 sua
504 5393 925 5463 professionem,
958 5389 1335 5463 qua_admittit
1360 5391 1396 5463 _4
1419 5389 1648 5463 con_cilia
1689 5404 1783 5458 εει-γ

163 5466 425 5527 neralia,
452 5459 874 5532 etamplectitur
897 5461 1156 5532 epistolas
1176 5461 1472 5532 praesulatu
1510 5459 1768 5532 Romanae

160 5535 332 5589 sedis
357 5529 828 5603 apostoliéamam
866 5531 1122 5603 aliorum,
1163 5529 1325 5600 quam
1356 5529 1555 5603 Leonis
1585 5529 1768 5603 beata:

161 5599 474 5658 memor—"1:2
490 5603 557 5656 de
581 5612 725 5656 recta
750 5601 855 5654 ﬁde
898 5599 1233 5668 scriptaszet
1275 5600 1414 5670 petit
1439 5599 1767 5670 prmsidcnte

165 5674 388 5742 Yigilio
426 5675 530 5728 tria
551 5671 805 5742 Capitula
843 5671 896 5724 in
923 5672 1153 5728 concilio
1182 5668 1767 5740 pro’poni.Respondit

1951 4982 2042 5036 28.
2073 4959 2206 5048 Qum
2229 4997 2394 5051 porro
2417 4980 2473 5033 in
2499 4992 2696 5048 magno
2726 4976 2819 5031 illo
2844 4976 3039 5045 quinto
3067 4973 3305 5028 concilio
3333 4989 3452 5026 mo-

1884 5080 1956 5135 ta,
1989 5082 2135 5136 acta,
2160 5080 2216 5126 et
2248 5070 2474 5125 definita
2506 5068 2638 5132 sint,
2671 5068 2843 5132 scitis,
2871 5066 2974 5119 viri
3027 5063 3359 5126 doctissimi,
3391 5073 3452 5117 ut

1873 5318 2111 5388 V'igilius
2153 5317 2466 5388 671anuarii
2514 5323 2642 5384 post
2691 5314 3038 5369 consulatum
3075 5309 3262 5365 Basilii
3311 5323 3447 5365 ann;

1874 5387 2177 5443 IﬁiChristi
2203 5387 2326 5441 555.

1945 5523 2056 5592 (19)
2110 5521 2365 5592 Episcopi
2420 5522 2524 5577 l65
2584 5522 2636 5575 in
2683 5521 2920 5576 concilio
2983 5518 3448 5592 (iecumenicuv,

1872 5589 2190 5718 congregati
2245 5589 2678 5674 iit—confessione
2725 5592 2900 5661 prima
2927 5592 2992 5646 ad
3041 5592 3186 5645 diem
3219 5591 3252 5644 4
3303 5589 3450 5657 Maii,

1877 5681 2018 5718 musr
2039 5680 2124 5717 em
2148 5678 2298 5717 anni.

1891 5680 2124 5736 ‘jllStIPm
2148 5680 2298 5717 31101.
