3982 6206
500 269 637 334 9307

1561 267 1623 329 S.
1665 267 2030 330 EUTYCHII
2069 267 2575 328 PATRIARCH/E
2617 267 2724 327 (ΖΡ.

3611 266 3757 331 2308

503 395 728 437 necesse
764 393 870 433 non
895 377 966 432 sit
991 376 1058 432 de
1091 376 1159 432 iis
1179 375 1388 446 aliquid
1409 374 1518 430 dici
1548 391 1578 429 a
1615 375 1806 443 nobis;
1839 385 1894 432 et
1933 377 2077 432 scire

2195 379 2229 431 ii
2267 377 2515 448 ἀκριϐεῖς
2559 378 2943 446 ἐπιστήμονες,
2978 373 3070 428 καὶ
3105 375 3165 428 οὗ
3209 377 3313 446 χρὴ
3350 376 3446 429 νῦν
3487 376 3670 446 λέγειν
3703 397 3757 432 τι

505 486 569 524 ca
594 470 752 523 facile
784 466 1076 538 possint,si
1104 467 1199 535 qui
1231 465 1508 536 ignorent.
1531 466 1647 521 Huc
1665 482 1796 520 vero
1823 469 2080 536 congruit

507 562 562 616 id
593 559 742 630 quod
781 560 990 614 dictum
1037 567 1124 613 est
1149 573 1178 612 a
1205 557 1412 611 Davide
1439 574 1452 610 :
1485 575 1502 608 ι
1525 557 1855 613 Sacerdotes
1895 561 1971 613 tui
1998 561 2082 614 in-

506 650 750 705 duantur
776 649 989 720 justitia
1021 657 1078 704 et
1125 648 1300 703 sancti
1343 648 1420 703 tui
1469 649 1830 704 exsultent".
1862 669 1880 701 ι
1919 651 2083 705 Item-

505 757 613 810 que
643 740 777 794 illud
801 781 815 798 .
845 739 990 809 quod
1031 739 1100 794 ab
1133 739 1398 808 Apostolo
1426 739 1635 794 dictum
1664 750 1784 795 est:
1821 760 1840 793 ι
1861 741 2082 796 lnduite

507 841 848 886 armaturam
901 830 1146 899 Spiritus
1193 829 1392 892 sancti,
1445 846 1558 900 quo
1612 832 1839 901 possitis
1889 835 2080 889 omnia

508 925 615 977 tela
650 923 858 976 inimici
893 922 1063 992 ignita
1095 921 1453 990 exstinguere
1495 922 1559 975 ".
1593 943 1611 972 ι
1649 923 1884 978 lndutus
1913 925 2084 994 igitur

506 1016 676 1070 lorica
698 1015 950 1084 iustitiae,
989 1019 1046 1068 et
1077 1015 1359 1068 calceatus
1380 1015 1548 1083 pedes
1580 1015 1633 1068 in
1665 1017 2076 1085 praeparatione

509 1107 790 1176 Evangelii
822 1107 1010 1176 pacis;
1044 1107 1098 1160 in
1139 1106 1403 1160 omnibus
1437 1121 1662 1161 sumens
1693 1117 1912 1162 scutum
1932 1108 2080 1172 ﬁdei,

505 1207 561 1251 et
587 1199 794 1266 galeam
841 1198 1060 1260 salutis,
1117 1209 1174 1252 et
1207 1198 1448 1268 gladium
1500 1199 1752 1268 spiritus,
1810 1201 1960 1270 quod
1999 1210 2085 1256 est

508 1293 754 1346 Verbum
787 1291 880 1344 Dei
918 1293 993 1356 ’9;
1031 1291 1218 1360 spinas
1241 1291 1570 1359 amputavit,
1598 1299 1654 1344 et
1691 1292 1810 1346 vias
1856 1307 2085 1362 asperas

506 1381 704 1450 planas
740 1380 1021 1445 reddidit;
1051 1381 1358 1449 ejectisque
1385 1379 1695 1450 lapidibus,
1722 1381 1775 1434 id
1801 1391 1886 1436 est
1911 1385 2084 1437 male-

507 1469 649 1523 dicis
677 1470 1091 1525 etdetestandis
1132 1470 1525 1525 hmreticorum
1570 1471 1952 1536 sermonibus,
2017 1488 2084 1527 ex

507 1580 638 1618 vera
662 1563 789 1617 ﬁdei
827 1564 936 1627 via,
966 1563 1338 1618 sanctissimis
1383 1563 1652 1618 Ecclesiis
1687 1579 1878 1633 pacem
1903 1565 2085 1620 reddi-

507 1655 622 1720 dit;
656 1655 899 1709 medium
931 1657 1187 1710 maceria:
1209 1657 1452 1720 solvens,
1487 1657 2004 1726 perexpositionem
2026 1669 2084 1714 et

2181 473 2310 540 περὶ
2347 469 2618 538 αύτῶν,ἢ
2674 471 2770 522 καὶ
2799 471 2846 522 οἱ
2903 467 3224 536 ἀγνοοῦντες
3274 472 3388 533 τοῖς
3453 472 3760 540 τηνικαῦτα

2183 562 2502 632 πραχθεῖσιν
2550 561 2860 632 μαθήσεσθε
2897 561 2996 632 τὴν
3057 561 3364 632 ἀκρίὸειαν.
3407 562 3672 633 Ἀρμόσαι
3701 565 3762 618 δὲ

2180 651 2262 703 δεῖ
2295 649 2526 703 ἐνταῦθα
2557 652 2651 704 καὶ
2676 651 2736 704 τὸ
2759 651 2864 703 ὑπὸ
2901 649 2994 703 τοῦ
3038 650 3194 718 ἁγίου
3240 650 3402 704 Δαυϊδ
3434 652 3757 722 εἰρημένον,

2189 760 2207 794 ι
2239 743 2302 795 Οί
2335 742 2499 813 ἱερεῖς
2527 759 2620 795 σου
2651 742 2957 796 ὲνδύσονται
2989 741 3355 814 δικαιοσύνην,
3387 743 3484 796 καὶ
3513 745 3561 796 (Α
3618 744 3761 797 ὅσιοί

2184 848 2279 884 σου
2328 829 2789 898 ἀγαλλιάσονταιο
2829 849 2848 880 ι
2882 829 2976 882 καὶ
3033 830 3096 882 τὸ
3153 829 3257 882 ὑπὸ
3306 828 3401 882 τοῦ
3456 829 3760 882 ἀποστόλου

2185 922 2400 975 Παύλου
2459 922 2644 986 πάλιν,
2683 940 2703 974 ι
2777 921 3094 974 Ἐνδύσασθε
3149 921 3248 990 τὴν
3296 921 3599 975 πανοπλίαν
3661 920 3760 974 τοῦ

2186 1012 2522 1084 Πνεύματσς,
2554 1015 2613 1066 ὲν
2635 1007 2678 1081 ᾧ
2703 1012 2998 1084 δυνήσεσθε
3045 1013 3223 1067 πάντα
3249 1014 3317 1066 τὸ.
3367 1013 3496 1082 βέλη
3520 1013 3613 1064 τοῦ
3656 1011 3764 1065 Ilo-

2182 1107 2351 1178 νηροῦ
2401 1108 2471 1159 τὰ
2501 1107 2873 1176 πεπυρωμένα
2901 1105 3113 1159 σϐέσαι.
3157 1125 3176 1158 ι
3218 1105 3304 1168 Ὠς
3345 1100 3438 1158 οὖν
3467 1104 3766 1173 ἐνδυσάμε-

2183 1217 2271 1262 νος
2291 1199 2383 1252 τδν
2411 1198 2635 1270 θώρακα
2658 1199 2758 1268 τῆς
2793 1199 3161 1267 δικαιοσύνης,
3197 1201 3294 1252 καὶ
3346 1196 3761 1266 ὑποδησάμενος

2182 1293 2310 1354 τοὺς
2347 1290 2517 1353 πόδας
2549 1291 2608 1344 ὲν
2640 1290 2931 1360 ἑτοιμασίᾳ
2953 1289 3045 1342 τοῦ
3070 1287 3409 1358 Εύαγγελίου
3456 1289 3555 1357 τῆς
3606 1287 3763 1356 είρήο

2183 1398 2316 1451 νης,
2351 1382 2409 1435 ὲν
2451 1384 2616 1436 πᾶσιν
2649 1379 2936 1435 ἀναλαϐὼν
2987 1381 3079 1434 τὸν
3131 1380 3325 1451 θυρεὸν
3367 1380 3467 1450 τῆς
3501 1379 3760 1440 πίστεως,

2183 1474 2402 1538 ἐδέξατο
2458 1475 2552 1528 καὶ
2617 1475 2718 1546 τὴν
2803 1473 3238 1545 περικεφαλαίαν
3302 1473 3395 1527 τοῦ
3466 1473 3759 1542 σωτηρίου,

2185 1564 2276 1618 καὶ
2323 1563 2422 1634 τὴν
2479 1564 2756 1636 μάχαιραν
2815 1565 2910 1618 τοῦ
2973 1564 3306 1635 Πνεύματος,
3345 1564 3372 1618 ὅ
3402 1565 3551 1618 ἐστιν
3605 1563 3763 1634 ῥῆμα

2187 1657 2349 1724 Θεοῦ,
2377 1658 2635 1730 ἐξέτεμεν
2689 1675 2750 1711 τε
2793 1658 2894 1721 τὰς
2945 1656 3207 1720 ἀκάνθας,
3241 1657 3336 1709 καὶ
3388 1659 3485 1719 τὰς
3539 1657 3766 1726 τραχεῖς

509 1747 890 1816 probationem
920 1756 1238 1802 sanctorum
1269 1747 1607 1818 dogmatum.
1637 1749 1745 1804 Res
1773 1760 1957 1814 autem
1984 1749 2080 1804 ad-

2195 1752 2336 1814 56ob;
2383 1750 2535 1814 λείας
2585 1748 2907 1820 πεποίηκεν,
2942 1749 3232 1822 διαρρίψας
3261 1748 3384 1811 τοὺς
3411 1747 3612 1811 λίθους,
3649 1765 3762 1818 φη-

509 1837 788 1892 mirabilis
817 1846 872 1891 et
896 1837 1084 1891 animo
1131 1839 1282 1893 illius
1306 1838 1473 1908 digna
1499 1839 1728 1901 accidit.
1787 1842 1969 1910 qualis
2023 1851 2082 1895 ut

509 1937 645 1998 puto
673 1927 784 1982 imo
826 1929 942 1982 scio
1003 1929 1334 1993 certissime,
1387 1945 1491 1985 nec
1549 1931 1739 1986 evenit
1789 1931 2079 1996 hactenus,

508 2038 612 2077 nec
643 2031 912 2076 eventura
941 2031 1027 2076 est
1062 2023 1117 2077 in
1159 2032 1468 2092 posterum.
1516 2023 1654 2079 Cum
1703 2025 1856 2080 enim
1911 2026 2081 2080 multa

507 2122 699 2169 sancta
753 2115 990 2169 concilia
1048 2115 1289 2169 diversis
1336 2115 1489 2184 locis
1515 2125 1682 2186 atque
1736 2117 2085 2187 temporibus

509 2205 622 2259 sint
652 2203 953 2266 celebrata,
1021 2221 1088 2260 ex
1127 2221 1242 2276 quo
1277 2207 1584 2262 constituta
1631 2216 1718 2262 est
1765 2207 2084 2263 Christiana

509 2296 742 2366 religio;
780 2311 944 2351 nemo
982 2304 1168 2351 tamen
1208 2297 1462 2352 meminit
1485 2313 1756 2367 unquam,
1783 2298 1890 2352 nisi
1920 2298 2086 2369 hujus

509 2388 692 2460 magni
725 2389 831 2442 viri
873 2399 1146 2460 tempore,
1185 2399 1427 2458 quatuor
1472 2389 1822 2458 patriarchas
1876 2404 2086 2444 convc-

508 2479 686 2533 nisse.
724 2479 915 2548 Itaque
943 2478 1164 2534 cunctis
1195 2479 1652 2534 dubitationibus
1676 2489 1733 2534 et
1756 2488 2086 2535 controver-

508 2568 626 2631 siis,
669 2583 781 2623 non
817 2584 917 2639 per
971 2569 1280 2624 violentam
1327 2571 1671 2625 coactionem
1697 2610 1712 2636 ,
1753 2585 1934 2640 neque
1987 2586 2089 2640 per

509 2660 692 2714 studia
707 2661 969 2730 partium,
985 2661 1081 2716 sed
1105 2677 1206 2732 per
1225 2661 1524 2719 eﬁicaciam
1549 2661 2086 2718 demonstrationum

510 2754 956 2823 suasionumque
999 2753 1308 2821 dissolutis,
1369 2770 1472 2824 pax
1522 2771 1737 2810 summa
1777 2763 1833 2810 et
1892 2770 2087 2826 magna

512 2845 890 2915 tranquillitas
914 2847 970 2901 in
995 2847 1093 2902 Dei
1129 2846 1380 2902 Ecclesia
1405 2858 1492 2903 est
1514 2848 1834 2902 subsecuta.

2189 1843 2248 1912 μὶ
2299 1842 2365 1912 δὴ
2415 1841 2542 1904 τοὺς
2612 1840 3077 1912 βλασφημούντων
3155 1841 3449 1911 αἱρετικῶν
3526 1840 3718 1908 λόγους
3746 1881 3763 1902 .

2183 1935 2248 1987 ὲκ
2280 1934 2381 2004 τῆς
2423 1932 2593 2004 ὀρθῆς
2633 1933 2754 1987 ὁδοῦ
2783 1933 2882 2002 τῆς
2917 1932 3180 2002 ἀληθινῆς
3245 1931 3500 1996 πίστεως.
3547 1938 3640 1988 καὶ
3701 1935 3768 1988 τὸ

2189 2024 2504 2094 μεσότοιχον
2557 2023 2654 2077 τοῦ
2711 2023 2967 2094 φραγμοῦ
3045 2022 3214 2086 λύσας
3245 2061 3260 2087 ,
3312 2025 3632 2094 εἰρηνεύσας
3702 2043 3768 2079 τε

2185 2115 2285 2176 τὰς
2367 2113 2677 2181 ἁγιωτάτας
2727 2113 2820 2166 τοῦ
2876 2113 3012 2166 Θεοῦ
3089 2114 3411 2185 Ἐκκλησίας
3446 2155 3460 2180 ,
3519 2116 3609 2169 διά
3664 2118 3769 2187 τῆς

2182 2203 2290 2257 τῶν
2357 2203 2532 2274 ὀρθῶν
2610 2203 2897 2273 δογμάτων
2957 2203 3289 2275 ὑφηγήσεως
3373 2207 3468 2259 καὶ
3550 2207 3755 2276 ὁμολο-

2191 2295 2333 2364 γίας.
2398 2294 2624 2365 Γέγονέν
2679 2312 2737 2349 τε
2800 2297 3034 2366 πρᾶγμα
3101 2295 3458 2366 θαυμαστὸν,
3520 2299 3614 2351 καὶ
3663 2301 3772 2368 τῆς

2188 2387 2396 2442 ἐκείνου
2451 2386 2632 2458 ψυχῆς
2690 2387 2860 2454 ἄξιον,
2895 2388 3052 2456 ὅπερ,
3093 2385 3169 2449 ὡς
3218 2381 3391 2457 οἶμαι,
3449 2389 3648 2458 μᾶλλον
3707 2389 3770 2442 δὲ

2188 2475 2304 2533 οἶδα
2361 2479 2571 2548 σαφῶς,
2607 2479 2690 2533 ὅτι
2745 2478 2958 2532 οὐδέπω
3023 2478 3398 2549 γεγένηται,ἢ
3447 2481 3769 2550 γενήσεται.

2191 2573 2411 2628 Πολλῶν
2435 2574 2544 2644 γὰρ
2566 2572 2839 2643 διαφόρων
2869 2571 3344 2644 συγκροτηθεισῶν
3389 2573 3446 2625 ὲν
3485 2572 3772 2644 διαφόροις

2191 2667 2405 2736 καιροῖς
2435 2663 2529 2717 καὶ
2581 2662 2771 2726 τόποις
2833 2661 3004 2730 ἁγίων
3055 2661 3305 2727 συνόδων,
3338 2661 3486 2726 ἐξότε
3515 2663 3585 2716 τά
3627 2664 3775 2734 Χριε-

2193 2755 2426 2810 στιανῶν
2475 2756 2727 2827 συνέστη,
2789 2753 2964 2818 οὐδεὶς
3022 2753 3297 2825 μέμνηται
3355 2755 3439 2808 ὅτι
3497 2753 3775 2828 τέσσαρες

2192 2848 2327 2919 ὁμοῦ
2384 2848 2721 2920 πατριάρχαι
2777 2845 3124 2910 συνελθόντες
3177 2844 3657 2917 ὲκκλησίασαν,εἱ
3691 2849 3776 2916 μὴ

510 2943 602 2995 ἐπὶ
626 2944 718 2996 τοῦ
753 2943 990 3013 μεγάλου
1020 2945 1116 2998 καὶ
1163 2942 1309 2996 θείου
1351 2943 1542 3015 ἀνδρὸς
1586 2945 1870 3014 Εὐτυχίου.
1929 2943 2124 2998 Πασῶν
2162 2945 2271 3017 γὰρ
2299 2944 2408 2998 τῶν
2441 2943 2930 3015 ἀμφισϐητήσεων,
2993 2941 3056 2996 ού
3085 2940 3198 3011 βίᾳ,
3240 2941 3339 2994 οὐκ
3391 2941 3622 3013 ἀνάγκῃ,
3667 2941 3776 2994 οὐκ

509 3042 824 3104 άντιπαθῶς
848 3083 864 3108 ,
899 3043 960 3096 οὐ
1010 3041 1365 3112 προσπαθῶς,
1395 3042 1529 3095 ἀλλὰ
1581 3042 1972 3105 ἀποδεικτικῶς
2020 3043 2113 3096 καὶ
2151 3042 2390 3107 πιθανῶς
2419 3041 2791 3106 διαλυθεισῶν,
2812 3041 3003 3112 εἰρήνη
3066 3056 3152 3102 τις
3218 3040 3410 3109 βαθεῖα
3447 3039 3541 3092 καὶ
3591 3041 3776 3110 μεγά-

511 3136 576 3208 λη
607 3139 816 3209 γαλήνη
857 3143 922 3210 τῇ
954 3141 1046 3194 τοῦ
1081 3141 1216 3195 Θεοῦ
1257 3143 1550 3212 Ἐκκλησία
1581 3141 1889 3211 γεγένηται.

585 3231 672 3284 29.
699 3230 948 3297 Quatuor
981 3240 1165 3287 autem
1221 3233 1552 3301 patriarcha:
1613 3235 1668 3288 hi
1704 3235 1962 3288 fuerunt:
1998 3235 2090 3289 Vi—
2118 3241 2158 3299 C

514 3324 682 3393 gilius
721 3326 928 3379 veteris
961 3326 1095 3396 (ΞΟ),
1128 3338 1185 3380 et
1207 3326 1341 3380 hinc
1370 3327 1677 3397 Eutychius
1696 3343 1853 3382 nova:
1880 3328 2085 3391 Romm,

514 3417 893 3488 Apollinarius
947 3418 1060 3488 (2|)
1113 3433 1323 3489 magnas
1364 3418 1731 3484 Alexandriae,
1784 3420 2091 3474 Domninus

517 3509 870 3579 Theopoleos
906 3509 1017 3580 (2‘3)
1040 3528 1052 3563 :
1078 3511 1175 3581 qui
1203 3520 1461 3580 tanquam
1486 3511 1540 3564 in
1573 3526 1776 3580 corpus
1820 3527 1990 3566 unum
2024 3528 2092 3565 ex

514 3609 758 3670 quatuor
807 3603 1098 3657 elementis
1153 3601 1415 3666 conﬁati,
1479 3604 1772 3658 unanimes
1833 3604 2092 3673 idemque

516 3695 846 3761 sentientes,
869 3711 1065 3751 manus
1094 3696 1241 3750 inter
1262 3711 1320 3751 se
1343 3697 1775 3768 conjunxerunt,
1828 3704 1890 3751 ut
1943 3697 2091 3752 istud

518 3789 720 3842 Psalmi
768 3789 1052 3842 oraculum
1103 3797 1339 3843 testatur
1393 3807 1406 3842 :
1475 3789 1771 3843 «Flumina
1822 3791 2092 3859 plaudent

518 3879 776 3934 manibus
807 3881 861 3934 in
886 3881 939 3934 id
966 3879 1171 3950 ipsum,
1198 3889 1418 3936 montes
1453 3881 1816 3936 exsultabunt
1846 3883 1889 3914 ³ο
1918 3899 1933 3947 ;
1965 3901 1984 3932 ι
2037 3892 2093 3936 et

517 3973 665 4043 quod
695 3989 724 4028 a
761 3973 1028 4028 Zacharia
1060 3973 1269 4028 dictum
1306 3981 1426 4028 est:
1465 3993 1482 4023 ι
1511 3973 1568 4027 In
1609 3973 1699 4027 die
1724 3973 1813 4027 illa
1845 3974 1953 4027 erit
2005 3985 2093 4027 tu—

519 4065 736 4118 multus
766 4065 984 4118 Domini
1013 4080 1244 4134 magnus
1276 4065 1330 4117 in
1354 4065 1460 4123 eis.
1500 4071 1557 4118 et
1594 4063 1972 4133 apprehendet
2009 4065 2095 4116 vir

520 4174 741 4212 manum
778 4158 1014 4227 proximi
1070 4159 1177 4221 sui,
1233 4166 1290 4212 et
1353 4167 1686 4212 conseretur
1722 4172 1917 4211 manus
1971 4158 2090 4227 ejus

520 4265 686 4319 super
713 4266 932 4302 manum
959 4250 1194 4318 proximi
1220 4250 1329 4311 sui,
1364 4250 1462 4304 sed
1498 4260 1553 4304 et
1609 4248 1780 4303 Judas
1828 4248 2093 4318 pugnabit

521 4341 791 4395 adversus
825 4340 1154 4399 Jerusalem,
1185 4349 1241 4391 et
1301 4339 1729 4407 congregabitur
1781 4340 1950 4391 robur
1974 4353 2095 4392 om-

523 4433 674 4484 nium
695 4433 936 4502 gentium
956 4432 1007 4484 in
1044 4431 1285 4484 circuitu
1310 4430 1405 4483 δι.»
1436 4430 1684 4500 Magnam
1714 4430 1883 4500 igitur
1905 4446 2097 4500 quam-

523 4524 646 4578 dam
679 4540 909 4592 eamque
927 4522 1340 4592 quadruplicem
1361 4521 1768 4590 quodammodo
1788 4533 1844 4576 et
1871 4537 2092 4576 auream

2261 3231 2365 3286 κθ’.
2396 3231 2460 3284 Ol
2500 3227 2608 3298 γὰρ
2637 3227 2900 3295 τέσσαρες
2923 3227 3279 3298 πατριάρχαι,
3315 3229 3343 3282 ὃ
3369 3244 3428 3281 τε
3473 3229 3572 3298 τῆς
3629 3249 3774 3301 πρε-

2199 3321 2463 3390 σϐυτέρας
2502 3317 2719 3387 Ῥώμης
2744 3317 2998 3384 Βιγίλιος,
3033 3317 3126 3369 καὶ
3162 3319 3190 3370 ό
3240 3316 3339 3386 τῆς
3390 3320 3516 3382 νέας
3551 3319 3780 3390 Ῥώμης

2195 3408 2822 3470 Κωνσταντινουπόλεως
2850 3408 3111 3478 Εὐτύχιος
3161 3401 3316 3470 οὗτος
3334 3411 3362 3462 ό
3397 3410 3592 3480 μέγας,
3624 3414 3721 3466 καὶ
3743 3415 3779 3466 6

2194 3506 2294 3575 τῆς
2329 3503 2744 3574 μεγαλοπόλεως
2786 3500 3192 3572 Ἀλεξανδρείας
3229 3502 3602 3574 Ἀπολινάριος
3630 3545 3646 3567 ,
3675 3505 3779 3558 καὶ

2196 3600 2456 3667 Δομνῖνος
2483 3599 2512 3649 ὁ
2541 3594 2908 3658 Θεουπόλεως,
2947 3593 3239 3654 ὲνωθέντες
3270 3593 3543 3665 ἀλλήλοις,
3567 3597 3780 3667 τρότων

2195 3689 2321 3743 τινὰ
2354 3688 2430 3752 ὡς
2474 3688 2536 3740 τὸ
2564 3690 2628 3739 ἐκ
2654 3686 2937 3755 τεσσάρων
2968 3683 3246 3754 στοιχείων
3279 3685 3460 3756 σῶμα,
3493 3686 3780 3756 σύμψυχοι

2197 3780 2295 3834 καὶ
2321 3781 2378 3832 ’ἐν
2399 3779 2704 3848 γενόμενοι,
2738 3777 2795 3829 ἓν
2830 3776 3177 3844 φρονοῦντες,
3217 3777 3463 3848 ἀλλήλων
3508 3778 3606 3840 τὰς
3656 3782 3782 3849 χεῖ-

2201 3890 2298 3944 ρας
2361 3869 2788 3942 συμπλέξαντες.
2829 3872 2970 3924 κατὰ
3034 3870 3096 3923 τὸ
3146 3870 3420 3941 ψαλμικὸν
3477 3871 3658 3940 λόγιον
3713 3877 3786 3925 τὸ

2197 3965 2428 4034 φάσκον,
2466 3982 2486 4016 ι
2533 3963 2784 4032 Ιιοταμοὶ
2817 3965 3176 4033 κροτήσουσιν
3205 3965 3349 4034 χειρὶ
3377 3964 3470 4017 ἐπὶ
3501 3963 3561 4017 τὸ
3589 3963 3726 4016 αύτδ
3764 4008 3782 4030 ,

2197 4057 2266 4109 τά
2316 4057 2416 4128 ὅρη
2476 4055 2894 4123 ἁγαλλιάσονται
2926 4071 2940 4085 °
2977 4073 2995 4105 ι
3027 4057 3122 4107 καὶ
3147 4056 3207 4108 τὸ
3249 4055 3354 4108 ὑπὸ
3381 4054 3475 4108 τοῦ
3500 4057 3786 4125 Ζαχαρίου

2197 4149 2405 4219 λεχθὲν,
2439 4150 2664 4202 «Ἔσται
2689 4152 2746 4201 ἐν
2773 4151 2835 4218 τῇ
2865 4149 3046 4217 ἡμέρᾳ
3073 4148 3253 4218 ἐκείνῃ
3289 4147 3542 4207 ἔκστασις
3564 4149 3786 4220 Κυρίου

2198 4242 2283 4295 ἐπ’
2314 4241 2510 4302 αὐτοὺς
2537 4241 2768 4311 μεγάλη,
2800 4243 2894 4293 καὶ
2917 4240 3239 4309 ἐπιλήψεται
3262 4240 3490 4302 ἕκαστος
3523 4241 3621 4308 τῆς
3656 4257 3786 4310 χει-

2200 4334 2292 4404 ρδς
2346 4331 2438 4384 τοῦ
2479 4332 2706 4400 πλησίον
2731 4331 2898 4384 αὑτοῦ
2920 4370 2934 4395 ,
2958 4332 3048 4384 καὶ
3076 4330 3532 4400 συμπλακήσεται
3563 4332 3594 4400 ἡ
3649 4332 3787 4402 χεὶρ

2198 4425 2365 4479 αὑτοῦ
2423 4425 2558 4496 πρὸς
2615 4429 2771 4495 χεῖρα
2803 4424 2897 4477 τοῦ
2957 4423 3180 4495 πλησίον
3210 4423 3400 4485 αὑτοῦ,
3434 4425 3528 4476 καὶ
3569 4423 3789 4488 Ἰούδας

2199 4519 2570 4590 παρατάξεται
2610 4521 2666 4570 ἐν
2705 4520 3078 4590 Ἰερουσαλὴμ,
3113 4522 3208 4572 καὶ
3238 4517 3456 4584 συνάξει
3483 4519 3580 4589 τὴν
3614 4519 3790 4588 Eax?“

524 4623 774 4668 catenam
803 4614 1185 4673 c0nﬁcienlcs,
1221 4613 1274 4666 in
1315 4614 1578 4682 templum
1615 4614 1735 4675 Dei,
1777 4613 1880 4668 hoc
1923 4623 2007 4668 est
2038 4615 2090 4668 in

2203 4615 2417 4667 πάντων
2450 4613 2558 4666 τῶν
2585 4613 2730 4665 λαῶν
2792 4613 3090 4666 κύκλωθεν.
3139 4632 3155 4664 ι
3193 4613 3428 4680 Τοιαύτη
3467 4629 3550 4673 τις
3603 4610 3789 4674 ὅντως

527 4720 772 4774 magnam
799 4704 1084 4760 ecclesiam
1123 4713 1249 4758 sunt
1275 4703 1532 4773 ingressi;
1569 4715 1625 4758 et
1679 4705 1927 4759 divinum
1987 4705 2076 4760 in-

523 4805 926 4866 cruentumque
957 4795 1288 4851 sacriﬁcium
1337 4797 1497 4849 simul
1552 4797 1893 4860 obtulerunt,
1966 4797 2091 4850 imi-

2187 4705 2611 4759 ἀποτελεσθεῖσα
2642 4707 2816 4776 χρυσῆ
2870 4707 2965 4763 καὶ
3007 4706 3216 4774 μεγάλη
3256 4705 3410 4774 σειρά
3448 4705 3789 4773 τετρακτὺς,

2204 4797 2536 4861 εἰσελθόντες
2570 4798 2649 4861 εἰς
2683 4797 2774 4850 τὸν
2801 4797 2926 4850 ναὸν
2978 4797 3070 4850 τοῦ
3118 4796 3278 4860 Θεοῦ,
3313 4795 3410 4864 τὴν
3463 4794 3795 4862 άγιωτάτην

599 4981 640 5010 ’⁷
666 4979 807 5033 Psal.
852 4993 1028 5043 exul,
1057 4977 1110 5031 9.
1189 4976 1235 5008 ’⁸
1274 4976 1474 5046 Ephes.
1513 4992 1586 5042 vi,
1621 4975 1706 5028 Η.
1784 4978 1828 5008 ¹⁹
1875 4975 2009 5030 ibid.

2207 4936 2288 5027 ιθ.
2365 4970 2411 5003 ³⁸
2446 4969 2590 5024 Psal.
2625 4965 2848 5029 xcvu,8-
2901 4973 2939 5002 ³¹
2970 4969 3201 5024 Zachar.
3223 4982 3371 5033 ιιιν,
3400 4965 3486 5030 15,
3514 4961 3600 5016 ιι.

607 5135 712 5206 (εο)
747 5135 982 5205 Vigilius
1012 5133 1152 5206 Papa
1183 5150 1230 5206 ar
1260 5135 1570 5189 JuSIiniano
1629 5135 1824 5206 imper.
1867 5133 2100 5206 accitus,

529 5203 723 5264 aderat
757 5203 1235 5272 CdnstantinOpoli
1265 5222 1278 5257 :
1311 5207 1406 5259 sed
1431 5207 1558 5259 licet.
1590 5220 1618 5256 a
1645 5203 1843 5256 201nm
1867 5203 2104 5272 patriar-

527 5279 653 5334 cbis
695 5293 858 5347 quam
886 5271 1274 5347 metropolitis,
1297 5285 1353 5331 et
1381 5275 1508 5329 dein
1550 5291 1580 5328 a
1636 5273 1927 5342 prmcipuis
1967 5271 2106 5347 aulae

533 5341 903 5418 imperatoria:
961 5341 1231 5418 ministris
1296 5341 1725 5418 arcessam-tr,
1760 5358 1868 5396 non
1927 5341 2104 5396 voluit

532 5414 713 5474 tamen
740 5419 1004 5472 interesse
1035 5415 1291 5478 concilio,
1333 5417 1426 5470 sed
1462 5430 1585 5468 cum
1622 5414 2100 5482 scriptumsuum,

533 5487 892 5542 Constitutum
937 5486 1145 5541 dictum
1189 5486 1252 5538 H
1295 5485 1418 5539 Maii
1486 5481 1841 5553 publicasset,
1890 5481 1995 5536 fuit
2046 5483 2101 5535 in

527 5557 789 5613 exsilium
820 5558 1122 5616 missus.ac
1149 5565 1335 5626 postea
1374 5557 1462 5609 die
1486 5556 1520 5609 8
1545 5554 1865 5626 Decembris
1901 5569 2103 5624 appro-

531 5626 681 5683 bavit
705 5630 886 5682 omnia
916 5628 969 5680 in
997 5625 1154 5681 dicto
1187 5627 1423 5680 concilio
1447 5625 1724 5680 conclusa.

606 5697 718 5766 (Si)
749 5697 1142 5767 Apollinarius,
1167 5699 1324 5767 pulso
1345 5697 1517 5761 Zoilo,
1553 5695 1800 5750 intrusus
1837 5695 2014 5750 fuerat
2047 5693 2100 5746 in

2205 5131 2392 5186 sedem
2415 5126 2838 5186 Alexandrinam
2863 5143 2877 5188 ;
2905 5126 2998 5181 sed
3024 5141 3148 5179 cum
3180 5125 3335 5179 Zoilo
3379 5134 3598 5182 mortuo
3646 5137 3795 5192 pro-

2206 5202 2505 5256 fessionem
2541 5198 2670 5253 ﬁdei
2715 5198 3012 5250 obtulisset
3039 5196 3238 5265 Vigilio
3287 5193 3548 5265 Papaajn
3600 5193 3796 5259 legiti-

2209 5287 2358 5325 mum
2389 5270 2710 5340 episcopum
2766 5279 3022 5336 receptus
3045 5264 3132 5320 est
3173 5276 3230 5320 et
3271 5267 3414 5320 sedit
3453 5264 3523 5321 ad
3573 5278 3795 5316 annum

2209 5339 2439 5396 circiter
2456 5339 2578 5394 569.
3210 5364 3216 5369 -

2287 5412 2398 5477 (ἓὲ)
2435 5410 2676 5463 Domnus
2727 5408 2874 5472 aliis,
2903 5407 3062 5474 cujus
3107 5405 3226 5461 sedi
3275 5405 3403 5477 anni
3441 5403 3804 5477 H_trihuun-

2215 5473 2355 5537 tura
2375 5481 2474 5538 διε
2511 5479 2576 5534 ad
2613 5478 2735 5534 560.
2765 5477 3056 5533 Antiochia
3079 5486 3261 5530 autem
3293 5476 3437 5530 dicta
3485 5473 3799 5543 Theopolis.

2212 5563 2504 5622 po~tquam
2533 5551 2742 5621 ingenti
2770 5556 3087 5622 terraamotu
3118 5548 3380 5622 collapsa,
3413 5562 3442 5600 a
3465 5545 3804 5622 Justinjano

2212 5614 2546 5692 imperatore
2594 5614 2747 5692 anno
2793 5614 3430 5692 529_Arestaurata’iuit:
3486 5632 3593 5684 qua
3635 5614 3704 5670 de
3734 5631 3804 5669 re

2212 5688 2437 5748 consule
2471 5691 2759 5761 Evagrinm
2797 5699 2850 5743 ct
2878 5688 3290 5746 Theophanem.
