4042 6156
355 271 472 354 ιδίυ

1845 269 2039 328 VITA.

3433 273 3574 338 2310

356 385 478 452 φημὶ
510 382 754 452 μεγάλην
803 382 1164 452 Ἐκκλησίαν,
1204 381 1298 452 τὴν
1355 380 1502 434 θείαν
1564 380 1894 450 λειτουργίας.

2011 381 2107 437 tati
2145 380 2449 446 Christum,
2485 381 2780 436 Dominum
2811 383 3231 454 principemque
3269 397 3571 454 pastorum,

1363 473 1380 492 ς

353 475 431 526 καὶ
459 473 557 544 τὴν
596 474 932 542 ἀναίμακτον
986 473 1176 526 θυσίαν
1210 473 1528 536 ἑξετέλεσαν
1559 513 1572 537 ,
1606 471 1753 537 ἅπαξ
1807 471 1900 522 κα)⁵

351 565 490 636 μόνον
518 564 982 635 ἀκολουθήσαντες
1014 563 1090 634 τῷ
1116 565 1360 635 Δεσπότῃ
1393 565 1487 618 καὶ
1549 563 1901 635 ἀρχιποίμενι

349 656 550 726 Χριστῷ
578 673 592 685 ’
628 655 686 718 ὅς
717 658 817 726 μιᾷ
845 657 1127 726 προσφορᾷ
1159 655 1476 708 τετελείωκε
1515 657 1638 717 τοὺς
1667 656 1900 720 πάντας,

348 747 476 813 ἅπαξ
507 747 789 810 πεπονθὼς
841 748 932 799 ἐπὶ
984 746 1263 818 συντελείᾳ
1291 746 1397 798 τῶν
1430 745 1644 800 αἰώνων
1671 762 1683 776 ·
1714 746 1772 798 τὸ
1795 748 1903 814 γάρ

349 838 431 892 τοῦ
451 840 636 908 ἱερέως
678 839 932 908 πάρειμι,
962 837 1021 900 ὃς
1052 838 1199 906 ἅπαξ
1249 837 1341 890 τοῦ
1407 836 1654 890 ἐνιαυτοῦ
1710 837 1790 898 εἰς
1831 832 1900 886 τὰ

345 934 425 987 καὶ
452 931 650 1001 σκιώδη
678 931 952 1000 λατρείαν.

404 1024 462 1077 λ’.
496 1017 653 1076 Οὗτοι
682 1021 738 1074 δὲ
767 1023 816 1073 οἱ
856 1020 1036 1088 νοητοὶ
1067 1019 1332 1089 τέσσαρες
1360 1017 1617 1087 ποταμοὶ,
1655 1015 1753 1078 τὰς
1779 1016 1902 1066 ἐπι-

319 1115 534 1184 ,τρίψεις
567 1114 795 1181 ἄραντες
811 1111 917 1165 τῶν
948 1111 1184 1179 λογικῶν
1202 1111 1393 1180 ὀρέων,
1415 1110 1554 1163 κατὰ
1576 1108 1654 1173 τὸ,
1669 1126 1686 1159 ι
1711 1109 1764 1160 Ἀ
1777 1111 1898 1182 ροῦ-

345 1223 417 1258 σιν
465 1205 513 1257 οἱ
569 1205 802 1272 ποταμοὶ
833 1201 1137 1271 ἐπιτρίψεις
1185 1201 1362 1254 αὐτῶν
1397 1220 1413 1252 ι
1453 1201 1661 1270 (σπῖλος
1687 1200 1793 1270 γάρ
1818 1214 1904 1263 τις

343 1296 426 1348 καὶ
473 1293 642 1363 ῥύπος
695 1293 842 1344 ἐστὶν
896 1293 951 1345 αί
998 1291 1107 1345 τῶν
1141 1293 1437 1362 αἱρετικῶν
1483 1293 1902 1362 δογματοποιίαι

340 1380 685 1454 τοίςπιστοῐς)
704 1401 715 1413 ⁸
746 1383 809 1447 ἃς
837 1385 930 1436 καὶ
955 1384 1246 1455 ἐξέρριψαν
1274 1405 1291 1436 δ
1322 1384 1433 1438 ἀπὸ
1473 1391 1664 1453 φωνῶν
1691 1384 1901 1436 ὑδάτων

341 1476 572 1539 πολλῶν,
609 1495 626 1527 ι
661 1476 939 1528 τουτέστιν
993 1474 1102 1528 ἀπὸ
1135 1476 1423 1545 Γραφικῶν
1457 1477 1549 1528 καὶ
1608 1475 1904 1545 Πατρικῶν

341 1567 670 1637 μαρτυριῶν,
712 1567 1032 1634 ἀγαλλίασίν
1080 1585 1138 1619 τε
1203 1570 1297 1619 καὶ
1349 1567 1691 1636 εὐυροσύνην
1758 1582 1902 1634 παρ-

341 1663 488 1728 έσχεν
520 1662 634 1720 τοῖς
693 1659 868 1726 ἁγίοις
895 1659 1064 1730 ὄρεσι,
1101 1657 1244 1727 λέγω
1287 1657 1350 1728 δὴ
1381 1661 1499 1719 ταῖς
1536 1658 1628 1710 τοῦ
1664 1654 1901 1726 Χριστοῦ

351 1749 708 1817 Ἐκκλησίαις.
765 1747 860 1811 Τίς
933 1746 1112 1813 οἶδεν,
1164 1751 1246 1810 τίς
1327 1749 1558 1818 ἣκουσεν
1632 1746 1901 1810 τοιαῦτα,

342 1841 502 1894 Καὶ.οὶ
550 1841 672 1910 μὲν,
699 1841 787 1892 καὶ
835 1839 952 1892 λίαν
1003 1842 1159 1893 καλοί
1209 1842 1256 1892 οί
1311 1842 1375 1892 ἐκ
1428 1839 1521 1891 τοῦ
1573 1840 1901 1910 παραδείσου

335 1931 590 1999 τέσσαρες
635 1929 982 2000 ἐξερχόμενοι
1027 1931 1282 1997 ποταμοὶ,
1305 1931 1815 1999 ἁξιεπαινετώτεροι
1846 1928 1900 1980 δὲ

334 2021 421 2072 καὶ
472 2023 522 2072 οι
579 2021 842 2090 τέσσαρες
875 2015 1019 2073 οὗτοι
1049 2023 1096 2073 οἱ
1127 2024 1206 2083 εἰς
1241 2022 1333 2073 τὸν
1368 2020 1696 2092 παράδεισον
1729 2019 1900 2072 εἰσελ-

333 2112 528 2174 θόντες·
558 2112 884 2181 παράδεισος
907 2113 1014 2182 γάρ
1038 2115 1070 2182 ἡ
1099 2112 1191 2166 τοῦ
1221 2112 1692 2183 ΘεοῦἘκκλησία,
1730 2113 1809 2174 εἰς
1833 2114 1898 2183 ἢν

333 2200 808 2271 κατείρυτεύθησαν
838 2248 850 2268 ,
880 2203 956 2264 εἰς
995 2202 1118 2269 ὅρος
1157 2201 1540 2272 κληρονομίας,
1574 2204 1654 2264 εἰς
1683 2202 1896 2271 ἕτοιμον

335 2291 741 2360 κατοικητήριον
769 2290 796 2342 ὃ
827 2293 1224 2361 κατειργάσατο
1260 2291 1463 2361 Κύριος
1500 2333 1514 2355 ,
1566 2293 1811 2362 ἁγίασμα
1865 2293 1893 2344 δ

334 2383 629 2451 ητοῖμασαν
677 2384 732 2434 αἱ
765 2385 944 2452 χεῖρες
989 2382 1174 2447 αὑτοῦ,
1205 2385 1413 2452 Κύριος
1476 2383 1773 2452 βασιλεύων
1807 2385 1896 2437 τὸν

332 2471 496 2522 αἰῶνα
521 2471 616 2523 καὶ
667 2473 749 2524 ἐπ’
782 2471 952 2525 αἰῶνα
985 2473 1077 2525 καὶ
1109 2473 1210 2526 ἔτι.
1247 2473 1361 2543 Τῆς
1419 2471 1666 2536 ἐνώσεως
1715 2475 1898 2528 τοίνυν

331 2563 394 2614 ἐκ
439 2562 540 2630 τῆς
587 2562 905 2631 συμφωνίας
955 2563 1164 2617 τούτων
1209 2565 1591 2634 γεγενημένης
1622 2605 1637 2628 ,
1677 2565 1901 2637 ἅρματα

329 2650 641 2720 Φαραὼκαὶ
677 2650 774 2721 τὴν
801 2651 1028 2723 δύναμιν
1082 2653 1247 2707 αὑτοῦ
1299 2653 1520 2726 ἔρριψεν
1569 2657 1648 2719 εἰς
1697 2655 1902 2709 θάλασ-

330 2759 450 2804 σαν,
505 2743 902 2808 καταποντίσας
949 2747 1074 2810 τοὺς
1111 2745 1428 2810 ἐπιλέκτους
1464 2747 1757 2818 τριστάτας
1793 2747 1902 2800 τῶν

329 2831 632 2902 αἱρέσεων,
689 2835 788 2904 τὴν
864 2833 972 2888 τῶν
1056 2836 1226 2908 τριῶν
1318 2837 1628 2905 κεφαλαίων
1707 2837 1899 2890 δυσσέ·

331 2922 512 2985 σειαν,
541 2925 569 2976 ὁ
596 2925 854 2993 κραταιὸς
883 2926 977 2978 καὶ
1004 2925 1227 2990 δυνατὸς
1273 2929 1330 2980 ἐν
1373 2929 1596 2998 πολέμῳ
1639 2927 1842 2996 Κύριος
1871 2930 1899 2980 ὁ

328 3015 460 3077 ϐὡς
512 3016 671 3085 ἡμῶν
701 3031 714 3046 ⁶
756 3018 1018 3090 πρόδηλον
1047 3020 1122 3081 ὡς
1169 3019 1265 3071 τοῦ
1314 3020 1435 3074 νέου
1481 3021 1760 3083 Μωῦσέως
1793 3020 1896 3090 τὴν

2007 474 2100 542 qui
2128 474 2287 527 unica
2317 473 2595 527 oblatione
2627 473 2996 529 sanctiﬁcavit
3027 476 3340 538 universos,
3405 478 3575 531 semel

2007 579 2198 634 passus
2224 565 2278 617 in
2329 564 2434 618 ﬁne
2474 564 2841 630 saculorum;
2878 580 2946 619 ne
2978 565 3159 619 dicam
3197 565 3344 634 quod
3391 580 3576 620 sacer-

2007 652 2108 706 dos
2137 650 2306 704 semel
2333 650 2388 703 in
2438 665 2581 704 anno
2621 650 2820 706 Sancta
2861 661 3178 706 sanctorum
3238 652 3576 722 ingrediens,

2009 742 2297 812 ﬁguralcm
2321 752 2375 796 et
2398 742 2763 796 umbraticam
2790 743 3141 812 exprimebat
3191 743 3436 798 latriam.

1949 833 2113 900 Ἃγια
2141 833 2249 884 τῶν
2283 832 2454 900 ἁγίων
2485 833 2865 902 εἰσερχόμενος
2926 832 3026 902 τὴν
3063 833 3292 901 τοπικὴν
3335 830 3580 886 ἐπετέλει

2073 1015 2161 1068 50.
2195 1014 2442 1081 Quatuor
2473 1012 2527 1066 hi
2562 1013 2883 1081 spiritualcs
2915 1012 3063 1066 ﬁuvii
3094 1013 3346 1068 tollentes
3367 1015 3577 1068 contri-

2003 1109 2182 1161 tiones
2262 1106 3088 1186 intellectualium.montium,
3162 1108 3316 1175 juxta
3397 1107 3570 1161 illud:

2010 1217 2026 1249 ι
2056 1199 2420 1251 Elevaverunt
2451 1197 2679 1251 ﬁumina
2717 1196 2916 1250 ﬂuctus
2944 1211 3077 1250 suos
3101 1198 3144 1228 "
3170 1213 3184 1262 ;
3216 1216 3232 1247 ι
3281 1199 3577 1268 ejecerunt

2005 1292 2296 1360 Opinioncs
2327 1290 2743 1352 haereticorum,
2780 1304 2904 1357 qua:
2936 1288 3080 1356 apud
3110 1286 3299 1341 ﬁdeles
3343 1289 3578 1344 macula:

2005 1379 2251 1449 quaedam
2276 1386 2331 1430 et
2363 1378 2554 1433 sordes
2577 1387 2705 1432 sunt
2737 1396 2748 1430 :
2773 1397 2790 1430 α
2811 1378 2856 1431 Α
2876 1378 3107 1432 vocibus
3139 1394 3403 1447 aquarum
3436 1380 3580 1434 mul-

2009 1479 2188 1524 tarum
2223 1470 2289 1532 ³³,
2320 1488 2336 1520 ›
2384 1469 2436 1522 id
2461 1477 2549 1523 est
2594 1469 3012 1539 Scripturarum
3042 1479 3099 1524 et
3158 1471 3380 1525 Patrum
3417 1471 3576 1526 testi-

2003 1563 2204 1615 moniis
2228 1579 2241 1625 ;
2269 1561 2624 1629 laetitiamque
2654 1570 2709 1614 et
2734 1562 2994 1630 gaudium
3023 1563 3227 1617 sanctis
3269 1565 3573 1629 montibus,

2002 1649 2055 1702 id
2087 1659 2173 1704 est
2220 1649 2427 1703 Christi
2483 1651 2762 1714 Ecclesiis,
2816 1663 3172 1720 pepererunt.
3231 1653 3367 1719 Quis
3410 1654 3573 1721 vidit,

2003 1743 2126 1811 quis
2147 1741 2361 1796 audivit
2383 1756 2470 1796 res
2498 1741 2853 1812 hujusmodi?
2883 1743 3108 1796 Pulchri
3138 1759 3268 1797 sane
3299 1754 3356 1799 et
3383 1745 3576 1800 admo-

1939 1815 1978 1868 Β
2004 1835 2134 1887 dum
2157 1833 2371 1902 pulchri
2401 1844 2531 1886 sunt
2558 1833 2733 1897 ﬂuvii,
2771 1834 2865 1902 qui
2897 1834 3265 1904 egrediuntur
3291 1835 3359 1888 de
3408 1851 3573 1904 para-

2000 1924 2155 1978 diso:
2185 1929 2357 1978 multo
2401 1933 2584 1978 tamen
2630 1925 2801 1994 magis
2849 1925 3110 1979 laudandi
3163 1934 3290 1979 sunt
3336 1937 3575 1995 quatuor

2000 2015 2076 2077 Ιιὶ,
2110 2015 2203 2083 qui
2234 2015 2288 2068 in
2324 2015 2640 2084 paradisum
2672 2017 2906 2085 ingressi
2935 2027 3083 2071 sunt.
3100 2017 3400 2071 Paradisus
3421 2019 3568 2072 enim

1998 2115 2080 2161 est
2118 2107 2364 2162 Ecclesia
2391 2107 2508 2170 Dei,
2544 2107 2597 2160 in
2620 2123 2725 2176 qua
2751 2107 2982 2177 plantati
3014 2125 3206 2164 sumus
3242 2110 3296 2164 in
3319 2118 3568 2164 montem

1998 2198 2366 2261 hmrcditatis,
2405 2198 2458 2252 in
2488 2198 2866 2254 habitaculum
2894 2209 3170 2269 paratum,
3205 2201 3351 2270 quod
3382 2201 3574 2256 Domi-

2001 2307 2106 2345 nus
2131 2291 2516 2355 sanctiticavit,
2547 2291 2694 2360 quod
2722 2301 3055 2360 paraverunt
3076 2307 3272 2347 manus
3293 2293 3436 2363 ejus,
3477 2291 3575 2362 qui

2001 2390 2195 2452 regnat
2223 2381 2278 2434 in
2313 2382 2574 2436 sacculum
2603 2392 2659 2436 et
2680 2384 2843 2436 ultra.
2866 2383 3069 2436 Horum
3106 2383 3274 2454 igitur
3299 2399 3575 2440 consensu

2001 2482 2054 2529 et
2077 2474 2473 2544 conjunctione
2528 2474 2796 2529 Dominus
2848 2474 2995 2528 Deus
3037 2483 3248 2538 noster,
3315 2473 3476 2529 fortis
3518 2481 3578 2528 et

2001 2574 2199 2636 potens
2249 2564 2304 2618 in
2355 2564 2524 2630 bello,
2578 2580 2777 2620 currus
2803 2566 3109 2620 Pharaonis
3154 2574 3211 2619 et
3263 2565 3574 2620 exercitum

2003 2653 2240 2726 projecit
2274 2654 2329 2708 in
2355 2669 2530 2719 mare,
2557 2653 2803 2709 delectos
2829 2654 3110 2710 haereseon
3153 2653 3400 2711 fautores
3458 2655 3577 2727 (23)

2001 2755 2058 2801 et
2087 2746 2255 2801 trium
2279 2744 2658 2814 Capitulorum
2678 2746 3015 2817 impietatem
3038 2746 3400 2818 demergens;
3430 2762 3578 2802 novo

2000 2837 2267 2893 nimirum
2315 2837 2500 2908 Moyse
2527 2853 2750 2892 manum
2793 2838 3044 2904 tollente,
3074 2847 3130 2892 et
3181 2839 3356 2910 virga,
3387 2838 3444 2894 id
3487 2844 3578 2893 est

1999 2942 2190 2991 cruce,
2215 2927 2357 2983 ﬁlios
2378 2928 2745 2983 contumaciae
2769 2928 2823 2982 in
2852 2945 2992 2999 aqua
3031 2931 3202 2984 maris
3234 2929 3571 2984 suﬁ'ocante:

2001 3019 2098 3074 ﬁlii
2125 3031 2308 3074 autem
2342 3021 2510 3076 Israel
2547 3022 2974 3078 ambulaverunt
2997 3039 3096 3094 per
3116 3025 3324 3078 siccum
3365 3024 3419 3078 in
3460 3037 3576 3078 mc-

329 3107 486 3174 χεῖρα
539 3108 914 3174 ἐκτείναντος,
957 3111 1047 3162 καὶ
1113 3113 1176 3180 τῇ
1238 3111 1439 3180 ῥάϐδῳ,
1503 3112 1776 3163 τουτέστιν
1821 3110 1894 3179 τῷ

2001 3111 2092 3165 (1ἰο
2114 3113 2252 3182 ejus.

331 3199 570 3269 σταυρῷ,
599 3200 954 3268 ἐμπνίξαντος
1011 3193 1160 3265 υἱοὺς
1220 3205 1346 3264 τοὺς
1389 3203 1489 3273 τῆς
1545 3202 1832 3265 ἀπειθείας
1876 3204 1955 3265 εἰς
2005 3204 2064 3256 τὸ
2095 3203 2237 3275 ὕδωρ
2267 3208 2364 3276 τῆς
2400 3205 2712 3274 θαλάσσης,
2739 3208 2788 3259 οἰ
2831 3207 2887 3260 δέ
2935 3209 3040 3260 υἱοὶ
3079 3206 3296 3279 Ἰσραὴλ
3338 3207 3571 3277 ἐπορεύ-

335 3292 504 3363 θησαν
532 3291 618 3344 διὰ
651 3291 818 3361 ξηρᾶς
847 3294 902 3343 ἐν
926 3293 1073 3363 μέσῳ
1099 3295 1194 3364 τῆς
1227 3294 1520 3365 θαλάσσης.

394 3379 632 3432 λα”.“’οτε
660 3381 753 3433 οὖν
783 3380 1002 3448 γέγονεν
1047 3383 1145 3451 μία
1177 3382 1400 3454 ποίμνη,
1429 3386 1521 3436 καὶ
1555 3375 1634 3446 εἷς
1691 3385 1896 3454 ποιμὴν

327 3474 374 3524 οἱ
407 3472 673 3542 τέσσαρες
713 3472 984 3543 ποιμένες,
1017 3477 1081 3546 τῇ
1116 3475 1465 3547 ὁμοφροσύνῃ
1502 3476 1598 3530 καὶ
1627 3479 1691 3548 τῇ
1736 3475 1893 3545 ὀρθο-

327 3562 496 3633 δοξία,
533 3565 626 3616 καὶ
655 3567 801 3617 πᾶσα
839 3565 1060 3630 εὐταξία
1090 3566 1466 3636 κατεφυτεύθη
1497 3569 1576 3629 εἰς
1626 3570 1752 3630 τοὺς
1817 3569 1894 3619 ίε-

333 3656 444 3722 ρεῖς
490 3653 692 3722 Κυρίου
747 3653 840 3707 καὶ
888 3656 966 3717 είς
1003 3654 1094 3706 τὸν
1119 3653 1245 3707 λαὸν
1271 3653 1458 3717 αὑτοῦ,
1487 3653 1728 3723 ἀπελύθη
1760 3655 1895 3705 Exa-

332 3759 456 3806 στος
485 3744 594 3795 τῶν
647 3744 833 3813 ἱερέων
882 3745 972 3796 καί
1006 3746 1304 3816 ἀρχιερέων
1362 3748 1440 3808 εἰς
1491 3745 1589 3815 τὴν
1636 3745 1770 3797 ἰδίαν
1795 3745 1892 3796 πό·-

327 3836 433 3899 λιν,
478 3837 571 3888 καὶ
605 3836 741 3906 πρὸς
787 3836 876 3889 τὸν
904 3835 1030 3890 λαὸν
1058 3836 1220 3890 αὑτοῦ
1251 3837 1386 3907 μετὰ
1417 3840 1590 3907 χαρᾶς
1626 3835 1887 3905 μεγάλης.

336 3926 500 3978 una
531 3926 650 3978 τότε
709 3927 802 3994 μὲν
829 3929 922 3979 ἐπὶ
960 3927 1124 3980 πολὺν
1164 3928 1352 3997 χρόνον
1395 3928 1550 3996 ἔσχον
1574 3929 1798 3997 εἰρήνην
1837 3927 1892 3978 αἱ

326 4015 636 4083 πανταχόσε
694 4013 787 4068 τοῦ
833 4015 964 4067 Θεοῦ
1010 4016 1350 4084 Ἐκκλησίαι,
1383 4015 1742 4085 πορευόμεναι
1799 4015 1892 4067 καὶ

317 4106 771 4176 οἰκοδομούμεναι
822 4106 896 4176 τῷ
958 4108 1106 4178 φόϐῳ
1157 4109 1383 4178 Κυρίου,
1446 4107 1540 4160 καὶ
1602 4110 1666 4177 τῇ
1716 4124 1892 4178 παρα-

324 4197 516 4266 κλήσει
551 4197 642 4248 τοῦ
677 4196 829 4263 ἁγίου
880 4197 1188 4264 Πνεύματος
1239 4196 1600 4265 ὲπληθύνοντο
1623 4213 1636 4226 ·
1675 4197 1892 4248 ὑπελεί-

324 4287 442 4355 ξθη
470 4287 526 4340 δὲ
553 4288 706 4356 μόνος
730 4284 880 4349 οὗτος
909 4291 936 4340 ό
962 4290 1101 4340 κατὰ
1121 4289 1293 4341 πάντα
1314 4289 1430 4351 νέος
1447 4287 1639 4340 Ἰακὼό
1672 4287 1764 4340 καὶ
1799 4282 1894 4356 μέ-

319 4401 432 4448 γας
484 4385 821 4454 πατριάρχης
873 4384 1152 4454 Εὐτύχιος,
1205 4385 1278 4446 ὡς
1331 4387 1536 4446 ἐκεῖνος
1584 4384 1748 4437 πάλαι
1790 4401 1890 4435 ποο

322 4471 384 4521 τέ
450 4473 582 4540 πρὸς
637 4476 700 4541 τῇ
758 4473 1000 4524 διαϐάσει
1046 4472 1137 4524 τοῦ
1202 4471 1394 4523 Ἰακὼϐ
1447 4470 1517 4540 (τ’)
1584 4471 1888 4540 χειμάρρου

321 4558 596 4621 παλαίων,
631 4560 690 4611 ού
737 4561 866 4628 πρὸς
898 4559 1178 4628 ἄνθρωπον
1208 4555 1444 4609 τοιοῦτον
1472 4553 1540 4627 ἦν
1565 4573 1648 4618 τις
1677 4558 1710 4625 ἡ
1747 4558 1888 4626 πάλη

2071 3381 2159 3434 51.
2185 3379 2321 3434 Cum
2344 3380 2513 3451 igitur
2535 3389 2788 3451 pastores
2813 3391 3072 3452 quatuor,
3095 3400 3195 3454 per
3218 3355 3571 3444 concordiam

1998 3481 2322 3540 rectumque
2352 3486 2600 3536 sensum,
2630 3473 2756 3528 t‘acti
2782 3485 2968 3529 essent
2992 3491 3161 3529 unum
3186 3478 3330 3532 ovile
3352 3489 3408 3534 et
3431 3495 3573 3534 unus

1999 3567 2209 3626 pastor,
2243 3568 2300 3613 et
2345 3560 2528 3613 omnis
2580 3560 2891 3630 disciplima
2938 3563 3247 3618 moderatio
3289 3581 3456 3636 super
3479 3582 3572 3622 sa-

1997 3650 2254 3706 cerdotes
2282 3651 2502 3705 Domini
2541 3663 2595 3706 et
2641 3655 2907 3722 populum
2966 3656 3086 3725 ejus
3130 3659 3574 3727 conquievisset:

1997 3742 2375 3796 discesserunt
2417 3758 2542 3796 cum
2589 3759 2784 3812 magno
2817 3745 3020 3814 gaudio
3065 3747 3131 3800 ad
3182 3764 3309 3801 suas
3368 3749 3568 3820 singuli

1996 3832 2251 3885 civitates
2273 3841 2327 3885 ct
2347 3835 2605 3902 populos;
2649 3850 2711 3888 ac
2761 3835 2856 3888 diu
2899 3837 3121 3905 quidem
3179 3847 3310 3891 tunc
3371 3855 3566 3896 omnes

1995 3925 2245 3980 ecclesiae
2293 3927 2387 3979 Dei
2447 3927 2500 3978 in
2561 3943 2694 3995 pace
2751 3940 2983 3984 versata:
3030 3942 3158 3984 sunt
3189 3933 3568 4002 (ambulabant

1995 4015 2142 4066 enim
2184 4023 2239 4067 et
2286 4014 2702 4068 wdilicahantur
2741 4017 2793 4069 in
2853 4018 3046 4073 timore
3110 4019 3226 4080 bet.
3285 4030 3340 4074 et
3387 4025 3564 4078 sancti

1997 4101 2236 4170 Spiritus
2267 4105 2646 4158 consolatione
2681 4107 3082 4175 replebantut).
3110 4109 3338 4163 relictus
3378 4121 3560 4166 autem

1993 4197 2472 4265 Constantinopoli
2509 4207 2594 4251 cst
2645 4199 2816 4258 solus,
2845 4215 3020 4253 novus
3072 4200 3162 4254 hic
3202 4202 3460 4255 omnibus
3508 4204 3563 4257 in

1996 4290 2164 4343 rebus
2186 4289 2355 4344 Jacoh
2390 4300 2444 4342 et
2497 4306 2726 4359 magnus
2763 4291 3070 4360 patriarcha
3121 4292 3458 4364 Entycbius;
3507 4305 3564 4348 et

1995 4383 2139 4435 sicut
2164 4381 2254 4434 ille
2282 4382 2560 4450 quondam
2587 4382 2653 4435 ad
2683 4384 2880 4436 vadum
2916 4385 3178 4438 torrentis
3199 4385 3370 4439 Jacob
3392 4386 3565 4440 lucta-

1996 4478 2084 4522 tus
2121 4478 2240 4533 est;
2273 4484 2383 4522 non
2412 4485 2536 4522 cum
2567 4469 2812 4534 homine,
2837 4486 2959 4524 cum
2992 4472 3137 4540 quali
3185 4472 3331 4526 lucta
3400 4472 3560 4527 iStillS

1993 4555 2099 4610 fuit
2156 4557 2222 4624 (si
2291 4556 2516 4625 quidem
2585 4557 2631 4609 is
2685 4556 2852 4610 homo
2917 4558 3006 4612 ille
3055 4568 3174 4612 erat
3235 4561 3329 4629 qui
3391 4562 3560 4614 bene-

322 4651 376 4714 (ὁ
402 4650 506 4718 γὰρ
546 4649 828 4717 ἄνθρωπος
873 4651 1076 4712 ἐκεῖνος
1103 4645 1190 4719 ἦν,
1223 4650 1280 4713 ὃς
1319 4650 1413 4702 καὶ
1465 4649 1767 4717 ηύλόγησεν
1797 4648 1888 4700 τὸν

1995 4643 2131 4697 dixit
2159 4642 2333 4697 Jacoh
2357 4651 2413 4695 et
2441 4643 2673 4696 mutavit.
2709 4659 2904 4697 nomen
2938 4645 3056 4714 ejus
3077 4645 3130 4697 in
3168 4645 3440 4710 lsraelem,
3471 4647 3562 4699 di-

333 4741 531 4792 ’Ῑιιὼδ
549 4743 738 4809 λέγων,
762 4761 777 4788 ι
795 4742 915 4793 Ὂτι
933 4741 1215 4811 ἐνίσχυσας
1237 4743 1374 4810 μετὰ
1394 4739 1528 4794 Θεοῦ
1548 4739 1885 4805 παλαῖσαι›),

319 4830 462 4883 ἀλλὰ
486 4832 615 4899 πρὸς
642 4832 739 4896 τὰς
773 4833 944 4901 ἀρχὰς
967 4869 981 4892 ,
1017 4832 1147 4900 πρὶς
1178 4831 1275 4894 τὰς
1305 4829 1572 4896 ἐξουσίας,
1600 4828 1734 4898 πρὸς
1763 4831 1888 4892 τοὺς

325 4921 790 4989 κοσμοκράτορας,
819 4920 944 4983 τούς
973 4937 1030 4972 τε
1059 4922 1286 4990 ὁρατους
1323 4922 1413 4973 καὶ
1437 4919 1680 4989 νοητούς.
1716 4921 1889 4982 Μόνος

323 5003 443 5071 γάρ
465 5006 598 5074 ὑπὲρ
633 5007 865 5076 Χριστοῦ
892 5006 984 5059 τοῦ
1021 5007 1154 5060 Θεοῦ
1178 5008 1336 5077 ἡμῶν
1364 5010 1452 5061 τὸν
1481 5009 1716 5078 πόλεμον
1743 5010 1889 5077 ἠγω-

409 5122 449 5154 ⁸⁸
495 5125 609 5179 Psal
650 5143 772 5190 xcn,
817 5129 875 5181 5.
984 5128 1028 5160 ”
1064 5129 1197 5184 itid.
1242 5131 1297 5184 4.

339 5303 381 5326 η
411 5239 632 5326 (ἡξει),
686 5259 882 5305 xxxtn,
925 5244 1388 5326 '23..Perperam
1443 5247 1709 5326 scriptun!
1762 5258 1879 5301 erat

359 5307 752 5374 laxdﬁlinus,
779 5313 1029 5366 eumdem
1061 5307 1307 5369 fortassis
1322 5307 1572 5370 errorem-
1609 5318 1876 5370 inVeneto

325 5388 438 5432 ms.
466 5381 736 5447 reperiens
763 5382 1125 5436 dissimulavit
1150 5401 1347 5439 nomen
1379 5387 1508 5451 loci,
1529 5386 1675 5456 quod
1707 5403 1872 5455 porro

413 5491 514 5562 (23)
549 5494 908 5565 Theophanes
959 5499 1149 5553 addit:
1201 5522 1218 5550 ι
1262 5500 1568 5556 Concilium
1624 5501 1874 5556 habitum

329 5560 587 5642 fdverSus
614 5560 918 5642 dementem
943 5570 1251 5642 Qrigenem,
1275 5571 1560 5642 Didymum
1587 5573 1873 5626 oculorum

333 5630 535 5688 lumine
599 5637 890 5706 privatum,
952 5630 1266 5710 Evagrium,
1308 5630 1613 5712 eoi-umque
1675 5641 1872 5696 deliria

1995 4733 2182 4800 xitque
2211 4751 2223 4785 :
2253 4749 2269 4782 ι
2297 4732 2434 4798 Quia
2457 4749 2580 4787 cum
2611 4734 2722 4787 Deo
2765 4733 2988 4802 potuisti
3019 4735 3274 4804 luctari),
3320 4737 3413 4788 sed
3459 4737 3559 4789 ad-

1993 4841 2186 4880 versus
2200 4826 2545 4895 principesct
2564 4834 2876 4894 potestates.
2893 4825 3155 4879 adversus
3176 4826 3360 4879 mundi
3382 4835 3559 4880 recto-

1993 4933 2082 4971 res
2137 4927 2244 4972 tam
2279 4917 2520 4971 visibiles
2543 4931 2704 4985 quam
2737 4916 3058 4970 invisibiles.
3092 4915 3254 4969 Solus
3279 4917 3422 4969 enim
3453 4930 3557 4984 pro

1987 5007 2212 5066 Christo
2256 5009 2367 5062 Deo
2415 5017 2604 5062 nostro
2650 5008 2851 5062 bellum
2890 5009 3150 5077 suscepit,
3204 5007 3357 5060 solus
3383 5007 3552 5062 subiit

1986 5241 3093 5315 sequenaturﬂ;od‘IOpm-rrogvisumest
3151 5257 3309 5312 cgere
3360 5257 3551 5315 φοι-γον

1985 5313 2188 5380 οιίοηο,
2219 5313 2435 5384 qualern
2469 5313 2622 5368 vides
2639 5313 3249 5384 adhibitam,indicatur
3284 5313 3430 5384 enim
3457 5313 3547 5368 hic

1981 5385 2126 5454 quod
2159 5383 2361 5455 vir,qui
2381 5401 2503 5439 cum
2527 5383 3038 5445 Jacobluctahatur,
3059 5383 3332 5438 lueritDei
3361 5383 3550 5437 Filius.

1987 5500 2042 5553 in
2111 5499 2400 5570 gentilium
2489 5505 2728 5570 mentem
2801 5494 3152 5570 declinanda,
3204 5505 3282 5570 *ρι’
3328 5496 3558 5566 insuper

1980 5566 2252 5692 adversus
2270 5569 2668 5640 Acephalorum
2701 5568 2900 5636 capita.
2932 5586 2946 5617 ι
2984 5567 3054 5618 De
3083 5566 3168 5620 his
3203 5567 3341 5620 infra
3399 5579 3553 5619 num.

2017 5642 2066 5702 6,
2090 5641 2289 5710 agitur.
