3982 6206
419 284 554 351 2311

1495 283 1556 344 8.
1596 279 1961 343 EUTYCIIII
1996 277 2499 339 PATRIARCHE
2537 276 2646 336 CP.

3534 267 3668 331 2‘31!

424 397 793 454 Ecclesiarum
829 396 1259 454 sollicitudinem
1294 405 1349 452 et
1381 410 1553 466 usque
1582 393 1650 448 ad
1675 393 1996 464 sanguinem

2102 390 2306 453 νίσατο,
2347 391 2507 459 μόνος
2537 389 2638 459 τὴν
2668 385 2939 458 μέριμναν
2965 381 3074 436 τῶν
3105 381 3401 453 Ἐκλητιῶν
3426 383 3665 452 ἀνεδέξα.

419 490 675 556 restitit,
740 499 900 544 nocte
925 505 990 544 ac
1035 489 1126 544 die
1182 503 1433 559 pugnans
1487 486 1752 540 adversus
1809 485 1994 537 hostes

411 579 698 635 veritatis:
724 579 852 650 quia
880 595 1075 650 graves
1099 589 1155 634 et
1175 579 1395 633 Abarici
1415 577 1522 648 (24)
1557 577 1670 646 lupi
1699 591 1807 628 non
1843 574 1993 628 desi-

414 670 622 724 nebant
667 671 766 726 Dei
791 687 1016 741 gregem
1048 685 1388 741 oppugnare,
1427 669 1567 722 mala
1590 667 1894 737 cogitantes
1936 674 1993 718 et

414 759 704 832 loquentes
764 778 1019 832 perversa
1077 763 1432 834 captivasque
1487 759 1756 815 ducentes
1781 757 1992 812 animas

414 852 831 924 simpliciurum.

483 1031 571 1087 52.
604 1031 702 1085 Dei
740 1030 908 1100 igitur
933 1045 1129 1086 servus
1156 1045 1404 1102 gregem,
1441 1045 1470 1084 a
1494 1029 1753 1098 Principe
1799 1039 1986 1098 pasto-

416 1139 540 1178 rum
581 1124 688 1178 sibi
721 1123 1020 1189 creditum,
1050 1139 1216 1193 super
1235 1139 1431 1192 aquam
1474 1122 1796 1177 refectionis
1827 1131 1885 1176 et
1939 1123 1995 1176 in

417 1218 540 1272 loco
565 1233 782 1287 pascuae
812 1217 1125 1280 collocavit,
1163 1216 1310 1286 quod
1338 1216 1555 1270 ﬁrmum
1601 1225 1721 1271 erat
1775 1230 1997 1269 conser-

417 1323 574 1372 vans,
600 1309 748 1376 quod
770 1307 1012 1362 fractum
1064 1307 1314 1377 alligans,
1369 1306 1518 1375 quod
1567 1305 1748 1360 debile
1797 1307 1998 1359 contir-

417 1414 598 1464 mans,
625 1399 774 1468 quod
797 1399 1096 1454 aberrahat
1142 1399 1418 1454 reducens
1465 1407 1727 1467 tanquam
1782 1399 1994 1468 peritus

418 1499 632 1559 pastor,
651 1491 1008 1544 sermonibus
1038 1499 1094 1544 et
1118 1490 1448 1548 rationibus,
1485 1489 1652 1558 idque
1704 1503 1802 1556 per
1859 1499 1997 1541 tein-

418 1597 524 1652 pus
555 1597 665 1635 non
688 1581 991 1636 modicum.
1028 1581 1241 1634 Ardere
1291 1581 1402 1634 diei
1458 1590 1514 1634 et
1567 1580 1748 1634 noctis
1792 1579 1994 1649 frigore

418 1673 713 1737 urebatur,
746 1672 1092 1726 sicutJacob
1139 1673 1482 1740 patriarcha,
1519 1672 1612 1740 qui
1670 1687 1771 1742 pro
1812 1671 1907 1724 Lia
1941 1681 1996 1724 et

419 1765 660 1820 Rachele
688 1764 921 1819 servivit
959 1765 1165 1830 Laban,
1203 1780 1436 1834 pascens
1485 1779 1682 1833 pecora
1731 1764 1854 1834 ejus
1895 1779 2012 1817 an-_

2100 499 2180 546 το,
2241 480 2765 551 ἀντικαθιστάμενος
2815 479 3009 548 μέχρις
3071 477 3302 546 αἵματος
3349 475 3543 538 νυκτὸς
3585 479 3667 531 καὶ

2100 571 2313 641 ἡμέρας
2340 572 2476 642 πρὸς
2502 573 2627 634 τοὺς
2665 572 2760 640 τῆς
2789 568 3048 637 ἀληθείας
3082 565 3331 637 ἐχθρούς.
3361 567 3452 636 Μὴ
3500 569 3668 635 φειδόο

2103 680 2254 732 μενοι
2287 662 2396 734 γὰρ
2424 665 2470 716 oi
2502 663 2688 734 βαρεῖς
2723 661 2818 713 καὶ
2850 659 3130 731 ’Λϐαρικοὶ
3162 658 3314 712 λύκοι
3345 657 3441 712 τοῦ
3459 659 3663 728 λογικοῦ

2099 755 2374 825 ποιμνίου,
2413 755 2540 824 ὃλην
2575 755 2670 824 τὴν
2707 753 2916 824 ἡμέραν
2945 752 3006 804 οῦ
3037 752 3274 805 διέλιπον
3313 751 3668 821 πολεμοῦντες

2096 848 2192 900 καὶ
2210 846 2394 898 κακῶν
2411 847 2726 915 ἐφευρέσεις
2744 845 3075 916 ποιούμενοι,
3093 844 3378 906 λαλοῦντες
3395 844 3668 918 διεστραμ-

2104 939 2238 1008 μένα
2269 979 2282 1003 ,
2348 937 2443 990 καὶ
2498 938 2990 1007 αἰχμαλωτίζοντες
3041 937 3219 1008 ψυχάς
3275 938 3663 1006 ἁπλουστέρων.

2181 1030 2282 1100 λβθ.
2318 1031 2523 1102 Χρόνον
2556 1031 2684 1098 γοῦν
2708 1032 2768 1083 ού
2829 1032 3048 1102 μέτριον
3082 1030 3349 1101 ἐκθρέψας
3391 1032 3485 1084 καὶ
3517 1033 3666 1094 αὐτῆς

2096 1123 2123 1174 6
2149 1122 2243 1174 τοῦ
2275 1121 2411 1175 Θεοῦ
2447 1122 2702 1195 Θεράπων
2731 1123 2791 1175 τὸ
2826 1122 3188 1193 ἐμπιστευθὲν
3224 1122 3372 1194 αὐτῷ
3405 1123 3663 1191 ποίμνιον,

2095 1210 2249 1281 παρά
2273 1211 2366 1263 τοῦ
2419 1211 2811 1282 ἀρχιποίμενος
2872 1211 3132 1282 Χριστοῦ,
3186 1212 3280 1264 ἐπὶ
3319 1210 3513 1274 ὓδατος
3542 1211 3665 1264 ἀνα-

2096 1301 2350 1364 παύσεως
2394 1305 2488 1354 καὶ
2521 1303 2601 1364 είς
2653 1303 2816 1356 τόπον
2847 1303 3009 1372 χλόης
3057 1302 3189 1356 αύτδ
3221 1301 3664 1371 κατασκηνώσας,

2097 1391 2389 1462 τδίσχυρδν
2409 1392 2667 1461 φυλάξας,
2685 1394 2744 1446 τὸ
2778 1395 3238 1463 συντετριμμένον
3271 1393 3667 1463 καταδήσας,τὸ

2103 1484 2403 1554 ἠσθενηκδς
2434 1485 2742 1554 ἐνισχύσας,
2766 1486 2860 1538 καὶ
2889 1485 2947 1538 τὸ
2976 1485 3390 1555 πεπλανημένον
3423 1487 3669 1554 ἐπιστρέ-

2102 1573 2208 1642 ψας
2233 1572 2408 1641 λόγοις
2441 1574 2800 1642 ποιμαντικῆς
2844 1575 3150 1642 ἐπιστήμης
3185 1572 3449 1642 ἐμπείρου
3481 1573 3669 1641 ποιμέ-

2101 1683 2210 1731 νος,
2250 1665 2442 1734 ἔμενεν
2477 1667 2869 1737 συγκαιόμενος
2919 1665 2994 1738 τῷ
3025 1666 3267 1718 καύσωνι
3319 1665 3417 1734 τῆς
3459 1666 3670 1734 ἡμέρας

2103 1759 2198 1811 καὶ
2234 1759 2312 1828 τῷ
2361 1759 2586 1830 παγετῷ
2625 1759 2726 1828 τῆς
2777 1759 2990 1824 νυκτὸς,
3032 1758 3171 1812 κατὰ
3205 1757 3295 1811 τὸν
3331 1759 3668 1829 πατριάρχην

417 1858 508 1914 nis
553 1857 1000 1927 quatuordecim.
1029 1857 1234 1930 Yerum
1263 1858 1353 1910 ille
1391 1872 1490 1925 pro
1515 1856 1714 1910 ovibus
1757 1855 1989 1907 rationis

2104 1849 2319 1916 Ἰακὼϐ,
2345 1851 2399 1914 ὃς
2425 1851 2563 1922 ὑπὲρ
2588 1852 2722 1915 Δίας
2745 1870 2825 1918 τε,
2851 1852 3013 1922 φημὶ,
3037 1851 3343 1921 καὶῬαχηλ
3371 1851 3670 1903 ἐδούλευσεν

415 1949 738 2018 expertibus
769 1949 984 2003 ferebat
1013 1949 1232 2002 labores
1254 1965 1488 2016 quorum
1535 1957 1654 2002 erat
1709 1948 1997 2002 manifesta

418 2057 634 2096 merces
665 2042 813 2112 (nam
852 2057 975 2111 quae
1017 2042 1360 2097 sublimioris
1406 2042 1799 2110 speculationis
1844 2050 1994 2103 sunt,

416 2133 565 2203 quod
593 2133 806 2188 scilicet
831 2133 1152 2204 conjugium
1188 2133 1326 2186 illud
1369 2132 1561 2187 Jacobi
1609 2148 1733 2185 cum
1781 2132 1998 2186 duabus

417 2223 712 2278 sororibus
737 2224 972 2294 figuram
1003 2223 1300 2294 quamdam
1337 2238 1447 2292 prie
1478 2238 1538 2276 se
1571 2221 1779 2276 ferebat
1809 2221 2000 2275 Eccle-

417 2315 512 2369 sia:
555 2331 623 2368 ex
675 2315 885 2370 Judazis
956 2321 1012 2369 et
1055 2315 1318 2384 gentibus
1363 2312 1781 2382 congregandos,
1832 2327 1995 2380 quam

415 2405 676 2460 Christus
699 2407 949 2461 omnium
974 2407 1120 2460 Deus
1155 2405 1260 2460 sibi
1313 2403 1630 2473 despondit,
1667 2403 1830 2456 aliam
1873 2418 1996 2455 orn-

418 2496 628 2550 tionem
684 2495 1056 2566 requireret),
1091 2509 1324 2564 magnus
1385 2502 1569 2548 autem
1627 2493 1718 2548 hic
1766 2493 1852 2546 vir
1901 2492 1996 2546 Dei

417 2585 750 2657 Eutychius,
771 2601 1045 2640 annorum
1105 2601 1360 2650 numero,
1389 2585 1684 2639 duodecim
1730 2584 1995 2654 apostolis

417 2677 560 2744 pari,
597 2692 819 2747 gregem
867 2676 1077 2731 Christi
1127 2677 1297 2746 pavit,
1349 2691 1513 2745 quem
1547 2675 1662 2745 ipse
1711 2684 1995 2745 pastorum

417 2767 703 2836 Princeps,
725 2768 1085 2837 apostolorun
1107 2768 1346 2838 principi
1372 2769 1534 2822 Petro
1551 2767 1991 2822 commendavit:

424 2879 443 2912 ι
468 2859 525 2914 Si
547 2860 732 2931 diligis
749 2869 806 2915 et
832 2877 985 2916 amas
1007 2877 1114 2925 me,
1143 2862 1419 2930 inquiens,
1440 2875 1602 2930 pasce
1628 2876 1797 2930 agnos
1819 2875 1992 2926 meos,

417 2966 582 3020 pasce
605 2967 736 3006 oves
758 2967 942 3007 meas:
968 2972 986 3004 ι
1013 2953 1111 3006 has
1141 2968 1379 3022 namque
1409 2952 1726 3021 obsignatas
1748 2969 1913 3008 cruce
1939 2962 1995 3006 et

416 3042 722 3097 virtutibus
747 3045 946 3107 varias,
982 3045 1038 3097 in
1064 3060 1232 3097 unum
1267 3044 1434 3106 ovile,
1470 3043 1523 3097 id
1559 3057 1640 3098 est
1667 3045 1719 3097 in
1747 3055 1994 3098 sanetam

419 3133 748 3188 catholicam
785 3143 841 3188 et
877 3135 1234 3202 apostolicam
1263 3134 1592 3200 Ecclesiam,
1633 3147 1994 3205 congregatas

417 3227 787 3290 conservavit,
814 3226 998 3280 alieno
1032 3242 1142 3280 non
1174 3228 1482 3300 servientes
1514 3243 1616 3280 nec
1663 3228 1988 3282 audientes:

416 3331 551 3372 oves
579 3318 727 3372 enim
751 3318 988 3387 pr0pria:
1015 3333 1236 3386 semper
1264 3309 1506 3371 audiunt
1529 3332 1720 3371 vocem
1755 3319 1870 3372 veri
1897 3335 1996 3387 pa-_

417 3409 606 3463 storis.
637 3410 758 3479 Ipse
790 3425 925 3464 vero
984 3427 1094 3464 non
1130 3411 1238 3464 fuit
1289 3411 1690 3473 mercenarius,
1733 3427 1911 3479 neque
1937 3419 1996 3464 ut

419 3499 529 3564 fur,
578 3511 673 3556 aut
716 3502 880 3566 latro,
917 3511 1012 3556 aut
1049 3501 1403 3571 peregrinus,
1441 3510 1537 3556 aut
1577 3502 1795 3556 alienus
1851 3503 1995 3556 ovile

419 3587 698 3657 ingressus
728 3596 846 3653 est;
892 3589 987 3643 sed
1038 3589 1226 3643 divina
1255 3589 1373 3658 lege
1417 3597 1473 3642 et
1519 3589 1726 3656 optimo
1775 3590 1992 3654 ordine,

417 3694 542 3732 cum
578 3680 868 3749 disciplina
895 3689 952 3736 et
983 3681 1157 3750 gratia
1189 3688 1548 3749 congruente,
1582 3681 1876 3750 conjuncta
1911 3694 1995 3736 est

418 3769 495 3822 illi
533 3770 777 3825 Ecclesia
811 3773 933 3836 Dei,
969 3789 1134 3841 quam
1183 3772 1457 3842 virginem
1512 3781 1720 3826 castam
1759 3773 1994 3826 Domino

416 3863 741 3918 custodivit.

2099 1944 2178 2013 τῷ
2201 1944 2404 2009 Λάϐαν,
2445 1945 2751 2014 ποιμαίνων
2779 1946 2847 1998 τὰ
2879 1943 3125 2013 πρόϐατα
3145 1943 3389 2012 τέσσαρα
3423 1944 3515 1995 καὶ
3543 1942 3668 1994 δέκα

2101 2034 2194 2105 ἔτη
2225 2036 2437 2105 χρόνον.
2482 2036 2621 2087 Ἀλλ’
2670 2037 2698 2088 6
2723 2035 2819 2107 μὲν
2852 2037 2991 2107 ὑπὲρ
3017 2035 3226 2104 ἀλόγων
3249 2035 3538 2104 προϐάτων
3565 2051 3671 2087 τοι·

2100 2126 2287 2188 ούτους
2311 2129 2603 2196 ὑπέμεινεν
2631 2131 2834 2190 κόπους
2860 2129 2954 2180 καὶ
2982 2128 3196 2190 πόνους,
3223 2119 3298 2179 ὧν
3324 2127 3416 2180 καὶ
3437 2129 3464 2179 6
3487 2126 3670 2196 μισθὶς

2099 2217 2319 2287 εῦδηλος
2346 2219 2435 2288 (τὰ
2465 2220 2573 2289 γὰρ
2607 2219 2706 2289 τῆς
2753 2219 3087 2290 ὑψηλοτέρας
3131 2218 3381 2290 Θεωρίας,
3413 2218 3494 2270 ὅτι
3523 2217 3669 2286 ἠτοῦ

2113 2308 2306 2361 Ἰακὼϐ
2348 2309 2578 2378 συζυγία
2611 2309 2745 2378 πρὸς
2769 2311 2867 2372 τὰς
2887 2309 2980 2363 δύο
3003 2309 3257 2378 ἀδελφὰς,
3290 2307 3460 2371 τύπος
3486 2303 3553 2378 ἦν
3580 2311 3673 2378 τῆς

2099 2396 2158 2462 ἐξ
2199 2399 2472 2453 Ἰουδαίων
2498 2401 2590 2453 καὶ
2627 2403 2683 2467 ἐξ
2711 2399 2878 2454 ἐθνῶν
2920 2401 3268 2472 Ἐκκλησίας,
3301 2401 3367 2463 ἀς
3402 2399 3669 2470 ένυμφεύ·

2100 2507 2228 2544 σατο
2255 2493 2489 2562 Χριστὸς
2521 2495 2549 2546 6
2581 2496 2674 2547 ἐπὶ
2697 2496 2914 2548 πάντων
2941 2495 3092 2560 Θεὸς,
3126 2495 3314 2565 ἕτερον
3346 2494 3411 2548 ἂν
3445 2495 3556 2563 ἔχοι
3588 2493 3671 2546 λό-

2098 2583 2234 2652 γον)’
2266 2581 2417 2648 οὗτος
2439 2585 2492 2638 δὲ
2525 2586 2553 2637 6
2589 2586 2759 2656 μέγας
2787 2587 3047 2657 Εὐτύχιος
3080 2587 3173 2640 καὶ
3199 2587 3289 2639 τοῦ
3314 2586 3445 2638 Θεοῦ
3469 2586 3667 2655 ἄνθρωο

2099 2691 2219 2739 πος,
2246 2675 2337 2728 τὸν
2364 2677 2646 2747 ἰσάριθμον
2679 2678 2788 2731 τῶν
2819 2678 3131 2731 ἀποστόλων
3189 2677 3494 2747 δωδεκαέτη
3551 2676 3676 2748 χρό-

2097 2782 2186 2818 νον
2217 2767 2489 2836 ποιμάνας
2510 2767 2607 2838 τὴν
2636 2767 2861 2838 λογικὴν
2889 2768 3127 2837 ποίμνην
3177 2767 3275 2819 τοῦ
3310 2765 3567 2836 Χριστοῦ,
3608 2767 3674 2837 ἢν

2097 2858 2257 2921 αὐτὸς
2285 2861 2312 2912 6
2343 2861 2680 2932 ἀρχιποίμην
2728 2862 3111 2931 παραδέδωκεν
3141 2863 3217 2930 τῷ
3247 2861 3526 2931 κορυφαίῳ
3567 2859 3676 2911 τῶν

2097 2951 2408 3004 ἀποστόλων
2433 2952 2644 3022 Πέτρῳ,
2677 2951 2868 3018 λέγων·
2899 2971 2916 3002 ι
2958 2953 3018 3006 Ei
3037 2954 3258 3022 ἀγαπᾷς
3295 2968 3362 3021 με
3387 2951 3477 3003 καὶ
3504 2949 3677 3018 φιλεῖς

2099 3059 2188 3112 με,
2228 3044 2484 3112 ποίμαινε
2523 3043 2592 3096 τὰ
2651 3045 2901 3115 πρόϐατά
2937 3061 3060 3113 μου,
3097 3044 3188 3096 καὶ
3221 3041 3381 3112 βόσκε
3417 3041 3485 3092 τὰ
3517 3041 3680 3112 ἀρνία

2100 3150 2224 3202 μου,
2247 3153 2265 3185 ι
2295 3132 2468 3186 πάντα
2491 3133 2557 3186 τὰ
2574 3133 2649 3204 τῷ
2669 3134 2884 3205 σταυρῷ
2909 3134 3325 3205 σεσημειωμένα
3342 3133 3435 3184 καὶ
3457 3129 3679 3182 ποικίλα

2099 3228 2214 3288 ταῖς
2239 3226 2482 3296 ἀρεταῖς,
2531 3228 2610 3289 εἰς
2663 3227 2790 3296 μίαν
2828 3225 3068 3296 μάνδραν
3095 3226 3188 3278 καὶ
3214 3224 3382 3293 αὐλὴν
3409 3222 3554 3292 μίαν,
3577 3221 3680 3290 τὴν

2096 3319 2256 3385 ἁγίαν
2305 3318 2600 3388 καθολικὴν
2646 3318 2742 3371 καὶ
2783 3318 3144 3388 ἀποστολικὴν
3196 3317 3522 3386 Ἐκκλησίαν
3563 3332 3684 3368 συν-

2093 3411 2354 3481 ἀθροίσας
2382 3411 2667 3480 ἐφύλαξεν,
2689 3411 2954 3482 ἀλλοτρίῳ
2980 3412 3054 3482 μὴ
3079 3409 3488 3478 δουλεύσανταῆ
3518 3408 3682 3462 ἀκού-

2103 3519 2272 3554 σαντα
2290 3502 2533 3555 πώποτε
2556 3503 2623 3555 τὰ
2636 3503 2743 3573 γὰρ
2772 3501 2880 3556 ἴδια
2898 3503 3146 3573 πρόϐατα
3166 3501 3254 3554 διὰ
3270 3501 3468 3564 παντὸς
3493 3499 3684 3552 ἀκούει

2097 3595 2196 3663 τῆς
2236 3593 2417 3663 φωνῆς
2448 3593 2540 3646 τοῦ
2579 3593 2833 3664 ἀληθινοῦ
2871 3593 3151 3663 ποιμένος.
3175 3594 3247 3645 Ού
3273 3591 3382 3661 γὰρ
3405 3590 3682 3661 μισθωτὸς

2103 3685 2348 3753 ἐγεγόνει
2372 3685 2595 3755 ποιμὴν,
2627 3688 2659 3758 ἢ
2689 3686 2766 3748 ὡς
2800 3685 3036 3753 κλέπτης
3087 3686 3179 3738 καὶ
3206 3683 3431 3757 λῃστὴς,
3467 3684 3498 3754 ἦ
3532 3683 3685 3747 ξένος

2102 3777 2196 3829 καὶ
2229 3777 2507 3847 ἀλλότριος
2556 3779 2636 3840 είς
2673 3778 2771 3847 τὴν
2827 3777 3068 3849 μάνδραν
3126 3778 3504 3847 είσεπήδησεν,
3542 3774 3686 3827 ἀλλά

2105 3867 2234 3938 θείῳ
2265 3869 2414 3939 νόμῳ
2447 3871 2538 3922 καὶ
2581 3870 2734 3935 τάξει
2783 3869 3002 3940 ἀρίστῃ,
3051 3869 3190 3938 μετά
3241 3870 3342 3943 τῆς
3364 3866 3688 3938 πρεπούσης

415 3957 671 4021 εὐταξίας
733 3959 828 4011 καλ⁵
884 3959 1127 4029 χάριτος,
1185 3958 1438 4029 ήρμόσθη
1493 3957 1642 4028 αὐτῷ
1694 3961 1727 4028 ὴ
1769 3958 1858 4010 τοῦ
1889 3958 2026 4012 Θεοῦ
2068 3960 2386 4031 Ἐκκλησία,
2449 3963 2515 4031 ἢν
2566 3963 2659 4014 καὶ
2703 3962 3050 4030 παρέστησεν
3095 3961 3360 4032 παρθένον
3401 3959 3571 4029 ἁγνὴν
3602 3959 3692 4029 τῷ

417 4052 627 4121 Κυρίῳ.

484 4145 553 4197 3.9.
575 4144 678 4197 bis.
702 4143 970 4198 Caeterum
990 4143 1083 4198 diu
1111 4144 1216 4197 hoc
1237 4142 1381 4198 ferre
1408 4159 1518 4198 non
1553 4143 1731 4214 potuit
1752 4143 2007 4198 honesta-

419 4233 487 4285 tis
519 4233 776 4286 inimicus
799 4232 1132 4302 invidusque
1154 4232 1428 4295 diabolus,
1453 4233 1545 4300 qui
1574 4233 1815 4286 insolens
1839 4243 2002 4301 atque

418 4327 696 4394 superbus
723 4325 864 4379 dixit
897 4341 912 4378 :
971 4345 989 4376 ι
1022 4325 1084 4379 In
1122 4324 1450 4377 fortitudine
1486 4340 1683 4378 manus
1731 4339 1864 4378 mea:
1907 4325 2002 4378 de-

2175 4139 2272 4209 λβ⁰.
2323 4139 2462 4192 Ἀλλ’
2499 4140 2598 4193 οὐκ
2627 4141 2854 4209 ἤνεγκεν
2910 4141 3000 4193 ἐπὶ
3057 4140 3192 4194 πολὺ
3219 4142 3247 4193 6
3294 4141 3549 4213 φθονερὸς
3587 4144 3695 4196 καὶ

2106 4231 2398 4300 μισόκαλος
2418 4231 2682 4298 διάϐολος,
2714 4233 2742 4283 6
2767 4231 2980 4296 ἀλαζὼν
3019 4233 3106 4285 καὶ
3132 4234 3497 4304 ὑπερήφανος,
3533 4233 3561 4284 6
3588 4234 3690 4286 λέ-

2101 4340 2234 4391 γων,
2270 4343 2289 4374 ι
2328 4325 2404 4394 Τῇ
2441 4323 2588 4393 ἰσχύϊ
2623 4341 2722 4393 μου
2789 4323 3178 4394 καταλήψομαι
3212 4325 3310 4395 τὴν
3341 4324 3693 4395 οἰκουμένην

420 4417 559 4469 traxi
600 4415 753 4484 quasi
785 4425 979 4484 potens
1004 4415 1060 4468 in
1087 4414 1308 4468 sublimi
1346 4413 1674 4479 residentes,
1704 4423 1760 4467 et
1787 4414 1994 4469 invenit

2102 4411 2229 4479 ὅλην
2247 4413 2322 4474 ὡς
2348 4414 2587 4478 νοσσιὰν,
2607 4412 2701 4465 καὶ
2721 4411 2796 4476 ὡς
2821 4413 3390 4484 καταλελειμμέναῶά
3417 4414 3556 4485 ἀρῶ,
3585 4417 3695 4467 καὶ

419 4507 578 4576 quasi
613 4506 803 4559 nidum
828 4521 1024 4559 manus
1060 4520 1177 4559 mea
1225 4504 1606 4558 fortitudinem
1635 4506 1998 4574 populorum;

420 4598 564 4650 sicut
611 4597 942 4666 colliguntur
987 4611 1088 4649 ova
1120 4612 1242 4664 qua:
1271 4595 1540 4650 derelicta
1601 4605 1745 4659 sunt,
1783 4598 1861 4650 sic
1888 4597 2003 4650 uni-

419 4703 638 4742 versam
688 4699 891 4742 terram
944 4702 1048 4757 ego
1099 4687 1432 4757 congregavi
1480 4687 1546 4740 “.
1586 4706 1604 4738 ι
1662 4686 1798 4741 Cum
1853 4688 2002 4742 enim

421 4780 708 4833 ﬂorentem
763 4794 826 4832 ac
858 4779 1081 4848 plenum
1115 4777 1327 4832 Christi
1363 4793 1549 4847 agrum
1580 4789 1854 4843 cerneret,
1889 4780 2005 4833 fru-

421 4879 782 4941 mentumque
838 4879 1117 4924 maturum
1151 4887 1215 4925 ac
1249 4871 1535 4942 multiplex
1585 4882 1641 4927 et
1688 4873 1754 4926 ad
1801 4873 2001 4927 malum

422 4977 598 5032 usque
643 4962 992 5032 pertingens;
1041 4962 1173 5032 quid
1227 4962 1423 5017 fecerit
1471 4963 1807 5017 zizaniorum
1853 4973 2005 5018 sator

421 5059 476 5105 et
525 5053 740 5121 generis
784 5053 959 5106 nostri
992 5053 1187 5116 hostis,
1233 5052 1368 5122 quid
1424 5053 1772 5108 machinatus
1805 5053 1876 5108 sit
1911 5070 2000 5109 sa-

421 5142 581 5210 piens
628 5143 719 5198 ille
769 5144 835 5199 ad
883 5143 1197 5199 faciendum
1231 5145 1457 5209 malum,
1488 5145 1766 5214 quomodo
1793 5148 2003 5202 zizania

423 5232 478 5286 in
530 5233 865 5289 frumentum
926 5235 1244 5306 conjecerit,
1295 5235 1600 5290 videamus.
1656 5237 1851 5306 Specie
1883 5237 2001 5306 pie-

496 5391 540 5422 "
592 5392 696 5447 lsa.
758 5409 814 5458 ι,
876 5390 1076 5456 15,Η.

499 5529 609 5605 (ἳῤ)
656 5532 735 5605 Ita
779 5535 1113 5604 ecgraphnm
1179 5543 1432 5605 nostrum
1479 5535 1784 5605 ῘΑ-ϐαρικοί,
1843 5515 1990 5605 quod

427 5599 600 5687 magis
647 5599 1297 5687 plaeet'qnamﬂArabici
1353 5603 1497 5687 apud
1523 5599 1717 5686 Zin'um
1772 5599 1788 5660 ξ
1861 5599 1990 5687 quia

405 5671 624 5750 ⁸Δίηιτεε
654 5689 762 5728 non
794 5671 1103 5756 Arabes._iis
1133 5671 1479 5745 temporibus
1518 5675 1753 5757 maxime
1794 5671 1992 5732 exitia-

2101 4505 2165 4572 τῇ
2193 4502 2335 4572 χειρί
2376 4521 2476 4573 μου
2506 4503 2688 4570 ἀφελῶ
2722 4505 2845 4575 ὅρια
2889 4505 3079 4569 ἐθνῶν,
3120 4526 3138 4557 ι
3173 4505 3384 4575 βλέπων
3418 4505 3697 4576 εὐθηνου-

2103 4598 2272 4667 μένην
2293 4599 2388 4651 κα)⁵
2418 4598 2686 4668 βρύουσαν
2715 4599 2813 4668 τὴν
2848 4600 3088 4672 ἄρουραν
3134 4602 3400 4672 Χριστοῦ,
3442 4603 3533 4656 καὶ
3586 4605 3698 4658 τὸν

2103 4690 2246 4740 σῖτον
2281 4689 2552 4760 εῦσταχυν
2581 4691 2676 4745 καὶ
2729 4691 2994 4761 πολύχουν
3027 4695 3107 4756 είς
3135 4693 3196 4746 τὸ
3239 4694 3486 4764 οὐράνιον
3540 4694 3698 4764 ὕψος

2100 4781 2535 4853 ἀνατεινόμενον,
2559 4783 2613 4835 τί
2641 4786 2784 4836 ποιεῖ
2819 4786 2847 4838 6
2885 4785 2993 4838 τῶν
3021 4785 3273 4850 ζιζανίων
3299 4787 3551 4856 σπορεὺς,
3586 4790 3704 4841 καὶ

2099 4871 2193 4925 τοῦ
2222 4872 2412 4940 γένους
2448 4875 2603 4945 ήμῶν
2649 4875 2858 4946 ἐχθρὸς,
2882 4877 2935 4929 τί
2972 4880 3280 4947 μηχανᾶται
3303 4881 3332 4932 6
3390 4879 3548 4946 σοφὸς
3585 4879 3704 4932 τοῦ

2099 4965 2489 5035 κακοποιῆσαι,
2511 4966 2629 5029 πῶς
2675 4966 2930 5036 ἐμϐάλλει
2969 4969 3047 5038 τῷ
3076 4970 3206 5040 σίτῳ
3259 4970 3358 5039 τὴν
3395 4970 3702 5040 ἐρυσίϐην,

2105 5056 2324 5126 ἴδωμεν.
2387 5058 2666 5127 Προφάσει
2745 5057 2907 5127 δῆθεν
2975 5058 3284 5123 θεοσεϐείας
3356 5060 3451 5116 καὶ
3511 5061 3707 5132 τιμῆς

2104 5148 2245 5211 (ἔστι
2287 5166 2411 5212 που,
2446 5149 2524 5213 ῶς
2563 5167 2730 5219 φησιν
2765 5152 2793 5202 6
2851 5151 3190 5214 ’Δπόστολος,
3229 5152 3390 5220 ζῆλον
3441 5152 3704 5221 ἔχουσιν,

2103 5237 2217 5290 ἀλλ’
2243 5240 2301 5290 ού
2339 5239 2458 5292 κατ’
2488 5239 2808 5307 ἐπίγνωσιν)
2835 5240 2862 5291 ό
2921 5239 3016 5303 σῦς
3047 5241 3109 5294 ἐκ
3154 5241 3360 5312 δρυμοῦ
3384 5240 3476 5294 καὶ
3499 5240 3710 5311 μονιδς

2103 5538 2192 5591 les
2216 5519 2451 5607 imperio
2485 5546 2663 5599 erant.
2691 5545 2750 5590 ut
2775 5535 2845 5589 ab
2871 5534 2958 5588 his
2993 5533 3176 5604 potius
3201 5535 3496 5607 quamillis
3541 5544 3727 5595 tunc

2100 5605 2483 5676 cognominati
2541 5609 2821 5679 potuerint
2872 5620 3216 5676 quaecunque
3273 5605 3502 5662 barbara
3540 5607 3728 5664 elli-

2104 5693 2296 5748 raque.
