4042 6156
319 208 427 272 θὲιὲ

1788 195 1956 257 νιΤΑ
1969 244 1980 257 .

3360 193 3495 259 23η

322 322 468 388 ἄγριος
486 312 792 382 λυμαίνεται
819 308 905 362 διὰ
933 307 1035 360 τῶν
1051 306 1451 375 ἁπλουστέρων,
1469 304 1542 368 ὼς
1569 303 1830 373 ἐνόμισεν.

1943 302 2068 356 tatis
2125 309 2181 356 et
2213 301 2499 373 religionis
2535 298 2826 372 (centingit
2854 315 3112 371 namque,
3161 311 3222 358 ut
3251 305 3328 359 ait
3355 307 3498 378 Apo-

324 414 397 478 τὴν
417 406 567 474 καλὴν
604 401 844 472 ἄμπελον
884 401 982 468 τὴν
1019 397 1367 467 Ἐκκλησίαν,
1433 396 1526 449 καὶ
1564 395 1828 465 προσάγει

319 500 394 570 μὲν
419 497 635 564 ἀνέμους
687 495 780 545 καὶ
813 491 975 560 ζάλην
1007 492 1072 559 τῇ
1120 488 1212 539 ἐπὶ
1262 486 1358 555 τὴν
1395 485 1599 556 πέτραν
1651 484 1829 547 καλῶς

315 585 702 655 οξκοδομηθείσῃ,
737 581 1003 651 ἢ’μᾶλλον
1030 581 1199 631 εἰπεῖν
1226 579 1360 646 αὐτῇ
1389 580 1454 647 τῇ
1479 578 1682 646 πέτρᾳο
1720 577 1831 627 δια-

239 675 242 678 ’
313 680 484 732 λύονται
509 677 564 729 δὲ
593 675 728 744 μετὰ
765 673 936 742 βραχὺ
967 668 1242 740 κονιορτοῦ
1282 670 1376 721 καὶ
1401 667 1566 721 αὑτοῦ
1593 666 1681 718 τοῦ
1708 667 1833 718 ἀνέ-

315 786 395 837 μου
417 766 718 835 ταχύτερον.
751 763 889 815 Τίδὲ
918 764 945 814 6
971 760 1126 828 ζῆλος
1155 760 1272 829 ἦτοι
1314 758 1465 827 τιμὴ,
1501 758 1648 826 καὶὴ
1681 774 1834 826 νομι-

313 859 472 926 ζομένη
506 856 801 916 θεοσέϐεια,
832 853 898 904 δι’
933 853 1126 918 ὀλίγων
1159 853 1500 919 ἀκούσωμεν.
1540 877 1554 884 -

1937 394 2191 456 stolus”,
2233 393 2380 461 quod
2411 391 2578 461 aliqui
2611 392 2788 445 zelum
2835 391 3091 454 habeant,
3140 393 3235 446 sed
3271 409 3383 448 non
3411 411 3499 450 sc—

1936 484 2176 539 cundum
2223 483 2531 551 scientiam)
2579 498 2711 552 aper
2734 483 2823 536 ille
2852 482 2921 537 de
2954 483 3090 536 silva
3119 491 3174 536 et
3207 484 3502 553 singularis

1927 575 2097 638 ferus,
2132 590 2230 645 per
2261 574 2628 642 simpliciores
2672 573 2905 642 aliquos,
2935 575 3222 644 pulchram
3248 577 3504 632 Ecclesia:

1928 667 2144 720 vineam
2177 682 2466 736 aggressus
2489 675 2574 721 est
2601 667 2912 730 devastare,
2938 668 3274 736 immisitque
3307 676 3506 722 ventos

1930 768 1986 813 et
2021 759 2289 828 procellas
2339 760 2393 811 in
2449 759 2671 812 domum
2723 760 2862 813 bene
2909 761 3252 824 aediﬁcatam,
3305 769 3419 819 aut.
3445 770 3508 814 ut

1937 850 2121 902 verius
2147 849 2441 905 dicam.‘in
2482 851 2652 918 ipsam
2692 860 2935 919 petram;
2972 867 3094 919 quae
3139 861 3316 905 tamen
3353 851 3504 904 ﬁrma

313 950 590 1016 permansit,
621 945 728 999 illis
786 945 946 1013 paulo
993 953 1115 1012 post
1175 941 1463 996 dissolutis
1530 941 1756 1010 pulvere
1819 940 2047 1010 ipsoque
2106 948 2273 994 vento
2326 941 2580 995 celerius.
2639 943 2867 1006 Verum,
2918 942 3174 1010 quisnam
3223 942 3370 996 zelus
3417 941 3506 995 hic

311 1039 442 1093 fuerit
467 1048 558 1091 aut
581 1053 702 1106 qum
733 1037 942 1105 species
973 1035 1212 1104 pietatis,
1247 1033 1586 1101 explicemus
1620 1031 1828 1100 paucis.

367 1132 444 1197 λγ¹.
463 1127 782 1180 Ἐπίστασθε
803 1126 997 1184 πάντες
1021 1127 1068 1176 οἱ
1099 1124 1434 1192 μεμνημένοι
1460 1122 1517 1172 τι
1544 1120 1833 1188 ςητητικδν

307 1223 395 1275 τῶν
418 1221 566 1272 θείων
596 1217 878 1285 δογμάτων
903 1215 996 1267 τοῦ
1028 1219 1082 1267 ἐν
1107 1214 1320 1266 εὐσεϐεῖ
1346 1216 1410 1282 τῇ
1436 1212 1587 1282 λήξει
1615 1213 1832 1264 Ἰονστι-

310 1313 476 1371 νιανοῦ,
515 1311 628 1372 πιῖς
659 1311 847 1372 νυκτὸς
873 1312 964 1360 καὶ
997 1309 1205 1377 ἡμέρας
1239 1309 1374 1376 ὑπὲρ
1403 1306 1497 1374 τὴν
1523 1305 1630 1356 τῶν
1661 1303 1832 1357 ἄλλων

310 1405 528 1458 ἁπάντων
577 1401 829 1470 φροντίδα
875 1399 1076 1466 ταύτην
1121 1395 1264 1467 εἶχεν
1307 1399 1412 1459 ἀεὶ,
1455 1396 1528 1457 ὡς
1583 1395 1709 1464 μίαν
1741 1397 1833 1447 καὶ

309 1498 469 1564 μόνην,
495 1493 583 1545 τοῦ
605 1493 742 1562 μετά
766 1493 976 1543 πάντων
1003 1492 1104 1543 τῶν
1137 1489 1428 1559 αιρετικῶν
1457 1487 1704 1555 συζητεῖν
1741 1487 1832 1538 καὶ

2015 1123 2102 1176 55.
2146 1120 2309 1175 Scitis
2346 1135 2556 1183 omnes,
2600 1120 2696 1188 qui
2726 1120 2801 1188 pii
2833 1121 3181 1189 imperatoris
3210 1123 3504 1177 Iustiniani

1935 1214 2178 1268 studium
2199 1213 2346 1266 circa
2369 1211 2556 1264 divina
2580 1211 2831 1280 dogmata
2854 1213 3209 1280 cognovistis,
3233 1215 3506 1281 quomodo

1936 1324 1989 1360 ιιι
2018 1322 2137 1360 eam
2168 1306 2214 1358 is
2239 1305 2587 1374 potissimum
2609 1319 2798 1357 curam
2824 1304 3190 1367 incumberet,
3225 1312 3286 1357 ut
3316 1320 3510 1358 omnes

1935 1395 2326 1448 hmreticorum
2377 1393 2625 1453 rationes
2683 1409 2788 1446 una
2839 1410 2963 1447 cum
3007 1395 3143 1464 ipsis
3172 1395 3511 1462 improbaret

1935 1496 2097 1554 atque
2143 1494 2453 1549 everteret;
2489 1500 2628 1553 quas
2668 1485 2833 1539 etiam
2867 1487 3171 1554 superavit,
3208 1485 3284 1539 uti
3321 1495 3375 1540 et
3403 1488 3508 1540 alia

309 1585 554 1652 συναίρειν
581 1583 753 1648 λόγον,
785 1581 842 1632 ὃν
873 1581 1158 1648 κατίσχυεν
1182 1579 1256 1640 ὡς
1276 1579 1339 1630 τὰ
1369 1577 1559 1639 πολλὰ,
1585 1577 1672 1628 διὰ
1707 1577 1825 1626 συλ-

1942 1578 2127 1638 multa,
2177 1586 2290 1629 tum
2330 1577 2671 1644 argumentis
2697 1587 2752 1630 et
2780 1576 3365 1640 demonstrationibus,
3395 1587 3508 1631 tum

305 1676 547 1744 λογισμῶν
581 1671 844 1725 πειθανῶν
889 1671 983 1723 καὶ
1003 1670 1389 1722 ἀποδεικτικῶν
1423 1668 1515 1720 καὶ
1546 1665 1832 1734 γραφικῶν

301 1743 593 1835 μαρτυριῶν
620 1761 984 1831 τροπούμενος
1021 1759 1236 1822 αὐτούς.
1285 1759 1453 1812 Πόθεν
1477 1757 1534 1811 δὲ
1556 1759 1652 1810 οὐκ
1693 1753 1833 1822 οἶδα,

295 1858 329 1928 ἢ
359 1858 425 1918 τίς
445 1851 507 1926 ἦν
529 1858 557 1907 ὁ
577 1853 1006 1922 εἰσηγησάμενος
1032 1853 1129 1922 τὴν
1160 1851 1456 1920 φευκτικην
1494 1851 1662 1912 ὅντως
1693 1851 1834 1902 ὲκεί-

295 1965 384 2016 νην
408 1948 492 1999 καὶ
509 1945 788 2017 βδελυρὰν.
819 1945 851 2014 ἢ
895 1943 1093 2012 μᾶλλον
1123 1944 1295 1994 εἰπεῖν
1320 1940 1600 1994 νοσοποιὸν
1626 1941 1831 2007 δογμα-

295 2037 538 2097 tamin,
592 2035 822 2104 ὡρμήθη
875 2033 1077 2100 λέγειν,
1136 2032 1210 2095 ὡς
1251 2033 1309 2084 ὲν
1357 2032 1640 2092 εὐλαϐείας
1676 2030 1836 2099 δῆθεν

297 2129 649 2198 προσχήματι,
681 2125 952 2193 ἄφθαρτον
990 2125 1050 2176 τὸ
1104 2122 1264 2192 σῶμα
1292 2122 1385 2175 τοῦ
1440 2122 1642 2190 Κυρίου
1678 2121 1832 2190 ἡμῶν

306 2217 460 2285 Ἰησοῦ
488 2215 719 2284 Χριστοῦ
750 2215 808 2278 ἐξ
843 2215 1007 2282 αὐτῆς
1037 2213 1284 2275 ὲνὼσεως
1322 2213 1838 2283 γεγενῆσθαι,Ἤτις

293 2309 365 2369 ὡς
383 2308 685 2376 γάγγραινα
714 2305 884 2374 νομὴν
912 2303 1168 2368 λαϐοῦσα,
1195 2303 1389 2373 μικροῦ
1409 2303 1518 2355 δεῖν
1536 2302 1631 2371 τὴν
1655 2303 1838 2354 οἰκου-

296 2397 448 2466 μένην
479 2396 643 2466 ἄρδην
675 2397 972 2459 ἀπώλεσεν,
999 2397 1046 2448 εἰ
1079 2397 1152 2464 μὴ
1181 2395 1495 2464 προφθάσας
1531 2395 1558 2446 6
1596 2395 1726 2463 ἐμὸς
1746 2394 1838 2444 tl».-

293 2489 401 2550 νεὲς
457 2486 709 2555 Εὐτύχιος
772 2486 919 2554 ἔστη,
977 2489 1069 2539 καὶ
1124 2484 1428 2549 ὲξιλάσατο,
1482 2485 1578 2537 καὶ
1639 2484 1840 2537 ἐκόπα-

294 2597 382 2631 σεν
407 2580 438 2650 ἡ
463 2578 706 2648 θραῦσις.
731 2578 826 2640 Τίς
859 2579 913 2630 δὲ
939 2578 1030 2632 καὶ
1054 2581 1081 2631 6
1108 2577 1346 2645 γεγονὼς
1375 2575 1683 2646 ἐξιλασμδς,
1715 2578 1838 2628 ὅσον

290 2686 353 2737 ’,νε
401 2674 459 2722 το
484 2669 568 2723 ἐπ’
608 2669 790 2740 αὐτῷ,
841 2671 936 2723 καὶ
983 2673 1014 2739 ἡ
1058 2669 1483 2738 θριαμϐευθείσα
1517 2669 1729 2738 φθορά;
1774 2670 1839 2720 At

287 2764 372 2815 διὰ
396 2763 496 2814 τῶν
531 2763 697 2828 ἁγίων
756 2762 1062 2814 ἀποστόλων
1123 2761 1412 2832 προφητῶν
1467 2778 1524 2812 τε
1585 2763 1677 2813 καὶ
1698 2760 1841 2812 διδα-

291 2853 498 2905 σκάλων
532 2855 825 2922 μαρτυρίαι
860 2855 950 2904 καὶ
971 2850 1291 2918 ἀποδείξεις,
1338 2850 1631 2920 πάμπολλα
1668 2867 1844 2918 παρα-

1933 1664 2264 1718 testimoniis
2288 1663 2695 1732 Scripturarum
2716 1664 2837 1718 illos
2859 1664 3170 1719 confutans.
3187 1665 3508 1731 llic,nescio

1935 1770 2044 1824 quo
2073 1764 2301 1810 auctore
2341 1763 2397 1808 et
2444 1755 2732 1825 magistro,
2788 1755 2958 1824 coepit
2998 1755 3102 1810 sub
3148 1755 3334 1825 specie
3384 1756 3514 1810 reli-

1934 1848 2116 1917 gionis
2162 1846 2401 1916 probare
2459 1845 2855 1900 exsecrabilem
2908 1862 2972 1901 ac
3026 1847 3404 1901 detestandam
3453 1858 3512 1902 et

1936 1940 2304 2008 perniciosam
2361 1938 2682 2007 opinionem
2721 1938 2895 2001 illam,
2931 1955 3052 2008 qua:
3085 1939 3301 1993 Domini
3332 1940 3508 1994 nostri

1934 2032 2062 2086 Jesu
2112 2029 2318 2084 Christi
2375 2046 2598 2099 corpus,
2649 2030 2722 2083 ob
2780 2031 2956 2099 ipsius
3008 2032 3334 2087 Divinitatis‘
3375 2047 3509 2086 con-

1930 2125 2296 2196 iunctionem,
2335 2124 2749 2193 incorruptibile
2778 2125 2946 2179 fuisse
2994 2124 3307 2178 asserebat:
3336 2140 3511 2194 eaque

1937 2215 2146 2284 opinio,
2187 2225 2246 2267 ut
2285 2229 2484 2268 cancer
2516 2229 2743 2283 serpens
2785 2224 2949 2283 atque
2975 2215 3298 2285 depascens,
3336 2224 3509 2270 totum

1938 2319 2110 2375 prepe
2158 2304 2348 2360 orbem
2399 2304 2754 2373 perdidisset,
2785 2305 2891 2358 nisi
2928 2316 3117 2360 noster
3147 2306 3382 2362 Phinees
3408 2322 3510 2360 an-

1942 2404 2220 2450 tevertens
2270 2396 2581 2450 restitisset.
2634 2395 2896 2473 Quaenam
2930 2405 3113 2450 autem
3151 2396 3254 2452 fuit
3279 2399 3513 2467 plaeatio

1941 2487 2056 2550 illa,
2106 2497 2375 2556 quantum
2410 2488 2467 2540 in
2498 2487 2618 2557 ipso
2651 2495 2795 2551 erat,
2847 2495 2904 2542 et
2955 2502 3077 2556 qua:
3124 2487 3244 2543 lues
3285 2491 3514 2544 curata?

1941 2579 2266 2634 Sanctorum
2295 2579 2672 2648 apostolorum
2703 2588 2759 2633 et
2798 2579 3197 2648 prophetarum
3223 2589 3388 2650 atque
3417 2581 3516 2634 do-

1943 2676 2157 2718 ctorum
2192 2665 2505 2718 testimonia
2538 2667 2730 2730 multa,
2763 2675 2817 2721 et
2839 2667 3360 2735 demonstrationes,
3391 2669 3519 2739 qui-

1946 2757 2049 2809 bus
2111 2772 2246 2809 usus
2281 2765 2366 2810 est
2418 2757 2507 2810 ille
2567 2757 2632 2810 ad
2674 2758 2992 2827 pestiferam
3040 2759 3188 2813 illam
3231 2759 3376 2813 luem
3420 2775 3518 2830 0p-

1944 2845 2286 2913 primendam
2319 2863 2331 2896 :
2360 2846 2671 2914 perniciosa
2719 2847 2865 2902 enim
2911 2848 3136 2902 omnino
3189 2859 3275 2903 est
3323 2849 3516 2918 pestis,

288 2944 490 3014 χθεῖται
534 2943 664 3012 παρ’
721 2943 881 2996 αὐτοῦ
912 2945 989 3007 εἰς
1021 2943 1240 3012 ἔλεγχον
1296 2944 1394 3012 τῆς
1424 2940 1841 3012 φρενοὸλαεείας

1946 2936 2216 2992 atlirmare
2267 2938 2484 2991 Domini
2539 2940 2712 2993 nostri
2755 2940 2886 2995 Jesu
2921 2939 3126 2995 Christi
3159 2955 3362 3010 corpus
3389 2949 3518 2995 ante

285 3032 483 3102 ταύτης
501 3052 514 3063 ο
543 3035 693 3095 νόσος
722 3034 824 3104 γὰρ
851 3035 1016 3097 ὅντως
1045 3035 1137 3088 καὶ
1161 3033 1428 3104 ἁμαρτίας
1459 3033 1654 3102 φθορὰ,
1680 3031 1740 3084 τὺ
1761 3031 1846 3082 λέ-

288 3142 401 3192 γειν
434 3125 710 3195 ἄφθαρτον
769 3125 874 3195 πρὸ
918 3127 1017 3194 τῆς
1067 3127 1413 3189 ἀναστάσεως
1460 3126 1521 3178 τὸ
1555 3125 1712 3194 σῶμα
1750 3124 1842 3178 τοῦ

292 3214 492 3285 Κυρίου
544 3215 701 3283 ἡμῶν
729 3214 902 3282 Ἰησοῦ
949 3215 1204 3284 Χριστοῦ.
1241 3216 1332 3278 Τίς
1359 3217 1467 3286 γὰρ
1493 3214 1660 3276 οὕτως
1687 3216 1846 3284 ἀνόηο

287 3322 394 3368 τος,
421 3307 448 3356 6
477 3306 638 3371 φάναι
668 3305 877 3373 τολμῶν
906 3304 1177 3374 ἄφθαρτον
1209 3304 1268 3356 τὸ
1311 3304 1467 3374 σῶμα
1521 3305 1614 3357 τοῦ
1642 3305 1844 3372 Κυρίου

288 3395 346 3459 ἐξ
368 3395 537 3465 αὐτῆς
566 3394 840 3461 ἐνώσεως;
886 3397 948 3450 El
974 3397 1080 3464 γὰρ
1117 3395 1274 3448 τοῦτο
1305 3394 1607 3464 δθήσεται,
1643 3410 1843 3462 φαντα-

290 3488 400 3546 σία,
427 3488 526 3539 οὒκ
554 3486 797 3555 ἀλήθεια,
831 3488 864 3556 ἡ
891 3488 1162 3556 σάρκωσις
1191 3486 1284 3538 καὶ
1320 3486 1730 3556 ἐνανθρώπησις
1753 3484 1844 3537 τοῦ

287 3562 421 3631 Θεοῦ
473 3580 641 3646 Λόγου
670 3579 906 3646 γέγονεν.
953 3581 1074 3640 Πῶς
1107 3579 1215 3648 γὰρ
1248 3580 1306 3630 τὸ
1364 3577 1636 3648 ἄφθαρτον
1691 3576 1847 3645 σῶμα

285 3669 510 3729 Ιπαθεν,
564 3670 981 3739 ἧπεριετμήθη,
1015 3670 1045 3736 ἣ
1083 3669 1513 3739 ὲσπαργανώθη,
1650 3668 1848 3734 ἐγαλαδ

285 3761 629 3830 κτοιτροςρήθη
653 3779 666 3826 ;
688 3761 814 3813 Εἱδὲ
837 3761 960 3812 ταῦτ
978 3778 1003 3814 λ
1029 3761 1350 3829 metalepsi:
1374 3759 1845 3828 ὑπομεμενηκέναι

283 3851 382 3920 τὴν
419 3850 678 3915 ζωοποιον
707 3851 915 3918 ἐκείνην
942 3853 1138 3922 σάρκα,
1169 3851 1425 3920 ὁμολογυῦ
1435 3867 1530 3919 μεν
1555 3851 1609 3902 δὲ
1644 3851 1736 3902 καὶ
1760 3852 1848 3902 τον

285 3942 544 4013 σταυρὸν,
602 3944 692 3995 καὶ
718 3943 807 4005 τὰς
837 3943 1144 4012 διατρήσεις
1173 3943 1278 3994 τῶν
1311 3942 1473 4013 ἥλων,
1502 3945 1594 3994 καὶ
1630 3944 1721 4012 τὴν
1748 3943 1848 4011 τῆς

283 4034 489 4103 ὶόγκτις
507 4034 793 4104 νυγμήν·τὸ
810 4034 1081 4104 ἄφθαρτον
1103 4034 1284 4104 χώραν
1312 4037 1411 4087 οὐκ
1435 4035 1544 4102 ἔχει
1569 4035 1844 4101 λέγεσθαι,

284 4125 490 4191 μήτιγε
516 4128 654 4175 κατὰ
679 4123 737 4176 τὸ
770 4125 1176 4192 ἀναμάρτητον,
1211 4125 1302 4177 καὶ
1334 4124 1394 4176 τὸ
1433 4124 1506 4193 μὴ
1534 4125 1848 4194 διαλυθῆναι

1947 3029 2413 3083 resurrectionem
2463 3045 2663 3098 expers
2707 3029 2878 3086 fuisse
2927 3031 3344 3101 corruptionis:
3390 3047 3517 3086 nam

1945 3126 2070 3193 quis
2099 3124 2236 3179 adeo
2260 3126 2463 3180 stultus
2492 3134 2598 3191 est,
2631 3135 2692 3180 ut
2736 3126 2790 3180 id
2833 3136 3061 3193 asserat,
3106 3144 3218 3197 quo
3257 3143 3521 3183 concesso

1948 3211 2272 3269 necessario
2298 3224 2689 3285 consequatur,
2720 3215 2901 3271 ﬁctam
2927 3225 2984 3272 et
3007 3219 3321 3272 simulatam
3351 3217 3519 3273 fuisse

1933 3296 2201 3360 'humanae
2256 3307 2438 3363 carnis
2491 3309 2972 3378 assumptionem?
3032 3309 3321 3376 Quomodo
3354 3309 3518 3364 enim

1948 3397 2371 3466 incorruptibile
2418 3415 2623 3470 corpus
2656 3401 2766 3470 pati
2798 3400 3002 3470 potuit,
3047 3411 3142 3455 aut
3170 3401 3518 3466 circumcidi,

1947 3497 2041 3541 aut
2079 3488 2276 3558 pannis
2303 3489 2528 3556 involvi,
2565 3500 2660 3546 aut
2701 3492 2840 3545 lacte
2872 3493 3109 3545 nutriri?
3150 3491 3276 3547 Haec
3318 3509 3452 3548 vero
3474 3492 3520 3548 si

1948 3581 2185 3637 subiisse
2219 3583 2500 3637 credimus
2551 3585 2700 3637 illam
2746 3584 2873 3638 vitaz
2905 3585 3238 3655 largitricem
3274 3601 3520 3651 carnem,

1949 3688 2283 3743 crucemque
2314 3683 2369 3728 et
2407 3675 2686 3728 clavorum
2715 3676 2985 3730 foramina
3011 3685 3065 3730 et
3091 3677 3294 3731 lanceae
3321 3677 3523 3730 vulnus

1949 3765 2298 3829 cmiﬁtcmur,
2344 3781 2458 3819 non
2515 3775 2699 3836 potest
2743 3767 3184 3837 incorruptibilis
3242 3768 3371 3831 dici,
3412 3767 3520 3822 nisi

1951 3859 2054 3910 hoc
2104 3858 2221 3911 solo
2255 3873 2441 3921 sensu,
2473 3859 2618 3927 quod
2668 3859 2819 3912 nulla
2872 3874 3112 3928 unquam
3158 3859 3365 3928 peccati
3401 3874 3519 3910 ma-

1950 3946 2072 3999 cula
2119 3946 2285 4000 fuerit
2313 3947 2687 4014 coinquinata,
2722 3962 2822 3999 nec
2850 3947 2904 3998 in
2948 3947 3198 4015 sepulcro
3231 3945 3518 3999 dissoluta.

1951 4038 2055 4092 Sed
2089 4038 2207 4092 inec
2232 4039 2276 4091 si
2309 4039 2564 4107 persequi
2595 4039 2936 4092 voluerimus
2953 4054 3199 4092 essemus
3221 4038 3519 4108 longiores,

1954 4139 2010 4183 et
2044 4137 2171 4182 sunt
2199 4145 2228 4183 a
2260 4144 2456 4199 magno
2482 4129 2751 4198 Eutychio
2778 4129 3022 4183 studiose
3045 4129 3325 4183 et'ac‘riter
3353 4130 3520 4184 etiam

277 4216 342 4266 τὸ
381 4215 542 4281 ἅγιον
567 4215 724 4267 αὑτοῦ
759 4217 912 4284 σῶμα
951 4214 1006 4268 ἐν
1038 4216 1115 4284 τῷ
1158 4218 1426 4286 μνημείῳ.
1465 4217 1624 4269 Ἀλλὰ
1653 4218 1719 4270 τὰ
1750 4217 1841 4286 μὲν

1955 4221 2176 4290 scriptis
2219 4220 2514 4290 disputata,
2557 4237 2623 4276 ex
2665 4221 2866 4292 quibus
2919 4222 3076 4277 facile
3127 4222 3329 4292 poterit
3376 4223 3522 4275 veri-

281 4314 418 4372 περὶ
461 4307 645 4356 τούτου
678 4306 970 4370 φιλοπόνως
1003 4309 1094 4359 καὶ
1123 4307 1494 4373 ἀγωνιστικῶς
1519 4308 1733 4378 εἴρηται,
1766 4308 1843 4376 τῷ

283 4393 518 4463 μεγάλῳ
553 4397 642 4447 καὶ
667 4396 920 4465 Θεοφόρω
945 4398 1243 4467 διδασκάλῳ
1274 4400 1586 4468 ἐγγράφως,
1623 4401 1714 4451 καὶ
1760 4399 1846 4462 ἕξ-

279 4500 404 4534 631:
429 4486 540 4546 τοῖς
568 4484 898 4554 βουλομένοις
928 4491 1019 4540 καὶ
1046 4489 1327 4555 ἀγνοοῦσιν
1340 4491 1576 4558 ἐντυχεῖν
1595 4491 1670 4561 τῷ
1698 4492 1850 4542 ἐκτει-

1906 4310 1908 4312 ’
1956 4321 2120 4368 tatem
2171 4313 2496 4383 intelligere,
2540 4313 2740 4385 siquis
2779 4331 2898 4370 eam
2955 4315 3189 4384 ignorat.
3218 4315 3408 4370 Potius
3439 4314 3522 4368 vi-

1955 4402 2182 4456 deamus
2212 4401 2350 4478 quid~
2392 4411 2642 4457 secutum
2675 4404 2764 4470 sit,
2799 4412 3086 4475 postquam
3118 4405 3340 4459 Patrum
3373 4404 3527 4458 testi-

1959 4491 2174 4568 monia’
2193 4493 2498 4561 proposuit.

279 4573 441 4625 θέντι
473 4574 616 4646 λόγῳ
663 4580 788 4646 παρ’
822 4579 1006 4645 αὑτοῦ,
1056 4581 1145 4631 καὶ
1207 4580 1407 4647 γνῶναι
1458 4581 1520 4632 τὸ
1564 4581 1794 4648 ἀληθές·
1832 4580 1889 4633 οὐ
1931 4582 2037 4652 γὰρ
2074 4582 2175 4654 χρὴ
2199 4581 2292 4634 νῦν
2326 4582 2588 4654 μηκύνειν
2637 4582 2727 4634 τὸν
2787 4582 2963 4652 λόγον.
3000 4584 3228 4655 ’Ίδωμεν
3257 4585 3311 4638 δὲ
3341 4581 3527 4636 λοιπὸν

278 4671 354 4732 τί,
381 4677 522 4738 μετά
543 4677 602 4726 τὸ
625 4676 959 4744 παραθέσθαι
979 4677 1137 4729 αὑτὸν
1163 4679 1261 4740 τὰς
1287 4678 1555 4749 πατρικὰς
1581 4696 1652 4747 μα
1664 4678 1901 4749 ρτυρίας,
1921 4680 2166 4748 γέγονεν.

351 4765 462 4819 λὲῗ⁹
493 4763 654 4830 Οὗτος
685 4769 780 4838 μὲν
807 4771 835 4819 6
869 4771 1036 4838 μέγας
1065 4771 1221 4840 ἀνὴρ,
1257 4772 1757 4841 διαμαρτυρόμενος
1779 4771 1855 4841 τῷ

278 4854 504 4926 βασιλεί
556 4859 637 4910 διὰ
665 4859 871 4911 πολλῶν
919 4860 1088 4927 λόγων
1130 4864 1204 4930 μὴ
1249 4858 1382 4914 εἶναι
1413 4862 1472 4914 τὸ
1501 4862 1674 4930 δόγμα
1703 4863 1858 4914 τοῦτο

274 4950 392 5016 τῆς
451 4951 736 5019 καθολικῆς
773 4951 1114 5021 Ἐκκλησίας,
1163 4954 1260 5024 τὴν
1291 4952 1470 5024 ψυχὴν
1504 4955 1668 5007 αὑτοῦ
1719 4955 1857 5007 ἔσων

277 5056 408 5102 cev,
461 5042 532 5102 ὦς
585 5059 741 5113 φησιν
793 5043 1043 5108 ἰεζεκιὴλ
1081 5046 1108 5095 6
1154 5045 1459 5113 προφήτης,
1499 5047 1564 5098 τὰ
1595 5047 1720 5115 περὶ
1762 5045 1854 5097 τοῦ

280 5132 505 5183 σκοποῦ
536 5133 878 5202 διηγούμενος
904 5151 916 5164 ο
951 5135 1010 5185 Οἱ
1041 5135 1096 5186 δὲ
1121 5136 1228 5187 τῶν
1277 5137 1460 5188 κακῶν
1490 5137 1774 5206 ἐφευρέται
1798 5139 1854 5188 ἐν

277 5223 419 5283 ταῖς
442 5223 722 5292 ἁμαρτίαις
771 5225 944 5280 αὐτῶν
974 5226 1248 5280 ἀπώλοντο
1268 5244 1280 5256 ⁸
1309 5229 1533 5298 ἴσχυσαν
1555 5231 1663 5299 γὰρ
1699 5245 1854 5298 περι-

278 5311 554 5375 γενέσθαι
586 5313 675 5366 τοῦ
709 5314 984 5379 βασιλέως,
1011 5316 1103 5368 καὶ
1133 5318 1418 5382 πείσαντες
1446 5322 1728 5372 ὲκοίλαναν
1756 5320 1854 5388 τὴν

282 5399 506 5471 πέτραν
523 5407 656 5458 κατὰ
674 5405 772 5476 τὴν
789 5407 1165 5476 ἐνδελεχοῦσαν
1179 5411 1384 5478 ῥανίδα.
1402 5413 1462 5463 Οἱ
1480 5411 1536 5464 δὲ
1557 5411 1727 5463 ταῦτα
1748 5414 1854 5463 εἰσ-

363 5555 421 5586 ”
451 5555 604 5614 Rom.
640 5576 690 5616 ι.
713 5563 768 5617 2.
841 5561 884 5592 “
919 5563 1113 5618 Ezech.
1155 5578 1341 5629 χχχιιι,
1373 5564 1423 5618 5.

547 5654 799 5712 i‘ATnoL.
847 5656 960 5713 Gn.
1009 5657 1102 5715 l.\'
1123 5659 1329 5718 XXVI.

2031 4771 2100 4826 54
2162 4772 2298 4826 Cum
2350 4788 2580 4842 magnus
2626 4774 2716 4827 hic
2760 4773 2846 4826 vir
2891 4773 3140 4827 oratione
3180 4771 3339 4842 longa
3373 4787 3524 4826 com-

1961 4860 2249 4929 probasset
2289 4862 2625 4930 imperatori,
2673 4878 2781 4915 non
2817 4877 2935 4916 esse
2971 4862 3022 4914 id
3056 4861 3312 4915 Ecclesia:
3343 4861 3530 4915 catho-

1959 4951 2078 5006 licae
2109 4951 2337 5023 dogma;
2372 4955 2606 5006 animam
2639 4954 2752 5023 ipse
2797 4954 3016 5022 quidem
3062 4969 3214 5006 suam
3249 4953 3525 5013 liberavit,

1965 5051 2025 5096 ut
2069 5043 2314 5112 loquitur
2355 5045 2618 5114 prephcta
2657 5044 2907 5098 Ezechiel
2943 5044 3005 5108 ³⁸,
3040 5060 3160 5112 quae
3181 5043 3248 5098 ad
3291 5059 3403 5097 rem
3451 5043 3530 5096 fa-

1961 5135 2180 5188 ciebant
2199 5149 2510 5204 exponens;
2538 5137 2802 5188 malorum
2831 5151 2961 5188 vero
2991 5135 3304 5189 inventores
3327 5132 3531 5188 mortui

1957 5235 2088 5280 sunt
2123 5227 2175 5279 in
2198 5243 2294 5281 sua
2327 5227 2634 5296 iniquitate.
2668 5227 3077 5280 Praevalucrunt
3103 5226 3250 5279 enim
3285 5226 3528 5280 circum-

1954 5323 2242 5378 venientes
2277 5324 2682 5392 imperatorem,
2715 5338 2891 5392 eoque
2920 5337 3180 5393 persuaso
3203 5323 3376 5376 instar
3409 5331 3536 5391 gut-

1955 5422 2132 5467 tarum
2155 5428 2298 5484 saepe
2324 5414 2632 5468 cadentium
2657 5422 2866 5482 petram
2888 5419 3240 5466 excavarunt.
3262 5410 3538 5484 Equidem

3124 5662 3202 5720 73

3557 4333 3578 4346 ο

3565 5601 3576 5614 ⁸

3527 5647 3604 5714 κα
