4042 6156
421 214 560 281 $1315

1491 207 1551 266 S.
1591 200 1956 264 EUTYCHII
1993 198 2498 260 PATRIARCIL’E
2535 197 2640 257 ΟΡ.

3535 181 3684 248 23ί6

421 329 600 386 libens
625 323 984 398 praetermitto
1005 319 1294 376 nominare
1321 317 1482 374 istius
1503 315 1685 386 impia:
1713 311 1996 384 Opinionis

2114 309 2386 378 γγούμενοι
2443 303 2582 376 ἦσαν
2634 306 2684 357 οἱ
2725 303 2830 355 τιῖν
2907 299 3164 369 μυσαρὼν
3213 296 3499 366 δογμάτων
3527 299 3680 350 ἀντι-

423 422 732 492 magistros,
759 417 936 472 insani
963 414 1214 486 Origenis
1239 411 1377 484 (‘25),
1404 408 1646 479 Evagrii,
1671 406 1998 477 Didymique

425 515 680 585 dogmata
741 510 1123 572 defendentes,
1161 521 1230 560 ne
1277 503 1484 558 malum
1515 501 1656 556 malo
1693 495 1999 569 rependere

423 605 633 669 videar,
681 617 737 658 et
793 600 1124 656 contumelia
1165 595 1494 652 calumniam
1550 593 1830 664 prosequi,
1866 607 2000 648 con-

427 708 618 766 traque
645 679 986 764 propositum
1017 706 1082 744 ac
1104 704 1286 744 mores
1311 688 1484 742 sancti
1509 685 1763 758 Eutychii
1797 687 1998 749 facere,

426 789 520 858 qui
573 803 642 842 ex
686 787 848 840 beato
890 783 1062 838 nostri
1100 781 1402 836 Sal'vatoris
1433 780 1692 860 mandato
1744 778 1902 833 factis
1945 785 2004 831 et

426 879 611 934 verbis
659 876 870 940 docuit,
925 889 1032 928 non
1075 887 1196 926 esse
1251 871 1454 942 malum
1509 869 1852 923 reddendum
1899 883 2000 938 pro

427 969 592 1032 malo,
621 966 716 1022 sed
753 975 945 1019 contra
976 963 1163 1032 potius
1195 959 1636 1014 benedicendum
1669 957 2004 1012 maledicen-

427 1059 594 1120 tibus,
625 1068 681 1111 et
706 1070 804 1125 pro
824 1050 1284 1124 persequentibus
1313 1063 1432 1104 esse
1457 1049 1748 1103 orandum.
1776 1047 1842 1100 Et
1871 1061 2002 1100 vero

426 1165 550 1204 cum
593 1147 886 1202 videantur
955 1141 1167 1197 silenda
1223 1140 1410 1210 potius
1439 1154 1602 1208 quam
1655 1137 2002 1207 przedicanda

426 1256 548 1310 qua:
580 1247 729 1309 gesta
763 1245 894 1290 tunc
923 1241 1073 1298 sunt,
1105 1247 1323 1301 aequum
1369 1239 1527 1299 puto,
1566 1239 1626 1285 ut
1657 1230 1802 1299 quod
1839 1229 2004 1300 hujus

428 1332 600 1386 sancti
620 1327 886 1398 exemplis
911 1324 1220 1379 faciendum
1246 1321 1566 1384 didicimus,
1587 1320 1808 1375 silentio
1839 1321 2002 1391 digna

428 1425 656 1478 sileri-ter
688 1429 1102 1492 pra‘tereamns.

2101 399 2410 467 ποιούμενοι
2464 397 2772 468 Ὠριγένους
2808 392 2902 446 τοῦ
2954 393 3142 461 λήρου,
3187 389 3456 456 Εὖαγρίου
3505 405 3560 440 τε
3587 391 3682 440 καὶ

2102 491 2356 560 Διδύμου.
2403 489 2515 551 Τὰς
2583 489 2680 558 μὲν
2737 480 2831 539 οὖν
2896 483 3264 554 προσηγορίας
3311 481 3488 533 αὐτῶν
3539 479 3682 532 ἑκὼν

2107 581 2510 650 ὑπερϐήσομαι,
2543 579 2622 648 τῷ
2649 577 2723 648 μὴ
2768 576 2915 641 δόξαι
2966 573 3122 642 κακῷ
3169 571 3229 624 τὸ
3256 573 3424 624 κακδν
3455 571 3680 640 ἀμείϐε-

2104 673 2248 734 σθαι,
2275 671 2512 742 λοιδορία
2545 670 2644 740 τὴν
2669 667 3056 737 συκοφαντίαν,
3086 666 3180 718 καὶ
3210 664 3362 733 παρὰ
3413 663 3503 716 τὸν
3533 663 3702 715 ὲκεί-’

2101 783 2192 820 νου
2249 765 2344 818 τοῦ
2411 761 2560 816 ὁσίου
2639 760 2842 813 σκοπὸν
2891 758 2988 812 καὶ
3052 757 3252 826 τρόπον
3310 755 3566 822 ποιῆσαν
3623 754 3682 816 ὃς

2101 857 2274 910 ἐποίει
2301 873 2358 908 τε
2377 855 2470 906 καὶ
2509 853 2794 906 ἐδίδασκεν
2823 850 2896 920 μὴ
2929 848 3037 900 δεῖν
3061 844 3453 900 ἀνταποδοῦναι
3517 845 3684 897 κακδν

2103 949 2224 1000 ἀντὶ¹
2279 945 2474 1007 κακοῦ,
2503 941 2812 996 τούναντίον
2839 941 2893 992 δὲ
2915 939 3042 1000 τοὺς
3079 936 3502 1008 καταρωμένους
3533 933 3686 988 εὐλο-

2101 1042 2217 1107 γεῖν
2273 1038 2366 1092 καὶ
2427 1037 2568 1107 ὑπὲρ
2629 1036 2738 1087 τῶν
2789 1030 3216 1104 ἐπηρεαζόντων
3259 1028 3682 1098 προσεύχεσθαι,

2107 1131 2244 1201 μετὰ.
2267 1130 2364 1199 τὴν
2397 1127 2672 1198 μακαρίαν
2699 1123 2795 1178 τοῦ
2839 1122 3091 1192 Σωτῆρος
3125 1119 3284 1191 ἡμῶν
3311 1119 3558 1189 ἐντολήν·
3593 1119 3687 1171 ἄ).-

2103 1225 2206 1284 λως
2228 1222 2399 1274 τεκαὶ
2429 1218 2644 1286 σιωπῆς
2680 1215 2805 1281 ἄξια.
2849 1215 2917 1268 τὰ
2947 1215 3067 1268 τότε
3097 1213 3366 1281 γενι’μενα
3400 1211 3496 1264 καὶ
3547 1210 3684 1278 pile

2104 1311 2194 1364 λον
2223 1309 2560 1380 συγκρίσεως
2593 1308 2626 1378 ἢ
2661 1305 3074 1378 θριαμϐεύσεως
3099 1321 3114 1334 ο
3149 1303 3261 1357 ἀλλ’
3281 1305 3331 1356 εἰ
3355 1305 3450 1356 καὶ
3471 1302 3499 1352 ὀ
3527 1303 3686 1368 ἅγιος

2103 1402 2276 1465 οὓτως
2304 1401 2604 1463 ἐδίδασκεν,
2648 1400 2744 1452 καὶ
2798 1400 2962 1469 ἡμεῖς
2993 1401 3110 1460 ταῖς
3151 1396 3456 1465 ὑποθήκαις
3519 1393 3688 1446 αὑτοῦ

2105 1493 2441 1563 πειθόμενοι,
2483 1495 2607 1563 σιγῇ
2649 1492 2716 1546 τὰ
2767 1492 2926 1562 σιγῆς
2955 1489 3079 1555 ἄξια
3110 1489 3408 1544 καλύπτειν
3461 1485 3688 1556 οἰόμεθα

2105 1585 2237 1638 δεῖν.

497 1695 585 1746 335.
629 1689 852 1746 Interim
879 1689 1114 1760 pervigil
1151 1688 1348 1742 oculus
1372 1687 1600 1755 justitia:
1637 1685 1858 1749 divinae,
1886 1699 1998 1738 non

2169 1673 2264 1726 λε’.
2311 1671 2372 1728 Ὀ
2409 1672 2541 1740 γοῦν
2599 1672 2701 1741 τῆς
2745 1673 2899 1743 δίκης
2937 1671 3237 1742 ἀκοίμητος
3283 1670 3564 1742 ὀφθαλμδς
3585 1670 3687 1721 οῦκ

429 1787 682 1855 permisit
736 1784 1062 1853 impunitam
1122 1783 1276 1836 abire
1313 1781 1610 1844 malitiam;
1650 1779 1746 1838 sed
1781 1777 2005 1832 omnino

429 1877 628 1930 retexit
671 1891 734 1930 ac
779 1874 1035 1945 patefecit
1093 1875 1420 1929 calumniam
1457 1892 1468 1925 :
1506 1872 1644 1926 adeo
1677 1880 1734 1924 ut
1787 1869 2007 1940 ipsimet

429 1985 526 2022 ore
552 1969 774 2039 proprio
803 1967 1238 2038 conjurationem
1265 1967 1416 2028 fassi,
1443 1965 1670 2019 ultionis
1689 1965 2004 2033 aequitatem

431 2061 812 2116 collaudat-int.
844 2061 1013 2114 Erant
1043 2069 1228 2114 autem
1252 2059 1344 2128 qui
1379 2059 1494 2112 lucc
1523 2055 1818 2110 machinati
1855 2061 2005 2118 sunt,

431 2166 541 2206 non
585 2151 762 2206 solum
802 2167 870 2205 ex
917 2166 1108 2204 eorum
1145 2163 1378 2203 numero
1407 2148 1500 2216 qui
1534 2145 1676 2215 apud
1711 2145 2010 2214 imperato-

433 2261 546 2302 rem
569 2247 826 2302 valebant
855 2247 1172 2317 plurimum,
1206 2246 1300 2300 sed
1333 2244 1500 2300 etiam
1525 2259 1592 2296 ex
1629 2239 2012 2296 sacerdotibus

431 2339 760 2409 insigniores
781 2347 838 2394 et
882 2353 1200 2408 magnarum
1233 2337 1604 2391 Ecelesiarum
1647 2332 1910 2402 praesules
1941 2330 2009 2398 (si

435 2441 614 2484 tamen
669 2432 1020 2484 sacerdotum
1071 2429 1294 2492 nomine
1343 2427 1491 2497 digni
1553 2435 1702 2488 sunt,
1757 2423 2010 2477 homines

433 2522 864 2575 calumniatores
915 2527 972 2574 et
1009 2517 1296 2587 improbi),
1322 2532 1526 2587 eosque
1567 2531 1763 2570 omnes
1793 2514 2010 2584 punivit

429 2613 665 2683 iustitia.
699 2611 998 2665 obstruens
1021 2611 1166 2665 labia
1195 2611 1478 2680 loquentia
1521 2607 1868 2677 iniquitatem
1911 2607 2009 2660 ad-

433 2719 628 2759 versus
643 2705 858 2773 justum
885 2702 938 2756 in
960 2702 1222 2771 superbia
1239 2709 1294 2755 et
1309 2699 1683 2770 despectione.
1711 2699 1800 2754 lsti
1822 2700 2008 2770 igitur,

433 2807 494 2849 ut
533 2795 742 2849 dictum
772 2801 877 2858 est,
909 2793 1326 2848 exsecrabilium
1362 2799 1417 2846 et
1451 2791 1751 2860 impiorum
1784 2789 2012 2861 dogma-

437 2899 549 2940 tnm
578 2885 762 2940 studio
789 2891 1174 2955 perverterunt
1201 2882 1556 2951 imperatoris
1583 2879 2008 2950 simplicitatem,

435 2985 492 3031 et
513 2975 802 3030 occasione
827 2975 1003 3036 vocis,
1027 2973 1486 3044 incorruptibilis,
1517 2973 1725 3042 inique,
1754 2983 1814 3026 ut
1842 2981 2008 3042 patet,

433 3077 491 3123 et
518 3077 708 3122 contra
739 3066 960 3120 divinos
987 3079 1231 3120 canones
1257 3074 1420 3136 atque
1467 3063 1716 3118 instituta
1748 3064 2011 3119 ecclesia-

435 3159 575 3216 stica
597 3157 871 3220 fecerunt,
903 3156 1171 3226 quidquid
1207 3163 1398 3210 contra
1423 3153 1645 3210 beatum
1679 3156 1858 3209 virum
1891 3171 2015 3225 per-

437 3256 727 3320 petrarunt
763 3265 776 3302 :
819 3263 960 3318 quos
999 3247 1248 3317 profecto
1308 3263 1416 3302 non
1466 3247 1785 3317 pertransiit
1823 3247 2010 3318 judex,

437 3353 506 3393 ne
549 3338 604 3390 in
638 3338 742 3391 hac
773 3336 998 3406 quidem
1029 3337 1168 3402 vita;
1218 3335 1314 3391 sed
1355 3337 1735 3406 multipliciter
1773 3337 2010 3390 traducti

440 3429 496 3482 in
524 3429 857 3498 exemplum,
887 3439 998 3482 tam
1039 3429 1140 3498 ipsi
1187 3443 1351 3497 quam
1393 3441 1588 3482 omnes
1617 3428 1749 3498 ipsis
1775 3443 2008 3482 consen-

443 3520 664 3588 tientes,
695 3521 1101 3577 descenderunt
1126 3519 1194 3574 ad
1237 3519 1443 3576 inferos
1488 3529 1616 3574 cum
1663 3518 1876 3574 dolore.

2107 1764 2284 1816 εἴασεν
2325 1761 2674 1833 ἀτιμώρητον
2717 1761 2816 1831 τὴν
2849 1762 3074 1824 κακίαν,
3107 1762 3418 1814 τούναντίον
3453 1761 3550 1830 μὲν
3593 1756 3692 1810 οὖν

2111 1853 2364 1922 μεγάλοις
2381 1856 2510 1905 ὲτασ
2519 1857 2636 1922 μοῖς
2655 1853 2748 1905 καὶ
2767 1853 3030 1916 ποικίλοις
3047 1850 3272 1922 ήλεγξεν
3295 1852 3390 1923 τὴν
3419 1867 3662 1918 συκοςεαν
3676 1881 3689 1890 -

2107 1946 2329 2008 τίαν,ὡς
2343 1945 2540 2008 αὐτοὺς
2569 1946 2808 2008 ἐκείνους
2831 1945 3052 2008 οἰκείοις
3070 1945 3332 2013 στόμασιν
3350 1941 3688 2012 ἐξομολογεί-

2111 2039 2232 2090 σθαι
2270 2039 2371 2107 τὴν
2395 2037 2538 2090 κατὰ
2564 2035 2656 2090 τοῦ
2701 2037 2860 2106 ἁγίου
2884 2037 3106 2106 σκευὴν,
3143 2035 3238 2088 καὶ
3261 2035 3324 2086 τὸ
3341 2035 3550 2087 δίκαιον
3601 2037 3694 2088 αν-

2109 2131 2296 2200 υμνείν
2325 2129 2423 2198 τῆς
2449 2128 2868 2194 ὲπεξελεύσεως.
2893 2126 3076 2181 Ἦσαν
3097 2127 3152 2180 δὲ
3192 2127 3532 2198 πρωτουργοὶ
3561 2125 3688 2178 τού-

2107 2238 2216 2274 των
2265 2221 2326 2272 ού
2388 2219 2547 2288 μόνον
2595 2222 2644 2272 oi
2701 2222 2830 2290 περὶ
2855 2219 2946 2271 τὸν
3005 2219 3228 2289 βασιλέα
3259 2218 3695 2272 δυναστευόντων

2109 2311 2406 2379 ὲξὲχοντες,
2443 2309 2579 2361 ἀλλὰ
2615 2309 2834 2361 καὶτῶν
2863 2309 2919 2360 ἐν
2961 2308 3198 2377 ἱερεῦσιν
3253 2306 3545 2360 τελούντων
3571 2303 3698 2357 trti-

2112 2417 2297 2470 σημοι,
2325 2399 2418 2452 καὶ
2451 2397 2768 2468 περιφανῶν
2811 2397 3150 2466 Ἐκκλησιῶν
3195 2395 3473 2465 ἄρχοντες,
3499 2394 3678 2458 ἐἴπερ

2113 2493 2278 2562 ίερεῖς
2323 2493 2404 2547 δεὶ⁹
2439 2491 2622 2546 καλεῖν
2646 2493 2771 2554 τοὺς
2801 2491 2898 2559 τῆς
2953 2489 3152 2552 κακίας
3183 2489 3277 2542 καὶ
3321 2485 3688 2554 συκοφαντίας

2110 2585 2437 2655 ἐξάρχοντας
2468 2599 2492 2612 ν
2518 2583 2656 2654 πλὴν
2715 2581 2922 2644 πάντας
2949 2583 2980 2650 ἡ
3031 2581 3155 2650 δίκη
3205 2577 3490 2649 μετῆλθεν,
3517 2576 3689 2630 ἅλαλα

2113 2677 2383 2746 ποιήσασα
2410 2675 2478 2727 τὰ
2505 2675 2680 2744 χείλη,
2712 2675 2779 2726 τὰ
2812 2673 3126 2743 λαλήσαντα
3181 2670 3325 2724 κατὰ
3351 2669 3443 2722 τοῦ
3475 2668 3688 2721 δικαίου

2111 2766 2342 2837 ἀνομίαν
2369 2768 2426 2817 ἐν
2462 2765 2812 2835 ὗπερηφανίᾳ
2855 2763 2949 2816 καὶ
2981 2760 3348 2827 ὲξουδενὼσει.
3378 2753 3538 2812 Οὗτοι
3583 2757 3704 2826 γὰρ»

2112 2852 2226 2924 οὖν,
2257 2857 2332 2920 ὡς
2362 2857 2598 2926 εἴρηται,
2633 2856 2720 2910 διὰ
2745 2856 2844 2923 τὴν
2869 2854 2978 2907 τῶν
3004 2853 3324 2921 άποϐλήτων
3367 2847 3552 2904 αὐτῶν
3599 2849 3692 2900 καὶ

2121 2947 2384 3018 μυσαρῶν
2411 2947 2700 3016 δογμάτων
2753 2945 3132 3017 προσπάθειαν
3157 2984 3172 3005 ,
3211 2941 3554 3010 κατέδραμον
3593 2941 3695 3009 τῆς

2039 3026 2082 3083 C
2119 3039 2428 3108 ἁπλότητος
2461 3037 2554 3092 τοῦ
2606 3037 2904 3108 βασιλέως,
2937 3037 3034 3090 καὶ
3061 3035 3388 3106 δραξάμενοι
3412 3034 3512 3102 τῆς
3557 3049 3698 3103 προ-

2121 3132 2340 3201 φάσεως
2357 3131 2450 3184 τοῦ
2485 3130 2788 3203 ἀφθάρτου,
2818 3131 3203 3199 πεποιήκασιν,
3225 3129 3299 3190 ὡς
3327 3127 3702 3196 δειχθήσεται,

2123 3223 2480 3294 παρανόμως,
2516 3226 2612 3276 καὶ
2642 3222 2792 3293 παρὰ
2817 3221 2944 3286 τοὺς
2968 3221 3145 3283 θείους
3175 3219 3405 3281 κανόνας
3427 3257 3442 3281 ,
3479 3218 3572 3270 καὶ
3595 3217 3700 3284 τὴν

2111 3313 2575 3385 ὲκκλησιαστικὴν
2621 3313 2876 3380 εὐταξίαν
2905 3355 2920 3379 ,
2954 3313 3098 3365 κατὰ
3153 3311 3248 3364 τοῦ
3279 3308 3549 3381 μακαρίου
3601 3307 3700 3362 καὶ

2113 3405 2263 3459 ὁσίου
2293 3407 2505 3475 ἀνδρὸς,
2537 3407 2675 3476 ὅπερ
2703 3407 3074 3474 πεποιήκασιν
3109 3421 3124 3434 ·
3168 3405 3278 3456 κΞν
3311 3403 3392 3456 ὅτι
3433 3401 3700 3472 μετῆλθεν

2115 3495 2312 3559 αὐτοὺς
2335 3497 2364 3548 ὁ
2391 3496 2598 3560 δίκαιος
2625 3497 2820 3568 κριτὴς
2843 3497 2940 3548 καὶ
2965 3497 3022 3548 ὲν
3048 3495 3126 3564 τῷ
3155 3494 3250 3547 νῦν
3282 3494 3381 3564 βίῳ
3403 3533 3418 3558 ,
3453 3493 3548 3545 καὶ
3589 3507 3696 3543 πα-

2075 3648 2082 3656 ,
2121 3588 2666 3658 ραδειγματισθέντες
2693 3587 3048 3658 πολυτρόπως
3081 3587 3236 3640 αὐτοί
3279 3604 3340 3638 τε
3369 3585 3463 3639 καὶ¹
3495 3585 3700 3645 πάντες

2121 3680 2170 3730 oi
2211 3678 2308 3731 σὺν
2341 3679 2524 3741 αὐτοῖς
2553 3677 2821 3748 κατῆλθον
2846 3680 2926 3742 είς
2955 3677 3087 3749 ᾅδην
3112 3678 3230 3747 μετ’
3255 3675 3470 3747 ὀδύνης.

2035 3841 2107 3856 —

1926 3945 2152 4002 CAPUT
2189 3948 2250 4002 ν.
3225 3935 3236 3962 ‘

619 4063 746 4118 Post
765 4067 1029 4134 geminam
1065 4066 1422 4136 captivitatem
1445 4065 1727 4138 obtegatur
1751 4073 1964 4120 sanctus
2001 4065 2290 4137 Eutychius
2318 4067 2372 4118 in
2397 4065 2626 4118 insulam
2659 4063 2977 4135 Principem,
3013 4065 3195 4118 deinde
3223 4065 3522 4120 Amascam.

515 4201 607 4256 56.
645 4201 780 4257 Cum
822 4215 1016 4255 eorum
1049 4217 1190 4270 quos
1233 4201 1344 4255 dixi
1399 4217 1788 4271 perversorum
1823 4202 2023 4258 studiis

443 4303 604 4347 aucta
648 4289 794 4348 esset
837 4293 1014 4346 morbi
1055 4292 1138 4347 vis
1184 4293 1468 4357 diuturna,
1525 4303 1582 4349 et
1631 4295 1834 4349 vulnus
1879 4295 2022 4348 ditii-

443 4383 624 4436 culter
657 4383 966 4448 tractabile,
1002 4383 1113 4437 imo
1151 4383 1553 4438 immedicabile
1575 4385 1687 4454 jam
1715 4386 2020 4450 evasisset;

443 4489 734 4528 assumens
763 4476 1063 4542 imperator
1107 4475 1375 4538 chartam,
1409 4475 1463 4528 in
1494 4490 1602 4546 qua
1637 4475 2027 4530 continebatur

442 4565 764 4634 blaspbcma
793 4565 883 4618 illa
907 4565 1117 4634 opinio,
1150 4565 1294 4635 quod
1331 4566 1546 4623 Domini
1583 4583 1781 4634 corpus
1805 4583 1870 4622 ex
1897 4583 2027 4622 con—

2190 4201 2300 4266 λςδ.
2336 4200 2422 4263 Ὠς
2456 4200 2548 4254 οὖν
2574 4199 2788 4269 ηὐξήθη
2819 4202 2852 4270 ή
2901 4201 3088 4270 χρονία
3145 4199 3238 4253 τοῦ
3292 4201 3461 4254 κακοῦ
3505 4203 3708 4272 μελέτη

2133 4293 2221 4345 διὰ
2243 4292 2346 4361 τῆς
2373 4291 2582 4344 τούτων
2619 4291 2879 4360 σπουδῆς,
2904 4291 2999 4344 καὶ
3032 4291 3092 4342 τὸ
3118 4289 3341 4361 τραῦμα
3393 4291 3640 4343 δυσίατον
3667 4293 3701 4360 ἢ

2129 4385 2329 4454 μᾶλλον
2377 4387 2553 4436 εἰπεῖν
2615 4384 2837 4437 ἀνίατον
2873 4383 3094 4451 γέγονεν
3119 4400 3130 4412 ·
3168 4383 3464 4453 προέλαϐεν
3497 4384 3524 4435 ὁ
3556 4383 3708 4450 βασι-

2125 4478 2249 4540 λεὺς
2275 4477 2330 4530 ὃν
2381 4477 2634 4544 ἐποίησεν
2677 4477 2906 4546 χάρτην,
2941 4476 3261 4546 περιέχοντα
3312 4475 3410 4546 τὴν
3462 4475 3707 4544 βλάσφη-

2133 4585 2230 4638 μον
2259 4569 2475 4636 ἐκείνην
2503 4569 2945 4636 δογματοποιίαν,
2980 4569 3155 4634 λέγων
3191 4569 3250 4620 τὸ
3275 4567 3432 4635 σῶμα
3461 4566 3554 4619 τοῦ
3589 4569 3704 4618 Κυ-

442 4657 735 4724 junctione
767 4673 890 4711 cum
944 4667 1142 4712 natura
1167 4657 1350 4712 divina
1381 4659 1800 4728 incorruptibile
1845 4660 2011 4714 fuerit

2140 4661 2261 4731 ρίου
2290 4659 2348 4726 ἐξ
2381 4659 2548 4728 αὐτῆς
2579 4657 2824 4722 ὲνὼσεως
2847 4659 3141 4730 ἄφθαρτον.
3177 4659 3467 4726 Ἀναγνοὺς
3494 4657 3548 4709 δὲ
3575 4658 3712 4710 πᾶσι

446 4763 566 4801 eam
631 4748 817 4802 divino
868 4763 1174 4819 magnoque
1235 4750 1408 4820 pugili
1440 4750 1709 4821 Eutychio
1756 4751 2020 4826 praelegit,

445 4839 731 4908 postulans
761 4847 818 4892 ut
840 4853 940 4892 suo
974 4839 1144 4908 ipsam
1174 4839 1434 4910 suffragio
1463 4841 1848 4910 sententiaque
1871 4855 2025 4894 com-

443 4932 729 5001 probaret.
783 4931 851 4984 At
895 4931 1006 4990 ille,
1059 4939 1118 4985 ut
1172 4947 1389 5001 mquum
1445 4943 1585 4994 erat,
1648 4933 1886 5000 primum
1935 4949 2028 4988 c0-

447 5023 860 5077 liortationibus
913 5033 1095 5084 utens,
1151 5023 1384 5093 negabat
1441 5039 1562 5078 eam
1601 5039 1722 5078 esse
1757 5025 2030 5093 apostolo-

445 5129 568 5167 rum
621 5113 956 5180 doetrinam,
1001 5129 1183 5184 neque
1227 5114 1406 5183 quoad
1455 5129 1676 5168 sensum
1711 5123 1807 5169 aut
1858 5115 2028 5170 verba

395 5267 408 5278 ἰ
445 5205 875 5270 assentiebatur,
914 5219 1134 5258 omnem
1164 5205 1462 5274 cogitatum
1495 5205 1711 5275 jactans
1743 5205 1797 5258 in
1838 5205 2027 5259 Domi-

423 5301 598 5352 "nnm.
627 5299 856 5353 Multum
886 5305 1069 5352 autem
1097 5297 1336 5353 suadens
1375 5307 1540 5368 atque
1572 5297 1890 5360 cohortaris.
1923 5314 2030 5352 non

445 5389 624 5457 patuit
675 5391 994 5460 persuaderi
1047 5401 1107 5445 ut
1134 5391 1339 5446 faceret
1371 5389 1578 5460 aliquid
1633 5389 1896 5445 adversus
1928 5390 2033 5444 Ec-

513 5519 624 5591 (25)
656 5523 979 5595 Praecipuus
1005 5525 1110 5580 fuit
1141 5523 1488 5588 Theodorus,
1514 5524 1839 5593 cognomine
1864 5524 2016 5578 Alci-

439 5589 558 5652 «1³8,
601 5589 902 5663 episcopus
949 5593 1212 5654 Cresareze
1265 5595 1320 5650 in
1370 5589 1738 5664 Cappadocia,
1799 5595 2010 5664 dequo

2131 4749 2223 4802 τόν
2254 4749 2498 4802 τοιοῦτον
2522 4749 2699 4816 λόγον,
2731 4749 3044 4817 ἠνάγκαζεν
3075 4749 3166 4802 τὸν
3199 4749 3456 4818 θεοφόεον
3486 4749 3576 4800 καὶ
3615 4747 3711 4816 μέο

2131 4857 2236 4908 γαν
2271 4839 2510 4909 ἀθλητὴν
2539 4839 2801 4909 Εὐτύχιον
2825 4839 3078 4905 δέξασθαι
3110 4837 3198 4890 τὸν
3241 4837 3421 4904 λόγον,
3450 4837 3542 4887 καὶ
3567 4834 3713 4901 σύμ-

2131 4933 2311 5001 ψηφον
2335 4932 2484 5002 αὐτῷ
2516 4931 2616 5000 τῆς
2651 4930 3004 5001 βλασφημίας
3033 4929 3236 4998 ταύτης
3261 4927 3537 4996 γενέσθαι.
3571 4926 3630 4979 '0
3655 4927 3714 4978 δὲ

2133 5023 2207 5086 ὡς
2235 5025 2474 5092 ἔπρεπεν
2498 5021 2647 5092 αὑτῷ
2683 5023 3115 5092 παρακλητικοίς
3163 5021 3384 5089 πρῶτον
3429 5019 3718 5089 χρησάμε-

2129 5133 2219 5178 νος
2251 5116 2450 5182 λόγοις,
2483 5115 2557 5186 μὴ
2583 5112 2722 5168 εἶναι
2753 5115 2977 5183 φάσκων
3005 5115 3104 5182 τὴν
3129 5113 3479 5168 διδασκαλίαν
3507 5111 3718 5181 ταύτην

2130 5207 2238 5259 τῶν
2261 5207 2433 5269 ἁγίων
2454 5205 2916 5272 ὰποστόλων,οὓτε
2944 5209 3136 5276 μέχρις
3167 5207 3376 5268 ἑννοίας
3411 5207 3443 5273 ἢ
3473 5205 3720 5274 ῥήματος

2135 5299 2592 5364 συνέθετο,πᾶσαν
2613 5301 2710 5370 τὴν
2741 5301 3012 5371 μέριμναν
3043 5299 3340 5372 ὲπιρρίψας
3369 5299 3462 5350 ἐπὶ
3491 5298 3722 5368 Κύριον.

2147 5391 2232 5454 Ὠς
2251 5387 2342 5444 οὖν
2359 5393 2528 5446 πολλὰ
2543 5393 2926 5463 παρακαλέσας
2945 5391 3504 5462 κα¹ινουθετήσας,οῦκ
3531 5393 3726 5458 ἴσχυσε

2127 5525 2394 5595 legendus
2417 5528 2708 5596 Evagrius,
2735 5529 2832 5582 lib.
2863 5545 2915 5582 tv
2959 5527 3096 5582 Hist.
3133 5527 3338 5592 eodem,
3385 5541 3508 5596 cap.
3555 5525 3624 5581 57
3663 5536 3723 5580 et

2119 5595 2208 5660 58,
2234 5596 2326 5664 ubi
2359 5595 2592 5651 inuresin
2634 5597 2932 5653 Justiniani
2959 5597 3210 5666 esppnit.
