4042 6156
517 121 546 138 χ

340 229 444 293 23!
456 231 509 329 7~

343 433 522 505 ὀρθῶν
559 431 846 500 δογμάτων
875 427 1216 489 ὑπεναντίον,
1250 425 1717 495 ἐπιφθεγξάμενος
1739 425 1800 478 τὸ
1831 424 1924 478 τοῦ

353 522 683 577 Ἀποστόλου
733 521 944 588 λόγιον,
987 536 1004 568 ι
1042 519 1163 570 ’Ὁτι
1194 517 1343 569 οὐδὲν
1371 516 1780 586 ὑπεστειλάμην
1811 517 1921 568 τῶν

344 615 740 686 συμφερόντων
787 611 883 664 τοῦ
936 611 1011 681 μὴ
1070 608 1390 676 ἀναγγεῖλαι
1446 609 1600 678 ὑμῖν,
1649 625 1666 658 ι
1720 607 1920 659 ἔδωκεν

341 709 540 760 ἑαυτὸν
573 703 873 775 προθύμως
905 701 1000 755 τοῦ
1049 699 1260 761 λοιποῦ,
1293 699 1472 752 πάντα
1519 697 1812 767 ὑὲτομεῖναι
1857 698 1925 749 τΞι

342 797 684 868 νομιζόμενα
717 793 867 848 δεινὰ
886 793 974 846 διὰ
1004 792 1103 860 τὴν
1133 793 1212 854 εἰς
1241 791 1476 860 Χριστὸν
1508 791 1691 843 πίστιν
1723 807 1735 820 ο
1770 810 1788 840 ι
1819 791 1923 842 Πέο

340 906 576 957 πεισμαι
600 888 726 956 γὰρ,
751 886 957 954 ἔλεγεν,
976 885 1057 936 ὅτι
1099 883 1220 934 οἴη
1239 882 1488 946 θάνατος,
1507 880 1627 934 οὔτε
1649 879 1780 950 ζωὴ,
1803 879 1924 932 οῦτε

342 982 638 1044 ἐνεστῶτα,
667 977 790 1032 οὔτε
827 978 1107 1048 μέλλοντα,
1144 977 1204 1028 οὐ
1230 973 1440 1044 θλίψις,
1475 975 1537 1026 οῦ
1574 973 1922 1042 στενοχωρία,

341 1076 407 1129 οῦ
427 1075 616 1145 θυμος,
657 1074 720 1126 οῦ
759 1071 1057 1140 γυμνότης,
1086 1069 1148 1121 οὐ
1176 1067 1442 1138 μάχαιρα,
1476 1067 1575 1119 οὐκ
1615 1065 1800 1136 ὲξορία
1822 1083 1927 1135 χω-

346 1171 486 1238 ρίσει
514 1183 579 1235 με
607 1165 716 1218 ἀπὸ
735 1164 832 1234 τῆς
857 1163 1076 1230 ἀγάπης
1093 1160 1184 1212 τοῦ
1205 1159 1337 1212 Θεοῦ
1366 1159 1464 1228 τῆς
1485 1159 1540 1209 ἐν
1567 1156 1787 1227 Χριστῷ
1823 1157 1927 1225 Ἰη-

344 1258 443 1310 σοῦ
475 1257 552 1326 τῷ
574 1256 765 1326 Κυρίῳ
790 1253 966 1325 ἡμῶν.
999 1253 1170 1322 »Ἀρα
1196 1250 1358 1320 μέχρι
1386 1249 1558 1316 λόγων
1581 1246 1728 1316 αὐτῷ
1755 1247 1925 1300 ταῦτα

340 1345 414 1419 ἦν
429 1349 688 1419 εἰρημένα
707 1350 738 1417 ἢ
754 1346 850 1399 καὶ
868 1344 1014 1416 ἔργῳ
1037 1343 1397 1412 πεπλήρωκεν
1421 1358 1435 1405 ;
1467 1339 1738 1409 Πρόδηλον
1762 1339 1926 1391 πᾶσίν

343 1443 518 1500 ἐστιν,
545 1442 624 1492 ὅτι
645 1442 756 1501 τοῖς
778 1439 956 1506 λόγοις
980 1435 1151 1489 καὶτὸ
1176 1433 1335 1504 ἔργον
1357 1431 1815 1502 ἐπηκολούθησεν.

417 1531 518 1595 λζ’.
574 1531 664 1600 Μὴ
725 1528 1076 1600 βουληθέντος
1127 1525 1238 1594 γάρ
1290 1522 1456 1577 αὐτοῦ
1515 1523 1770 1587 δέξασθαι
1826 1521 1924 1591 τὴν

345 1625 556 1694 πλάνην
583 1623 678 1675 τοῦ
708 1623 980 1690 δόγματος
1014 1619 1124 1670 τῶν
1139 1616 1685 1687 Ἀφθαρτοδοκητῶν,
1716 1615 1916 1668 αὐτίκα

342 1716 394 1767 οἱ
426 1713 532 1766 τῶν
562 1713 746 1766 κακῶν
777 1713 1051 1779 σοφισταὶ,
1077 1711 1126 1762 οί
1159 1711 1337 1763 πάντα
1369 1708 1566 1781 ῥᾳδίως
1585 1707 1912 1778 τολμῶντες,

341 1807 391 1858 cl
416 1804 649 1857 τοιοῦτοι
679 1803 937 1872 ἄρχοντες
975 1802 1069 1854 καὶ
1101 1801 1234 1869 πρὸς
1263 1800 1511 1853 ἐνιαυτὸν
1551 1801 1738 1867 ἱερεῖς,
1797 1815 1922 1850 συν-

343 1895 603 1965 αχθέντες
631 1895 726 1948 καὶ
774 1894 1108 1956 εἰσελθόντες
1156 1895 1236 1956 είς
1268 1892 1328 1944 τδ
1362 1892 1761 1960 ἀκροατήριον,
1796 1891 1922 1960 ἐμε-

342 1989 578 2056 λέτησαν
610 1987 703 2040 καὶ
738 1985 870 2039 κενὰ
905 1986 1109 2056 μάταια
1133 1984 1273 2037 κατὰ
1303 1983 1396 2036 τοῦ
1430 1983 1635 2053 Κυρίου
1663 1983 1756 2036 καὶ
1781 1982 1923 2036 κατὰ

345 2079 440 2132 τοῦ
458 2078 690 2150 Χριστοῦ
721 2077 884 2130 αὑτοῦ
911 2095 924 2108 '
954 2078 1048 2130 καὶ
1088 2077 1531 2146 συναρπάσαντες
1552 2075 1640 2127 τὸν
1679 2073 1919 2144 βασιλέα,

347 2169 628 2222 πείθουσιν
658 2167 762 2234 ἔξω
796 2168 892 2237 μὲν
927 2168 1148 2236 ποιῆσαι
1206 2165 1292 2218 ,οῦ
1337 2165 1526 2236 θρόνου
1580 2164 1670 2216 τὸν
1722 2165 1923 2226 πάσαις

343 2262 569 2330 ἀρεταῖς
627 2259 1052 2328 κεκοσμημένον
1105 2257 1314 2326 ἄνδρα,
1361 2255 1588 2326 ποιῆσαί
1648 2271 1709 2307 τε
1765 2254 1922 2308 ἄλλον

341 2353 634 2419 όρείλοντα
655 2353 792 2422 πρὸς
825 2352 916 2403 τὸν
948 2349 1148 2403 σκοπὸν
1182 2348 1360 2401 αὐτῶν
1389 2346 1726 2414 διαγίνεσθαι
1748 2386 1762 2411 ,
1788 2347 1925 2417 ὅπερ

341 2447 439 2496 καὶ
468 2443 714 2511 γέγονεν.
745 2441 1024 2505 Συθάξεως
1065 2440 1172 2510 γάρ
1205 2438 1372 2507 οὔσης
1422 2437 1517 2490 τοῦ
1558 2438 1716 2505 ἁγίου
1750 2438 1923 2506 Τιμο-

342 2535 471 2586 θέου
535 2536 591 2586 ἐν
654 2535 767 2596 τοῖς
815 2532 1102 2602 Ὀρμίσδα,
1140 2533 1197 2582 ὲν
1251 2529 1330 2600 τῷ
1378 2529 1483 2599 νέῳ
1518 2529 1800 2598 παλατίῳ,
1833 2529 1926 2580 καὶ

342 2624 632 2686 ποιοῦντος
687 2622 784 2675 τοῦ
839 2623 988 2675 ὁσίου
1045 2620 1312 2691 Εὐτυχίου
1355 2619 1452 2690 τὴν
1497 2619 1649 2672 θείαν
1687 2619 1923 2690 λειτουρ-

339 2717 470 2784 γίαν
497 2714 770 2784 ἐπέδησαν
796 2716 876 2777 εἰς
905 2713 964 2766 τὸ
993 2713 1187 2777 εὐαγὲς
1216 2713 1584 2775 ἐπισκοπεῖον,
1612 2712 1700 2764 ὅτε
1730 2728 1926 2780 στρατ-

337 2807 477 2876 ηγὸς
505 2806 599 2858 καὶ
641 2807 690 2858 oi
722 2804 993 2875 ὑπηρέται
1028 2801 1119 2855 τοῦ
1143 2798 1473 2873 στρατηγοῦ,
1497 2802 1640 2871 φημὶ
1666 2801 1729 2871 δὴ
1757 2803 1803 2854 οἱ
1833 2799 1926 2853 τοῦ

341 2898 543 2968 ἀγρίου
576 2896 746 2966 θηρὸς
792 2895 1077 2964 ὑπουργοὶ,
1114 2892 1594 2963 συλλαμϐάνοντες
1619 2894 1713 2946 καὶ
1743 2891 1930 2964 σύρον-

1893 220 2092 285 VITA.

345 347 532 398 πεῖσαι
563 337 759 411 δρᾶσαί
787 356 836 390 τι
895 337 994 407 τῆς
1051 335 1343 404 καθολικῆς
1387 333 1774 406 Ἐκκλησίαςῆ
1816 335 1922 386 τῶν

2030 336 2246 391 clesiam
2295 337 2619 394 catholicam
2663 344 2720 391 et
2758 345 2906 391 recta
2953 335 3204 406 dogmata
3247 351 3258 386 :

3460 228 3599 291 2228

3315 339 3409 392 sed
3467 343 3599 398 illud

2029 427 2274 497 Apostoli
2323 444 2596 498 usurpans
2641 447 2652 482 :
2697 448 2715 478 ι
2745 428 2882 495 Quia
2915 428 3053 481 nihil
3097 428 3345 482 subtraxi
3382 431 3600 486 utilium

2027 519 2326 589 quominus
2375 520 2763 575 annuntiarem
2827 519 2987 574 vobis
3025 518 3089 583 ³⁷,
3127 539 3145 572 ι
3213 529 3468 590 prompte
3518 539 3608 578 se-

2030 611 2208 681 ipsum
2241 611 2549 666 tradiditad
2581 613 2764 665 omnia
2797 628 2918 681 quae
2937 611 3122 682 gravia
3143 620 3410 679 putantur
3432 614 3601 666 susti-

2026 703 2206 758 nenda
2243 713 2469 775 propter
2501 704 2662 759 ﬁdem
2695 705 2748 758 in
2777 704 3059 771 Christum
3097 721 3109 757 :
3151 723 3169 755 ι
3204 703 3404 759 Certus
3431 705 3600 766 enim,

2027 810 2171 858 sum,
2208 795 2488 864 inquiens,
2523 796 2653 864 quia
2696 810 2876 865 neque
2898 811 3050 851 mors
3088 811 3268 865 neque
3312 795 3447 859 vita,
3499 812 3605 850 nec

2027 883 2338 951 praesentia,
2361 899 2464 938 nec
2493 885 2698 947 futura,
2729 900 2830 940 nec
2858 885 3162 949 tribulatio,
3198 901 3301 940 nec
3330 887 3601 956 angustia,

2027 992 2128 1031 nec
2157 976 2348 1042 fames,
2383 992 2486 1031 nec
2536 977 2777 1043 auditas,
2828 992 2928 1032 nec
2956 978 3172 1048 gladius
3213 989 3477 1047 poterunt
3517 995 3604 1034 me

2027 1081 2286 1136 separare
2329 1083 2358 1120 a
2401 1067 2673 1122 charitate
2697 1068 2815 1131 Dei,
2847 1084 2968 1137 quae
2995 1078 3085 1124 est
3132 1071 3187 1124 in
3219 1070 3442 1126 Christo
3471 1072 3600 1128 Jesu

2026 1155 2258 1208 Domino
2287 1165 2480 1211 nostro
2533 1157 2599 1210 ⁸⁸.
2644 1176 2663 1208 ι
2717 1157 2913 1213 Utrum
2953 1175 3086 1214 vero
3119 1160 3385 1216 duntaxat
3420 1164 3604 1219 verbis

2025 1261 2089 1300 ea
2139 1247 2360 1310 dixerit,
2396 1264 2465 1302 an
2497 1249 2662 1303 etiam
2693 1250 3054 1320 compleverit
3085 1267 3270 1322 opere,
3306 1256 3483 1324 palam
3519 1267 3605 1311 est

2026 1337 2306 1403 omnibus,
2342 1339 2604 1408 quoniam
2648 1339 2820 1394 verba
2869 1340 3164 1396 subsecuta
3193 1352 3324 1398 sunt
3369 1345 3530 1400 facta.

2095 1517 2185 1572 57.
2209 1518 2346 1574 Nam
2382 1534 2505 1573 cum
2531 1519 2702 1576 nollet
2727 1521 2850 1576 falsi
2888 1521 3160 1592 dogmatis
3197 1538 3444 1579 errorem
3477 1541 3601 1580 sus-

2028 1611 2212 1680 cipere
2273 1618 2328 1665 et
2387 1611 2922 1681 Aphtharlodocetas
2980 1614 3122 1684 (26)
3199 1617 3598 1686 comprobare;

2027 1703 2206 1757 statim
2239 1703 2510 1757 malorum
2536 1703 2875 1770 inventores,
2894 1705 3079 1759 omnia
3103 1708 3341 1776 prompti
3371 1708 3598 1768 audere.

2025 1794 2324 1864 principes,
2361 1795 2606 1865 inquam,
2643 1803 2698 1849 et
2722 1796 3038 1851 sacerdotes
3075 1797 3200 1859 anni
3228 1797 3377 1853 illius
3401 1841 3414 1863 ,
3465 1816 3601 1854 con-

2025 1885 2230 1955 gregati
2251 1886 2304 1939 in
2328 1886 2667 1942 auditorium
2687 1895 2743 1942 et
2766 1890 3158 1944 convenientes
3188 1891 3243 1944 in
3273 1908 3463 1957 unum,
3482 1910 3600 1948 me-

2025 1976 2182 2030 ditati
2207 1987 2336 2032 sunt
2366 1979 2550 2034 inania
2580 1989 2636 2034 et
2657 1996 2796 2036 vana
2817 1981 3081 2037 adversus
3103 1983 3394 2038 Dominum
3421 1994 3477 2040 et
3507 1987 3606 2041 ad-

2026 2083 2218 2123 versus
2262 2068 2540 2124 Christum
2571 2071 2691 2140 ejus
2719 2071 2764 2103 ³⁹
2793 2088 2807 2136 ;
2835 2084 3339 2144 persuaseruntque
3366 2075 3596 2145 impera-

2025 2160 2167 2224 tori,
2196 2169 2256 2215 ut
2290 2161 2468 2215 virum
2500 2162 2801 2218 virtutibus
2830 2165 3089 2220 omnibus
3121 2176 3377 2221 ornatum
3405 2169 3472 2223 de
3503 2184 3602 2224 sua

2025 2252 2155 2306 sede
2172 2253 2490 2322 expelleret,
2511 2253 2566 2307 in
2584 2269 2757 2324 eaque
2786 2255 3151 2311 constitueret
3171 2258 3339 2312 alium
3359 2259 3493 2330 (27),
3507 2263 3601 2331 qui

2026 2344 2225 2399 studiis
2258 2353 2315 2400 et.
2347 2345 2706 2415 opinionibus
2737 2345 2853 2401 suis
2907 2349 3288 2404 consentiret:
3333 2355 3602 2421 quemad-

2027 2435 2252 2490 modum
2279 2448 2334 2490 et
2357 2437 2562 2492 factum
2590 2446 2693 2492 est.
2729 2437 2892 2492 Festo
2938 2455 3177 2508 namque
3241 2443 3417 2498 sancti
3487 2441 3548 2496 Ti
3575 2475 3603 2486 -

2028 2525 2234 2580 mothei
2281 2525 2392 2597 (28)
2430 2526 2541 2590 die,
2573 2526 2706 2582 dum
2749 2528 2884 2584 illud
2939 2527 2993 2582 in
3039 2545 3186 2584 novo
3216 2533 3420 2600 palatio
3455 2533 3597 2588 Hor-

2030 2616 2219 2672 misdte
2247 2617 2396 2672 dicto
2453 2619 2867 2687 celebraretur,
2910 2629 2967 2675 et
3020 2632 3245 2678 sanctus
3294 2625 3603 2696 Eutychius

2029 2707 2270 2764 divinam
2300 2725 2414 2764 rem
2443 2710 2686 2777 faceret;
2721 2713 2976 2768 tribunus
2996 2713 3234 2768 militum
3261 2725 3316 2770 et
3340 2717 3603 2773 satellites

2033 2800 2262 2866 tribuni,
2287 2816 2384 2855 seu
2417 2803 2602 2871 p0tius
2622 2801 2752 2857 fera:
2787 2804 3043 2859 immanis
3076 2805 3337 2871 ministri,
3387 2809 3604 2864 invase-

2033 2903 2160 2946 runt
2186 2893 2607 2961 patriarchium;
2629 2894 3282 2966 comprehenderuntque
3315 2907 3371 2952 et
3401 2897 3604 2953 distra-

337 3007 438 3047 τες
472 2989 599 3050 τοὺς
628 2987 728 3058 τὴν
757 2986 1064 3057 ὑπηρεσίαν
1094 2984 1186 3038 τοῦ
1238 2983 1398 3054 ἁγίου
1445 2984 1637 3060 ἀνδρδς
1686 2983 1924 3051 ὀφείλον-

2032 2990 2232 3035 xerunt
2257 2981 2359 3034 viri
2388 2983 2562 3037 sancti
2594 2983 2918 3047 familiares,
2958 2985 3052 3054 qui
3085 2995 3280 3041 contra
3331 2987 3487 3041 illum
3518 2999 3602 3044 te-

338 3101 467 3146 τας,
495 3083 664 3137 αὖτοῦ
696 3081 1214 3152 καταμαρτυρῆσαι,
1243 3079 1330 3134 ἵνα
1351 3079 1597 3146 δείξωσιν
1627 3078 1744 3148 μετ’
1769 3078 1925 3131 εὐλό-

337 3195 444 3242 γου
475 3177 637 3244 δῆθεν
657 3173 985 3245 προφάσεως
1009 3173 1168 3227 αὐτὸν
1199 3175 1263 3226 ὲκ
1284 3173 1382 3244 τῆς
1413 3175 1717 3244 ἐπισκοπῆς
1744 3171 1928 3239 ὲξεοῦν

337 3267 444 3343 [απ
475 3265 694 3331 ἐξωθεῖν
707 3263 773 3336 ?].
791 3266 955 3328 Γνοὺς
981 3265 1037 3318 δὲ
1065 3266 1092 3317 ὁ
1112 3264 1283 3335 μέγας
1313 3267 1410 3334 τὴν
1432 3267 1715 3333 γεγονυῖαν
1737 3264 1924 3332 ἔφοδον

335 3361 405 3411 ἐν
426 3357 503 3428 τῷ
539 3354 900 3426 ἐπισκοπείῳ,
922 3355 1015 3408 καὶ
1033 3356 1114 3407 ὅτι
1143 3353 1252 3406 τῶν
1279 3353 1579 3425 ἀνθρώπων
1601 3354 1766 3406 αὐτοῦ
1785 3371 1928 3417 τινες

338 3449 772 3519 κατηνέχθησαν
797 3449 1009 3501 ἐκεῖθεν
1041 3445 1232 3516 βιαίως
1269 3447 1363 3498 καὶ
1390 3447 1456 3516 τῇ
1499 3445 1712 3516 φυλακῇ
1781 3463 1924 3517 παρ-

343 3540 640 3610 εδόθησαν,
661 3537 959 3609 πληρώσας
985 3537 1083 3608 τὴν
1115 3536 1266 3589 θείαν
1291 3534 1626 3606 λειτουργίαν
1667 3534 1807 3604 μετὰ
1831 3537 1926 3605 τὴν

345 3632 596 3684 διάδοσιν
652 3630 753 3700 τῆς
815 3630 1090 3699 ἀχράντου
1151 3627 1451 3688 κοινωνίας,
1511 3625 1728 3695 ἔμεινεν
1762 3629 1820 3678 ἐν
1850 3627 1927 3696 τῷ

338 3718 608 3788 ἱερατείῳ
638 3734 653 3747 ·
690 3716 882 3786 λεχθὲν
913 3718 1022 3786 γὰρ
1047 3711 1114 3786 ἦν
1135 3715 1287 3784 αὑτῷ
1311 3715 1457 3784 παρά
1481 3731 1640 3768 τινων
1684 3717 1744 3768 τὸ
1772 3718 1928 3787 ἀκρι-

338 3809 441 3870 ϐὲς
473 3807 670 3860 εἰδέναι
699 3805 1020 3859 δοκούντων.
1063 3804 1151 3866 Ὠς
1172 3806 1219 3856 εί
1252 3803 1360 3856 τῶν
1388 3803 1546 3874 ἱερῶν
1576 3802 1680 3869 ἔξω
1703 3805 1926 3876 γένηται

339 3898 672 3966 περιῦόλων,
716 3896 810 3949 καὶ
861 3897 940 3959 είς
1003 3895 1166 3964 σῶμα
1219 3893 1610 3948 κινδυνεύσειεν
1639 3911 1653 3924 ·
1705 3895 1927 3948 ἑστάναι

336 3989 456 4058 γάρ
486 4006 639 4050 τινας
671 3986 813 4040 κατὰ
841 3985 910 4039 τὰ
944 3985 1246 4057 Ἀντιόχου,
1271 3985 1585 4055 ὀφείλοντας
1615 3986 1777 4040 αὐτὸν
1835 3988 1926 4038 ἀνα

337 4083 490 4134 ei.st
531 4079 992 4150 μαχαίρᾳ.’ῐ“αῦτα
1021 4078 1208 4149 μαθὼν
1235 4079 1264 4130 ὁ
1308 4079 1574 4150 μακάριος
1600 4117 1614 4138 ,
1644 4078 1774 4150 ἔστη
1804 4078 1924 4132 ἐπί-

337 4171 584 4242 προσθεν
634 4170 729 4223 τοῦ
784 4169 1168 4240 θυσιαστηρίου
1222 4175 1360 4238 μετά
1394 4167 1492 4239 τὴν
1542 4168 1802 4221 ἀπόλυσιν
1834 4170 1924 4239 (ιι),

342 4259 533 4331 φορῶν
563 4261 658 4312 καὶ
683 4259 746 4311 τὸ
772 4259 1107 4331 ὠμοτρόριον,
1135 4259 1272 4329 ὅπερ
1311 4259 1403 4311 καὶ
1437 4258 1557 4326 μεθ’
1593 4259 1788 4313 ἑαυτοῦ
1829 4261 1926 4314 λα-

2031 3070 2425 3139 stiticarentur,
2482 3081 2541 3126 ut
2567 3075 2962 3144 quoquomodo
2995 3077 3309 3133 verosimile
3338 3078 3602 3145 facerent,

2029 3175 2156 3214 eum
2191 3175 2301 3214 non
2321 3161 2441 3215 sine
2464 3177 2632 3216 causa
2656 3162 2827 3217 fuisse
2855 3179 2884 3216 a
2914 3163 3242 3232 pontiﬁcatu
3267 3165 3602 3238 depositum.

2032 3253 2130 3306 Ast
2159 3253 2246 3306 vir
2265 3269 2516 3323 magnus,
2541 3270 2666 3308 cum
2698 3245 3063 3311 intellexisset
3111 3272 3304 3312 eorum
3359 3260 3604 3317 invasio-

2031 3360 2155 3399 nem
2180 3343 2234 3398 in
2269 3345 2692 3414 patriarchium,
2721 3356 2779 3401 et
2807 3347 3076 3417 quosdam
3127 3364 3158 3403 e
3206 3366 3438 3407 numero
3478 3370 3605 3408 suo-

2038 3453 2158 3490 rum
2183 3437 2338 3491 illinc
2367 3437 2641 3493 violenter
2663 3439 2970 3496 abstractos
2993 3443 3316 3513 carcerique
3362 3445 3605 3503 inclusos

2032 3541 2175 3590 esse,
2210 3533 2436 3595 peracto
2471 3526 2744 3582 sacriﬁcio
2776 3536 3040 3584 etsancta
3071 3534 3462 3590 communione
3485 3536 3605 3591 dis-

2045 3617 2276 3680 tributa,
2308 3617 2363 3671 in
2392 3618 2637 3671 sacrario
2671 3619 2873 3672 mansit
2908 3638 2920 3673 :
2953 3620 3161 3676 dictum
3215 3624 3363 3679 enim
3395 3626 3446 3680 ei
3486 3637 3608 3684 erat
3647 3695 3650 3700 _

2029 3726 2059 3764 a
2082 3710 2436 3780 quibusdam,
2456 3718 2608 3765 certo
2635 3710 2688 3764 id
2722 3727 2780 3766 se
2812 3712 2951 3766 scire
2979 3713 3134 3779 ratis,
3159 3714 3228 3769 de
3251 3716 3362 3771 vita
3384 3733 3606 3787 quoque

2033 3804 2215 3873 ipsum
2251 3803 2575 3873 periclitari,
2603 3802 2648 3856 si
2675 3812 2827 3857 extra
2861 3819 3047 3858 sacros
3087 3806 3331 3862 ambitus
3358 3810 3605 3878 prodiis-

2033 3903 2156 3959 set;
2183 3911 2251 3948 eo
2273 3895 2418 3963 quod
2455 3894 2653 3948 armati
2681 3893 2905 3963 quidam
2937 3895 3191 3951 collocati
3245 3898 3300 3951 in
3359 3901 3601 3969 palatiis,

2031 3987 2290 4042 Antiochi
2319 3986 2505 4052 (lictis,
2546 3987 2642 4042 tali
2698 3985 2936 4040 consilio
2989 3987 3167 4057 ipsum
3216 4004 3606 4060 exspectarent

2030 4078 2187 4134 foris.
2215 4079 2342 4134 Haec
2369 4078 2538 4149 igitur
2568 4077 2883 4148 intelligens
2908 4077 2991 4131 vir
3022 4078 3240 4146 beatus,
3277 4093 3407 4138 ante
3430 4085 3603 4140 altare

2034 4172 2287 4226 constitit
2309 4183 2433 4240 post
2460 4169 2750 4224 dimissum
2779 4170 3064 4240 populum,
3093 4173 3378 4243 solitisque
3436 4179 3604 4232 vesti-

2031 4249 2136 4333 bus
2163 4271 2403 4331 etsuper
2438 4261 2709 4316 humerali
2734 4261 2904 4331 (quod
2947 4277 3166 4333 semper
3218 4279 3406 4319 secum
3448 4267 3603 4322 defe-

340 4351 454 4404 ϐὼν
518 4347 663 4420 εἶχεν
711 4351 833 4404 ἀεί’
866 4351 963 4404 καὶ
1015 4350 1386 4420 ἑκτεταμένας
1420 4351 1560 4421 ἔχων
1587 4351 1686 4415 τὰς
1710 4355 1918 4423 χεῖρας,

2034 4354 2212 4425 rebat)
2240 4354 2485 4418 indutus,
2523 4353 2764 4408 extentis
2792 4353 2847 4407 in
2866 4354 3118 4410 oratione
3151 4356 3428 4422 manibus,
3479 4375 3603 4429 per-

340 4442 688 4512 προσηύχετο
723 4443 915 4512 μέχρις
947 4441 1096 4512 ὥρας
1124 4442 1316 4512 τρίτης
1351 4441 1452 4511 τῆς
1487 4443 1678 4506 νυκτὸς
1717 4485 1730 4506 ,
1779 4462 1923 4512 παρ-

345 4533 537 4586 εκάλει
569 4550 630 4586 τε
659 4533 754 4585 τὸν
783 4533 918 4586 Θεὸν
945 4533 1221 4604 ἀτάραχον
1261 4534 1359 4604 τὴν
1398 4533 1728 4604 Ἐκκλησίαν
1761 4536 1922 4589 αὑτοῦ

343 4627 438 4678 καὶ
472 4624 543 4678 τὰ
567 4624 706 4696 ὀρθὰ
732 4625 984 4694 δόγματα
1011 4623 1358 4693 διαφυλάξαι.

412 4718 522 4787 λη’.
550 4716 1001 4787 Προσευχομένου
1036 4713 1094 4767 δὲ
1118 4714 1297 4769 ταῦτα
1328 4715 1516 4782 αὐτοῦ,
1552 4720 1599 4771 οἱ
1627 4720 1924 4786 τηνικαῦτα

349 4809 748 4878 συμπαρόντες
779 4805 932 4878 αὐτῷ
961 4807 1214 4882 κληρικοί
1251 4825 1311 4862 τε
1340 4809 1433 4862 καὶ
1479 4811 1724 4881 μοναχοὶ,
1755 4827 1926 4882 προσ-

372 4947 420 4977 ³⁷
443 4948 576 5002 Act.
609 4963 699 5012 xx,
743 4947 838 5002 20.
914 4947 958 4978 ³⁸
994 4947 1157 5002 Rom.
1192 4963 1308 5012 rm,
1337 4947 1425 5002 58.

1504 4948 1548 4979 ³⁹
1579 4949 1719 5005 Psal.
1752 4969 1815 5016 ιι,
1854 4956 1900 5008 l.

420 5087 492 5155 (δ)
548 5085 606 5156 ln
657 5085 817 5140 Missa
867 5084 1281 5156 Chrysostomi,
1333 5086 1488 5156 juxta
1538 5086 1934 5156 Euchologium

340 5152 514 5217 Goar,
547 5155 747 5226 duplex
762 5152 1268 5226 notatur'Apolysis
1301 5152 1395 5211 seu
1427 5156 1716 5211 Dimissio:
1752 5152 1922 5212 altera

343 5236 568 5300 peracta
607 5226 1021 5300 corinttunione,
1051 5233 1345 5300 antequam
1380 5226 1553 5300 sacris
1584 5227 1923 5300 vestibussc

340 5295 502 5354 exuit
533 5295 831 5359 sacerdos;
862 5295 1032 5349 altera
1063 5310 1189 5349 cum
1220 5296 1332 5360 ille,
1383 5295 1667 5350 ordinario
1715 5299 1920 5352 vestitu

418 5412 534 5484 (26)
587 5411 725 5466 Dicti
775 5411 844 5464 ab
885 5410 1181 5484 ἄφθαρτον,
1218 5412 1617 5484 incorruptum,
1666 5420 1719 5465 et
1763 5411 1933 5484 δοκέω

347 5480 559 5565 opinor,
590 5497 777 5565 censeo
812 5483 1049 5562 sminus
1103 5481 1314 5547 integre
1365 5480 1699 5550 Lipomanus
1744 5483 1925 5537 etSn-

352 5552 468 5609 rius
494 5552 948 5622 Aplttltclrdocita'.

291 5629 296 5636 '
421 5623 527 5690 (ΞΤ)
541 5619 655 5677 llic
678 5630 763 5675 cst
777 5619 1016 5675 Joannes
1027 5619 1399 5677 Scholasticus
1415 5621 1800 5691 apocrisiarius
1816 5637 1927 5677 ma-

787 5760 826 5776 Ἀ

2033 4448 2174 4503 stitit
2205 4463 2377 4516 usque
2393 4446 2587 4512 horam
2613 4445 2832 4500 tertiam
2857 4447 3058 4511 noctis,
3078 4447 3250 4502 Deum
3282 4449 3600 4513 obsecrans,

2035 4547 2094 4591 ut
2133 4521 2283 4592 rccta
2309 4535 2564 4606 dogmata
2596 4545 2659 4590 et
2696 4535 3002 4590 Ecclesiam
3049 4551 3204 4592 suam
3251 4539 3600 4609 tranquillam

2030 4637 2408 4684 conservaret.

2103 4720 2193 4773 '58.
2231 4719 2412 4773 Finita
2447 4719 2721 4780 oratione,
2777 4720 3031 4776 monachi
3061 4730 3118 4775 et
3158 4721 3476 4778 sacerdotes
3505 4722 3600 4792 qui

2037 4811 2288 4876 aderant,
2323 4811 2526 4865 hortati
2553 4811 2684 4865 s'unt
2709 4827 2836 4865 eum
2895 4821 2955 4866 ut
2979 4812 3166 4867 cibum
3202 4824 3460 4883 caperet;
3489 4827 3601 4882 quo

2049 5099 2352 5162 resumpto,
2428 5107 2644 5162 rursum
2675 5075 2890 5162 ’prodit
2937 5091 3003 5147 ad
3043 5092 3303 5161 populum
3329 5091 3602 5162 :Autriquc

2031 5161 2332 5227 respondet
2354 5161 2581 5215 unicum
2606 5160 2858 5218 nostrum
2884 5162 2986 5226 Ite,
3016 5160 3174 5216 missa
3197 5171 3307 5226 est;
3328 5160 3398 5215 ibi
3424 5169 3482 5214 ut
3503 5160 3604 5216 ca:-

2029 5236 2144 5282 tera
2170 5230 2354 5283 omnia
2374 5232 2670 5300 prolixiora
2693 5243 2842 5300 sunt,
2859 5234 2936 5288 sic
2960 5241 3012 5288 et
3030 5232 3366 5287 dcmissoria:
3391 5247 3604 5302 preces.

2039 5427 2157 5482 gnm
2177 5413 2503 5471 Antiochizc.

2107 5482 2348 5561 (28l__l)_ie
2390 5486 2460 5539 2‘2
2508 5488 2778 5557 Januarii,
2823 5508 2932 5561 quo
2977 5491 3152 5546 Grzeci
3222 5507 3346 5544 ριῖςει
3400 5491 3607 5555 colunt,

2033 5568 2180 5607 anno
2215 5554 2337 5608 565.
