4042 6156
3758 216 3763 235 ό

431 255 561 321 ἰ321
1962 269 2009 330 ν

2112 274 2157 331 ι.
3532 265 3671 328 9322

501 376 574 439 μ’.
626 368 713 432 Ὠς
768 370 821 423 δὲ
853 372 1026 443 πέρας
1078 373 1296 441 ἐδέξατο
1340 378 1408 431 τά
1465 380 1569 433 ὑπὸ
1598 378 1689 433 τοῦ
1720 379 1994 449 συνεδρίου

2170 380 2257 435 όθ.
2289 381 2483 435 Finitis
2514 396 2809 436 consessus
2868 380 3015 434 illius
3076 379 3243 444 luitis,
3271 378 3317 433 is
3350 378 3443 447 qui
3486 379 3670 433 consi~

428 461 636 514 ἐκείνου
660 462 972 533 ἀθύρματα,
1003 468 1094 517 καὶ
1120 470 1148 519 6
1173 466 1270 537 τὴν
1299 468 1491 540 βουλὴν
1521 471 1856 541 Ἀχιτόφελος
1886 472 2001 525 δια-

2112 474 2237 528 lium
2255 474 2633 544 AehitOphelis
2654 474 3211 543 disjecerat,axesque
3235 488 3497 527 curruum
3522 472 3666 526 Pha-

432 555 719 616 σκεδάσας,
753 555 1014 620 συζεύξας
1035 557 1091 610 δὲ
1123 559 1214 611 καὶ
1246 561 1367 621 τοὺς
1395 560 1583 624 ἄξονας
1610 562 1719 614 τῶν
1743 563 2003 632 ἁρμάτων

2112 563 2292 618 raonis
2315 563 2681 633 confregerat,
2716 562 3008 633 dissipavit
3052 561 3219 617 etiam
3275 561 3494 615 illorum
3552 576 3669 614 ma~

428 642 647 711 Φαραὼ,
700 645 1045 700 διεσκέδασεν
1106 649 1286 702 αὐτῶν
1323 651 1418 720 τὴν
1478 652 1694 723 βουλὴν,
1741 652 2005 717 συζεύξας

2112 657 2472 718 chinamenta,
2495 656 2807 725 ipsosinter
2834 669 2893 710 se
2923 652 3238 725 implicans.
3284 653 3501 708 lnterea
3544 651 3675 706 licet

429 736 629 798 αὐτοὺς
658 738 773 806 μετ’
808 737 1070 808 ἀλλήλων.
1098 742 1206 793 Καὶ
1233 741 1307 814 μὴ
1348 744 1594 812 εὑρόντες
1624 743 1842 812 εὔλογον
1874 743 2007 813 πρό-

2112 749 2456 803 occasionem
2489 747 2775 801 honestam
2815 745 3079 799 adversus
3105 747 3313 813 justum
3353 758 3465 796 non
3517 755 3675 811 repe-

432 842 598 893 φασιν
630 828 770 879 κατά
796 828 889 881 τοῦ
934 830 1168 895 δικαίου,
1198 834 1283 885 ἵνα
1308 834 1499 898 δόξωσι
1544 834 1843 897 κανονικῶς
1887 851 2006 887 ποι-

432 919 514 969 εῖν
557 912 696 988 ᾶπερ
734 922 1064 990 πεποιήκασι
1099 924 1434 993 παρανόμως
1459 926 1531 996 (οἱ
1575 927 1728 979 αὐτοὶ
1774 927 1880 998 γάρ
1912 928 2005 979 καὶ

433 1011 623 1078 κριταὶ
671 1012 765 1063 καὶ
803 1015 1099 1083 κατήγοροι
1148 1016 1442 1085 ὑπῆρχον),
1477 1018 1640 1071 πάλιν
1697 1021 2005 1087 μετήγαγον

435 1099 598 1152 αὐτὸν
623 1102 687 1152 ὲκ
715 1104 822 1154 τῶν
855 1103 1038 1167 ὐσίας
1064 1107 1142 1167 είς
1159 1106 1258 1175 τὴν
1282 1108 1448 1176 νῆσον
1482 1108 1580 1177 τὴν
1608 1108 2005 1179 ὲπιλεγομὲνην

433 1189 758 1261 Πρίγκιπον.
816 1195 1155 1248 Καταλαϐὼν
1195 1193 1289 1251 οὖν
1318 1200 1345 1251 6
1403 1199 1675 1269 μακάριος
1698 1200 1795 1270 τὴν
1822 1201 2002 1268 νῆσον,

434 1285 492 1336 ὲν
536 1285 787 1354 χειμῶνι,
831 1287 925 1339 καὶ
972 1289 1031 1341 ὲν
1082 1288 1365 1361 Σαϐϐάτῳ,
1421 1292 1512 1343 καὶ
1573 1293 1730 1344 νυκτὶ⁵
1789 1292 2003 1363 βαθείᾳ,

433 1374 645 1438 πρωῖας
687 1376 1004 1447 γενομένης,
1065 1380 1170 1447 πρδ
1214 1379 1414 1442 παντὸς
1462 1379 1622 1433 ἄλλου
1658 1381 2003 1449 πράγματος,

432 1464 630 1531 θεωρεῖ
690 1466 921 1535 σταυρὸν
966 1469 1022 1519 ἐν
1050 1468 1127 1538 τῷ
1175 1469 1358 1539 τοίχῳ,
1425 1470 1615 1539 ἔχοντα
1653 1473 2005 1543 ἐπίγραμμα,

439 1572 462 1605 ι
509 1555 738 1622 Χριστὸς
770 1557 1092 1627 μεθ’ήμῶν,
1148 1560 1335 1628 στῆτε.
1373 1580 1391 1611 ι
1441 1562 1705 1628 Μεγάλως
1760 1563 1817 1614 δὲ
1844 1579 2008 1632 χαρο-

432 1643 701 1710 ποιηθεὶς,
730 1645 941 1713 ἔμεινεν
980 1648 1319 1717 εὐχαριστῶν
1343 1650 1438 1703 καὶ
1475 1650 1712 1714 δοξάζων
1734 1652 1888 1715 Θεὸν,
1917 1653 2003 1705 τὸν

2107 838 2326 901 rissent,
2356 848 2417 893 ut
2451 848 2631 893 tamen
2663 854 2783 908 qua:
2807 844 2995 892 contra
3023 835 3104 889 fas
3130 843 3353 904 egerant
3384 834 3490 887 rite
3521 832 3675 887 vide-

2108 940 2299 985 rentur
2328 930 2503 999 egisse
2537 931 2714 1000 (erant
2739 938 2923 983 autem
2953 928 3117 981 iidem
3156 935 3212 987 et
3246 933 3595 980 accusatores
3620 933 3675 977 et
3760 914 3771 921 ’

2102 1018 2361 1089 judices),
2383 1018 2559 1087 ipsum
2584 1033 2650 1071 ex
2677 1019 2797 1072 loco
2830 1017 2924 1071 ubi
2951 1025 3071 1070 erat
3103 1016 3157 1069 in
3189 1015 3424 1069 insulam
3460 1013 3674 1068 Princi-

2108 1110 2193 1180 pis
2223 1110 2422 1164 dictam
2458 1110 2857 1163 transtulerunt
2889 1109 3023 1175 (30).
3049 1110 3273 1178 Appulit
3314 1108 3381 1161 ad
3431 1122 3550 1161 eam
3592 1105 3677 1159 vir

2109 1200 2375 1255 beatusin
2397 1200 2575 1254 hieme
2600 1209 2656 1254 et
2684 1199 2923 1255 Sahbato
2947 1199 3055 1266 (5|)
3090 1215 3155 1253 ac
3181 1208 3341 1252 nocte
3369 1197 3672 1268 profunda:

2108 1307 2267 1346 mane
2324 1301 2509 1345 autem
2563 1290 2727 1355 facto,
2786 1292 3107 1360 priusquam
3156 1290 3306 1343 aliud
3378 1289 3676 1358 quidquam

2108 1391 2314 1452 ageret,
2343 1381 2482 1435 vidit
2507 1397 2727 1436 crucem
2780 1382 2833 1435 in
2881 1383 3091 1451 pariete
3143 1381 3345 1450 pictam
3395 1396 3519 1435 cum
3572 1379 3678 1433 hoc

2109 1472 2320 1541 elogio:
2366 1491 2384 1522 ι
2412 1471 2667 1527 Christus
2696 1471 2985 1525 nobiscum
3013 1489 3025 1523 :
3058 1481 3217 1525 state.
3239 1490 3267 1542 ,ι
3294 1470 3415 1536 Quo
3453 1480 3675 1539 aspectu

2110 1565 2465 1619 vehementer
2494 1571 2795 1624 recreatus.
2829 1563 2941 1633 egit
2986 1550 3190 1633 gratias
3237 1563 3372 1625 Deo,
3403 1561 3495 1630 qui
3540 1561 3680 1613 hanc

2113 1656 2215 1709 sibi
2248 1654 2684 1709 consolationem
2718 1653 3016 1707 attulisset.
3051 1652 3260 1707 Deinde
3294 1662 3585 1721 postquam
3624 1652 3677 1703 in

430 1734 602 1796 οὕτως
649 1737 811 1786 αὐτὸν
870 1736 1431 1807 παραμυθησάμενον.
1481 1740 1782 1809 Διατρίψας
1837 1741 1893 1794 δὲ
1950 1744 2008 1796 ὲν

2114 1746 2379 1802 eainsula
2438 1753 2549 1799 tres
2580 1743 2955 1797 hebdomadas
3005 1743 3108 1797 sub
3150 1742 3374 1796 militari
3428 1740 3678 1795 custodia

433 1826 566 1893 αὐτῇ
620 1828 686 1895 τῇ
733 1827 881 1902 νήσῳ
933 1830 1083 1897 τρεῖς
1135 1828 1462 1898 ἑϐδομάδας,
1514 1828 1619 1882 ὑπὸ
1654 1832 2010 1900 στρατιωτῶν

433 1916 641 1969 πολλῶν
701 1918 1102 1987 φυλαττόμενος
1162 1922 1432 1984 ἀτάκτως,
1465 1922 1559 1974 καὶ⁹
1611 1922 1686 1985 ὡς
1745 1925 1774 1976 6
1824 1924 2011 1994 καιρὸς

429 2009 637 2072 ἐκεῖνος
684 2009 904 2079 άπήτει,
942 2011 1101 2063 πάλιν
1137 2011 1327 2082 ἐκρίθη
1360 2013 1465 2065 ὑπὸ
1524 2012 1631 2065 τῶν
1674 2011 1847 2077 οὕτως
1896 2032 2016 2083 κρι-

432 2103 657 2168 νάντων,
685 2104 1125 2172 καταλαμϐάνειν
1150 2107 1313 2159 αὐτὸν
1343 2109 1442 2178 τὴν
1465 2108 1571 2161 τῶν
1606 2107 1889 2178 Ἀμασέωίθ
1916 2128 2017 2179 μη-

428 2195 699 2265 τρεπολιν,
723 2197 816 2248 καὶ
840 2197 1048 2262 διάγειν
1070 2199 1126 2249 ἐν
1144 2197 1219 2269 τῷ
1253 2198 1341 2251 ὑπ’
1364 2199 1528 2252 αὑτοῦ
1559 2202 1811 2255 συστάντι
1842 2218 2008 2271 μονα-

431 2286 638 2356 στηρίῳ
656 2303 670 2316 ·
690 2288 828 2358 ὅπερ
867 2288 959 2341 καὶ
989 2289 1231 2357 γέγονεν.
1262 2289 1419 2343 Ἀλλά
1455 2291 1581 2361 περὶ
1609 2290 1705 2359 μὲν
1725 2291 1834 2344 τῶν
1860 2309 2008 2361 τηνι-

428 2377 554 2431 κάδε
566 2396 764 2448 γεγενη
774 2380 944 2448 μένων
957 2381 1048 2433 καὶ
1067 2381 1418 2451 πραχθέντων
1431 2384 1499 2450 ἀγ
1507 2383 1792 2453 ράςρωςκαὶ
1809 2383 2009 2452 ἐγγρά-

431 2485 566 2534 φως,
583 2468 934 2538 πλατυτέρως
955 2472 1125 2522 εἰπεῖν
1146 2472 1572 2542 παρῃτησάμην,
1592 2473 1678 2525 ῖνα
1698 2473 1772 2542 μὴ
1790 2474 1867 2535 είς
1882 2475 2017 2526 ἀπε-

434 2558 665 2628 ράντους
691 2558 887 2626 λόγους
926 2560 1153 2629 ἐμπέσω
1178 2576 1192 2591 ·
1220 2562 1382 2631 ἀρκεῖ
1410 2562 1519 2632 γάρ
1552 2563 1646 2615 καὶ
1675 2565 1702 2616 ὁ
1727 2564 2015 2634 προφήτης

449 2648 699 2717 Ἐζεκιὴλ
727 2648 856 2717 περὶ
902 2648 1111 2702 τούτων
1167 2649 1466 2720 προειπὼν,
1527 2652 1601 2715 ὡς
1625 2654 1690 2705 ὲκ
1719 2652 2013 2721 προσώπου

427 2733 522 2787 τοῦ
576 2734 712 2787 Θεοῦ
738 2775 752 2797 ,
778 2737 860 2789 ὅτι
900 2755 919 2788 ι
966 2736 1056 2807 Τῷ
1108 2737 1287 2808 καιρῷ
1338 2739 1534 2811 ἐκείνῳ
1578 2740 1653 2811 (:c)
1682 2741 2013 2812 ἀποστρέψω

430 2827 489 2879 τδ
516 2827 807 2897 πρόσωπόν
834 2845 936 2898 μου
970 2830 1064 2883 ἀπ’
1084 2828 1286 2893 αὐτῶν,
1329 2832 1422 2883 καὶ
1455 2830 1704 2901 μιανοῦσι
1738 2831 1835 2902 τὴν
1892 2835 2011 2886 ἐπι.

2109 1851 2426 1898 numerosa,
2481 1834 2624 1888 sicut
2659 1842 2875 1903 tempus
2924 1833 3058 1887 illud
3115 1831 3398 1902 poscebat,
3443 1831 3676 1899 egisset.

2110 1926 2311 1980 iterum
2343 1925 2410 1978 ab
2434 1925 2641 1977 eisdem
2676 1924 2959 1993 judicihus
2990 1923 3274 1977 decretum
3308 1930 3393 1977 est
3428 1929 3488 1975 ut
3520 1921 3683 1974 Ama-

2113 2029 2344 2070 saaorum
2374 2013 2721 2083 metrOpolim
2750 2020 2985 2083 peteret,
3034 2022 3393 2082 maneretque
3446 2012 3501 2065 in
3561 2025 3681 2064 mo-

2114 2105 2358 2160 nasterio
2391 2104 2537 2173 quod
2576 2103 2709 2157 olim
2745 2102 3063 2156 ordinarat:
3108 2112 3278 2171 prout
3325 2102 3532 2155 factum
3575 2107 3680 2155 est.

2112 2196 2243 2263 Quae
2268 2211 2398 2250 vero
2420 2195 2534 2249 illic
2557 2194 2825 2248 adversus
2848 2208 2974 2246 eum
3026 2192 3231 2261 scripta
3277 2200 3507 2259 actaque
3532 2196 3680 2252 sunt,

2114 2287 2298 2341 dicere
2320 2285 2677 2355 supersedeo,
2711 2300 2779 2339 ne
2823 2284 3045 2354 longior
3067 2285 3207 2338 sim:
3243 2283 3375 2338 satis
3418 2282 3565 2337 enim
3600 2288 3684 2334 est

2116 2378 2264 2450 quod
2296 2378 2545 2448 apposite
2575 2376 2643 2431 ad
2668 2385 3057 2447 argumentum
3091 2375 3198 2429 hoc
3235 2373 3374 2429 dixit
3426 2371 3683 2427 Ezechiel

2114 2486 2181 2525 ex
2212 2484 2443 2539 persona
2478 2468 2574 2522 Dei
2604 2487 2616 2523 :
2657 2487 2674 2519 ι
2697 2468 2756 2522 ln
2783 2466 2877 2521 illo
2904 2476 3153 2536 tempore
3183 2474 3427 2521 avertam
3486 2463 3683 2517 faciem

2112 2576 2291 2616 meam
2316 2561 2385 2614 ab
2402 2560 2504 2623 eis,
2520 2568 2578 2614 et
2598 2558 3050 2614 contaminabunt
3068 2557 3448 2627 episc0patum
3477 2569 3683 2613 meum,

2110 2660 2168 2707 et
2199 2650 2586 2721 ingredientur
2613 2649 2668 2704 in
2706 2658 2892 2705 sancta
2927 2665 3049 2703 mea
3105 2646 3463 2710 incustodita,
3500 2653 3557 2699 et
3600 2642 3686 2698 fa-

2110 2745 2253 2798 cient
2282 2742 2725 2811 inquinationem
2752 2756 3003 2814 magnam
3036 2740 3104 2795 ⁸⁸.
3133 2758 3150 2791 ι
3179 2740 3285 2795 Sed
3307 2754 3428 2811 qum
3482 2735 3688 2793 deinde

2109 2833 2417 2899 evenerint,
2455 2833 2761 2889 videamus.

433 2921 642 2991 σκοπήν
670 2938 793 2991 μου,
815 2923 907 2975 καὶ
929 2921 1326 2976 εἰσελεύσονται
1346 2921 1426 2986 είς
1450 2920 1518 2974 τά
1541 2921 1673 2992 άγιά
1699 2939 1799 2995 μου
1828 2923 2327 2993 ἀπαραφυλάκτως,
2351 2924 2445 2976 καὶ
2468 2924 2749 2994 ποιήσουσι
2777 2922 2989 2993 φυρμὸν
3023 2922 3214 2995 μέγαν.
3244 2938 3263 2974 ι
3302 2920 3530 2989 Ἴδωμεν
3553 2917 3607 2972 δὲ
3635 2916 3685 2970 τί

432 3013 570 3082 μετά
594 3012 762 3066 ταῦτα
799 3014 1040 3082 γέγονεν.

503 3113 610 3175 μα’.
654 3107 823 3160 Πάλιν
868 3108 1076 3170 Παῦλος
1121 3107 1405 3180 ἀνεδείχθη
1435 3112 1463 3163 δ
1510 3110 1603 3165 τοῦ
1633 3112 1766 3165 Θεοῦ
1817 3110 2005 3175 πιστὸς

2177 3107 2265 3162 41.
2308 3105 2510 3162 Fidelis
2562 3104 2654 3161 Dei
2688 3120 2883 3161 servus
2914 3104 3216 3175 Eutychius
3251 3118 3471 3158 rursum
3521 3103 3688 3158 Paulo

430 3198 687 3267 θεράπων
730 3197 1015 3267 Εύτύχιος,
1050 3198 1211 3254 πάλιν
1242 3201 1276 3270 ἡ
1312 3202 1436 3254 κατ’
1471 3203 1633 3257 αὐτὸν
1679 3203 1911 3274 ἱστορία,
1942 3205 2007 3271 τῇ

431 3288 642 3340 ἐκείνου
700 3287 957 3358 τυγχάνει
1007 3289 1393 3361 παραπλησίω
1427 3292 1553 3345 τάδε
1611 3293 1719 3362 γὰρ
1757 3294 1887 3364 περὶ
1916 3292 2009 3346 τοῦ

430 3376 646 3432 Παύλου
673 3378 838 3447 φησιν
864 3395 878 3407 ·
896 3379 985 3443 Ὠς
1021 3379 1079 3433 δὲ
1114 3381 1428 3452 ἐκρίθητοῦ
1454 3382 1718 3436 ἀποπλεῖν
1747 3386 1893 3455 ἡμᾶς
1930 3386 2009 3450 εἰς

429 3468 528 3537 τὴν
572 3467 823 3533 Ἰταλίαν,
862 3469 1187 3539 παρεδίδουν
1234 3470 1327 3524 τὸν
1355 3472 1565 3526 Παῦλον
1590 3473 1682 3526 καί
1720 3491 1870 3539 τινας
1926 3476 2012 3529 δε-

432 3558 655 3629 σμιῖιτας
718 3560 1107 3632 ἐκατοντάρχῳ
1168 3562 1274 3614 τινὶ
1305 3562 1531 3631 ὀνόματι
1573 3564 1795 3635 Ἰουλίῳ.
1841 3567 2011 3619 Τοῦτο

431 3651 524 3704 καὶ
540 3649 633 3702 ἐπὶ
643 3649 720 3720 τῷ
730 3650 859 3721 ὁσίῳ
879 3652 1121 3719 γέγονεν’
1146 3653 1285 3721 μετὰ
1306 3654 1375 3721 γά
1382 3670 1414 3725 ρ
1428 3654 1524 3724 τὴν
1542 3655 1739 3727 πολλὴν
1750 3656 1857 3709 τῶν
1875 3656 2009 3709 ἀκύ-

434 3757 544 3811 ρων
576 3741 798 3794 ἐκείνων
821 3744 914 3793 καὶ
930 3741 1230 3795 ἀλλοκότων
1250 3744 1653 3814 πεπραγμένων
1681 3747 2007 3815 σκαιωριῶν,

433 3836 652 3905 ἐκρίθη,
701 3833 793 3887 τοῦ
825 3835 1152 3889 καταλαϐεῖν
1180 3837 1366 3898 αὐτὸν,
1394 3836 1469 3899 ὡς
1499 3837 1737 3908 εἴρηται,
1773 3839 1871 3909 τὴν
1904 3840 2010 3891 τῶν

444 3926 729 3994 Ἀμασέων
762 3927 1116 3997 μητρόπολιν,
1144 3928 1352 3997 διάγειν
1376 3946 1436 3981 τε
1464 3929 1520 3981 ἐν
1551 3929 1627 3999 τῷ
1686 3930 1877 3983 ἑαυτοῦ
1913 3949 2010 4000 μο-

432 4018 728 4088 ναστηρίῳ.
765 4015 911 4090 τΛρα
934 4022 1069 4091 πρὸς
1100 4023 1260 4075 τοῦτο
1277 4023 1667 4091 ὲδυσχέρανενς
1697 4018 1807 4092 ἄρα
1838 4023 2012 4074 ἀντεῖ-

432 4127 569 4177 πον;
604 4110 836 4181 ἦὲννοιά
854 4130 935 4175 τις
964 4112 1154 4165 ἔλαϐεν
1187 4114 1368 4177 αὑτὸν,
1398 4113 1523 4183 περὶ
1552 4107 1618 4184 ἦς
1653 4109 1807 4165 εἶπεν
1841 4115 1868 4166 6
1901 4113 2011 4166 Κύ-

434 4219 549 4273 ριος
589 4205 968 4274 προρρήσεως,
1015 4206 1095 4258 ὅτι
1135 4223 1153 4255 ι
1198 4207 1303 4269 πᾶς
1355 4206 1639 4275 προψὴτης
1688 4208 1745 4258 ὲν
1783 4208 1849 4276 τῇ
1906 4205 2012 4276 ίδίᾳ

432 4295 653 4364 πατρίδι
682 4295 876 4364 ἄτιμός
915 4299 1097 4363 ὲστιν;
1145 4314 1162 4347 ι
1198 4296 1481 4367 Οὐμενοῦν
1506 4313 1518 4327 ·
1546 4296 1684 4350 ἀλλά
1713 4297 2011 4367 προθύμως

431 4385 530 4436 καὶ
557 4384 923 4453 ἀγαλλόμενος
959 4388 1136 4440 πάντα
1165 4387 1486 4458 κατεδὲχετο
1508 4404 1519 4416 ·
1553 4387 1771 4459 ἔχαιρεν
1802 4388 1909 4460 γὰρ
1929 4390 2010 4441 ὅτι

2112 3200 2315 3257 similis
2345 3198 2681 3260 declaratur,
2708 3213 2926 3253 rursum
2959 3197 3123 3268 hujus
3155 3196 3383 3252 historia
3409 3196 3476 3250 ad
3508 3197 3686 3267 ipsum

2110 3304 2330 3361 quoque
2377 3296 2560 3360 potest
2595 3287 2789 3343 referri
2827 3305 2840 3342 :
2877 3288 2957 3343 sic
3002 3287 3148 3343 enim
3184 3286 3258 3341 de
3290 3287 3385 3341 illo
3424 3287 3688 3357 scriptum

2110 3391 2234 3436 est:
2267 3380 2337 3437 Ut
2364 3389 2547 3435 autem
2580 3380 2889 3451 iudicatum
2939 3389 3025 3434 est
3056 3382 3314 3451 navigare
3336 3396 3462 3435 eum
3498 3379 3553 3434 in
3583 3379 3692 3435 Ita-

2111 3473 2263 3537 liam,
2303 3479 2360 3527 et
2404 3471 2545 3526 tradi
2597 3471 2825 3526 Paulum
2859 3487 2985 3526 cum
3013 3471 3241 3540 reliquis
3269 3471 3537 3525 custodiis
3561 3484 3691 3523 cen-

2113 3563 2317 3618 turioni
2365 3562 2588 3617 nomine
2637 3562 2784 3618 Julio
2821 3561 2889 3627 “,
2942 3563 3022 3617 sic
3057 3571 3113 3617 et
3147 3563 3215 3618 de
3265 3572 3457 3618 sancto
3489 3564 3690 3617 factum

2110 3664 2214 3711 est.
2265 3655 2400 3709 Nam
2442 3662 2732 3724 postquam
2786 3654 2954 3708 multa
2992 3663 3199 3709 temere
3233 3664 3417 3709 essent
3469 3656 3692 3709 consul-

2114 3754 2246 3808 tata,
2294 3743 2537 3807 tandem,
2584 3752 2646 3796 ut
2693 3742 2954 3808 diximus,
2996 3742 3279 3797 decretum
3329 3742 3462 3807 fuit;
3517 3751 3576 3797 ut
3625 3743 3693 3797 ad

2113 3838 2480 3890 Amasaaorum
2527 3835 2871 3905 metrOpolim
2931 3849 2989 3889 se
3038 3835 3337 3899 conferret,
3385 3843 3441 3888 et
3485 3835 3537 3887 in
3594 3850 3696 3888 suo

2114 3923 2287 3992 ipsius
2337 3922 2674 3976 monasterio
2712 3924 2945 3976 viveret.
3003 3922 3099 3977 llle
3152 3931 3334 3976 autem
3393 3922 3564 3992 quid?
3610 3923 3693 3975 An

2112 4014 2405 4067 oblocutus
2461 4020 2545 4067 est
2594 4010 2918 4081 quidpiam?
2962 4021 3056 4066 aut
3107 4011 3383 4066 succurrit
3427 4012 3503 4066 illi
3546 4012 3693 4082 quod

2115 4104 2375 4158 Dominus
2423 4102 2784 4172 prredixerat,
2825 4122 2842 4155 ι
2875 4090 3048 4158 Nemo
3098 4103 3363 4174 propheta
3405 4113 3697 4174 susceptus

2113 4208 2197 4255 est
2235 4200 2288 4254 in
2334 4198 2512 4268 patria
2560 4216 2658 4254 sua
2687 4201 2771 4254 “‘i
2808 4219 2826 4251 ι
2883 4200 3107 4256 Minime
3141 4214 3273 4254 vero
3313 4200 3451 4257 :sed
3503 4216 3694 4271 prom-

2113 4300 2207 4361 pto
2262 4292 2445 4347 animo
2479 4291 2650 4345 subiit
2714 4292 2896 4346 omnia
2945 4310 2959 4346 :
3005 4290 3282 4363 gaudebat
3345 4291 3494 4346 enim
3546 4291 3694 4360 quod

2114 4383 2312 4453 dignus
2362 4382 2586 4437 habitus
2633 4390 2778 4438 esset
2836 4398 2936 4453 pro
2990 4382 3211 4437 nomine
3267 4382 3365 4436 Dei
3412 4390 3696 4437 contume-

439 4475 748 4547 κατηξιώθη
765 4451 915 4547 -ὑπὲρ
939 4478 1027 4530 τοῦ
1047 4479 1306 4548 ὀνόματος
1327 4451 1420 4531 τι)ῠῦ
1449 4451 1973 4551 Θεοῦυάτιμασθῆναι
1993 4497 2006 4511 ·

2118 4475 2243 4528 liam
2276 4476 2384 4544 pati
2432 4474 2476 4507 “
2513 4464 2837 4543 {dabatque
2880 4488 3129 4543 operam,
3165 4482 3225 4527 ut
3260 4488 3371 4528 non
3411 4473 3587 4527 solum
3638 4472 3692 4525 in

435 4568 496 4621 ο)
536 4568 697 4636 μόνον
731 4568 837 4639 γὰρ
867 4570 927 4620 τὸ
956 4570 1035 4633 είς
1078 4571 1241 4623 αὑτὸν
1296 4570 1590 4635 πιστεύειν,
1647 4571 1780 4625 ἀλλὰ
1828 4573 2011 4626 καὶτὸ

439 4661 578 4725 ὑπὲρ
633 4659 798 4713 αὐτοῦ
859 4661 1088 4731 πάσχειν
1117 4662 1470 4726 ἐσπούδαζεν,
1517 4663 1598 4715 δτι
1639 4662 1734 4715 καὶ⁸
1764 4666 1795 4735 ή
1828 4664 2012 4728 πίστις

437 4753 608 4822 χωρὶς
641 4751 749 4805 τῶν
770 4754 949 4823 ἔργων
999 4754 1171 4824 νεκρά
1207 4755 1375 4807 ἐστιν.
1411 4755 1807 4823 Ἡκολούθησεν
1828 4757 1928 4810 καὶ
1957 4759 2014 4808 ὲν

436 4842 612 4914 τούτῳ
671 4841 809 4915 μετᾶ
863 4846 1063 4916 πολλῆς
1119 4845 1476 4917 φαιδρότητος
1533 4846 1757 4917 Χριστῷ
1785 4846 1862 4917 τῷ
1924 4848 2015 4899 ἐπὶ

511 4985 554 5015 ⁸⁸
588 4984 789 5039 Ezech.
821 5001 914 5052 vn,
972 4985 1062 5041 22.
1137 4984 1180 5018 δ’
1224 4984 1535 5050 Act.xxvn,
1561 4988 1609 5041 Ι.

516 5095 590 5169 (1)
620 5096 801 5153 Locus
828 5098 918 5169 hic
952 5099 1008 5151 in
1033 5097 1265 5169 Vulgata
1309 5107 1497 5154 nostra
1530 5099 1612 5155 sic
1642 5099 2003 5168 exprimitur:

451 5165 552 5220 «Et
585 5178 829 5223 avertam
860 5168 1058 5223 faciem
1094 5165 1272 5225 méam
1299 5170 1369 5224 ab
1394 5170 1496 5235 eis,
1522 5179 1578 5224 et
1605 5165 1889 5224 violabunt
1922 5185 2008 5223 ar-

514 5294 624 5368 (30)
645 5296 744 5351 Est
792 5295 1092 5368 [’n’gcipus,
1130 5298 1187 5352 in
1233 5298 1503 5353 Astaceuo
1554 5296 1674 5351 sinu
1710 5298 2009 5368 Pmponti-

443 5364 610 5425 dis,in
643 5382 749 5437 qua
778 5366 839 5437 VS.
875 5364 1229 5421 Theodorum
1254 5368 1532 5437 Studitatn
1561 5384 1589 5437 a
1621 5379 1795 5422 morte
1822 5364 2016 5437 sepul-

444 5445 581 5490 tura:
611 5436 937 5491 tradidimus
970 5438 1002 5491 4
1026 5437 1223 5493 Febru.
1255 5435 1320 5493 'in
1364 5438 1478 5492 Vita
1542 5436 1600 5493 S.
1624 5437 1833 5493 Νίσοίαί
1891 5435 2019 5493 Stu-

446 5503 588 5579 tjjtw,
614 5509 806 5579 c_ap.7.
830 5508 896 5579 Et
932 5506 1173 5561 diximus
1201 5506 1386 5579 Grzece
1411 5508 1512 5579 legi
1549 5508 1684 5574 πρὸς
1714 5512 1779 5579 τῇ
1815 5508 2015 5575 γείτονι

451 5575 738 5647 Πριγκέπζρ
760 5616 773 5639 ,
819 5577 889 5632 ad
916 5579 1142 5631 vicinam
1177 5577 1405 5632 insulam
1428 5575 1732 5647 Principum
1755 5575 2017 5633 "transla-

455 5652 586 5699 tum.
618 5645 750 5700 lndc
785 5662 915 5719 ergo
946 5663 1044 5717 per
1070 5646 1378 5719 Bithyniam
1407 5657 1464 5705 ct
1513 5645 1781 5705 Galatiam
1814 5649 2016 5704 ductus

1686 4986 1729 5018 “
1751 4985 1885 5042 Luc.
1907 5004 1980 5054 tv,
2004 4988 2095 5045 24.

2110 4566 2265 4620 illum
2323 4568 2593 4630 crederet,
2660 4566 2755 4621 sed
2813 4566 2977 4619 etiam
3032 4575 3093 4619 ut
3140 4582 3239 4635 pro
3274 4581 3341 4620 eo
3390 4573 3693 4636 pateretur.

2111 4660 2368 4729 quoniam
2419 4659 2553 4714 iich
2598 4660 2715 4713 sine
2764 4657 3025 4727 operibus
3057 4655 3696 4711 mortuaest“.lmitatus

2113 4764 2197 4812 est
2244 4757 2411 4811 etiam
2447 4753 2503 4807 in
2554 4754 2656 4807 hac
2711 4769 2768 4807 re
2821 4767 2989 4823 super
3036 4751 3219 4805 omnia
3250 4750 3565 4812 Dominum,
3598 4750 3692 4817 qui

2116 4847 2342 4902 dorsum
2392 4843 2621 4899 tradidit
2670 4842 2919 4913 ﬂagellis,
2960 4852 3016 4898 et
3054 4856 3221 4914 genas
3268 4840 3463 4908 alapis,
3509 4846 3567 4893 et
3615 4838 3695 4894 fa-

2173 4992 2220 5023 “
2254 4991 2371 5044 Act.
2414 5001 2471 5049 ν,
2501 4988 2589 5043 ιι.
2618 4987 2665 5019 ⁸⁸
2698 4987 2811 5042 Jac.
2862 5002 2922 5047 It,
2965 4984 3055 5037 26.

2114 5117 2310 5156 canum
2353 5118 2555 5166 meum,
2587 5109 2641 5154 et
2673 5101 2983 5154 introibunt
3035 5098 3089 5151 in
3122 5096 3257 5151 illud
3299 5095 3598 5161 emissarii,
3633 5107 3690 5152 et

2116 5173 2579 5227 contaminabunt
2604 5170 2760 5225 illud.
2788 5190 2805 5220 ι

2120 5309 2204 5354 est.
2231 5300 2504 5353 Amasiam
2537 5298 2593 5353 S.
2628 5297 2952 5367 Eutychius.

2193 5371 2304 5437 (51)
2339 5371 2431 5423 Die
2459 5369 2680 5423 Sabbati
2708 5362 2769 5422 5⁷1
2825 5367 3070 5421 Januarii
3115 5362 3697 5437 littera‘Dominicali

2122 5441 2182 5495 D.
2215 5434 2381 5495 Zinus
2436 5448 2674 5493 verterat
2724 5438 2775 5491 in
2813 5445 3115 5503 tempestate
3164 5437 3267 5491 diei
3305 5434 3555 5503 Sabbuti;
3601 5438 3701 5492 sed

2124 5507 2331 5561 clarum
2361 5516 2441 5560 est
2461 5508 2623 5560 ailudi
2651 5507 2716 5559 ad
2744 5508 2882 5559 istud
2902 5501 3296 5576 MMUIABDXXIV
3327 5520 3358 5576 :7
3379 5501 3459 5556 Ne
3491 5505 3703 5576 βαρβι-

2126 5592 2191 5648 ga
2228 5588 2397 5633 vestra
2435 5578 2485 5631 in
2527 5578 2696 5631 hieme
2726 5577 2804 5631 rd
2840 5575 3088 5640 Subbalo,
3123 5575 3317 5633 arma.
3351 5575 3406 5624 ἐν
3444 5572 3707 5643 χειμῶνι.
