  <div class='ocr_page' id='page_1' title='image "/cluster/home/n/w/nwhite01/storage/ocr_20150623/86:2/hvd.32044054112354/289.png"; bbox 0 0 4042 6156; ppageno 0'>
   <div class='ocr_carea' id='block_1_1' title="bbox 389 191 532 256">
    <p class='ocr_par' dir='ltr' id='par_1_1' title="bbox 389 191 532 256">
     <span class='ocr_line' id='line_1_1' title="bbox 389 191 532 256; baseline 0 -1"><span class='ocrx_word' id='word_1_1' title='bbox 389 191 532 256; x_wconf 73' lang='grc'><strong>2323</strong></span> 
     </span>
    </p>
   </div>
   <div class='ocr_carea' id='block_1_2' title="bbox 1455 210 2613 284">
    <p class='ocr_par' dir='ltr' id='par_1_2' title="bbox 1455 210 2613 284">
     <span class='ocr_line' id='line_1_2' title="bbox 1455 210 2613 284; baseline 0.014 -16"><span class='ocrx_word' id='word_1_2' title='bbox 1455 210 1516 270; x_wconf 85' lang='lat' dir='ltr'><strong>S.</strong></span> <span class='ocrx_word' id='word_1_3' title='bbox 1557 211 1919 272; x_wconf 77' lang='lat' dir='ltr'><strong>EUTYCIIH</strong></span> <span class='ocrx_word' id='word_1_4' title='bbox 1965 215 2464 280; x_wconf 66' lang='lat' dir='ltr'><strong>PATRIARCUE</strong></span> <span class='ocrx_word' id='word_1_5' title='bbox 2506 224 2613 284; x_wconf 69' lang='grc' dir='ltr'><strong>ΠΡ.</strong></span> 
     </span>
    </p>
   </div>
   <div class='ocr_carea' id='block_1_3' title="bbox 3497 226 3640 292">
    <p class='ocr_par' dir='ltr' id='par_1_3' title="bbox 3497 226 3640 292">
     <span class='ocr_line' id='line_1_3' title="bbox 3497 226 3640 292; baseline 0.021 -3"><span class='ocrx_word' id='word_1_6' title='bbox 3497 226 3640 292; x_wconf 68' lang='lat'><strong>232$</strong></span> 
     </span>
    </p>
   </div>
   <div class='ocr_carea' id='block_1_4' title="bbox 391 303 1953 410">
    <p class='ocr_par' dir='ltr' id='par_1_4' title="bbox 391 303 1953 395">
     <span class='ocr_line' id='line_1_4' title="bbox 391 303 1953 395; baseline 0.012 -36"><span class='ocrx_word' id='word_1_7' title='bbox 391 303 532 360; x_wconf 85' lang='lat' dir='ltr'><strong>ciem</strong></span> <span class='ocrx_word' id='word_1_8' title='bbox 561 321 714 360; x_wconf 88' lang='lat' dir='ltr'><strong>suam</strong></span> <span class='ocrx_word' id='word_1_9' title='bbox 754 325 862 364; x_wconf 88' lang='lat' dir='ltr'><strong>non</strong></span> <span class='ocrx_word' id='word_1_10' title='bbox 896 317 1096 372; x_wconf 87' lang='lat' dir='ltr'><strong>avertit</strong></span> <span class='ocrx_word' id='word_1_11' title='bbox 1124 334 1155 374; x_wconf 89' lang='lat' dir='ltr'><strong>a</strong></span> <span class='ocrx_word' id='word_1_12' title='bbox 1179 318 1428 378; x_wconf 64' lang='lat' dir='ltr'><strong>foeditate</strong></span> <span class='ocrx_word' id='word_1_13' title='bbox 1461 332 1785 391; x_wconf 87' lang='lat' dir='ltr'><strong>sputorum;</strong></span> <span class='ocrx_word' id='word_1_14' title='bbox 1811 325 1953 395; x_wconf 72' lang='lat' dir='ltr'><strong>cujus</strong></span> 
     </span>
    </p>
   </div>
   <div class='ocr_carea' id='block_1_5' title="bbox 2057 303 3640 410">
    <p class='ocr_par' dir='ltr' id='par_1_5' title="bbox 2071 327 3640 410">
     <span class='ocr_line' id='line_1_5' title="bbox 2071 327 3640 410; baseline 0.01 -30"><span class='ocrx_word' id='word_1_15' title='bbox 2071 327 2286 383; x_wconf 86' lang='grc' dir='ltr'>πάντων</span> <span class='ocrx_word' id='word_1_16' title='bbox 2310 332 2450 402; x_wconf 83' lang='grc' dir='ltr'>Θεῷ,</span> <span class='ocrx_word' id='word_1_17' title='bbox 2489 336 2547 399; x_wconf 85' lang='grc' dir='ltr'>ὃς</span> <span class='ocrx_word' id='word_1_18' title='bbox 2575 335 2664 388; x_wconf 73' lang='grc' dir='ltr'><strong>τὸν</strong></span> <span class='ocrx_word' id='word_1_19' title='bbox 2693 333 2856 389; x_wconf 79' lang='grc' dir='ltr'>νῶτον</span> <span class='ocrx_word' id='word_1_20' title='bbox 2887 334 3050 389; x_wconf 78' lang='grc' dir='ltr'>αὑτοῦ</span> <span class='ocrx_word' id='word_1_21' title='bbox 3099 334 3296 391; x_wconf 78' lang='grc' dir='ltr'>ἔδωκεν</span> <span class='ocrx_word' id='word_1_22' title='bbox 3323 339 3402 402; x_wconf 83' lang='grc' dir='ltr'><strong>εἰς</strong></span> <span class='ocrx_word' id='word_1_23' title='bbox 3443 343 3640 410; x_wconf 82' lang='grc' dir='ltr'>μάστι-</span> 
     </span>
    </p>
   </div>
   <div class='ocr_carea' id='block_1_6' title="bbox 389 395 1962 478">
    <p class='ocr_par' dir='ltr' id='par_1_6' title="bbox 389 395 1962 478">
     <span class='ocr_line' id='line_1_6' title="bbox 389 395 1962 478; baseline 0.015 -29"><span class='ocrx_word' id='word_1_24' title='bbox 389 395 564 453; x_wconf 86' lang='lat' dir='ltr'><strong>livore</strong></span> <span class='ocrx_word' id='word_1_25' title='bbox 596 403 767 456; x_wconf 90' lang='lat' dir='ltr'><strong>sanati</strong></span> <span class='ocrx_word' id='word_1_26' title='bbox 817 398 1010 462; x_wconf 85' lang='lat' dir='ltr'><strong>sumus</strong></span> <span class='ocrx_word' id='word_1_27' title='bbox 1049 425 1286 468; x_wconf 86' lang='lat' dir='ltr'><strong>omnes:</strong></span> <span class='ocrx_word' id='word_1_28' title='bbox 1315 414 1410 478; x_wconf 85' lang='lat' dir='ltr'><strong>qui</strong></span> <span class='ocrx_word' id='word_1_29' title='bbox 1437 415 1606 469; x_wconf 87' lang='lat' dir='ltr'><strong>etiam</strong></span> <span class='ocrx_word' id='word_1_30' title='bbox 1643 415 1822 470; x_wconf 85' lang='lat' dir='ltr'><strong>dixit:</strong></span> <span class='ocrx_word' id='word_1_31' title='bbox 1860 436 1878 468; x_wconf 85' lang='grc' dir='ltr'><strong>ι</strong></span> <span class='ocrx_word' id='word_1_32' title='bbox 1907 417 1962 474; x_wconf 90' lang='lat' dir='ltr'><strong>Si</strong></span> 
     </span>
    </p>
   </div>
   <div class='ocr_carea' id='block_1_7' title="bbox 388 495 1966 579">
    <p class='ocr_par' dir='ltr' id='par_1_7' title="bbox 388 495 1966 579">
     <span class='ocr_line' id='line_1_7' title="bbox 388 495 1966 579; baseline 0.016 -38"><span class='ocrx_word' id='word_1_33' title='bbox 388 503 476 544; x_wconf 89' lang='lat' dir='ltr'><strong>me</strong></span> <span class='ocrx_word' id='word_1_34' title='bbox 523 495 806 560; x_wconf 87' lang='lat' dir='ltr'><strong>persecuti</strong></span> <span class='ocrx_word' id='word_1_35' title='bbox 851 497 1058 556; x_wconf 89' lang='lat' dir='ltr'><strong>fuerint</strong></span> <span class='ocrx_word' id='word_1_36' title='bbox 1093 511 1150 558; x_wconf 86' lang='lat' dir='ltr'><strong>et</strong></span> <span class='ocrx_word' id='word_1_37' title='bbox 1183 521 1283 560; x_wconf 87' lang='lat' dir='ltr'><strong>vos</strong></span> <span class='ocrx_word' id='word_1_38' title='bbox 1328 515 1762 576; x_wconf 89' lang='lat' dir='ltr'><strong>persequentur;</strong></span> <span class='ocrx_word' id='word_1_39' title='bbox 1793 510 1838 564; x_wconf 89' lang='lat' dir='ltr'><strong>si</strong></span> <span class='ocrx_word' id='word_1_40' title='bbox 1877 525 1966 579; x_wconf 88' lang='lat' dir='ltr'><strong>pa-</strong></span> 
     </span>
    </p>
   </div>
   <div class='ocr_carea' id='block_1_8' title="bbox 2067 425 3642 501">
    <p class='ocr_par' dir='ltr' id='par_1_8' title="bbox 2067 425 3642 501">
     <span class='ocr_line' id='line_1_8' title="bbox 2067 425 3642 501; baseline 0.009 -27"><span class='ocrx_word' id='word_1_41' title='bbox 2067 435 2188 487; x_wconf 77' lang='grc' dir='ltr'>γας,</span> <span class='ocrx_word' id='word_1_42' title='bbox 2225 425 2318 476; x_wconf 77' lang='grc' dir='ltr'><strong>καὶ</strong></span> <span class='ocrx_word' id='word_1_43' title='bbox 2347 425 2445 490; x_wconf 75' lang='grc' dir='ltr'><strong>τὰς</strong></span> <span class='ocrx_word' id='word_1_44' title='bbox 2470 427 2723 495; x_wconf 80' lang='grc' dir='ltr'><strong>σιαγόνας</strong></span> <span class='ocrx_word' id='word_1_45' title='bbox 2749 429 2828 490; x_wconf 83' lang='grc' dir='ltr'>εἰς</span> <span class='ocrx_word' id='word_1_46' title='bbox 2853 429 3172 499; x_wconf 73' lang='grc' dir='ltr'><strong>ῥαπίσματα</strong></span> <span class='ocrx_word' id='word_1_47' title='bbox 3195 470 3210 494; x_wconf 96' lang='grc'><strong>,</strong></span> <span class='ocrx_word' id='word_1_48' title='bbox 3257 430 3314 482; x_wconf 74' lang='grc' dir='ltr'><strong>τὸ</strong></span> <span class='ocrx_word' id='word_1_49' title='bbox 3357 431 3412 484; x_wconf 84' lang='grc' dir='ltr'><strong>δὲ</strong></span> <span class='ocrx_word' id='word_1_50' title='bbox 3469 435 3642 501; x_wconf 84' lang='grc' dir='ltr'>πρόσ-</span> 
     </span>
    </p>
   </div>
   <div class='ocr_carea' id='block_1_9' title="bbox 2064 515 3638 594">
    <p class='ocr_par' dir='ltr' id='par_1_9' title="bbox 2064 515 3638 594">
     <span class='ocr_line' id='line_1_9' title="bbox 2064 515 3638 594; baseline 0.009 -30"><span class='ocrx_word' id='word_1_51' title='bbox 2064 527 2211 565; x_wconf 87' lang='grc' dir='ltr'>ωπον</span> <span class='ocrx_word' id='word_1_52' title='bbox 2243 515 2406 569; x_wconf 86' lang='grc' dir='ltr'>αὑτοῦ</span> <span class='ocrx_word' id='word_1_53' title='bbox 2461 519 2560 571; x_wconf 85' lang='grc' dir='ltr'><strong>οὑκ</strong></span> <span class='ocrx_word' id='word_1_54' title='bbox 2591 518 2930 588; x_wconf 70' lang='grc' dir='ltr'><strong>ἀπέστρεψεν</strong></span> <span class='ocrx_word' id='word_1_55' title='bbox 2952 520 3058 572; x_wconf 84' lang='grc' dir='ltr'><strong>ἀπὸ</strong></span> <span class='ocrx_word' id='word_1_56' title='bbox 3113 520 3374 590; x_wconf 78' lang='grc' dir='ltr'><strong>αἰσχύνης</strong></span> <span class='ocrx_word' id='word_1_57' title='bbox 3427 524 3638 594; x_wconf 79' lang='grc' dir='ltr'>ἐμπτυ-</span> 
     </span>
    </p>
   </div>
   <div class='ocr_carea' id='block_1_10' title="bbox 387 583 1953 683">
    <p class='ocr_par' dir='ltr' id='par_1_10' title="bbox 387 583 1953 672">
     <span class='ocr_line' id='line_1_10' title="bbox 387 583 1953 672; baseline 0.015 -38"><span class='ocrx_word' id='word_1_58' title='bbox 387 589 530 636; x_wconf 85' lang='lat' dir='ltr'><strong>tretn</strong></span> <span class='ocrx_word' id='word_1_59' title='bbox 557 583 798 643; x_wconf 77' lang='lat' dir='ltr'><strong>familias</strong></span> <span class='ocrx_word' id='word_1_60' title='bbox 823 589 1132 650; x_wconf 84' lang='lat' dir='ltr'><strong>Beelzebub</strong></span> <span class='ocrx_word' id='word_1_61' title='bbox 1159 607 1518 668; x_wconf 82' lang='lat' dir='ltr'><strong>vocaverunt,</strong></span> <span class='ocrx_word' id='word_1_62' title='bbox 1553 609 1762 669; x_wconf 89' lang='lat' dir='ltr'><strong>quanto</strong></span> <span class='ocrx_word' id='word_1_63' title='bbox 1793 603 1953 672; x_wconf 79' lang='lat' dir='ltr'><strong>magis</strong></span> 
     </span>
    </p>
   </div>
   <div class='ocr_carea' id='block_1_11' title="bbox 2057 583 3636 683">
    <p class='ocr_par' dir='ltr' id='par_1_11' title="bbox 2061 583 3636 683">
     <span class='ocr_line' id='line_1_11' title="bbox 2061 583 3636 683; baseline 0.01 -31"><span class='ocrx_word' id='word_1_64' title='bbox 2061 583 2308 670; x_wconf 62' lang='lat' dir='ltr'><strong>opai-mu,</strong></span> <span class='ocrx_word' id='word_1_65' title='bbox 2325 599 2384 658; x_wconf 75' lang='grc' dir='ltr'>οὗ</span> <span class='ocrx_word' id='word_1_66' title='bbox 2407 605 2482 675; x_wconf 83' lang='grc' dir='ltr'>τῷ</span> <span class='ocrx_word' id='word_1_67' title='bbox 2503 607 2726 676; x_wconf 88' lang='grc' dir='ltr'>μώλωπι</span> <span class='ocrx_word' id='word_1_68' title='bbox 2745 583 2943 670; x_wconf 76' lang='grc' dir='ltr'>πάντες</span> <span class='ocrx_word' id='word_1_69' title='bbox 2966 608 3194 678; x_wconf 79' lang='grc' dir='ltr'>ίάθημεν</span> <span class='ocrx_word' id='word_1_70' title='bbox 3209 583 3302 674; x_wconf 46' lang='grc' dir='ltr'>Ϊός</span> <span class='ocrx_word' id='word_1_71' title='bbox 3321 583 3412 664; x_wconf 68' lang='grc' dir='ltr'>καὶ</span> <span class='ocrx_word' id='word_1_72' title='bbox 3431 583 3636 683; x_wconf 70' lang='grc' dir='ltr'>ἔλεγεν·</span> 
     </span>
    </p>
   </div>
   <div class='ocr_carea' id='block_1_12' title="bbox 385 671 1966 761">
    <p class='ocr_par' dir='ltr' id='par_1_12' title="bbox 385 671 1966 761">
     <span class='ocr_line' id='line_1_12' title="bbox 385 671 1966 761; baseline 0.013 -34"><span class='ocrx_word' id='word_1_73' title='bbox 385 671 720 761; x_wconf 77' lang='lat' dir='ltr'><strong>domesticos</strong></span> <span class='ocrx_word' id='word_1_74' title='bbox 747 681 866 750; x_wconf 86' lang='lat' dir='ltr'><strong>ejus</strong></span> <span class='ocrx_word' id='word_1_75' title='bbox 907 683 982 738; x_wconf 71' lang='lat'><strong>“&#39;1</strong></span> <span class='ocrx_word' id='word_1_76' title='bbox 1020 703 1039 736; x_wconf 77' lang='grc' dir='ltr'><strong>ι</strong></span> <span class='ocrx_word' id='word_1_77' title='bbox 1094 685 1214 740; x_wconf 82' lang='lat' dir='ltr'><strong>Non</strong></span> <span class='ocrx_word' id='word_1_78' title='bbox 1249 687 1522 743; x_wconf 76' lang='lat' dir='ltr'><strong>intellexit</strong></span> <span class='ocrx_word' id='word_1_79' title='bbox 1545 699 1601 744; x_wconf 91' lang='lat' dir='ltr'><strong>et</strong></span> <span class='ocrx_word' id='word_1_80' title='bbox 1631 691 1744 761; x_wconf 85' lang='lat' dir='ltr'><strong>egit</strong></span> <span class='ocrx_word' id='word_1_81' title='bbox 1773 707 1966 747; x_wconf 85' lang='lat' dir='ltr'><strong>servus</strong></span> 
     </span>
    </p>
   </div>
   <div class='ocr_carea' id='block_1_13' title="bbox 385 759 1962 854">
    <p class='ocr_par' dir='ltr' id='par_1_13' title="bbox 385 759 1962 854">
     <span class='ocr_line' id='line_1_13' title="bbox 385 759 1962 854; baseline 0.014 -38"><span class='ocrx_word' id='word_1_82' title='bbox 385 759 505 854; x_wconf 64' lang='lat' dir='ltr'><strong>Dei,</strong></span> <span class='ocrx_word' id='word_1_83' title='bbox 543 763 730 823; x_wconf 84' lang='lat' dir='ltr'><strong>certus</strong></span> <span class='ocrx_word' id='word_1_84' title='bbox 782 785 978 828; x_wconf 89' lang='lat' dir='ltr'><strong>omnes</strong></span> <span class='ocrx_word' id='word_1_85' title='bbox 1015 776 1206 845; x_wconf 85' lang='lat' dir='ltr'><strong>potius</strong></span> <span class='ocrx_word' id='word_1_86' title='bbox 1254 779 1586 836; x_wconf 88' lang='lat' dir='ltr'><strong>acerbitates</strong></span> <span class='ocrx_word' id='word_1_87' title='bbox 1619 759 1750 852; x_wconf 82' lang='lat' dir='ltr'><strong>pati,</strong></span> <span class='ocrx_word' id='word_1_88' title='bbox 1799 798 1962 854; x_wconf 88' lang='lat' dir='ltr'><strong>quam</strong></span> 
     </span>
    </p>
   </div>
   <div class='ocr_carea' id='block_1_14' title="bbox 385 853 1962 942">
    <p class='ocr_par' dir='ltr' id='par_1_14' title="bbox 385 853 1962 942">
     <span class='ocr_line' id='line_1_14' title="bbox 385 853 1962 942; baseline 0.015 -36"><span class='ocrx_word' id='word_1_89' title='bbox 385 853 554 908; x_wconf 76' lang='lat' dir='ltr'><strong>ﬁdem</strong></span> <span class='ocrx_word' id='word_1_90' title='bbox 599 859 868 929; x_wconf 85' lang='lat' dir='ltr'><strong>prodere;</strong></span> <span class='ocrx_word' id='word_1_91' title='bbox 910 864 1076 935; x_wconf 88' lang='lat' dir='ltr'><strong>idque</strong></span> <span class='ocrx_word' id='word_1_92' title='bbox 1123 877 1184 924; x_wconf 88' lang='lat' dir='ltr'><strong>ut</strong></span> <span class='ocrx_word' id='word_1_93' title='bbox 1231 873 1486 942; x_wconf 84' lang='lat' dir='ltr'><strong>exemplo</strong></span> <span class='ocrx_word' id='word_1_94' title='bbox 1535 888 1640 928; x_wconf 88' lang='lat' dir='ltr'><strong>suo</strong></span> <span class='ocrx_word' id='word_1_95' title='bbox 1667 853 1962 930; x_wconf 82' lang='lat' dir='ltr'><strong>confirma-</strong></span> 
     </span>
    </p>
   </div>
   <div class='ocr_carea' id='block_1_15' title="bbox 385 952 1962 1030">
    <p class='ocr_par' dir='ltr' id='par_1_15' title="bbox 385 952 1962 1030">
     <span class='ocr_line' id='line_1_15' title="bbox 385 952 1962 1030; baseline 0.016 -34"><span class='ocrx_word' id='word_1_96' title='bbox 385 954 580 1000; x_wconf 85' lang='lat' dir='ltr'><strong>rentur</strong></span> <span class='ocrx_word' id='word_1_97' title='bbox 631 952 814 1018; x_wconf 89' lang='lat' dir='ltr'><strong>multi,</strong></span> <span class='ocrx_word' id='word_1_98' title='bbox 862 957 1204 1030; x_wconf 81' lang='lat' dir='ltr'><strong>stabilesque</strong></span> <span class='ocrx_word' id='word_1_99' title='bbox 1252 971 1309 1018; x_wconf 88' lang='lat' dir='ltr'><strong>et</strong></span> <span class='ocrx_word' id='word_1_100' title='bbox 1355 963 1668 1021; x_wconf 88' lang='lat' dir='ltr'><strong>immobiles</strong></span> <span class='ocrx_word' id='word_1_101' title='bbox 1709 965 1764 1020; x_wconf 90' lang='lat' dir='ltr'><strong>in</strong></span> <span class='ocrx_word' id='word_1_102' title='bbox 1813 974 1962 1022; x_wconf 88' lang='lat' dir='ltr'><strong>recta</strong></span> 
     </span>
    </p>
   </div>
   <div class='ocr_carea' id='block_1_16' title="bbox 384 1035 1960 1119">
    <p class='ocr_par' dir='ltr' id='par_1_16' title="bbox 384 1035 1960 1119">
     <span class='ocr_line' id='line_1_16' title="bbox 384 1035 1960 1119; baseline 0.015 -32"><span class='ocrx_word' id='word_1_103' title='bbox 384 1035 734 1098; x_wconf 79' lang='lat' dir='ltr'><strong>confessione</strong></span> <span class='ocrx_word' id='word_1_104' title='bbox 767 1058 1180 1112; x_wconf 84' lang='lat' dir='ltr'><strong>permanerent.</strong></span> <span class='ocrx_word' id='word_1_105' title='bbox 1225 1051 1382 1119; x_wconf 86' lang='lat' dir='ltr'><strong>Quod</strong></span> <span class='ocrx_word' id='word_1_106' title='bbox 1417 1061 1473 1108; x_wconf 87' lang='lat' dir='ltr'><strong>et</strong></span> <span class='ocrx_word' id='word_1_107' title='bbox 1504 1055 1746 1110; x_wconf 83' lang='lat' dir='ltr'><strong>obtinuit</strong></span> <span class='ocrx_word' id='word_1_108' title='bbox 1779 1073 1794 1109; x_wconf 88' lang='lat'><strong>:</strong></span> <span class='ocrx_word' id='word_1_109' title='bbox 1833 1072 1960 1110; x_wconf 91' lang='lat' dir='ltr'><strong>nam</strong></span> 
     </span>
    </p>
   </div>
   <div class='ocr_carea' id='block_1_17' title="bbox 385 1134 1962 1216">
    <p class='ocr_par' dir='ltr' id='par_1_17' title="bbox 385 1134 1962 1216">
     <span class='ocr_line' id='line_1_17' title="bbox 385 1134 1962 1216; baseline 0.016 -38"><span class='ocrx_word' id='word_1_110' title='bbox 385 1139 578 1184; x_wconf 91' lang='lat' dir='ltr'><strong>omnes</strong></span> <span class='ocrx_word' id='word_1_111' title='bbox 631 1134 958 1202; x_wconf 72' lang='lat' dir='ltr'><strong>patriarchae</strong></span> <span class='ocrx_word' id='word_1_112' title='bbox 1011 1140 1280 1212; x_wconf 82' lang='lat' dir='ltr'><strong>multique</strong></span> <span class='ocrx_word' id='word_1_113' title='bbox 1327 1146 1594 1216; x_wconf 87' lang='lat' dir='ltr'><strong>episcopi,</strong></span> <span class='ocrx_word' id='word_1_114' title='bbox 1655 1149 1962 1216; x_wconf 64' lang='lat' dir='ltr'><strong>praesertim</strong></span> 
     </span>
    </p>
   </div>
   <div class='ocr_carea' id='block_1_18' title="bbox 384 1217 1961 1304">
    <p class='ocr_par' dir='ltr' id='par_1_18' title="bbox 384 1217 1961 1304">
     <span class='ocr_line' id='line_1_18' title="bbox 384 1217 1961 1304; baseline 0.015 -35"><span class='ocrx_word' id='word_1_115' title='bbox 384 1217 684 1276; x_wconf 84' lang='lat' dir='ltr'><strong>orientales</strong></span> <span class='ocrx_word' id='word_1_116' title='bbox 707 1263 723 1287; x_wconf 94' lang='lat'><strong>,</strong></span> <span class='ocrx_word' id='word_1_117' title='bbox 759 1239 1086 1284; x_wconf 81' lang='lat' dir='ltr'><strong>recusarunt</strong></span> <span class='ocrx_word' id='word_1_118' title='bbox 1137 1232 1506 1302; x_wconf 76' lang='lat' dir='ltr'><strong>imperatoria:</strong></span> <span class='ocrx_word' id='word_1_119' title='bbox 1555 1236 1801 1304; x_wconf 89' lang='lat' dir='ltr'><strong>opinioni</strong></span> <span class='ocrx_word' id='word_1_120' title='bbox 1829 1237 1961 1292; x_wconf 91' lang='lat' dir='ltr'><strong>sub-</strong></span> 
     </span>
    </p>
   </div>
   <div class='ocr_carea' id='block_1_19' title="bbox 384 1310 1957 1398">
    <p class='ocr_par' dir='ltr' id='par_1_19' title="bbox 384 1310 1957 1398">
     <span class='ocr_line' id='line_1_19' title="bbox 384 1310 1957 1398; baseline 0.015 -37"><span class='ocrx_word' id='word_1_121' title='bbox 384 1310 653 1378; x_wconf 86' lang='lat' dir='ltr'><strong>scribere,</strong></span> <span class='ocrx_word' id='word_1_122' title='bbox 689 1316 852 1386; x_wconf 89' lang='lat' dir='ltr'><strong>eique</strong></span> <span class='ocrx_word' id='word_1_123' title='bbox 889 1329 1002 1375; x_wconf 91' lang='lat' dir='ltr'><strong>tum</strong></span> <span class='ocrx_word' id='word_1_124' title='bbox 1042 1337 1142 1392; x_wconf 90' lang='lat' dir='ltr'><strong>per</strong></span> <span class='ocrx_word' id='word_1_125' title='bbox 1175 1325 1442 1396; x_wconf 84' lang='lat' dir='ltr'><strong>synodum</strong></span> <span class='ocrx_word' id='word_1_126' title='bbox 1475 1337 1590 1382; x_wconf 92' lang='lat' dir='ltr'><strong>tum</strong></span> <span class='ocrx_word' id='word_1_127' title='bbox 1626 1343 1725 1398; x_wconf 88' lang='lat' dir='ltr'><strong>per</strong></span> <span class='ocrx_word' id='word_1_128' title='bbox 1755 1329 1957 1398; x_wconf 84' lang='lat' dir='ltr'><strong>scripta</strong></span> 
     </span>
    </p>
   </div>
   <div class='ocr_carea' id='block_1_20' title="bbox 383 1399 1960 1488">
    <p class='ocr_par' dir='ltr' id='par_1_20' title="bbox 383 1399 1960 1488">
     <span class='ocr_line' id='line_1_20' title="bbox 383 1399 1960 1488; baseline 0.016 -40"><span class='ocrx_word' id='word_1_129' title='bbox 383 1399 747 1468; x_wconf 84' lang='lat' dir='ltr'><strong>restiterunt;</strong></span> <span class='ocrx_word' id='word_1_130' title='bbox 800 1406 858 1460; x_wconf 93' lang='lat' dir='ltr'><strong>in</strong></span> <span class='ocrx_word' id='word_1_131' title='bbox 890 1409 1087 1477; x_wconf 88' lang='lat' dir='ltr'><strong>primis</strong></span> <span class='ocrx_word' id='word_1_132' title='bbox 1113 1415 1494 1472; x_wconf 85' lang='lat' dir='ltr'><strong>sanctissimus</strong></span> <span class='ocrx_word' id='word_1_133' title='bbox 1526 1417 1960 1488; x_wconf 87' lang='lat' dir='ltr'><strong>Theopolitanus</strong></span> 
     </span>
    </p>
   </div>
   <div class='ocr_carea' id='block_1_21' title="bbox 383 1489 1958 1578">
    <p class='ocr_par' dir='ltr' id='par_1_21' title="bbox 383 1489 1958 1578">
     <span class='ocr_line' id='line_1_21' title="bbox 383 1489 1958 1578; baseline 0.015 -38"><span class='ocrx_word' id='word_1_134' title='bbox 383 1489 696 1556; x_wconf 86' lang='lat' dir='ltr'><strong>patriarcha</strong></span> <span class='ocrx_word' id='word_1_135' title='bbox 718 1495 1040 1556; x_wconf 80' lang='lat' dir='ltr'><strong>Anastasius</strong></span> <span class='ocrx_word' id='word_1_136' title='bbox 1063 1503 1196 1573; x_wconf 75' lang='grc'><strong>(52),</strong></span> <span class='ocrx_word' id='word_1_137' title='bbox 1221 1507 1314 1574; x_wconf 89' lang='lat' dir='ltr'><strong>qui</strong></span> <span class='ocrx_word' id='word_1_138' title='bbox 1333 1507 1550 1562; x_wconf 87' lang='lat' dir='ltr'><strong>easdem</strong></span> <span class='ocrx_word' id='word_1_139' title='bbox 1571 1523 1708 1577; x_wconf 91' lang='lat' dir='ltr'><strong>quas</strong></span> <span class='ocrx_word' id='word_1_140' title='bbox 1731 1524 1958 1578; x_wconf 80' lang='lat' dir='ltr'><strong>magnus</strong></span> 
     </span>
    </p>
   </div>
   <div class='ocr_carea' id='block_1_22' title="bbox 381 1579 1882 1654">
    <p class='ocr_par' dir='ltr' id='par_1_22' title="bbox 381 1579 1882 1654">
     <span class='ocr_line' id='line_1_22' title="bbox 381 1579 1882 1654; baseline 0.015 -22"><span class='ocrx_word' id='word_1_141' title='bbox 381 1579 706 1652; x_wconf 82' lang='lat' dir='ltr'><strong>Eutychius,</strong></span> <span class='ocrx_word' id='word_1_142' title='bbox 742 1603 1088 1646; x_wconf 85' lang='lat' dir='ltr'><strong>aerumnasne</strong></span> <span class='ocrx_word' id='word_1_143' title='bbox 1130 1595 1306 1650; x_wconf 89' lang='lat' dir='ltr'><strong>dicam</strong></span> <span class='ocrx_word' id='word_1_144' title='bbox 1343 1611 1410 1652; x_wconf 90' lang='lat' dir='ltr'><strong>an</strong></span> <span class='ocrx_word' id='word_1_145' title='bbox 1441 1599 1709 1654; x_wconf 86' lang='lat' dir='ltr'><strong>coronas?</strong></span> <span class='ocrx_word' id='word_1_146' title='bbox 1738 1600 1882 1654; x_wconf 83' lang='lat' dir='ltr'><strong>tulit.</strong></span> 
     </span>
    </p>
   </div>
   <div class='ocr_carea' id='block_1_23' title="bbox 2069 691 3639 767">
    <p class='ocr_par' dir='ltr' id='par_1_23' title="bbox 2069 691 3639 767">
     <span class='ocr_line' id='line_1_23' title="bbox 2069 691 3639 767; baseline 0.011 -26"><span class='ocrx_word' id='word_1_147' title='bbox 2069 706 2089 739; x_wconf 78' lang='grc' dir='ltr'><strong>ι</strong></span> <span class='ocrx_word' id='word_1_148' title='bbox 2125 691 2186 742; x_wconf 78' lang='lat' dir='ltr'><strong>Ei</strong></span> <span class='ocrx_word' id='word_1_149' title='bbox 2224 691 2320 762; x_wconf 80' lang='grc' dir='ltr'>ἐμὲ</span> <span class='ocrx_word' id='word_1_150' title='bbox 2351 694 2574 759; x_wconf 77' lang='grc' dir='ltr'>ἐδίωξαν</span> <span class='ocrx_word' id='word_1_151' title='bbox 2603 696 2696 748; x_wconf 72' lang='grc' dir='ltr'><strong>καὶ</strong></span> <span class='ocrx_word' id='word_1_152' title='bbox 2725 698 2868 767; x_wconf 81' lang='grc' dir='ltr'>ὑμᾶς</span> <span class='ocrx_word' id='word_1_153' title='bbox 2909 697 3189 763; x_wconf 80' lang='grc' dir='ltr'><strong>διώξουσιν</strong></span> <span class='ocrx_word' id='word_1_154' title='bbox 3219 716 3233 731; x_wconf 89' lang='grc'><strong>·</strong></span> <span class='ocrx_word' id='word_1_155' title='bbox 3270 702 3318 754; x_wconf 86' lang='grc' dir='ltr'>εἰ</span> <span class='ocrx_word' id='word_1_156' title='bbox 3351 701 3442 754; x_wconf 73' lang='grc' dir='ltr'><strong>τὸν</strong></span> <span class='ocrx_word' id='word_1_157' title='bbox 3493 706 3639 758; x_wconf 80' lang='grc' dir='ltr'>οἰκο-</span> 
     </span>
    </p>
   </div>
   <div class='ocr_carea' id='block_1_24' title="bbox 2063 779 3638 861">
    <p class='ocr_par' dir='ltr' id='par_1_24' title="bbox 2063 779 3638 861">
     <span class='ocr_line' id='line_1_24' title="bbox 2063 779 3638 861; baseline 0.011 -28"><span class='ocrx_word' id='word_1_158' title='bbox 2063 779 2328 853; x_wconf 81' lang='grc' dir='ltr'><strong>δεσπότην</strong></span> <span class='ocrx_word' id='word_1_159' title='bbox 2379 784 2728 852; x_wconf 68' lang='grc' dir='ltr'>Βεεὶζεϐοῦλ,</span> <span class='ocrx_word' id='word_1_160' title='bbox 2759 789 3044 854; x_wconf 80' lang='grc' dir='ltr'><strong>ἐκάλεσαν,</strong></span> <span class='ocrx_word' id='word_1_161' title='bbox 3079 792 3232 861; x_wconf 84' lang='grc' dir='ltr'>πόσῳ</span> <span class='ocrx_word' id='word_1_162' title='bbox 3259 793 3456 860; x_wconf 79' lang='grc' dir='ltr'>μᾶλλον</span> <span class='ocrx_word' id='word_1_163' title='bbox 3507 797 3638 860; x_wconf 78' lang='grc' dir='ltr'>τοὺς</span> 
     </span>
    </p>
   </div>
   <div class='ocr_carea' id='block_1_25' title="bbox 2063 871 3635 955">
    <p class='ocr_par' dir='ltr' id='par_1_25' title="bbox 2063 871 3635 955">
     <span class='ocr_line' id='line_1_25' title="bbox 2063 871 3635 955; baseline 0.01 -32"><span class='ocrx_word' id='word_1_164' title='bbox 2063 871 2294 937; x_wconf 67' lang='grc' dir='ltr'>οἰκείους</span> <span class='ocrx_word' id='word_1_165' title='bbox 2355 876 2558 931; x_wconf 82' lang='grc' dir='ltr'>αὑτοῦι</span> <span class='ocrx_word' id='word_1_166' title='bbox 2598 897 2617 930; x_wconf 79' lang='grc' dir='ltr'><strong>ι</strong></span> <span class='ocrx_word' id='word_1_167' title='bbox 2670 879 2840 932; x_wconf 80' lang='grc' dir='ltr'>Τοῦτο</span> <span class='ocrx_word' id='word_1_168' title='bbox 2867 880 2960 934; x_wconf 77' lang='grc' dir='ltr'><strong>καὶ</strong></span> <span class='ocrx_word' id='word_1_169' title='bbox 3019 884 3046 934; x_wconf 82' lang='grc' dir='ltr'>ὁ</span> <span class='ocrx_word' id='word_1_170' title='bbox 3087 883 3180 935; x_wconf 84' lang='grc' dir='ltr'><strong>τοῦ</strong></span> <span class='ocrx_word' id='word_1_171' title='bbox 3211 883 3346 936; x_wconf 83' lang='grc' dir='ltr'>Θεοῦ</span> <span class='ocrx_word' id='word_1_172' title='bbox 3379 884 3635 955; x_wconf 79' lang='grc' dir='ltr'><strong>Θεράπων</strong></span> 
     </span>
    </p>
   </div>
   <div class='ocr_carea' id='block_1_26' title="bbox 2065 967 3632 1045">
    <p class='ocr_par' dir='ltr' id='par_1_26' title="bbox 2065 967 3632 1045">
     <span class='ocr_line' id='line_1_26' title="bbox 2065 967 3632 1045; baseline 0.009 -29"><span class='ocrx_word' id='word_1_173' title='bbox 2065 967 2588 1036; x_wconf 77' lang='grc' dir='ltr'><strong>ἐπραγματεύσατο·</strong></span> <span class='ocrx_word' id='word_1_174' title='bbox 2643 971 2900 1042; x_wconf 77' lang='grc' dir='ltr'>ἠνέσχετο</span> <span class='ocrx_word' id='word_1_175' title='bbox 2953 974 3060 1045; x_wconf 73' lang='grc' dir='ltr'><strong>γάρ</strong></span> <span class='ocrx_word' id='word_1_176' title='bbox 3111 975 3290 1028; x_wconf 86' lang='grc' dir='ltr'>πάντα</span> <span class='ocrx_word' id='word_1_177' title='bbox 3343 977 3632 1044; x_wconf 84' lang='grc' dir='ltr'>ὑπομεῖναι</span> 
     </span>
    </p>
   </div>
   <div class='ocr_carea' id='block_1_27' title="bbox 2062 1053 3636 1136">
    <p class='ocr_par' dir='ltr' id='par_1_27' title="bbox 2062 1053 3636 1136">
     <span class='ocr_line' id='line_1_27' title="bbox 2062 1053 3636 1136; baseline 0.008 -28"><span class='ocrx_word' id='word_1_178' title='bbox 2062 1053 2131 1110; x_wconf 81' lang='grc' dir='ltr'><strong>τά</strong></span> <span class='ocrx_word' id='word_1_179' title='bbox 2155 1057 2324 1122; x_wconf 80' lang='grc' dir='ltr'>δεινά,</span> <span class='ocrx_word' id='word_1_180' title='bbox 2349 1058 2382 1129; x_wconf 83' lang='grc' dir='ltr'><strong>ἢ</strong></span> <span class='ocrx_word' id='word_1_181' title='bbox 2409 1061 2700 1132; x_wconf 88' lang='grc' dir='ltr'>προδοῦναι</span> <span class='ocrx_word' id='word_1_182' title='bbox 2732 1063 2830 1134; x_wconf 84' lang='grc' dir='ltr'>τὴν</span> <span class='ocrx_word' id='word_1_183' title='bbox 2865 1065 3068 1130; x_wconf 85' lang='grc' dir='ltr'>πίστιν,</span> <span class='ocrx_word' id='word_1_184' title='bbox 3105 1066 3252 1130; x_wconf 85' lang='grc' dir='ltr'>ὅπως</span> <span class='ocrx_word' id='word_1_185' title='bbox 3278 1066 3356 1136; x_wconf 85' lang='grc' dir='ltr'><strong>τῷ</strong></span> <span class='ocrx_word' id='word_1_186' title='bbox 3387 1067 3636 1134; x_wconf 82' lang='grc' dir='ltr'>ὑποδείγ-</span> 
     </span>
    </p>
   </div>
   <div class='ocr_carea' id='block_1_28' title="bbox 2063 1153 3632 1230">
    <p class='ocr_par' dir='ltr' id='par_1_28' title="bbox 2063 1153 3632 1230">
     <span class='ocr_line' id='line_1_28' title="bbox 2063 1153 3632 1230; baseline 0.008 -28"><span class='ocrx_word' id='word_1_187' title='bbox 2063 1167 2194 1218; x_wconf 88' lang='grc' dir='ltr'>ματι</span> <span class='ocrx_word' id='word_1_188' title='bbox 2233 1153 2407 1224; x_wconf 81' lang='grc' dir='ltr'>τούτῳ</span> <span class='ocrx_word' id='word_1_189' title='bbox 2457 1155 2640 1208; x_wconf 74' lang='grc' dir='ltr'>πολλοὶ</span> <span class='ocrx_word' id='word_1_190' title='bbox 2672 1157 3054 1226; x_wconf 84' lang='grc' dir='ltr'>στηριχθῶσιν,</span> <span class='ocrx_word' id='word_1_191' title='bbox 3099 1159 3487 1230; x_wconf 76' lang='grc' dir='ltr'><strong>ἀμετακίνητοι</strong></span> <span class='ocrx_word' id='word_1_192' title='bbox 3537 1163 3632 1214; x_wconf 69' lang='grc' dir='ltr'><strong>καὶ</strong></span> 
     </span>
    </p>
   </div>
   <div class='ocr_carea' id='block_1_29' title="bbox 2062 1240 3636 1320">
    <p class='ocr_par' dir='ltr' id='par_1_29' title="bbox 2062 1240 3636 1320">
     <span class='ocr_line' id='line_1_29' title="bbox 2062 1240 3636 1320; baseline 0.006 -28"><span class='ocrx_word' id='word_1_193' title='bbox 2062 1240 2264 1308; x_wconf 84' lang='grc' dir='ltr'>ἑδραῖοι</span> <span class='ocrx_word' id='word_1_194' title='bbox 2313 1243 2566 1312; x_wconf 83' lang='grc' dir='ltr'>μένοντες</span> <span class='ocrx_word' id='word_1_195' title='bbox 2594 1247 2673 1310; x_wconf 82' lang='grc' dir='ltr'><strong>είς</strong></span> <span class='ocrx_word' id='word_1_196' title='bbox 2711 1247 2810 1318; x_wconf 83' lang='grc' dir='ltr'><strong>τὴν</strong></span> <span class='ocrx_word' id='word_1_197' title='bbox 2838 1247 3004 1318; x_wconf 86' lang='grc' dir='ltr'>ὀρθὴν</span> <span class='ocrx_word' id='word_1_198' title='bbox 3037 1249 3136 1318; x_wconf 81' lang='grc' dir='ltr'>τῆς</span> <span class='ocrx_word' id='word_1_199' title='bbox 3172 1251 3410 1313; x_wconf 85' lang='grc' dir='ltr'>πίστεως</span> <span class='ocrx_word' id='word_1_200' title='bbox 3439 1251 3636 1320; x_wconf 82' lang='grc' dir='ltr'>ὁμολο-</span> 
     </span>
    </p>
   </div>
   <div class='ocr_carea' id='block_1_30' title="bbox 2059 1335 3625 1412">
    <p class='ocr_par' dir='ltr' id='par_1_30' title="bbox 2059 1335 3625 1412">
     <span class='ocr_line' id='line_1_30' title="bbox 2059 1335 3625 1412; baseline 0.005 -26"><span class='ocrx_word' id='word_1_201' title='bbox 2059 1335 2182 1401; x_wconf 90' lang='grc' dir='ltr'>γίαν</span> <span class='ocrx_word' id='word_1_202' title='bbox 2207 1352 2220 1366; x_wconf 90' lang='grc'><strong>·</strong></span> <span class='ocrx_word' id='word_1_203' title='bbox 2247 1335 2274 1387; x_wconf 80' lang='grc' dir='ltr'><strong>ὃ</strong></span> <span class='ocrx_word' id='word_1_204' title='bbox 2303 1336 2369 1407; x_wconf 84' lang='grc' dir='ltr'><strong>δὴ</strong></span> <span class='ocrx_word' id='word_1_205' title='bbox 2401 1338 2493 1390; x_wconf 73' lang='grc' dir='ltr'>καὶ</span> <span class='ocrx_word' id='word_1_206' title='bbox 2525 1337 2766 1406; x_wconf 83' lang='grc' dir='ltr'>γέγονεν.</span> <span class='ocrx_word' id='word_1_207' title='bbox 2803 1339 3008 1402; x_wconf 77' lang='grc' dir='ltr'><strong>Πάντες</strong></span> <span class='ocrx_word' id='word_1_208' title='bbox 3061 1340 3168 1411; x_wconf 76' lang='grc' dir='ltr'><strong>γὰρ</strong></span> <span class='ocrx_word' id='word_1_209' title='bbox 3193 1341 3240 1392; x_wconf 89' lang='grc' dir='ltr'>οἱ</span> <span class='ocrx_word' id='word_1_210' title='bbox 3277 1342 3625 1412; x_wconf 79' lang='grc' dir='ltr'>πατριάρχαι,</span> 
     </span>
    </p>
   </div>
   <div class='ocr_carea' id='block_1_31' title="bbox 2059 1425 3632 1501">
    <p class='ocr_par' dir='ltr' id='par_1_31' title="bbox 2059 1425 3632 1501">
     <span class='ocr_line' id='line_1_31' title="bbox 2059 1425 3632 1501; baseline 0.006 -24"><span class='ocrx_word' id='word_1_211' title='bbox 2059 1425 2242 1478; x_wconf 73' lang='grc' dir='ltr'>πολλοὶ</span> <span class='ocrx_word' id='word_1_212' title='bbox 2271 1426 2328 1479; x_wconf 84' lang='grc' dir='ltr'><strong>δὲ</strong></span> <span class='ocrx_word' id='word_1_213' title='bbox 2359 1431 2452 1480; x_wconf 81' lang='grc' dir='ltr'>καὶ</span> <span class='ocrx_word' id='word_1_214' title='bbox 2490 1427 2598 1482; x_wconf 82' lang='grc' dir='ltr'>τῶν</span> <span class='ocrx_word' id='word_1_215' title='bbox 2641 1429 2953 1483; x_wconf 82' lang='grc' dir='ltr'>ἐπισκόπων</span> <span class='ocrx_word' id='word_1_216' title='bbox 2991 1429 3092 1483; x_wconf 88' lang='grc' dir='ltr'><strong>οὑκ</strong></span> <span class='ocrx_word' id='word_1_217' title='bbox 3125 1432 3433 1501; x_wconf 75' lang='grc' dir='ltr'>ἠνέσχοντο,</span> <span class='ocrx_word' id='word_1_218' title='bbox 3484 1432 3632 1497; x_wconf 73' lang='grc' dir='ltr'>ἑξαε-</span> 
     </span>
    </p>
   </div>
   <div class='ocr_carea' id='block_1_32' title="bbox 2062 1515 3632 1592">
    <p class='ocr_par' dir='ltr' id='par_1_32' title="bbox 2062 1515 3632 1592">
     <span class='ocr_line' id='line_1_32' title="bbox 2062 1515 3632 1592; baseline 0.004 -24"><span class='ocrx_word' id='word_1_219' title='bbox 2062 1515 2230 1586; x_wconf 87' lang='grc' dir='ltr'>ρέτως</span> <span class='ocrx_word' id='word_1_220' title='bbox 2277 1519 2324 1570; x_wconf 79' lang='grc' dir='ltr'>οἱ</span> <span class='ocrx_word' id='word_1_221' title='bbox 2369 1518 2466 1586; x_wconf 78' lang='grc' dir='ltr'>τῆς</span> <span class='ocrx_word' id='word_1_222' title='bbox 2513 1519 2822 1590; x_wconf 83' lang='grc' dir='ltr'>Ἀνατολῆς,</span> <span class='ocrx_word' id='word_1_223' title='bbox 2871 1521 3291 1592; x_wconf 68' lang='grc' dir='ltr'>καθυπογράψαι</span> <span class='ocrx_word' id='word_1_224' title='bbox 3328 1524 3408 1586; x_wconf 70' lang='grc' dir='ltr'>εἰς</span> <span class='ocrx_word' id='word_1_225' title='bbox 3457 1523 3516 1575; x_wconf 81' lang='grc' dir='ltr'>ὂν</span> <span class='ocrx_word' id='word_1_226' title='bbox 3576 1525 3632 1574; x_wconf 74' lang='grc' dir='ltr'><strong>ἐ-</strong></span> 
     </span>
    </p>
   </div>
   <div class='ocr_carea' id='block_1_33' title="bbox 2057 1605 3628 1682">
    <p class='ocr_par' dir='ltr' id='par_1_33' title="bbox 2057 1605 3628 1682">
     <span class='ocr_line' id='line_1_33' title="bbox 2057 1605 3628 1682; baseline 0.004 -26"><span class='ocrx_word' id='word_1_227' title='bbox 2057 1605 2284 1674; x_wconf 86' lang='grc' dir='ltr'>ποίησεν</span> <span class='ocrx_word' id='word_1_228' title='bbox 2331 1607 2359 1660; x_wconf 84' lang='grc' dir='ltr'><strong>ό</strong></span> <span class='ocrx_word' id='word_1_229' title='bbox 2395 1606 2645 1676; x_wconf 83' lang='grc' dir='ltr'>βασιλεὺς</span> <span class='ocrx_word' id='word_1_230' title='bbox 2667 1609 2822 1676; x_wconf 87' lang='grc' dir='ltr'>λόγον</span> <span class='ocrx_word' id='word_1_231' title='bbox 2853 1611 2980 1680; x_wconf 76' lang='grc' dir='ltr'>περὶ</span> <span class='ocrx_word' id='word_1_232' title='bbox 3009 1611 3104 1664; x_wconf 84' lang='grc' dir='ltr'><strong>τοῦ</strong></span> <span class='ocrx_word' id='word_1_233' title='bbox 3143 1613 3422 1682; x_wconf 81' lang='grc' dir='ltr'><strong>ἀφθάρτου</strong></span> <span class='ocrx_word' id='word_1_234' title='bbox 3449 1630 3462 1644; x_wconf 78' lang='grc'><em>’</em></span> <span class='ocrx_word' id='word_1_235' title='bbox 3514 1613 3628 1665; x_wconf 83' lang='grc' dir='ltr'>ἀλλ’</span> 
     </span>
    </p>
   </div>
   <div class='ocr_carea' id='block_1_34' title="bbox 382 1669 3630 1772">
    <p class='ocr_par' dir='ltr' id='par_1_34' title="bbox 382 1669 3630 1772">
     <span class='ocr_line' id='line_1_34' title="bbox 382 1669 3630 1772; baseline 0.009 -47"><span class='ocrx_word' id='word_1_236' title='bbox 382 1669 617 1772; x_wconf 44' lang='grc' dir='ltr'>ἔστησαν</span> <span class='ocrx_word' id='word_1_237' title='bbox 647 1676 1138 1772; x_wconf 70' lang='grc' dir='ltr'>ἀνταγωνιζόμενοι</span> <span class='ocrx_word' id='word_1_238' title='bbox 1196 1688 1490 1752; x_wconf 80' lang='grc' dir='ltr'>συνοδικῶς</span> <span class='ocrx_word' id='word_1_239' title='bbox 1557 1691 1652 1744; x_wconf 57' lang='grc' dir='ltr'><strong>καί⁵</strong></span> <span class='ocrx_word' id='word_1_240' title='bbox 1701 1691 2016 1760; x_wconf 65' lang='grc' dir='ltr'>ἐγγράφως,</span> <span class='ocrx_word' id='word_1_241' title='bbox 2057 1669 2419 1766; x_wconf 28' lang='grc' dir='ltr'>καὶνμάλιστα</span> <span class='ocrx_word' id='word_1_242' title='bbox 2457 1700 2486 1752; x_wconf 86' lang='grc' dir='ltr'><strong>ὁ</strong></span> <span class='ocrx_word' id='word_1_243' title='bbox 2533 1669 2868 1762; x_wconf 71' lang='grc' dir='ltr'>Θεουπόλεως</span> <span class='ocrx_word' id='word_1_244' title='bbox 2929 1669 3233 1762; x_wconf 53' lang='grc' dir='ltr'>’όοιῦτατός</span> <span class='ocrx_word' id='word_1_245' title='bbox 3285 1669 3630 1772; x_wconf 71' lang='grc' dir='ltr'>πατριάρχης</span> 
     </span>
    </p>
   </div>
   <div class='ocr_carea' id='block_1_35' title="bbox 393 1760 3631 1860">
    <p class='ocr_par' dir='ltr' id='par_1_35' title="bbox 393 1760 3631 1860">
     <span class='ocr_line' id='line_1_35' title="bbox 393 1760 3631 1860; baseline 0.01 -48"><span class='ocrx_word' id='word_1_246' title='bbox 393 1760 764 1834; x_wconf 74' lang='grc' dir='ltr'>Ἀναςτάσιος,</span> <span class='ocrx_word' id='word_1_247' title='bbox 801 1767 860 1832; x_wconf 82' lang='grc' dir='ltr'>ὃς</span> <span class='ocrx_word' id='word_1_248' title='bbox 897 1771 990 1826; x_wconf 76' lang='grc' dir='ltr'>καὶ</span> <span class='ocrx_word' id='word_1_249' title='bbox 1045 1774 1154 1830; x_wconf 82' lang='grc' dir='ltr'>τῶν</span> <span class='ocrx_word' id='word_1_250' title='bbox 1185 1776 1314 1832; x_wconf 74' lang='grc' dir='ltr'>ἴσων</span> <span class='ocrx_word' id='word_1_251' title='bbox 1357 1780 1618 1850; x_wconf 78' lang='grc' dir='ltr'>μετέσχεν</span> <span class='ocrx_word' id='word_1_252' title='bbox 1661 1779 1946 1846; x_wconf 79' lang='grc' dir='ltr'>κινδύνων,</span> <span class='ocrx_word' id='word_1_253' title='bbox 1983 1783 2020 1853; x_wconf 79' lang='grc' dir='ltr'><strong>ἢ</strong></span> <span class='ocrx_word' id='word_1_254' title='bbox 2050 1785 2250 1854; x_wconf 80' lang='grc' dir='ltr'>μᾶλλον</span> <span class='ocrx_word' id='word_1_255' title='bbox 2273 1787 2467 1854; x_wconf 81' lang='grc' dir='ltr'>εἰπεῖν,</span> <span class='ocrx_word' id='word_1_256' title='bbox 2501 1788 2799 1856; x_wconf 86' lang='grc' dir='ltr'>στεφάνων,</span> <span class='ocrx_word' id='word_1_257' title='bbox 2842 1787 3024 1854; x_wconf 82' lang='grc' dir='ltr'>καθὼς</span> <span class='ocrx_word' id='word_1_258' title='bbox 3083 1789 3174 1842; x_wconf 77' lang='grc' dir='ltr'><strong>καὶ</strong></span> <span class='ocrx_word' id='word_1_259' title='bbox 3203 1789 3234 1842; x_wconf 85' lang='grc' dir='ltr'><strong>ό</strong></span> <span class='ocrx_word' id='word_1_260' title='bbox 3265 1791 3434 1860; x_wconf 83' lang='grc' dir='ltr'>μέγας</span> <span class='ocrx_word' id='word_1_261' title='bbox 3457 1791 3631 1845; x_wconf 82' lang='grc' dir='ltr'>Εὐτύ-</span> 
     </span>
    </p>
   </div>
   <div class='ocr_carea' id='block_1_36' title="bbox 380 1869 518 1921">
    <p class='ocr_par' dir='ltr' id='par_1_36' title="bbox 380 1869 518 1921">
     <span class='ocr_line' id='line_1_36' title="bbox 380 1869 518 1921; baseline 0.029 -15"><span class='ocrx_word' id='word_1_262' title='bbox 380 1869 518 1921; x_wconf 74' lang='grc' dir='ltr'>χιος.</span> 
     </span>
    </p>
   </div>
   <div class='ocr_carea' id='block_1_37' title="bbox 449 1938 1953 2046">
    <p class='ocr_par' dir='ltr' id='par_1_37' title="bbox 449 1946 1948 2046">
     <span class='ocr_line' id='line_1_37' title="bbox 449 1946 1948 2046; baseline 0.016 -46"><span class='ocrx_word' id='word_1_263' title='bbox 449 1946 538 2046; x_wconf 49' lang='grc' dir='ltr'><strong>ἐξ,</strong></span> <span class='ocrx_word' id='word_1_264' title='bbox 593 1947 730 2004; x_wconf 81' lang='lat' dir='ltr'><strong>Cum</strong></span> <span class='ocrx_word' id='word_1_265' title='bbox 777 1952 946 2023; x_wconf 82' lang='lat' dir='ltr'><strong>igitur</strong></span> <span class='ocrx_word' id='word_1_266' title='bbox 993 1957 1194 2016; x_wconf 90' lang='lat' dir='ltr'><strong>indicta</strong></span> <span class='ocrx_word' id='word_1_267' title='bbox 1245 1977 1407 2020; x_wconf 89' lang='lat' dir='ltr'><strong>causa</strong></span> <span class='ocrx_word' id='word_1_268' title='bbox 1465 1965 1757 2024; x_wconf 88' lang='lat' dir='ltr'><strong>damnatus</strong></span> <span class='ocrx_word' id='word_1_269' title='bbox 1804 1978 1948 2025; x_wconf 86' lang='lat' dir='ltr'><strong>esset</strong></span> 
     </span>
    </p>
   </div>
   <div class='ocr_carea' id='block_1_38' title="bbox 2057 1938 3627 2046">
    <p class='ocr_par' dir='ltr' id='par_1_38' title="bbox 2121 1938 3627 2046">
     <span class='ocr_line' id='line_1_38' title="bbox 2121 1938 3627 2046; baseline 0.002 -19"><span class='ocrx_word' id='word_1_270' title='bbox 2121 1971 2231 2042; x_wconf 83' lang='grc' dir='ltr'><strong>μβ’.</strong></span> <span class='ocrx_word' id='word_1_271' title='bbox 2274 1972 2360 2036; x_wconf 86' lang='grc' dir='ltr'>Ὠς</span> <span class='ocrx_word' id='word_1_272' title='bbox 2386 1971 2480 2027; x_wconf 85' lang='grc' dir='ltr'><strong>οὑν</strong></span> <span class='ocrx_word' id='word_1_273' title='bbox 2514 1973 2754 2044; x_wconf 80' lang='grc' dir='ltr'><strong>ἀκρίτως</strong></span> <span class='ocrx_word' id='word_1_274' title='bbox 2801 1938 2994 2044; x_wconf 71' lang='grc' dir='ltr'>έκρίθη</span> <span class='ocrx_word' id='word_1_275' title='bbox 3053 1973 3114 2026; x_wconf 83' lang='grc' dir='ltr'><strong>τὸ</strong></span> <span class='ocrx_word' id='word_1_276' title='bbox 3145 1973 3434 2046; x_wconf 81' lang='grc' dir='ltr'><strong>ὑπερόριον</strong></span> <span class='ocrx_word' id='word_1_277' title='bbox 3459 1976 3627 2031; x_wconf 77' lang='grc' dir='ltr'>αὑτὸν</span> 
     </span>
    </p>
   </div>
   <div class='ocr_carea' id='block_1_39' title="bbox 377 2035 1951 2124">
    <p class='ocr_par' dir='ltr' id='par_1_39' title="bbox 377 2035 1951 2124">
     <span class='ocr_line' id='line_1_39' title="bbox 377 2035 1951 2124; baseline 0.018 -37"><span class='ocrx_word' id='word_1_278' title='bbox 377 2035 596 2098; x_wconf 80' lang='lat' dir='ltr'><strong>exsilio.</strong></span> <span class='ocrx_word' id='word_1_279' title='bbox 644 2051 940 2113; x_wconf 89' lang='lat' dir='ltr'><strong>parataque</strong></span> <span class='ocrx_word' id='word_1_280' title='bbox 987 2047 1056 2102; x_wconf 89' lang='lat' dir='ltr'><strong>ad</strong></span> <span class='ocrx_word' id='word_1_281' title='bbox 1115 2049 1552 2121; x_wconf 89' lang='lat' dir='ltr'><strong>deportationem</strong></span> <span class='ocrx_word' id='word_1_282' title='bbox 1597 2059 1822 2124; x_wconf 85' lang='lat' dir='ltr'><strong>omnia;</strong></span> <span class='ocrx_word' id='word_1_283' title='bbox 1850 2077 1951 2116; x_wconf 89' lang='lat' dir='ltr'><strong>nos</strong></span> 
     </span>
    </p>
   </div>
   <div class='ocr_carea' id='block_1_40' title="bbox 375 2139 1952 2224">
    <p class='ocr_par' dir='ltr' id='par_1_40' title="bbox 375 2139 1952 2224">
     <span class='ocr_line' id='line_1_40' title="bbox 375 2139 1952 2224; baseline 0.018 -43"><span class='ocrx_word' id='word_1_284' title='bbox 375 2144 598 2200; x_wconf 91' lang='lat' dir='ltr'><strong>quoque</strong></span> <span class='ocrx_word' id='word_1_285' title='bbox 639 2139 1084 2202; x_wconf 87' lang='lat' dir='ltr'><strong>persecutionem</strong></span> <span class='ocrx_word' id='word_1_286' title='bbox 1134 2159 1260 2198; x_wconf 89' lang='lat' dir='ltr'><strong>cum</strong></span> <span class='ocrx_word' id='word_1_287' title='bbox 1314 2147 1407 2202; x_wconf 89' lang='lat' dir='ltr'><strong>illo</strong></span> <span class='ocrx_word' id='word_1_288' title='bbox 1455 2160 1512 2206; x_wconf 94' lang='lat' dir='ltr'><strong>et</strong></span> <span class='ocrx_word' id='word_1_289' title='bbox 1551 2152 1805 2208; x_wconf 76' lang='lat' dir='ltr'><strong>exsilium</strong></span> <span class='ocrx_word' id='word_1_290' title='bbox 1851 2169 1952 2224; x_wconf 88' lang='lat' dir='ltr'><strong>pro</strong></span> 
     </span>
    </p>
   </div>
   <div class='ocr_carea' id='block_1_41' title="bbox 377 2219 1948 2306">
    <p class='ocr_par' dir='ltr' id='par_1_41' title="bbox 377 2219 1948 2306">
     <span class='ocr_line' id='line_1_41' title="bbox 377 2219 1948 2306; baseline 0.017 -34"><span class='ocrx_word' id='word_1_291' title='bbox 377 2219 599 2277; x_wconf 83' lang='lat' dir='ltr'><strong>Christo</strong></span> <span class='ocrx_word' id='word_1_292' title='bbox 649 2223 790 2282; x_wconf 87' lang='lat' dir='ltr'><strong>ferre</strong></span> <span class='ocrx_word' id='word_1_293' title='bbox 834 2227 1202 2290; x_wconf 84' lang='lat' dir='ltr'><strong>decrevimus.</strong></span> <span class='ocrx_word' id='word_1_294' title='bbox 1247 2236 1344 2292; x_wconf 89' lang='lat' dir='ltr'><strong>Ille</strong></span> <span class='ocrx_word' id='word_1_295' title='bbox 1393 2249 1600 2306; x_wconf 87' lang='lat' dir='ltr'><strong>autem,</strong></span> <span class='ocrx_word' id='word_1_296' title='bbox 1637 2242 1743 2298; x_wconf 90' lang='lat' dir='ltr'><strong>hoc</strong></span> <span class='ocrx_word' id='word_1_297' title='bbox 1783 2219 1948 2299; x_wconf 74' lang='lat' dir='ltr'><strong>intel-</strong></span> 
     </span>
    </p>
   </div>
   <div class='ocr_carea' id='block_1_42' title="bbox 378 2309 1952 2404">
    <p class='ocr_par' dir='ltr' id='par_1_42' title="bbox 378 2309 1952 2404">
     <span class='ocr_line' id='line_1_42' title="bbox 378 2309 1952 2404; baseline 0.018 -42"><span class='ocrx_word' id='word_1_298' title='bbox 378 2309 542 2376; x_wconf 84' lang='lat' dir='ltr'><strong>lecto,</strong></span> <span class='ocrx_word' id='word_1_299' title='bbox 568 2317 851 2374; x_wconf 87' lang='lat' dir='ltr'><strong>osculatus</strong></span> <span class='ocrx_word' id='word_1_300' title='bbox 913 2321 969 2376; x_wconf 89' lang='lat' dir='ltr'><strong>in</strong></span> <span class='ocrx_word' id='word_1_301' title='bbox 1001 2325 1190 2380; x_wconf 88' lang='lat' dir='ltr'><strong>osculo</strong></span> <span class='ocrx_word' id='word_1_302' title='bbox 1221 2337 1412 2384; x_wconf 90' lang='lat' dir='ltr'><strong>sancto</strong></span> <span class='ocrx_word' id='word_1_303' title='bbox 1446 2346 1673 2398; x_wconf 88' lang='lat' dir='ltr'><strong>omnes;</strong></span> <span class='ocrx_word' id='word_1_304' title='bbox 1709 2349 1804 2388; x_wconf 91' lang='lat' dir='ltr'><strong>ore</strong></span> <span class='ocrx_word' id='word_1_305' title='bbox 1829 2336 1952 2404; x_wconf 89' lang='lat' dir='ltr'><strong>qui-</strong></span> 
     </span>
    </p>
   </div>
   <div class='ocr_carea' id='block_1_43' title="bbox 378 2403 1948 2493">
    <p class='ocr_par' dir='ltr' id='par_1_43' title="bbox 378 2403 1948 2493">
     <span class='ocr_line' id='line_1_43' title="bbox 378 2403 1948 2493; baseline 0.017 -38"><span class='ocrx_word' id='word_1_306' title='bbox 378 2403 502 2457; x_wconf 85' lang='lat' dir='ltr'><strong>dem</strong></span> <span class='ocrx_word' id='word_1_307' title='bbox 558 2421 654 2462; x_wconf 89' lang='lat' dir='ltr'><strong>eos</strong></span> <span class='ocrx_word' id='word_1_308' title='bbox 699 2410 795 2476; x_wconf 91' lang='lat' dir='ltr'><strong>qui</strong></span> <span class='ocrx_word' id='word_1_309' title='bbox 844 2411 1079 2469; x_wconf 87' lang='lat' dir='ltr'><strong>aderant</strong></span> <span class='ocrx_word' id='word_1_310' title='bbox 1129 2417 1186 2470; x_wconf 88' lang='lat' dir='ltr'><strong>in</strong></span> <span class='ocrx_word' id='word_1_311' title='bbox 1234 2417 1444 2485; x_wconf 80' lang='lat' dir='ltr'><strong>insula,</strong></span> <span class='ocrx_word' id='word_1_312' title='bbox 1473 2431 1533 2476; x_wconf 90' lang='lat' dir='ltr'><strong>ut</strong></span> <span class='ocrx_word' id='word_1_313' title='bbox 1575 2403 1863 2493; x_wconf 17' lang='lat' dir='ltr'><strong>Ephesios,</strong></span> <span class='ocrx_word' id='word_1_314' title='bbox 1891 2427 1948 2480; x_wconf 88' lang='lat' dir='ltr'><strong>in</strong></span> 
     </span>
    </p>
   </div>
   <div class='ocr_carea' id='block_1_44' title="bbox 378 2493 1947 2571">
    <p class='ocr_par' dir='ltr' id='par_1_44' title="bbox 378 2493 1947 2571">
     <span class='ocr_line' id='line_1_44' title="bbox 378 2493 1947 2571; baseline 0.016 -26"><span class='ocrx_word' id='word_1_315' title='bbox 378 2493 560 2550; x_wconf 88' lang='lat' dir='ltr'><strong>littore</strong></span> <span class='ocrx_word' id='word_1_316' title='bbox 609 2497 829 2568; x_wconf 86' lang='lat' dir='ltr'><strong>Paulus,</strong></span> <span class='ocrx_word' id='word_1_317' title='bbox 885 2503 1072 2559; x_wconf 89' lang='lat' dir='ltr'><strong>animo</strong></span> <span class='ocrx_word' id='word_1_318' title='bbox 1119 2523 1252 2562; x_wconf 87' lang='lat' dir='ltr'><strong>vero</strong></span> <span class='ocrx_word' id='word_1_319' title='bbox 1287 2517 1456 2565; x_wconf 88' lang='lat' dir='ltr'><strong>totam</strong></span> <span class='ocrx_word' id='word_1_320' title='bbox 1503 2513 1810 2570; x_wconf 75' lang='lat' dir='ltr'><strong>Ecclesium</strong></span> <span class='ocrx_word' id='word_1_321' title='bbox 1839 2517 1947 2571; x_wconf 85' lang='lat' dir='ltr'><strong>sibi</strong></span> 
     </span>
    </p>
   </div>
   <div class='ocr_carea' id='block_1_45' title="bbox 377 2584 1946 2672">
    <p class='ocr_par' dir='ltr' id='par_1_45' title="bbox 377 2584 1946 2672">
     <span class='ocr_line' id='line_1_45' title="bbox 377 2584 1946 2672; baseline 0.015 -38"><span class='ocrx_word' id='word_1_322' title='bbox 377 2584 786 2654; x_wconf 89' lang='lat' dir='ltr'><strong>concreditam;</strong></span> <span class='ocrx_word' id='word_1_323' title='bbox 825 2605 946 2646; x_wconf 86' lang='lat' dir='ltr'><strong>eam</strong></span> <span class='ocrx_word' id='word_1_324' title='bbox 993 2595 1403 2653; x_wconf 75' lang='lat' dir='ltr'><strong>commendavit</strong></span> <span class='ocrx_word' id='word_1_325' title='bbox 1455 2599 1710 2666; x_wconf 86' lang='lat' dir='ltr'><strong>Domino,</strong></span> <span class='ocrx_word' id='word_1_326' title='bbox 1767 2617 1800 2656; x_wconf 88' lang='lat' dir='ltr'><strong>a</strong></span> <span class='ocrx_word' id='word_1_327' title='bbox 1837 2619 1946 2672; x_wconf 92' lang='lat' dir='ltr'><strong>quo</strong></span> 
     </span>
    </p>
   </div>
   <div class='ocr_carea' id='block_1_46' title="bbox 377 2670 1946 2756">
    <p class='ocr_par' dir='ltr' id='par_1_46' title="bbox 377 2670 1946 2756">
     <span class='ocr_line' id='line_1_46' title="bbox 377 2670 1946 2756; baseline 0.016 -34"><span class='ocrx_word' id='word_1_328' title='bbox 377 2670 550 2738; x_wconf 86' lang='lat' dir='ltr'><strong>ipsam</strong></span> <span class='ocrx_word' id='word_1_329' title='bbox 593 2689 900 2748; x_wconf 88' lang='lat' dir='ltr'><strong>acceperat.</strong></span> <span class='ocrx_word' id='word_1_330' title='bbox 957 2682 1032 2738; x_wconf 88' lang='lat' dir='ltr'><strong>lis</strong></span> <span class='ocrx_word' id='word_1_331' title='bbox 1059 2699 1230 2753; x_wconf 88' lang='lat' dir='ltr'><strong>porro</strong></span> <span class='ocrx_word' id='word_1_332' title='bbox 1272 2687 1367 2756; x_wconf 91' lang='lat' dir='ltr'><strong>qui</strong></span> <span class='ocrx_word' id='word_1_333' title='bbox 1409 2703 1512 2744; x_wconf 90' lang='lat' dir='ltr'><strong>nos</strong></span> <span class='ocrx_word' id='word_1_334' title='bbox 1537 2689 1802 2754; x_wconf 78' lang='lat' dir='ltr'><strong>ducerent</strong></span> <span class='ocrx_word' id='word_1_335' title='bbox 1835 2670 1946 2747; x_wconf 77' lang='lat' dir='ltr'><strong>tra-</strong></span> 
     </span>
    </p>
   </div>
   <div class='ocr_carea' id='block_1_47' title="bbox 377 2763 1946 2850">
    <p class='ocr_par' dir='ltr' id='par_1_47' title="bbox 377 2763 1946 2850">
     <span class='ocr_line' id='line_1_47' title="bbox 377 2763 1946 2850; baseline 0.016 -34"><span class='ocrx_word' id='word_1_336' title='bbox 377 2763 502 2828; x_wconf 83' lang='lat' dir='ltr'><strong>diti,</strong></span> <span class='ocrx_word' id='word_1_337' title='bbox 541 2767 596 2820; x_wconf 88' lang='lat' dir='ltr'><strong>in</strong></span> <span class='ocrx_word' id='word_1_338' title='bbox 645 2775 1039 2830; x_wconf 87' lang='lat' dir='ltr'><strong>monasterium</strong></span> <span class='ocrx_word' id='word_1_339' title='bbox 1087 2777 1264 2847; x_wconf 86' lang='lat' dir='ltr'><strong>ipsius</strong></span> <span class='ocrx_word' id='word_1_340' title='bbox 1311 2782 1560 2837; x_wconf 85' lang='lat' dir='ltr'><strong>translati</strong></span> <span class='ocrx_word' id='word_1_341' title='bbox 1615 2799 1842 2850; x_wconf 87' lang='lat' dir='ltr'><strong>sumus;</strong></span> <span class='ocrx_word' id='word_1_342' title='bbox 1889 2785 1946 2840; x_wconf 89' lang='lat' dir='ltr'><strong>in</strong></span> 
     </span>
    </p>
   </div>
   <div class='ocr_carea' id='block_1_48' title="bbox 377 2857 1948 2944">
    <p class='ocr_par' dir='ltr' id='par_1_48' title="bbox 377 2857 1948 2944">
     <span class='ocr_line' id='line_1_48' title="bbox 377 2857 1948 2944; baseline 0.014 -36"><span class='ocrx_word' id='word_1_343' title='bbox 377 2857 632 2912; x_wconf 80' lang='lat' dir='ltr'><strong>exsilium</strong></span> <span class='ocrx_word' id='word_1_344' title='bbox 671 2863 916 2932; x_wconf 88' lang='lat' dir='ltr'><strong>quidem,</strong></span> <span class='ocrx_word' id='word_1_345' title='bbox 949 2877 1010 2922; x_wconf 91' lang='lat' dir='ltr'><strong>ut</strong></span> <span class='ocrx_word' id='word_1_346' title='bbox 1034 2868 1450 2927; x_wconf 87' lang='lat' dir='ltr'><strong>arbitrabantur</strong></span> <span class='ocrx_word' id='word_1_347' title='bbox 1476 2875 1572 2944; x_wconf 89' lang='lat' dir='ltr'><strong>qui</strong></span> <span class='ocrx_word' id='word_1_348' title='bbox 1613 2891 1718 2932; x_wconf 90' lang='lat' dir='ltr'><strong>nos</strong></span> <span class='ocrx_word' id='word_1_349' title='bbox 1753 2892 1822 2932; x_wconf 92' lang='lat' dir='ltr'><strong>eo</strong></span> <span class='ocrx_word' id='word_1_350' title='bbox 1845 2877 1948 2930; x_wconf 91' lang='lat' dir='ltr'><strong>mi-</strong></span> 
     </span>
    </p>
   </div>
   <div class='ocr_carea' id='block_1_49' title="bbox 377 2958 1946 3032">
    <p class='ocr_par' dir='ltr' id='par_1_49' title="bbox 377 2958 1946 3032">
     <span class='ocr_line' id='line_1_49' title="bbox 377 2958 1946 3032; baseline 0.015 -32"><span class='ocrx_word' id='word_1_351' title='bbox 377 2958 595 3016; x_wconf 88' lang='lat' dir='ltr'><strong>serant;</strong></span> <span class='ocrx_word' id='word_1_352' title='bbox 645 2960 702 3006; x_wconf 77' lang='grc' dir='ltr'><strong>ιιι</strong></span> <span class='ocrx_word' id='word_1_353' title='bbox 744 2971 876 3011; x_wconf 89' lang='lat' dir='ltr'><strong>vero</strong></span> <span class='ocrx_word' id='word_1_354' title='bbox 919 2959 1269 3015; x_wconf 83' lang='lat' dir='ltr'><strong>existimabat</strong></span> <span class='ocrx_word' id='word_1_355' title='bbox 1315 2962 1454 3032; x_wconf 92' lang='lat' dir='ltr'><strong>ipse,</strong></span> <span class='ocrx_word' id='word_1_356' title='bbox 1505 2965 1561 3018; x_wconf 91' lang='lat' dir='ltr'><strong>in</strong></span> <span class='ocrx_word' id='word_1_357' title='bbox 1605 2966 1838 3020; x_wconf 86' lang='lat' dir='ltr'><strong>salutem</strong></span> <span class='ocrx_word' id='word_1_358' title='bbox 1889 2977 1946 3023; x_wconf 89' lang='lat' dir='ltr'><strong>et</strong></span> 
     </span>
    </p>
   </div>
   <div class='ocr_carea' id='block_1_50' title="bbox 378 3039 1947 3122">
    <p class='ocr_par' dir='ltr' id='par_1_50' title="bbox 378 3039 1947 3122">
     <span class='ocr_line' id='line_1_50' title="bbox 378 3039 1947 3122; baseline 0.017 -32"><span class='ocrx_word' id='word_1_359' title='bbox 378 3039 676 3095; x_wconf 89' lang='lat' dir='ltr'><strong>multorum</strong></span> <span class='ocrx_word' id='word_1_360' title='bbox 721 3043 992 3102; x_wconf 88' lang='lat' dir='ltr'><strong>bonorum</strong></span> <span class='ocrx_word' id='word_1_361' title='bbox 1046 3052 1411 3108; x_wconf 85' lang='lat' dir='ltr'><strong>occasionem.</strong></span> <span class='ocrx_word' id='word_1_362' title='bbox 1443 3055 1574 3122; x_wconf 68' lang='lat' dir='ltr'><strong>Quae</strong></span> <span class='ocrx_word' id='word_1_363' title='bbox 1604 3067 1787 3114; x_wconf 89' lang='lat' dir='ltr'><strong>autem</strong></span> <span class='ocrx_word' id='word_1_364' title='bbox 1815 3068 1947 3117; x_wconf 89' lang='lat' dir='ltr'><strong>tunc</strong></span> 
     </span>
    </p>
   </div>
   <div class='ocr_carea' id='block_1_51' title="bbox 378 3127 1947 3206">
    <p class='ocr_par' dir='ltr' id='par_1_51' title="bbox 378 3127 1947 3206">
     <span class='ocr_line' id='line_1_51' title="bbox 378 3127 1947 3206; baseline 0.015 -23"><span class='ocrx_word' id='word_1_365' title='bbox 378 3127 434 3183; x_wconf 87' lang='lat' dir='ltr'><strong>in</strong></span> <span class='ocrx_word' id='word_1_366' title='bbox 487 3133 570 3188; x_wconf 92' lang='lat' dir='ltr'><strong>via</strong></span> <span class='ocrx_word' id='word_1_367' title='bbox 621 3145 772 3204; x_wconf 82' lang='lat' dir='ltr'><strong>gesta</strong></span> <span class='ocrx_word' id='word_1_368' title='bbox 815 3147 963 3204; x_wconf 89' lang='lat' dir='ltr'><strong>sunt,</strong></span> <span class='ocrx_word' id='word_1_369' title='bbox 1015 3157 1125 3196; x_wconf 90' lang='lat' dir='ltr'><strong>non</strong></span> <span class='ocrx_word' id='word_1_370' title='bbox 1172 3144 1356 3200; x_wconf 88' lang='lat' dir='ltr'><strong>minus</strong></span> <span class='ocrx_word' id='word_1_371' title='bbox 1408 3147 1676 3204; x_wconf 71' lang='lat' dir='ltr'><strong>molestia:</strong></span> <span class='ocrx_word' id='word_1_372' title='bbox 1733 3152 1947 3206; x_wconf 85' lang='lat' dir='ltr'><strong>acerbi-</strong></span> 
     </span>
    </p>
   </div>
   <div class='ocr_carea' id='block_1_52' title="bbox 380 3223 1942 3312">
    <p class='ocr_par' dir='ltr' id='par_1_52' title="bbox 380 3223 1942 3312">
     <span class='ocr_line' id='line_1_52' title="bbox 380 3223 1942 3312; baseline 0.015 -37"><span class='ocrx_word' id='word_1_373' title='bbox 380 3223 616 3294; x_wconf 89' lang='lat' dir='ltr'><strong>tatisque</strong></span> <span class='ocrx_word' id='word_1_374' title='bbox 657 3243 820 3297; x_wconf 89' lang='lat' dir='ltr'><strong>quam</strong></span> <span class='ocrx_word' id='word_1_375' title='bbox 851 3231 1240 3288; x_wconf 84' lang='lat' dir='ltr'><strong>miraculorum</strong></span> <span class='ocrx_word' id='word_1_376' title='bbox 1271 3238 1728 3310; x_wconf 88' lang='lat' dir='ltr'><strong>curationumque</strong></span> <span class='ocrx_word' id='word_1_377' title='bbox 1760 3243 1942 3312; x_wconf 89' lang='lat' dir='ltr'><strong>plena,</strong></span> 
     </span>
    </p>
   </div>
   <div class='ocr_carea' id='block_1_53' title="bbox 2058 2063 3628 2138">
    <p class='ocr_par' dir='ltr' id='par_1_53' title="bbox 2058 2063 3628 2138">
     <span class='ocr_line' id='line_1_53' title="bbox 2058 2063 3628 2138; baseline 0.003 -22"><span class='ocrx_word' id='word_1_378' title='bbox 2058 2063 2329 2130; x_wconf 84' lang='grc' dir='ltr'>γενέσθαι,</span> <span class='ocrx_word' id='word_1_379' title='bbox 2365 2066 2458 2117; x_wconf 72' lang='grc' dir='ltr'>καὶ</span> <span class='ocrx_word' id='word_1_380' title='bbox 2475 2066 2541 2120; x_wconf 79' lang='grc' dir='ltr'><strong>τά</strong></span> <span class='ocrx_word' id='word_1_381' title='bbox 2575 2065 2672 2134; x_wconf 87' lang='grc' dir='ltr'>τῆς</span> <span class='ocrx_word' id='word_1_382' title='bbox 2712 2063 2928 2135; x_wconf 79' lang='grc' dir='ltr'>ὲξορίας</span> <span class='ocrx_word' id='word_1_383' title='bbox 2957 2065 3290 2134; x_wconf 80' lang='grc' dir='ltr'>ηὐτρέπιστο</span> <span class='ocrx_word' id='word_1_384' title='bbox 3310 2081 3324 2096; x_wconf 73' lang='grc' dir='ltr'>σ</span> <span class='ocrx_word' id='word_1_385' title='bbox 3351 2067 3444 2119; x_wconf 77' lang='grc' dir='ltr'><strong>καὶ</strong></span> <span class='ocrx_word' id='word_1_386' title='bbox 3467 2069 3628 2138; x_wconf 73' lang='grc' dir='ltr'>ἡμεῖς</span> 
     </span>
    </p>
   </div>
   <div class='ocr_carea' id='block_1_54' title="bbox 2056 2151 3630 2227">
    <p class='ocr_par' dir='ltr' id='par_1_54' title="bbox 2056 2151 3630 2227">
     <span class='ocr_line' id='line_1_54' title="bbox 2056 2151 3630 2227; baseline 0.004 -22"><span class='ocrx_word' id='word_1_387' title='bbox 2056 2153 2238 2207; x_wconf 78' lang='grc' dir='ltr'>λοιπὸν</span> <span class='ocrx_word' id='word_1_388' title='bbox 2260 2151 2400 2226; x_wconf 80' lang='grc' dir='ltr'>ἦμεν</span> <span class='ocrx_word' id='word_1_389' title='bbox 2431 2155 2580 2226; x_wconf 88' lang='grc' dir='ltr'><strong>αὑτῷ</strong></span> <span class='ocrx_word' id='word_1_390' title='bbox 2611 2155 2956 2225; x_wconf 81' lang='grc' dir='ltr'>συνέκδημοι,</span> <span class='ocrx_word' id='word_1_391' title='bbox 2989 2155 3151 2208; x_wconf 84' lang='grc' dir='ltr'>καλὸν</span> <span class='ocrx_word' id='word_1_392' title='bbox 3176 2152 3318 2208; x_wconf 83' lang='grc' dir='ltr'>εἶναι</span> <span class='ocrx_word' id='word_1_393' title='bbox 3347 2157 3630 2227; x_wconf 79' lang='grc' dir='ltr'>κρίναντες</span> 
     </span>
    </p>
   </div>
   <div class='ocr_carea' id='block_1_55' title="bbox 2058 2245 3630 2318">
    <p class='ocr_par' dir='ltr' id='par_1_55' title="bbox 2058 2245 3630 2318">
     <span class='ocr_line' id='line_1_55' title="bbox 2058 2245 3630 2318; baseline 0.005 -22"><span class='ocrx_word' id='word_1_394' title='bbox 2058 2247 2395 2314; x_wconf 82' lang='grc' dir='ltr'>συμφεύγειν</span> <span class='ocrx_word' id='word_1_395' title='bbox 2445 2245 2524 2315; x_wconf 79' lang='grc' dir='ltr'>τῷ</span> <span class='ocrx_word' id='word_1_396' title='bbox 2553 2247 2694 2318; x_wconf 81' lang='grc' dir='ltr'>ὑπὲρ</span> <span class='ocrx_word' id='word_1_397' title='bbox 2737 2245 2975 2317; x_wconf 83' lang='grc' dir='ltr'>Χριστοῦ</span> <span class='ocrx_word' id='word_1_398' title='bbox 3020 2245 3356 2316; x_wconf 80' lang='grc' dir='ltr'>διωκομένῳ.</span> <span class='ocrx_word' id='word_1_399' title='bbox 3403 2247 3490 2310; x_wconf 84' lang='grc' dir='ltr'>Ὡς</span> <span class='ocrx_word' id='word_1_400' title='bbox 3533 2245 3630 2304; x_wconf 78' lang='grc' dir='ltr'>οὖν</span> 
     </span>
    </p>
   </div>
   <div class='ocr_carea' id='block_1_56' title="bbox 2055 2336 3628 2409">
    <p class='ocr_par' dir='ltr' id='par_1_56' title="bbox 2055 2336 3628 2409">
     <span class='ocr_line' id='line_1_56' title="bbox 2055 2336 3628 2409; baseline 0.003 -21"><span class='ocrx_word' id='word_1_401' title='bbox 2055 2337 2225 2398; x_wconf 76' lang='grc' dir='ltr'>οὕτως</span> <span class='ocrx_word' id='word_1_402' title='bbox 2254 2336 2471 2406; x_wconf 74' lang='grc' dir='ltr'>ἐκρίθη,</span> <span class='ocrx_word' id='word_1_403' title='bbox 2515 2338 2906 2407; x_wconf 80' lang='grc' dir='ltr'>ἀσπασάμενος</span> <span class='ocrx_word' id='word_1_404' title='bbox 2947 2336 3251 2406; x_wconf 83' lang='grc' dir='ltr'>τηνικαῦτα</span> <span class='ocrx_word' id='word_1_405' title='bbox 3288 2339 3346 2390; x_wconf 85' lang='grc' dir='ltr'>ὲν</span> <span class='ocrx_word' id='word_1_406' title='bbox 3371 2341 3436 2409; x_wconf 81' lang='grc' dir='ltr'>τῇ</span> <span class='ocrx_word' id='word_1_407' title='bbox 3478 2341 3628 2409; x_wconf 77' lang='grc' dir='ltr'>νήσῳ</span> 
     </span>
    </p>
   </div>
   <div class='ocr_carea' id='block_1_57' title="bbox 2056 2423 3626 2496">
    <p class='ocr_par' dir='ltr' id='par_1_57' title="bbox 2056 2423 3626 2496">
     <span class='ocr_line' id='line_1_57' title="bbox 2056 2423 3626 2496; baseline 0.003 -20"><span class='ocrx_word' id='word_1_408' title='bbox 2056 2423 2384 2494; x_wconf 79' lang='grc' dir='ltr'>σωματικῶς</span> <span class='ocrx_word' id='word_1_409' title='bbox 2435 2426 2562 2488; x_wconf 79' lang='grc' dir='ltr'>τοῦς</span> <span class='ocrx_word' id='word_1_410' title='bbox 2593 2426 2889 2496; x_wconf 81' lang='grc' dir='ltr'>παρόντας,</span> <span class='ocrx_word' id='word_1_411' title='bbox 2937 2425 3013 2488; x_wconf 82' lang='grc' dir='ltr'>ὡς</span> <span class='ocrx_word' id='word_1_412' title='bbox 3054 2425 3177 2488; x_wconf 83' lang='grc' dir='ltr'>τοὺς</span> <span class='ocrx_word' id='word_1_413' title='bbox 3249 2423 3532 2494; x_wconf 72' lang='grc' dir='ltr'>Ἐφεσίους</span> <span class='ocrx_word' id='word_1_414' title='bbox 3595 2427 3626 2480; x_wconf 82' lang='grc'>6</span> 
     </span>
    </p>
   </div>
   <div class='ocr_carea' id='block_1_58' title="bbox 2055 2515 3628 2588">
    <p class='ocr_par' dir='ltr' id='par_1_58' title="bbox 2055 2515 3628 2588">
     <span class='ocr_line' id='line_1_58' title="bbox 2055 2515 3628 2588; baseline -0.001 -19"><span class='ocrx_word' id='word_1_415' title='bbox 2055 2516 2266 2578; x_wconf 79' lang='grc' dir='ltr'><strong>Παῦλος</strong></span> <span class='ocrx_word' id='word_1_416' title='bbox 2316 2515 2470 2586; x_wconf 87' lang='grc' dir='ltr'><strong>παρά</strong></span> <span class='ocrx_word' id='word_1_417' title='bbox 2519 2516 2610 2569; x_wconf 84' lang='grc' dir='ltr'>τὸν</span> <span class='ocrx_word' id='word_1_418' title='bbox 2659 2517 2944 2585; x_wconf 72' lang='grc' dir='ltr'>αἰγιαλὸν,</span> <span class='ocrx_word' id='word_1_419' title='bbox 2977 2517 3183 2588; x_wconf 79' lang='grc' dir='ltr'>νοητῶς</span> <span class='ocrx_word' id='word_1_420' title='bbox 3239 2516 3298 2568; x_wconf 73' lang='grc' dir='ltr'><strong>δὲ</strong></span> <span class='ocrx_word' id='word_1_421' title='bbox 3328 2519 3507 2569; x_wconf 80' lang='grc' dir='ltr'>πᾶσαν</span> <span class='ocrx_word' id='word_1_422' title='bbox 3529 2518 3628 2588; x_wconf 77' lang='grc' dir='ltr'><strong>τὴν</strong></span> 
     </span>
    </p>
   </div>
   <div class='ocr_carea' id='block_1_59' title="bbox 2053 2606 3624 2678">
    <p class='ocr_par' dir='ltr' id='par_1_59' title="bbox 2053 2606 3624 2678">
     <span class='ocr_line' id='line_1_59' title="bbox 2053 2606 3624 2678; baseline 0.001 -19"><span class='ocrx_word' id='word_1_423' title='bbox 2053 2606 2509 2676; x_wconf 77' lang='grc' dir='ltr'>ἐμπιστευθεῖσαν</span> <span class='ocrx_word' id='word_1_424' title='bbox 2541 2607 2694 2678; x_wconf 83' lang='grc' dir='ltr'><strong>αὑτῷ</strong></span> <span class='ocrx_word' id='word_1_425' title='bbox 2733 2607 3060 2675; x_wconf 79' lang='grc' dir='ltr'>Ἐκκλησίαν</span> <span class='ocrx_word' id='word_1_426' title='bbox 3083 2609 3140 2660; x_wconf 84' lang='grc' dir='ltr'>ὲν</span> <span class='ocrx_word' id='word_1_427' title='bbox 3171 2607 3316 2678; x_wconf 77' lang='grc' dir='ltr'>ἁγίῳ</span> <span class='ocrx_word' id='word_1_428' title='bbox 3334 2608 3624 2678; x_wconf 78' lang='grc' dir='ltr'>φιλήματι,</span> 
     </span>
    </p>
   </div>
   <div class='ocr_carea' id='block_1_60' title="bbox 2053 2692 3626 2768">
    <p class='ocr_par' dir='ltr' id='par_1_60' title="bbox 2053 2692 3626 2768">
     <span class='ocr_line' id='line_1_60' title="bbox 2053 2692 3626 2768; baseline 0.003 -20"><span class='ocrx_word' id='word_1_429' title='bbox 2053 2696 2320 2766; x_wconf 76' lang='grc' dir='ltr'>παρέθετο</span> <span class='ocrx_word' id='word_1_430' title='bbox 2359 2697 2528 2767; x_wconf 79' lang='grc' dir='ltr'>αὐτὴν</span> <span class='ocrx_word' id='word_1_431' title='bbox 2551 2697 2629 2766; x_wconf 86' lang='grc' dir='ltr'>τῷ</span> <span class='ocrx_word' id='word_1_432' title='bbox 2664 2699 2874 2768; x_wconf 83' lang='grc' dir='ltr'>Κυρίῳ,</span> <span class='ocrx_word' id='word_1_433' title='bbox 2896 2699 3027 2768; x_wconf 81' lang='grc' dir='ltr'>παρ’</span> <span class='ocrx_word' id='word_1_434' title='bbox 3079 2692 3139 2750; x_wconf 75' lang='grc' dir='ltr'>οὗ</span> <span class='ocrx_word' id='word_1_435' title='bbox 3171 2699 3263 2750; x_wconf 68' lang='grc' dir='ltr'><strong>καὶ</strong></span> <span class='ocrx_word' id='word_1_436' title='bbox 3297 2696 3626 2766; x_wconf 76' lang='grc' dir='ltr'>παρέλαϐεν.</span> 
     </span>
    </p>
   </div>
   <div class='ocr_carea' id='block_1_61' title="bbox 2051 2785 3632 2858">
    <p class='ocr_par' dir='ltr' id='par_1_61' title="bbox 2051 2785 3632 2858">
     <span class='ocr_line' id='line_1_61' title="bbox 2051 2785 3632 2858; baseline -0.001 -19"><span class='ocrx_word' id='word_1_437' title='bbox 2051 2785 2456 2856; x_wconf 82' lang='grc' dir='ltr'>Παραδοθέντες</span> <span class='ocrx_word' id='word_1_438' title='bbox 2506 2786 2598 2840; x_wconf 75' lang='grc' dir='ltr'><strong>οὖν</strong></span> <span class='ocrx_word' id='word_1_439' title='bbox 2626 2791 2740 2850; x_wconf 84' lang='grc' dir='ltr'>τοῖς</span> <span class='ocrx_word' id='word_1_440' title='bbox 2795 2789 3040 2856; x_wconf 85' lang='grc' dir='ltr'>άγουσιν,</span> <span class='ocrx_word' id='word_1_441' title='bbox 3084 2787 3539 2858; x_wconf 84' lang='grc' dir='ltr'>άπεκατέστημεν</span> <span class='ocrx_word' id='word_1_442' title='bbox 3567 2787 3632 2838; x_wconf 79' lang='grc' dir='ltr'>ὲν</span> 
     </span>
    </p>
   </div>
   <div class='ocr_carea' id='block_1_62' title="bbox 2051 2877 3624 2950">
    <p class='ocr_par' dir='ltr' id='par_1_62' title="bbox 2051 2877 3624 2950">
     <span class='ocr_line' id='line_1_62' title="bbox 2051 2877 3624 2950; baseline 0.001 -20"><span class='ocrx_word' id='word_1_443' title='bbox 2051 2881 2117 2948; x_wconf 77' lang='grc' dir='ltr'>τῇ</span> <span class='ocrx_word' id='word_1_444' title='bbox 2147 2879 2284 2948; x_wconf 82' lang='grc' dir='ltr'>αὑτῇ</span> <span class='ocrx_word' id='word_1_445' title='bbox 2343 2880 2510 2950; x_wconf 86' lang='grc' dir='ltr'>μονῇ·</span> <span class='ocrx_word' id='word_1_446' title='bbox 2553 2880 2648 2931; x_wconf 79' lang='grc' dir='ltr'>καὶ</span> <span class='ocrx_word' id='word_1_447' title='bbox 2689 2879 2763 2944; x_wconf 81' lang='grc' dir='ltr'>ὡς</span> <span class='ocrx_word' id='word_1_448' title='bbox 2797 2880 2894 2949; x_wconf 81' lang='grc' dir='ltr'><strong>μὲν</strong></span> <span class='ocrx_word' id='word_1_449' title='bbox 2939 2881 3052 2942; x_wconf 87' lang='grc' dir='ltr'>τοῖς</span> <span class='ocrx_word' id='word_1_450' title='bbox 3084 2877 3365 2948; x_wconf 79' lang='grc' dir='ltr'>πέμψασιν</span> <span class='ocrx_word' id='word_1_451' title='bbox 3426 2877 3624 2941; x_wconf 65' lang='grc' dir='ltr'>ἔδοξεν.</span> 
     </span>
    </p>
   </div>
   <div class='ocr_carea' id='block_1_63' title="bbox 2051 2966 3628 3040">
    <p class='ocr_par' dir='ltr' id='par_1_63' title="bbox 2051 2966 3628 3040">
     <span class='ocr_line' id='line_1_63' title="bbox 2051 2966 3628 3040; baseline 0 -20"><span class='ocrx_word' id='word_1_452' title='bbox 2051 2968 2235 3040; x_wconf 79' lang='grc' dir='ltr'>ὲξορία</span> <span class='ocrx_word' id='word_1_453' title='bbox 2279 2969 2340 3021; x_wconf 81' lang='grc' dir='ltr'><strong>τὸ</strong></span> <span class='ocrx_word' id='word_1_454' title='bbox 2363 2972 2579 3038; x_wconf 72' lang='grc' dir='ltr'>γεγονὸς</span> <span class='ocrx_word' id='word_1_455' title='bbox 2612 2966 2679 3040; x_wconf 81' lang='grc' dir='ltr'>ἦν</span> <span class='ocrx_word' id='word_1_456' title='bbox 2705 3011 2718 3034; x_wconf 94' lang='grc'><strong>,</strong></span> <span class='ocrx_word' id='word_1_457' title='bbox 2749 2971 2908 3032; x_wconf 74' lang='grc' dir='ltr'>αὐτὸς</span> <span class='ocrx_word' id='word_1_458' title='bbox 2938 2970 3093 3031; x_wconf 62' lang='lat' dir='ltr'><strong>ost-:1;</strong></span> <span class='ocrx_word' id='word_1_459' title='bbox 3119 2969 3393 3040; x_wconf 87' lang='grc' dir='ltr'>σωτηρίαν</span> <span class='ocrx_word' id='word_1_460' title='bbox 3417 2970 3514 3038; x_wconf 75' lang='grc' dir='ltr'>τὴν</span> <span class='ocrx_word' id='word_1_461' title='bbox 3537 2969 3628 3020; x_wconf 77' lang='grc' dir='ltr'>ὑπ’</span> 
     </span>
    </p>
   </div>
   <div class='ocr_carea' id='block_1_64' title="bbox 2051 3058 3628 3131">
    <p class='ocr_par' dir='ltr' id='par_1_64' title="bbox 2051 3058 3628 3131">
     <span class='ocr_line' id='line_1_64' title="bbox 2051 3058 3628 3131; baseline 0 -19"><span class='ocrx_word' id='word_1_462' title='bbox 2051 3061 2227 3112; x_wconf 71' lang='grc' dir='ltr'>αὑτιὶν</span> <span class='ocrx_word' id='word_1_463' title='bbox 2253 3059 2463 3131; x_wconf 81' lang='grc' dir='ltr'>ὲξορὶαν</span> <span class='ocrx_word' id='word_1_464' title='bbox 2500 3060 2813 3125; x_wconf 64' lang='grc' dir='ltr'>ἐδέξατο,ιῇ</span> <span class='ocrx_word' id='word_1_465' title='bbox 2842 3060 3090 3130; x_wconf 79' lang='grc' dir='ltr'>μεγάλων</span> <span class='ocrx_word' id='word_1_466' title='bbox 3109 3061 3330 3128; x_wconf 83' lang='grc' dir='ltr'>ἀγαθῶν</span> <span class='ocrx_word' id='word_1_467' title='bbox 3343 3058 3628 3126; x_wconf 76' lang='grc' dir='ltr'>πρόξενον.</span> 
     </span>
    </p>
   </div>
   <div class='ocr_carea' id='block_1_65' title="bbox 2063 3149 3626 3220">
    <p class='ocr_par' dir='ltr' id='par_1_65' title="bbox 2063 3149 3626 3220">
     <span class='ocr_line' id='line_1_65' title="bbox 2063 3149 3626 3220; baseline -0.002 -16"><span class='ocrx_word' id='word_1_468' title='bbox 2063 3152 2251 3206; x_wconf 71' lang='grc' dir='ltr'>Ὀττοῖα</span> <span class='ocrx_word' id='word_1_469' title='bbox 2278 3152 2334 3204; x_wconf 83' lang='grc' dir='ltr'><strong>δὲ</strong></span> <span class='ocrx_word' id='word_1_470' title='bbox 2363 3151 2454 3204; x_wconf 85' lang='grc' dir='ltr'><strong>τοῦ</strong></span> <span class='ocrx_word' id='word_1_471' title='bbox 2481 3151 2598 3204; x_wconf 86' lang='grc' dir='ltr'>κατ’</span> <span class='ocrx_word' id='word_1_472' title='bbox 2628 3149 2802 3203; x_wconf 81' lang='grc' dir='ltr'>ὲκεῖνο</span> <span class='ocrx_word' id='word_1_473' title='bbox 2841 3151 3028 3220; x_wconf 81' lang='grc' dir='ltr'>καιροῦ</span> <span class='ocrx_word' id='word_1_474' title='bbox 3057 3151 3195 3203; x_wconf 79' lang='grc' dir='ltr'>κατὰ</span> <span class='ocrx_word' id='word_1_475' title='bbox 3227 3149 3322 3220; x_wconf 84' lang='grc' dir='ltr'>τὴν</span> <span class='ocrx_word' id='word_1_476' title='bbox 3353 3149 3626 3218; x_wconf 84' lang='grc' dir='ltr'>λεωφόρον</span> 
     </span>
    </p>
   </div>
   <div class='ocr_carea' id='block_1_66' title="bbox 2050 3237 3628 3315">
    <p class='ocr_par' dir='ltr' id='par_1_66' title="bbox 2050 3237 3628 3315">
     <span class='ocr_line' id='line_1_66' title="bbox 2050 3237 3628 3315; baseline -0.006 -14"><span class='ocrx_word' id='word_1_477' title='bbox 2050 3237 2486 3314; x_wconf 83' lang='grc' dir='ltr'>ἧνγεγενημένα,</span> <span class='ocrx_word' id='word_1_478' title='bbox 2513 3243 2620 3296; x_wconf 76' lang='grc' dir='ltr'>εἴτε</span> <span class='ocrx_word' id='word_1_479' title='bbox 2639 3243 2860 3315; x_wconf 87' lang='grc' dir='ltr'>λυπηρά</span> <span class='ocrx_word' id='word_1_480' title='bbox 2884 3245 2979 3297; x_wconf 77' lang='grc' dir='ltr'>καὶ</span> <span class='ocrx_word' id='word_1_481' title='bbox 3005 3243 3246 3314; x_wconf 79' lang='grc' dir='ltr'>θλιϐερά,</span> <span class='ocrx_word' id='word_1_482' title='bbox 3271 3243 3387 3296; x_wconf 81' lang='grc' dir='ltr'>είτε</span> <span class='ocrx_word' id='word_1_483' title='bbox 3417 3242 3628 3310; x_wconf 84' lang='grc' dir='ltr'>θαυμα-</span> 
     </span>
    </p>
   </div>
   <div class='ocr_carea' id='block_1_67' title="bbox 377 3316 1953 3405">
    <p class='ocr_par' dir='ltr' id='par_1_67' title="bbox 377 3316 1940 3400">
     <span class='ocr_line' id='line_1_67' title="bbox 377 3316 1940 3400; baseline 0.014 -33"><span class='ocrx_word' id='word_1_484' title='bbox 377 3316 570 3371; x_wconf 91' lang='lat' dir='ltr'><strong>volens</strong></span> <span class='ocrx_word' id='word_1_485' title='bbox 615 3329 903 3388; x_wconf 66' lang='lat' dir='ltr'><strong>prmlerco,</strong></span> <span class='ocrx_word' id='word_1_486' title='bbox 957 3333 1020 3380; x_wconf 90' lang='lat' dir='ltr'><strong>ut</strong></span> <span class='ocrx_word' id='word_1_487' title='bbox 1063 3327 1331 3382; x_wconf 85' lang='lat' dir='ltr'><strong>orationis</strong></span> <span class='ocrx_word' id='word_1_488' title='bbox 1379 3329 1665 3400; x_wconf 78' lang='lat' dir='ltr'><strong>longitudo</strong></span> <span class='ocrx_word' id='word_1_489' title='bbox 1712 3333 1940 3390; x_wconf 79' lang='lat' dir='ltr'><strong>vitetur.</strong></span> 
     </span>
    </p>
   </div>
   <div class='ocr_carea' id='block_1_68' title="bbox 2057 3316 3626 3405">
    <p class='ocr_par' dir='ltr' id='par_1_68' title="bbox 2057 3333 3626 3405">
     <span class='ocr_line' id='line_1_68' title="bbox 2057 3333 3626 3405; baseline -0.001 -19"><span class='ocrx_word' id='word_1_490' title='bbox 2057 3333 2304 3404; x_wconf 88' lang='grc' dir='ltr'>τουργίας</span> <span class='ocrx_word' id='word_1_491' title='bbox 2330 3335 2421 3388; x_wconf 69' lang='grc' dir='ltr'>καὶ</span> <span class='ocrx_word' id='word_1_492' title='bbox 2437 3335 2801 3389; x_wconf 79' lang='grc' dir='ltr'>ἀσθενούντων</span> <span class='ocrx_word' id='word_1_493' title='bbox 2825 3335 3019 3388; x_wconf 84' lang='grc' dir='ltr'>ίάσεων</span> <span class='ocrx_word' id='word_1_494' title='bbox 3051 3335 3280 3405; x_wconf 81' lang='grc' dir='ltr'>ἐχόμενα</span> <span class='ocrx_word' id='word_1_495' title='bbox 3301 3374 3314 3391; x_wconf 89' lang='grc'><strong>.</strong></span> <span class='ocrx_word' id='word_1_496' title='bbox 3335 3333 3424 3385; x_wconf 78' lang='grc' dir='ltr'>διὰ</span> <span class='ocrx_word' id='word_1_497' title='bbox 3439 3333 3496 3384; x_wconf 78' lang='grc' dir='ltr'><strong>τὸ</strong></span> <span class='ocrx_word' id='word_1_498' title='bbox 3521 3333 3626 3401; x_wconf 76' lang='grc' dir='ltr'><strong>μῆ-</strong></span> 
     </span>
    </p>
   </div>
   <div class='ocr_carea' id='block_1_69' title="bbox 377 3405 1953 3495">
    <p class='ocr_par' dir='ltr' id='par_1_69' title="bbox 377 3405 1947 3494">
     <span class='ocr_line' id='line_1_69' title="bbox 377 3405 1947 3494; baseline 0.013 -36"><span class='ocrx_word' id='word_1_499' title='bbox 377 3405 604 3462; x_wconf 86' lang='lat' dir='ltr'><strong>lntcrim</strong></span> <span class='ocrx_word' id='word_1_500' title='bbox 648 3410 765 3467; x_wconf 60' lang='lat' dir='ltr'><strong>hac</strong></span> <span class='ocrx_word' id='word_1_501' title='bbox 791 3420 848 3466; x_wconf 89' lang='lat' dir='ltr'><strong>et</strong></span> <span class='ocrx_word' id='word_1_502' title='bbox 878 3416 1086 3484; x_wconf 86' lang='lat' dir='ltr'><strong>majora</strong></span> <span class='ocrx_word' id='word_1_503' title='bbox 1124 3416 1234 3483; x_wconf 78' lang='grc'><strong>(55)</strong></span> <span class='ocrx_word' id='word_1_504' title='bbox 1257 3427 1528 3474; x_wconf 87' lang='lat' dir='ltr'><strong>monstrat</strong></span> <span class='ocrx_word' id='word_1_505' title='bbox 1557 3420 1644 3475; x_wconf 91' lang='lat' dir='ltr'><strong>via</strong></span> <span class='ocrx_word' id='word_1_506' title='bbox 1685 3421 1802 3493; x_wconf 90' lang='lat' dir='ltr'><strong>ipsa</strong></span> <span class='ocrx_word' id='word_1_507' title='bbox 1829 3440 1947 3494; x_wconf 90' lang='lat' dir='ltr'><strong>-pu-</strong></span> 
     </span>
    </p>
   </div>
   <div class='ocr_carea' id='block_1_70' title="bbox 2057 3405 3628 3495">
    <p class='ocr_par' dir='ltr' id='par_1_70' title="bbox 2057 3423 3628 3495">
     <span class='ocr_line' id='line_1_70' title="bbox 2057 3423 3628 3495; baseline -0.001 -19"><span class='ocrx_word' id='word_1_508' title='bbox 2057 3441 2140 3488; x_wconf 77' lang='grc' dir='ltr'><strong>κος</strong></span> <span class='ocrx_word' id='word_1_509' title='bbox 2193 3423 2285 3478; x_wconf 89' lang='grc' dir='ltr'><strong>τοῦ</strong></span> <span class='ocrx_word' id='word_1_510' title='bbox 2319 3424 2474 3492; x_wconf 84' lang='grc' dir='ltr'>λόγου</span> <span class='ocrx_word' id='word_1_511' title='bbox 2531 3425 2668 3478; x_wconf 77' lang='grc' dir='ltr'>ἑκὼν</span> <span class='ocrx_word' id='word_1_512' title='bbox 2687 3424 3084 3495; x_wconf 70' lang='grc' dir='ltr'>ὑπερϐήσομαι.</span> <span class='ocrx_word' id='word_1_513' title='bbox 3105 3425 3353 3476; x_wconf 86' lang='grc' dir='ltr'>Δείκνυσι</span> <span class='ocrx_word' id='word_1_514' title='bbox 3377 3423 3432 3475; x_wconf 76' lang='grc' dir='ltr'><strong>δὲ</strong></span> <span class='ocrx_word' id='word_1_515' title='bbox 3455 3424 3628 3476; x_wconf 76' lang='grc' dir='ltr'>ταῦτα</span> 
     </span>
    </p>
   </div>
   <div class='ocr_carea' id='block_1_71' title="bbox 377 3499 1944 3586">
    <p class='ocr_par' dir='ltr' id='par_1_71' title="bbox 377 3499 1944 3586">
     <span class='ocr_line' id='line_1_71' title="bbox 377 3499 1944 3586; baseline 0.011 -33"><span class='ocrx_word' id='word_1_516' title='bbox 377 3499 542 3566; x_wconf 89' lang='lat' dir='ltr'><strong>blica,</strong></span> <span class='ocrx_word' id='word_1_517' title='bbox 595 3501 727 3557; x_wconf 90' lang='lat' dir='ltr'><strong>dum</strong></span> <span class='ocrx_word' id='word_1_518' title='bbox 781 3504 980 3560; x_wconf 88' lang='lat' dir='ltr'><strong>festum</strong></span> <span class='ocrx_word' id='word_1_519' title='bbox 1034 3509 1280 3566; x_wconf 76' lang='lat' dir='ltr'><strong>celebrat</strong></span> <span class='ocrx_word' id='word_1_520' title='bbox 1326 3512 1447 3581; x_wconf 85' lang='lat' dir='ltr'><strong>ejus</strong></span> <span class='ocrx_word' id='word_1_521' title='bbox 1495 3513 1726 3580; x_wconf 85' lang='lat' dir='ltr'><strong>reditus,</strong></span> <span class='ocrx_word' id='word_1_522' title='bbox 1779 3532 1944 3586; x_wconf 86' lang='lat' dir='ltr'><strong>quem</strong></span> 
     </span>
    </p>
   </div>
   <div class='ocr_carea' id='block_1_72' title="bbox 377 3588 1494 3666">
    <p class='ocr_par' dir='ltr' id='par_1_72' title="bbox 377 3588 1494 3666">
     <span class='ocr_line' id='line_1_72' title="bbox 377 3588 1494 3666; baseline 0.013 -24"><span class='ocrx_word' id='word_1_523' title='bbox 377 3588 504 3645; x_wconf 87' lang='lat' dir='ltr'><strong>illac</strong></span> <span class='ocrx_word' id='word_1_524' title='bbox 555 3591 640 3646; x_wconf 85' lang='lat' dir='ltr'><strong>vir</strong></span> <span class='ocrx_word' id='word_1_525' title='bbox 689 3609 918 3666; x_wconf 82' lang='lat' dir='ltr'><strong>magnus</strong></span> <span class='ocrx_word' id='word_1_526' title='bbox 959 3612 1024 3652; x_wconf 92' lang='lat' dir='ltr'><strong>ac</strong></span> <span class='ocrx_word' id='word_1_527' title='bbox 1075 3589 1234 3654; x_wconf 72' lang='lat' dir='ltr'><strong>feriis</strong></span> <span class='ocrx_word' id='word_1_528' title='bbox 1281 3601 1494 3656; x_wconf 83' lang='lat' dir='ltr'><strong>habuit.</strong></span> 
     </span>
    </p>
   </div>
   <div class='ocr_carea' id='block_1_73' title="bbox 446 3683 1948 3768">
    <p class='ocr_par' dir='ltr' id='par_1_73' title="bbox 446 3683 1948 3768">
     <span class='ocr_line' id='line_1_73' title="bbox 446 3683 1948 3768; baseline 0.011 -32"><span class='ocrx_word' id='word_1_529' title='bbox 446 3683 534 3736; x_wconf 77' lang='grc'><strong>45.</strong></span> <span class='ocrx_word' id='word_1_530' title='bbox 576 3683 872 3740; x_wconf 70' lang='lat' dir='ltr'><strong>Descendit</strong></span> <span class='ocrx_word' id='word_1_531' title='bbox 925 3687 1094 3759; x_wconf 82' lang='lat' dir='ltr'><strong>igitur</strong></span> <span class='ocrx_word' id='word_1_532' title='bbox 1143 3691 1198 3744; x_wconf 90' lang='lat' dir='ltr'><strong>in</strong></span> <span class='ocrx_word' id='word_1_533' title='bbox 1247 3691 1530 3748; x_wconf 85' lang='lat' dir='ltr'><strong>Amaseam</strong></span> <span class='ocrx_word' id='word_1_534' title='bbox 1575 3711 1804 3767; x_wconf 82' lang='lat' dir='ltr'><strong>magnus</strong></span> <span class='ocrx_word' id='word_1_535' title='bbox 1848 3713 1948 3768; x_wconf 90' lang='lat' dir='ltr'><strong>pu-</strong></span> 
     </span>
    </p>
   </div>
   <div class='ocr_carea' id='block_1_74' title="bbox 377 3773 2036 3872">
    <p class='ocr_par' dir='ltr' id='par_1_74' title="bbox 377 3773 2036 3872">
     <span class='ocr_line' id='line_1_74' title="bbox 377 3773 2036 3872; baseline 0.013 -50"><span class='ocrx_word' id='word_1_536' title='bbox 377 3780 570 3840; x_wconf 79' lang='lat' dir='ltr'><strong>gnator</strong></span> <span class='ocrx_word' id='word_1_537' title='bbox 617 3773 938 3845; x_wconf 82' lang='lat' dir='ltr'><strong>Eutychius,</strong></span> <span class='ocrx_word' id='word_1_538' title='bbox 990 3787 1049 3833; x_wconf 89' lang='lat' dir='ltr'><strong>ut</strong></span> <span class='ocrx_word' id='word_1_539' title='bbox 1076 3781 1206 3834; x_wconf 89' lang='lat' dir='ltr'><strong>olim</strong></span> <span class='ocrx_word' id='word_1_540' title='bbox 1233 3781 1504 3836; x_wconf 83' lang='lat' dir='ltr'><strong>Abraham</strong></span> <span class='ocrx_word' id='word_1_541' title='bbox 1538 3793 1594 3838; x_wconf 93' lang='lat' dir='ltr'><strong>et</strong></span> <span class='ocrx_word' id='word_1_542' title='bbox 1619 3787 1740 3855; x_wconf 90' lang='lat' dir='ltr'><strong>ejus</strong></span> <span class='ocrx_word' id='word_1_543' title='bbox 1777 3801 1948 3856; x_wconf 87' lang='lat' dir='ltr'><strong>nepos</strong></span> <span class='ocrx_word' id='word_1_544' title='bbox 1997 3853 2036 3872; x_wconf 36' lang='grc' dir='ltr'><em>θ</em></span> 
     </span>
    </p>
   </div>
   <div class='ocr_carea' id='block_1_75' title="bbox 376 3859 1947 3941">
    <p class='ocr_par' dir='ltr' id='par_1_75' title="bbox 376 3859 1947 3941">
     <span class='ocr_line' id='line_1_75' title="bbox 376 3859 1947 3941; baseline 0.008 -27"><span class='ocrx_word' id='word_1_545' title='bbox 376 3859 548 3915; x_wconf 80' lang='lat' dir='ltr'><strong>Jacob</strong></span> <span class='ocrx_word' id='word_1_546' title='bbox 589 3862 643 3916; x_wconf 90' lang='lat' dir='ltr'><strong>in</strong></span> <span class='ocrx_word' id='word_1_547' title='bbox 681 3862 1000 3936; x_wconf 62' lang='lat' dir='ltr'><strong>Egy&#39;ptum,</strong></span> <span class='ocrx_word' id='word_1_548' title='bbox 1027 3867 1190 3922; x_wconf 87' lang='lat' dir='ltr'><strong>ambo</strong></span> <span class='ocrx_word' id='word_1_549' title='bbox 1235 3868 1561 3938; x_wconf 72' lang='lat' dir='ltr'><strong>patriarchte</strong></span> <span class='ocrx_word' id='word_1_550' title='bbox 1607 3879 1834 3941; x_wconf 87' lang='lat' dir='ltr'><strong>propter</strong></span> <span class='ocrx_word' id='word_1_551' title='bbox 1864 3872 1947 3926; x_wconf 85' lang='lat' dir='ltr'><strong>fa-</strong></span> 
     </span>
    </p>
   </div>
   <div class='ocr_carea' id='block_1_76' title="bbox 381 3957 1948 4034">
    <p class='ocr_par' dir='ltr' id='par_1_76' title="bbox 381 3957 1948 4034">
     <span class='ocr_line' id='line_1_76' title="bbox 381 3957 1948 4034; baseline 0.009 -30"><span class='ocrx_word' id='word_1_552' title='bbox 381 3967 567 4008; x_wconf 86' lang='lat' dir='ltr'><strong>mem:</strong></span> <span class='ocrx_word' id='word_1_553' title='bbox 600 3970 726 4009; x_wconf 89' lang='lat' dir='ltr'><strong>nam</strong></span> <span class='ocrx_word' id='word_1_554' title='bbox 771 3957 918 4026; x_wconf 87' lang='lat' dir='ltr'><strong>quod</strong></span> <span class='ocrx_word' id='word_1_555' title='bbox 964 3957 1216 4013; x_wconf 83' lang='lat' dir='ltr'><strong>Salvator</strong></span> <span class='ocrx_word' id='word_1_556' title='bbox 1256 3968 1444 4015; x_wconf 85' lang='lat' dir='ltr'><strong>noster</strong></span> <span class='ocrx_word' id='word_1_557' title='bbox 1491 3961 1651 4017; x_wconf 79' lang='lat' dir='ltr'><strong>.lesus</strong></span> <span class='ocrx_word' id='word_1_558' title='bbox 1692 3963 1948 4034; x_wconf 70' lang='lat' dir='ltr'><strong>Christus</strong></span> 
     </span>
    </p>
   </div>
   <div class='ocr_carea' id='block_1_77' title="bbox 379 4041 1952 4118">
    <p class='ocr_par' dir='ltr' id='par_1_77' title="bbox 379 4041 1952 4118">
     <span class='ocr_line' id='line_1_77' title="bbox 379 4041 1952 4118; baseline 0.008 -23"><span class='ocrx_word' id='word_1_559' title='bbox 379 4041 436 4095; x_wconf 87' lang='lat' dir='ltr'><strong>in</strong></span> <span class='ocrx_word' id='word_1_560' title='bbox 483 4044 734 4100; x_wconf 90' lang='lat' dir='ltr'><strong>eamdem</strong></span> <span class='ocrx_word' id='word_1_561' title='bbox 779 4045 1071 4118; x_wconf 66' lang='lat' dir='ltr'><strong>Egyptum</strong></span> <span class='ocrx_word' id='word_1_562' title='bbox 1101 4049 1405 4116; x_wconf 87' lang='lat' dir='ltr'><strong>descendit,</strong></span> <span class='ocrx_word' id='word_1_563' title='bbox 1437 4060 1498 4118; x_wconf 89' lang='lat' dir='ltr'><strong>ut</strong></span> <span class='ocrx_word' id='word_1_564' title='bbox 1535 4069 1649 4108; x_wconf 90' lang='lat' dir='ltr'><strong>rem</strong></span> <span class='ocrx_word' id='word_1_565' title='bbox 1679 4055 1952 4108; x_wconf 80' lang='lat' dir='ltr'><strong>excellen—</strong></span> 
     </span>
    </p>
   </div>
   <div class='ocr_carea' id='block_1_78' title="bbox 381 4131 1947 4214">
    <p class='ocr_par' dir='ltr' id='par_1_78' title="bbox 381 4131 1947 4214">
     <span class='ocr_line' id='line_1_78' title="bbox 381 4131 1947 4214; baseline 0.01 -29"><span class='ocrx_word' id='word_1_566' title='bbox 381 4131 598 4201; x_wconf 85' lang='lat' dir='ltr'><strong>tiorem,</strong></span> <span class='ocrx_word' id='word_1_567' title='bbox 635 4151 760 4190; x_wconf 87' lang='lat' dir='ltr'><strong>cum</strong></span> <span class='ocrx_word' id='word_1_568' title='bbox 805 4137 1016 4193; x_wconf 89' lang='lat' dir='ltr'><strong>honore</strong></span> <span class='ocrx_word' id='word_1_569' title='bbox 1063 4141 1432 4210; x_wconf 63' lang='lat' dir='ltr'><strong>praeterimus;</strong></span> <span class='ocrx_word' id='word_1_570' title='bbox 1481 4153 1706 4214; x_wconf 88' lang='lat' dir='ltr'><strong>propter</strong></span> <span class='ocrx_word' id='word_1_571' title='bbox 1743 4145 1947 4200; x_wconf 89' lang='lat' dir='ltr'><strong>nubem</strong></span> 
     </span>
    </p>
   </div>
   <div class='ocr_carea' id='block_1_79' title="bbox 379 4223 1951 4298">
    <p class='ocr_par' dir='ltr' id='par_1_79' title="bbox 379 4223 1951 4298">
     <span class='ocr_line' id='line_1_79' title="bbox 379 4223 1951 4298; baseline 0.009 -21"><span class='ocrx_word' id='word_1_572' title='bbox 379 4223 554 4280; x_wconf 84' lang='lat' dir='ltr'><strong>levem</strong></span> <span class='ocrx_word' id='word_1_573' title='bbox 601 4235 660 4280; x_wconf 88' lang='lat' dir='ltr'><strong>et</strong></span> <span class='ocrx_word' id='word_1_574' title='bbox 705 4237 930 4298; x_wconf 87' lang='lat' dir='ltr'><strong>propter</strong></span> <span class='ocrx_word' id='word_1_575' title='bbox 979 4245 1166 4284; x_wconf 89' lang='lat' dir='ltr'><strong>casum</strong></span> <span class='ocrx_word' id='word_1_576' title='bbox 1223 4231 1663 4286; x_wconf 86' lang='lat' dir='ltr'><strong>manufaetorum</strong></span> <span class='ocrx_word' id='word_1_577' title='bbox 1728 4234 1951 4290; x_wconf 85' lang='lat' dir='ltr'><strong>simula-</strong></span> 
     </span>
    </p>
   </div>
   <div class='ocr_carea' id='block_1_80' title="bbox 379 4319 1946 4390">
    <p class='ocr_par' dir='ltr' id='par_1_80' title="bbox 379 4319 1946 4390">
     <span class='ocr_line' id='line_1_80' title="bbox 379 4319 1946 4390; baseline 0.007 -22"><span class='ocrx_word' id='word_1_578' title='bbox 379 4331 621 4371; x_wconf 83' lang='lat' dir='ltr'><strong>crorum.</strong></span> <span class='ocrx_word' id='word_1_579' title='bbox 649 4319 745 4373; x_wconf 89' lang='lat' dir='ltr'><strong>Ast</strong></span> <span class='ocrx_word' id='word_1_580' title='bbox 768 4319 1069 4375; x_wconf 88' lang='lat' dir='ltr'><strong>descensus</strong></span> <span class='ocrx_word' id='word_1_581' title='bbox 1091 4321 1182 4376; x_wconf 90' lang='lat' dir='ltr'><strong>hic</strong></span> <span class='ocrx_word' id='word_1_582' title='bbox 1207 4322 1395 4377; x_wconf 90' lang='lat' dir='ltr'><strong>multis</strong></span> <span class='ocrx_word' id='word_1_583' title='bbox 1417 4323 1696 4378; x_wconf 90' lang='lat' dir='ltr'><strong>miraculis</strong></span> <span class='ocrx_word' id='word_1_584' title='bbox 1723 4324 1946 4390; x_wconf 87' lang='lat' dir='ltr'><strong>claruit;</strong></span> 
     </span>
    </p>
   </div>
   <div class='ocr_carea' id='block_1_81' title="bbox 377 4407 1948 4484">
    <p class='ocr_par' dir='ltr' id='par_1_81' title="bbox 377 4407 1948 4484">
     <span class='ocr_line' id='line_1_81' title="bbox 377 4407 1948 4484; baseline 0.006 -24"><span class='ocrx_word' id='word_1_585' title='bbox 377 4407 475 4460; x_wconf 88' lang='lat' dir='ltr'><strong>Dei</strong></span> <span class='ocrx_word' id='word_1_586' title='bbox 509 4407 654 4462; x_wconf 89' lang='lat' dir='ltr'><strong>enim</strong></span> <span class='ocrx_word' id='word_1_587' title='bbox 689 4423 910 4464; x_wconf 89' lang='lat' dir='ltr'><strong>carnem</strong></span> <span class='ocrx_word' id='word_1_588' title='bbox 937 4410 1234 4466; x_wconf 89' lang='lat' dir='ltr'><strong>humanam</strong></span> <span class='ocrx_word' id='word_1_589' title='bbox 1276 4412 1455 4466; x_wconf 87' lang='lat' dir='ltr'><strong>induti</strong></span> <span class='ocrx_word' id='word_1_590' title='bbox 1489 4415 1948 4484; x_wconf 68' lang='lat' dir='ltr'><strong>praesentiaquid</strong></span> 
     </span>
    </p>
   </div>
   <div class='ocr_carea' id='block_1_82' title="bbox 379 4495 1954 4569">
    <p class='ocr_par' dir='ltr' id='par_1_82' title="bbox 379 4495 1954 4569">
     <span class='ocr_line' id='line_1_82' title="bbox 379 4495 1954 4569; baseline 0.007 -22"><span class='ocrx_word' id='word_1_591' title='bbox 379 4495 580 4548; x_wconf 91' lang='lat' dir='ltr'><strong>mirum</strong></span> <span class='ocrx_word' id='word_1_592' title='bbox 620 4496 664 4550; x_wconf 91' lang='lat' dir='ltr'><strong>si</strong></span> <span class='ocrx_word' id='word_1_593' title='bbox 701 4497 950 4568; x_wconf 79' lang='lat' dir='ltr'><strong>prodigia</strong></span> <span class='ocrx_word' id='word_1_594' title='bbox 991 4499 1289 4569; x_wconf 83' lang='lat' dir='ltr'><strong>operetur?</strong></span> <span class='ocrx_word' id='word_1_595' title='bbox 1317 4499 1514 4555; x_wconf 87' lang='lat' dir='ltr'><strong>Fateor</strong></span> <span class='ocrx_word' id='word_1_596' title='bbox 1546 4517 1558 4554; x_wconf 93' lang='lat'>:</span> <span class='ocrx_word' id='word_1_597' title='bbox 1595 4501 1692 4556; x_wconf 88' lang='lat' dir='ltr'><strong>sed</strong></span> <span class='ocrx_word' id='word_1_598' title='bbox 1727 4517 1836 4556; x_wconf 91' lang='lat' dir='ltr'><strong>non</strong></span> <span class='ocrx_word' id='word_1_599' title='bbox 1863 4519 1954 4558; x_wconf 86' lang='lat' dir='ltr'><strong>ca-</strong></span> 
     </span>
    </p>
   </div>
   <div class='ocr_carea' id='block_1_83' title="bbox 379 4587 1950 4664">
    <p class='ocr_par' dir='ltr' id='par_1_83' title="bbox 379 4587 1950 4664">
     <span class='ocr_line' id='line_1_83' title="bbox 379 4587 1950 4664; baseline 0.007 -25"><span class='ocrx_word' id='word_1_600' title='bbox 379 4587 493 4642; x_wconf 89' lang='lat' dir='ltr'><strong>ruit</strong></span> <span class='ocrx_word' id='word_1_601' title='bbox 546 4588 812 4644; x_wconf 89' lang='lat' dir='ltr'><strong>miraculo</strong></span> <span class='ocrx_word' id='word_1_602' title='bbox 840 4591 1004 4645; x_wconf 86' lang='lat' dir='ltr'><strong>etiam</strong></span> <span class='ocrx_word' id='word_1_603' title='bbox 1049 4591 1204 4662; x_wconf 90' lang='lat' dir='ltr'><strong>prior</strong></span> <span class='ocrx_word' id='word_1_604' title='bbox 1233 4592 1324 4646; x_wconf 90' lang='lat' dir='ltr'><strong>ille</strong></span> <span class='ocrx_word' id='word_1_605' title='bbox 1351 4607 1674 4663; x_wconf 80' lang='lat' dir='ltr'><strong>magnorum</strong></span> <span class='ocrx_word' id='word_1_606' title='bbox 1709 4595 1950 4664; x_wconf 84' lang='lat' dir='ltr'><strong>patriar-</strong></span> 
     </span>
    </p>
   </div>
   <div class='ocr_carea' id='block_1_84' title="bbox 380 4679 1951 4748">
    <p class='ocr_par' dir='ltr' id='par_1_84' title="bbox 380 4679 1951 4748">
     <span class='ocr_line' id='line_1_84' title="bbox 380 4679 1951 4748; baseline 0.006 -16"><span class='ocrx_word' id='word_1_607' title='bbox 380 4679 606 4734; x_wconf 81' lang='lat' dir='ltr'><strong>charum</strong></span> <span class='ocrx_word' id='word_1_608' title='bbox 641 4681 959 4748; x_wconf 86' lang='lat' dir='ltr'><strong>descensus,</strong></span> <span class='ocrx_word' id='word_1_609' title='bbox 985 4691 1044 4737; x_wconf 93' lang='lat' dir='ltr'><strong>ut</strong></span> <span class='ocrx_word' id='word_1_610' title='bbox 1071 4681 1232 4738; x_wconf 84' lang='lat' dir='ltr'><strong>facile</strong></span> <span class='ocrx_word' id='word_1_611' title='bbox 1251 4683 1495 4738; x_wconf 89' lang='lat' dir='ltr'><strong>declarat</strong></span> <span class='ocrx_word' id='word_1_612' title='bbox 1522 4685 1660 4740; x_wconf 88' lang='lat' dir='ltr'><strong>visio</strong></span> <span class='ocrx_word' id='word_1_613' title='bbox 1683 4685 1951 4742; x_wconf 87' lang='lat' dir='ltr'><strong>divinitus</strong></span> 
     </span>
    </p>
   </div>
   <div class='ocr_carea' id='block_1_85' title="bbox 382 4759 1952 4848">
    <p class='ocr_par' dir='ltr' id='par_1_85' title="bbox 382 4759 1952 4848">
     <span class='ocr_line' id='line_1_85' title="bbox 382 4759 1952 4848; baseline 0.004 -22"><span class='ocrx_word' id='word_1_614' title='bbox 382 4759 649 4828; x_wconf 68' lang='lat' dir='ltr'><strong>Pharaoni</strong></span> <span class='ocrx_word' id='word_1_615' title='bbox 693 4775 880 4829; x_wconf 89' lang='lat' dir='ltr'><strong>oblata</strong></span> <span class='ocrx_word' id='word_1_616' title='bbox 913 4783 1136 4844; x_wconf 88' lang='lat' dir='ltr'><strong>propter</strong></span> <span class='ocrx_word' id='word_1_617' title='bbox 1179 4773 1456 4830; x_wconf 84' lang='lat' dir='ltr'><strong>Abraham</strong></span> <span class='ocrx_word' id='word_1_618' title='bbox 1487 4784 1543 4830; x_wconf 89' lang='lat' dir='ltr'><strong>et</strong></span> <span class='ocrx_word' id='word_1_619' title='bbox 1579 4777 1786 4842; x_wconf 89' lang='lat' dir='ltr'><strong>Saram,</strong></span> <span class='ocrx_word' id='word_1_620' title='bbox 1825 4795 1952 4848; x_wconf 91' lang='lat' dir='ltr'><strong>pro-</strong></span> 
     </span>
    </p>
   </div>
   <div class='ocr_carea' id='block_1_86' title="bbox 379 4853 1952 4940">
    <p class='ocr_par' dir='ltr' id='par_1_86' title="bbox 379 4853 1952 4940">
     <span class='ocr_line' id='line_1_86' title="bbox 379 4853 1952 4940; baseline 0.003 -21"><span class='ocrx_word' id='word_1_621' title='bbox 379 4875 503 4936; x_wconf 86' lang='lat' dir='ltr'><strong>pter</strong></span> <span class='ocrx_word' id='word_1_622' title='bbox 547 4883 710 4937; x_wconf 91' lang='lat' dir='ltr'><strong>quam</strong></span> <span class='ocrx_word' id='word_1_623' title='bbox 745 4881 842 4922; x_wconf 92' lang='lat' dir='ltr'><strong>eos</strong></span> <span class='ocrx_word' id='word_1_624' title='bbox 888 4881 1014 4921; x_wconf 85' lang='lat' dir='ltr'><strong>cum</strong></span> <span class='ocrx_word' id='word_1_625' title='bbox 1061 4867 1271 4922; x_wconf 90' lang='lat' dir='ltr'><strong>honore</strong></span> <span class='ocrx_word' id='word_1_626' title='bbox 1313 4867 1522 4922; x_wconf 89' lang='lat' dir='ltr'><strong>dimisit</strong></span> <span class='ocrx_word' id='word_1_627' title='bbox 1562 4885 1575 4920; x_wconf 92' lang='lat'><strong>:</strong></span> <span class='ocrx_word' id='word_1_628' title='bbox 1622 4876 1679 4923; x_wconf 89' lang='lat' dir='ltr'><strong>et</strong></span> <span class='ocrx_word' id='word_1_629' title='bbox 1727 4853 1952 4940; x_wconf 86' lang='lat' dir='ltr'><strong>Josephi</strong></span> 
     </span>
    </p>
   </div>
   <div class='ocr_carea' id='block_1_87' title="bbox 381 4955 1952 5031">
    <p class='ocr_par' dir='ltr' id='par_1_87' title="bbox 381 4955 1952 5031">
     <span class='ocr_line' id='line_1_87' title="bbox 381 4955 1952 5031; baseline 0.005 -23"><span class='ocrx_word' id='word_1_630' title='bbox 381 4955 780 5022; x_wconf 85' lang='lat' dir='ltr'><strong>manifestatio;</strong></span> <span class='ocrx_word' id='word_1_631' title='bbox 811 4965 866 5012; x_wconf 92' lang='lat' dir='ltr'><strong>et</strong></span> <span class='ocrx_word' id='word_1_632' title='bbox 883 4957 1069 5012; x_wconf 82' lang='lat' dir='ltr'><strong>Jacobi</strong></span> <span class='ocrx_word' id='word_1_633' title='bbox 1096 4967 1260 5028; x_wconf 88' lang='lat' dir='ltr'><strong>atque</strong></span> <span class='ocrx_word' id='word_1_634' title='bbox 1287 4957 1522 5014; x_wconf 79' lang='lat' dir='ltr'><strong>ﬁliorum</strong></span> <span class='ocrx_word' id='word_1_635' title='bbox 1539 4961 1658 5030; x_wconf 84' lang='lat' dir='ltr'><strong>ejus</strong></span> <span class='ocrx_word' id='word_1_636' title='bbox 1679 4961 1746 5014; x_wconf 86' lang='lat' dir='ltr'><strong>ad</strong></span> <span class='ocrx_word' id='word_1_637' title='bbox 1775 4962 1952 5031; x_wconf 90' lang='lat' dir='ltr'><strong>ipsum</strong></span> 
     </span>
    </p>
   </div>
   <div class='ocr_carea' id='block_1_88' title="bbox 379 5049 1956 5128">
    <p class='ocr_par' dir='ltr' id='par_1_88' title="bbox 379 5049 1956 5128">
     <span class='ocr_line' id='line_1_88' title="bbox 379 5049 1956 5128; baseline 0.005 -26"><span class='ocrx_word' id='word_1_638' title='bbox 379 5049 664 5119; x_wconf 85' lang='lat' dir='ltr'><strong>profectio.</strong></span> <span class='ocrx_word' id='word_1_639' title='bbox 701 5049 812 5106; x_wconf 87' lang='lat' dir='ltr'><strong>Sed</strong></span> <span class='ocrx_word' id='word_1_640' title='bbox 855 5050 1084 5104; x_wconf 82' lang='lat' dir='ltr'><strong>forsitan</strong></span> <span class='ocrx_word' id='word_1_641' title='bbox 1119 5050 1194 5104; x_wconf 92' lang='lat' dir='ltr'><strong>illi</strong></span> <span class='ocrx_word' id='word_1_642' title='bbox 1242 5051 1464 5121; x_wconf 88' lang='lat' dir='ltr'><strong>quidem</strong></span> <span class='ocrx_word' id='word_1_643' title='bbox 1495 5051 1764 5122; x_wconf 90' lang='lat' dir='ltr'><strong>ejusmodi</strong></span> <span class='ocrx_word' id='word_1_644' title='bbox 1797 5052 1956 5128; x_wconf 21' lang='lat' dir='ltr'><strong>fruiti.</strong></span> 
     </span>
    </p>
   </div>
   <div class='ocr_carea' id='block_1_89' title="bbox 455 5189 922 5254">
    <p class='ocr_par' dir='ltr' id='par_1_89' title="bbox 455 5189 922 5254">
     <span class='ocr_line' id='line_1_89' title="bbox 455 5189 922 5254; baseline 0.002 -12"><span class='ocrx_word' id='word_1_645' title='bbox 455 5189 496 5219; x_wconf 74' lang='lat'>&quot;</span> <span class='ocrx_word' id='word_1_646' title='bbox 517 5190 706 5245; x_wconf 82' lang='lat' dir='ltr'><strong>Matth.</strong></span> <span class='ocrx_word' id='word_1_647' title='bbox 746 5207 798 5254; x_wconf 68' lang='grc' dir='ltr'><strong>Χ,</strong></span> <span class='ocrx_word' id='word_1_648' title='bbox 833 5191 922 5244; x_wconf 77' lang='grc'><strong>25.</strong></span> 
     </span>
    </p>
   </div>
   <div class='ocr_carea' id='block_1_90' title="bbox 453 5299 1950 5372">
    <p class='ocr_par' dir='ltr' id='par_1_90' title="bbox 453 5299 1950 5372">
     <span class='ocr_line' id='line_1_90' title="bbox 453 5299 1950 5372; baseline 0.001 -16"><span class='ocrx_word' id='word_1_649' title='bbox 453 5303 562 5372; x_wconf 69' lang='lat'><strong>(59.)</strong></span> <span class='ocrx_word' id='word_1_650' title='bbox 590 5305 662 5360; x_wconf 88' lang='lat' dir='ltr'><strong>De</strong></span> <span class='ocrx_word' id='word_1_651' title='bbox 691 5314 884 5361; x_wconf 89' lang='lat' dir='ltr'><strong>sancto</strong></span> <span class='ocrx_word' id='word_1_652' title='bbox 931 5305 1036 5358; x_wconf 92' lang='lat' dir='ltr'><strong>hoc</strong></span> <span class='ocrx_word' id='word_1_653' title='bbox 1067 5301 1378 5372; x_wconf 76' lang='lat' dir='ltr'><strong>patriarcha</strong></span> <span class='ocrx_word' id='word_1_654' title='bbox 1405 5299 1696 5372; x_wconf 78' lang='lat' dir='ltr'><strong>Anastasio</strong></span> <span class='ocrx_word' id='word_1_655' title='bbox 1726 5317 1950 5372; x_wconf 78' lang='lat' dir='ltr'><strong>agemus</strong></span> 
     </span>
    </p>
   </div>
   <div class='ocr_carea' id='block_1_91' title="bbox 377 5369 1946 5444">
    <p class='ocr_par' dir='ltr' id='par_1_91' title="bbox 377 5369 1946 5444">
     <span class='ocr_line' id='line_1_91' title="bbox 377 5369 1946 5444; baseline 0.001 -18"><span class='ocrx_word' id='word_1_656' title='bbox 377 5371 436 5444; x_wconf 63' lang='lat' dir='ltr'><strong>Si</strong></span> <span class='ocrx_word' id='word_1_657' title='bbox 475 5369 698 5440; x_wconf 76' lang='lat' dir='ltr'><strong>Aprilis,</strong></span> <span class='ocrx_word' id='word_1_658' title='bbox 763 5391 872 5444; x_wconf 88' lang='lat' dir='ltr'><strong>quo</strong></span> <span class='ocrx_word' id='word_1_659' title='bbox 905 5369 1106 5444; x_wconf 67' lang='lat' dir='ltr'><strong>colitur</strong></span> <span class='ocrx_word' id='word_1_660' title='bbox 1141 5372 1305 5444; x_wconf 81' lang='lat' dir='ltr'><strong>etiam</strong></span> <span class='ocrx_word' id='word_1_661' title='bbox 1336 5369 1398 5444; x_wconf 61' lang='grc' dir='ltr'><strong>8ἶ</strong></span> <span class='ocrx_word' id='word_1_662' title='bbox 1427 5369 1780 5444; x_wconf 72' lang='lat' dir='ltr'><strong>Athanasius</strong></span> <span class='ocrx_word' id='word_1_663' title='bbox 1827 5389 1946 5440; x_wconf 88' lang='lat' dir='ltr'><strong>pre-</strong></span> 
     </span>
    </p>
   </div>
   <div class='ocr_carea' id='block_1_92' title="bbox 377 5440 1947 5512">
    <p class='ocr_par' dir='ltr' id='par_1_92' title="bbox 377 5440 1947 5512">
     <span class='ocr_line' id='line_1_92' title="bbox 377 5440 1947 5512; baseline 0.003 -19"><span class='ocrx_word' id='word_1_664' title='bbox 377 5443 582 5512; x_wconf 78' lang='lat' dir='ltr'><strong>sbyter,</strong></span> <span class='ocrx_word' id='word_1_665' title='bbox 611 5440 932 5504; x_wconf 61' lang='lat' dir='ltr'><strong>monaihus</strong></span> <span class='ocrx_word' id='word_1_666' title='bbox 953 5443 1162 5498; x_wconf 88' lang='lat' dir='ltr'><strong>Sinaita</strong></span> <span class='ocrx_word' id='word_1_667' title='bbox 1189 5441 1242 5494; x_wconf 90' lang='lat' dir='ltr'><strong>in</strong></span> <span class='ocrx_word' id='word_1_668' title='bbox 1273 5440 1499 5500; x_wconf 83' lang='lat' dir='ltr'><strong>Arabia,</strong></span> <span class='ocrx_word' id='word_1_669' title='bbox 1547 5441 1615 5512; x_wconf 86' lang='lat' dir='ltr'><strong>ab</strong></span> <span class='ocrx_word' id='word_1_670' title='bbox 1668 5443 1947 5511; x_wconf 84' lang='lat' dir='ltr'><strong>aliquibus</strong></span> 
     </span>
    </p>
   </div>
   <div class='ocr_carea' id='block_1_93' title="bbox 375 5511 1942 5582">
    <p class='ocr_par' dir='ltr' id='par_1_93' title="bbox 375 5511 1942 5582">
     <span class='ocr_line' id='line_1_93' title="bbox 375 5511 1942 5582; baseline 0.001 -20"><span class='ocrx_word' id='word_1_671' title='bbox 375 5527 402 5562; x_wconf 80' lang='grc' dir='ltr'><strong>ιι</strong></span> <span class='ocrx_word' id='word_1_672' title='bbox 435 5511 582 5582; x_wconf 77' lang='lat' dir='ltr'><strong>dicto</strong></span> <span class='ocrx_word' id='word_1_673' title='bbox 613 5513 924 5580; x_wconf 85' lang='lat' dir='ltr'><strong>patriarcha</strong></span> <span class='ocrx_word' id='word_1_674' title='bbox 975 5531 1082 5571; x_wconf 86' lang='lat' dir='ltr'><strong>non</strong></span> <span class='ocrx_word' id='word_1_675' title='bbox 1121 5512 1448 5566; x_wconf 76' lang='lat' dir='ltr'><strong>distinctus:</strong></span> <span class='ocrx_word' id='word_1_676' title='bbox 1495 5511 1590 5565; x_wconf 87' lang='lat' dir='ltr'><strong>sed</strong></span> <span class='ocrx_word' id='word_1_677' title='bbox 1625 5525 1942 5582; x_wconf 78' lang='lat' dir='ltr'><strong>perperam,</strong></span> 
     </span>
    </p>
   </div>
   <div class='ocr_carea' id='block_1_94' title="bbox 375 5579 962 5638">
    <p class='ocr_par' dir='ltr' id='par_1_94' title="bbox 375 5579 962 5638">
     <span class='ocr_line' id='line_1_94' title="bbox 375 5579 962 5638; baseline 0.007 -4"><span class='ocrx_word' id='word_1_678' title='bbox 375 5583 448 5635; x_wconf 81' lang='lat' dir='ltr'><strong>uti</strong></span> <span class='ocrx_word' id='word_1_679' title='bbox 489 5579 606 5632; x_wconf 74' lang='lat' dir='ltr'><strong>istic</strong></span> <span class='ocrx_word' id='word_1_680' title='bbox 631 5585 962 5638; x_wconf 70' lang='lat' dir='ltr'><strong>ostenditur.</strong></span> 
     </span>
    </p>
   </div>
   <div class='ocr_carea' id='block_1_95' title="bbox 2049 3511 3628 3585">
    <p class='ocr_par' dir='ltr' id='par_1_95' title="bbox 2049 3511 3628 3585">
     <span class='ocr_line' id='line_1_95' title="bbox 2049 3511 3628 3585; baseline -0.003 -17"><span class='ocrx_word' id='word_1_681' title='bbox 2049 3517 2138 3568; x_wconf 76' lang='grc' dir='ltr'><strong>καὶ</strong></span> <span class='ocrx_word' id='word_1_682' title='bbox 2171 3515 2392 3585; x_wconf 79' lang='grc' dir='ltr'>μείζονα</span> <span class='ocrx_word' id='word_1_683' title='bbox 2434 3515 2638 3568; x_wconf 86' lang='grc' dir='ltr'>τούτων</span> <span class='ocrx_word' id='word_1_684' title='bbox 2671 3517 2703 3585; x_wconf 76' lang='grc' dir='ltr'><strong>ἡ</strong></span> <span class='ocrx_word' id='word_1_685' title='bbox 2744 3515 2880 3583; x_wconf 83' lang='grc' dir='ltr'>αὑτὴ</span> <span class='ocrx_word' id='word_1_686' title='bbox 2929 3515 3220 3585; x_wconf 83' lang='grc' dir='ltr'>λεωφόρος,</span> <span class='ocrx_word' id='word_1_687' title='bbox 3244 3511 3372 3566; x_wconf 77' lang='grc' dir='ltr'>ὅταν</span> <span class='ocrx_word' id='word_1_688' title='bbox 3403 3511 3500 3583; x_wconf 83' lang='grc' dir='ltr'><strong>τὴν</strong></span> <span class='ocrx_word' id='word_1_689' title='bbox 3531 3513 3628 3563; x_wconf 68' lang='grc' dir='ltr'>ετ..</span> 
     </span>
    </p>
   </div>
   <div class='ocr_carea' id='block_1_96' title="bbox 2049 3603 3621 3678">
    <p class='ocr_par' dir='ltr' id='par_1_96' title="bbox 2049 3603 3621 3678">
     <span class='ocr_line' id='line_1_96' title="bbox 2049 3603 3621 3678; baseline -0.004 -17"><span class='ocrx_word' id='word_1_690' title='bbox 2049 3607 2230 3661; x_wconf 85' lang='grc' dir='ltr'>άνοδον</span> <span class='ocrx_word' id='word_1_691' title='bbox 2260 3606 2504 3678; x_wconf 77' lang='grc' dir='ltr'>ἑορτάζει</span> <span class='ocrx_word' id='word_1_692' title='bbox 2529 3605 2622 3659; x_wconf 82' lang='grc' dir='ltr'><strong>τοῦ</strong></span> <span class='ocrx_word' id='word_1_693' title='bbox 2680 3605 2914 3675; x_wconf 84' lang='grc' dir='ltr'>μεγάλου</span> <span class='ocrx_word' id='word_1_694' title='bbox 2947 3606 3041 3658; x_wconf 77' lang='grc' dir='ltr'>καὶ</span> <span class='ocrx_word' id='word_1_695' title='bbox 3067 3605 3364 3674; x_wconf 83' lang='grc' dir='ltr'>ἀθλοφόρου</span> <span class='ocrx_word' id='word_1_696' title='bbox 3411 3603 3621 3673; x_wconf 66' lang='grc' dir='ltr'>ἀνδρός</span> 
     </span>
    </p>
   </div>
   <div class='ocr_carea' id='block_1_97' title="bbox 2123 3691 3617 3770">
    <p class='ocr_par' dir='ltr' id='par_1_97' title="bbox 2123 3691 3617 3770">
     <span class='ocr_line' id='line_1_97' title="bbox 2123 3691 3617 3770; baseline -0.005 -18"><span class='ocrx_word' id='word_1_697' title='bbox 2123 3705 2232 3770; x_wconf 91' lang='grc' dir='ltr'>μγ’.</span> <span class='ocrx_word' id='word_1_698' title='bbox 2291 3691 2548 3750; x_wconf 71' lang='grc' dir='ltr'>Κάτεισιῖι</span> <span class='ocrx_word' id='word_1_699' title='bbox 2593 3693 2684 3750; x_wconf 80' lang='grc' dir='ltr'><strong>οὖν</strong></span> <span class='ocrx_word' id='word_1_700' title='bbox 2723 3699 2802 3759; x_wconf 82' lang='grc' dir='ltr'>εἰς</span> <span class='ocrx_word' id='word_1_701' title='bbox 2852 3696 3148 3766; x_wconf 84' lang='grc' dir='ltr'>’Δμάσειαν</span> <span class='ocrx_word' id='word_1_702' title='bbox 3183 3695 3211 3747; x_wconf 86' lang='grc' dir='ltr'>ὁ</span> <span class='ocrx_word' id='word_1_703' title='bbox 3263 3694 3434 3764; x_wconf 85' lang='grc' dir='ltr'>μέγας</span> <span class='ocrx_word' id='word_1_704' title='bbox 3468 3693 3617 3760; x_wconf 84' lang='grc' dir='ltr'>ἀγω-</span> 
     </span>
    </p>
   </div>
   <div class='ocr_carea' id='block_1_98' title="bbox 2049 3781 3624 3859">
    <p class='ocr_par' dir='ltr' id='par_1_98' title="bbox 2049 3781 3624 3859">
     <span class='ocr_line' id='line_1_98' title="bbox 2049 3781 3624 3859; baseline -0.004 -17"><span class='ocrx_word' id='word_1_705' title='bbox 2049 3789 2233 3859; x_wconf 82' lang='grc' dir='ltr'>νιστὴς</span> <span class='ocrx_word' id='word_1_706' title='bbox 2263 3787 2543 3856; x_wconf 82' lang='grc' dir='ltr'>Εὑτύχιος,</span> <span class='ocrx_word' id='word_1_707' title='bbox 2572 3788 2648 3850; x_wconf 86' lang='grc' dir='ltr'>ὡς</span> <span class='ocrx_word' id='word_1_708' title='bbox 2694 3787 2942 3856; x_wconf 79' lang='grc' dir='ltr'>Ἀϐραάμ</span> <span class='ocrx_word' id='word_1_709' title='bbox 2969 3786 3154 3839; x_wconf 84' lang='grc' dir='ltr'>πάλαι·</span> <span class='ocrx_word' id='word_1_710' title='bbox 3167 3786 3295 3837; x_wconf 84' lang='grc' dir='ltr'>ποτὲ</span> <span class='ocrx_word' id='word_1_711' title='bbox 3335 3786 3428 3837; x_wconf 75' lang='grc' dir='ltr'><strong>καὶ</strong></span> <span class='ocrx_word' id='word_1_712' title='bbox 3455 3787 3482 3836; x_wconf 84' lang='grc' dir='ltr'>ὁ</span> <span class='ocrx_word' id='word_1_713' title='bbox 3503 3781 3624 3835; x_wconf 84' lang='grc' dir='ltr'>τού-</span> 
     </span>
    </p>
   </div>
   <div class='ocr_carea' id='block_1_99' title="bbox 2049 3875 3623 3948">
    <p class='ocr_par' dir='ltr' id='par_1_99' title="bbox 2049 3875 3623 3948">
     <span class='ocr_line' id='line_1_99' title="bbox 2049 3875 3623 3948; baseline -0.006 -14"><span class='ocrx_word' id='word_1_714' title='bbox 2049 3898 2141 3934; x_wconf 81' lang='grc' dir='ltr'><strong>του</strong></span> <span class='ocrx_word' id='word_1_715' title='bbox 2165 3881 2385 3948; x_wconf 78' lang='grc' dir='ltr'>ἔκγονος</span> <span class='ocrx_word' id='word_1_716' title='bbox 2420 3877 2611 3932; x_wconf 83' lang='grc' dir='ltr'><strong>Ἰακὼό</strong></span> <span class='ocrx_word' id='word_1_717' title='bbox 2642 3880 2720 3941; x_wconf 79' lang='grc' dir='ltr'>εἰς</span> <span class='ocrx_word' id='word_1_718' title='bbox 2758 3878 3050 3946; x_wconf 77' lang='grc' dir='ltr'>Αἴγυπτον,</span> <span class='ocrx_word' id='word_1_719' title='bbox 3077 3877 3245 3946; x_wconf 81' lang='grc' dir='ltr'>ἄμφω</span> <span class='ocrx_word' id='word_1_720' title='bbox 3269 3875 3325 3928; x_wconf 84' lang='grc' dir='ltr'><strong>δὲ</strong></span> <span class='ocrx_word' id='word_1_721' title='bbox 3357 3875 3623 3944; x_wconf 83' lang='grc' dir='ltr'>πατριάρ-</span> 
     </span>
    </p>
   </div>
   <div class='ocr_carea' id='block_1_100' title="bbox 2051 3957 3624 4040">
    <p class='ocr_par' dir='ltr' id='par_1_100' title="bbox 2051 3957 3624 4040">
     <span class='ocr_line' id='line_1_100' title="bbox 2051 3957 3624 4040; baseline -0.006 -19"><span class='ocrx_word' id='word_1_722' title='bbox 2051 3987 2136 4040; x_wconf 84' lang='grc' dir='ltr'><strong>χαι</strong></span> <span class='ocrx_word' id='word_1_723' title='bbox 2164 3970 2492 4038; x_wconf 80' lang='grc' dir='ltr'>προφάσεως</span> <span class='ocrx_word' id='word_1_724' title='bbox 2529 3966 2694 4019; x_wconf 77' lang='grc' dir='ltr'>’ἑνεκα</span> <span class='ocrx_word' id='word_1_725' title='bbox 2741 3964 2835 4016; x_wconf 84' lang='grc' dir='ltr'><strong>τοῦ</strong></span> <span class='ocrx_word' id='word_1_726' title='bbox 2865 3963 3022 4033; x_wconf 86' lang='grc' dir='ltr'>λιμοῦ</span> <span class='ocrx_word' id='word_1_727' title='bbox 3049 3977 3060 3991; x_wconf 94' lang='grc'><strong>·</strong></span> <span class='ocrx_word' id='word_1_728' title='bbox 3097 3963 3194 4031; x_wconf 81' lang='grc' dir='ltr'><strong>τὴν</strong></span> <span class='ocrx_word' id='word_1_729' title='bbox 3243 3963 3350 4030; x_wconf 75' lang='grc' dir='ltr'><strong>γάρ</strong></span> <span class='ocrx_word' id='word_1_730' title='bbox 3383 3957 3475 4011; x_wconf 85' lang='grc' dir='ltr'><strong>τοῦ</strong></span> <span class='ocrx_word' id='word_1_731' title='bbox 3509 3959 3624 4012; x_wconf 86' lang='grc' dir='ltr'><strong>Σω-</strong></span> 
     </span>
    </p>
   </div>
   <div class='ocr_carea' id='block_1_101' title="bbox 2050 4049 3622 4130">
    <p class='ocr_par' dir='ltr' id='par_1_101' title="bbox 2050 4049 3622 4130">
     <span class='ocr_line' id='line_1_101' title="bbox 2050 4049 3622 4130; baseline -0.007 -18"><span class='ocrx_word' id='word_1_732' title='bbox 2050 4061 2213 4130; x_wconf 80' lang='grc' dir='ltr'>τῆρος</span> <span class='ocrx_word' id='word_1_733' title='bbox 2239 4059 2393 4130; x_wconf 80' lang='grc' dir='ltr'>ἡμῶν</span> <span class='ocrx_word' id='word_1_734' title='bbox 2409 4057 2584 4128; x_wconf 88' lang='grc' dir='ltr'>Ἰησοῦ</span> <span class='ocrx_word' id='word_1_735' title='bbox 2617 4055 2854 4127; x_wconf 76' lang='grc' dir='ltr'>Χριστοῦ</span> <span class='ocrx_word' id='word_1_736' title='bbox 2879 4057 2957 4118; x_wconf 81' lang='grc' dir='ltr'>εἰς</span> <span class='ocrx_word' id='word_1_737' title='bbox 2983 4054 3149 4123; x_wconf 80' lang='grc' dir='ltr'>αὑτὴν</span> <span class='ocrx_word' id='word_1_738' title='bbox 3173 4055 3456 4120; x_wconf 85' lang='grc' dir='ltr'>γεγονυῖαν</span> <span class='ocrx_word' id='word_1_739' title='bbox 3487 4049 3622 4103; x_wconf 79' lang='grc' dir='ltr'>κάθ-</span> 
     </span>
    </p>
   </div>
   <div class='ocr_carea' id='block_1_102' title="bbox 2050 4144 3618 4219">
    <p class='ocr_par' dir='ltr' id='par_1_102' title="bbox 2050 4144 3618 4219">
     <span class='ocr_line' id='line_1_102' title="bbox 2050 4144 3618 4219; baseline -0.007 -16"><span class='ocrx_word' id='word_1_740' title='bbox 2050 4152 2189 4214; x_wconf 82' lang='grc' dir='ltr'>οδον,</span> <span class='ocrx_word' id='word_1_741' title='bbox 2229 4150 2304 4214; x_wconf 82' lang='grc' dir='ltr'>ὡς</span> <span class='ocrx_word' id='word_1_742' title='bbox 2356 4150 2730 4219; x_wconf 85' lang='grc' dir='ltr'>ὑπερέχουσαν</span> <span class='ocrx_word' id='word_1_743' title='bbox 2784 4145 3233 4216; x_wconf 77' lang='grc' dir='ltr'>ὑπερϐαλλόντως</span> <span class='ocrx_word' id='word_1_744' title='bbox 3273 4144 3618 4212; x_wconf 81' lang='grc' dir='ltr'>τιμήσωμεν,</span> 
     </span>
    </p>
   </div>
   <div class='ocr_carea' id='block_1_103' title="bbox 2053 4232 3622 4310">
    <p class='ocr_par' dir='ltr' id='par_1_103' title="bbox 2053 4232 3622 4310">
     <span class='ocr_line' id='line_1_103' title="bbox 2053 4232 3622 4310; baseline -0.006 -16"><span class='ocrx_word' id='word_1_745' title='bbox 2053 4243 2146 4295; x_wconf 78' lang='grc' dir='ltr'><strong>καὶ</strong></span> <span class='ocrx_word' id='word_1_746' title='bbox 2177 4241 2264 4293; x_wconf 82' lang='grc' dir='ltr'>διὰ</span> <span class='ocrx_word' id='word_1_747' title='bbox 2309 4239 2408 4310; x_wconf 77' lang='grc' dir='ltr'><strong>τὴν</strong></span> <span class='ocrx_word' id='word_1_748' title='bbox 2453 4239 2663 4309; x_wconf 83' lang='grc' dir='ltr'>κούφην</span> <span class='ocrx_word' id='word_1_749' title='bbox 2716 4239 2963 4310; x_wconf 86' lang='grc' dir='ltr'>νεφέλην,</span> <span class='ocrx_word' id='word_1_750' title='bbox 3021 4236 3114 4288; x_wconf 73' lang='grc' dir='ltr'><strong>καὶ</strong></span> <span class='ocrx_word' id='word_1_751' title='bbox 3147 4234 3234 4287; x_wconf 84' lang='grc' dir='ltr'>διά</span> <span class='ocrx_word' id='word_1_752' title='bbox 3267 4233 3367 4303; x_wconf 83' lang='grc' dir='ltr'>τὴν</span> <span class='ocrx_word' id='word_1_753' title='bbox 3414 4232 3622 4285; x_wconf 84' lang='grc' dir='ltr'>πτῶσιν</span> 
     </span>
    </p>
   </div>
   <div class='ocr_carea' id='block_1_104' title="bbox 2051 4321 3620 4403">
    <p class='ocr_par' dir='ltr' id='par_1_104' title="bbox 2051 4321 3620 4403">
     <span class='ocr_line' id='line_1_104' title="bbox 2051 4321 3620 4403; baseline -0.007 -19"><span class='ocrx_word' id='word_1_754' title='bbox 2051 4333 2160 4384; x_wconf 82' lang='grc' dir='ltr'><strong>τῶν</strong></span> <span class='ocrx_word' id='word_1_755' title='bbox 2183 4332 2579 4403; x_wconf 85' lang='grc' dir='ltr'>χειροποιήτων</span> <span class='ocrx_word' id='word_1_756' title='bbox 2613 4329 2965 4400; x_wconf 82' lang='grc' dir='ltr'>ἀγαλμάτων.</span> <span class='ocrx_word' id='word_1_757' title='bbox 3005 4325 3141 4379; x_wconf 84' lang='grc' dir='ltr'>Ἀλλ’</span> <span class='ocrx_word' id='word_1_758' title='bbox 3179 4323 3303 4378; x_wconf 72' lang='grc' dir='ltr'>οὔτε</span> <span class='ocrx_word' id='word_1_759' title='bbox 3326 4323 3464 4392; x_wconf 83' lang='grc' dir='ltr'>αῦτη</span> <span class='ocrx_word' id='word_1_760' title='bbox 3500 4321 3620 4390; x_wconf 83' lang='grc' dir='ltr'>δίχα</span> 
     </span>
    </p>
   </div>
   <div class='ocr_carea' id='block_1_105' title="bbox 2053 4413 3622 4492">
    <p class='ocr_par' dir='ltr' id='par_1_105' title="bbox 2053 4413 3622 4492">
     <span class='ocr_line' id='line_1_105' title="bbox 2053 4413 3622 4492; baseline -0.008 -17"><span class='ocrx_word' id='word_1_761' title='bbox 2053 4421 2329 4492; x_wconf 85' lang='grc' dir='ltr'>θαύματος</span> <span class='ocrx_word' id='word_1_762' title='bbox 2355 4417 2445 4492; x_wconf 82' lang='grc' dir='ltr'><strong>ἦν.</strong></span> <span class='ocrx_word' id='word_1_763' title='bbox 2475 4421 2611 4474; x_wconf 84' lang='grc' dir='ltr'>Θεοῦ</span> <span class='ocrx_word' id='word_1_764' title='bbox 2639 4421 2748 4491; x_wconf 82' lang='grc' dir='ltr'><strong>γάρ</strong></span> <span class='ocrx_word' id='word_1_765' title='bbox 2785 4416 3206 4488; x_wconf 85' lang='grc' dir='ltr'>σεσαρκωμένου</span> <span class='ocrx_word' id='word_1_766' title='bbox 3236 4417 3330 4469; x_wconf 72' lang='grc' dir='ltr'><strong>καὶ</strong></span> <span class='ocrx_word' id='word_1_767' title='bbox 3353 4413 3622 4482; x_wconf 79' lang='grc' dir='ltr'>ἐνανθρω-</span> 
     </span>
    </p>
   </div>
   <div class='ocr_carea' id='block_1_106' title="bbox 2053 4503 3619 4584">
    <p class='ocr_par' dir='ltr' id='par_1_106' title="bbox 2053 4503 3619 4584">
     <span class='ocr_line' id='line_1_106' title="bbox 2053 4503 3619 4584; baseline -0.008 -17"><span class='ocrx_word' id='word_1_768' title='bbox 2053 4516 2323 4584; x_wconf 75' lang='grc' dir='ltr'>στήσαντος</span> <span class='ocrx_word' id='word_1_769' title='bbox 2387 4513 2699 4584; x_wconf 72' lang='grc' dir='ltr'>παρουσία,</span> <span class='ocrx_word' id='word_1_770' title='bbox 2751 4511 2833 4574; x_wconf 87' lang='grc' dir='ltr'><strong>τίς</strong></span> <span class='ocrx_word' id='word_1_771' title='bbox 2879 4511 2982 4563; x_wconf 76' lang='grc' dir='ltr'><strong>κᾶν</strong></span> <span class='ocrx_word' id='word_1_772' title='bbox 3031 4508 3262 4580; x_wconf 77' lang='grc' dir='ltr'>ἤμελλεν</span> <span class='ocrx_word' id='word_1_773' title='bbox 3319 4503 3619 4576; x_wconf 78' lang='grc' dir='ltr'>παράδοξον</span> 
     </span>
    </p>
   </div>
   <div class='ocr_carea' id='block_1_107' title="bbox 2055 4597 3628 4676">
    <p class='ocr_par' dir='ltr' id='par_1_107' title="bbox 2055 4597 3628 4676">
     <span class='ocr_line' id='line_1_107' title="bbox 2055 4597 3628 4676; baseline -0.006 -19"><span class='ocrx_word' id='word_1_774' title='bbox 2055 4603 2238 4675; x_wconf 85' lang='grc' dir='ltr'>θαῦμα</span> <span class='ocrx_word' id='word_1_775' title='bbox 2269 4603 2594 4676; x_wconf 78' lang='grc' dir='ltr'>ἐργάζεσθαι</span> <span class='ocrx_word' id='word_1_776' title='bbox 2622 4622 2635 4669; x_wconf 88' lang='grc'><strong>;</strong></span> <span class='ocrx_word' id='word_1_777' title='bbox 2670 4603 2789 4656; x_wconf 77' lang='grc' dir='ltr'>οὑδ”</span> <span class='ocrx_word' id='word_1_778' title='bbox 2847 4597 2911 4655; x_wconf 76' lang='grc' dir='ltr'><strong>αὖ</strong></span> <span class='ocrx_word' id='word_1_779' title='bbox 2942 4601 3100 4654; x_wconf 86' lang='grc' dir='ltr'>πάλιν</span> <span class='ocrx_word' id='word_1_780' title='bbox 3131 4602 3163 4670; x_wconf 87' lang='grc' dir='ltr'><strong>ή</strong></span> <span class='ocrx_word' id='word_1_781' title='bbox 3200 4600 3307 4652; x_wconf 85' lang='grc' dir='ltr'>τῶν</span> <span class='ocrx_word' id='word_1_782' title='bbox 3374 4598 3628 4669; x_wconf 76' lang='grc' dir='ltr'>μεγάλων</span> 
     </span>
    </p>
   </div>
   <div class='ocr_carea' id='block_1_108' title="bbox 2057 4688 3623 4768">
    <p class='ocr_par' dir='ltr' id='par_1_108' title="bbox 2057 4688 3623 4768">
     <span class='ocr_line' id='line_1_108' title="bbox 2057 4688 3623 4768; baseline -0.006 -20"><span class='ocrx_word' id='word_1_783' title='bbox 2057 4696 2408 4768; x_wconf 82' lang='grc' dir='ltr'>πατριαρχῶν</span> <span class='ocrx_word' id='word_1_784' title='bbox 2431 4695 2685 4764; x_wconf 77' lang='grc' dir='ltr'>γεγονυῖα</span> <span class='ocrx_word' id='word_1_785' title='bbox 2709 4693 2930 4758; x_wconf 83' lang='grc' dir='ltr'>κάθοδος</span> <span class='ocrx_word' id='word_1_786' title='bbox 2960 4695 3038 4756; x_wconf 77' lang='grc' dir='ltr'><strong>είς</strong></span> <span class='ocrx_word' id='word_1_787' title='bbox 3061 4692 3228 4761; x_wconf 77' lang='grc' dir='ltr'>αὑτὴν</span> <span class='ocrx_word' id='word_1_788' title='bbox 3257 4692 3385 4744; x_wconf 77' lang='grc' dir='ltr'>ἄνευ</span> <span class='ocrx_word' id='word_1_789' title='bbox 3407 4688 3623 4758; x_wconf 78' lang='grc' dir='ltr'>θαύμασ-</span> 
     </span>
    </p>
   </div>
   <div class='ocr_carea' id='block_1_109' title="bbox 2048 4779 3628 4856">
    <p class='ocr_par' dir='ltr' id='par_1_109' title="bbox 2048 4779 3628 4856">
     <span class='ocr_line' id='line_1_109' title="bbox 2048 4779 3628 4856; baseline -0.014 -5"><span class='ocrx_word' id='word_1_790' title='bbox 2048 4805 2138 4850; x_wconf 81' lang='grc' dir='ltr'>τος</span> <span class='ocrx_word' id='word_1_791' title='bbox 2172 4783 2338 4856; x_wconf 66' lang='grc' dir='ltr'><strong>ἦννὼς</strong></span> <span class='ocrx_word' id='word_1_792' title='bbox 2371 4786 2546 4840; x_wconf 86' lang='grc' dir='ltr'>πείθει</span> <span class='ocrx_word' id='word_1_793' title='bbox 2569 4787 2772 4848; x_wconf 86' lang='grc' dir='ltr'>πάντας</span> <span class='ocrx_word' id='word_1_794' title='bbox 2801 4786 2946 4854; x_wconf 79' lang='grc' dir='ltr'>ἡμᾶς</span> <span class='ocrx_word' id='word_1_795' title='bbox 2980 4785 3014 4854; x_wconf 80' lang='grc' dir='ltr'>ἦ</span> <span class='ocrx_word' id='word_1_796' title='bbox 3045 4800 3103 4836; x_wconf 88' lang='grc' dir='ltr'><strong>τε</strong></span> <span class='ocrx_word' id='word_1_797' title='bbox 3130 4780 3220 4834; x_wconf 83' lang='grc' dir='ltr'><strong>τοῦ</strong></span> <span class='ocrx_word' id='word_1_798' title='bbox 3243 4779 3440 4850; x_wconf 79' lang='grc' dir='ltr'><strong>Φαραὼ</strong></span> <span class='ocrx_word' id='word_1_799' title='bbox 3460 4779 3628 4831; x_wconf 84' lang='grc' dir='ltr'>ὀπτα-</span> 
     </span>
    </p>
   </div>
   <div class='ocr_carea' id='block_1_110' title="bbox 2053 4865 3624 4948">
    <p class='ocr_par' dir='ltr' id='par_1_110' title="bbox 2053 4865 3624 4948">
     <span class='ocr_line' id='line_1_110' title="bbox 2053 4865 3624 4948; baseline -0.006 -18"><span class='ocrx_word' id='word_1_800' title='bbox 2053 4881 2158 4941; x_wconf 83' lang='grc' dir='ltr'>σία,</span> <span class='ocrx_word' id='word_1_801' title='bbox 2192 4879 2260 4948; x_wconf 81' lang='grc' dir='ltr'>ἣν</span> <span class='ocrx_word' id='word_1_802' title='bbox 2298 4873 2433 4932; x_wconf 79' lang='grc' dir='ltr'>εἶδεν</span> <span class='ocrx_word' id='word_1_803' title='bbox 2471 4879 2597 4948; x_wconf 72' lang='grc' dir='ltr'>περὶ</span> <span class='ocrx_word' id='word_1_804' title='bbox 2627 4877 2720 4931; x_wconf 85' lang='grc' dir='ltr'><strong>τοῦ</strong></span> <span class='ocrx_word' id='word_1_805' title='bbox 2755 4875 3002 4946; x_wconf 75' lang='grc' dir='ltr'>Ἀδραάμ</span> <span class='ocrx_word' id='word_1_806' title='bbox 3026 4874 3120 4925; x_wconf 74' lang='grc' dir='ltr'><strong>καὶ</strong></span> <span class='ocrx_word' id='word_1_807' title='bbox 3160 4871 3257 4940; x_wconf 79' lang='grc' dir='ltr'><strong>τῆς</strong></span> <span class='ocrx_word' id='word_1_808' title='bbox 3321 4871 3520 4940; x_wconf 86' lang='grc' dir='ltr'>Σάρας,</span> <span class='ocrx_word' id='word_1_809' title='bbox 3547 4865 3624 4930; x_wconf 80' lang='grc' dir='ltr'>ὡς</span> 
     </span>
    </p>
   </div>
   <div class='ocr_carea' id='block_1_111' title="bbox 2051 4958 3623 5039">
    <p class='ocr_par' dir='ltr' id='par_1_111' title="bbox 2051 4958 3623 5039">
     <span class='ocr_line' id='line_1_111' title="bbox 2051 4958 3623 5039; baseline -0.008 -17"><span class='ocrx_word' id='word_1_810' title='bbox 2051 4969 2107 5022; x_wconf 78' lang='grc' dir='ltr'><strong>δὲ</strong></span> <span class='ocrx_word' id='word_1_811' title='bbox 2164 4969 2258 5022; x_wconf 61' lang='grc' dir='ltr'><strong>καὶ⁵</strong></span> <span class='ocrx_word' id='word_1_812' title='bbox 2299 4970 2436 5039; x_wconf 87' lang='grc' dir='ltr'><strong>μετά</strong></span> <span class='ocrx_word' id='word_1_813' title='bbox 2489 4969 2654 5038; x_wconf 77' lang='grc' dir='ltr'>τιμῆς</span> <span class='ocrx_word' id='word_1_814' title='bbox 2709 4966 3013 5036; x_wconf 63' lang='grc' dir='ltr'>ἐξέπεμψεν</span> <span class='ocrx_word' id='word_1_815' title='bbox 3066 4965 3280 5026; x_wconf 75' lang='grc' dir='ltr'>αὑτοὺς,</span> <span class='ocrx_word' id='word_1_816' title='bbox 3334 4963 3369 5032; x_wconf 80' lang='grc' dir='ltr'>ἦ</span> <span class='ocrx_word' id='word_1_817' title='bbox 3411 4977 3470 5013; x_wconf 84' lang='grc' dir='ltr'><strong>τε</strong></span> <span class='ocrx_word' id='word_1_818' title='bbox 3529 4958 3623 5011; x_wconf 77' lang='grc' dir='ltr'><strong>τοῦ</strong></span> 
     </span>
    </p>
   </div>
   <div class='ocr_carea' id='block_1_112' title="bbox 2065 5047 3624 5130">
    <p class='ocr_par' dir='ltr' id='par_1_112' title="bbox 2065 5047 3624 5130">
     <span class='ocr_line' id='line_1_112' title="bbox 2065 5047 3624 5130; baseline -0.007 -19"><span class='ocrx_word' id='word_1_819' title='bbox 2065 5057 2258 5130; x_wconf 73' lang='grc' dir='ltr'>Ἰωσὴφ</span> <span class='ocrx_word' id='word_1_820' title='bbox 2286 5059 2580 5126; x_wconf 78' lang='grc' dir='ltr'>ἀνάδειξις,</span> <span class='ocrx_word' id='word_1_821' title='bbox 2603 5059 2748 5128; x_wconf 77' lang='grc' dir='ltr'>καὶὴ</span> <span class='ocrx_word' id='word_1_822' title='bbox 2783 5056 2914 5124; x_wconf 77' lang='grc' dir='ltr'>πρὸς</span> <span class='ocrx_word' id='word_1_823' title='bbox 2933 5055 3090 5108; x_wconf 74' lang='grc' dir='ltr'>αὑτὸν</span> <span class='ocrx_word' id='word_1_824' title='bbox 3113 5055 3294 5123; x_wconf 75' lang='grc' dir='ltr'>ἄφιξις</span> <span class='ocrx_word' id='word_1_825' title='bbox 3313 5051 3405 5105; x_wconf 77' lang='grc' dir='ltr'><strong>τοῦ</strong></span> <span class='ocrx_word' id='word_1_826' title='bbox 3429 5047 3624 5112; x_wconf 63' lang='grc' dir='ltr'>Ἰακὼϐ</span> 
     </span>
    </p>
   </div>
   <div class='ocr_carea' id='block_1_113' title="bbox 2127 5299 3654 5382">
    <p class='ocr_par' dir='ltr' id='par_1_113' title="bbox 2127 5299 3654 5382">
     <span class='ocr_line' id='line_1_113' title="bbox 2127 5299 3654 5382; baseline -0.004 -22"><span class='ocrx_word' id='word_1_827' title='bbox 2127 5305 2649 5382; x_wconf 24' lang='lat' dir='ltr'><strong>(5&#39;5)__Zinus‘minus</strong></span> <span class='ocrx_word' id='word_1_828' title='bbox 2678 5303 2939 5382; x_wconf 63' lang='lat' dir='ltr'><strong>distincte</strong></span> <span class='ocrx_word' id='word_1_829' title='bbox 2981 5300 3063 5360; x_wconf 88' lang='lat' dir='ltr'><strong>(ut</strong></span> <span class='ocrx_word' id='word_1_830' title='bbox 3105 5303 3210 5356; x_wconf 86' lang='lat' dir='ltr'><strong>alia</strong></span> <span class='ocrx_word' id='word_1_831' title='bbox 3243 5301 3354 5382; x_wconf 75' lang='lat' dir='ltr'><strong>fere</strong></span> <span class='ocrx_word' id='word_1_832' title='bbox 3411 5299 3654 5382; x_wconf 69' lang='lat' dir='ltr'><strong>inlinita5</strong></span> 
     </span>
    </p>
   </div>
   <div class='ocr_carea' id='block_1_114' title="bbox 2055 5370 3624 5450">
    <p class='ocr_par' dir='ltr' id='par_1_114' title="bbox 2055 5370 3624 5450">
     <span class='ocr_line' id='line_1_114' title="bbox 2055 5370 3624 5450; baseline -0.003 -22"><span class='ocrx_word' id='word_1_833' title='bbox 2055 5370 2177 5444; x_wconf 64' lang='lat' dir='ltr'><strong>quie</strong></span> <span class='ocrx_word' id='word_1_834' title='bbox 2210 5370 2522 5450; x_wconf 81' lang='lat' dir='ltr'><strong>dissimulo)</strong></span> <span class='ocrx_word' id='word_1_835' title='bbox 2551 5385 2793 5430; x_wconf 85' lang='lat' dir='ltr'><strong>verterat</strong></span> <span class='ocrx_word' id='word_1_836' title='bbox 2821 5391 2834 5426; x_wconf 86' lang='lat'><strong>:</strong></span> <span class='ocrx_word' id='word_1_837' title='bbox 2859 5393 2874 5422; x_wconf 85' lang='grc' dir='ltr'><strong>ι</strong></span> <span class='ocrx_word' id='word_1_838' title='bbox 2900 5371 3223 5442; x_wconf 79' lang='lat' dir='ltr'><strong>Quanquam</strong></span> <span class='ocrx_word' id='word_1_839' title='bbox 3238 5370 3428 5450; x_wconf 69' lang='lat' dir='ltr'><strong>eadem</strong></span> <span class='ocrx_word' id='word_1_840' title='bbox 3450 5371 3624 5450; x_wconf 54' lang='lat' dir='ltr'><strong>majo:</strong></span> 
     </span>
    </p>
   </div>
   <div class='ocr_carea' id='block_1_115' title="bbox 2055 5447 3626 5526">
    <p class='ocr_par' dir='ltr' id='par_1_115' title="bbox 2055 5447 3626 5526">
     <span class='ocr_line' id='line_1_115' title="bbox 2055 5447 3626 5526; baseline -0.003 -28"><span class='ocrx_word' id='word_1_841' title='bbox 2055 5461 2221 5514; x_wconf 87' lang='lat' dir='ltr'><strong>raque</strong></span> <span class='ocrx_word' id='word_1_842' title='bbox 2280 5447 2497 5526; x_wconf 78' lang='lat' dir='ltr'><strong>publice</strong></span> <span class='ocrx_word' id='word_1_843' title='bbox 2541 5454 2825 5516; x_wconf 76' lang='lat' dir='ltr'><strong>perspecta</strong></span> <span class='ocrx_word' id='word_1_844' title='bbox 2885 5449 3050 5506; x_wconf 81' lang='lat' dir='ltr'><strong>sunt,</strong></span> <span class='ocrx_word' id='word_1_845' title='bbox 3105 5459 3230 5496; x_wconf 88' lang='lat' dir='ltr'><strong>cum</strong></span> <span class='ocrx_word' id='word_1_846' title='bbox 3281 5447 3382 5494; x_wconf 80' lang='lat' dir='ltr'><strong>viri</strong></span> <span class='ocrx_word' id='word_1_847' title='bbox 3449 5447 3626 5496; x_wconf 79' lang='lat' dir='ltr'><strong>sancti</strong></span> 
     </span>
    </p>
   </div>
   <div class='ocr_carea' id='block_1_116' title="bbox 2057 5516 2807 5572">
    <p class='ocr_par' dir='ltr' id='par_1_116' title="bbox 2057 5516 2807 5572">
     <span class='ocr_line' id='line_1_116' title="bbox 2057 5516 2807 5572; baseline 0.003 -6"><span class='ocrx_word' id='word_1_848' title='bbox 2057 5516 2332 5570; x_wconf 73' lang='lat' dir='ltr'><strong>revocatio</strong></span> <span class='ocrx_word' id='word_1_849' title='bbox 2357 5516 2628 5572; x_wconf 80' lang='lat' dir='ltr'><strong>celebrata</strong></span> <span class='ocrx_word' id='word_1_850' title='bbox 2657 5525 2756 5570; x_wconf 80' lang='lat' dir='ltr'><strong>est.</strong></span> <span class='ocrx_word' id='word_1_851' title='bbox 2791 5533 2807 5564; x_wconf 81' lang='grc' dir='ltr'><strong>ι</strong></span> 
     </span>
    </p>
   </div>
  </div>
