4042 6156
354 215 502 280 3325

1906 221 1946 279 Υ
1957 220 2076 279 lTA
2089 265 2102 278 .

3483 212 3627 276 2336

361 324 593 381 καὶτῶν
629 324 754 378 οίῶν
787 323 973 378 αὑτοῦ.
1005 318 1152 395 Ἆρα
1184 325 1442 380 τοιούτων
1506 327 1606 397 μὲν
1637 327 1792 381 αύτοὶ
1827 347 1954 399 μετ-

2061 326 2166 382 sint
2189 325 2492 389 miraculis,
2519 338 2747 394 magnus
2769 330 2951 378 autem
2977 321 3278 393 Eutychius
3300 337 3495 391 expers
3519 323 3626 378 fuit

361 417 521 485 ἑσχον
551 415 869 484 θαυμὰτων,
908 416 936 467 ό
970 413 1026 466 δὲ
1074 413 1244 484 μέγας
1278 441 1290 458 κ
1309 417 1654 486 πατριάρχης
1688 417 1948 487 Εὐτύχιος

363 506 617 574 ἠπονὼθη
639 506 737 574 τῆς
755 505 979 559 ἐκείνων
997 505 1432 575 θαυματοποιίας
1455 526 1469 571 ;
1493 507 1760 578 Οὐδαμῶς
1777 526 1790 540 ο
1814 509 1948 562 ἀλλὰ

367 598 468 650 καὶ
494 597 647 650 τοῦτο
686 597 960 667 παρέσχεν
982 596 1131 668 αὐτῷ
1151 599 1179 650 ὁ
1202 599 1451 669 τεχνίτης
1491 600 1586 652 καὶ
1616 601 1949 671 δημιουργὸς

360 687 752 758 Θτός.⁹16ωμεν
767 689 823 741 δὲ
848 691 976 742 ποῖα
993 690 1087 740 καὶ
1105 688 1226 742 τίνα
1239 689 1435 753 ταῦτα,
1459 690 1552 743 καὶ
1570 691 1778 745 πολλῶν
1793 691 1952 760 ὀλίγα

366 779 868 849 μνημονεύσωμεν,
909 778 1054 848 ἆπερ
1101 779 1195 833 καὶ
1252 781 1444 850 ίδαμεν
1479 782 1573 834 καὶ
1611 783 1946 852 ἠκούσαμεν,

363 871 463 922 xz‘t
489 870 544 922 αἱ
576 871 755 938 χεῖρες
785 869 942 940 ήμῶν
982 869 1339 941 ἐψηλάφησαν
1362 911 1378 937 ,
1420 872 1513 924 καὶ⁸
1549 872 1692 943 ἅπερ
1729 873 1950 943 ἑώρακα

366 962 649 1032 μαρτυρῶ.
687 962 745 1015 Ὀ
779 964 886 1032 γὰρ
908 961 1078 1015 είπών
1102 980 1117 994 ο
1161 981 1179 1014 ι
1201 963 1258 1016 ⁸0
1289 965 1562 1019 πιστεύων
1595 967 1676 1029 είς
1712 967 1836 1036 ἐμὲ,
1881 969 1951 1021 τὰ

363 1052 525 1121 ἔργα,
558 1051 593 1105 ἃ.
622 1052 734 1119 ἐγὼ
774 1052 933 1116 ποιῶ,
969 1059 1066 1106 καὶ
1095 1053 1304 1116 ἐκεῖνος
1330 1056 1571 1124 ποιήσει,
1622 1056 1719 1110 καὶ
1751 1072 1948 1126 περισο

368 1143 565 1211 σότερα
590 1144 795 1196 τούτων
832 1145 1088 1214 ποιήσει·
1118 1164 1136 1197 ι
1178 1146 1273 1198 καὶ
1298 1188 1312 1209 ,
1354 1165 1373 1200 ι
1425 1147 1735 1218 Ἐὰν,ἔχητε
1767 1148 1951 1216 πίστιν

365 1233 450 1297 ὡς
478 1234 672 1288 κόκκον
705 1236 998 1301 σινάπεως,
1021 1237 1196 1307 ἐρεῖτε
1224 1237 1300 1309 τῷ
1321 1240 1438 1309 δρει
1461 1238 1659 1309 τούτῳ,
1692 1238 1946 1308 Ἀρθητι,

367 1331 467 1382 καὶ
487 1329 707 1400 βλήθητι
738 1332 818 1394 είς
833 1330 928 1402 τὴν
942 1331 1236 1396 θάλασσαν,
1262 1333 1354 1386 καὶ
1377 1333 1672 1404 γενήσεται
1691 1330 1866 1395 οὕτως
1884 1349 1896 1362 ·
1924 1350 1942 1382 ι

370 1420 533 1484 αὐτὸς
589 1421 820 1476 δέδωκεν
877 1421 953 1494 τῷ
1013 1421 1208 1476 ἑαυτοῖ
1265 1423 1560 1494 θεράποντι
1629 1423 1950 1494 χαρίσματα

371 1512 634 1581 ἰαμάτων,
664 1515 852 1580 νόσους
913 1516 1256 1586 θεραπεύειν,
1304 1517 1397 1570 καὶ
1443 1516 1706 1586 δαίμονας
1750 1514 1950 1570 ὲκσάλ-

371 1621 505 1660 δ.ειν.

2054 416 2364 472 istiusmodi
2412 415 2636 486 gratiae?
2685 415 3041 484 Nequaquam
3079 431 3091 465 :
3133 413 3228 466 sed
3279 413 3420 468 hanc
3455 424 3620 468 etiam

2052 507 2104 560 ei
2139 505 2414 561 concessit
2435 519 2618 559 rerum
2641 503 2872 558 effector
2896 504 3038 557 Deus
3060 520 3072 555 :
3093 518 3214 572 quae
3236 501 3418 571 qualia
3445 519 3622 572 quan-

2057 607 2217 666 taque
2249 597 2476 662 fuerint,
2523 597 2714 651 multis
2767 595 3008 656 omissis,
3041 594 3326 649 videamus
3361 613 3374 649 :
3412 593 3516 663 ipsi
3547 595 3626 649 si-

2054 688 2276 758 quidem
2315 704 2378 743 ea
2414 689 2816 758 perspeximus,
2857 695 2912 741 et
2958 685 3304 752 audivimus;
3339 695 3397 740 et
3432 700 3627 740 manus

2054 789 2256 835 nostra:
2284 789 2791 845 contrectaverunt,
2825 789 2880 834 et
2911 795 3032 849 quae
3066 779 3307 833 vidimus
3337 787 3622 832 testamur.

2053 872 2156 939 Qui
2205 875 2354 927 enim
2398 873 2580 928 dixit:
2621 872 2765 938 «Qui
2806 872 2983 926 cred.t
3030 872 3084 924 in
3137 887 3245 935 me,
3294 886 3461 940 opera
3504 886 3626 940 quae

2051 982 2154 1035 ego
2201 965 2364 1028 facio,
2421 976 2478 1020 et
2533 966 2647 1035 ipse
2703 965 2883 1029 faciet,
2943 973 2997 1018 et
3053 965 3257 1034 majora
3303 965 3499 1017 horum
3544 964 3625 1017 fa-

2053 1057 2162 1111 ciet
2197 1056 2272 1122 “;
2311 1076 2328 1110 ι
2381 1066 2435 1111 et
2471 1075 2483 1110 :
2521 1076 2538 1108 ι
2577 1056 2634 1110 Si
2666 1055 2974 1110 habueritis
3014 1054 3174 1110 fidem
3219 1055 3366 1108 sicut
3395 1069 3625 1124 granum

2055 1148 2282 1217 sinapis,
2317 1147 2515 1203 dicetis
2571 1147 2702 1201 huic
2751 1146 2948 1210 monti,
2998 1146 3189 1200 tollere
3219 1153 3275 1198 et
3317 1144 3534 1199 mittere
3571 1145 3625 1196 in

2055 1256 2226 1306 mare,
2283 1250 2340 1295 et
2384 1239 2479 1295 fiet
2518 1241 2592 1294 ita
2634 1241 2711 1305 ‘7;
2749 1257 2767 1291 ι
2803 1239 2918 1308 ipse
2967 1237 3120 1293 dedit
3170 1252 3329 1292 servo
3361 1252 3460 1290 suo
3501 1250 3626 1305 gra-

2054 1336 2188 1390 tiam
2237 1335 2554 1399 sanitatum,
2597 1342 2657 1388 nt
2713 1332 2939 1387 morbos
2985 1341 3203 1386 curaret
3249 1338 3306 1386 et
3353 1330 3626 1385 dmmones

2053 1429 2300 1500 ejiceret.
2345 1473 2368 1502 ,

1843 1871 2067 1930 CAPUT
2105 1871 2195 1927 Vl.

1225 2006 1383 2064 Varia
1427 2009 1687 2064 miracula
1720 2028 1751 2064 a
1775 2020 1958 2064 sancto
1984 2011 2243 2081 Eutychio
2269 2009 2510 2063 Amasea:
2549 2011 2788 2074 patrata.

445 2145 547 2218 μδ.
580 2147 802 2218 Ἐπειδὴ
851 2148 944 2202 καὶ
992 2152 1419 2222 συναμφοτέρων
1463 2151 1619 2224 χρεία
1671 2153 1806 2223 πρὸς
1861 2154 1958 2216 τὰς

2132 2154 2220 2208 il.
2261 2147 2654 2206 Curationibus
2681 2141 2982 2200 efﬁciendis
3030 2139 3402 2195 necessarium
3433 2147 3518 2224 est
3571 2147 3632 2194 ut

377 2239 544 2301 ἰάσεις
561 2238 760 2308 (ῃ),κα“ι
774 2240 872 2309 τῆς
883 2240 992 2293 τῶν
1013 2240 1465 2312 θεραπευομένων
1486 2245 1738 2308 πίστεως,
1752 2245 1952 2314 καὶτῆς

373 2329 468 2382 τοῦ
502 2328 892 2401 θεραπεύοντος
914 2332 1196 2403 δυνάμεως
1216 2351 1229 2363 ·
1248 2334 1340 2387 τοῦ
1360 2335 1468 2405 γὰρ
1490 2335 1606 2397 ἐνὸς
1626 2335 1951 2399 ἐλλίποντος,

373 2420 472 2472 ούκ
499 2421 788 2490 ἐνεργήσει
814 2421 873 2474 τὸ
898 2421 1102 2494 ἕτερον,
1137 2423 1329 2494 ὥσπερ
1356 2425 1414 2477 τὸ
1447 2423 1684 2494 ἔμπαλιν
1712 2427 1819 2481 τῶν
1861 2427 1954 2480 δύο

374 2511 782 2581 συντρεχόντων
816 2514 1078 2584 ἑκάτερον
1099 2517 1330 2583 ἐνεργεῖ.
1353 2518 1491 2586 Φησὶ
1521 2515 1576 2570 δὲ
1600 2518 1627 2568 ὁ
1673 2518 1956 2584 εὐαγγελι-

375 2601 505 2670 στὴς
534 2603 660 2673 περὶ
687 2604 781 2656 τοῦ
813 2604 1012 2676 Κυρίου
1038 2644 1053 2667 ,
1088 2607 1169 2659 ὅτι
1207 2626 1224 2658 ι
1259 2605 1376 2661 Ούκ
1431 2607 1661 2676 ἠδύνατο
1694 2611 1810 2662 ἐκεῖ
1859 2626 1956 2678 ση-

376 2688 506 2756 μεῖα
534 2687 780 2757 ποιῆσαι,
807 2689 894 2744 διὰ
923 2691 1017 2763 τὴν
1045 2694 1301 2748 ἀπιστίαν
1340 2696 1520 2748 αὐτῶν
1543 2713 1556 2724 ³
1585 2716 1602 2748 ι
1629 2697 1802 2766 δηλῶν
1826 2739 1840 2762 ,
1875 2699 1956 2751 ὅτι

370 2779 490 2831 ὅσοι
523 2781 732 2844 πιστῶς
767 2783 1135 2856 προσέτρεχον
1169 2787 1246 2855 τῷ
1279 2787 1456 2857 ἀνδρὶ,
1485 2781 1632 2842 οὗτοι
1667 2791 1761 2842 καὶ
1797 2791 1956 2844 πλέον

375 2873 628 2940 μετεῖχον
677 2873 779 2942 τῆς
835 2875 1052 2945 χάριτος
1086 2893 1100 2906 ·
1153 2877 1334 2931 πάντα
1371 2878 1480 2949 γὰρ
1508 2879 1708 2933 δυνατὰ
1753 2881 1830 2949 τῷ
1865 2900 1956 2934 πι-

372 2962 622 3016 ovatio-nt
651 2965 953 3036 προδήλως,
987 2967 1061 3031 ὡς
1093 2970 1186 3022 καὶ
1217 2970 1409 3024 τούτου
1460 2971 1809 3042 ἐνδεδυμένον
1844 2975 1946 3043 τὴν

373 3053 623 3106 δοθεῖσαν
656 3055 804 3124 αύτῷ
836 3058 988 3127 παρὰ
1015 3057 1107 3110 τοῦ
1155 3063 1364 3131 Πατρὸς
1407 3063 1516 3116 τῶν
1551 3063 1745 3131 φώτων
1803 3065 1960 3120 δυνα-

376 3145 604 3212 μσποιδν
642 3146 892 3214 δύναμιν.
926 3149 1192 3219 Ἀρξομαι
1219 3151 1278 3204 δὲ
1327 3152 1576 3206 ἐντεῦθεν
1608 3169 1625 3186 ο
1654 3155 1821 3224 κάμοὶ
1861 3155 1957 3226 τὴν

377 3237 550 3308 ἀκοὴν
585 3238 932 3305 ὑποκλίνατε,
960 3242 1071 3295 ὅσοι
1124 3245 1365 3312 τρυφᾶτε
1417 3245 1525 3299 τῶν
1576 3245 1833 3299 τοιούτων
1878 3249 1956 3301 δι-

375 3331 702 3398 ηγημάτων.
739 3332 904 3385 Πόθεν
932 3329 1024 3387 οὖν
1055 3335 1275 3406 ἄμεινον
1309 3337 1340 3406 ἢ
1374 3338 1435 3388 ἐκ
1461 3339 1613 3390 ποίου
1641 3339 1947 3408 παραδόξου

377 3424 487 3491 χρὴ
518 3423 786 3491 ἄρξασθαι
852 3426 1230 3496 χαρίσματοςς
1278 3427 1482 3492 Ἀξιον,
1525 3429 1600 3492 ὡς
1644 3425 1818 3498 οἶμαι,
1852 3430 1956 3484 κᾶν

378 3514 433 3562 εἱ
464 3513 869 3584 προτερεύωσιν
897 3517 1060 3587 ἕτερα
1085 3517 1361 3587 θαύματα,
1395 3518 1603 3572 ἐνθένδε
1631 3520 1959 3589 ποιήσασθαι
1987 3494 2032 3555 C

378 3603 479 3670 τὴν
509 3602 783 3673 διήγησιν.

457 3699 563 3761 με’.
604 3693 952 3764 ’Δνδρόγυνον
979 3691 1045 3767 ἦν
1072 3698 1130 3750 ὲν
1175 3698 1464 3770 ’Λμασείςι,
1497 3700 1560 3752 ὲκ
1589 3701 1824 3770 νομίμου
1862 3699 1964 3768 γά-

385 3800 490 3852 μου
533 3788 994 3857 συνηρμοσμένον.
1035 3788 1192 3842 τοῦτο
1242 3789 1514 3860 διαφόρως
1545 3791 1956 3862 παιδοποιῆσαν,

385 3875 768 3946 ἀπετύγχανεν
790 3880 868 3942 εἰς
898 3880 966 3932 τὰ
995 3880 1286 3950 τικτόμενα
1315 3879 1495 3950 βρέφη
1523 3899 1535 3911 ·
1569 3881 1676 3952 πρὸ
1717 3881 1810 3934 τοῦ
1853 3883 1962 3951 γὰρ

389 3965 577 4034 σχεδὸν
624 3970 686 4021 ὲκ
753 3970 990 4038 γαστρὸς
1051 3971 1190 4024 αὐτὰ
1245 3971 1552 4043 προελθεῖν,
1586 3973 1965 4043 ἀνηρπάζοντο

386 4057 584 4126 ἄωρα,
633 4059 825 4122 πένθος
878 4060 1309 4131 ἀπαραμύθητον
1371 4063 1482 4123 τοῖς
1547 4062 1763 4129 γονεῦσι
1829 4079 1967 4132 παρ-

387 4152 579 4222 έχοντα
598 4195 610 4214 ,
631 4150 820 4204 καθότι
834 4151 930 4214 τὰς
955 4151 1052 4220 μὲν
1082 4151 1269 4216 ὀδύνας
1291 4153 1578 4222 ὑπέμενον,
1602 4151 1697 4223 τῆς
1723 4152 1776 4206 δὲ
1791 4155 1968 4225 χαρᾶς

383 4246 450 4298 ού
483 4247 748 4315 μετεῖχον.
774 4245 838 4296 Τί
859 4241 951 4298 οὖν
977 4245 1250 4312 ποιοῦσιν;
1278 4245 1624 4300 Βουλεύονται
1649 4247 1715 4300 τὰ
1755 4247 1964 4316 συμφέ-

391 4353 572 4407 ροντα,
610 4335 1048 4405 καταφεύγουσιν
1082 4338 1173 4390 ἐπὶ
1206 4338 1296 4390 τὸν
1343 4339 1474 4391 Θεὸν
1531 4339 1829 4408 δυνάμενον
1874 4339 1968 4392 καὶ

384 4428 475 4480 διὰ
504 4426 610 4478 τῶν
645 4425 848 4480 δούλων
871 4427 1034 4480 αὑτοῦ
1065 4427 1397 4498 ζωοποιῆσαι
1425 4430 1552 4492 τοὺς
1575 4428 1800 4498 νεκρούς
1831 4447 1842 4459 ⁸
1874 4447 1965 4498 μι-

394 4516 618 4585 μοῦνται
647 4521 748 4586 τὴν
785 4519 840 4570 ἐν
871 4517 1168 4588 Σαρεφθοίς
1199 4522 1391 4588 χήραν,
1425 4517 1492 4591 ἦς
1519 4520 1612 4572 τὸν
1645 4520 1759 4571 υἱὸν
1785 4520 1967 4584 Ἠλίας

387 4609 686 4679 ἀνέστησεν
715 4626 729 4639 ·
764 4609 1057 4678 μιμοῦνται
1089 4611 1184 4682 τὴν
1245 4613 1623 4682 Σουναμίτιδα,
1661 4613 1781 4682 ἥτις
1812 4613 1968 4684 ἔδρα·

391 4719 495 4771 μεν
529 4703 661 4772 πρὸς
693 4702 783 4754 τὸν
818 4703 1138 4767 Ἐλισσαῖον,
1170 4704 1264 4756 τοῦ
1307 4705 1503 4776 νεκροῦ
1564 4705 1732 4775 αὐτῆς
1781 4705 1967 4774 κειμέ-

387 4809 482 4843 νου
520 4793 574 4842 ἐν
607 4792 685 4862 τῷ
734 4791 969 4862 ὑπερῴῳ
1004 4793 1295 4864 ’ἔρχονται
1336 4796 1430 4847 καὶ
1479 4796 1634 4848 αὐτοὶ
1690 4795 1825 4865 πρὸς
1877 4795 1970 4848 τὸν

2059 2241 2431 2300 curandorum
2482 2237 2618 2292 fides
2647 2233 2791 2290 adsit
2821 2239 2878 2287 et
2908 2229 3224 2287 curantium
3270 2211 3449 2283 virtus
3478 2246 3491 2281 :
3530 2229 3630 2283 ho-

2059 2346 2181 2385 rum
2231 2329 2464 2383 alterum
2491 2325 2538 2380 si
2591 2321 2850 2386 defuerit,
2909 2319 3048 2373 nihil
3081 2318 3329 2388 proderit
3359 2318 3628 2382 alterum;

2059 2429 2285 2476 econtra
2317 2433 2452 2474 vero
2472 2425 2789 2484 utrumque,
2825 2418 3190 2480 concurrente
3227 2419 3482 2478 utroque,
3505 2424 3634 2478 ope-

2060 2520 2232 2566 ratur.
2265 2511 2394 2565 ldco
2425 2507 2762 2577 evangelista
2791 2506 2860 2560 de
2894 2505 3126 2558 Domino
3153 2503 3386 2572 loquens
3422 2520 3434 2555 :
3469 2522 3486 2552 ι
3514 2503 3632 2558 Non

2061 2610 2297 2672 poterat,
2353 2598 2552 2668 inquit,
2605 2596 2729 2652 istic
2783 2595 2951 2648 multa
2984 2593 3135 2664 signa
3171 2592 3371 2656 facere,
3407 2599 3634 2661 propter

2061 2694 2280 2748 illorum
2335 2689 2780 2750 incredulitatem
2823 2686 2890 2740 ⁸⁸.
2925 2706 2942 2737 ι
2978 2684 3118 2738 llinc
3164 2684 3329 2739 etiam
3383 2684 3633 2751 quicum

2061 2783 2166 2835 fide
2208 2781 2276 2835 ad
2325 2781 2506 2834 virum
2569 2780 2718 2833 hunc
2776 2785 3027 2832 sanctum
3083 2773 3440 2837 accedebant,
3514 2773 3638 2842 plus

2059 2874 2247 2943 gratiae
2290 2871 2656 2940 accipiebant,
2693 2885 2818 2924 cum
2849 2869 3033 2924 omnia
3071 2866 3352 2936 possibilia
3385 2866 3637 2919 sintcre-

2060 2966 2244 3029 denti;
2277 2974 2332 3019 et
2375 2964 2489 3032 ipse
2537 2972 2685 3017 esset
2735 2962 3019 3018 accinctus
3055 2959 3254 3016 tradita
3287 2959 3389 3013 sibi
3421 2974 3450 3011 a
3478 2958 3639 3011 Patre

2061 3056 2334 3110 luminum
2371 3054 2567 3124 gratia.
2603 3053 2870 3108 Exordiar
2921 3051 3086 3122 igitur
3129 3067 3160 3105 a
3215 3048 3636 3104 curationibus:

2061 3163 2160 3202 vos
2209 3147 2302 3216 qui
2349 3146 2622 3216 ejusmodi
2672 3143 3086 3198 narrationibus
3143 3139 3513 3201 delectamini,
3555 3146 3640 3192 at-

2065 3239 2292 3294 tendite.
2338 3239 2444 3293 Sed
2502 3238 2670 3303 unde,
2719 3245 2815 3292 aut
2866 3253 2894 3290 a
2931 3252 3037 3304 qua
3084 3233 3257 3305 gratia
3313 3230 3638 3286 sumendum

2062 3331 2278 3385 initium
2323 3332 2441 3385 est?
2488 3332 2626 3384 Sunt
2674 3329 2898 3398 quidem
2949 3327 3332 3398 praestantiora
3379 3323 3642 3379 miracula

2058 3422 2185 3487 alia,
2220 3422 2290 3476 ab
2332 3422 2438 3476 hoc
2485 3431 2670 3476 tamen
2725 3418 3101 3490 incipiendum
3134 3418 3409 3473 existimo.

2137 3695 2225 3751 45.
2267 3695 2400 3750 Erat
2435 3695 2488 3749 in
2524 3693 2659 3749 urbe
2683 3693 2913 3748 Amasea
2940 3693 3051 3759 (54)
3082 3707 3180 3761 par
3207 3689 3480 3760 quoddam
3516 3706 3646 3744 cons

2060 3789 2272 3858 jugum,
2323 3787 2582 3856 legitimis
2617 3787 2821 3854 nuptiis
2855 3783 3194 3853 cepulatum,
3235 3783 3329 3850 qui
3360 3798 3483 3836 cum
3523 3780 3648 3834 filiis

2068 3878 2428 3948 procreandis
2472 3878 2668 3932 crebro
2697 3877 2895 3931 darent
2937 3891 3185 3944 operam,
3240 3873 3647 3927 frustrabantur

2067 3970 2266 4025 effectu
2319 3987 2334 4032 ;
2384 3969 2707 4033 infantibus,
2759 3968 2911 4038 prius
2957 3967 3074 4021 fere
3113 3981 3276 4035 quam
3324 3965 3390 4019 de
3457 3974 3646 4017 ventre

2067 4061 2334 4125 exirent,
2415 4061 2706 4115 immature
2782 4059 3148 4114 morientibus
3183 4098 3196 4121 ,
3282 4066 3648 4126 parentesque

2069 4167 2267 4223 magno
2307 4167 2546 4206 mmrore
2580 4149 2967 4212 aflicientibus,
3010 4149 3140 4219 quia
3175 4148 3394 4202 dolores
3425 4147 3647 4218 quidem

2070 4243 2476 4307 sustinuerunt,
2514 4241 2712 4312 gaudio
2739 4249 2924 4296 autem
2958 4239 3158 4310 privati
3208 4246 3358 4293 sunt.
3387 4237 3527 4304 Quid
3554 4238 3652 4308 igi-

2074 4345 2165 4390 tur
2210 4334 2452 4389 faciunt?
2484 4335 2628 4390 Utile
2674 4334 2967 4389 consilium
3013 4333 3284 4403 capiunt:
3330 4329 3652 4400 confugiunt

2069 4428 2138 4482 ad
2196 4428 2390 4489 Deum,
2427 4428 2521 4496 qui
2576 4436 2826 4480 mortuos
2873 4427 3039 4480 etiam
3073 4433 3253 4496 potest
3306 4438 3562 4477 revocare
3596 4421 3649 4474 in

2069 4519 2238 4573 vitam
2281 4534 2377 4588 per
2411 4533 2602 4572 servos
2629 4533 2780 4572 suos.
2808 4517 3097 4571 Imitantur
3130 4515 3349 4569 viduam
3403 4513 3652 4580 Sarepta-

2071 4627 2218 4676 nam,
2251 4611 2410 4680 cujus
2466 4609 2637 4662 filium
2691 4610 2838 4663 Elias
2881 4609 3168 4662 suscitavit
3207 4625 3219 4659 :
3253 4604 3650 4661 Sunamitidem

2073 4702 2386 4765 imitantur,
2417 4717 2540 4770 quae
2589 4701 2837 4755 cucurrit
2887 4701 2952 4755 ad
3006 4700 3284 4758 Elisaeum,
3333 4713 3456 4750 cum
3509 4694 3654 4747 filius

2073 4795 2194 4864 ejus
2247 4795 2301 4848 in
2333 4795 2622 4848 cmnaculo
2659 4795 2870 4864 jaccrct
2907 4801 3177 4847 mortuus.
3226 4787 3561 4857 Confugiunt
3597 4795 3654 4840 et

389 4884 660 4952 μακάριον
681 4924 696 4948 ,
728 4884 1172 4954 παρακαλοῦντες
1199 4887 1362 4956 εὐχὴν
1391 4887 1572 4950 αὐτοῖς
1605 4885 1964 4957 χαρίσασθαι,

2075 4887 2174 4957 ipsi
2214 4889 2279 4942 ad
2328 4889 2551 4944 beatum
2609 4887 2826 4942 virum.-
2863 4885 3207 4957 supplicant,
3256 4882 3511 4953 precibus
3539 4878 3654 4934 suis

467 5065 687 5120 “Joan.
723 5082 830 5130 xw,
867 5067 932 5119 f2
1030 5065 1072 5096 "
1109 5065 1295 5118 Matth.
1343 5064 1564 5127 xvn,l9.

462 5245 536 5315 (υ)
569 5245 625 5301 1η
645 5245 918 5317 ccgrapho
949 5245 1207 5302 scribitur
1233 5243 1562 5314 προστασίας
1594 5243 1692 5304 εἰς.

472 5403 577 5468 (5f)
627 5404 799 5460 Zinns
845 5407 1041 5469 vertit,
1096 5424 1112 5454 ι
1160 5404 1516 5474 Androgynus
1563 5403 1959 5474 eratlegitima

400 5477 910 5553 uxorecopulatus:
944 5496 960 5526 ι
1003 5476 1055 5530 in
1079 5476 1265 5531 Graeco
1294 5471 1434 5529 clare
1474 5482 1558 5528 cst
1596 5471 1950 5553 'fivapéyuvw

403 5558 506 5596 non
571 5543 911 5614 ’Λδρόγυνος,
945 5555 999 5600 ct
1039 5554 1228 5598 (uetera
1264 5543 1674 5614 consequenti”
1730 5543 1783 5596 in
1819 5559 1951 5597 ncu-

400 5617 483 5664 ιω
517 5617 574 5667 ἐκ
602 5614 833 5684 νομίμου
871 5618 1043 5686 γάμου
1073 5615 1510 5684 συνηρμοσμένον
1543 5628 1554 5640 ·
1598 5613 1657 5667 ἰιι
1694 5624 1948 5683 appareat

1642 5061 1686 5092 ⁸⁸
1711 5061 1900 5116 Matth.
1935 5079 2047 5127 XIII,
2080 5063 2169 5117 58.
2387 5069 2412 5080 “

2072 5421 2178 5460 non
2213 5407 2489 5477 geminum
2520 5407 2574 5461 in
2609 5423 2714 5460 una
2749 5402 2995 5476 persona
3049 5421 3281 5477 sexum,
3321 5405 3436 5477 sed
3484 5403 3658 5476 gelati»

2061 5491 2183 5555 nam
2227 5475 2529 5545 personam
2598 5475 2890 5546 significari
2961 5493 3068 5530 uno
3130 5475 3479 5531 matrimonio
3529 5490 3659 5528 cott-

2053 5557 2317 5615 Juuclatu.
