  <div class='ocr_page' id='page_1' title='image "/cluster/home/n/w/nwhite01/storage/ocr_20150623/86:2/hvd.32044054112354/291.png"; bbox 0 0 4042 6156; ppageno 0'>
   <div class='ocr_carea' id='block_1_1' title="bbox 424 207 562 270">
    <p class='ocr_par' dir='ltr' id='par_1_1' title="bbox 424 207 562 270">
     <span class='ocr_line' id='line_1_1' title="bbox 424 207 562 270; baseline 0 -2"><span class='ocrx_word' id='word_1_1' title='bbox 424 207 562 270; x_wconf 63' lang='grc' dir='ltr'><strong>ΞἿΞἹ</strong></span> 
     </span>
    </p>
   </div>
   <div class='ocr_carea' id='block_1_2' title="bbox 1503 211 2653 312">
    <p class='ocr_par' dir='ltr' id='par_1_2' title="bbox 1503 211 2653 312">
     <span class='ocr_line' id='line_1_2' title="bbox 1503 211 2653 312; baseline 0.005 -40"><span class='ocrx_word' id='word_1_2' title='bbox 1503 213 1560 272; x_wconf 92' lang='lat' dir='ltr'><strong>S.</strong></span> <span class='ocrx_word' id='word_1_3' title='bbox 1600 211 1966 272; x_wconf 86' lang='lat' dir='ltr'><strong>EUTYCHII</strong></span> <span class='ocrx_word' id='word_1_4' title='bbox 2007 213 2508 276; x_wconf 54' lang='lat' dir='ltr'><strong>PATRIARCILE</strong></span> <span class='ocrx_word' id='word_1_5' title='bbox 2549 219 2653 312; x_wconf 57' lang='grc' dir='ltr'>(ξι).</span> 
     </span>
    </p>
   </div>
   <div class='ocr_carea' id='block_1_3' title="bbox 3543 219 3680 285">
    <p class='ocr_par' dir='ltr' id='par_1_3' title="bbox 3543 219 3680 285">
     <span class='ocr_line' id='line_1_3' title="bbox 3543 219 3680 285; baseline -0.015 -45"><span class='ocrx_word' id='word_1_6' title='bbox 3543 219 3602 250; x_wconf 45' lang='grc' dir='ltr'><strong>’κὴ</strong></span> 
     </span>
     <span class='ocr_line' id='line_1_4' title="bbox 3543 265 3644 282; baseline 0.01 -2"><span class='ocrx_word' id='word_1_7' title='bbox 3543 269 3584 282; x_wconf 68' lang='grc' dir='ltr'><strong>υ.</strong></span> <span class='ocrx_word' id='word_1_8' title='bbox 3597 269 3602 278; x_wconf 83' lang='grc' dir='ltr'><strong><em>ι</em></strong></span> <span class='ocrx_word' id='word_1_9' title='bbox 3615 265 3644 281; x_wconf 65' lang='grc' dir='ltr'><em>Α</em></span> 
     </span>
    </p>
   </div>
   <div class='ocr_carea' id='block_1_4' title="bbox 3541 265 3644 282">
    <p class='ocr_par' dir='ltr' id='par_1_4' title="bbox 3541 265 3644 282">
     <span class='ocr_line' id='line_1_5' title="bbox 3541 265 3644 282; baseline 0 -1"><span class='ocrx_word' id='word_1_10' title='bbox 3541 265 3644 282; x_wconf 59' lang='lat' dir='ltr'><strong>Quid</strong></span> 
     </span>
    </p>
   </div>
   <div class='ocr_carea' id='block_1_5' title="bbox 428 321 1998 402">
    <p class='ocr_par' dir='ltr' id='par_1_5' title="bbox 428 321 1998 394">
     <span class='ocr_line' id='line_1_6' title="bbox 428 321 1998 394; baseline -0.002 -14"><span class='ocrx_word' id='word_1_11' title='bbox 428 329 704 394; x_wconf 86' lang='lat' dir='ltr'><strong>impetret,</strong></span> <span class='ocrx_word' id='word_1_12' title='bbox 741 332 802 380; x_wconf 92' lang='lat' dir='ltr'><strong>ut</strong></span> <span class='ocrx_word' id='word_1_13' title='bbox 847 325 1088 380; x_wconf 74' lang='lat' dir='ltr'><strong>infantes</strong></span> <span class='ocrx_word' id='word_1_14' title='bbox 1137 323 1241 380; x_wconf 86' lang='lat' dir='ltr'><strong>sibi</strong></span> <span class='ocrx_word' id='word_1_15' title='bbox 1281 333 1578 378; x_wconf 87' lang='lat' dir='ltr'><strong>nascantur</strong></span> <span class='ocrx_word' id='word_1_16' title='bbox 1606 322 1847 378; x_wconf 83' lang='lat' dir='ltr'><strong>vivaces.</strong></span> <span class='ocrx_word' id='word_1_17' title='bbox 1899 321 1998 377; x_wconf 86' lang='lat' dir='ltr'><strong>llic</strong></span> 
     </span>
    </p>
   </div>
   <div class='ocr_carea' id='block_1_6' title="bbox 2100 321 3682 402">
    <p class='ocr_par' dir='ltr' id='par_1_6' title="bbox 2100 326 3682 402">
     <span class='ocr_line' id='line_1_7' title="bbox 2100 326 3682 402; baseline 0.006 -25"><span class='ocrx_word' id='word_1_18' title='bbox 2100 328 2244 391; x_wconf 83' lang='grc' dir='ltr'>ὅπως</span> <span class='ocrx_word' id='word_1_19' title='bbox 2275 328 2485 397; x_wconf 78' lang='grc' dir='ltr'><strong>ζήσειεν</strong></span> <span class='ocrx_word' id='word_1_20' title='bbox 2512 327 2690 380; x_wconf 80' lang='grc' dir='ltr'>αὐτῶν</span> <span class='ocrx_word' id='word_1_21' title='bbox 2715 326 2780 379; x_wconf 67' lang='grc' dir='ltr'><strong>τὰ</strong></span> <span class='ocrx_word' id='word_1_22' title='bbox 2805 327 3092 396; x_wconf 75' lang='grc' dir='ltr'>τικτόμενα</span> <span class='ocrx_word' id='word_1_23' title='bbox 3129 327 3330 382; x_wconf 70' lang='grc' dir='ltr'>παιδία.</span> <span class='ocrx_word' id='word_1_24' title='bbox 3371 329 3682 402; x_wconf 62' lang='grc' dir='ltr'>ιίὐξὰμενος</span> 
     </span>
    </p>
   </div>
   <div class='ocr_carea' id='block_1_7' title="bbox 425 415 2002 496">
    <p class='ocr_par' dir='ltr' id='par_1_7' title="bbox 425 415 2002 496">
     <span class='ocr_line' id='line_1_8' title="bbox 425 415 2002 496; baseline -0.004 -21"><span class='ocrx_word' id='word_1_25' title='bbox 425 437 526 492; x_wconf 89' lang='lat' dir='ltr'><strong>pro</strong></span> <span class='ocrx_word' id='word_1_26' title='bbox 560 421 669 475; x_wconf 85' lang='lat' dir='ltr'><strong>illis</strong></span> <span class='ocrx_word' id='word_1_27' title='bbox 720 427 996 496; x_wconf 80' lang='lat' dir='ltr'><strong>precatus,</strong></span> <span class='ocrx_word' id='word_1_28' title='bbox 1049 417 1240 471; x_wconf 88' lang='lat' dir='ltr'><strong>ambos</strong></span> <span class='ocrx_word' id='word_1_29' title='bbox 1292 417 1452 470; x_wconf 76' lang='lat' dir='ltr'><strong>unxit</strong></span> <span class='ocrx_word' id='word_1_30' title='bbox 1484 415 1608 470; x_wconf 93' lang='lat' dir='ltr'><strong>oleo</strong></span> <span class='ocrx_word' id='word_1_31' title='bbox 1641 423 1852 480; x_wconf 88' lang='lat' dir='ltr'><strong>sancto,</strong></span> <span class='ocrx_word' id='word_1_32' title='bbox 1890 423 2002 468; x_wconf 86' lang='lat' dir='ltr'><strong>tum</strong></span> 
     </span>
    </p>
   </div>
   <div class='ocr_carea' id='block_1_8' title="bbox 423 508 2003 584">
    <p class='ocr_par' dir='ltr' id='par_1_8' title="bbox 423 508 2003 584">
     <span class='ocr_line' id='line_1_9' title="bbox 423 508 2003 584; baseline -0.005 -14"><span class='ocrx_word' id='word_1_33' title='bbox 423 529 492 570; x_wconf 87' lang='lat' dir='ltr'><strong>eo</strong></span> <span class='ocrx_word' id='word_1_34' title='bbox 526 513 673 584; x_wconf 91' lang='lat' dir='ltr'><strong>quod</strong></span> <span class='ocrx_word' id='word_1_35' title='bbox 707 529 738 568; x_wconf 89' lang='lat' dir='ltr'><strong>e</strong></span> <span class='ocrx_word' id='word_1_36' title='bbox 774 511 1016 582; x_wconf 87' lang='lat' dir='ltr'><strong>pretiosa</strong></span> <span class='ocrx_word' id='word_1_37' title='bbox 1049 525 1236 574; x_wconf 89' lang='lat' dir='ltr'><strong>cruce,</strong></span> <span class='ocrx_word' id='word_1_38' title='bbox 1269 519 1384 563; x_wconf 91' lang='lat' dir='ltr'><strong>tum</strong></span> <span class='ocrx_word' id='word_1_39' title='bbox 1412 508 1504 562; x_wconf 93' lang='lat' dir='ltr'><strong>illo</strong></span> <span class='ocrx_word' id='word_1_40' title='bbox 1533 509 1680 578; x_wconf 88' lang='lat' dir='ltr'><strong>quod</strong></span> <span class='ocrx_word' id='word_1_41' title='bbox 1709 524 1774 562; x_wconf 83' lang='lat' dir='ltr'><strong>ex</strong></span> <span class='ocrx_word' id='word_1_42' title='bbox 1803 516 2003 562; x_wconf 67' lang='lat' dir='ltr'><strong>sanctae</strong></span> 
     </span>
    </p>
   </div>
   <div class='ocr_carea' id='block_1_9' title="bbox 429 601 2002 677">
    <p class='ocr_par' dir='ltr' id='par_1_9' title="bbox 429 601 2002 677">
     <span class='ocr_line' id='line_1_10' title="bbox 429 601 2002 677; baseline -0.006 -15"><span class='ocrx_word' id='word_1_43' title='bbox 429 623 694 677; x_wconf 63' lang='lat' dir='ltr'><strong>puraeque</strong></span> <span class='ocrx_word' id='word_1_44' title='bbox 724 607 822 661; x_wconf 88' lang='lat' dir='ltr'><strong>Dei</strong></span> <span class='ocrx_word' id='word_1_45' title='bbox 863 605 1160 662; x_wconf 86' lang='lat' dir='ltr'><strong>Genitricis</strong></span> <span class='ocrx_word' id='word_1_46' title='bbox 1191 619 1524 672; x_wconf 86' lang='lat' dir='ltr'><strong>semperque</strong></span> <span class='ocrx_word' id='word_1_47' title='bbox 1565 602 1789 672; x_wconf 80' lang='lat' dir='ltr'><strong>virginis</strong></span> <span class='ocrx_word' id='word_1_48' title='bbox 1823 601 2002 654; x_wconf 76' lang='lat' dir='ltr'><strong>Maria:</strong></span> 
     </span>
    </p>
   </div>
   <div class='ocr_carea' id='block_1_10' title="bbox 423 695 1997 765">
    <p class='ocr_par' dir='ltr' id='par_1_10' title="bbox 423 695 1997 765">
     <span class='ocr_line' id='line_1_11' title="bbox 423 695 1997 765; baseline -0.005 -11"><span class='ocrx_word' id='word_1_49' title='bbox 423 699 672 754; x_wconf 70' lang='lat' dir='ltr'><strong>Dominae</strong></span> <span class='ocrx_word' id='word_1_50' title='bbox 683 709 883 752; x_wconf 72' lang='lat' dir='ltr'><strong>nostra:</strong></span> <span class='ocrx_word' id='word_1_51' title='bbox 901 696 1134 765; x_wconf 81' lang='lat' dir='ltr'><strong>imagine</strong></span> <span class='ocrx_word' id='word_1_52' title='bbox 1152 695 1570 750; x_wconf 87' lang='lat' dir='ltr'><strong>soletscaturire</strong></span> <span class='ocrx_word' id='word_1_53' title='bbox 1593 695 1844 764; x_wconf 78' lang='lat' dir='ltr'><strong>SOZOpDii</strong></span> <span class='ocrx_word' id='word_1_54' title='bbox 1865 695 1997 765; x_wconf 75' lang='lat'><strong>(5‘5),</strong></span> 
     </span>
    </p>
   </div>
   <div class='ocr_carea' id='block_1_11' title="bbox 425 785 2002 848">
    <p class='ocr_par' dir='ltr' id='par_1_11' title="bbox 425 785 2002 848">
     <span class='ocr_line' id='line_1_12' title="bbox 425 785 2002 848; baseline -0.004 -3"><span class='ocrx_word' id='word_1_55' title='bbox 425 791 620 845; x_wconf 81' lang='lat' dir='ltr'><strong>dicens</strong></span> <span class='ocrx_word' id='word_1_56' title='bbox 650 807 662 842; x_wconf 93' lang='lat'><strong>:</strong></span> <span class='ocrx_word' id='word_1_57' title='bbox 697 789 752 842; x_wconf 88' lang='lat' dir='ltr'><strong>In</strong></span> <span class='ocrx_word' id='word_1_58' title='bbox 781 789 1005 841; x_wconf 87' lang='lat' dir='ltr'><strong>nomine</strong></span> <span class='ocrx_word' id='word_1_59' title='bbox 1033 786 1252 839; x_wconf 89' lang='lat' dir='ltr'><strong>Domini</strong></span> <span class='ocrx_word' id='word_1_60' title='bbox 1292 788 1460 839; x_wconf 80' lang='lat' dir='ltr'><strong>nostri</strong></span> <span class='ocrx_word' id='word_1_61' title='bbox 1492 786 1620 840; x_wconf 88' lang='lat' dir='ltr'><strong>Jesu</strong></span> <span class='ocrx_word' id='word_1_62' title='bbox 1648 786 1852 840; x_wconf 86' lang='lat' dir='ltr'><strong>Christi</strong></span> <span class='ocrx_word' id='word_1_63' title='bbox 1879 805 1892 848; x_wconf 88' lang='lat'><strong>;</strong></span> <span class='ocrx_word' id='word_1_64' title='bbox 1923 785 2002 838; x_wconf 90' lang='lat' dir='ltr'><strong>sic</strong></span> 
     </span>
    </p>
   </div>
   <div class='ocr_carea' id='block_1_12' title="bbox 422 861 1999 946">
    <p class='ocr_par' dir='ltr' id='par_1_12' title="bbox 422 861 1999 946">
     <span class='ocr_line' id='line_1_13' title="bbox 422 861 1999 946; baseline -0.004 -11"><span class='ocrx_word' id='word_1_65' title='bbox 422 881 570 935; x_wconf 86' lang='lat' dir='ltr'><strong>enim</strong></span> <span class='ocrx_word' id='word_1_66' title='bbox 619 879 832 932; x_wconf 79' lang='lat' dir='ltr'><strong>solebat</strong></span> <span class='ocrx_word' id='word_1_67' title='bbox 871 877 1051 930; x_wconf 86' lang='lat' dir='ltr'><strong>facere</strong></span> <span class='ocrx_word' id='word_1_68' title='bbox 1087 877 1304 930; x_wconf 89' lang='lat' dir='ltr'><strong>cunctis</strong></span> <span class='ocrx_word' id='word_1_69' title='bbox 1345 876 1756 946; x_wconf 77' lang='lat' dir='ltr'><strong>aegrotantibus,</strong></span> <span class='ocrx_word' id='word_1_70' title='bbox 1791 861 1890 945; x_wconf 86' lang='lat' dir='ltr'><strong>qui</strong></span> <span class='ocrx_word' id='word_1_71' title='bbox 1933 875 1999 930; x_wconf 87' lang='lat' dir='ltr'><strong>ad</strong></span> 
     </span>
    </p>
   </div>
   <div class='ocr_carea' id='block_1_13' title="bbox 423 968 2000 1038">
    <p class='ocr_par' dir='ltr' id='par_1_13' title="bbox 423 968 2000 1038">
     <span class='ocr_line' id='line_1_14' title="bbox 423 968 2000 1038; baseline -0.002 -11"><span class='ocrx_word' id='word_1_72' title='bbox 423 987 482 1027; x_wconf 87' lang='lat' dir='ltr'><strong>se</strong></span> <span class='ocrx_word' id='word_1_73' title='bbox 529 970 902 1034; x_wconf 84' lang='lat' dir='ltr'><strong>accedebant;</strong></span> <span class='ocrx_word' id='word_1_74' title='bbox 945 968 1410 1038; x_wconf 87' lang='lat' dir='ltr'><strong>quemadmodum</strong></span> <span class='ocrx_word' id='word_1_75' title='bbox 1457 978 1512 1024; x_wconf 88' lang='lat' dir='ltr'><strong>et</strong></span> <span class='ocrx_word' id='word_1_76' title='bbox 1553 968 1716 1023; x_wconf 87' lang='lat' dir='ltr'><strong>divus</strong></span> <span class='ocrx_word' id='word_1_77' title='bbox 1759 970 2000 1024; x_wconf 86' lang='lat' dir='ltr'><strong>Jacobus</strong></span> 
     </span>
    </p>
   </div>
   <div class='ocr_carea' id='block_1_14' title="bbox 423 1061 1996 1134">
    <p class='ocr_par' dir='ltr' id='par_1_14' title="bbox 423 1061 1996 1134">
     <span class='ocr_line' id='line_1_15' title="bbox 423 1061 1996 1134; baseline -0.001 -16"><span class='ocrx_word' id='word_1_78' title='bbox 423 1067 686 1134; x_wconf 66' lang='lat' dir='ltr'><strong>praecepit</strong></span> <span class='ocrx_word' id='word_1_79' title='bbox 727 1079 740 1116; x_wconf 90' lang='lat'><strong>:</strong></span> <span class='ocrx_word' id='word_1_80' title='bbox 783 1083 799 1112; x_wconf 74' lang='grc' dir='ltr'><strong>ι</strong></span> <span class='ocrx_word' id='word_1_81' title='bbox 827 1061 1164 1128; x_wconf 85' lang='lat' dir='ltr'><strong>Inﬁrmatur,</strong></span> <span class='ocrx_word' id='word_1_82' title='bbox 1195 1062 1469 1131; x_wconf 86' lang='lat' dir='ltr'><strong>inquiens,</strong></span> <span class='ocrx_word' id='word_1_83' title='bbox 1490 1062 1690 1131; x_wconf 86' lang='lat' dir='ltr'><strong>aliquis</strong></span> <span class='ocrx_word' id='word_1_84' title='bbox 1723 1079 1790 1116; x_wconf 79' lang='lat' dir='ltr'><strong>ex</strong></span> <span class='ocrx_word' id='word_1_85' title='bbox 1819 1063 1996 1126; x_wconf 84' lang='lat' dir='ltr'><strong>vobis,</strong></span> 
     </span>
    </p>
   </div>
   <div class='ocr_carea' id='block_1_15' title="bbox 423 1155 1995 1226">
    <p class='ocr_par' dir='ltr' id='par_1_15' title="bbox 423 1155 1995 1226">
     <span class='ocr_line' id='line_1_16' title="bbox 423 1155 1995 1226; baseline -0.003 -16"><span class='ocrx_word' id='word_1_86' title='bbox 423 1157 654 1211; x_wconf 85' lang='lat' dir='ltr'><strong>inducat</strong></span> <span class='ocrx_word' id='word_1_87' title='bbox 685 1157 1036 1226; x_wconf 76' lang='lat' dir='ltr'><strong>presbyteros</strong></span> <span class='ocrx_word' id='word_1_88' title='bbox 1066 1155 1347 1212; x_wconf 65' lang='lat' dir='ltr'><strong>Ecclesia}.</strong></span> <span class='ocrx_word' id='word_1_89' title='bbox 1375 1163 1430 1208; x_wconf 90' lang='lat' dir='ltr'><strong>et</strong></span> <span class='ocrx_word' id='word_1_90' title='bbox 1463 1163 1625 1208; x_wconf 90' lang='lat' dir='ltr'><strong>orent</strong></span> <span class='ocrx_word' id='word_1_91' title='bbox 1657 1169 1822 1222; x_wconf 82' lang='lat' dir='ltr'><strong>super</strong></span> <span class='ocrx_word' id='word_1_92' title='bbox 1846 1170 1995 1218; x_wconf 88' lang='lat' dir='ltr'><strong>eum,</strong></span> 
     </span>
    </p>
   </div>
   <div class='ocr_carea' id='block_1_16' title="bbox 425 1246 1998 1320">
    <p class='ocr_par' dir='ltr' id='par_1_16' title="bbox 425 1246 1998 1320">
     <span class='ocr_line' id='line_1_17' title="bbox 425 1246 1998 1320; baseline -0.002 -16"><span class='ocrx_word' id='word_1_93' title='bbox 425 1259 696 1320; x_wconf 84' lang='lat' dir='ltr'><strong>ungentes</strong></span> <span class='ocrx_word' id='word_1_94' title='bbox 735 1263 862 1302; x_wconf 87' lang='lat' dir='ltr'><strong>eum</strong></span> <span class='ocrx_word' id='word_1_95' title='bbox 923 1249 1048 1302; x_wconf 87' lang='lat' dir='ltr'><strong>oleo</strong></span> <span class='ocrx_word' id='word_1_96' title='bbox 1089 1249 1144 1300; x_wconf 90' lang='lat' dir='ltr'><strong>in</strong></span> <span class='ocrx_word' id='word_1_97' title='bbox 1180 1248 1402 1301; x_wconf 84' lang='lat' dir='ltr'><strong>nomine</strong></span> <span class='ocrx_word' id='word_1_98' title='bbox 1459 1246 1676 1299; x_wconf 89' lang='lat' dir='ltr'><strong>Domini</strong></span> <span class='ocrx_word' id='word_1_99' title='bbox 1726 1254 1780 1300; x_wconf 84' lang='lat' dir='ltr'><strong>et</strong></span> <span class='ocrx_word' id='word_1_100' title='bbox 1823 1255 1998 1301; x_wconf 67' lang='lat' dir='ltr'><strong>oratio</strong></span> 
     </span>
    </p>
   </div>
   <div class='ocr_carea' id='block_1_17' title="bbox 423 1336 2000 1406">
    <p class='ocr_par' dir='ltr' id='par_1_17' title="bbox 423 1336 2000 1406">
     <span class='ocr_line' id='line_1_18' title="bbox 423 1336 2000 1406; baseline -0.001 -13"><span class='ocrx_word' id='word_1_101' title='bbox 423 1340 552 1394; x_wconf 85' lang='lat' dir='ltr'><strong>ﬁdei</strong></span> <span class='ocrx_word' id='word_1_102' title='bbox 603 1339 840 1394; x_wconf 87' lang='lat' dir='ltr'><strong>salvabit</strong></span> <span class='ocrx_word' id='word_1_103' title='bbox 890 1337 1202 1403; x_wconf 81' lang='lat' dir='ltr'><strong>infirmum;</strong></span> <span class='ocrx_word' id='word_1_104' title='bbox 1253 1347 1310 1394; x_wconf 89' lang='lat' dir='ltr'><strong>et</strong></span> <span class='ocrx_word' id='word_1_105' title='bbox 1337 1337 1382 1392; x_wconf 92' lang='lat' dir='ltr'><strong>si</strong></span> <span class='ocrx_word' id='word_1_106' title='bbox 1417 1336 1469 1390; x_wconf 92' lang='lat' dir='ltr'><strong>in</strong></span> <span class='ocrx_word' id='word_1_107' title='bbox 1504 1337 1748 1406; x_wconf 83' lang='lat' dir='ltr'><strong>peccatis</strong></span> <span class='ocrx_word' id='word_1_108' title='bbox 1787 1337 1878 1402; x_wconf 54' lang='lat' dir='ltr'><strong>sit,</strong></span> <span class='ocrx_word' id='word_1_109' title='bbox 1915 1353 2000 1392; x_wconf 87' lang='lat' dir='ltr'><strong>re—</strong></span> 
     </span>
    </p>
   </div>
   <div class='ocr_carea' id='block_1_18' title="bbox 424 1431 1676 1504">
    <p class='ocr_par' dir='ltr' id='par_1_18' title="bbox 424 1431 1676 1504">
     <span class='ocr_line' id='line_1_19' title="bbox 424 1431 1676 1504; baseline -0.005 -16"><span class='ocrx_word' id='word_1_110' title='bbox 424 1434 712 1488; x_wconf 88' lang='lat' dir='ltr'><strong>mittentur</strong></span> <span class='ocrx_word' id='word_1_111' title='bbox 757 1433 806 1486; x_wconf 84' lang='lat' dir='ltr'><strong>ei</strong></span> <span class='ocrx_word' id='word_1_112' title='bbox 860 1431 924 1485; x_wconf 74' lang='lat'><strong>&quot;.</strong></span> <span class='ocrx_word' id='word_1_113' title='bbox 963 1451 980 1483; x_wconf 75' lang='grc' dir='ltr'><strong>ι</strong></span> <span class='ocrx_word' id='word_1_114' title='bbox 1649 1475 1676 1504; x_wconf 43' lang='grc' dir='ltr'><strong>ί</strong></span> 
     </span>
    </p>
   </div>
   <div class='ocr_carea' id='block_1_19' title="bbox 491 1611 1990 1684">
    <p class='ocr_par' dir='ltr' id='par_1_19' title="bbox 491 1611 1990 1684">
     <span class='ocr_line' id='line_1_20' title="bbox 491 1611 1990 1684; baseline 0.001 -19"><span class='ocrx_word' id='word_1_115' title='bbox 491 1613 580 1666; x_wconf 67' lang='grc'><strong>46.</strong></span> <span class='ocrx_word' id='word_1_116' title='bbox 607 1612 744 1667; x_wconf 91' lang='lat' dir='ltr'><strong>Cum</strong></span> <span class='ocrx_word' id='word_1_117' title='bbox 791 1611 959 1681; x_wconf 80' lang='lat' dir='ltr'><strong>igitur</strong></span> <span class='ocrx_word' id='word_1_118' title='bbox 991 1611 1252 1684; x_wconf 87' lang='lat' dir='ltr'><strong>precandi</strong></span> <span class='ocrx_word' id='word_1_119' title='bbox 1283 1611 1448 1668; x_wconf 86' lang='lat' dir='ltr'><strong>finem</strong></span> <span class='ocrx_word' id='word_1_120' title='bbox 1485 1613 1728 1678; x_wconf 77' lang='lat' dir='ltr'><strong>fecisset,</strong></span> <span class='ocrx_word' id='word_1_121' title='bbox 1767 1621 1822 1667; x_wconf 88' lang='lat' dir='ltr'><strong>et</strong></span> <span class='ocrx_word' id='word_1_122' title='bbox 1869 1621 1990 1666; x_wconf 84' lang='lat' dir='ltr'><strong>tan-</strong></span> 
     </span>
    </p>
   </div>
   <div class='ocr_carea' id='block_1_20' title="bbox 420 1705 1988 1775">
    <p class='ocr_par' dir='ltr' id='par_1_20' title="bbox 420 1705 1988 1775">
     <span class='ocr_line' id='line_1_21' title="bbox 420 1705 1988 1775; baseline -0.002 -17"><span class='ocrx_word' id='word_1_123' title='bbox 420 1721 582 1775; x_wconf 88' lang='lat' dir='ltr'><strong>quam</strong></span> <span class='ocrx_word' id='word_1_124' title='bbox 617 1705 790 1774; x_wconf 81' lang='lat' dir='ltr'><strong>gratia</strong></span> <span class='ocrx_word' id='word_1_125' title='bbox 828 1705 1066 1773; x_wconf 79' lang='lat' dir='ltr'><strong>quadam</strong></span> <span class='ocrx_word' id='word_1_126' title='bbox 1107 1705 1321 1760; x_wconf 86' lang='lat' dir='ltr'><strong>afllatus</strong></span> <span class='ocrx_word' id='word_1_127' title='bbox 1367 1707 1652 1775; x_wconf 70' lang='lat' dir='ltr'><strong>paulisper</strong></span> <span class='ocrx_word' id='word_1_128' title='bbox 1695 1705 1988 1768; x_wconf 81' lang='lat' dir='ltr'><strong>tacuisset,</strong></span> 
     </span>
    </p>
   </div>
   <div class='ocr_carea' id='block_1_21' title="bbox 419 1795 1996 1864">
    <p class='ocr_par' dir='ltr' id='par_1_21' title="bbox 419 1795 1996 1864">
     <span class='ocr_line' id='line_1_22' title="bbox 419 1795 1996 1864; baseline -0.003 -14"><span class='ocrx_word' id='word_1_129' title='bbox 419 1795 1066 1864; x_wconf 77' lang='lat' dir='ltr'><strong>mox:Nomen.inquit,</strong></span> <span class='ocrx_word' id='word_1_130' title='bbox 1101 1795 1178 1848; x_wconf 90' lang='lat' dir='ltr'><strong>illi</strong></span> <span class='ocrx_word' id='word_1_131' title='bbox 1235 1795 1532 1864; x_wconf 86' lang='lat' dir='ltr'><strong>imponetis</strong></span> <span class='ocrx_word' id='word_1_132' title='bbox 1581 1796 1750 1860; x_wconf 85' lang='lat' dir='ltr'><strong>Petri,</strong></span> <span class='ocrx_word' id='word_1_133' title='bbox 1806 1806 1861 1849; x_wconf 93' lang='lat' dir='ltr'><strong>et</strong></span> <span class='ocrx_word' id='word_1_134' title='bbox 1911 1795 1996 1846; x_wconf 86' lang='lat' dir='ltr'><strong>vi-</strong></span> 
     </span>
    </p>
   </div>
   <div class='ocr_carea' id='block_1_22' title="bbox 417 1884 1994 1956">
    <p class='ocr_par' dir='ltr' id='par_1_22' title="bbox 417 1884 1994 1956">
     <span class='ocr_line' id='line_1_23' title="bbox 417 1884 1994 1956; baseline -0.003 -16"><span class='ocrx_word' id='word_1_135' title='bbox 417 1896 546 1940; x_wconf 97' lang='lat' dir='ltr'><strong>vet:</strong></span> <span class='ocrx_word' id='word_1_136' title='bbox 581 1894 698 1940; x_wconf 89' lang='lat' dir='ltr'><strong>erat</strong></span> <span class='ocrx_word' id='word_1_137' title='bbox 733 1886 879 1940; x_wconf 89' lang='lat' dir='ltr'><strong>enim</strong></span> <span class='ocrx_word' id='word_1_138' title='bbox 933 1885 1134 1940; x_wconf 86' lang='lat' dir='ltr'><strong>mulier</strong></span> <span class='ocrx_word' id='word_1_139' title='bbox 1181 1885 1429 1955; x_wconf 76' lang='lat' dir='ltr'><strong>gravida.</strong></span> <span class='ocrx_word' id='word_1_140' title='bbox 1488 1885 1604 1956; x_wconf 80' lang='lat' dir='ltr'><strong>Ego</strong></span> <span class='ocrx_word' id='word_1_141' title='bbox 1643 1895 1850 1948; x_wconf 82' lang='lat' dir='ltr'><strong>autem,</strong></span> <span class='ocrx_word' id='word_1_142' title='bbox 1899 1884 1994 1953; x_wconf 85' lang='lat' dir='ltr'><strong>qui</strong></span> 
     </span>
    </p>
   </div>
   <div class='ocr_carea' id='block_1_23' title="bbox 419 1965 1994 2046">
    <p class='ocr_par' dir='ltr' id='par_1_23' title="bbox 419 1965 1994 2046">
     <span class='ocr_line' id='line_1_24' title="bbox 419 1965 1994 2046; baseline -0.001 -15"><span class='ocrx_word' id='word_1_143' title='bbox 419 1977 669 2040; x_wconf 86' lang='lat' dir='ltr'><strong>aderam,</strong></span> <span class='ocrx_word' id='word_1_144' title='bbox 707 1965 994 2046; x_wconf 87' lang='lat' dir='ltr'><strong>respondi:</strong></span> <span class='ocrx_word' id='word_1_145' title='bbox 1025 1975 1097 2030; x_wconf 83' lang='lat' dir='ltr'><strong>At</strong></span> <span class='ocrx_word' id='word_1_146' title='bbox 1123 1975 1168 2030; x_wconf 90' lang='lat' dir='ltr'><strong>si</strong></span> <span class='ocrx_word' id='word_1_147' title='bbox 1205 1975 1468 2030; x_wconf 84' lang='lat' dir='ltr'><strong>feminam</strong></span> <span class='ocrx_word' id='word_1_148' title='bbox 1523 1977 1734 2046; x_wconf 79' lang='lat' dir='ltr'><strong>pariet,</strong></span> <span class='ocrx_word' id='word_1_149' title='bbox 1779 1976 1994 2042; x_wconf 77' lang='lat' dir='ltr'><strong>eoquod</strong></span> 
     </span>
    </p>
   </div>
   <div class='ocr_carea' id='block_1_24' title="bbox 419 2065 1997 2136">
    <p class='ocr_par' dir='ltr' id='par_1_24' title="bbox 419 2065 1997 2136">
     <span class='ocr_line' id='line_1_25' title="bbox 419 2065 1997 2136; baseline 0 -16"><span class='ocrx_word' id='word_1_150' title='bbox 419 2065 718 2120; x_wconf 89' lang='lat' dir='ltr'><strong>illinomen</strong></span> <span class='ocrx_word' id='word_1_151' title='bbox 753 2066 1080 2136; x_wconf 88' lang='lat' dir='ltr'><strong>imponent?</strong></span> <span class='ocrx_word' id='word_1_152' title='bbox 1117 2066 1364 2132; x_wconf 81' lang='lat' dir='ltr'><strong>Minime,</strong></span> <span class='ocrx_word' id='word_1_153' title='bbox 1395 2065 1578 2136; x_wconf 87' lang='lat' dir='ltr'><strong>inquit</strong></span> <span class='ocrx_word' id='word_1_154' title='bbox 1601 2067 1714 2132; x_wconf 90' lang='lat' dir='ltr'><strong>ille,</strong></span> <span class='ocrx_word' id='word_1_155' title='bbox 1765 2067 1862 2122; x_wconf 90' lang='lat' dir='ltr'><strong>sed</strong></span> <span class='ocrx_word' id='word_1_156' title='bbox 1895 2067 1997 2120; x_wconf 84' lang='lat' dir='ltr'><strong>Pe-</strong></span> 
     </span>
    </p>
   </div>
   <div class='ocr_carea' id='block_1_25' title="bbox 421 2153 1996 2226">
    <p class='ocr_par' dir='ltr' id='par_1_25' title="bbox 421 2153 1996 2226">
     <span class='ocr_line' id='line_1_26' title="bbox 421 2153 1996 2226; baseline -0.001 -18"><span class='ocrx_word' id='word_1_157' title='bbox 421 2164 567 2208; x_wconf 90' lang='lat' dir='ltr'><strong>trum</strong></span> <span class='ocrx_word' id='word_1_158' title='bbox 597 2155 896 2219; x_wconf 89' lang='lat' dir='ltr'><strong>vocabunt,</strong></span> <span class='ocrx_word' id='word_1_159' title='bbox 933 2167 984 2210; x_wconf 88' lang='lat' dir='ltr'><strong>et</strong></span> <span class='ocrx_word' id='word_1_160' title='bbox 1014 2157 1198 2210; x_wconf 87' lang='lat' dir='ltr'><strong>salvus</strong></span> <span class='ocrx_word' id='word_1_161' title='bbox 1231 2157 1360 2210; x_wconf 87' lang='lat' dir='ltr'><strong>erit.</strong></span> <span class='ocrx_word' id='word_1_162' title='bbox 1397 2153 1612 2222; x_wconf 87' lang='lat' dir='ltr'><strong>Quibus</strong></span> <span class='ocrx_word' id='word_1_163' title='bbox 1633 2157 1820 2211; x_wconf 83' lang='lat' dir='ltr'><strong>verbis</strong></span> <span class='ocrx_word' id='word_1_164' title='bbox 1862 2171 1996 2226; x_wconf 81' lang='lat' dir='ltr'><strong>gau-</strong></span> 
     </span>
    </p>
   </div>
   <div class='ocr_carea' id='block_1_26' title="bbox 417 2243 1996 2315">
    <p class='ocr_par' dir='ltr' id='par_1_26' title="bbox 417 2243 1996 2315">
     <span class='ocr_line' id='line_1_27' title="bbox 417 2243 1996 2315; baseline 0.001 -17"><span class='ocrx_word' id='word_1_165' title='bbox 417 2243 638 2308; x_wconf 75' lang='lat' dir='ltr'><strong>dentes,</strong></span> <span class='ocrx_word' id='word_1_166' title='bbox 675 2252 932 2314; x_wconf 84' lang='lat' dir='ltr'><strong>tanquam</strong></span> <span class='ocrx_word' id='word_1_167' title='bbox 971 2261 1204 2315; x_wconf 88' lang='lat' dir='ltr'><strong>puerum</strong></span> <span class='ocrx_word' id='word_1_168' title='bbox 1245 2247 1489 2301; x_wconf 88' lang='lat' dir='ltr'><strong>nondum</strong></span> <span class='ocrx_word' id='word_1_169' title='bbox 1521 2257 1712 2302; x_wconf 90' lang='lat' dir='ltr'><strong>natum</strong></span> <span class='ocrx_word' id='word_1_170' title='bbox 1753 2247 1808 2300; x_wconf 93' lang='lat' dir='ltr'><strong>in</strong></span> <span class='ocrx_word' id='word_1_171' title='bbox 1849 2247 1996 2301; x_wconf 91' lang='lat' dir='ltr'><strong>ulnis</strong></span> 
     </span>
    </p>
   </div>
   <div class='ocr_carea' id='block_1_27' title="bbox 417 2336 1994 2407">
    <p class='ocr_par' dir='ltr' id='par_1_27' title="bbox 417 2336 1994 2407">
     <span class='ocr_line' id='line_1_28' title="bbox 417 2336 1994 2407; baseline 0.001 -17"><span class='ocrx_word' id='word_1_172' title='bbox 417 2345 716 2407; x_wconf 80' lang='lat' dir='ltr'><strong>gestarent,</strong></span> <span class='ocrx_word' id='word_1_173' title='bbox 757 2336 984 2390; x_wconf 86' lang='lat' dir='ltr'><strong>domum</strong></span> <span class='ocrx_word' id='word_1_174' title='bbox 1017 2338 1221 2392; x_wconf 82' lang='lat' dir='ltr'><strong>reversi</strong></span> <span class='ocrx_word' id='word_1_175' title='bbox 1251 2345 1401 2392; x_wconf 90' lang='lat' dir='ltr'><strong>sunt.</strong></span> <span class='ocrx_word' id='word_1_176' title='bbox 1433 2337 1706 2407; x_wconf 88' lang='lat' dir='ltr'><strong>Tempore</strong></span> <span class='ocrx_word' id='word_1_177' title='bbox 1735 2353 1866 2392; x_wconf 85' lang='lat' dir='ltr'><strong>vero</strong></span> <span class='ocrx_word' id='word_1_178' title='bbox 1888 2341 1994 2392; x_wconf 85' lang='lat' dir='ltr'><strong>im-</strong></span> 
     </span>
    </p>
   </div>
   <div class='ocr_carea' id='block_1_28' title="bbox 419 2426 1994 2498">
    <p class='ocr_par' dir='ltr' id='par_1_28' title="bbox 419 2426 1994 2498">
     <span class='ocr_line' id='line_1_29' title="bbox 419 2426 1994 2498; baseline 0.002 -19"><span class='ocrx_word' id='word_1_179' title='bbox 419 2426 592 2496; x_wconf 82' lang='lat' dir='ltr'><strong>pleto,</strong></span> <span class='ocrx_word' id='word_1_180' title='bbox 627 2427 840 2496; x_wconf 87' lang='lat' dir='ltr'><strong>peperit</strong></span> <span class='ocrx_word' id='word_1_181' title='bbox 872 2427 1070 2490; x_wconf 85' lang='lat' dir='ltr'><strong>filium,</strong></span> <span class='ocrx_word' id='word_1_182' title='bbox 1097 2428 1564 2497; x_wconf 83' lang='lat' dir='ltr'><strong>quemadmodum</strong></span> <span class='ocrx_word' id='word_1_183' title='bbox 1603 2438 1730 2483; x_wconf 83' lang='lat' dir='ltr'><strong>ante</strong></span> <span class='ocrx_word' id='word_1_184' title='bbox 1786 2428 1994 2498; x_wconf 80' lang='lat' dir='ltr'><strong>praedi-</strong></span> 
     </span>
    </p>
   </div>
   <div class='ocr_carea' id='block_1_29' title="bbox 419 2519 1996 2592">
    <p class='ocr_par' dir='ltr' id='par_1_29' title="bbox 419 2519 1996 2592">
     <span class='ocr_line' id='line_1_30' title="bbox 419 2519 1996 2592; baseline 0.003 -20"><span class='ocrx_word' id='word_1_185' title='bbox 419 2527 578 2574; x_wconf 74' lang='lat' dir='ltr'><strong>xerat</strong></span> <span class='ocrx_word' id='word_1_186' title='bbox 635 2527 690 2572; x_wconf 90' lang='lat' dir='ltr'><strong>et</strong></span> <span class='ocrx_word' id='word_1_187' title='bbox 749 2519 963 2574; x_wconf 86' lang='lat' dir='ltr'><strong>viderat</strong></span> <span class='ocrx_word' id='word_1_188' title='bbox 1025 2535 1218 2575; x_wconf 87' lang='lat' dir='ltr'><strong>servus</strong></span> <span class='ocrx_word' id='word_1_189' title='bbox 1255 2523 1376 2576; x_wconf 87' lang='lat' dir='ltr'><strong>Dei.</strong></span> <span class='ocrx_word' id='word_1_190' title='bbox 1407 2522 1811 2592; x_wconf 86' lang='lat' dir='ltr'><strong>Baptizandum</strong></span> <span class='ocrx_word' id='word_1_191' title='bbox 1861 2539 1996 2592; x_wconf 81' lang='lat' dir='ltr'><strong>ergo</strong></span> 
     </span>
    </p>
   </div>
   <div class='ocr_carea' id='block_1_30' title="bbox 417 2615 1993 2682">
    <p class='ocr_par' dir='ltr' id='par_1_30' title="bbox 417 2615 1993 2682">
     <span class='ocr_line' id='line_1_31' title="bbox 417 2615 1993 2682; baseline 0.003 -18"><span class='ocrx_word' id='word_1_192' title='bbox 417 2626 547 2668; x_wconf 90' lang='lat' dir='ltr'><strong>eum</strong></span> <span class='ocrx_word' id='word_1_193' title='bbox 579 2621 914 2666; x_wconf 86' lang='lat' dir='ltr'><strong>curaverunt</strong></span> <span class='ocrx_word' id='word_1_194' title='bbox 947 2619 1230 2682; x_wconf 88' lang='lat' dir='ltr'><strong>parentes,</strong></span> <span class='ocrx_word' id='word_1_195' title='bbox 1267 2623 1324 2668; x_wconf 92' lang='lat' dir='ltr'><strong>et</strong></span> <span class='ocrx_word' id='word_1_196' title='bbox 1356 2615 1713 2670; x_wconf 84' lang='lat' dir='ltr'><strong>nominarunt</strong></span> <span class='ocrx_word' id='word_1_197' title='bbox 1733 2616 1993 2670; x_wconf 87' lang='lat' dir='ltr'><strong>Petrum:</strong></span> 
     </span>
    </p>
   </div>
   <div class='ocr_carea' id='block_1_31' title="bbox 419 2702 1995 2772">
    <p class='ocr_par' dir='ltr' id='par_1_31' title="bbox 419 2702 1995 2772">
     <span class='ocr_line' id='line_1_32' title="bbox 419 2702 1995 2772; baseline 0.008 -22"><span class='ocrx_word' id='word_1_198' title='bbox 419 2708 723 2769; x_wconf 81' lang='lat' dir='ltr'><strong>posteaque</strong></span> <span class='ocrx_word' id='word_1_199' title='bbox 753 2716 862 2755; x_wconf 90' lang='lat' dir='ltr'><strong>una</strong></span> <span class='ocrx_word' id='word_1_200' title='bbox 899 2717 1024 2758; x_wconf 87' lang='lat' dir='ltr'><strong>cum</strong></span> <span class='ocrx_word' id='word_1_201' title='bbox 1049 2702 1171 2772; x_wconf 89' lang='lat' dir='ltr'><strong>ipso</strong></span> <span class='ocrx_word' id='word_1_202' title='bbox 1206 2703 1272 2758; x_wconf 88' lang='lat' dir='ltr'><strong>ad</strong></span> <span class='ocrx_word' id='word_1_203' title='bbox 1303 2704 1486 2759; x_wconf 89' lang='lat' dir='ltr'><strong>virum</strong></span> <span class='ocrx_word' id='word_1_204' title='bbox 1547 2714 1802 2761; x_wconf 89' lang='lat' dir='ltr'><strong>sanctum</strong></span> <span class='ocrx_word' id='word_1_205' title='bbox 1834 2721 1995 2762; x_wconf 86' lang='lat' dir='ltr'><strong>acce—</strong></span> 
     </span>
    </p>
   </div>
   <div class='ocr_carea' id='block_1_32' title="bbox 417 2794 1995 2868">
    <p class='ocr_par' dir='ltr' id='par_1_32' title="bbox 417 2794 1995 2868">
     <span class='ocr_line' id='line_1_33' title="bbox 417 2794 1995 2868; baseline 0.003 -21"><span class='ocrx_word' id='word_1_206' title='bbox 417 2794 633 2858; x_wconf 89' lang='lat' dir='ltr'><strong>dentes,</strong></span> <span class='ocrx_word' id='word_1_207' title='bbox 665 2795 938 2864; x_wconf 63' lang='lat' dir='ltr'><strong>cumplesi</strong></span> <span class='ocrx_word' id='word_1_208' title='bbox 964 2807 1094 2850; x_wconf 88' lang='lat' dir='ltr'><strong>sunt</strong></span> <span class='ocrx_word' id='word_1_209' title='bbox 1116 2795 1286 2866; x_wconf 89' lang='lat' dir='ltr'><strong>pedes</strong></span> <span class='ocrx_word' id='word_1_210' title='bbox 1317 2799 1462 2868; x_wconf 84' lang='lat' dir='ltr'><strong>ejus,</strong></span> <span class='ocrx_word' id='word_1_211' title='bbox 1508 2810 1564 2853; x_wconf 88' lang='lat' dir='ltr'><strong>et</strong></span> <span class='ocrx_word' id='word_1_212' title='bbox 1595 2799 1833 2854; x_wconf 82' lang='lat' dir='ltr'><strong>confessi</strong></span> <span class='ocrx_word' id='word_1_213' title='bbox 1866 2808 1995 2855; x_wconf 88' lang='lat' dir='ltr'><strong>sunt</strong></span> 
     </span>
    </p>
   </div>
   <div class='ocr_carea' id='block_1_33' title="bbox 417 2886 1996 2958">
    <p class='ocr_par' dir='ltr' id='par_1_33' title="bbox 417 2886 1996 2958">
     <span class='ocr_line' id='line_1_34' title="bbox 417 2886 1996 2958; baseline 0.003 -16"><span class='ocrx_word' id='word_1_214' title='bbox 417 2897 622 2958; x_wconf 87' lang='lat' dir='ltr'><strong>quanta</strong></span> <span class='ocrx_word' id='word_1_215' title='bbox 653 2887 758 2942; x_wconf 91' lang='lat' dir='ltr'><strong>sibi</strong></span> <span class='ocrx_word' id='word_1_216' title='bbox 782 2886 1006 2942; x_wconf 86' lang='lat' dir='ltr'><strong>fecisset</strong></span> <span class='ocrx_word' id='word_1_217' title='bbox 1033 2887 1202 2953; x_wconf 89' lang='lat' dir='ltr'><strong>Deus,</strong></span> <span class='ocrx_word' id='word_1_218' title='bbox 1223 2897 1280 2943; x_wconf 93' lang='lat' dir='ltr'><strong>et</strong></span> <span class='ocrx_word' id='word_1_219' title='bbox 1303 2889 1584 2958; x_wconf 90' lang='lat' dir='ltr'><strong>quomodo</strong></span> <span class='ocrx_word' id='word_1_220' title='bbox 1608 2891 1692 2945; x_wconf 91' lang='lat' dir='ltr'><strong>sui</strong></span> <span class='ocrx_word' id='word_1_221' title='bbox 1731 2891 1996 2946; x_wconf 88' lang='lat' dir='ltr'><strong>misertus</strong></span> 
     </span>
    </p>
   </div>
   <div class='ocr_carea' id='block_1_34' title="bbox 2107 414 3678 494">
    <p class='ocr_par' dir='ltr' id='par_1_34' title="bbox 2107 414 3678 494">
     <span class='ocr_line' id='line_1_35' title="bbox 2107 414 3678 494; baseline 0.004 -25"><span class='ocrx_word' id='word_1_222' title='bbox 2107 414 2201 471; x_wconf 78' lang='grc' dir='ltr'>οὖν</span> <span class='ocrx_word' id='word_1_223' title='bbox 2225 420 2408 480; x_wconf 80' lang='grc' dir='ltr'>αὐτοῖς</span> <span class='ocrx_word' id='word_1_224' title='bbox 2430 459 2440 480; x_wconf 87' lang='grc'>,</span> <span class='ocrx_word' id='word_1_225' title='bbox 2467 419 2684 488; x_wconf 77' lang='grc' dir='ltr'>ἔχρισεν</span> <span class='ocrx_word' id='word_1_226' title='bbox 2708 419 3050 486; x_wconf 60' lang='grc' dir='ltr'>ἀμφοτέρους</span> <span class='ocrx_word' id='word_1_227' title='bbox 3077 419 3155 488; x_wconf 73' lang='grc' dir='ltr'>τῷ</span> <span class='ocrx_word' id='word_1_228' title='bbox 3185 420 3326 489; x_wconf 62' lang='grc' dir='ltr'>ἁγίῳ</span> <span class='ocrx_word' id='word_1_229' title='bbox 3358 421 3523 494; x_wconf 66' lang='grc' dir='ltr'>ἐλαίῳ</span> <span class='ocrx_word' id='word_1_230' title='bbox 3546 466 3558 486; x_wconf 89' lang='lat'><strong>,</strong></span> <span class='ocrx_word' id='word_1_231' title='bbox 3585 429 3678 480; x_wconf 70' lang='grc' dir='ltr'>τοῦ</span> 
     </span>
    </p>
   </div>
   <div class='ocr_carea' id='block_1_35' title="bbox 2103 507 3681 582">
    <p class='ocr_par' dir='ltr' id='par_1_35' title="bbox 2103 507 3681 582">
     <span class='ocr_line' id='line_1_36' title="bbox 2103 507 3681 582; baseline 0.006 -22"><span class='ocrx_word' id='word_1_232' title='bbox 2103 525 2160 560; x_wconf 88' lang='grc' dir='ltr'><strong>τε</strong></span> <span class='ocrx_word' id='word_1_233' title='bbox 2185 508 2366 577; x_wconf 83' lang='grc' dir='ltr'>τιμίου</span> <span class='ocrx_word' id='word_1_234' title='bbox 2393 508 2648 578; x_wconf 81' lang='grc' dir='ltr'>σταυροῦ,</span> <span class='ocrx_word' id='word_1_235' title='bbox 2663 507 2758 562; x_wconf 86' lang='grc' dir='ltr'><strong>τοῦ</strong></span> <span class='ocrx_word' id='word_1_236' title='bbox 2779 527 2838 562; x_wconf 87' lang='grc' dir='ltr'><strong>τε</strong></span> <span class='ocrx_word' id='word_1_237' title='bbox 2861 512 2958 578; x_wconf 76' lang='grc' dir='ltr'>τῆς</span> <span class='ocrx_word' id='word_1_238' title='bbox 2977 511 3137 577; x_wconf 77' lang='grc' dir='ltr'>ἁγίοις</span> <span class='ocrx_word' id='word_1_239' title='bbox 3164 511 3432 582; x_wconf 79' lang='grc' dir='ltr'>ἀχράντου</span> <span class='ocrx_word' id='word_1_240' title='bbox 3454 517 3519 566; x_wconf 87' lang='grc' dir='ltr'>Δε</span> <span class='ocrx_word' id='word_1_241' title='bbox 3531 517 3681 569; x_wconf 69' lang='lat'><strong>37:0!-</strong></span> 
     </span>
    </p>
   </div>
   <div class='ocr_carea' id='block_1_36' title="bbox 2104 596 3675 670">
    <p class='ocr_par' dir='ltr' id='par_1_36' title="bbox 2104 596 3675 670">
     <span class='ocr_line' id='line_1_37' title="bbox 2104 596 3675 670; baseline 0.006 -22"><span class='ocrx_word' id='word_1_242' title='bbox 2104 613 2200 666; x_wconf 83' lang='grc' dir='ltr'><strong>νης</strong></span> <span class='ocrx_word' id='word_1_243' title='bbox 2229 597 2384 666; x_wconf 65' lang='grc' dir='ltr'>ἡμῶν</span> <span class='ocrx_word' id='word_1_244' title='bbox 2413 596 2678 650; x_wconf 81' lang='grc' dir='ltr'>Θεοτόκου</span> <span class='ocrx_word' id='word_1_245' title='bbox 2711 599 2804 650; x_wconf 71' lang='grc' dir='ltr'>καὶ</span> <span class='ocrx_word' id='word_1_246' title='bbox 2834 599 2919 650; x_wconf 74' lang='grc' dir='ltr'><strong>ἀεὶ</strong></span> <span class='ocrx_word' id='word_1_247' title='bbox 2969 599 3240 668; x_wconf 73' lang='grc' dir='ltr'>παρθένου</span> <span class='ocrx_word' id='word_1_248' title='bbox 3292 600 3512 670; x_wconf 85' lang='grc' dir='ltr'>Μαρίας</span> <span class='ocrx_word' id='word_1_249' title='bbox 3537 645 3550 664; x_wconf 89' lang='grc'><em>,</em></span> <span class='ocrx_word' id='word_1_250' title='bbox 3581 605 3675 657; x_wconf 84' lang='grc' dir='ltr'><strong>τοῦ</strong></span> 
     </span>
    </p>
   </div>
   <div class='ocr_carea' id='block_1_37' title="bbox 2104 689 3680 766">
    <p class='ocr_par' dir='ltr' id='par_1_37' title="bbox 2104 689 3680 766">
     <span class='ocr_line' id='line_1_38' title="bbox 2104 689 3680 766; baseline 0.005 -26"><span class='ocrx_word' id='word_1_251' title='bbox 2104 689 2360 758; x_wconf 74' lang='grc' dir='ltr'>βρύοντος</span> <span class='ocrx_word' id='word_1_252' title='bbox 2406 690 2470 740; x_wconf 78' lang='grc' dir='ltr'><strong>ἐκ</strong></span> <span class='ocrx_word' id='word_1_253' title='bbox 2527 690 2625 758; x_wconf 80' lang='grc' dir='ltr'>τῆς</span> <span class='ocrx_word' id='word_1_254' title='bbox 2675 690 2836 757; x_wconf 80' lang='grc' dir='ltr'>ἁγίας</span> <span class='ocrx_word' id='word_1_255' title='bbox 2873 691 3082 752; x_wconf 78' lang='grc' dir='ltr'>εἰκόνος</span> <span class='ocrx_word' id='word_1_256' title='bbox 3141 693 3310 760; x_wconf 75' lang='grc' dir='ltr'>αὐτῆς</span> <span class='ocrx_word' id='word_1_257' title='bbox 3369 695 3467 762; x_wconf 80' lang='grc' dir='ltr'><strong>τῆς</strong></span> <span class='ocrx_word' id='word_1_258' title='bbox 3508 693 3680 766; x_wconf 75' lang='grc' dir='ltr'>οὔσης</span> 
     </span>
    </p>
   </div>
   <div class='ocr_carea' id='block_1_38' title="bbox 2101 781 3672 852">
    <p class='ocr_par' dir='ltr' id='par_1_38' title="bbox 2101 781 3672 852">
     <span class='ocr_line' id='line_1_39' title="bbox 2101 781 3672 852; baseline 0.005 -20"><span class='ocrx_word' id='word_1_259' title='bbox 2101 781 2159 833; x_wconf 79' lang='grc' dir='ltr'>ἐν</span> <span class='ocrx_word' id='word_1_260' title='bbox 2213 782 2535 846; x_wconf 76' lang='grc' dir='ltr'>Σωξοπόλει,</span> <span class='ocrx_word' id='word_1_261' title='bbox 2573 781 2744 833; x_wconf 78' lang='grc' dir='ltr'>εἰπὼν</span> <span class='ocrx_word' id='word_1_262' title='bbox 2796 781 2968 845; x_wconf 76' lang='grc' dir='ltr'>οὕτως</span> <span class='ocrx_word' id='word_1_263' title='bbox 3001 799 3013 811; x_wconf 89' lang='grc'><strong>·</strong></span> <span class='ocrx_word' id='word_1_264' title='bbox 3065 783 3152 835; x_wconf 86' lang='grc' dir='ltr'>Ἐν</span> <span class='ocrx_word' id='word_1_265' title='bbox 3180 785 3258 852; x_wconf 83' lang='grc' dir='ltr'>τῷ</span> <span class='ocrx_word' id='word_1_266' title='bbox 3303 785 3530 849; x_wconf 76' lang='grc' dir='ltr'>ὀνόματι</span> <span class='ocrx_word' id='word_1_267' title='bbox 3578 787 3672 840; x_wconf 79' lang='grc' dir='ltr'><strong>τοῦ</strong></span> 
     </span>
    </p>
   </div>
   <div class='ocr_carea' id='block_1_39' title="bbox 2102 871 3675 946">
    <p class='ocr_par' dir='ltr' id='par_1_39' title="bbox 2102 871 3675 946">
     <span class='ocr_line' id='line_1_40' title="bbox 2102 871 3675 946; baseline 0.005 -23"><span class='ocrx_word' id='word_1_268' title='bbox 2102 871 2308 940; x_wconf 82' lang='grc' dir='ltr'>Κυρίου</span> <span class='ocrx_word' id='word_1_269' title='bbox 2363 871 2520 940; x_wconf 76' lang='grc' dir='ltr'>ἡμῶν</span> <span class='ocrx_word' id='word_1_270' title='bbox 2557 871 2730 939; x_wconf 84' lang='grc' dir='ltr'>Ἰησοῦ</span> <span class='ocrx_word' id='word_1_271' title='bbox 2784 874 3020 943; x_wconf 80' lang='grc' dir='ltr'>Χριστοῦ</span> <span class='ocrx_word' id='word_1_272' title='bbox 3060 892 3070 904; x_wconf 94' lang='grc'><strong>·</strong></span> <span class='ocrx_word' id='word_1_273' title='bbox 3117 875 3300 927; x_wconf 75' lang='grc' dir='ltr'>εἰώθει</span> <span class='ocrx_word' id='word_1_274' title='bbox 3359 879 3468 946; x_wconf 75' lang='grc' dir='ltr'><strong>γὰρ</strong></span> <span class='ocrx_word' id='word_1_275' title='bbox 3499 877 3675 940; x_wconf 79' lang='grc' dir='ltr'>οὕτως</span> 
     </span>
    </p>
   </div>
   <div class='ocr_carea' id='block_1_40' title="bbox 2102 963 3678 1034">
    <p class='ocr_par' dir='ltr' id='par_1_40' title="bbox 2102 963 3678 1034">
     <span class='ocr_line' id='line_1_41' title="bbox 2102 963 3678 1034; baseline 0.006 -22"><span class='ocrx_word' id='word_1_276' title='bbox 2102 965 2276 1016; x_wconf 79' lang='grc' dir='ltr'>ποιεῖν</span> <span class='ocrx_word' id='word_1_277' title='bbox 2301 963 2386 1031; x_wconf 77' lang='grc' dir='ltr'><strong>ἐφ’</strong></span> <span class='ocrx_word' id='word_1_278' title='bbox 2415 964 2494 1015; x_wconf 78' lang='grc' dir='ltr'><strong>ἐνὶ</strong></span> <span class='ocrx_word' id='word_1_279' title='bbox 2519 964 2734 1034; x_wconf 74' lang='grc' dir='ltr'>ἑκάστῳ</span> <span class='ocrx_word' id='word_1_280' title='bbox 2761 964 2868 1016; x_wconf 82' lang='grc' dir='ltr'>τῶν</span> <span class='ocrx_word' id='word_1_281' title='bbox 2899 966 3208 1034; x_wconf 73' lang='grc' dir='ltr'><strong>ἐρχομένων</strong></span> <span class='ocrx_word' id='word_1_282' title='bbox 3255 968 3498 1020; x_wconf 84' lang='grc' dir='ltr'>ἀσθενῶν</span> <span class='ocrx_word' id='word_1_283' title='bbox 3521 1012 3536 1034; x_wconf 85' lang='grc'><strong><em>,</em></strong></span> <span class='ocrx_word' id='word_1_284' title='bbox 3574 981 3678 1022; x_wconf 82' lang='grc' dir='ltr'>κα-</span> 
     </span>
    </p>
   </div>
   <div class='ocr_carea' id='block_1_41' title="bbox 2102 1051 3676 1123">
    <p class='ocr_par' dir='ltr' id='par_1_41' title="bbox 2102 1051 3676 1123">
     <span class='ocr_line' id='line_1_42' title="bbox 2102 1051 3676 1123; baseline 0.005 -19"><span class='ocrx_word' id='word_1_285' title='bbox 2102 1051 2208 1114; x_wconf 75' lang='grc' dir='ltr'><strong>Θὼς</strong></span> <span class='ocrx_word' id='word_1_286' title='bbox 2236 1055 2328 1104; x_wconf 76' lang='grc' dir='ltr'><strong>καὶ</strong></span> <span class='ocrx_word' id='word_1_287' title='bbox 2351 1054 2378 1104; x_wconf 86' lang='grc' dir='ltr'>ὁ</span> <span class='ocrx_word' id='word_1_288' title='bbox 2405 1052 2546 1115; x_wconf 85' lang='grc' dir='ltr'>θεῖος</span> <span class='ocrx_word' id='word_1_289' title='bbox 2589 1053 2842 1117; x_wconf 76' lang='grc' dir='ltr'>Ἰάκωϐος</span> <span class='ocrx_word' id='word_1_290' title='bbox 2871 1057 3152 1119; x_wconf 75' lang='grc' dir='ltr'>διετάξατο</span> <span class='ocrx_word' id='word_1_291' title='bbox 3182 1057 3354 1123; x_wconf 82' lang='grc' dir='ltr'>λέγων</span> <span class='ocrx_word' id='word_1_292' title='bbox 3385 1073 3398 1085; x_wconf 85' lang='grc'><em>’</em></span> <span class='ocrx_word' id='word_1_293' title='bbox 3419 1077 3437 1110; x_wconf 77' lang='grc' dir='ltr'><strong>ι</strong></span> <span class='ocrx_word' id='word_1_294' title='bbox 3488 1059 3676 1112; x_wconf 81' lang='grc' dir='ltr'>Ἀσθε-</span> 
     </span>
    </p>
   </div>
   <div class='ocr_carea' id='block_1_42' title="bbox 2100 1145 3675 1219">
    <p class='ocr_par' dir='ltr' id='par_1_42' title="bbox 2100 1145 3675 1219">
     <span class='ocr_line' id='line_1_43' title="bbox 2100 1145 3675 1219; baseline 0.002 -22"><span class='ocrx_word' id='word_1_295' title='bbox 2100 1148 2182 1198; x_wconf 83' lang='grc' dir='ltr'><strong>νεῖ</strong></span> <span class='ocrx_word' id='word_1_296' title='bbox 2203 1163 2284 1204; x_wconf 82' lang='grc' dir='ltr'><strong>τις</strong></span> <span class='ocrx_word' id='word_1_297' title='bbox 2320 1148 2377 1198; x_wconf 75' lang='grc' dir='ltr'>ἐν</span> <span class='ocrx_word' id='word_1_298' title='bbox 2410 1147 2572 1216; x_wconf 82' lang='grc' dir='ltr'>ὑμῖν;</span> <span class='ocrx_word' id='word_1_299' title='bbox 2604 1145 3065 1216; x_wconf 70' lang='grc' dir='ltr'><strong>προσκαλεσάσθω</strong></span> <span class='ocrx_word' id='word_1_300' title='bbox 3103 1149 3228 1210; x_wconf 74' lang='grc' dir='ltr'>τοὺς</span> <span class='ocrx_word' id='word_1_301' title='bbox 3265 1149 3675 1219; x_wconf 77' lang='grc' dir='ltr'>πρεσϐυτέρους</span> 
     </span>
    </p>
   </div>
   <div class='ocr_carea' id='block_1_43' title="bbox 2099 1236 3671 1310">
    <p class='ocr_par' dir='ltr' id='par_1_43' title="bbox 2099 1236 3671 1310">
     <span class='ocr_line' id='line_1_44' title="bbox 2099 1236 3671 1310; baseline 0.001 -18"><span class='ocrx_word' id='word_1_302' title='bbox 2099 1239 2196 1306; x_wconf 85' lang='grc' dir='ltr'>τῆς</span> <span class='ocrx_word' id='word_1_303' title='bbox 2237 1239 2584 1310; x_wconf 84' lang='grc' dir='ltr'>Ἐκκλησίας,</span> <span class='ocrx_word' id='word_1_304' title='bbox 2612 1238 2706 1291; x_wconf 75' lang='grc' dir='ltr'>καὶ</span> <span class='ocrx_word' id='word_1_305' title='bbox 2761 1236 3253 1308; x_wconf 76' lang='grc' dir='ltr'>προσευξάσθωσαν</span> <span class='ocrx_word' id='word_1_306' title='bbox 3307 1241 3446 1310; x_wconf 70' lang='grc' dir='ltr'>ὑπὲρ</span> <span class='ocrx_word' id='word_1_307' title='bbox 3481 1241 3671 1305; x_wconf 82' lang='grc' dir='ltr'>αὐτοῦ,</span> 
     </span>
    </p>
   </div>
   <div class='ocr_carea' id='block_1_44' title="bbox 2099 1333 3676 1404">
    <p class='ocr_par' dir='ltr' id='par_1_44' title="bbox 2099 1333 3676 1404">
     <span class='ocr_line' id='line_1_45' title="bbox 2099 1333 3676 1404; baseline 0.001 -18"><span class='ocrx_word' id='word_1_308' title='bbox 2099 1333 2418 1402; x_wconf 71' lang='grc' dir='ltr'><strong>ἀλείψαντες</strong></span> <span class='ocrx_word' id='word_1_309' title='bbox 2465 1333 2626 1386; x_wconf 74' lang='grc' dir='ltr'>αὐτὸν</span> <span class='ocrx_word' id='word_1_310' title='bbox 2681 1333 2866 1404; x_wconf 82' lang='grc' dir='ltr'>ἐλαίῳ,</span> <span class='ocrx_word' id='word_1_311' title='bbox 2895 1335 2984 1385; x_wconf 74' lang='grc' dir='ltr'><strong>καὶ</strong></span> <span class='ocrx_word' id='word_1_312' title='bbox 3027 1335 3060 1402; x_wconf 83' lang='grc' dir='ltr'>ἡ</span> <span class='ocrx_word' id='word_1_313' title='bbox 3117 1333 3250 1403; x_wconf 75' lang='grc' dir='ltr'>εὐχὴ</span> <span class='ocrx_word' id='word_1_314' title='bbox 3291 1335 3389 1404; x_wconf 86' lang='grc' dir='ltr'>τῆς</span> <span class='ocrx_word' id='word_1_315' title='bbox 3433 1335 3676 1399; x_wconf 82' lang='grc' dir='ltr'>πίστεως</span> 
     </span>
    </p>
   </div>
   <div class='ocr_carea' id='block_1_45' title="bbox 2102 1419 3673 1496">
    <p class='ocr_par' dir='ltr' id='par_1_45' title="bbox 2102 1419 3673 1496">
     <span class='ocr_line' id='line_1_46' title="bbox 2102 1419 3673 1496; baseline 0.003 -22"><span class='ocrx_word' id='word_1_316' title='bbox 2102 1421 2265 1475; x_wconf 83' lang='grc' dir='ltr'>σώσει</span> <span class='ocrx_word' id='word_1_317' title='bbox 2302 1423 2393 1476; x_wconf 87' lang='grc' dir='ltr'><strong>τὸν</strong></span> <span class='ocrx_word' id='word_1_318' title='bbox 2451 1423 2723 1493; x_wconf 77' lang='grc' dir='ltr'>κάμνοντα</span> <span class='ocrx_word' id='word_1_319' title='bbox 2758 1441 2769 1454; x_wconf 93' lang='grc'><strong>·</strong></span> <span class='ocrx_word' id='word_1_320' title='bbox 2808 1423 2908 1477; x_wconf 77' lang='grc' dir='ltr'><strong>κᾶν</strong></span> <span class='ocrx_word' id='word_1_321' title='bbox 2955 1425 3230 1494; x_wconf 84' lang='grc' dir='ltr'>ἁμαρτίας</span> <span class='ocrx_word' id='word_1_322' title='bbox 3333 1425 3673 1496; x_wconf 78' lang='grc' dir='ltr'>πεποιηκὼς,</span> 
     </span>
    </p>
   </div>
   <div class='ocr_carea' id='block_1_46' title="bbox 2101 1515 2688 1584">
    <p class='ocr_par' dir='ltr' id='par_1_46' title="bbox 2101 1515 2688 1584">
     <span class='ocr_line' id='line_1_47' title="bbox 2101 1515 2688 1584; baseline -0.002 -16"><span class='ocrx_word' id='word_1_323' title='bbox 2101 1515 2432 1584; x_wconf 68' lang='grc' dir='ltr'>ἀφεθήσεται</span> <span class='ocrx_word' id='word_1_324' title='bbox 2459 1515 2628 1582; x_wconf 74' lang='grc' dir='ltr'>αὐτῷ.</span> <span class='ocrx_word' id='word_1_325' title='bbox 2671 1535 2688 1567; x_wconf 72' lang='grc' dir='ltr'><strong>ι</strong></span> 
     </span>
    </p>
   </div>
   <div class='ocr_carea' id='block_1_47' title="bbox 2175 1607 3674 1682">
    <p class='ocr_par' dir='ltr' id='par_1_47' title="bbox 2175 1607 3674 1682">
     <span class='ocr_line' id='line_1_48' title="bbox 2175 1607 3674 1682; baseline 0.001 -18"><span class='ocrx_word' id='word_1_326' title='bbox 2175 1615 2290 1680; x_wconf 71' lang='lat' dir='ltr'><strong>pg’.</strong></span> <span class='ocrx_word' id='word_1_327' title='bbox 2327 1611 2628 1680; x_wconf 84' lang='grc' dir='ltr'>Πληρώσας</span> <span class='ocrx_word' id='word_1_328' title='bbox 2657 1607 2750 1664; x_wconf 71' lang='grc' dir='ltr'>οὖν</span> <span class='ocrx_word' id='word_1_329' title='bbox 2775 1611 2873 1679; x_wconf 82' lang='grc' dir='ltr'>τὴν</span> <span class='ocrx_word' id='word_1_330' title='bbox 2897 1612 3063 1682; x_wconf 72' lang='grc' dir='ltr'>εὐχὴν</span> <span class='ocrx_word' id='word_1_331' title='bbox 3103 1613 3194 1666; x_wconf 80' lang='grc' dir='ltr'><strong>καὶ</strong></span> <span class='ocrx_word' id='word_1_332' title='bbox 3241 1613 3389 1676; x_wconf 76' lang='grc' dir='ltr'>ὲνεδς</span> <span class='ocrx_word' id='word_1_333' title='bbox 3441 1614 3674 1682; x_wconf 84' lang='grc' dir='ltr'>γενόμε-</span> 
     </span>
    </p>
   </div>
   <div class='ocr_carea' id='block_1_48' title="bbox 2097 1700 3664 1772">
    <p class='ocr_par' dir='ltr' id='par_1_48' title="bbox 2097 1700 3664 1772">
     <span class='ocr_line' id='line_1_49' title="bbox 2097 1700 3664 1772; baseline 0.003 -21"><span class='ocrx_word' id='word_1_334' title='bbox 2097 1717 2204 1764; x_wconf 82' lang='grc' dir='ltr'>νος.</span> <span class='ocrx_word' id='word_1_335' title='bbox 2237 1701 2312 1764; x_wconf 77' lang='grc' dir='ltr'>ὡς</span> <span class='ocrx_word' id='word_1_336' title='bbox 2331 1700 2394 1754; x_wconf 80' lang='grc' dir='ltr'>ἔκ</span> <span class='ocrx_word' id='word_1_337' title='bbox 2427 1718 2570 1763; x_wconf 88' lang='grc' dir='ltr'>τινος</span> <span class='ocrx_word' id='word_1_338' title='bbox 2613 1701 2760 1764; x_wconf 72' lang='grc' dir='ltr'>θείας</span> <span class='ocrx_word' id='word_1_339' title='bbox 2791 1705 3010 1772; x_wconf 81' lang='grc' dir='ltr'>χάριτος</span> <span class='ocrx_word' id='word_1_340' title='bbox 3068 1703 3457 1770; x_wconf 79' lang='grc' dir='ltr'>ἐμπνευσθεὶς,</span> <span class='ocrx_word' id='word_1_341' title='bbox 3485 1701 3664 1771; x_wconf 76' lang='grc' dir='ltr'>λέγει·</span> 
     </span>
    </p>
   </div>
   <div class='ocr_carea' id='block_1_49' title="bbox 2098 1791 3672 1868">
    <p class='ocr_par' dir='ltr' id='par_1_49' title="bbox 2098 1791 3672 1868">
     <span class='ocr_line' id='line_1_50' title="bbox 2098 1791 3672 1868; baseline 0.001 -22"><span class='ocrx_word' id='word_1_342' title='bbox 2098 1791 2302 1862; x_wconf 77' lang='grc' dir='ltr'>Πέτρον</span> <span class='ocrx_word' id='word_1_343' title='bbox 2331 1793 2584 1845; x_wconf 84' lang='grc' dir='ltr'>καλέσετε</span> <span class='ocrx_word' id='word_1_344' title='bbox 2611 1795 2670 1846; x_wconf 63' lang='grc' dir='ltr'><strong>τό</strong></span> <span class='ocrx_word' id='word_1_345' title='bbox 2693 1794 3009 1862; x_wconf 74' lang='grc' dir='ltr'>τικτόμενον</span> <span class='ocrx_word' id='word_1_346' title='bbox 3047 1793 3266 1864; x_wconf 77' lang='grc' dir='ltr'>βρέφος,</span> <span class='ocrx_word' id='word_1_347' title='bbox 3297 1796 3388 1846; x_wconf 77' lang='grc' dir='ltr'><strong>καὶ</strong></span> <span class='ocrx_word' id='word_1_348' title='bbox 3421 1794 3672 1868; x_wconf 75' lang='grc' dir='ltr'>ζήσεται·</span> 
     </span>
    </p>
   </div>
   <div class='ocr_carea' id='block_1_50' title="bbox 2095 1883 3672 1957">
    <p class='ocr_par' dir='ltr' id='par_1_50' title="bbox 2095 1883 3672 1957">
     <span class='ocr_line' id='line_1_51' title="bbox 2095 1883 3672 1957; baseline 0.002 -22"><span class='ocrx_word' id='word_1_349' title='bbox 2095 1883 2164 1957; x_wconf 79' lang='grc' dir='ltr'>ἦν</span> <span class='ocrx_word' id='word_1_350' title='bbox 2193 1885 2299 1954; x_wconf 80' lang='grc' dir='ltr'><strong>γὰρ</strong></span> <span class='ocrx_word' id='word_1_351' title='bbox 2329 1885 2522 1954; x_wconf 76' lang='grc' dir='ltr'>ἔγγυος</span> <span class='ocrx_word' id='word_1_352' title='bbox 2543 1886 2613 1954; x_wconf 76' lang='lat'><strong>(2.)</strong></span> <span class='ocrx_word' id='word_1_353' title='bbox 2645 1888 2676 1955; x_wconf 79' lang='grc' dir='ltr'><strong>ἡ</strong></span> <span class='ocrx_word' id='word_1_354' title='bbox 2703 1890 2862 1955; x_wconf 79' lang='grc' dir='ltr'>γυνή.</span> <span class='ocrx_word' id='word_1_355' title='bbox 2892 1887 3304 1954; x_wconf 79' lang='grc' dir='ltr'>Παρισταμένου</span> <span class='ocrx_word' id='word_1_356' title='bbox 3335 1886 3391 1938; x_wconf 81' lang='grc' dir='ltr'>δέ</span> <span class='ocrx_word' id='word_1_357' title='bbox 3425 1903 3550 1953; x_wconf 82' lang='grc' dir='ltr'>μου.</span> <span class='ocrx_word' id='word_1_358' title='bbox 3579 1886 3672 1938; x_wconf 69' lang='grc' dir='ltr'><strong>καὶ</strong></span> 
     </span>
    </p>
   </div>
   <div class='ocr_carea' id='block_1_51' title="bbox 2099 1977 3676 2048">
    <p class='ocr_par' dir='ltr' id='par_1_51' title="bbox 2099 1977 3676 2048">
     <span class='ocr_line' id='line_1_52' title="bbox 2099 1977 3676 2048; baseline 0 -18"><span class='ocrx_word' id='word_1_359' title='bbox 2099 1978 2234 2048; x_wconf 66' lang='grc' dir='ltr'>πρὸς</span> <span class='ocrx_word' id='word_1_360' title='bbox 2267 1978 2328 2030; x_wconf 85' lang='grc' dir='ltr'><strong>τὸ</strong></span> <span class='ocrx_word' id='word_1_361' title='bbox 2376 1977 2565 2047; x_wconf 74' lang='grc' dir='ltr'>λεχθὲν</span> <span class='ocrx_word' id='word_1_362' title='bbox 2611 1978 2710 2047; x_wconf 76' lang='grc' dir='ltr'>τὴν</span> <span class='ocrx_word' id='word_1_363' title='bbox 2753 1977 3020 2047; x_wconf 76' lang='grc' dir='ltr'>ἐρώτησιν</span> <span class='ocrx_word' id='word_1_364' title='bbox 3067 1979 3440 2046; x_wconf 81' lang='grc' dir='ltr'>ποιησαμένου</span> <span class='ocrx_word' id='word_1_365' title='bbox 3465 1979 3562 2032; x_wconf 76' lang='grc' dir='ltr'><strong>καὶ</strong></span> <span class='ocrx_word' id='word_1_366' title='bbox 3591 1979 3676 2032; x_wconf 77' lang='grc' dir='ltr'><strong>εἰ·</strong></span> 
     </span>
    </p>
   </div>
   <div class='ocr_carea' id='block_1_52' title="bbox 2098 2069 3672 2140">
    <p class='ocr_par' dir='ltr' id='par_1_52' title="bbox 2098 2069 3672 2140">
     <span class='ocr_line' id='line_1_53' title="bbox 2098 2069 3672 2140; baseline 0.001 -17"><span class='ocrx_word' id='word_1_367' title='bbox 2098 2073 2290 2134; x_wconf 68' lang='grc' dir='ltr'>πόντος</span> <span class='ocrx_word' id='word_1_368' title='bbox 2317 2087 2332 2100; x_wconf 67' lang='grc' dir='ltr'>θ</span> <span class='ocrx_word' id='word_1_369' title='bbox 2367 2071 2428 2122; x_wconf 83' lang='grc' dir='ltr'><strong>ΕΞ</strong></span> <span class='ocrx_word' id='word_1_370' title='bbox 2453 2071 2509 2122; x_wconf 81' lang='grc' dir='ltr'><strong>δὲ</strong></span> <span class='ocrx_word' id='word_1_371' title='bbox 2539 2070 2672 2138; x_wconf 71' lang='grc' dir='ltr'>θῆλυ</span> <span class='ocrx_word' id='word_1_372' title='bbox 2703 2069 2763 2122; x_wconf 83' lang='grc' dir='ltr'>τὸ</span> <span class='ocrx_word' id='word_1_373' title='bbox 2785 2070 3100 2138; x_wconf 83' lang='grc' dir='ltr'>τικτόμενον</span> <span class='ocrx_word' id='word_1_374' title='bbox 3129 2070 3304 2140; x_wconf 77' lang='grc' dir='ltr'>εἴη,τί</span> <span class='ocrx_word' id='word_1_375' title='bbox 3359 2071 3424 2123; x_wconf 81' lang='grc' dir='ltr'><strong>ἂν</strong></span> <span class='ocrx_word' id='word_1_376' title='bbox 3475 2071 3672 2140; x_wconf 80' lang='grc' dir='ltr'>ὀνομά·</span> 
     </span>
    </p>
   </div>
   <div class='ocr_carea' id='block_1_53' title="bbox 2099 2158 3674 2232">
    <p class='ocr_par' dir='ltr' id='par_1_53' title="bbox 2099 2158 3674 2232">
     <span class='ocr_line' id='line_1_54' title="bbox 2099 2158 3674 2232; baseline 0.001 -18"><span class='ocrx_word' id='word_1_377' title='bbox 2099 2179 2248 2214; x_wconf 86' lang='grc' dir='ltr'>σαιεν</span> <span class='ocrx_word' id='word_1_378' title='bbox 2303 2162 2474 2226; x_wconf 72' lang='grc' dir='ltr'>αὐτός</span> <span class='ocrx_word' id='word_1_379' title='bbox 2509 2158 2840 2231; x_wconf 82' lang='grc' dir='ltr'>ἀπεκρίνατο</span> <span class='ocrx_word' id='word_1_380' title='bbox 2892 2161 3084 2227; x_wconf 87' lang='grc' dir='ltr'>λέγων,</span> <span class='ocrx_word' id='word_1_381' title='bbox 3111 2162 3264 2232; x_wconf 71' lang='grc' dir='ltr'><strong>Οὐχὶ,</strong></span> <span class='ocrx_word' id='word_1_382' title='bbox 3299 2163 3506 2232; x_wconf 74' lang='grc' dir='ltr'>Πέτρον</span> <span class='ocrx_word' id='word_1_383' title='bbox 3541 2162 3674 2216; x_wconf 80' lang='grc' dir='ltr'>αὐτὸ</span> 
     </span>
    </p>
   </div>
   <div class='ocr_carea' id='block_1_54' title="bbox 2097 2249 3676 2320">
    <p class='ocr_par' dir='ltr' id='par_1_54' title="bbox 2097 2249 3676 2320">
     <span class='ocr_line' id='line_1_55' title="bbox 2097 2249 3676 2320; baseline -0.001 -14"><span class='ocrx_word' id='word_1_384' title='bbox 2097 2252 2458 2320; x_wconf 84' lang='grc' dir='ltr'>ὀνομάσωσιν,</span> <span class='ocrx_word' id='word_1_385' title='bbox 2511 2253 2603 2305; x_wconf 79' lang='grc' dir='ltr'>καὶ</span> <span class='ocrx_word' id='word_1_386' title='bbox 2633 2249 2884 2314; x_wconf 76' lang='grc' dir='ltr'>σώζεται.</span> <span class='ocrx_word' id='word_1_387' title='bbox 2919 2252 3214 2320; x_wconf 80' lang='grc' dir='ltr'>Χαξροντες</span> <span class='ocrx_word' id='word_1_388' title='bbox 3264 2249 3357 2306; x_wconf 69' lang='grc' dir='ltr'>οὖν</span> <span class='ocrx_word' id='word_1_389' title='bbox 3399 2254 3492 2305; x_wconf 76' lang='grc' dir='ltr'><strong>ἐπὶ</strong></span> <span class='ocrx_word' id='word_1_390' title='bbox 3558 2255 3676 2317; x_wconf 82' lang='grc' dir='ltr'>τοῖς</span> 
     </span>
    </p>
   </div>
   <div class='ocr_carea' id='block_1_55' title="bbox 2097 2342 3676 2414">
    <p class='ocr_par' dir='ltr' id='par_1_55' title="bbox 2097 2342 3676 2414">
     <span class='ocr_line' id='line_1_56' title="bbox 2097 2342 3676 2414; baseline 0.001 -18"><span class='ocrx_word' id='word_1_391' title='bbox 2097 2343 2336 2413; x_wconf 80' lang='grc' dir='ltr'>λεχθεῖσι</span> <span class='ocrx_word' id='word_1_392' title='bbox 2375 2383 2388 2406; x_wconf 88' lang='grc'><em>,</em></span> <span class='ocrx_word' id='word_1_393' title='bbox 2415 2345 2508 2396; x_wconf 68' lang='grc' dir='ltr'><strong>καὶ</strong></span> <span class='ocrx_word' id='word_1_394' title='bbox 2527 2343 2729 2414; x_wconf 88' lang='grc' dir='ltr'>τρόπον</span> <span class='ocrx_word' id='word_1_395' title='bbox 2752 2342 2874 2394; x_wconf 83' lang='grc' dir='ltr'>τινὰ</span> <span class='ocrx_word' id='word_1_396' title='bbox 2921 2343 2997 2405; x_wconf 83' lang='grc' dir='ltr'><strong>ὡς</strong></span> <span class='ocrx_word' id='word_1_397' title='bbox 3033 2344 3118 2394; x_wconf 76' lang='grc' dir='ltr'><strong>ἐπ’</strong></span> <span class='ocrx_word' id='word_1_398' title='bbox 3149 2343 3418 2411; x_wconf 74' lang='grc' dir='ltr'><strong>ἀγκάλαις</strong></span> <span class='ocrx_word' id='word_1_399' title='bbox 3469 2343 3676 2414; x_wconf 82' lang='grc' dir='ltr'>βαστά-</span> 
     </span>
    </p>
   </div>
   <div class='ocr_carea' id='block_1_56' title="bbox 2104 2433 3676 2506">
    <p class='ocr_par' dir='ltr' id='par_1_56' title="bbox 2104 2433 3676 2506">
     <span class='ocr_line' id='line_1_57' title="bbox 2104 2433 3676 2506; baseline 0 -20"><span class='ocrx_word' id='word_1_400' title='bbox 2104 2433 2286 2499; x_wconf 78' lang='grc' dir='ltr'>ζοντες</span> <span class='ocrx_word' id='word_1_401' title='bbox 2339 2435 2399 2487; x_wconf 78' lang='grc' dir='ltr'>τὸ</span> <span class='ocrx_word' id='word_1_402' title='bbox 2489 2433 2654 2502; x_wconf 86' lang='grc' dir='ltr'>μήπω</span> <span class='ocrx_word' id='word_1_403' title='bbox 2705 2434 2896 2502; x_wconf 73' lang='grc' dir='ltr'>τεχθὲν</span> <span class='ocrx_word' id='word_1_404' title='bbox 2942 2435 3175 2498; x_wconf 81' lang='grc' dir='ltr'>παιδίον,</span> <span class='ocrx_word' id='word_1_405' title='bbox 3203 2435 3562 2506; x_wconf 77' lang='grc' dir='ltr'>ἀνεχώρησαν</span> <span class='ocrx_word' id='word_1_406' title='bbox 3593 2435 3676 2499; x_wconf 79' lang='grc' dir='ltr'><strong>είς</strong></span> 
     </span>
    </p>
   </div>
   <div class='ocr_carea' id='block_1_57' title="bbox 2095 2523 3674 2595">
    <p class='ocr_par' dir='ltr' id='par_1_57' title="bbox 2095 2523 3674 2595">
     <span class='ocr_line' id='line_1_58' title="bbox 2095 2523 3674 2595; baseline 0.001 -18"><span class='ocrx_word' id='word_1_407' title='bbox 2095 2526 2186 2578; x_wconf 78' lang='grc' dir='ltr'>τὸν</span> <span class='ocrx_word' id='word_1_408' title='bbox 2224 2523 2371 2578; x_wconf 80' lang='grc' dir='ltr'>οἷκον</span> <span class='ocrx_word' id='word_1_409' title='bbox 2429 2524 2630 2577; x_wconf 81' lang='grc' dir='ltr'>αὐτῶν.</span> <span class='ocrx_word' id='word_1_410' title='bbox 2649 2523 2755 2576; x_wconf 88' lang='grc' dir='ltr'><strong>Τοῦ</strong></span> <span class='ocrx_word' id='word_1_411' title='bbox 2787 2525 2978 2594; x_wconf 84' lang='grc' dir='ltr'>χρόνου</span> <span class='ocrx_word' id='word_1_412' title='bbox 3012 2524 3067 2578; x_wconf 83' lang='grc' dir='ltr'><strong>δὲ</strong></span> <span class='ocrx_word' id='word_1_413' title='bbox 3103 2527 3518 2595; x_wconf 82' lang='grc' dir='ltr'>περαιωθέντος,</span> <span class='ocrx_word' id='word_1_414' title='bbox 3553 2525 3674 2579; x_wconf 78' lang='grc' dir='ltr'>ἑτέ-</span> 
     </span>
    </p>
   </div>
   <div class='ocr_carea' id='block_1_58' title="bbox 2097 2615 3677 2688">
    <p class='ocr_par' dir='ltr' id='par_1_58' title="bbox 2097 2615 3677 2688">
     <span class='ocr_line' id='line_1_59' title="bbox 2097 2615 3677 2688; baseline 0 -17"><span class='ocrx_word' id='word_1_415' title='bbox 2097 2617 2199 2688; x_wconf 85' lang='grc' dir='ltr'>χθη</span> <span class='ocrx_word' id='word_1_416' title='bbox 2225 2617 2410 2681; x_wconf 80' lang='grc' dir='ltr'>αὐτοῖς</span> <span class='ocrx_word' id='word_1_417' title='bbox 2433 2618 2566 2681; x_wconf 81' lang='grc' dir='ltr'>υἱὸς,</span> <span class='ocrx_word' id='word_1_418' title='bbox 2581 2615 2764 2679; x_wconf 83' lang='grc' dir='ltr'>καθὼς</span> <span class='ocrx_word' id='word_1_419' title='bbox 2786 2617 3031 2687; x_wconf 86' lang='grc' dir='ltr'>προεῖδεν</span> <span class='ocrx_word' id='word_1_420' title='bbox 3053 2619 3083 2671; x_wconf 85' lang='grc' dir='ltr'>ὁ</span> <span class='ocrx_word' id='word_1_421' title='bbox 3107 2618 3320 2688; x_wconf 78' lang='grc' dir='ltr'>βλέπων</span> <span class='ocrx_word' id='word_1_422' title='bbox 3339 2618 3404 2671; x_wconf 76' lang='grc' dir='ltr'><strong>τὰ</strong></span> <span class='ocrx_word' id='word_1_423' title='bbox 3431 2618 3677 2688; x_wconf 73' lang='grc' dir='ltr'>ἔμπροσ-</span> 
     </span>
    </p>
   </div>
   <div class='ocr_carea' id='block_1_59' title="bbox 2105 2707 3674 2780">
    <p class='ocr_par' dir='ltr' id='par_1_59' title="bbox 2105 2707 3674 2780">
     <span class='ocr_line' id='line_1_60' title="bbox 2105 2707 3674 2780; baseline 0.001 -19"><span class='ocrx_word' id='word_1_424' title='bbox 2105 2711 2197 2761; x_wconf 82' lang='grc' dir='ltr'><strong>θεν</strong></span> <span class='ocrx_word' id='word_1_425' title='bbox 2238 2709 2331 2761; x_wconf 76' lang='grc' dir='ltr'><strong>καὶ</strong></span> <span class='ocrx_word' id='word_1_426' title='bbox 2379 2710 2640 2778; x_wconf 83' lang='grc' dir='ltr'>προεῖπεν</span> <span class='ocrx_word' id='word_1_427' title='bbox 2671 2707 2699 2759; x_wconf 84' lang='grc' dir='ltr'>ὁ</span> <span class='ocrx_word' id='word_1_428' title='bbox 2733 2707 2826 2760; x_wconf 90' lang='grc' dir='ltr'><strong>τοῦ</strong></span> <span class='ocrx_word' id='word_1_429' title='bbox 2877 2707 3014 2761; x_wconf 83' lang='grc' dir='ltr'>Θεοῦ</span> <span class='ocrx_word' id='word_1_430' title='bbox 3061 2710 3337 2780; x_wconf 77' lang='grc' dir='ltr'>θεράπων.</span> <span class='ocrx_word' id='word_1_431' title='bbox 3381 2710 3674 2775; x_wconf 79' lang='grc' dir='ltr'>Ἀξιώσαν-</span> 
     </span>
    </p>
   </div>
   <div class='ocr_carea' id='block_1_60' title="bbox 2097 2797 3676 2871">
    <p class='ocr_par' dir='ltr' id='par_1_60' title="bbox 2097 2797 3676 2871">
     <span class='ocr_line' id='line_1_61' title="bbox 2097 2797 3676 2871; baseline 0.001 -18"><span class='ocrx_word' id='word_1_432' title='bbox 2097 2817 2186 2864; x_wconf 85' lang='grc' dir='ltr'><strong>τες</strong></span> <span class='ocrx_word' id='word_1_433' title='bbox 2219 2799 2272 2852; x_wconf 80' lang='grc' dir='ltr'><strong>δὲ</strong></span> <span class='ocrx_word' id='word_1_434' title='bbox 2307 2799 2366 2852; x_wconf 81' lang='grc' dir='ltr'><strong>τὸ</strong></span> <span class='ocrx_word' id='word_1_435' title='bbox 2393 2797 2583 2868; x_wconf 80' lang='grc' dir='ltr'>τεχθὲν</span> <span class='ocrx_word' id='word_1_436' title='bbox 2611 2798 2708 2852; x_wconf 87' lang='grc' dir='ltr'><strong>τοῦ</strong></span> <span class='ocrx_word' id='word_1_437' title='bbox 2739 2800 2896 2868; x_wconf 81' lang='grc' dir='ltr'>ἁγίου</span> <span class='ocrx_word' id='word_1_438' title='bbox 2937 2801 3314 2870; x_wconf 82' lang='grc' dir='ltr'>βαπτίσματος</span> <span class='ocrx_word' id='word_1_439' title='bbox 3339 2842 3352 2861; x_wconf 89' lang='grc'><em>,</em></span> <span class='ocrx_word' id='word_1_440' title='bbox 3381 2802 3676 2871; x_wconf 80' lang='grc' dir='ltr'>ὠνόμασαν</span> 
     </span>
    </p>
   </div>
   <div class='ocr_carea' id='block_1_61' title="bbox 2097 2889 3680 2962">
    <p class='ocr_par' dir='ltr' id='par_1_61' title="bbox 2097 2889 3680 2962">
     <span class='ocr_line' id='line_1_62' title="bbox 2097 2889 3680 2962; baseline 0 -18"><span class='ocrx_word' id='word_1_441' title='bbox 2097 2892 2229 2945; x_wconf 75' lang='grc' dir='ltr'>αὐτὸ</span> <span class='ocrx_word' id='word_1_442' title='bbox 2275 2891 2498 2962; x_wconf 85' lang='grc' dir='ltr'>Πέτρον.</span> <span class='ocrx_word' id='word_1_443' title='bbox 2545 2889 2820 2955; x_wconf 84' lang='grc' dir='ltr'>Ἐλθόντες</span> <span class='ocrx_word' id='word_1_444' title='bbox 2869 2893 2924 2944; x_wconf 79' lang='grc' dir='ltr'><strong>δὲ</strong></span> <span class='ocrx_word' id='word_1_445' title='bbox 2983 2892 3120 2961; x_wconf 74' lang='grc' dir='ltr'>μετὰ</span> <span class='ocrx_word' id='word_1_446' title='bbox 3169 2891 3346 2945; x_wconf 85' lang='grc' dir='ltr'>ταῦτα</span> <span class='ocrx_word' id='word_1_447' title='bbox 3397 2894 3444 2944; x_wconf 79' lang='grc' dir='ltr'><strong>οἱ</strong></span> <span class='ocrx_word' id='word_1_448' title='bbox 3499 2895 3680 2960; x_wconf 78' lang='grc' dir='ltr'>γονεῖς</span> 
     </span>
    </p>
   </div>
   <div class='ocr_carea' id='block_1_62' title="bbox 417 2978 1998 3056">
    <p class='ocr_par' dir='ltr' id='par_1_62' title="bbox 417 2978 1996 3049">
     <span class='ocr_line' id='line_1_63' title="bbox 417 2978 1996 3049; baseline 0.003 -17"><span class='ocrx_word' id='word_1_449' title='bbox 417 2989 587 3034; x_wconf 77' lang='lat' dir='ltr'><strong>esset.</strong></span> <span class='ocrx_word' id='word_1_450' title='bbox 616 2978 894 3049; x_wconf 86' lang='lat' dir='ltr'><strong>Impositis</strong></span> <span class='ocrx_word' id='word_1_451' title='bbox 935 2988 1118 3033; x_wconf 84' lang='lat' dir='ltr'><strong>autem</strong></span> <span class='ocrx_word' id='word_1_452' title='bbox 1173 2993 1350 3048; x_wconf 88' lang='lat' dir='ltr'><strong>puero</strong></span> <span class='ocrx_word' id='word_1_453' title='bbox 1385 2981 1642 3035; x_wconf 86' lang='lat' dir='ltr'><strong>manibus</strong></span> <span class='ocrx_word' id='word_1_454' title='bbox 1676 2981 1860 3037; x_wconf 86' lang='lat' dir='ltr'><strong>eidem</strong></span> <span class='ocrx_word' id='word_1_455' title='bbox 1911 2984 1996 3037; x_wconf 80' lang='lat' dir='ltr'><strong>vir</strong></span> 
     </span>
    </p>
   </div>
   <div class='ocr_carea' id='block_1_63' title="bbox 2100 2978 3672 3056">
    <p class='ocr_par' dir='ltr' id='par_1_63' title="bbox 2101 2982 3672 3055">
     <span class='ocr_line' id='line_1_64' title="bbox 2101 2982 3672 3055; baseline -0.001 -18"><span class='ocrx_word' id='word_1_456' title='bbox 2101 2985 2193 3037; x_wconf 84' lang='grc' dir='ltr'><strong>τοῦ</strong></span> <span class='ocrx_word' id='word_1_457' title='bbox 2229 2982 2442 3036; x_wconf 78' lang='grc' dir='ltr'>παιδίου</span> <span class='ocrx_word' id='word_1_458' title='bbox 2485 2983 2604 3052; x_wconf 85' lang='grc' dir='ltr'>μετ’</span> <span class='ocrx_word' id='word_1_459' title='bbox 2631 2983 2797 3037; x_wconf 77' lang='grc' dir='ltr'>αὐτοῦ</span> <span class='ocrx_word' id='word_1_460' title='bbox 2839 2983 2974 3053; x_wconf 65' lang='grc' dir='ltr'>πρὸς</span> <span class='ocrx_word' id='word_1_461' title='bbox 3003 2985 3095 3036; x_wconf 74' lang='grc' dir='ltr'>τὸν</span> <span class='ocrx_word' id='word_1_462' title='bbox 3125 2985 3268 3038; x_wconf 85' lang='grc' dir='ltr'>ὅσιον</span> <span class='ocrx_word' id='word_1_463' title='bbox 3288 3025 3302 3048; x_wconf 87' lang='grc'>,</span> <span class='ocrx_word' id='word_1_464' title='bbox 3337 2987 3672 3055; x_wconf 81' lang='grc' dir='ltr'>περιεπτύσ-</span> 
     </span>
    </p>
   </div>
   <div class='ocr_carea' id='block_1_64' title="bbox 417 3069 2003 3142">
    <p class='ocr_par' dir='ltr' id='par_1_64' title="bbox 417 3069 2003 3142">
     <span class='ocr_line' id='line_1_65' title="bbox 417 3069 2003 3142; baseline 0.001 -15"><span class='ocrx_word' id='word_1_465' title='bbox 417 3082 639 3127; x_wconf 73' lang='lat' dir='ltr'><strong>sanctus</strong></span> <span class='ocrx_word' id='word_1_466' title='bbox 671 3069 976 3126; x_wconf 84' lang='lat' dir='ltr'><strong>benedixit.</strong></span> <span class='ocrx_word' id='word_1_467' title='bbox 1001 3069 1252 3141; x_wconf 88' lang='lat' dir='ltr'><strong>Cumque</strong></span> <span class='ocrx_word' id='word_1_468' title='bbox 1279 3071 1548 3126; x_wconf 85' lang='lat' dir='ltr'><strong>crevisset</strong></span> <span class='ocrx_word' id='word_1_469' title='bbox 1580 3073 1626 3126; x_wconf 90' lang='lat' dir='ltr'><strong>is</strong></span> <span class='ocrx_word' id='word_1_470' title='bbox 1657 3074 1750 3142; x_wconf 90' lang='lat' dir='ltr'><strong>qui</strong></span> <span class='ocrx_word' id='word_1_471' title='bbox 1779 3089 1846 3126; x_wconf 85' lang='lat' dir='ltr'><strong>ex</strong></span> <span class='ocrx_word' id='word_1_472' title='bbox 1863 3089 2003 3142; x_wconf 71' lang='lat' dir='ltr'><strong>prte-</strong></span> 
     </span>
    </p>
   </div>
   <div class='ocr_carea' id='block_1_65' title="bbox 421 3161 1997 3233">
    <p class='ocr_par' dir='ltr' id='par_1_65' title="bbox 421 3161 1997 3233">
     <span class='ocr_line' id='line_1_66' title="bbox 421 3161 1997 3233; baseline 0.001 -15"><span class='ocrx_word' id='word_1_473' title='bbox 421 3163 654 3218; x_wconf 88' lang='lat' dir='ltr'><strong>scientia</strong></span> <span class='ocrx_word' id='word_1_474' title='bbox 696 3171 754 3217; x_wconf 88' lang='lat' dir='ltr'><strong>et</strong></span> <span class='ocrx_word' id='word_1_475' title='bbox 777 3161 1041 3233; x_wconf 71' lang='lat' dir='ltr'><strong>precibus</strong></span> <span class='ocrx_word' id='word_1_476' title='bbox 1066 3162 1252 3217; x_wconf 89' lang='lat' dir='ltr'><strong>editus</strong></span> <span class='ocrx_word' id='word_1_477' title='bbox 1280 3163 1331 3216; x_wconf 91' lang='lat' dir='ltr'><strong>iu</strong></span> <span class='ocrx_word' id='word_1_478' title='bbox 1357 3163 1542 3218; x_wconf 90' lang='lat' dir='ltr'><strong>lucem</strong></span> <span class='ocrx_word' id='word_1_479' title='bbox 1599 3163 1806 3230; x_wconf 85' lang='lat' dir='ltr'><strong>fuerat,</strong></span> <span class='ocrx_word' id='word_1_480' title='bbox 1856 3165 1997 3220; x_wconf 88' lang='lat' dir='ltr'><strong>alter</strong></span> 
     </span>
    </p>
   </div>
   <div class='ocr_carea' id='block_1_66' title="bbox 417 3255 1999 3326">
    <p class='ocr_par' dir='ltr' id='par_1_66' title="bbox 417 3255 1999 3326">
     <span class='ocr_line' id='line_1_67' title="bbox 417 3255 1999 3326; baseline 0.002 -16"><span class='ocrx_word' id='word_1_481' title='bbox 417 3272 641 3326; x_wconf 85' lang='lat' dir='ltr'><strong>quoque</strong></span> <span class='ocrx_word' id='word_1_482' title='bbox 687 3265 849 3315; x_wconf 86' lang='lat' dir='ltr'><strong>natus</strong></span> <span class='ocrx_word' id='word_1_483' title='bbox 902 3265 988 3310; x_wconf 88' lang='lat' dir='ltr'><strong>est</strong></span> <span class='ocrx_word' id='word_1_484' title='bbox 1028 3255 1164 3311; x_wconf 88' lang='lat' dir='ltr'><strong>illis.</strong></span> <span class='ocrx_word' id='word_1_485' title='bbox 1211 3255 1404 3326; x_wconf 89' lang='lat' dir='ltr'><strong>Itaque</strong></span> <span class='ocrx_word' id='word_1_486' title='bbox 1459 3255 1752 3312; x_wconf 85' lang='lat' dir='ltr'><strong>venientes</strong></span> <span class='ocrx_word' id='word_1_487' title='bbox 1799 3273 1999 3313; x_wconf 89' lang='lat' dir='ltr'><strong>rursus</strong></span> 
     </span>
    </p>
   </div>
   <div class='ocr_carea' id='block_1_67' title="bbox 420 3348 1997 3413">
    <p class='ocr_par' dir='ltr' id='par_1_67' title="bbox 420 3348 1997 3413">
     <span class='ocr_line' id='line_1_68' title="bbox 420 3348 1997 3413; baseline -0.002 -10"><span class='ocrx_word' id='word_1_488' title='bbox 420 3349 612 3404; x_wconf 77' lang='lat' dir='ltr'><strong>atnbus</strong></span> <span class='ocrx_word' id='word_1_489' title='bbox 648 3348 789 3404; x_wconf 82' lang='lat' dir='ltr'><strong>filios</strong></span> <span class='ocrx_word' id='word_1_490' title='bbox 820 3348 886 3403; x_wconf 90' lang='lat' dir='ltr'><strong>ad</strong></span> <span class='ocrx_word' id='word_1_491' title='bbox 911 3357 1162 3406; x_wconf 87' lang='lat' dir='ltr'><strong>sanctum</strong></span> <span class='ocrx_word' id='word_1_492' title='bbox 1201 3351 1378 3404; x_wconf 88' lang='lat' dir='ltr'><strong>virum</strong></span> <span class='ocrx_word' id='word_1_493' title='bbox 1415 3351 1744 3413; x_wconf 86' lang='lat' dir='ltr'><strong>attulerunt,</strong></span> <span class='ocrx_word' id='word_1_494' title='bbox 1771 3349 1997 3404; x_wconf 75' lang='lat' dir='ltr'><strong>laudau-</strong></span> 
     </span>
    </p>
   </div>
   <div class='ocr_carea' id='block_1_68' title="bbox 422 3440 1999 3514">
    <p class='ocr_par' dir='ltr' id='par_1_68' title="bbox 422 3440 1999 3514">
     <span class='ocr_line' id='line_1_69' title="bbox 422 3440 1999 3514; baseline -0.002 -17"><span class='ocrx_word' id='word_1_495' title='bbox 422 3457 614 3514; x_wconf 79' lang='lat' dir='ltr'><strong>tesque</strong></span> <span class='ocrx_word' id='word_1_496' title='bbox 638 3445 810 3499; x_wconf 90' lang='lat' dir='ltr'><strong>Deum</strong></span> <span class='ocrx_word' id='word_1_497' title='bbox 841 3451 1200 3514; x_wconf 81' lang='lat' dir='ltr'><strong>rogaverunt,</strong></span> <span class='ocrx_word' id='word_1_498' title='bbox 1249 3457 1358 3512; x_wconf 91' lang='lat' dir='ltr'><strong>quo</strong></span> <span class='ocrx_word' id='word_1_499' title='bbox 1411 3440 1634 3496; x_wconf 90' lang='lat' dir='ltr'><strong>nomine</strong></span> <span class='ocrx_word' id='word_1_500' title='bbox 1685 3451 1999 3512; x_wconf 87' lang='lat' dir='ltr'><strong>postremus</strong></span> 
     </span>
    </p>
   </div>
   <div class='ocr_carea' id='block_1_69' title="bbox 419 3531 1995 3606">
    <p class='ocr_par' dir='ltr' id='par_1_69' title="bbox 419 3531 1995 3606">
     <span class='ocr_line' id='line_1_70' title="bbox 419 3531 1995 3606; baseline -0.002 -15"><span class='ocrx_word' id='word_1_501' title='bbox 419 3537 654 3592; x_wconf 84' lang='lat' dir='ltr'><strong>deberet</strong></span> <span class='ocrx_word' id='word_1_502' title='bbox 689 3535 974 3606; x_wconf 80' lang='lat' dir='ltr'><strong>appellari.</strong></span> <span class='ocrx_word' id='word_1_503' title='bbox 1023 3535 1128 3601; x_wconf 86' lang='lat' dir='ltr'><strong>Qui</strong></span> <span class='ocrx_word' id='word_1_504' title='bbox 1183 3543 1484 3604; x_wconf 89' lang='lat' dir='ltr'><strong>utrumque</strong></span> <span class='ocrx_word' id='word_1_505' title='bbox 1531 3534 1790 3598; x_wconf 86' lang='lat' dir='ltr'><strong>intuitus,</strong></span> <span class='ocrx_word' id='word_1_506' title='bbox 1857 3531 1995 3606; x_wconf 85' lang='lat' dir='ltr'><strong>illud</strong></span> 
     </span>
    </p>
   </div>
   <div class='ocr_carea' id='block_1_70' title="bbox 419 3623 1996 3696">
    <p class='ocr_par' dir='ltr' id='par_1_70' title="bbox 419 3623 1996 3696">
     <span class='ocr_line' id='line_1_71' title="bbox 419 3623 1996 3696; baseline -0.004 -12"><span class='ocrx_word' id='word_1_507' title='bbox 419 3629 736 3684; x_wconf 68' lang='lat' dir='ltr'><strong>Salommuis</strong></span> <span class='ocrx_word' id='word_1_508' title='bbox 779 3635 1014 3681; x_wconf 87' lang='lat' dir='ltr'><strong>venuste</strong></span> <span class='ocrx_word' id='word_1_509' title='bbox 1041 3624 1365 3696; x_wconf 87' lang='lat' dir='ltr'><strong>usurpavit:</strong></span> <span class='ocrx_word' id='word_1_510' title='bbox 1397 3644 1414 3676; x_wconf 71' lang='grc' dir='ltr'><strong>ι</strong></span> <span class='ocrx_word' id='word_1_511' title='bbox 1446 3624 1660 3690; x_wconf 87' lang='lat' dir='ltr'><strong>Frater,</strong></span> <span class='ocrx_word' id='word_1_512' title='bbox 1713 3623 1996 3693; x_wconf 89' lang='lat' dir='ltr'><strong>inquiens,</strong></span> 
     </span>
    </p>
   </div>
   <div class='ocr_carea' id='block_1_71' title="bbox 417 3715 1990 3791">
    <p class='ocr_par' dir='ltr' id='par_1_71' title="bbox 417 3715 1990 3791">
     <span class='ocr_line' id='line_1_72' title="bbox 417 3715 1990 3791; baseline -0.004 -16"><span class='ocrx_word' id='word_1_513' title='bbox 417 3721 513 3791; x_wconf 86' lang='lat' dir='ltr'><strong>qui</strong></span> <span class='ocrx_word' id='word_1_514' title='bbox 578 3719 874 3791; x_wconf 71' lang='lat' dir='ltr'><strong>adiuvatur</strong></span> <span class='ocrx_word' id='word_1_515' title='bbox 909 3733 939 3772; x_wconf 88' lang='lat' dir='ltr'><strong>a</strong></span> <span class='ocrx_word' id='word_1_516' title='bbox 991 3716 1188 3782; x_wconf 90' lang='lat' dir='ltr'><strong>fratre,</strong></span> <span class='ocrx_word' id='word_1_517' title='bbox 1211 3729 1466 3787; x_wconf 87' lang='lat' dir='ltr'><strong>tanquam</strong></span> <span class='ocrx_word' id='word_1_518' title='bbox 1499 3717 1696 3771; x_wconf 89' lang='lat' dir='ltr'><strong>civitas</strong></span> <span class='ocrx_word' id='word_1_519' title='bbox 1713 3715 1990 3772; x_wconf 55' lang='lat' dir='ltr'><strong>fortis&#39;h</strong></span> 
     </span>
    </p>
   </div>
   <div class='ocr_carea' id='block_1_72' title="bbox 418 3809 1999 3881">
    <p class='ocr_par' dir='ltr' id='par_1_72' title="bbox 418 3809 1999 3881">
     <span class='ocr_line' id='line_1_73' title="bbox 418 3809 1999 3881; baseline -0.004 -11"><span class='ocrx_word' id='word_1_520' title='bbox 418 3813 753 3870; x_wconf 84' lang='lat' dir='ltr'><strong>Parentibus</strong></span> <span class='ocrx_word' id='word_1_521' title='bbox 779 3821 964 3867; x_wconf 89' lang='lat' dir='ltr'><strong>autem</strong></span> <span class='ocrx_word' id='word_1_522' title='bbox 1033 3811 1280 3881; x_wconf 84' lang='lat' dir='ltr'><strong>ipsorum</strong></span> <span class='ocrx_word' id='word_1_523' title='bbox 1318 3810 1483 3864; x_wconf 72' lang='lat' dir='ltr'><strong>dixit:</strong></span> <span class='ocrx_word' id='word_1_524' title='bbox 1537 3809 1808 3864; x_wconf 84' lang='lat' dir='ltr'><strong>Joannem</strong></span> <span class='ocrx_word' id='word_1_525' title='bbox 1851 3813 1999 3863; x_wconf 87' lang='lat' dir='ltr'><strong>hunc</strong></span> 
     </span>
    </p>
   </div>
   <div class='ocr_carea' id='block_1_73' title="bbox 423 3898 1993 3976">
    <p class='ocr_par' dir='ltr' id='par_1_73' title="bbox 423 3898 1993 3976">
     <span class='ocr_line' id='line_1_74' title="bbox 423 3898 1993 3976; baseline -0.004 -16"><span class='ocrx_word' id='word_1_526' title='bbox 423 3905 798 3976; x_wconf 85' lang='lat' dir='ltr'><strong>appellabitis,</strong></span> <span class='ocrx_word' id='word_1_527' title='bbox 846 3905 1111 3972; x_wconf 87' lang='lat' dir='ltr'><strong>quoniam</strong></span> <span class='ocrx_word' id='word_1_528' title='bbox 1147 3903 1200 3954; x_wconf 91' lang='lat' dir='ltr'><strong>in</strong></span> <span class='ocrx_word' id='word_1_529' title='bbox 1241 3899 1357 3956; x_wconf 61' lang='lat' dir='ltr'><strong>aede</strong></span> <span class='ocrx_word' id='word_1_530' title='bbox 1393 3898 1448 3954; x_wconf 87' lang='lat' dir='ltr'><strong>S.</strong></span> <span class='ocrx_word' id='word_1_531' title='bbox 1503 3900 1734 3955; x_wconf 85' lang='lat' dir='ltr'><strong>Joannis</strong></span> <span class='ocrx_word' id='word_1_532' title='bbox 1777 3909 1993 3954; x_wconf 87' lang='lat' dir='ltr'><strong>vestras</strong></span> 
     </span>
    </p>
   </div>
   <div class='ocr_carea' id='block_1_74' title="bbox 419 3993 1994 4069">
    <p class='ocr_par' dir='ltr' id='par_1_74' title="bbox 419 3993 1994 4069">
     <span class='ocr_line' id='line_1_75' title="bbox 419 3993 1994 4069; baseline -0.004 -17"><span class='ocrx_word' id='word_1_533' title='bbox 419 4015 619 4069; x_wconf 73' lang='lat' dir='ltr'><strong>preces</strong></span> <span class='ocrx_word' id='word_1_534' title='bbox 668 3998 932 4051; x_wconf 83' lang='lat' dir='ltr'><strong>Dominus</strong></span> <span class='ocrx_word' id='word_1_535' title='bbox 983 3995 1285 4050; x_wconf 77' lang='lat' dir='ltr'><strong>exaudivit.</strong></span> <span class='ocrx_word' id='word_1_536' title='bbox 1329 3995 1748 4063; x_wconf 78' lang='lat' dir='ltr'><strong>Creveruntquc</strong></span> <span class='ocrx_word' id='word_1_537' title='bbox 1799 3993 1994 4063; x_wconf 87' lang='lat' dir='ltr'><strong>pueri,</strong></span> 
     </span>
    </p>
   </div>
   <div class='ocr_carea' id='block_1_75' title="bbox 393 4085 1990 4159">
    <p class='ocr_par' dir='ltr' id='par_1_75' title="bbox 393 4085 1990 4159">
     <span class='ocr_line' id='line_1_76' title="bbox 393 4085 1990 4159; baseline -0.004 -13"><span class='ocrx_word' id='word_1_538' title='bbox 393 4100 477 4146; x_wconf 63' lang='lat' dir='ltr'><strong>&#39;ct</strong></span> <span class='ocrx_word' id='word_1_539' title='bbox 509 4091 790 4159; x_wconf 75' lang='lat' dir='ltr'><strong>\ulgatutn</strong></span> <span class='ocrx_word' id='word_1_540' title='bbox 825 4097 908 4141; x_wconf 90' lang='lat' dir='ltr'><strong>est</strong></span> <span class='ocrx_word' id='word_1_541' title='bbox 930 4087 1037 4141; x_wconf 88' lang='lat' dir='ltr'><strong>hoc</strong></span> <span class='ocrx_word' id='word_1_542' title='bbox 1059 4088 1112 4140; x_wconf 89' lang='lat' dir='ltr'><strong>in</strong></span> <span class='ocrx_word' id='word_1_543' title='bbox 1146 4093 1264 4140; x_wconf 89' lang='lat' dir='ltr'><strong>tota</strong></span> <span class='ocrx_word' id='word_1_544' title='bbox 1298 4085 1390 4139; x_wconf 90' lang='lat' dir='ltr'><strong>illa</strong></span> <span class='ocrx_word' id='word_1_545' title='bbox 1437 4085 1683 4148; x_wconf 86' lang='lat' dir='ltr'><strong>civitate,</strong></span> <span class='ocrx_word' id='word_1_546' title='bbox 1709 4095 1762 4140; x_wconf 91' lang='lat' dir='ltr'><strong>et</strong></span> <span class='ocrx_word' id='word_1_547' title='bbox 1795 4101 1990 4140; x_wconf 89' lang='lat' dir='ltr'><strong>omnes</strong></span> 
     </span>
    </p>
   </div>
   <div class='ocr_carea' id='block_1_76' title="bbox 418 4177 1992 4244">
    <p class='ocr_par' dir='ltr' id='par_1_76' title="bbox 418 4177 1992 4244">
     <span class='ocr_line' id='line_1_77' title="bbox 418 4177 1992 4244; baseline -0.003 -7"><span class='ocrx_word' id='word_1_548' title='bbox 418 4181 806 4237; x_wconf 82' lang='lat' dir='ltr'><strong>collaudabaut</strong></span> <span class='ocrx_word' id='word_1_549' title='bbox 843 4181 1035 4234; x_wconf 91' lang='lat' dir='ltr'><strong>Deum.</strong></span> <span class='ocrx_word' id='word_1_550' title='bbox 1061 4179 1167 4234; x_wconf 84' lang='lat' dir='ltr'><strong>Sed</strong></span> <span class='ocrx_word' id='word_1_551' title='bbox 1198 4193 1312 4232; x_wconf 88' lang='lat' dir='ltr'><strong>rem</strong></span> <span class='ocrx_word' id='word_1_552' title='bbox 1373 4177 1536 4232; x_wconf 80' lang='lat' dir='ltr'><strong>aliam</strong></span> <span class='ocrx_word' id='word_1_553' title='bbox 1579 4178 1992 4244; x_wconf 88' lang='lat' dir='ltr'><strong>admirabilem,</strong></span> 
     </span>
    </p>
   </div>
   <div class='ocr_carea' id='block_1_77' title="bbox 417 4267 1758 4330">
    <p class='ocr_par' dir='ltr' id='par_1_77' title="bbox 417 4267 1758 4330">
     <span class='ocr_line' id='line_1_78' title="bbox 417 4267 1758 4330; baseline -0.004 -4"><span class='ocrx_word' id='word_1_554' title='bbox 417 4272 515 4326; x_wconf 86' lang='lat' dir='ltr'><strong>Dei</strong></span> <span class='ocrx_word' id='word_1_555' title='bbox 555 4272 762 4324; x_wconf 61' lang='lat' dir='ltr'><strong>auxiiio</strong></span> <span class='ocrx_word' id='word_1_556' title='bbox 788 4286 818 4325; x_wconf 94' lang='lat' dir='ltr'><strong>a</strong></span> <span class='ocrx_word' id='word_1_557' title='bbox 838 4277 1030 4324; x_wconf 89' lang='lat' dir='ltr'><strong>sancto</strong></span> <span class='ocrx_word' id='word_1_558' title='bbox 1060 4268 1180 4321; x_wconf 91' lang='lat' dir='ltr'><strong>viro</strong></span> <span class='ocrx_word' id='word_1_559' title='bbox 1205 4267 1426 4330; x_wconf 75' lang='lat' dir='ltr'><strong>fartam,</strong></span> <span class='ocrx_word' id='word_1_560' title='bbox 1453 4268 1758 4323; x_wconf 76' lang='lat' dir='ltr'><strong>videamus.</strong></span> 
     </span>
    </p>
   </div>
   <div class='ocr_carea' id='block_1_78' title="bbox 2106 3075 3677 3148">
    <p class='ocr_par' dir='ltr' id='par_1_78' title="bbox 2106 3075 3677 3148">
     <span class='ocr_line' id='line_1_79' title="bbox 2106 3075 3677 3148; baseline -0.002 -19"><span class='ocrx_word' id='word_1_561' title='bbox 2106 3093 2260 3129; x_wconf 86' lang='grc' dir='ltr'>σοντο</span> <span class='ocrx_word' id='word_1_562' title='bbox 2284 3077 2407 3138; x_wconf 78' lang='grc' dir='ltr'>τοὺς</span> <span class='ocrx_word' id='word_1_563' title='bbox 2445 3076 2612 3139; x_wconf 83' lang='grc' dir='ltr'>πόδας</span> <span class='ocrx_word' id='word_1_564' title='bbox 2636 3075 2823 3141; x_wconf 81' lang='grc' dir='ltr'>αὑτοῦ,</span> <span class='ocrx_word' id='word_1_565' title='bbox 2851 3075 3332 3147; x_wconf 71' lang='grc' dir='ltr'>ἐξομολογούμενοι</span> <span class='ocrx_word' id='word_1_566' title='bbox 3357 3076 3458 3129; x_wconf 80' lang='grc' dir='ltr'><strong>ὅσα</strong></span> <span class='ocrx_word' id='word_1_567' title='bbox 3489 3077 3677 3148; x_wconf 79' lang='grc' dir='ltr'>ἐποίη-</span> 
     </span>
    </p>
   </div>
   <div class='ocr_carea' id='block_1_79' title="bbox 2105 3166 3676 3240">
    <p class='ocr_par' dir='ltr' id='par_1_79' title="bbox 2105 3166 3676 3240">
     <span class='ocr_line' id='line_1_80' title="bbox 2105 3166 3676 3240; baseline -0.001 -18"><span class='ocrx_word' id='word_1_568' title='bbox 2105 3186 2164 3222; x_wconf 88' lang='grc' dir='ltr'><strong>σε</strong></span> <span class='ocrx_word' id='word_1_569' title='bbox 2248 3170 2366 3240; x_wconf 80' lang='grc' dir='ltr'>μετ’</span> <span class='ocrx_word' id='word_1_570' title='bbox 2396 3167 2574 3220; x_wconf 78' lang='grc' dir='ltr'>αὐτῶν</span> <span class='ocrx_word' id='word_1_571' title='bbox 2612 3169 2640 3220; x_wconf 80' lang='grc' dir='ltr'><strong>ὁ</strong></span> <span class='ocrx_word' id='word_1_572' title='bbox 2676 3167 2898 3238; x_wconf 80' lang='grc' dir='ltr'>Κύριος,</span> <span class='ocrx_word' id='word_1_573' title='bbox 2932 3169 3028 3221; x_wconf 78' lang='grc' dir='ltr'>καὶ</span> <span class='ocrx_word' id='word_1_574' title='bbox 3057 3170 3138 3222; x_wconf 81' lang='grc' dir='ltr'>ὅτι</span> <span class='ocrx_word' id='word_1_575' title='bbox 3186 3167 3418 3238; x_wconf 73' lang='grc' dir='ltr'>ἠλέησεν</span> <span class='ocrx_word' id='word_1_576' title='bbox 3455 3166 3676 3230; x_wconf 84' lang='grc' dir='ltr'>αὐτούς.</span> 
     </span>
    </p>
   </div>
   <div class='ocr_carea' id='block_1_80' title="bbox 2116 3249 3706 3326">
    <p class='ocr_par' dir='ltr' id='par_1_80' title="bbox 2116 3249 3706 3326">
     <span class='ocr_line' id='line_1_81' title="bbox 2116 3249 3706 3326; baseline -0.003 -14"><span class='ocrx_word' id='word_1_577' title='bbox 2116 3258 2356 3322; x_wconf 76' lang='grc' dir='ltr'>Ἐπιθεὶς</span> <span class='ocrx_word' id='word_1_578' title='bbox 2403 3258 2460 3311; x_wconf 83' lang='grc' dir='ltr'><strong>δὲ</strong></span> <span class='ocrx_word' id='word_1_579' title='bbox 2505 3257 2604 3319; x_wconf 86' lang='grc' dir='ltr'><strong>τὰς</strong></span> <span class='ocrx_word' id='word_1_580' title='bbox 2647 3260 2838 3326; x_wconf 82' lang='grc' dir='ltr'>χεῖρας</span> <span class='ocrx_word' id='word_1_581' title='bbox 2869 3255 3035 3309; x_wconf 81' lang='grc' dir='ltr'>αὐτοῦ</span> <span class='ocrx_word' id='word_1_582' title='bbox 3069 3258 3154 3310; x_wconf 77' lang='grc' dir='ltr'><strong>ἐπ’</strong></span> <span class='ocrx_word' id='word_1_583' title='bbox 3183 3256 3334 3324; x_wconf 82' lang='grc' dir='ltr'>αὐτῷ</span> <span class='ocrx_word' id='word_1_584' title='bbox 3373 3249 3706 3326; x_wconf 71' lang='grc' dir='ltr'>ηὐλόγησεν’</span> 
     </span>
    </p>
   </div>
   <div class='ocr_carea' id='block_1_81' title="bbox 2103 3345 3680 3416">
    <p class='ocr_par' dir='ltr' id='par_1_81' title="bbox 2103 3345 3680 3416">
     <span class='ocr_line' id='line_1_82' title="bbox 2103 3345 3680 3416; baseline -0.006 -11"><span class='ocrx_word' id='word_1_585' title='bbox 2103 3352 2284 3405; x_wconf 79' lang='grc' dir='ltr'>αὐτόν.</span> <span class='ocrx_word' id='word_1_586' title='bbox 2334 3348 2488 3402; x_wconf 82' lang='grc' dir='ltr'>Μετὰ</span> <span class='ocrx_word' id='word_1_587' title='bbox 2545 3347 2603 3400; x_wconf 84' lang='grc' dir='ltr'><strong>δὲ</strong></span> <span class='ocrx_word' id='word_1_588' title='bbox 2645 3347 2706 3402; x_wconf 78' lang='grc' dir='ltr'><strong>τὸ</strong></span> <span class='ocrx_word' id='word_1_589' title='bbox 2759 3346 3065 3416; x_wconf 79' lang='grc' dir='ltr'>αὐξηθῆναι</span> <span class='ocrx_word' id='word_1_590' title='bbox 3095 3347 3186 3400; x_wconf 67' lang='grc' dir='ltr'><strong>τόν</strong></span> <span class='ocrx_word' id='word_1_591' title='bbox 3218 3349 3284 3399; x_wconf 84' lang='grc' dir='ltr'>ὲκ</span> <span class='ocrx_word' id='word_1_592' title='bbox 3315 3345 3680 3416; x_wconf 82' lang='grc' dir='ltr'>προγνώσεως</span> 
     </span>
    </p>
   </div>
   <div class='ocr_carea' id='block_1_82' title="bbox 2102 3431 3680 3508">
    <p class='ocr_par' dir='ltr' id='par_1_82' title="bbox 2102 3431 3680 3508">
     <span class='ocr_line' id='line_1_83' title="bbox 2102 3431 3680 3508; baseline -0.004 -16"><span class='ocrx_word' id='word_1_593' title='bbox 2102 3441 2196 3492; x_wconf 79' lang='grc' dir='ltr'>καὶ</span> <span class='ocrx_word' id='word_1_594' title='bbox 2222 3438 2388 3508; x_wconf 72' lang='grc' dir='ltr'>εὐχῆς</span> <span class='ocrx_word' id='word_1_595' title='bbox 2415 3434 2742 3506; x_wconf 72' lang='grc' dir='ltr'>γεννηθέντα</span> <span class='ocrx_word' id='word_1_596' title='bbox 2765 3437 2862 3488; x_wconf 80' lang='grc' dir='ltr'>καὶ</span> <span class='ocrx_word' id='word_1_597' title='bbox 2886 3437 3090 3505; x_wconf 82' lang='grc' dir='ltr'>Πέτρον</span> <span class='ocrx_word' id='word_1_598' title='bbox 3112 3431 3404 3506; x_wconf 83' lang='grc' dir='ltr'>κληθέντα,</span> <span class='ocrx_word' id='word_1_599' title='bbox 3439 3434 3532 3487; x_wconf 70' lang='grc' dir='ltr'>καὶ</span> <span class='ocrx_word' id='word_1_600' title='bbox 3563 3433 3680 3487; x_wconf 76' lang='grc' dir='ltr'>ἓτε-</span> 
     </span>
    </p>
   </div>
   <div class='ocr_carea' id='block_1_83' title="bbox 2105 3525 3682 3602">
    <p class='ocr_par' dir='ltr' id='par_1_83' title="bbox 2105 3525 3682 3602">
     <span class='ocr_line' id='line_1_84' title="bbox 2105 3525 3682 3602; baseline -0.003 -20"><span class='ocrx_word' id='word_1_601' title='bbox 2105 3548 2196 3602; x_wconf 88' lang='grc' dir='ltr'><strong>ρος</strong></span> <span class='ocrx_word' id='word_1_602' title='bbox 2229 3527 2422 3599; x_wconf 73' lang='grc' dir='ltr'>ἐτέχθη</span> <span class='ocrx_word' id='word_1_603' title='bbox 2455 3528 2638 3588; x_wconf 82' lang='grc' dir='ltr'>αὐτοῖς</span> <span class='ocrx_word' id='word_1_604' title='bbox 2670 3527 2782 3590; x_wconf 78' lang='grc' dir='ltr'>υἱός</span> <span class='ocrx_word' id='word_1_605' title='bbox 2813 3545 2823 3555; x_wconf 91' lang='grc'>·</span> <span class='ocrx_word' id='word_1_606' title='bbox 2859 3525 3106 3588; x_wconf 73' lang='grc' dir='ltr'>ἐλθόντες</span> <span class='ocrx_word' id='word_1_607' title='bbox 3133 3525 3191 3578; x_wconf 85' lang='grc' dir='ltr'><strong>δὲ</strong></span> <span class='ocrx_word' id='word_1_608' title='bbox 3223 3525 3410 3593; x_wconf 71' lang='grc' dir='ltr'>πάλιν,</span> <span class='ocrx_word' id='word_1_609' title='bbox 3441 3526 3682 3596; x_wconf 68' lang='grc' dir='ltr'>ἦνεγκαν</span> 
     </span>
    </p>
   </div>
   <div class='ocr_carea' id='block_1_84' title="bbox 2101 3617 3678 3690">
    <p class='ocr_par' dir='ltr' id='par_1_84' title="bbox 2101 3617 3678 3690">
     <span class='ocr_line' id='line_1_85' title="bbox 2101 3617 3678 3690; baseline -0.003 -13"><span class='ocrx_word' id='word_1_610' title='bbox 2101 3626 2228 3685; x_wconf 75' lang='grc' dir='ltr'>τοῦς</span> <span class='ocrx_word' id='word_1_611' title='bbox 2283 3621 2376 3674; x_wconf 79' lang='grc' dir='ltr'><strong>δύο</strong></span> <span class='ocrx_word' id='word_1_612' title='bbox 2423 3621 2573 3683; x_wconf 66' lang='grc' dir='ltr'>υἱοὺς</span> <span class='ocrx_word' id='word_1_613' title='bbox 2607 3620 2742 3690; x_wconf 78' lang='grc' dir='ltr'>πρὸς</span> <span class='ocrx_word' id='word_1_614' title='bbox 2773 3618 2864 3671; x_wconf 71' lang='grc' dir='ltr'><strong>τὸν</strong></span> <span class='ocrx_word' id='word_1_615' title='bbox 2889 3619 3035 3672; x_wconf 79' lang='grc' dir='ltr'>ὅσιον</span> <span class='ocrx_word' id='word_1_616' title='bbox 3067 3617 3384 3682; x_wconf 77' lang='grc' dir='ltr'>δοξάζοντες</span> <span class='ocrx_word' id='word_1_617' title='bbox 3407 3618 3498 3670; x_wconf 77' lang='grc' dir='ltr'><strong>τὸν</strong></span> <span class='ocrx_word' id='word_1_618' title='bbox 3523 3617 3678 3672; x_wconf 82' lang='grc' dir='ltr'>Θεόν.</span> 
     </span>
    </p>
   </div>
   <div class='ocr_carea' id='block_1_85' title="bbox 2103 3709 3681 3786">
    <p class='ocr_par' dir='ltr' id='par_1_85' title="bbox 2103 3709 3681 3786">
     <span class='ocr_line' id='line_1_86' title="bbox 2103 3709 3681 3786; baseline -0.006 -17"><span class='ocrx_word' id='word_1_619' title='bbox 2103 3715 2450 3786; x_wconf 78' lang='grc' dir='ltr'>Παρεκάλουν</span> <span class='ocrx_word' id='word_1_620' title='bbox 2483 3713 2540 3766; x_wconf 79' lang='grc' dir='ltr'><strong>δὲ</strong></span> <span class='ocrx_word' id='word_1_621' title='bbox 2603 3713 2697 3764; x_wconf 75' lang='grc' dir='ltr'>τὸν</span> <span class='ocrx_word' id='word_1_622' title='bbox 2759 3713 3062 3782; x_wconf 82' lang='grc' dir='ltr'>θαυμάσιον</span> <span class='ocrx_word' id='word_1_623' title='bbox 3117 3713 3294 3765; x_wconf 85' lang='grc' dir='ltr'>εἰπεῖν</span> <span class='ocrx_word' id='word_1_624' title='bbox 3347 3711 3470 3765; x_wconf 85' lang='grc' dir='ltr'>τίνα</span> <span class='ocrx_word' id='word_1_625' title='bbox 3501 3709 3681 3780; x_wconf 80' lang='grc' dir='ltr'>χρεὼν</span> 
     </span>
    </p>
   </div>
   <div class='ocr_carea' id='block_1_86' title="bbox 2100 3803 3682 3876">
    <p class='ocr_par' dir='ltr' id='par_1_86' title="bbox 2100 3803 3682 3876">
     <span class='ocr_line' id='line_1_87' title="bbox 2100 3803 3682 3876; baseline -0.003 -18"><span class='ocrx_word' id='word_1_626' title='bbox 2100 3807 2364 3876; x_wconf 77' lang='grc' dir='ltr'>ὀνομάσαι</span> <span class='ocrx_word' id='word_1_627' title='bbox 2407 3805 2499 3858; x_wconf 75' lang='grc' dir='ltr'><strong>τὸν</strong></span> <span class='ocrx_word' id='word_1_628' title='bbox 2551 3803 2826 3874; x_wconf 80' lang='grc' dir='ltr'>δεύτερον.</span> <span class='ocrx_word' id='word_1_629' title='bbox 2869 3803 3012 3858; x_wconf 82' lang='grc' dir='ltr'><strong>Ἰδὼν</strong></span> <span class='ocrx_word' id='word_1_630' title='bbox 3041 3803 3096 3858; x_wconf 76' lang='grc' dir='ltr'><strong>δὲ</strong></span> <span class='ocrx_word' id='word_1_631' title='bbox 3126 3805 3224 3871; x_wconf 75' lang='grc' dir='ltr'><strong>τὴν</strong></span> <span class='ocrx_word' id='word_1_632' title='bbox 3257 3805 3522 3874; x_wconf 78' lang='grc' dir='ltr'>ξυνωρίδα</span> <span class='ocrx_word' id='word_1_633' title='bbox 3572 3803 3682 3855; x_wconf 80' lang='grc' dir='ltr'><strong>τῶν</strong></span> 
     </span>
    </p>
   </div>
   <div class='ocr_carea' id='block_1_87' title="bbox 2101 3893 3684 3965">
    <p class='ocr_par' dir='ltr' id='par_1_87' title="bbox 2101 3893 3684 3965">
     <span class='ocr_line' id='line_1_88' title="bbox 2101 3893 3684 3965; baseline -0.005 -15"><span class='ocrx_word' id='word_1_634' title='bbox 2101 3899 2326 3958; x_wconf 83' lang='grc' dir='ltr'>παίδων,</span> <span class='ocrx_word' id='word_1_635' title='bbox 2359 3897 2418 3949; x_wconf 75' lang='grc' dir='ltr'>τὸ</span> <span class='ocrx_word' id='word_1_636' title='bbox 2455 3895 2766 3964; x_wconf 78' lang='grc' dir='ltr'>Σολομῶντε</span> <span class='ocrx_word' id='word_1_637' title='bbox 2781 3912 2856 3948; x_wconf 88' lang='grc' dir='ltr'><strong>ιον</strong></span> <span class='ocrx_word' id='word_1_638' title='bbox 2911 3894 3213 3965; x_wconf 81' lang='grc' dir='ltr'>χαριέντως</span> <span class='ocrx_word' id='word_1_639' title='bbox 3273 3894 3573 3962; x_wconf 74' lang='grc' dir='ltr'>ἐφθέγξατο</span> <span class='ocrx_word' id='word_1_640' title='bbox 3603 3893 3684 3943; x_wconf 71' lang='grc' dir='ltr'><strong>εἱς-</strong></span> 
     </span>
    </p>
   </div>
   <div class='ocr_carea' id='block_1_88' title="bbox 2101 3985 3684 4058">
    <p class='ocr_par' dir='ltr' id='par_1_88' title="bbox 2101 3985 3684 4058">
     <span class='ocr_line' id='line_1_89' title="bbox 2101 3985 3684 4058; baseline -0.005 -15"><span class='ocrx_word' id='word_1_641' title='bbox 2101 3991 2238 4044; x_wconf 80' lang='grc' dir='ltr'>πών·</span> <span class='ocrx_word' id='word_1_642' title='bbox 2281 4009 2298 4041; x_wconf 80' lang='grc' dir='ltr'><strong>ι</strong></span> <span class='ocrx_word' id='word_1_643' title='bbox 2351 3988 2604 4057; x_wconf 75' lang='grc' dir='ltr'>Ἀδελιρδς</span> <span class='ocrx_word' id='word_1_644' title='bbox 2637 3987 2743 4040; x_wconf 78' lang='grc' dir='ltr'>ὑπὸ</span> <span class='ocrx_word' id='word_1_645' title='bbox 2769 3987 2998 4055; x_wconf 81' lang='grc' dir='ltr'>ἀδελφοῦ</span> <span class='ocrx_word' id='word_1_646' title='bbox 3032 3986 3390 4058; x_wconf 82' lang='grc' dir='ltr'>βοηθούμενος</span> <span class='ocrx_word' id='word_1_647' title='bbox 3421 3987 3496 4048; x_wconf 87' lang='grc' dir='ltr'>ὡς</span> <span class='ocrx_word' id='word_1_648' title='bbox 3529 3985 3684 4046; x_wconf 77' lang='grc' dir='ltr'>πόλις</span> 
     </span>
    </p>
   </div>
   <div class='ocr_carea' id='block_1_89' title="bbox 2098 4077 3686 4152">
    <p class='ocr_par' dir='ltr' id='par_1_89' title="bbox 2098 4077 3686 4152">
     <span class='ocr_line' id='line_1_90' title="bbox 2098 4077 3686 4152; baseline -0.002 -17"><span class='ocrx_word' id='word_1_649' title='bbox 2098 4081 2275 4152; x_wconf 78' lang='grc' dir='ltr'><strong>ὀχυρά</strong></span> <span class='ocrx_word' id='word_1_650' title='bbox 2312 4095 2324 4110; x_wconf 88' lang='grc'><strong>·</strong></span> <span class='ocrx_word' id='word_1_651' title='bbox 2366 4101 2384 4134; x_wconf 71' lang='grc' dir='ltr'><strong>ι</strong></span> <span class='ocrx_word' id='word_1_652' title='bbox 2420 4085 2526 4143; x_wconf 86' lang='grc' dir='ltr'>τοῖς</span> <span class='ocrx_word' id='word_1_653' title='bbox 2557 4080 2614 4133; x_wconf 78' lang='grc' dir='ltr'>δὲ</span> <span class='ocrx_word' id='word_1_654' title='bbox 2643 4079 2892 4148; x_wconf 83' lang='grc' dir='ltr'>γονεῦσιν</span> <span class='ocrx_word' id='word_1_655' title='bbox 2919 4081 3098 4133; x_wconf 79' lang='grc' dir='ltr'>αὐτῶν</span> <span class='ocrx_word' id='word_1_656' title='bbox 3128 4077 3300 4134; x_wconf 65' lang='grc' dir='ltr'>εἶπενο</span> <span class='ocrx_word' id='word_1_657' title='bbox 3319 4081 3572 4149; x_wconf 80' lang='grc' dir='ltr'>Ἰωάννην</span> <span class='ocrx_word' id='word_1_658' title='bbox 3592 4078 3686 4129; x_wconf 85' lang='grc' dir='ltr'>τδν</span> 
     </span>
    </p>
   </div>
   <div class='ocr_carea' id='block_1_90' title="bbox 2098 4173 3686 4246">
    <p class='ocr_par' dir='ltr' id='par_1_90' title="bbox 2098 4173 3686 4246">
     <span class='ocr_line' id='line_1_91' title="bbox 2098 4173 3686 4246; baseline -0.003 -16"><span class='ocrx_word' id='word_1_659' title='bbox 2098 4178 2344 4244; x_wconf 79' lang='grc' dir='ltr'>δεύτερον</span> <span class='ocrx_word' id='word_1_660' title='bbox 2372 4176 2657 4240; x_wconf 80' lang='grc' dir='ltr'>καλέσατε,</span> <span class='ocrx_word' id='word_1_661' title='bbox 2677 4175 2765 4228; x_wconf 82' lang='grc' dir='ltr'><strong>διὰ</strong></span> <span class='ocrx_word' id='word_1_662' title='bbox 2791 4175 2850 4227; x_wconf 81' lang='grc' dir='ltr'><strong>τὸ</strong></span> <span class='ocrx_word' id='word_1_663' title='bbox 2878 4177 2934 4227; x_wconf 83' lang='grc' dir='ltr'><strong>ὲν</strong></span> <span class='ocrx_word' id='word_1_664' title='bbox 2962 4175 3037 4246; x_wconf 75' lang='grc' dir='ltr'>τῷ</span> <span class='ocrx_word' id='word_1_665' title='bbox 3065 4177 3195 4245; x_wconf 80' lang='grc' dir='ltr'>οἴκῳ</span> <span class='ocrx_word' id='word_1_666' title='bbox 3221 4175 3314 4228; x_wconf 87' lang='grc' dir='ltr'><strong>τοῦ</strong></span> <span class='ocrx_word' id='word_1_667' title='bbox 3333 4175 3485 4243; x_wconf 83' lang='grc' dir='ltr'>ἁγίου</span> <span class='ocrx_word' id='word_1_668' title='bbox 3501 4173 3686 4226; x_wconf 61' lang='grc' dir='ltr'>Ίωὰνη</span> 
     </span>
    </p>
   </div>
   <div class='ocr_carea' id='block_1_91' title="bbox 2101 4265 3682 4340">
    <p class='ocr_par' dir='ltr' id='par_1_91' title="bbox 2101 4265 3682 4340">
     <span class='ocr_line' id='line_1_92' title="bbox 2101 4265 3682 4340; baseline -0.004 -16"><span class='ocrx_word' id='word_1_669' title='bbox 2101 4289 2192 4324; x_wconf 90' lang='grc' dir='ltr'><strong>νου</strong></span> <span class='ocrx_word' id='word_1_670' title='bbox 2225 4269 2528 4323; x_wconf 80' lang='grc' dir='ltr'>ἐπακοῦσαι</span> <span class='ocrx_word' id='word_1_671' title='bbox 2577 4270 2778 4340; x_wconf 80' lang='grc' dir='ltr'>Κύριον</span> <span class='ocrx_word' id='word_1_672' title='bbox 2810 4269 2898 4320; x_wconf 77' lang='grc' dir='ltr'><strong>τὸν</strong></span> <span class='ocrx_word' id='word_1_673' title='bbox 2930 4269 3060 4320; x_wconf 68' lang='grc' dir='ltr'>Θεὸν</span> <span class='ocrx_word' id='word_1_674' title='bbox 3089 4270 3184 4335; x_wconf 70' lang='grc' dir='ltr'>τῆς</span> <span class='ocrx_word' id='word_1_675' title='bbox 3211 4268 3448 4338; x_wconf 79' lang='grc' dir='ltr'>δεήσεως</span> <span class='ocrx_word' id='word_1_676' title='bbox 3505 4265 3682 4331; x_wconf 83' lang='grc' dir='ltr'>ὑμῶν.</span> 
     </span>
    </p>
   </div>
   <div class='ocr_carea' id='block_1_92' title="bbox 421 4357 3682 4438">
    <p class='ocr_par' dir='ltr' id='par_1_92' title="bbox 421 4357 3682 4438">
     <span class='ocr_line' id='line_1_93' title="bbox 421 4357 3682 4438; baseline -0.001 -23"><span class='ocrx_word' id='word_1_677' title='bbox 421 4363 750 4433; x_wconf 67' lang='grc' dir='ltr'>Πύξὴθησαν</span> <span class='ocrx_word' id='word_1_678' title='bbox 805 4361 859 4414; x_wconf 79' lang='grc' dir='ltr'><strong>δὲ</strong></span> <span class='ocrx_word' id='word_1_679' title='bbox 892 4362 958 4413; x_wconf 82' lang='grc' dir='ltr'>τὰ</span> <span class='ocrx_word' id='word_1_680' title='bbox 1017 4361 1230 4425; x_wconf 83' lang='grc' dir='ltr'>παιδία,</span> <span class='ocrx_word' id='word_1_681' title='bbox 1261 4361 1352 4413; x_wconf 61' lang='grc' dir='ltr'><strong>καὶ</strong></span> <span class='ocrx_word' id='word_1_682' title='bbox 1377 4361 1708 4433; x_wconf 76' lang='grc' dir='ltr'>διεφημίσθη</span> <span class='ocrx_word' id='word_1_683' title='bbox 1743 4364 1904 4417; x_wconf 80' lang='grc' dir='ltr'>τοῦτο</span> <span class='ocrx_word' id='word_1_684' title='bbox 1929 4366 1986 4418; x_wconf 81' lang='grc' dir='ltr'>ὲν</span> <span class='ocrx_word' id='word_1_685' title='bbox 2023 4366 2118 4438; x_wconf 76' lang='grc' dir='ltr'>ὅλη</span> <span class='ocrx_word' id='word_1_686' title='bbox 2148 4369 2214 4437; x_wconf 76' lang='grc' dir='ltr'>τῇ</span> <span class='ocrx_word' id='word_1_687' title='bbox 2244 4365 2396 4418; x_wconf 83' lang='grc' dir='ltr'>πόλει</span> <span class='ocrx_word' id='word_1_688' title='bbox 2433 4361 2640 4434; x_wconf 80' lang='grc' dir='ltr'>ἐκείνῃ,</span> <span class='ocrx_word' id='word_1_689' title='bbox 2701 4363 2796 4415; x_wconf 65' lang='grc' dir='ltr'><strong>καὶ¹</strong></span> <span class='ocrx_word' id='word_1_690' title='bbox 2854 4361 3093 4424; x_wconf 74' lang='grc' dir='ltr'>ἅπαντες</span> <span class='ocrx_word' id='word_1_691' title='bbox 3118 4359 3379 4424; x_wconf 72' lang='grc' dir='ltr'>ἐδόξασαν</span> <span class='ocrx_word' id='word_1_692' title='bbox 3407 4357 3498 4409; x_wconf 80' lang='grc' dir='ltr'>τὸν</span> <span class='ocrx_word' id='word_1_693' title='bbox 3525 4357 3682 4412; x_wconf 78' lang='grc' dir='ltr'>Θεὸν.</span> 
     </span>
    </p>
   </div>
   <div class='ocr_carea' id='block_1_93' title="bbox 417 4455 2087 4531">
    <p class='ocr_par' dir='ltr' id='par_1_93' title="bbox 417 4455 2087 4531">
     <span class='ocr_line' id='line_1_94' title="bbox 417 4455 2087 4531; baseline 0.004 -23"><span class='ocrx_word' id='word_1_694' title='bbox 417 4457 551 4509; x_wconf 84' lang='grc' dir='ltr'>Τίνα</span> <span class='ocrx_word' id='word_1_695' title='bbox 603 4457 660 4509; x_wconf 75' lang='grc' dir='ltr'><strong>δὲ</strong></span> <span class='ocrx_word' id='word_1_696' title='bbox 705 4458 797 4510; x_wconf 69' lang='grc' dir='ltr'>καὶ</span> <span class='ocrx_word' id='word_1_697' title='bbox 837 4455 1000 4527; x_wconf 72' lang='grc' dir='ltr'>ἔτερα</span> <span class='ocrx_word' id='word_1_698' title='bbox 1051 4457 1340 4528; x_wconf 76' lang='grc' dir='ltr'>συνεργείᾳ</span> <span class='ocrx_word' id='word_1_699' title='bbox 1377 4456 1512 4509; x_wconf 87' lang='grc' dir='ltr'>Θεοῦ</span> <span class='ocrx_word' id='word_1_700' title='bbox 1557 4458 1816 4526; x_wconf 84' lang='grc' dir='ltr'>γέγονεν,</span> <span class='ocrx_word' id='word_1_701' title='bbox 1865 4459 2087 4531; x_wconf 76' lang='grc' dir='ltr'>ἴδωμεν.</span> 
     </span>
    </p>
   </div>
   <div class='ocr_carea' id='block_1_94' title="bbox 488 4544 1998 4628">
    <p class='ocr_par' dir='ltr' id='par_1_94' title="bbox 488 4549 1980 4621">
     <span class='ocr_line' id='line_1_95' title="bbox 488 4549 1980 4621; baseline 0.003 -17"><span class='ocrx_word' id='word_1_702' title='bbox 488 4551 579 4604; x_wconf 67' lang='grc'><strong>47.</strong></span> <span class='ocrx_word' id='word_1_703' title='bbox 615 4551 906 4621; x_wconf 85' lang='lat' dir='ltr'><strong>Presbyter</strong></span> <span class='ocrx_word' id='word_1_704' title='bbox 938 4549 1158 4620; x_wconf 81' lang='lat' dir='ltr'><strong>quidam</strong></span> <span class='ocrx_word' id='word_1_705' title='bbox 1196 4551 1329 4621; x_wconf 78' lang='lat'><strong>(36),</strong></span> <span class='ocrx_word' id='word_1_706' title='bbox 1355 4567 1385 4605; x_wconf 90' lang='lat' dir='ltr'><strong>e</strong></span> <span class='ocrx_word' id='word_1_707' title='bbox 1417 4551 1545 4605; x_wconf 90' lang='lat' dir='ltr'><strong>villa</strong></span> <span class='ocrx_word' id='word_1_708' title='bbox 1571 4551 1639 4604; x_wconf 89' lang='lat' dir='ltr'><strong>ad</strong></span> <span class='ocrx_word' id='word_1_709' title='bbox 1687 4555 1980 4609; x_wconf 83' lang='lat' dir='ltr'><strong>sanctissi-</strong></span> 
     </span>
    </p>
   </div>
   <div class='ocr_carea' id='block_1_95' title="bbox 2100 4544 3678 4628">
    <p class='ocr_par' dir='ltr' id='par_1_95' title="bbox 2174 4544 3678 4628">
     <span class='ocr_line' id='line_1_96' title="bbox 2174 4544 3678 4628; baseline -0.01 -18"><span class='ocrx_word' id='word_1_710' title='bbox 2174 4555 2282 4628; x_wconf 66' lang='grc' dir='ltr'>με’.</span> <span class='ocrx_word' id='word_1_711' title='bbox 2323 4555 2700 4628; x_wconf 75' lang='grc' dir='ltr'>Πρεσϐύτερός</span> <span class='ocrx_word' id='word_1_712' title='bbox 2755 4570 2858 4618; x_wconf 87' lang='grc' dir='ltr'>τις,</span> <span class='ocrx_word' id='word_1_713' title='bbox 2913 4551 3113 4622; x_wconf 78' lang='grc' dir='ltr'>χωρίου</span> <span class='ocrx_word' id='word_1_714' title='bbox 3167 4548 3516 4618; x_wconf 59' lang='grc' dir='ltr'>διαφέροντος</span> <span class='ocrx_word' id='word_1_715' title='bbox 3577 4544 3678 4612; x_wconf 77' lang='grc' dir='ltr'>τῆς</span> 
     </span>
    </p>
   </div>
   <div class='ocr_carea' id='block_1_96' title="bbox 423 4643 1989 4716">
    <p class='ocr_par' dir='ltr' id='par_1_96' title="bbox 423 4643 1989 4716">
     <span class='ocr_line' id='line_1_97' title="bbox 423 4643 1989 4716; baseline 0.002 -18"><span class='ocrx_word' id='word_1_716' title='bbox 423 4658 567 4698; x_wconf 86' lang='lat' dir='ltr'><strong>tuam</strong></span> <span class='ocrx_word' id='word_1_717' title='bbox 601 4645 866 4714; x_wconf 87' lang='lat' dir='ltr'><strong>majorem</strong></span> <span class='ocrx_word' id='word_1_718' title='bbox 889 4644 1176 4698; x_wconf 74' lang='lat' dir='ltr'><strong>ecclesiam</strong></span> <span class='ocrx_word' id='word_1_719' title='bbox 1200 4645 1540 4716; x_wconf 77' lang='lat' dir='ltr'><strong>pertinente,</strong></span> <span class='ocrx_word' id='word_1_720' title='bbox 1604 4643 1778 4698; x_wconf 84' lang='lat' dir='ltr'><strong>filium</strong></span> <span class='ocrx_word' id='word_1_721' title='bbox 1815 4644 1989 4701; x_wconf 84' lang='lat' dir='ltr'><strong>babe-</strong></span> 
     </span>
    </p>
   </div>
   <div class='ocr_carea' id='block_1_97' title="bbox 421 4733 1994 4804">
    <p class='ocr_par' dir='ltr' id='par_1_97' title="bbox 421 4733 1994 4804">
     <span class='ocr_line' id='line_1_98' title="bbox 421 4733 1994 4804; baseline 0.002 -18"><span class='ocrx_word' id='word_1_722' title='bbox 421 4733 510 4787; x_wconf 86' lang='lat' dir='ltr'><strong>bat</strong></span> <span class='ocrx_word' id='word_1_723' title='bbox 545 4733 775 4788; x_wconf 86' lang='lat' dir='ltr'><strong>surdum</strong></span> <span class='ocrx_word' id='word_1_724' title='bbox 809 4747 864 4789; x_wconf 83' lang='lat' dir='ltr'><strong>et</strong></span> <span class='ocrx_word' id='word_1_725' title='bbox 896 4743 1133 4798; x_wconf 89' lang='lat' dir='ltr'><strong>mutum,</strong></span> <span class='ocrx_word' id='word_1_726' title='bbox 1161 4749 1432 4788; x_wconf 89' lang='lat' dir='ltr'><strong>annorum</strong></span> <span class='ocrx_word' id='word_1_727' title='bbox 1464 4733 1688 4788; x_wconf 89' lang='lat' dir='ltr'><strong>circiter</strong></span> <span class='ocrx_word' id='word_1_728' title='bbox 1721 4742 1994 4804; x_wconf 87' lang='lat' dir='ltr'><strong>quatuor-</strong></span> 
     </span>
    </p>
   </div>
   <div class='ocr_carea' id='block_1_98' title="bbox 419 4827 1998 4900">
    <p class='ocr_par' dir='ltr' id='par_1_98' title="bbox 419 4827 1998 4900">
     <span class='ocr_line' id='line_1_99' title="bbox 419 4827 1998 4900; baseline -0.003 -16"><span class='ocrx_word' id='word_1_729' title='bbox 419 4829 635 4884; x_wconf 89' lang='lat' dir='ltr'><strong>decim:</strong></span> <span class='ocrx_word' id='word_1_730' title='bbox 685 4843 848 4899; x_wconf 87' lang='lat' dir='ltr'><strong>quem</strong></span> <span class='ocrx_word' id='word_1_731' title='bbox 881 4828 948 4882; x_wconf 90' lang='lat' dir='ltr'><strong>ad</strong></span> <span class='ocrx_word' id='word_1_732' title='bbox 979 4837 1232 4883; x_wconf 91' lang='lat' dir='ltr'><strong>sanctum</strong></span> <span class='ocrx_word' id='word_1_733' title='bbox 1263 4827 1442 4882; x_wconf 86' lang='lat' dir='ltr'><strong>virum</strong></span> <span class='ocrx_word' id='word_1_734' title='bbox 1498 4829 1815 4898; x_wconf 85' lang='lat' dir='ltr'><strong>perducens</strong></span> <span class='ocrx_word' id='word_1_735' title='bbox 1869 4843 1998 4900; x_wconf 84' lang='lat' dir='ltr'><strong>Sup-</strong></span> 
     </span>
    </p>
   </div>
   <div class='ocr_carea' id='block_1_99' title="bbox 418 4921 1996 4994">
    <p class='ocr_par' dir='ltr' id='par_1_99' title="bbox 418 4921 1996 4994">
     <span class='ocr_line' id='line_1_100' title="bbox 418 4921 1996 4994; baseline 0.001 -18"><span class='ocrx_word' id='word_1_736' title='bbox 418 4923 680 4994; x_wconf 86' lang='lat' dir='ltr'><strong>plicabat,</strong></span> <span class='ocrx_word' id='word_1_737' title='bbox 719 4933 778 4976; x_wconf 89' lang='lat' dir='ltr'><strong>ut</strong></span> <span class='ocrx_word' id='word_1_738' title='bbox 809 4921 911 4991; x_wconf 85' lang='lat' dir='ltr'><strong>ipsi</strong></span> <span class='ocrx_word' id='word_1_739' title='bbox 949 4939 978 4975; x_wconf 90' lang='lat' dir='ltr'><strong>a</strong></span> <span class='ocrx_word' id='word_1_740' title='bbox 1010 4923 1122 4975; x_wconf 85' lang='lat' dir='ltr'><strong>Deo</strong></span> <span class='ocrx_word' id='word_1_741' title='bbox 1175 4937 1335 4990; x_wconf 88' lang='lat' dir='ltr'><strong>opem</strong></span> <span class='ocrx_word' id='word_1_742' title='bbox 1399 4923 1748 4991; x_wconf 87' lang='lat' dir='ltr'><strong>impetraret.</strong></span> <span class='ocrx_word' id='word_1_743' title='bbox 1807 4923 1996 4992; x_wconf 84' lang='lat' dir='ltr'><strong>Itaque</strong></span> 
     </span>
    </p>
   </div>
   <div class='ocr_carea' id='block_1_100' title="bbox 419 5012 1999 5084">
    <p class='ocr_par' dir='ltr' id='par_1_100' title="bbox 419 5012 1999 5084">
     <span class='ocr_line' id='line_1_101' title="bbox 419 5012 1999 5084; baseline -0.001 -16"><span class='ocrx_word' id='word_1_744' title='bbox 419 5029 546 5069; x_wconf 88' lang='lat' dir='ltr'><strong>cum</strong></span> <span class='ocrx_word' id='word_1_745' title='bbox 571 5029 673 5084; x_wconf 90' lang='lat' dir='ltr'><strong>pro</strong></span> <span class='ocrx_word' id='word_1_746' title='bbox 727 5015 818 5068; x_wconf 87' lang='lat' dir='ltr'><strong>illo</strong></span> <span class='ocrx_word' id='word_1_747' title='bbox 859 5029 1056 5084; x_wconf 86' lang='lat' dir='ltr'><strong>preces</strong></span> <span class='ocrx_word' id='word_1_748' title='bbox 1079 5012 1338 5079; x_wconf 84' lang='lat' dir='ltr'><strong>fudisset,</strong></span> <span class='ocrx_word' id='word_1_749' title='bbox 1372 5027 1570 5068; x_wconf 88' lang='lat' dir='ltr'><strong>omnes</strong></span> <span class='ocrx_word' id='word_1_750' title='bbox 1621 5013 1746 5084; x_wconf 81' lang='lat' dir='ltr'><strong>ejus</strong></span> <span class='ocrx_word' id='word_1_751' title='bbox 1799 5029 1999 5068; x_wconf 78' lang='lat' dir='ltr'><strong>sensus</strong></span> 
     </span>
    </p>
   </div>
   <div class='ocr_carea' id='block_1_101' title="bbox 494 5176 919 5242">
    <p class='ocr_par' dir='ltr' id='par_1_101' title="bbox 494 5176 919 5242">
     <span class='ocr_line' id='line_1_102' title="bbox 494 5176 919 5242; baseline -0.005 -12"><span class='ocrx_word' id='word_1_752' title='bbox 494 5180 538 5210; x_wconf 64' lang='grc' dir='ltr'><strong>’δ’</strong></span> <span class='ocrx_word' id='word_1_753' title='bbox 589 5177 704 5232; x_wconf 84' lang='lat' dir='ltr'><strong>Jac.</strong></span> <span class='ocrx_word' id='word_1_754' title='bbox 739 5195 791 5242; x_wconf 87' lang='lat' dir='ltr'><strong>v,</strong></span> <span class='ocrx_word' id='word_1_755' title='bbox 833 5176 919 5230; x_wconf 75' lang='lat' dir='ltr'><strong>M.</strong></span> 
     </span>
    </p>
   </div>
   <div class='ocr_carea' id='block_1_102' title="bbox 500 5294 974 5365">
    <p class='ocr_par' dir='ltr' id='par_1_102' title="bbox 500 5294 974 5365">
     <span class='ocr_line' id='line_1_103' title="bbox 500 5294 974 5365; baseline -0.002 -18"><span class='ocrx_word' id='word_1_756' title='bbox 500 5294 570 5365; x_wconf 70' lang='grc' dir='ltr'><strong>(ι)</strong></span> <span class='ocrx_word' id='word_1_757' title='bbox 627 5295 726 5348; x_wconf 83' lang='lat' dir='ltr'><strong>Ms.</strong></span> <span class='ocrx_word' id='word_1_758' title='bbox 763 5295 974 5364; x_wconf 83' lang='grc' dir='ltr'>ἕγηνος.</span> 
     </span>
    </p>
   </div>
   <div class='ocr_carea' id='block_1_103' title="bbox 1005 5175 1586 5240">
    <p class='ocr_par' dir='ltr' id='par_1_103' title="bbox 1005 5175 1586 5240">
     <span class='ocr_line' id='line_1_104' title="bbox 1005 5175 1586 5240; baseline 0.003 -8"><span class='ocrx_word' id='word_1_759' title='bbox 1005 5175 1048 5206; x_wconf 74' lang='grc'><strong>⁵⁸</strong></span> <span class='ocrx_word' id='word_1_760' title='bbox 1107 5176 1272 5232; x_wconf 83' lang='lat' dir='ltr'><strong>Prov.</strong></span> <span class='ocrx_word' id='word_1_761' title='bbox 1315 5191 1464 5240; x_wconf 79' lang='lat' dir='ltr'><strong>xvtu,</strong></span> <span class='ocrx_word' id='word_1_762' title='bbox 1501 5175 1586 5234; x_wconf 79' lang='lat' dir='ltr'><strong>l9.</strong></span> 
     </span>
    </p>
   </div>
   <div class='ocr_carea' id='block_1_104' title="bbox 492 5432 1990 5504">
    <p class='ocr_par' dir='ltr' id='par_1_104' title="bbox 492 5432 1990 5504">
     <span class='ocr_line' id='line_1_105' title="bbox 492 5432 1990 5504; baseline 0.001 -18"><span class='ocrx_word' id='word_1_763' title='bbox 492 5434 606 5504; x_wconf 84' lang='grc'><strong>(55)</strong></span> <span class='ocrx_word' id='word_1_764' title='bbox 631 5435 846 5504; x_wconf 72' lang='lat' dir='ltr'><strong>Duplex</strong></span> <span class='ocrx_word' id='word_1_765' title='bbox 873 5435 926 5488; x_wconf 91' lang='lat' dir='ltr'><strong>in</strong></span> <span class='ocrx_word' id='word_1_766' title='bbox 951 5432 1325 5504; x_wconf 87' lang='lat' dir='ltr'><strong>patriarchatu</strong></span> <span class='ocrx_word' id='word_1_767' title='bbox 1354 5433 1458 5490; x_wconf 77' lang='grc' dir='ltr'><strong>ΟΡ.</strong></span> <span class='ocrx_word' id='word_1_768' title='bbox 1493 5445 1577 5488; x_wconf 87' lang='lat' dir='ltr'><strong>est</strong></span> <span class='ocrx_word' id='word_1_769' title='bbox 1619 5433 1751 5488; x_wconf 87' lang='lat' dir='ltr'><strong>urbs</strong></span> <span class='ocrx_word' id='word_1_770' title='bbox 1778 5437 1990 5504; x_wconf 84' lang='lat' dir='ltr'><strong>episco-</strong></span> 
     </span>
    </p>
   </div>
   <div class='ocr_carea' id='block_1_105' title="bbox 420 5503 1991 5576">
    <p class='ocr_par' dir='ltr' id='par_1_105' title="bbox 420 5503 1991 5576">
     <span class='ocr_line' id='line_1_106' title="bbox 420 5503 1991 5576; baseline 0.001 -19"><span class='ocrx_word' id='word_1_771' title='bbox 420 5503 562 5576; x_wconf 78' lang='lat' dir='ltr'><strong>palis</strong></span> <span class='ocrx_word' id='word_1_772' title='bbox 613 5503 917 5576; x_wconf 67' lang='lat' dir='ltr'><strong>Sozopolis,</strong></span> <span class='ocrx_word' id='word_1_773' title='bbox 957 5504 1064 5558; x_wconf 87' lang='lat' dir='ltr'><strong>alia</strong></span> <span class='ocrx_word' id='word_1_774' title='bbox 1127 5503 1191 5576; x_wconf 92' lang='lat' dir='ltr'><strong>in_</strong></span> <span class='ocrx_word' id='word_1_775' title='bbox 1245 5505 1479 5576; x_wconf 81' lang='lat' dir='ltr'><strong>Thracia</strong></span> <span class='ocrx_word' id='word_1_776' title='bbox 1541 5505 1644 5559; x_wconf 89' lang='lat' dir='ltr'><strong>sub</strong></span> <span class='ocrx_word' id='word_1_777' title='bbox 1699 5503 1991 5576; x_wconf 53' lang='grc' dir='ltr'>πυριγονοιί</span> 
     </span>
    </p>
   </div>
   <div class='ocr_carea' id='block_1_106' title="bbox 414 5571 1996 5652">
    <p class='ocr_par' dir='ltr' id='par_1_106' title="bbox 414 5571 1996 5652">
     <span class='ocr_line' id='line_1_107' title="bbox 414 5571 1996 5652; baseline 0.001 -24"><span class='ocrx_word' id='word_1_778' title='bbox 414 5571 934 5652; x_wconf 39' lang='lat' dir='ltr'><strong>itdrianopolitalia</strong></span> <span class='ocrx_word' id='word_1_779' title='bbox 962 5581 1016 5628; x_wconf 91' lang='lat' dir='ltr'><strong>et</strong></span> <span class='ocrx_word' id='word_1_780' title='bbox 1049 5574 1227 5645; x_wconf 84' lang='lat' dir='ltr'><strong>magis</strong></span> <span class='ocrx_word' id='word_1_781' title='bbox 1266 5575 1505 5632; x_wconf 89' lang='lat' dir='ltr'><strong>celebris</strong></span> <span class='ocrx_word' id='word_1_782' title='bbox 1549 5585 1714 5645; x_wconf 86' lang='lat' dir='ltr'><strong>atque</strong></span> <span class='ocrx_word' id='word_1_783' title='bbox 1751 5571 1996 5631; x_wconf 65' lang='lat' dir='ltr'><strong>Amasene</strong></span> 
     </span>
    </p>
   </div>
   <div class='ocr_carea' id='block_1_107' title="bbox 415 5642 985 5704">
    <p class='ocr_par' dir='ltr' id='par_1_107' title="bbox 415 5642 985 5704">
     <span class='ocr_line' id='line_1_108' title="bbox 415 5642 985 5704; baseline 0.007 -4"><span class='ocrx_word' id='word_1_784' title='bbox 415 5642 642 5700; x_wconf 74' lang='lat' dir='ltr'><strong>vicinior</strong></span> <span class='ocrx_word' id='word_1_785' title='bbox 664 5642 728 5697; x_wconf 83' lang='lat' dir='ltr'><strong>in</strong></span> <span class='ocrx_word' id='word_1_786' title='bbox 761 5642 985 5704; x_wconf 73' lang='lat' dir='ltr'><strong>Pisidia.</strong></span> 
     </span>
    </p>
   </div>
   <div class='ocr_carea' id='block_1_108' title="bbox 2097 4636 3686 4719">
    <p class='ocr_par' dir='ltr' id='par_1_108' title="bbox 2097 4636 3686 4719">
     <span class='ocr_line' id='line_1_109' title="bbox 2097 4636 3686 4719; baseline -0.009 -17"><span class='ocrx_word' id='word_1_787' title='bbox 2097 4648 2413 4719; x_wconf 82' lang='grc' dir='ltr'>ἁγιωτάτης</span> <span class='ocrx_word' id='word_1_788' title='bbox 2446 4647 2688 4718; x_wconf 78' lang='grc' dir='ltr'>μεγάλης</span> <span class='ocrx_word' id='word_1_789' title='bbox 2733 4644 3062 4713; x_wconf 84' lang='grc' dir='ltr'>Ἐκκλησίας</span> <span class='ocrx_word' id='word_1_790' title='bbox 3091 4681 3104 4705; x_wconf 89' lang='grc'>,</span> <span class='ocrx_word' id='word_1_791' title='bbox 3134 4641 3248 4694; x_wconf 72' lang='grc' dir='ltr'>υἱὸν</span> <span class='ocrx_word' id='word_1_792' title='bbox 3297 4636 3542 4708; x_wconf 76' lang='grc' dir='ltr'>ἐσχηκὼς</span> <span class='ocrx_word' id='word_1_793' title='bbox 3577 4655 3686 4688; x_wconf 86' lang='grc' dir='ltr'>κω-</span> 
     </span>
    </p>
   </div>
   <div class='ocr_carea' id='block_1_109' title="bbox 2101 4723 3691 4810">
    <p class='ocr_par' dir='ltr' id='par_1_109' title="bbox 2101 4723 3691 4810">
     <span class='ocr_line' id='line_1_110' title="bbox 2101 4723 3691 4810; baseline -0.01 -18"><span class='ocrx_word' id='word_1_794' title='bbox 2101 4737 2200 4810; x_wconf 76' lang='grc' dir='ltr'>φὲιν</span> <span class='ocrx_word' id='word_1_795' title='bbox 2223 4739 2316 4791; x_wconf 73' lang='grc' dir='ltr'>καὶ</span> <span class='ocrx_word' id='word_1_796' title='bbox 2350 4739 2547 4793; x_wconf 84' lang='grc' dir='ltr'>ἄλαλον</span> <span class='ocrx_word' id='word_1_797' title='bbox 2579 4737 2651 4797; x_wconf 79' lang='grc' dir='ltr'>ὼς</span> <span class='ocrx_word' id='word_1_798' title='bbox 2687 4734 2824 4787; x_wconf 82' lang='grc' dir='ltr'>ἐτῶν</span> <span class='ocrx_word' id='word_1_799' title='bbox 2877 4731 3288 4800; x_wconf 80' lang='grc' dir='ltr'>δεκατεσσάρων</span> <span class='ocrx_word' id='word_1_800' title='bbox 3309 4770 3323 4794; x_wconf 90' lang='grc'><strong><em>,</em></strong></span> <span class='ocrx_word' id='word_1_801' title='bbox 3357 4731 3513 4798; x_wconf 82' lang='grc' dir='ltr'>φέρει</span> <span class='ocrx_word' id='word_1_802' title='bbox 3563 4723 3691 4777; x_wconf 89' lang='grc' dir='ltr'>τοῦ-</span> 
     </span>
    </p>
   </div>
   <div class='ocr_carea' id='block_1_110' title="bbox 2097 4821 3684 4901">
    <p class='ocr_par' dir='ltr' id='par_1_110' title="bbox 2097 4821 3684 4901">
     <span class='ocr_line' id='line_1_111' title="bbox 2097 4821 3684 4901; baseline -0.009 -18"><span class='ocrx_word' id='word_1_803' title='bbox 2097 4847 2190 4883; x_wconf 87' lang='grc' dir='ltr'><strong>τον</strong></span> <span class='ocrx_word' id='word_1_804' title='bbox 2242 4830 2376 4901; x_wconf 64' lang='grc' dir='ltr'>πρός</span> <span class='ocrx_word' id='word_1_805' title='bbox 2437 4831 2527 4882; x_wconf 72' lang='grc' dir='ltr'>τὸν</span> <span class='ocrx_word' id='word_1_806' title='bbox 2589 4830 2770 4890; x_wconf 82' lang='grc' dir='ltr'>ὅσιον,</span> <span class='ocrx_word' id='word_1_807' title='bbox 2853 4824 3195 4895; x_wconf 77' lang='grc' dir='ltr'>παρακαλῶν</span> <span class='ocrx_word' id='word_1_808' title='bbox 3246 4824 3340 4874; x_wconf 72' lang='grc' dir='ltr'><strong>καὶ</strong></span> <span class='ocrx_word' id='word_1_809' title='bbox 3392 4821 3684 4891; x_wconf 80' lang='grc' dir='ltr'>δεόμενος,</span> 
     </span>
    </p>
   </div>
   <div class='ocr_carea' id='block_1_111' title="bbox 2098 4912 3688 4992">
    <p class='ocr_par' dir='ltr' id='par_1_111' title="bbox 2098 4912 3688 4992">
     <span class='ocr_line' id='line_1_112' title="bbox 2098 4912 3688 4992; baseline -0.008 -17"><span class='ocrx_word' id='word_1_810' title='bbox 2098 4923 2246 4986; x_wconf 80' lang='grc' dir='ltr'>ὅπως</span> <span class='ocrx_word' id='word_1_811' title='bbox 2293 4913 2434 4992; x_wconf 77' lang='grc' dir='ltr'>τύχῃ</span> <span class='ocrx_word' id='word_1_812' title='bbox 2491 4925 2590 4990; x_wconf 83' lang='grc' dir='ltr'>τῆς</span> <span class='ocrx_word' id='word_1_813' title='bbox 2639 4921 2788 4990; x_wconf 78' lang='grc' dir='ltr'>παρᾶ</span> <span class='ocrx_word' id='word_1_814' title='bbox 2842 4918 2933 4971; x_wconf 85' lang='grc' dir='ltr'><strong>τοῦ</strong></span> <span class='ocrx_word' id='word_1_815' title='bbox 3000 4916 3135 4969; x_wconf 87' lang='grc' dir='ltr'>Θεοῦ</span> <span class='ocrx_word' id='word_1_816' title='bbox 3182 4914 3454 4985; x_wconf 78' lang='grc' dir='ltr'>βοηθείας.</span> <span class='ocrx_word' id='word_1_817' title='bbox 3521 4912 3688 4981; x_wconf 74' lang='grc' dir='ltr'>Ποιή-</span> 
     </span>
    </p>
   </div>
   <div class='ocr_carea' id='block_1_112' title="bbox 2099 4993 3686 5084">
    <p class='ocr_par' dir='ltr' id='par_1_112' title="bbox 2099 5005 3686 5084">
     <span class='ocr_line' id='line_1_113' title="bbox 2099 5005 3686 5084; baseline -0.009 -17"><span class='ocrx_word' id='word_1_818' title='bbox 2099 5031 2197 5084; x_wconf 84' lang='grc' dir='ltr'><strong>σας</strong></span> <span class='ocrx_word' id='word_1_819' title='bbox 2243 5010 2336 5072; x_wconf 76' lang='grc' dir='ltr'><strong>οὖν</strong></span> <span class='ocrx_word' id='word_1_820' title='bbox 2383 5015 2470 5066; x_wconf 78' lang='grc' dir='ltr'>ἐπ’</span> <span class='ocrx_word' id='word_1_821' title='bbox 2520 5012 2685 5072; x_wconf 75' lang='grc' dir='ltr'>αὑτοῦ</span> <span class='ocrx_word' id='word_1_822' title='bbox 2739 5011 2837 5084; x_wconf 77' lang='grc' dir='ltr'><strong>τὴν</strong></span> <span class='ocrx_word' id='word_1_823' title='bbox 2901 5011 3106 5082; x_wconf 76' lang='grc' dir='ltr'>εὐχὴν,</span> <span class='ocrx_word' id='word_1_824' title='bbox 3143 5009 3332 5082; x_wconf 76' lang='grc' dir='ltr'>χρίσας</span> <span class='ocrx_word' id='word_1_825' title='bbox 3387 5021 3444 5058; x_wconf 90' lang='grc' dir='ltr'><strong>τε</strong></span> <span class='ocrx_word' id='word_1_826' title='bbox 3511 5005 3686 5057; x_wconf 72' lang='grc' dir='ltr'>πάντα</span> 
     </span>
    </p>
   </div>
   <div class='ocr_carea' id='block_1_113' title="bbox 2173 5425 3686 5503">
    <p class='ocr_par' dir='ltr' id='par_1_113' title="bbox 2173 5425 3686 5503">
     <span class='ocr_line' id='line_1_114' title="bbox 2173 5425 3686 5503; baseline -0.005 -18"><span class='ocrx_word' id='word_1_827' title='bbox 2173 5432 2282 5503; x_wconf 66' lang='grc'><strong>(56)</strong></span> <span class='ocrx_word' id='word_1_828' title='bbox 2301 5431 2468 5503; x_wconf 83' lang='lat' dir='ltr'><strong>Zinus</strong></span> <span class='ocrx_word' id='word_1_829' title='bbox 2487 5444 2662 5481; x_wconf 77' lang='lat' dir='ltr'><strong>senem</strong></span> <span class='ocrx_word' id='word_1_830' title='bbox 2691 5427 2855 5481; x_wconf 87' lang='lat' dir='ltr'><strong>vertit</strong></span> <span class='ocrx_word' id='word_1_831' title='bbox 2882 5441 3011 5478; x_wconf 82' lang='lat' dir='ltr'><strong>:uos</strong></span> <span class='ocrx_word' id='word_1_832' title='bbox 3035 5425 3438 5503; x_wconf 42' lang='lat' dir='ltr'><strong>ordinemgmu</strong></span> <span class='ocrx_word' id='word_1_833' title='bbox 3467 5433 3686 5503; x_wconf 65' lang='lat' dir='ltr'><strong>aetatem</strong></span> 
     </span>
    </p>
   </div>
   <div class='ocr_carea' id='block_1_114' title="bbox 2103 5493 3688 5583">
    <p class='ocr_par' dir='ltr' id='par_1_114' title="bbox 2103 5493 3688 5583">
     <span class='ocr_line' id='line_1_115' title="bbox 2103 5493 3688 5583; baseline -0.003 -26"><span class='ocrx_word' id='word_1_834' title='bbox 2103 5493 2401 5583; x_wconf 56' lang='lat' dir='ltr'><strong>significari</strong></span> <span class='ocrx_word' id='word_1_835' title='bbox 2454 5507 2748 5581; x_wconf 79' lang='lat' dir='ltr'><strong>putamus:</strong></span> <span class='ocrx_word' id='word_1_836' title='bbox 2805 5513 2928 5552; x_wconf 80' lang='lat' dir='ltr'><strong>cum</strong></span> <span class='ocrx_word' id='word_1_837' title='bbox 2989 5495 3243 5566; x_wconf 84' lang='lat' dir='ltr'><strong>conjugia</strong></span> <span class='ocrx_word' id='word_1_838' title='bbox 3287 5493 3477 5550; x_wconf 68' lang='lat' dir='ltr'><strong>Grtecu</strong></span> <span class='ocrx_word' id='word_1_839' title='bbox 3533 5494 3688 5552; x_wconf 79' lang='lat' dir='ltr'><strong>clero</strong></span> 
     </span>
    </p>
   </div>
   <div class='ocr_carea' id='block_1_115' title="bbox 2107 5585 2678 5646">
    <p class='ocr_par' dir='ltr' id='par_1_115' title="bbox 2107 5585 2678 5646">
     <span class='ocr_line' id='line_1_116' title="bbox 2107 5585 2678 5646; baseline 0.002 -23"><span class='ocrx_word' id='word_1_840' title='bbox 2107 5587 2372 5646; x_wconf 64' lang='grc' dir='ltr'><strong>νει-111185³</strong></span> <span class='ocrx_word' id='word_1_841' title='bbox 2419 5585 2678 5625; x_wconf 71' lang='grc' dir='ltr'>εοιιιῐῐιυε.</span> 
     </span>
    </p>
   </div>
   <div class='ocr_carea' id='block_1_116' title="bbox 3709 5271 3722 5368">
    <p class='ocr_par' dir='ltr' id='par_1_116' title="bbox 3709 5271 3722 5368">
     <span class='ocr_line' id='line_1_117' title="bbox 3709 5271 3722 5368; baseline 0 0"><span class='ocrx_word' id='word_1_842' title='bbox 3709 5271 3722 5368; x_wconf 70' lang='lat' dir='ltr'><strong>i</strong></span> 
     </span>
    </p>
   </div>
  </div>
