3982 6206
297 306 421 372 ιιιθ

295 419 352 470 τὰ
379 417 702 490 αἰσθητήρια
755 424 921 477 αὐτοῦ
974 427 1050 496 τῷ
1095 429 1237 499 ἁγίῳ

294 509 444 578 ὄνομα
472 510 568 563 τοῦ
597 513 790 576 παιδος
833 516 1016 581 τρίτον
1046 520 1326 591 Νουνεχῆ·
1364 525 1521 578 τοῦτο
1558 528 1666 597 γὰρ
1704 531 1853 601 αὑτῷ

291 601 442 670 ὄνομα
468 598 556 672 ἦν.
597 604 706 657 Καὶ
736 607 837 676 τήν
869 608 968 676 μὲν
1004 609 1228 683 πρώτην
1258 614 1469 683 ἡμέραν
1498 619 1726 690 ἀσήμως
1748 598 1850 674 ἀπ’·

293 693 530 763 εκρίνατο
564 712 578 725 ⁸
614 700 1052 767 παραμείναντος
1079 703 1136 755 δὲ
1169 706 1336 757 αὑτοῦ
1367 707 1466 771 τὰς
1513 715 1663 782 τρεῖς
1714 714 1852 783 ἡμέ-

289 799 375 852 ρας
417 788 781 854 κεχρισμένου
811 791 875 841 ἐκ
929 791 1022 843 τοῦ
1069 794 1227 859 ἁγίου
1284 797 1485 864 ἐλαίου,
1522 803 1682 872 ἐλύθη
1713 807 1740 857 6
1766 806 1855 858 δε-

289 876 408 944 σμὸς
440 877 540 946 τῆς
575 879 828 950 γλώσσης
858 883 950 936 τοῦ
987 887 1222 954 παιδίου,
1258 892 1350 942 καὶ
1395 887 1463 962 ἦν
1511 896 1721 948 ἀκούων
1756 900 1850 951 καὶ

285 966 443 1019 λαλῶν
497 969 586 1021 διὰ
651 973 852 1034 παντὸς
882 1015 895 1039 ,
926 977 1020 1027 καὶ
1079 977 1246 1030 αἰνῶν
1295 981 1385 1034 τὸν
1435 982 1586 1038 Θεόν.
1625 986 1843 1040 Ὃντινα

285 1059 434 1111 παῖδα
481 1061 746 1129 ἠθέλησεν
775 1067 802 1116 6
847 1067 1026 1136 πατὴρ
1087 1071 1409 1140 καταλείψαι
1466 1075 1522 1125 ἐν
1554 1075 1631 1146 τῷ
1681 1095 1847 1143 μοναο

286 1151 496 1218 στηρίῳ,
534 1153 647 1203 ἀλλ’
674 1155 734 1205 οὑ
765 1157 964 1208 συνεῖδε
1043 1159 1200 1212 τοῦτο
1245 1163 1492 1229 γενέσθαι
1521 1167 1547 1216 6
1594 1167 1684 1218 τοῦ
1709 1169 1842 1221 Θεοῦ

284 1239 540 1308 Θεράπων.
569 1244 769 1297 Τοῦτον
803 1248 894 1300 οὖν
925 1251 1052 1320 ὑγιῆ
1083 1253 1416 1321 παραλαϐὼν
1467 1260 1495 1309 6
1523 1260 1857 1331 πρεσϐύτης,
1901 1266 1934 1318 ἁ

291 1335 624 1406 Ἀκοὺσωμεν
658 1339 752 1390 καὶ
782 1341 938 1392 ἄλλου
971 1344 1276 1412 παραδόξου
1309 1346 1607 1416 Θαύματος.

343 1423 450 1494 μη’.
485 1426 643 1488 Τινὲς
680 1428 789 1481 τῶν
817 1431 914 1498 τῆς
959 1433 1128 1500 αὐτῆς
1161 1434 1371 1497 πόλεως
1403 1439 1614 1491 παιδίον
1648 1441 1838 1511 ἔσχον,

277 1513 328 1569 οὗ
357 1519 444 1568 καὶ
476 1520 504 1569 6
534 1520 717 1587 πατὴρ
764 1522 820 1572 ὲν
851 1521 927 1590 τῷ
967 1522 1150 1594 κλήρῳ
1183 1527 1280 1593 τῆς
1321 1528 1491 1596 αὐτῆς
1532 1533 1842 1603 ἁγιωτάτης

277 1606 356 1658 τοῦ
384 1605 519 1659 Θεςῦ
561 1609 888 1678 Ἐκκλησίας
920 1613 1326 1679 ἐγκατεὲλεκτο.
1365 1618 1630 1689 Κύριλλος
1681 1624 1736 1676 δὲ
1766 1621 1833 1693 ἦν

274 1698 428 1765 δυομα
455 1699 535 1769 τῷ
564 1702 738 1770 ἀνδρί.
774 1703 976 1755 Τούτου
1004 1706 1066 1756 τὸ
1094 1707 1304 1760 παιδίον
1339 1709 1496 1762 πέντε
1547 1713 1747 1780 χρόνων
1779 1715 1837 1768 ὃν

277 1791 359 1841 καὶ
386 1790 520 1854 πρὸς
552 1793 862 1857 γενόμενον.
898 1794 1092 1847 ἄλαλον
1118 1792 1206 1867 ἧν,
1240 1798 1316 1860 ὡς
1355 1801 1446 1851 ἐπὶ
1486 1803 1618 1854 πολὺ
1657 1805 1711 1856 δὲ
1748 1807 1841 1860 καὶ

279 1883 522 1947 ἄτροφον,
558 1884 697 1952 μήτε
751 1884 894 1954 ζωῆς
929 1887 1112 1956 σχεδον
1147 1890 1372 1961 μετέχον
1402 1894 1538 1962 μήτε
1586 1897 1837 1954 θανάτου.

271 1974 514 2040 Φέρουσιν
548 1974 640 2027 οὖν
663 1979 794 2029 αὐτὸ
840 1980 976 2047 πρὸς
1025 1981 1117 2032 τὸν
1147 1984 1314 2048 ὅσιον,
1346 1985 1440 2038 καὶ
1470 1989 1701 2054 ποιήσας
1742 1992 1840 2060 τήν

272 2067 460 2136 συνήθη
488 2067 676 2134 εὐχὴν,
711 2071 1013 2138 μετέδωκεν
1044 2075 1191 2145 αὐτῷ
1213 2078 1309 2144 τῆς
1341 2079 1610 2148 ἀκράντου
1646 2100 1840 2136 κοινω-

267 2157 404 2218 νίας·
435 2158 737 2229 εὐλογήσας
763 2160 816 2214 δὲ
857 2163 950 2215 καὶ
986 2165 1146 2234 ἄρτον
1179 2168 1354 2220 κοινὸν
1401 2170 1631 2225 δέδωκεν
1669 2174 1838 2245 αὐτῷ,

267 2249 349 2298 καὶ
401 2249 689 2303 ἀπέλυσεν.
741 2253 832 2318 Ἐξ
893 2256 1106 2326 ἐκείνης
1153 2255 1247 2311 οὖν
1296 2260 1397 2331 τῆς
1427 2264 1632 2334 ἡμέρας
1664 2265 1839 2317 διελύ-

265 2339 323 2406 θη
349 2339 586 2408 ὁδεσμὸς
608 2344 704 2409 τῆς
729 2345 976 2413 γλιῖισσης
1007 2349 1194 2413 αὑτοῦ,
1219 2350 1313 2404 καὶ
1331 2352 1610 2422 ἐλάλησεν,
1638 2355 1840 2424 ἔφαγέν

263 2447 316 2481 τε
346 2433 434 2482 καὶ
478 2431 650 2494 ἔπιεν,
681 2436 968 2504 γενόμενον
1002 2439 1150 2505 ὑγιὲς
1178 2441 1267 2494 διὰ
1320 2444 1418 2513 τῆς
1475 2447 1695 2514 χάριτος
1743 2447 1838 2501 τοῦ

264 2521 716 2590 Θεοῦ.’1δωμενδὲ
745 2527 840 2580 καὶ
856 2529 982 2582 ἄλλο
1000 2534 1379 2604 παραπλήσιον
1402 2538 1610 2600 τούτου,
1641 2540 1839 2608 μᾶλλον

265 2612 313 2665 δὲ
341 2614 810 2688 θαυμασιώτερον.

331 2706 432 2772 μΘ’.
458 2708 692 2776 Πολίχνη
739 2710 823 2772 τίς
868 2712 1051 2777 ἐστιν,
1084 2714 1228 2783 Ζῆλα
1270 2721 1788 2790 προσαγορευομένη
1811 2752 1827 2777 ,

267 2795 550 2860 γειτνιὰζει
578 2797 635 2850 δὲ
662 2799 732 2851 αὖ
744 2801 800 2869 τῇ
828 2803 892 2871 τῇ
949 2807 1286 2873 μητροπόλει
1324 2809 1623 2878 Ἀμασείας
1646 2829 1658 2842 ·
1691 2813 1835 2878 τινὲς

268 2885 463 2940 ἐκεῖθεν
486 2887 814 2957 ὁρμώμενοι,
843 2892 1050 2962 ήγαγον
1083 2896 1292 2950 παιδίον
1344 2900 1478 2970 πρὸς
1509 2904 1602 2955 τὸν
1655 2904 1827 2967 ὅσιον,

268 2974 503 3042 λέγοντες
557 2979 690 3032 αὐτὸ
740 2983 1021 3053 τεσσάρων
1079 2986 1216 3038 ἐτῶν
1270 2988 1558 3060 ὑπάρχειν,
1620 2993 1833 3057 οὐδενος

1822 340 1988 398 \"I'TA
2004 388 2016 399 .

1287 431 1472 502 ἐλαίῳ,
1507 436 1734 491 ἐκάλεσε
1796 440 1856 492 τὸ
1883 443 1932 500 Α
1963 445 2176 498 inunxit
2205 464 2332 504 meo
2373 463 2584 517 sancto.

3396 377 3534 440 2330

2657 466 2851 531 terque
2909 465 3227 527 Nunecbem
3282 476 3426 536 (nam
3479 483 3533 537 id

1952 547 2075 590 erat
2113 538 2191 590 illi
2226 544 2452 612 nomen)
2505 550 2743 604 vocavit.
2806 555 2881 609 Ac
2937 559 3116 626 primo
3166 549 3387 632 quidem
3443 571 3531 628 die

1953 627 2192 683 obscure
2239 637 2544 702 respondit.
2577 639 2713 695 Cum
2740 655 2922 701 autem
2950 659 3061 706 tres
3105 654 3226 709 dies
3265 659 3339 713 ibi
3377 677 3534 715 man-

1954 717 2138 781 sisset,
2178 729 2234 776 et
2290 724 2418 780 oleo
2465 743 2656 785 sanc'o
2719 735 3100 807 inungeretur,
3162 754 3406 803 so'utum
3450 759 3533 807 est

1957 806 2238 863 vinculum
2282 813 2489 884 lingua:
2509 820 2647 887 ejus,
2697 834 2750 877 et
2785 827 3117 896 loquebatur
3171 847 3225 889 et
3275 841 3532 898 audiel:at

1955 908 2133 955 recte.
2164 900 2414 973 Cumque
2448 911 2610 964 vellet
2655 930 2781 968 eum
2805 929 2961 987 pater
2995 924 3046 976 in
3080 935 3414 986 monasterio
3439 951 3530 989 rc-

1953 986 2230 1057 linquere,
2266 995 2443 1049 noluit
2476 999 2572 1053 Dei
2611 986 2829 1061 servus.
2889 1011 3186 1084 Presbyter
3225 1018 3412 1088 igitur,
3443 1040 3529 1079 as-

1953 1081 2174 1152 sumpto
2200 1086 2312 1140 filio
2336 1104 2494 1149 sano.
2517 1093 2738 1150 domum
2773 1116 3023 1158 reversus
3062 1115 3145 1160 est
3179 1125 3372 1180 magno
3400 1128 3527 1168 cum

1949 1178 2178 1244 gaudio.
2198 1180 2500 1238 Audiamus
2526 1193 2579 1239 et
2611 1189 2758 1243 aliud
2794 1191 3006 1263 insigne
3036 1178 3381 1258 miraculum.

1941 1269 2141 1336 πῆλοεν
2193 1275 2270 1334 είς
2297 1274 2388 1328 τὸν
2418 1277 2612 1332 ἑαυτοῦ
2674 1278 2819 1335 οἷκον
2867 1288 3003 1355 μετὰ
3046 1293 3221 1360 χαρᾶς·
3261 1295 3524 1366 μεγάλης,

2017 1453 2106 1508 48.
2134 1455 2368 1522 Quidam
2400 1463 2543 1516 alius
2564 1466 2814 1536 ejusdem
2849 1471 2980 1537 loci,
3049 1477 3145 1544 qui
3181 1477 3329 1533 inter
3375 1482 3526 1552 ipsos

1948 1546 2310 1603 sanctissimae
2366 1552 2461 1606 Dei
2502 1555 2762 1612 Ecclesim
2803 1560 3040 1618 clericos
3090 1566 3326 1625 allectus
3375 1586 3519 1640 erat,

1945 1634 2181 1704 Cyrillus
2214 1643 2455 1705 nomine,
2485 1645 2653 1698 lilium
2684 1648 2924 1705 habebat
2966 1655 3212 1723 quinque
3244 1674 3518 1717 annorum

1875 1765 1914 1818 Β
1944 1737 1995 1780 et
2034 1733 2288 1800 amplius,
2330 1737 2420 1804 qui
2458 1747 2636 1792 tamen
2663 1757 2762 1795 nec
2808 1743 2959 1813 loqui
2992 1755 3228 1814 poterat,
3292 1768 3394 1806 nec
3420 1754 3522 1808 ali-

1947 1835 2196 1876 mentum
2223 1827 2491 1895 accipere.
2536 1846 2635 1884 nec
2683 1831 2874 1887 vivere
2907 1838 3154 1903 omnino,
3215 1857 3316 1895 nec
3351 1845 3518 1899 etiam

1947 1918 2108 1969 mori.
2141 1917 2296 1972 Hunc
2317 1936 2439 1973 cum
2471 1922 2535 1975 ad
2576 1926 2755 1977 virum
2793 1938 3045 1983 sanetum
3103 1933 3515 2003 perduxissent,

1943 2008 2035 2062 ille
2055 2011 2247 2062 solitas
2268 2027 2462 2079 preces
2492 2015 2770 2081 adhibuit,
2794 2027 2849 2072 et
2877 2032 3126 2076 sanctam
3168 2029 3516 2083 communio-

1943 2113 2070 2150 nem
2104 2100 2435 2167 impertivit:
2467 2119 2663 2171 panem
2691 2122 2912 2176 quoque
2965 2125 3314 2168 communem
3349 2116 3518 2174 bene-

1943 2187 2135 2242 dicens
2167 2191 2317 2244 dedit
2345 2193 2395 2245 ei
2425 2207 2590 2259 atque
2620 2195 2853 2252 dimisit.
2913 2200 2989 2253 Ex
3043 2201 3135 2256 illa
3161 2214 3343 2258 autem
3404 2207 3513 2270 die.

1941 2281 2119 2334 soluta
2145 2291 2223 2335 est
2258 2282 2446 2353 lingua
2501 2285 2677 2354 ipsius
2710 2297 2766 2342 et
2811 2290 3168 2359 loquebatur,
3203 2296 3405 2351 edebat
3458 2307 3514 2353 et

1941 2377 2185 2442 bibebat,
2211 2392 2426 2448 retepta
2457 2399 2554 2450 per
2596 2383 2692 2437 Dei
2731 2387 2963 2455 gratiam
3011 2390 3267 2445 sanitate.
3311 2390 3515 2446 Audia-

1941 2485 2063 2524 mus
2094 2482 2145 2525 et
2178 2471 2327 2525 aliud
2350 2473 2482 2527 buic
2505 2475 2708 2540 simile,
2738 2478 2849 2532 imo
2876 2494 3009 2533 vero
3064 2481 3470 2539 admirabilius.

2006 2711 2094 2765 49.
2131 2711 2228 2764 Est
2249 2712 2573 2780 oppidulum
2634 2714 2912 2784 quoddam
2947 2715 3074 2771 cha
3107 2716 3240 2786 (57),
3267 2719 3368 2788 ipsi
3397 2734 3515 2775 tne-

1938 2801 2141 2869 tropoli
2173 2803 2420 2857 Amasea:
2451 2805 2825 2874 propinquum
2854 2825 2866 2858 :
2900 2807 3030 2862 hinc
3059 2809 3345 2862 venientes
3380 2806 3511 2879 qui-

1934 2891 2059 2944 dam
2084 2908 2317 2960 puerum
2338 2893 2691 2962 quadrimum
2721 2896 2785 2949 ad
2824 2908 3076 2951 sanctum
3127 2897 3304 2950 virum
3331 2899 3508 2952 addu-

1937 2993 2160 3050 xerunt,
2191 2985 2330 3039 nihil
2363 2987 2471 3040 nisi
2507 2988 2793 3052 paululum
2827 2991 3155 3044 nutrimenti
3190 3007 3256 3045 ex
3310 2995 3510 3047 matris

275 3067 674 3136 μεταλαμϐάνον
725 3071 886 3126 ἄλλου
932 3075 1128 3144 μήτιγε
1184 3081 1282 3148 τῆς
1320 3081 1579 3151 μητρῴας
1629 3083 1816 3154 θηλῆς.

1939 3073 2105 3127 ubere
2145 3076 2629 3144 c:.pientem.Erat
2677 3088 2862 3134 autem
2908 3083 3091 3135 carnis
3152 3097 3218 3136 ac
3251 3083 3509 3152 corporis

273 3157 510 3212 Τοιοῦτον
534 3161 588 3212 δὲ
610 3157 701 3233 ἦν,
736 3166 933 3235 μικροῦ
973 3168 1083 3220 δεῖν
1140 3169 1216 3233 ὠς
1254 3171 1492 3242 ἄσαρκον
1544 3176 1636 3228 καὶ
1687 3177 1831 3228 ἀσώ-

277 3265 449 3317 ματον,
511 3253 650 3324 μήτε
708 3258 899 3325 χροιὰν
981 3261 1118 3328 μήτε
1190 3260 1354 3328 ὄγκον
1410 3265 1614 3333 σαρκὸς
1687 3265 1830 3335 ἕχον,

275 3341 374 3393 ἀλλ’
421 3342 497 3406 ὡς
524 3344 766 3414 ἄσταχυς
797 3348 1188 3419 ἁνεμόῳοορος,
1223 3351 1279 3414 ὃς
1324 3351 1477 3406 οὔπω
1546 3355 1834 3424 ἁδρυνθεὶς

274 3431 502 3503 ἀμυδράν
528 3452 647 3488 τινα
669 3437 778 3489 τῶν
803 3438 1018 3494 κόκκων
1049 3443 1140 3494 καὶ
1181 3442 1288 3496 τῶν
1329 3444 1635 3515 ἀνθερίκων
1669 3449 1832 3501 ἐκτυ-

277 3537 430 3574 πωσιν
484 3525 663 3594 ἐαυτῷ
718 3527 1027 3594 δείκνυσιν,
1062 3530 1205 3584 οὕτω
1262 3535 1484 3587 κάκεῖνο
1533 3537 1594 3588 τὸ
1639 3538 1832 3607 νήπιον

277 3613 524 3682 ἐφαίνετο,
553 3616 694 3671 ὥστε
724 3621 836 3682 τοῖς
866 3619 1214 3692 βουλομένοις
1271 3625 1496 3680 δυνατὸν
1541 3623 1609 3697 ἦν
1651 3630 1830 3693 πάσας

277 3707 359 3769 τὰς
384 3709 640 3769 ταπεινὰς
667 3710 834 3763 αὑτοῦ
860 3712 1120 3785 πλευρὰς,
1155 3718 1246 3768 καὶ
1295 3717 1393 3780 τὰς
1425 3719 1713 3788 ἁρμονίας,
1751 3720 1828 3775 ἔτι

278 3812 327 3861 γε
352 3798 448 3867 μήν
474 3800 566 3852 καὶ
595 3802 692 3862 τὰς
718 3802 1014 3866 ἀποτάσεις
1038 3806 1146 3857 τῶν
1177 3807 1380 3878 νεύρων
1406 3809 1500 3862 καὶ
1523 3809 1630 3862 τῶν
1659 3812 1830 3864 ὀστῶν

278 3893 471 3963 ἀριθμῷ
500 3898 902 3954 καθυποῦἀλαι.
945 3901 1010 3953 Τί
1040 3898 1132 3954 οὖν
1165 3919 1178 3965 ;
1226 3903 1310 3963 Ὠς
1335 3899 1472 3954 εἶδεν
1506 3905 1635 3956 αὐτὸ
1660 3908 1686 3957 6
1741 3907 1834 3975 μέ-

279 3999 365 4048 ῒίς
412 3987 692 4057 ἄνθρωπος
756 3992 848 4043 τοῦ
908 3993 1045 4045 (ιῖεοῦ
1095 3993 1267 4057 οὕτως
1309 3996 1556 4059 ἐκτακὲν,
1586 3997 1745 4049 πλέον
1773 3998 1829 4049 δὲ

277 4075 383 4138 τοὺς
418 4082 806 4149 γεγεννηκότας
839 4085 1186 4155 συναιεοήσει
1233 4085 1398 4155 πολλῇ
1448 4089 1783 4156 τηκομένους
1813 4127 1826 4149 ,

281 4169 487 4235 ἐκτενῶς
521 4177 912 4243 παρακαλέσας
935 4178 1026 4229 τὸν
1074 4181 1136 4230 ὲκ
1168 4179 1262 4230 τοῦ
1293 4179 1366 4249 μὴ
1399 4180 1549 4242 ὄντος
1587 4183 1716 4234 αὐτὸ
1751 4186 1828 4244 είς

279 4259 893 4336 τὸεῖναιπαραγαγόντα
924 4269 1076 4332 Θεὸν,
1122 4269 1339 4338 ἔχρισεν
1385 4273 1448 4323 ἐκ
1503 4271 1596 4323 τοῦ
1645 4273 1828 4341 τιμίου

281 4350 442 4405 ἐλαίου
489 4358 608 4408 ὅλον
656 4358 715 4410 τὸ
765 4359 925 4428 σῶμα
986 4361 1080 4411 τοῦ
1143 4361 1376 4424 παιδίου,
1416 4363 1679 4431 μεταδοὺς
1727 4365 1826 4416 αὐ-

279 4440 345 4509 τῷ
392 4447 479 4498 καὶ
527 4450 622 4517 τῆς
667 4449 938 4518 mam»
990 4453 1290 4516 κοινωνίας.
1381 4453 1694 4525 Εὐλογήςας

280 4532 361 4581 καὶ
420 4536 573 4604 ἄρτον
625 4538 803 4590 κοινὸν
873 4539 1070 4594 δέδωκε
1134 4546 1246 4604 τοῖς
1301 4544 1557 4610 γονεῦσι,
1619 4563 1836 4616 παραγ-

280 4621 445 4685 γείλας
517 4628 684 4698 αὑτὸν
763 4629 974 4699 βρέχειν
1039 4635 1116 4694 εἰς
1197 4634 1475 4702 ἄκρατον,
1535 4634 1630 4687 καὶ
1692 4635 1834 4687 οὕτω

281 4717 517 4783 παρέχειν
571 4718 651 4788 τῷ
720 4721 889 4774 παιδί.
966 4723 1296 4791 Ποιήσαντες
1372 4724 1429 4776 δὲ
1483 4725 1640 4778 τοῦτο
1673 4769 1686 4789 ,
1737 4728 1835 4778 ἐπ-

277 4801 452 4874 έτυχον
471 4811 563 4878 τῆς
586 4811 800 4873 ἐλπίδος
821 4827 834 4839 ·
864 4815 928 4882 τῇ
959 4813 1064 4883 γὰρ
1094 4813 1216 4880 ἑξῆς
1241 4814 1422 4885 ἡμέρα
1450 4814 1657 4886 ήγαγον
1678 4817 1828 4879 αὐτὸ,

275 4898 359 4947 καὶ
385 4900 573 4969 πολλὴν
598 4903 866 4973 διαφορὰν
896 4905 988 4956 καὶ
1020 4904 1273 4968 ἀνάζεσιν
1304 4905 1403 4975 τῆς
1457 4907 1661 4976 σαρκὸς
1689 4909 1828 4960 εἴδο-

270 5000 366 5050 μεν
387 4990 460 5051 εἰς
488 4991 617 5042 αὑτό
639 5009 651 5021 ·
686 4993 1047 5060 προσεδέξατο
1080 4995 1182 5063 γὰρ
1212 4997 1303 5047 καὶ
1338 4997 1565 5066 μετρίαν
1587 5002 1793 5068 τροφήν
1815 5015 1826 5028 ·

263 5076 324 5141 τῇ
359 5075 413 5127 δὲ
447 5080 596 5149 τρίτῃ
629 5081 810 5151 ἡμέρᾳ
839 5081 966 5134 ἄλλο
995 5082 1055 5146 ἐξ
1096 5083 1256 5136 ἄλλου
1287 5085 1466 5154 ἴδομεν
1494 5087 1625 5139 αὐτό
1647 5104 1661 5118 ·
1699 5105 1835 5142 κατ-

261 5171 408 5237 εῖχεν
466 5175 569 5246 γέιρ
602 5178 768 5245 ἄρτον
821 5179 877 5229 ὲν
939 5181 1004 5246 τῇ
1053 5181 1196 5248 χειρὶ
1239 5179 1425 5246 αὑτοῦ,
1475 5183 1567 5235 καὶ
1600 5181 1830 5235 ἐνώπιον

260 5259 418 5328 ἡμῶν
451 5266 651 5334 ἢσθιεν,
684 5269 850 5320 κινῶν
879 5268 1002 5332 τούς
1037 5287 1162 5322 ποτε
1193 5271 1583 5342 νομιζομένους
1624 5274 1715 5326 καὶ
1746 5273 1820 5343 μὴ

258 5356 610 5422 φαινομένους
669 5357 983 5426 ὀφθαλμοὺς
1037 5359 1220 5421 αὑτοῦ,
1270 5361 1363 5412 καὶ
1408 5360 1698 5430 ἐμϐλέπων
1743 5363 1821 5422 εἰς

252 5439 353 5494 ἕνα.
390 5443 612 5498 ἕκαστον
662 5447 773 5499 τῶν
814 5449 1256 5518 παρισταμένων.
1309 5450 1604 5521 Διηγοῦντο
1656 5449 1713 5502 δὲ
1774 5452 1822 5503 οί

250 5536 452 5596 γονεῖς,
483 5537 563 5589 ὅτι
593 5536 652 5601 ἐξ
678 5533 745 5608 ἧς
783 5537 935 5609 ὥρας
963 5538 1166 5610 ηὔξατο
1189 5542 1216 5594 ὁ
1242 5540 1454 5610 μέγας,
1491 5541 1706 5612 ἀπέστη
1730 5540 1822 5594 τοῦ

1937 3163 2337 3232 propemodum
2361 3181 2592 3234 expers;
2620 3183 2802 3236 neque
2834 3169 3078 3224 colorem
3110 3171 3282 3225 ullum
3336 3171 3508 3226 habe-

1935 3253 2056 3306 bat:
2087 3252 2184 3307 sed
2214 3262 2471 3324 tanquam
2500 3258 2648 3326 Spica
2693 3267 2860 3312 vento
2890 3271 3172 3330 corrupta,
3211 3277 3335 3331 qua:
3359 3276 3506 3315 non-

1934 3343 2062 3397 dum
2103 3345 2427 3400 conﬁrmata
2472 3348 2667 3402 exilem
2718 3353 3011 3418 quamdam
3062 3362 3227 3422 atque
3285 3353 3504 3406 inanem

1931 3449 2231 3503 granorum
2284 3447 2338 3490 et
2360 3439 2651 3494 aristarum
2679 3442 2920 3510 speciem
2947 3442 3112 3498 habet
3136 3461 3149 3508 ;
3177 3444 3255 3498 sic
3281 3453 3337 3499 et
3369 3459 3506 3514 puer

1934 3523 2025 3577 ille
2061 3523 2376 3591 videbatur,
2410 3535 2470 3580 ut
2514 3531 2834 3598 quicunque
2894 3531 3059 3584 vellet
3125 3539 3322 3586 tenues
3373 3532 3497 3602 ejus

1935 3626 2120 3669 costas
2145 3632 2336 3670 ontnes
2365 3633 2682 3688 nervosque
2713 3629 2768 3674 et
2793 3637 2915 3676 ossa
2959 3631 3144 3690 posset
3171 3639 3485 3678 numerare.

1931 3705 2088 3760 llunc
2121 3709 2205 3760 vir
2245 3709 2336 3762 Dei
2375 3725 2606 3780 magnus
2631 3727 2760 3765 cum
2811 3713 3115 3781 aspexis~et
3149 3714 3229 3770 sic
3256 3719 3506 3770 exsicca-

1933 3811 2067 3863 tum,
2100 3811 2155 3855 et
2185 3811 2438 3870 parentes
2473 3803 2620 3856 illius
2645 3804 2832 3857 dolore
2858 3805 3202 3860 tabescentes
3223 3847 3236 3869 ,
3260 3790 3272 3800 ’
3302 3807 3502 3875 implo-

1935 3909 2058 3946 rans
2081 3894 2344 3946 auxilium
2370 3895 2493 3960 Dei,
2529 3894 2779 3949 facientis
2835 3910 2955 3948 esse
3016 3913 3140 3964 quze
3180 3913 3287 3949 non
3348 3906 3500 3960 sunt,

1933 3995 2107 4038 totum
2148 3987 2302 4054 pueri
2339 4003 2539 4055 corpus
2565 3987 2784 4040 inunxit
2822 3989 2945 4041 oleo
2985 3989 3250 4056 pretioso,
3276 3996 3333 4042 et
3368 4004 3498 4042 san-

1929 4087 2071 4126 ctam
2098 4075 2542 4127 couuntmimiem
2577 4075 2625 4128 ei
2660 4075 2966 4143 impertivit
2995 4095 3006 4128 :
3054 4091 3244 4144 panem
3279 4092 3501 4145 quoque

1928 4181 2272 4220 eununnnem
2301 4167 2632 4219 benedicens
2674 4167 2998 4235 parentibus
3015 4167 3188 4230 dedit,
3222 4169 3503 4238 prtecepit-

1929 4273 2032 4326 que
2063 4266 2121 4310 ut
2154 4274 2305 4310 mero
2384 4259 2538 4311 illum
2582 4259 2920 4325 intingcrent
2958 4275 3244 4328 pueroque
3287 4258 3500 4328 praebe-

1931 4353 2073 4397 rent.
2105 4344 2262 4410 Quod
2300 4347 2375 4400 illi
2399 4361 2525 4400 cum
2556 4347 2838 4409 fecissent,
2874 4348 2988 4402 voti
3031 4358 3316 4417 compotes
3368 4348 3500 4403 facti

1775 4456 1830 4508 δὲ
1865 4438 1908 4494 ε)
1935 4447 2082 4490 sunt.
2109 4438 2386 4494 Postridie
2410 4441 2555 4493 enim
2597 4455 2851 4507 magnum
2883 4439 2937 4492 in
2966 4455 3032 4493 eo
3058 4442 3242 4495 carnis
3301 4440 3499 4494 discri—

1934 4544 2059 4582 men
2084 4531 2442 4598 aspeximus:
2484 4533 2698 4600 accepit
2756 4541 2940 4585 autem
3001 4532 3283 4587 mediocre
3324 4533 3504 4586 nutri-

1935 4630 2261 4674 mentumet
2289 4623 2730 4675 incitamentum:
2798 4623 2960 4676 tertia
3026 4640 3158 4678 vero
3192 4624 3279 4678 die
3329 4624 3500 4678 alium

1903 4731 1996 4768 νοτ
2023 4715 2131 4768 alio
2173 4713 2430 4769 vidimus.
2455 4715 2703 4769 Tenebat
2738 4732 2978 4785 namque
3003 4734 3195 4785 panem
3247 4717 3298 4770 in
3336 4731 3501 4769 manu

1885 4823 2051 4867 -sua,
2107 4817 2162 4863 et
2215 4823 2397 4862 coram
2460 4809 2786 4878 parentibus
2840 4810 3072 4874 edebat;
3133 4807 3503 4876 movebatque

1929 4899 2121 4953 oculos
2153 4915 2304 4963 suos,
2337 4901 2428 4968 qui
2475 4912 2631 4955 antea
2667 4901 2936 4954 reconditi
2995 4900 3082 4952 vix
3131 4897 3281 4952 cerni
3343 4905 3505 4963 pote-
3581 4933 3606 4948 .-

1931 4999 2075 5054 rant,
2117 4999 2172 5043 et
2200 4991 2449 5060 singulos
2497 4993 2794 5045 astantium
2857 4990 3204 5044 intuebatur.
3238 4987 3505 5040 Dicebant

1912 5089 2199 5150 prieterea
2226 5093 2480 5149 parentes
2522 5083 2662 5151 ejus,
2705 5097 2771 5136 ex
2815 5096 2924 5149 qua
2980 5081 3116 5133 hora
3148 5093 3247 5148 pro
3289 5075 3384 5130 illo
3417 5075 3504 5128 vir

1931 5179 2156 5224 sanctus
2209 5180 2444 5228 orasset.
2486 5170 2657 5225 ubera
2707 5170 2898 5225 matris
2935 5171 3207 5238 attingere
3234 5166 3500 5231 noluisse,

1933 5261 2028 5315 sed
2054 5260 2241 5312 oblan
2281 5261 2404 5313 citro
2428 5261 2598 5315 fuisse
2634 5261 2931 5315 nutritum.
2982 5259 3112 5312 Laeti
3173 5259 3342 5328 igitur
3374 5273 3502 5312 cum

1932 5353 2044 5407 ﬁlio
2060 5368 2192 5407 sano
2213 5353 2265 5405 in
2281 5352 2604 5420 oppidulum
2623 5367 2781 5406 suum
2798 5359 3168 5405 reverterunt.
3187 5349 3286 5404 Hie
3299 5349 3342 5402 si
3358 5363 3504 5417 qua!-

1934 5460 2014 5499 rat
2045 5443 2271 5514 aliquis,
2309 5460 2410 5498 cur
2455 5459 2593 5513 puer
2646 5458 2756 5497 non
2807 5443 2994 5496 statim
3042 5440 3320 5511 acceperit
3355 5440 3502 5494 inte-

1933 5555 2086 5612 gram
2128 5536 2420 5592 sanitatem
2451 5535 2634 5602 ,sciat
2688 5533 2900 5605 judicia
2956 5533 3049 5589 Dei
3102 5535 3329 5588 multam
3382 5546 3506 5587 esse

323 5619 599 5735 ᾤἹλΖινία
645 5655 780 5735 urbs
839 5656 1169 5735 episcopalis
1217 5659 1321 5714 sub
1400 5658 1630 5716 Amasea
1709 5667 1836 5717 meti

1938 5660 2024 5715 ali.
2083 5658 2253 5714 Zinus
2329 5654 2461 5726 legit
2523 5652 2682 5720 Zala,
2742 5650 3080 5723 ecgrapbur‘n
3136 5660 3392 5707 nostrum
3448 5644 3507 5704 in

248 5720 496 5791 antiquis
558 5726 779 5780 Notitiis
823 5720 940 5779 urbs
967 5720 1236 5782 Zc'lorum.
