  <div class='ocr_page' id='page_1' title='image "/cluster/home/n/w/nwhite01/storage/ocr_20150623/86:2/hvd.32044054112354/293.png"; bbox 0 0 4042 6156; ppageno 0'>
   <div class='ocr_carea' id='block_1_1' title="bbox 432 150 3690 295">
    <p class='ocr_par' dir='ltr' id='par_1_1' title="bbox 432 150 3690 295">
     <span class='ocr_line' id='line_1_1' title="bbox 432 150 3690 295; baseline -0.012 -15"><span class='ocrx_word' id='word_1_1' title='bbox 432 216 570 280; x_wconf 67' lang='grc'><strong>2231</strong></span> <span class='ocrx_word' id='word_1_2' title='bbox 1499 202 1559 295; x_wconf 77' lang='lat'><strong>5.</strong></span> <span class='ocrx_word' id='word_1_3' title='bbox 1600 150 1967 264; x_wconf 74' lang='lat' dir='ltr'><strong>EUTYClIII</strong></span> <span class='ocrx_word' id='word_1_4' title='bbox 2006 197 2513 259; x_wconf 59' lang='lat' dir='ltr'><strong>PATRIARCILE</strong></span> <span class='ocrx_word' id='word_1_5' title='bbox 2553 196 2663 255; x_wconf 85' lang='lat' dir='ltr'><strong>CP.</strong></span> <span class='ocrx_word' id='word_1_6' title='bbox 3547 177 3690 243; x_wconf 56' lang='lat'><strong>233?.</strong></span> 
     </span>
    </p>
   </div>
   <div class='ocr_carea' id='block_1_2' title="bbox 438 289 2047 397">
    <p class='ocr_par' dir='ltr' id='par_1_2' title="bbox 438 313 2047 397">
     <span class='ocr_line' id='line_1_2' title="bbox 438 313 2047 397; baseline -0.01 -19"><span class='ocrx_word' id='word_1_7' title='bbox 438 325 720 397; x_wconf 76' lang='lat' dir='ltr'><strong>abyssum.</strong></span> <span class='ocrx_word' id='word_1_8' title='bbox 747 318 1011 375; x_wconf 81' lang='lat' dir='ltr'><strong>Videmus</strong></span> <span class='ocrx_word' id='word_1_9' title='bbox 1041 317 1208 372; x_wconf 90' lang='lat' dir='ltr'><strong>etiam</strong></span> <span class='ocrx_word' id='word_1_10' title='bbox 1239 313 1534 371; x_wconf 89' lang='lat' dir='ltr'><strong>Dominum</strong></span> <span class='ocrx_word' id='word_1_11' title='bbox 1580 319 1862 372; x_wconf 85' lang='lat' dir='ltr'><strong>nostrum,</strong></span> <span class='ocrx_word' id='word_1_12' title='bbox 1918 324 2011 362; x_wconf 80' lang='lat' dir='ltr'><strong>ar—</strong></span> <span class='ocrx_word' id='word_1_13' title='bbox 2043 356 2047 368; x_wconf 83' lang='grc'><strong>,</strong></span> 
     </span>
    </p>
   </div>
   <div class='ocr_carea' id='block_1_3' title="bbox 2147 289 3692 397">
    <p class='ocr_par' dir='ltr' id='par_1_3' title="bbox 2149 289 3692 374">
     <span class='ocr_line' id='line_1_3' title="bbox 2149 289 3692 374; baseline -0.01 -18"><span class='ocrx_word' id='word_1_14' title='bbox 2149 305 2390 374; x_wconf 76' lang='grc' dir='ltr'>ηλάζειν,</span> <span class='ocrx_word' id='word_1_15' title='bbox 2428 303 2522 355; x_wconf 74' lang='grc' dir='ltr'><strong>καὶ</strong></span> <span class='ocrx_word' id='word_1_16' title='bbox 2557 301 2813 369; x_wconf 69' lang='grc' dir='ltr'>ἐτρέφετο</span> <span class='ocrx_word' id='word_1_17' title='bbox 2868 297 2936 367; x_wconf 67' lang='grc' dir='ltr'>τῇ</span> <span class='ocrx_word' id='word_1_18' title='bbox 2986 292 3278 364; x_wconf 72' lang='grc' dir='ltr'>προσφόρῳ</span> <span class='ocrx_word' id='word_1_19' title='bbox 3330 290 3504 361; x_wconf 77' lang='grc' dir='ltr'>τροφῇ</span> <span class='ocrx_word' id='word_1_20' title='bbox 3539 289 3692 341; x_wconf 81' lang='grc' dir='ltr'>ἀνεν-</span> 
     </span>
    </p>
   </div>
   <div class='ocr_carea' id='block_1_4' title="bbox 440 380 2047 479">
    <p class='ocr_par' dir='ltr' id='par_1_4' title="bbox 440 383 1999 479">
     <span class='ocr_line' id='line_1_4' title="bbox 440 383 1999 479; baseline -0.01 -14"><span class='ocrx_word' id='word_1_21' title='bbox 440 383 580 465; x_wconf 76' lang='lat' dir='ltr'><strong>cano</strong></span> <span class='ocrx_word' id='word_1_22' title='bbox 602 409 838 479; x_wconf 74' lang='lat' dir='ltr'><strong>quodam</strong></span> <span class='ocrx_word' id='word_1_23' title='bbox 859 405 1113 471; x_wconf 79' lang='lat' dir='ltr'><strong>consilio,</strong></span> <span class='ocrx_word' id='word_1_24' title='bbox 1131 405 1379 461; x_wconf 77' lang='lat' dir='ltr'><strong>inﬁrmos</strong></span> <span class='ocrx_word' id='word_1_25' title='bbox 1393 399 1659 471; x_wconf 88' lang='lat' dir='ltr'><strong>quosdam</strong></span> <span class='ocrx_word' id='word_1_26' title='bbox 1691 413 1801 451; x_wconf 93' lang='lat' dir='ltr'><strong>non</strong></span> <span class='ocrx_word' id='word_1_27' title='bbox 1816 397 1999 451; x_wconf 86' lang='lat' dir='ltr'><strong>statim</strong></span> 
     </span>
    </p>
   </div>
   <div class='ocr_carea' id='block_1_5' title="bbox 2147 380 3688 479">
    <p class='ocr_par' dir='ltr' id='par_1_5' title="bbox 2147 380 3688 465">
     <span class='ocr_line' id='line_1_5' title="bbox 2147 380 3688 465; baseline -0.012 -15"><span class='ocrx_word' id='word_1_28' title='bbox 2147 397 2266 460; x_wconf 80' lang='grc' dir='ltr'>εῶς.</span> <span class='ocrx_word' id='word_1_29' title='bbox 2307 397 2607 465; x_wconf 83' lang='grc' dir='ltr'>Χαίροντες</span> <span class='ocrx_word' id='word_1_30' title='bbox 2652 388 2768 457; x_wconf 82' lang='grc' dir='ltr'>οὖν,</span> <span class='ocrx_word' id='word_1_31' title='bbox 2795 387 3140 458; x_wconf 75' lang='grc' dir='ltr'><strong>ὑπέστρεψαν</strong></span> <span class='ocrx_word' id='word_1_32' title='bbox 3185 387 3265 448; x_wconf 84' lang='grc' dir='ltr'>εἰς</span> <span class='ocrx_word' id='word_1_33' title='bbox 3294 384 3391 455; x_wconf 78' lang='grc' dir='ltr'><strong>τὴν</strong></span> <span class='ocrx_word' id='word_1_34' title='bbox 3420 382 3558 435; x_wconf 83' lang='grc' dir='ltr'>ἰδίαν</span> <span class='ocrx_word' id='word_1_35' title='bbox 3590 380 3688 434; x_wconf 84' lang='grc' dir='ltr'><strong>πό-</strong></span> 
     </span>
    </p>
   </div>
   <div class='ocr_carea' id='block_1_6' title="bbox 443 473 2047 558">
    <p class='ocr_par' dir='ltr' id='par_1_6' title="bbox 443 478 2013 558">
     <span class='ocr_line' id='line_1_6' title="bbox 443 478 2013 558; baseline -0.012 0"><span class='ocrx_word' id='word_1_36' title='bbox 443 516 685 558; x_wconf 86' lang='lat' dir='ltr'><strong>eurasse.</strong></span> <span class='ocrx_word' id='word_1_37' title='bbox 705 497 842 554; x_wconf 84' lang='lat' dir='ltr'><strong>Cum</strong></span> <span class='ocrx_word' id='word_1_38' title='bbox 883 499 1030 553; x_wconf 89' lang='lat' dir='ltr'><strong>enim</strong></span> <span class='ocrx_word' id='word_1_39' title='bbox 1060 496 1252 553; x_wconf 89' lang='lat' dir='ltr'><strong>oculos</strong></span> <span class='ocrx_word' id='word_1_40' title='bbox 1274 493 1398 549; x_wconf 61' lang='lat' dir='ltr'><strong>caeci</strong></span> <span class='ocrx_word' id='word_1_41' title='bbox 1418 490 1723 547; x_wconf 76' lang='lat' dir='ltr'><strong>inunxisset</strong></span> <span class='ocrx_word' id='word_1_42' title='bbox 1744 478 2013 552; x_wconf 79' lang='lat' dir='ltr'><strong>luto,Abi,</strong></span> 
     </span>
    </p>
   </div>
   <div class='ocr_carea' id='block_1_7' title="bbox 2147 473 3694 558">
    <p class='ocr_par' dir='ltr' id='par_1_7' title="bbox 2148 473 3694 558">
     <span class='ocr_line' id='line_1_7' title="bbox 2148 473 3694 558; baseline -0.008 -17"><span class='ocrx_word' id='word_1_43' title='bbox 2148 507 2219 553; x_wconf 89' lang='grc' dir='ltr'><strong>ιν,</strong></span> <span class='ocrx_word' id='word_1_44' title='bbox 2280 489 2496 558; x_wconf 81' lang='grc' dir='ltr'>ἔχοντες</span> <span class='ocrx_word' id='word_1_45' title='bbox 2522 486 2612 541; x_wconf 74' lang='grc' dir='ltr'><strong>τὸν</strong></span> <span class='ocrx_word' id='word_1_46' title='bbox 2664 484 2825 539; x_wconf 80' lang='grc' dir='ltr'>παῖδα</span> <span class='ocrx_word' id='word_1_47' title='bbox 2861 483 3012 550; x_wconf 79' lang='grc' dir='ltr'>ὑγιῆ.</span> <span class='ocrx_word' id='word_1_48' title='bbox 3043 479 3107 533; x_wconf 84' lang='grc' dir='ltr'><strong>Εἰ</strong></span> <span class='ocrx_word' id='word_1_49' title='bbox 3133 478 3190 531; x_wconf 74' lang='grc' dir='ltr'>δέ</span> <span class='ocrx_word' id='word_1_50' title='bbox 3223 494 3306 540; x_wconf 85' lang='grc' dir='ltr'><strong>τις</strong></span> <span class='ocrx_word' id='word_1_51' title='bbox 3337 473 3694 540; x_wconf 74' lang='grc' dir='ltr'>διαλογίζοιτο</span> 
     </span>
    </p>
   </div>
   <div class='ocr_carea' id='block_1_8' title="bbox 376 563 2047 662">
    <p class='ocr_par' dir='ltr' id='par_1_8' title="bbox 376 579 2017 662">
     <span class='ocr_line' id='line_1_8' title="bbox 376 579 2017 662; baseline -0.01 -16"><span class='ocrx_word' id='word_1_52' title='bbox 376 622 383 631; x_wconf 66' lang='grc' dir='ltr'><em>ν</em></span> <span class='ocrx_word' id='word_1_53' title='bbox 446 592 648 662; x_wconf 87' lang='lat' dir='ltr'><strong>inquit.</strong></span> <span class='ocrx_word' id='word_1_54' title='bbox 676 590 731 644; x_wconf 87' lang='lat' dir='ltr'><strong>in</strong></span> <span class='ocrx_word' id='word_1_55' title='bbox 758 589 989 650; x_wconf 85' lang='lat' dir='ltr'><strong>Siloam,</strong></span> <span class='ocrx_word' id='word_1_56' title='bbox 1016 596 1072 643; x_wconf 88' lang='lat' dir='ltr'><strong>et</strong></span> <span class='ocrx_word' id='word_1_57' title='bbox 1100 587 1258 641; x_wconf 88' lang='lat' dir='ltr'><strong>lava:</strong></span> <span class='ocrx_word' id='word_1_58' title='bbox 1295 593 1351 639; x_wconf 89' lang='lat' dir='ltr'><strong>et</strong></span> <span class='ocrx_word' id='word_1_59' title='bbox 1398 583 1546 637; x_wconf 92' lang='lat' dir='ltr'><strong>lotus</strong></span> <span class='ocrx_word' id='word_1_60' title='bbox 1582 579 1743 635; x_wconf 84' lang='lat' dir='ltr'><strong>vidit.</strong></span> <span class='ocrx_word' id='word_1_61' title='bbox 1787 579 1856 632; x_wconf 83' lang='lat' dir='ltr'><strong>Et</strong></span> <span class='ocrx_word' id='word_1_62' title='bbox 1888 593 2017 632; x_wconf 88' lang='lat' dir='ltr'><strong>cum</strong></span> 
     </span>
    </p>
   </div>
   <div class='ocr_carea' id='block_1_9' title="bbox 2147 563 3695 662">
    <p class='ocr_par' dir='ltr' id='par_1_9' title="bbox 2147 563 3695 647">
     <span class='ocr_line' id='line_1_9' title="bbox 2147 563 3695 647; baseline -0.01 -17"><span class='ocrx_word' id='word_1_63' title='bbox 2147 578 2179 629; x_wconf 82' lang='grc' dir='ltr'>ι’</span> <span class='ocrx_word' id='word_1_64' title='bbox 2215 578 2283 647; x_wconf 86' lang='grc' dir='ltr'>ἢν</span> <span class='ocrx_word' id='word_1_65' title='bbox 2330 575 2508 629; x_wconf 83' lang='grc' dir='ltr'>αἰτίαν</span> <span class='ocrx_word' id='word_1_66' title='bbox 2566 574 2671 627; x_wconf 80' lang='grc' dir='ltr'><strong>ἀπὸ</strong></span> <span class='ocrx_word' id='word_1_67' title='bbox 2723 574 2852 642; x_wconf 86' lang='grc' dir='ltr'>μιᾶς</span> <span class='ocrx_word' id='word_1_68' title='bbox 2912 568 3207 634; x_wconf 78' lang='grc' dir='ltr'>ἐντεύξεως</span> <span class='ocrx_word' id='word_1_69' title='bbox 3240 564 3555 633; x_wconf 71' lang='grc' dir='ltr'><strong>ὁλοκλήρως</strong></span> <span class='ocrx_word' id='word_1_70' title='bbox 3594 563 3695 615; x_wconf 75' lang='grc' dir='ltr'><strong>οὐκ</strong></span> 
     </span>
    </p>
   </div>
   <div class='ocr_carea' id='block_1_10' title="bbox 443 655 2047 749">
    <p class='ocr_par' dir='ltr' id='par_1_10' title="bbox 443 667 2015 749">
     <span class='ocr_line' id='line_1_10' title="bbox 443 667 2015 749; baseline -0.01 -17"><span class='ocrx_word' id='word_1_71' title='bbox 443 678 535 749; x_wconf 83' lang='lat' dir='ltr'><strong>alii</strong></span> <span class='ocrx_word' id='word_1_72' title='bbox 568 693 764 731; x_wconf 89' lang='lat' dir='ltr'><strong>manus</strong></span> <span class='ocrx_word' id='word_1_73' title='bbox 790 674 1170 745; x_wconf 88' lang='lat' dir='ltr'><strong>imposuisset,</strong></span> <span class='ocrx_word' id='word_1_74' title='bbox 1195 669 1430 739; x_wconf 76' lang='lat' dir='ltr'><strong>rogavit,</strong></span> <span class='ocrx_word' id='word_1_75' title='bbox 1461 667 1664 738; x_wconf 81' lang='lat' dir='ltr'><strong>ecquid</strong></span> <span class='ocrx_word' id='word_1_76' title='bbox 1725 673 2015 730; x_wconf 87' lang='lat' dir='ltr'><strong>cerneret;</strong></span> 
     </span>
    </p>
   </div>
   <div class='ocr_carea' id='block_1_11' title="bbox 2147 655 3696 749">
    <p class='ocr_par' dir='ltr' id='par_1_11' title="bbox 2147 655 3696 738">
     <span class='ocr_line' id='line_1_11' title="bbox 2147 655 3696 738; baseline -0.012 -15"><span class='ocrx_word' id='word_1_77' title='bbox 2147 669 2267 738; x_wconf 77' lang='grc' dir='ltr'>άθη,</span> <span class='ocrx_word' id='word_1_78' title='bbox 2296 667 2635 737; x_wconf 79' lang='grc' dir='ltr'><strong>γινωσκέτω,</strong></span> <span class='ocrx_word' id='word_1_79' title='bbox 2682 667 2764 718; x_wconf 83' lang='grc' dir='ltr'>ὅτι</span> <span class='ocrx_word' id='word_1_80' title='bbox 2796 663 2867 716; x_wconf 74' lang='grc' dir='ltr'><strong>τά</strong></span> <span class='ocrx_word' id='word_1_81' title='bbox 2910 662 3158 733; x_wconf 84' lang='grc' dir='ltr'>κρίματα</span> <span class='ocrx_word' id='word_1_82' title='bbox 3207 656 3416 727; x_wconf 80' lang='grc' dir='ltr'>Κυρίου</span> <span class='ocrx_word' id='word_1_83' title='bbox 3459 655 3696 717; x_wconf 70' lang='grc' dir='ltr'>ἄϐυσσος</span> 
     </span>
    </p>
   </div>
   <div class='ocr_carea' id='block_1_12' title="bbox 446 746 2047 833">
    <p class='ocr_par' dir='ltr' id='par_1_12' title="bbox 446 746 2018 833">
     <span class='ocr_line' id='line_1_12' title="bbox 446 746 2018 833; baseline -0.005 -16"><span class='ocrx_word' id='word_1_84' title='bbox 446 746 846 833; x_wconf 82' lang='lat' dir='ltr'><strong>responditque</strong></span> <span class='ocrx_word' id='word_1_85' title='bbox 890 762 1018 816; x_wconf 85' lang='lat' dir='ltr'><strong>ille:</strong></span> <span class='ocrx_word' id='word_1_86' title='bbox 1066 760 1239 815; x_wconf 78' lang='lat' dir='ltr'><strong>Video</strong></span> <span class='ocrx_word' id='word_1_87' title='bbox 1286 759 1541 813; x_wconf 85' lang='lat' dir='ltr'><strong>homines</strong></span> <span class='ocrx_word' id='word_1_88' title='bbox 1594 756 1740 811; x_wconf 90' lang='lat' dir='ltr'><strong>sicut</strong></span> <span class='ocrx_word' id='word_1_89' title='bbox 1789 754 2018 823; x_wconf 82' lang='lat' dir='ltr'><strong>arbores</strong></span> 
     </span>
    </p>
   </div>
   <div class='ocr_carea' id='block_1_13' title="bbox 2147 746 3695 833">
    <p class='ocr_par' dir='ltr' id='par_1_13' title="bbox 2147 746 3695 831">
     <span class='ocr_line' id='line_1_13' title="bbox 2147 746 3695 831; baseline -0.008 -19"><span class='ocrx_word' id='word_1_90' title='bbox 2147 759 2321 831; x_wconf 66' lang='grc' dir='ltr'>πολλή·</span> <span class='ocrx_word' id='word_1_91' title='bbox 2363 758 2693 829; x_wconf 75' lang='grc' dir='ltr'>εὑρίσκομεν</span> <span class='ocrx_word' id='word_1_92' title='bbox 2735 756 2844 825; x_wconf 68' lang='grc' dir='ltr'>γᾶρ</span> <span class='ocrx_word' id='word_1_93' title='bbox 2882 754 2969 807; x_wconf 83' lang='grc' dir='ltr'>ὅτι</span> <span class='ocrx_word' id='word_1_94' title='bbox 3021 752 3111 806; x_wconf 85' lang='grc' dir='ltr'><strong>διά</strong></span> <span class='ocrx_word' id='word_1_95' title='bbox 3170 766 3311 812; x_wconf 81' lang='grc' dir='ltr'>τινος</span> <span class='ocrx_word' id='word_1_96' title='bbox 3362 746 3695 816; x_wconf 79' lang='grc' dir='ltr'>οἰκονομίας,</span> 
     </span>
    </p>
   </div>
   <div class='ocr_carea' id='block_1_14' title="bbox 447 834 2047 923">
    <p class='ocr_par' dir='ltr' id='par_1_14' title="bbox 447 834 2017 923">
     <span class='ocr_line' id='line_1_14' title="bbox 447 834 2017 923; baseline -0.005 -15"><span class='ocrx_word' id='word_1_97' title='bbox 447 855 817 909; x_wconf 73' lang='lat' dir='ltr'><strong>ambulantes.</strong></span> <span class='ocrx_word' id='word_1_98' title='bbox 858 854 938 908; x_wconf 82' lang='lat' dir='ltr'><strong>Ex</strong></span> <span class='ocrx_word' id='word_1_99' title='bbox 984 870 1094 923; x_wconf 83' lang='lat' dir='ltr'><strong>quo</strong></span> <span class='ocrx_word' id='word_1_100' title='bbox 1136 860 1288 923; x_wconf 80' lang='lat' dir='ltr'><strong>patet</strong></span> <span class='ocrx_word' id='word_1_101' title='bbox 1336 851 1629 906; x_wconf 89' lang='lat' dir='ltr'><strong>sanitatem</strong></span> <span class='ocrx_word' id='word_1_102' title='bbox 1687 834 2017 918; x_wconf 80' lang='lat' dir='ltr'><strong>quibusdam</strong></span> 
     </span>
    </p>
   </div>
   <div class='ocr_carea' id='block_1_15' title="bbox 2147 834 3697 923">
    <p class='ocr_par' dir='ltr' id='par_1_15' title="bbox 2150 838 3697 920">
     <span class='ocr_line' id='line_1_15' title="bbox 2150 838 3697 920; baseline -0.01 -15"><span class='ocrx_word' id='word_1_103' title='bbox 2150 851 2242 905; x_wconf 79' lang='grc' dir='ltr'>ΰτε</span> <span class='ocrx_word' id='word_1_104' title='bbox 2271 851 2429 914; x_wconf 64' lang='grc' dir='ltr'>αὐτὸς</span> <span class='ocrx_word' id='word_1_105' title='bbox 2452 851 2478 902; x_wconf 99' lang='lat'><strong>6</strong></span> <span class='ocrx_word' id='word_1_106' title='bbox 2511 848 2717 920; x_wconf 80' lang='grc' dir='ltr'>Κύριος</span> <span class='ocrx_word' id='word_1_107' title='bbox 2753 848 2847 902; x_wconf 76' lang='grc' dir='ltr'>καὶ</span> <span class='ocrx_word' id='word_1_108' title='bbox 2877 846 3008 909; x_wconf 81' lang='grc' dir='ltr'>Θεὸς</span> <span class='ocrx_word' id='word_1_109' title='bbox 3038 844 3200 916; x_wconf 77' lang='grc' dir='ltr'>ήμῶν</span> <span class='ocrx_word' id='word_1_110' title='bbox 3222 843 3331 897; x_wconf 79' lang='grc' dir='ltr'>ἀπὸ</span> <span class='ocrx_word' id='word_1_111' title='bbox 3361 841 3490 911; x_wconf 78' lang='grc' dir='ltr'>μιᾶς</span> <span class='ocrx_word' id='word_1_112' title='bbox 3507 838 3697 906; x_wconf 70' lang='grc' dir='ltr'>ἐθερά-</span> 
     </span>
    </p>
   </div>
   <div class='ocr_carea' id='block_1_16' title="bbox 450 940 2019 1016">
    <p class='ocr_par' dir='ltr' id='par_1_16' title="bbox 450 940 2019 1016">
     <span class='ocr_line' id='line_1_16' title="bbox 450 940 2019 1016; baseline -0.004 -16"><span class='ocrx_word' id='word_1_113' title='bbox 450 946 712 1016; x_wconf 82' lang='lat' dir='ltr'><strong>paulatim</strong></span> <span class='ocrx_word' id='word_1_114' title='bbox 737 945 905 1000; x_wconf 84' lang='lat' dir='ltr'><strong>l‘uisse</strong></span> <span class='ocrx_word' id='word_1_115' title='bbox 935 959 1258 1001; x_wconf 88' lang='lat' dir='ltr'><strong>concessam</strong></span> <span class='ocrx_word' id='word_1_116' title='bbox 1277 959 1307 997; x_wconf 89' lang='lat' dir='ltr'><strong>a</strong></span> <span class='ocrx_word' id='word_1_117' title='bbox 1325 943 1580 1007; x_wconf 90' lang='lat' dir='ltr'><strong>Domino,</strong></span> <span class='ocrx_word' id='word_1_118' title='bbox 1595 955 1691 996; x_wconf 89' lang='lat' dir='ltr'><strong>eas</strong></span> <span class='ocrx_word' id='word_1_119' title='bbox 1713 940 1784 995; x_wconf 92' lang='lat' dir='ltr'><strong>ob</strong></span> <span class='ocrx_word' id='word_1_120' title='bbox 1803 953 2019 1003; x_wconf 83' lang='lat' dir='ltr'><strong>eausas,</strong></span> 
     </span>
    </p>
   </div>
   <div class='ocr_carea' id='block_1_17' title="bbox 449 1031 2019 1107">
    <p class='ocr_par' dir='ltr' id='par_1_17' title="bbox 449 1031 2019 1107">
     <span class='ocr_line' id='line_1_17' title="bbox 449 1031 2019 1107; baseline -0.005 -16"><span class='ocrx_word' id='word_1_121' title='bbox 449 1053 586 1106; x_wconf 84' lang='lat' dir='ltr'><strong>quas</strong></span> <span class='ocrx_word' id='word_1_122' title='bbox 624 1037 778 1092; x_wconf 90' lang='lat' dir='ltr'><strong>novit</strong></span> <span class='ocrx_word' id='word_1_123' title='bbox 810 1037 875 1103; x_wconf 90' lang='lat' dir='ltr'><strong>is,</strong></span> <span class='ocrx_word' id='word_1_124' title='bbox 929 1037 1025 1107; x_wconf 90' lang='lat' dir='ltr'><strong>qui</strong></span> <span class='ocrx_word' id='word_1_125' title='bbox 1052 1036 1188 1107; x_wconf 89' lang='lat' dir='ltr'><strong>quid</strong></span> <span class='ocrx_word' id='word_1_126' title='bbox 1211 1036 1412 1105; x_wconf 85' lang='lat' dir='ltr'><strong>cuique</strong></span> <span class='ocrx_word' id='word_1_127' title='bbox 1434 1033 1569 1088; x_wconf 86' lang='lat' dir='ltr'><strong>utile</strong></span> <span class='ocrx_word' id='word_1_128' title='bbox 1617 1033 1690 1087; x_wconf 85' lang='lat' dir='ltr'><strong>sit</strong></span> <span class='ocrx_word' id='word_1_129' title='bbox 1714 1031 2019 1102; x_wconf 81' lang='lat' dir='ltr'><strong>cognoscit.</strong></span> 
     </span>
    </p>
   </div>
   <div class='ocr_carea' id='block_1_18' title="bbox 452 1124 2025 1194">
    <p class='ocr_par' dir='ltr' id='par_1_18' title="bbox 452 1124 2025 1194">
     <span class='ocr_line' id='line_1_18' title="bbox 452 1124 2025 1194; baseline -0.005 -10"><span class='ocrx_word' id='word_1_130' title='bbox 452 1129 559 1185; x_wconf 87' lang='lat' dir='ltr'><strong>Sed</strong></span> <span class='ocrx_word' id='word_1_131' title='bbox 581 1130 698 1185; x_wconf 76' lang='lat' dir='ltr'><strong>hree</strong></span> <span class='ocrx_word' id='word_1_132' title='bbox 733 1130 1028 1183; x_wconf 77' lang='lat' dir='ltr'><strong>hactenus.</strong></span> <span class='ocrx_word' id='word_1_133' title='bbox 1068 1128 1234 1183; x_wconf 83' lang='lat' dir='ltr'><strong>Aliud</strong></span> <span class='ocrx_word' id='word_1_134' title='bbox 1287 1125 1620 1181; x_wconf 85' lang='lat' dir='ltr'><strong>miraculum</strong></span> <span class='ocrx_word' id='word_1_135' title='bbox 1656 1124 2025 1194; x_wconf 80' lang='lat' dir='ltr'><strong>explicemus.</strong></span> 
     </span>
    </p>
   </div>
   <div class='ocr_carea' id='block_1_19' title="bbox 2122 931 3698 1007">
    <p class='ocr_par' dir='ltr' id='par_1_19' title="bbox 2122 931 3698 1007">
     <span class='ocr_line' id='line_1_19' title="bbox 2122 931 3698 1007; baseline -0.003 -9"><span class='ocrx_word' id='word_1_136' title='bbox 2122 941 2290 998; x_wconf 85' lang='grc' dir='ltr'>πευσέ</span> <span class='ocrx_word' id='word_1_137' title='bbox 2342 958 2495 1005; x_wconf 81' lang='grc' dir='ltr'>τινας</span> <span class='ocrx_word' id='word_1_138' title='bbox 2520 941 2626 993; x_wconf 77' lang='grc' dir='ltr'><strong>τῶν</strong></span> <span class='ocrx_word' id='word_1_139' title='bbox 2653 940 3026 993; x_wconf 78' lang='grc' dir='ltr'><strong>ἀσθενούντων</strong></span> <span class='ocrx_word' id='word_1_140' title='bbox 3046 954 3059 968; x_wconf 80' lang='grc'><strong><em>⁸</em></strong></span> <span class='ocrx_word' id='word_1_141' title='bbox 3088 937 3166 1007; x_wconf 78' lang='grc' dir='ltr'>τῷ</span> <span class='ocrx_word' id='word_1_142' title='bbox 3202 936 3303 1006; x_wconf 76' lang='grc' dir='ltr'><strong>μὲν</strong></span> <span class='ocrx_word' id='word_1_143' title='bbox 3341 935 3450 1003; x_wconf 71' lang='grc' dir='ltr'>γὰρ</span> <span class='ocrx_word' id='word_1_144' title='bbox 3483 931 3698 1002; x_wconf 77' lang='grc' dir='ltr'>ἐπιχρί-</span> 
     </span>
    </p>
   </div>
   <div class='ocr_carea' id='block_1_20' title="bbox 2124 1018 3700 1102">
    <p class='ocr_par' dir='ltr' id='par_1_20' title="bbox 2124 1018 3700 1102">
     <span class='ocr_line' id='line_1_20' title="bbox 2124 1018 3700 1102; baseline -0.011 -15"><span class='ocrx_word' id='word_1_145' title='bbox 2124 1051 2225 1097; x_wconf 85' lang='grc' dir='ltr'><strong>σας</strong></span> <span class='ocrx_word' id='word_1_146' title='bbox 2251 1034 2343 1087; x_wconf 76' lang='grc' dir='ltr'><strong>τὺν</strong></span> <span class='ocrx_word' id='word_1_147' title='bbox 2392 1031 2563 1102; x_wconf 75' lang='grc' dir='ltr'>πηλὸν</span> <span class='ocrx_word' id='word_1_148' title='bbox 2595 1035 2675 1096; x_wconf 80' lang='grc' dir='ltr'><strong>είς</strong></span> <span class='ocrx_word' id='word_1_149' title='bbox 2725 1031 2851 1094; x_wconf 67' lang='grc' dir='ltr'>τοὺς</span> <span class='ocrx_word' id='word_1_150' title='bbox 2902 1028 3218 1098; x_wconf 60' lang='grc' dir='ltr'>ὀφθαλμοὺς</span> <span class='ocrx_word' id='word_1_151' title='bbox 3268 1018 3440 1078; x_wconf 82' lang='grc' dir='ltr'>εἶπεν·</span> <span class='ocrx_word' id='word_1_152' title='bbox 3479 1022 3700 1085; x_wconf 76' lang='grc' dir='ltr'>’Ὕπαγε</span> 
     </span>
    </p>
   </div>
   <div class='ocr_carea' id='block_1_21' title="bbox 2124 1112 3696 1195">
    <p class='ocr_par' dir='ltr' id='par_1_21' title="bbox 2124 1112 3696 1195">
     <span class='ocr_line' id='line_1_21' title="bbox 2124 1112 3696 1195; baseline -0.01 -16"><span class='ocrx_word' id='word_1_153' title='bbox 2124 1125 2206 1186; x_wconf 83' lang='grc' dir='ltr'>εἰς</span> <span class='ocrx_word' id='word_1_154' title='bbox 2240 1125 2347 1178; x_wconf 77' lang='grc' dir='ltr'>’τὸν</span> <span class='ocrx_word' id='word_1_155' title='bbox 2378 1124 2624 1195; x_wconf 78' lang='grc' dir='ltr'>Σιλωὰμ,</span> <span class='ocrx_word' id='word_1_156' title='bbox 2677 1123 2854 1192; x_wconf 77' lang='grc' dir='ltr'>νίψαι,</span> <span class='ocrx_word' id='word_1_157' title='bbox 2891 1121 2985 1175; x_wconf 70' lang='grc' dir='ltr'>καὶ</span> <span class='ocrx_word' id='word_1_158' title='bbox 3029 1119 3325 1187; x_wconf 77' lang='grc' dir='ltr'>νιψάμενος</span> <span class='ocrx_word' id='word_1_159' title='bbox 3366 1112 3658 1184; x_wconf 71' lang='grc' dir='ltr'>ἀνέϐλεψεν</span> <span class='ocrx_word' id='word_1_160' title='bbox 3683 1126 3696 1139; x_wconf 70' lang='grc'><strong><em>⁸</em></strong></span> 
     </span>
    </p>
   </div>
   <div class='ocr_carea' id='block_1_22' title="bbox 452 1204 3705 1292">
    <p class='ocr_par' dir='ltr' id='par_1_22' title="bbox 452 1204 3705 1292">
     <span class='ocr_line' id='line_1_22' title="bbox 452 1204 3705 1292; baseline -0.006 -15"><span class='ocrx_word' id='word_1_161' title='bbox 452 1204 596 1292; x_wconf 73' lang='grc' dir='ltr'>ἄλλῳ</span> <span class='ocrx_word' id='word_1_162' title='bbox 646 1222 702 1275; x_wconf 76' lang='grc' dir='ltr'>δὲ</span> <span class='ocrx_word' id='word_1_163' title='bbox 748 1221 847 1284; x_wconf 81' lang='grc' dir='ltr'>τὰς</span> <span class='ocrx_word' id='word_1_164' title='bbox 884 1223 1070 1291; x_wconf 84' lang='grc' dir='ltr'>χεῖρας</span> <span class='ocrx_word' id='word_1_165' title='bbox 1102 1219 1310 1281; x_wconf 74' lang='grc' dir='ltr'>ἐπιθεὶς</span> <span class='ocrx_word' id='word_1_166' title='bbox 1338 1217 1525 1290; x_wconf 86' lang='grc' dir='ltr'>ήρώτα</span> <span class='ocrx_word' id='word_1_167' title='bbox 1546 1216 1670 1269; x_wconf 80' lang='grc' dir='ltr'>εἴτι</span> <span class='ocrx_word' id='word_1_168' title='bbox 1703 1215 1920 1285; x_wconf 86' lang='grc' dir='ltr'>θεωρεῖ,</span> <span class='ocrx_word' id='word_1_169' title='bbox 1963 1214 2021 1279; x_wconf 82' lang='grc' dir='ltr'>ὃς</span> <span class='ocrx_word' id='word_1_170' title='bbox 2054 1215 2390 1287; x_wconf 86' lang='grc' dir='ltr'>ἀπεκρίνατο</span> <span class='ocrx_word' id='word_1_171' title='bbox 2453 1217 2629 1284; x_wconf 84' lang='grc' dir='ltr'>λέγων</span> <span class='ocrx_word' id='word_1_172' title='bbox 2652 1232 2665 1246; x_wconf 81' lang='grc'><em>’</em></span> <span class='ocrx_word' id='word_1_173' title='bbox 2701 1214 2905 1286; x_wconf 87' lang='grc' dir='ltr'>Θεωρῶ</span> <span class='ocrx_word' id='word_1_174' title='bbox 2943 1213 3072 1277; x_wconf 63' lang='grc' dir='ltr'>τοὺς</span> <span class='ocrx_word' id='word_1_175' title='bbox 3107 1209 3427 1281; x_wconf 76' lang='grc' dir='ltr'>ἀνθρώπους</span> <span class='ocrx_word' id='word_1_176' title='bbox 3486 1207 3559 1268; x_wconf 74' lang='grc' dir='ltr'>ὡς</span> <span class='ocrx_word' id='word_1_177' title='bbox 3588 1208 3705 1260; x_wconf 83' lang='grc' dir='ltr'><strong>δὲν-</strong></span> 
     </span>
    </p>
   </div>
   <div class='ocr_carea' id='block_1_23' title="bbox 376 1286 3741 1384">
    <p class='ocr_par' dir='ltr' id='par_1_23' title="bbox 376 1286 3741 1384">
     <span class='ocr_line' id='line_1_23' title="bbox 376 1286 3741 1384; baseline -0.008 -15"><span class='ocrx_word' id='word_1_178' title='bbox 376 1322 382 1326; x_wconf 85' lang='grc'><strong>’</strong></span> <span class='ocrx_word' id='word_1_179' title='bbox 453 1286 580 1384; x_wconf 36' lang='grc' dir='ltr'>δρα-</span> <span class='ocrx_word' id='word_1_180' title='bbox 612 1286 1069 1384; x_wconf 63' lang='grc' dir='ltr'>περιπατούντας.</span> <span class='ocrx_word' id='word_1_181' title='bbox 1105 1286 1497 1383; x_wconf 72' lang='grc' dir='ltr'>Πρόδηλονοῦν</span> <span class='ocrx_word' id='word_1_182' title='bbox 1539 1306 1613 1368; x_wconf 70' lang='lat' dir='ltr'><strong>di;</strong></span> <span class='ocrx_word' id='word_1_183' title='bbox 1680 1304 1823 1360; x_wconf 72' lang='grc' dir='ltr'>κατὰ</span> <span class='ocrx_word' id='word_1_184' title='bbox 1863 1303 2056 1374; x_wconf 70' lang='grc' dir='ltr'>μικρόν</span> <span class='ocrx_word' id='word_1_185' title='bbox 2092 1286 2234 1360; x_wconf 83' lang='grc' dir='ltr'>τισιν</span> <span class='ocrx_word' id='word_1_186' title='bbox 2299 1305 2396 1377; x_wconf 83' lang='grc' dir='ltr'><strong>τὴν</strong></span> <span class='ocrx_word' id='word_1_187' title='bbox 2429 1307 2574 1359; x_wconf 75' lang='grc' dir='ltr'>ἴασιν</span> <span class='ocrx_word' id='word_1_188' title='bbox 2597 1305 2879 1374; x_wconf 87' lang='grc' dir='ltr'>παρεῖχεν,</span> <span class='ocrx_word' id='word_1_189' title='bbox 2918 1300 2985 1354; x_wconf 81' lang='grc' dir='ltr'>δι’</span> <span class='ocrx_word' id='word_1_190' title='bbox 3032 1301 3099 1372; x_wconf 72' lang='grc' dir='ltr'>ἣν</span> <span class='ocrx_word' id='word_1_191' title='bbox 3127 1294 3268 1352; x_wconf 73' lang='grc' dir='ltr'>οἶδεν</span> <span class='ocrx_word' id='word_1_192' title='bbox 3311 1296 3471 1363; x_wconf 77' lang='grc' dir='ltr'>αύτδς</span> <span class='ocrx_word' id='word_1_193' title='bbox 3504 1295 3701 1357; x_wconf 78' lang='grc' dir='ltr'>αἰτίαν,</span> <span class='ocrx_word' id='word_1_194' title='bbox 3732 1286 3741 1295; x_wconf 86' lang='grc'><em>’</em></span> 
     </span>
    </p>
   </div>
   <div class='ocr_carea' id='block_1_24' title="bbox 455 1389 3497 1475">
    <p class='ocr_par' dir='ltr' id='par_1_24' title="bbox 455 1389 3497 1475">
     <span class='ocr_line' id='line_1_24' title="bbox 455 1389 3497 1475; baseline -0.006 -17"><span class='ocrx_word' id='word_1_195' title='bbox 455 1410 515 1459; x_wconf 77' lang='grc' dir='ltr'>τὺ</span> <span class='ocrx_word' id='word_1_196' title='bbox 566 1406 842 1475; x_wconf 77' lang='grc' dir='ltr'>συμφέρον</span> <span class='ocrx_word' id='word_1_197' title='bbox 897 1403 1112 1473; x_wconf 77' lang='grc' dir='ltr'>ἑκάστῳ</span> <span class='ocrx_word' id='word_1_198' title='bbox 1148 1400 1534 1471; x_wconf 65' lang='grc' dir='ltr'>ἐπιστάμενος.</span> <span class='ocrx_word' id='word_1_199' title='bbox 1574 1397 1735 1451; x_wconf 71' lang='grc' dir='ltr'>Ἀλλά</span> <span class='ocrx_word' id='word_1_200' title='bbox 1761 1396 1890 1468; x_wconf 71' lang='grc' dir='ltr'>περὶ</span> <span class='ocrx_word' id='word_1_201' title='bbox 1924 1396 2022 1466; x_wconf 81' lang='grc' dir='ltr'>μὲν</span> <span class='ocrx_word' id='word_1_202' title='bbox 2058 1394 2248 1451; x_wconf 83' lang='grc' dir='ltr'>τούτου</span> <span class='ocrx_word' id='word_1_203' title='bbox 2284 1397 2541 1451; x_wconf 82' lang='grc' dir='ltr'>τοιαῦτα’</span> <span class='ocrx_word' id='word_1_204' title='bbox 2573 1395 2710 1449; x_wconf 80' lang='grc' dir='ltr'>τίδὲ</span> <span class='ocrx_word' id='word_1_205' title='bbox 2736 1392 2979 1448; x_wconf 77' lang='grc' dir='ltr'>καὶᾶλλο</span> <span class='ocrx_word' id='word_1_206' title='bbox 3007 1392 3248 1459; x_wconf 79' lang='grc' dir='ltr'>γέγονεν,</span> <span class='ocrx_word' id='word_1_207' title='bbox 3276 1389 3497 1458; x_wconf 75' lang='grc' dir='ltr'>ἴδωμεν.</span> 
     </span>
    </p>
   </div>
   <div class='ocr_carea' id='block_1_25' title="bbox 532 1489 2033 1566">
    <p class='ocr_par' dir='ltr' id='par_1_25' title="bbox 532 1489 2033 1566">
     <span class='ocr_line' id='line_1_25' title="bbox 532 1489 2033 1566; baseline -0.006 -15"><span class='ocrx_word' id='word_1_208' title='bbox 532 1497 618 1551; x_wconf 74' lang='grc'><strong>50.</strong></span> <span class='ocrx_word' id='word_1_209' title='bbox 645 1495 818 1550; x_wconf 87' lang='lat' dir='ltr'><strong>Filius</strong></span> <span class='ocrx_word' id='word_1_210' title='bbox 836 1495 1121 1566; x_wconf 33' lang='lat' dir='ltr'><strong>«‘ujusdam</strong></span> <span class='ocrx_word' id='word_1_211' title='bbox 1165 1492 1378 1562; x_wconf 74' lang='lat' dir='ltr'><strong>epit&#39;icis</strong></span> <span class='ocrx_word' id='word_1_212' title='bbox 1426 1492 1686 1556; x_wconf 74' lang='lat' dir='ltr'><strong>Amaseze,</strong></span> <span class='ocrx_word' id='word_1_213' title='bbox 1739 1489 2033 1560; x_wconf 87' lang='lat' dir='ltr'><strong>repentino</strong></span> 
     </span>
    </p>
   </div>
   <div class='ocr_carea' id='block_1_26' title="bbox 462 1582 2032 1657">
    <p class='ocr_par' dir='ltr' id='par_1_26' title="bbox 462 1582 2032 1657">
     <span class='ocr_line' id='line_1_26' title="bbox 462 1582 2032 1657; baseline -0.006 -15"><span class='ocrx_word' id='word_1_214' title='bbox 462 1587 659 1642; x_wconf 89' lang='lat' dir='ltr'><strong>morbo</strong></span> <span class='ocrx_word' id='word_1_215' title='bbox 685 1597 997 1657; x_wconf 76' lang='lat' dir='ltr'><strong>correptus,</strong></span> <span class='ocrx_word' id='word_1_216' title='bbox 1018 1585 1085 1640; x_wconf 87' lang='lat' dir='ltr'><strong>ad</strong></span> <span class='ocrx_word' id='word_1_217' title='bbox 1110 1593 1297 1657; x_wconf 86' lang='lat' dir='ltr'><strong>portas</strong></span> <span class='ocrx_word' id='word_1_218' title='bbox 1318 1583 1518 1639; x_wconf 88' lang='lat' dir='ltr'><strong>mortis</strong></span> <span class='ocrx_word' id='word_1_219' title='bbox 1549 1582 2032 1654; x_wconf 85' lang='lat' dir='ltr'><strong>appropinquave-</strong></span> 
     </span>
    </p>
   </div>
   <div class='ocr_carea' id='block_1_27' title="bbox 462 1674 2032 1751">
    <p class='ocr_par' dir='ltr' id='par_1_27' title="bbox 462 1674 2032 1751">
     <span class='ocr_line' id='line_1_27' title="bbox 462 1674 2032 1751; baseline -0.005 -17"><span class='ocrx_word' id='word_1_220' title='bbox 462 1690 565 1735; x_wconf 88' lang='lat' dir='ltr'><strong>rat.</strong></span> <span class='ocrx_word' id='word_1_221' title='bbox 594 1681 750 1735; x_wconf 88' lang='lat' dir='ltr'><strong>llunc</strong></span> <span class='ocrx_word' id='word_1_222' title='bbox 770 1689 927 1751; x_wconf 88' lang='lat' dir='ltr'><strong>pater</strong></span> <span class='ocrx_word' id='word_1_223' title='bbox 970 1679 1121 1734; x_wconf 89' lang='lat' dir='ltr'><strong>ulnis</strong></span> <span class='ocrx_word' id='word_1_224' title='bbox 1162 1679 1483 1749; x_wconf 70' lang='lat' dir='ltr'><strong>impns‘tum</strong></span> <span class='ocrx_word' id='word_1_225' title='bbox 1512 1678 1580 1733; x_wconf 86' lang='lat' dir='ltr'><strong>ad</strong></span> <span class='ocrx_word' id='word_1_226' title='bbox 1638 1674 2032 1733; x_wconf 84' lang='lat' dir='ltr'><strong>monasterium</strong></span> 
     </span>
    </p>
   </div>
   <div class='ocr_carea' id='block_1_28' title="bbox 459 1770 2036 1847">
    <p class='ocr_par' dir='ltr' id='par_1_28' title="bbox 459 1770 2036 1847">
     <span class='ocr_line' id='line_1_28' title="bbox 459 1770 2036 1847; baseline -0.006 -18"><span class='ocrx_word' id='word_1_227' title='bbox 459 1775 717 1847; x_wconf 75' lang='lat' dir='ltr'><strong>gestavit,</strong></span> <span class='ocrx_word' id='word_1_228' title='bbox 763 1781 824 1826; x_wconf 89' lang='lat' dir='ltr'><strong>ut</strong></span> <span class='ocrx_word' id='word_1_229' title='bbox 850 1773 972 1827; x_wconf 85' lang='lat' dir='ltr'><strong>viro</strong></span> <span class='ocrx_word' id='word_1_230' title='bbox 1003 1782 1194 1829; x_wconf 89' lang='lat' dir='ltr'><strong>saneto</strong></span> <span class='ocrx_word' id='word_1_231' title='bbox 1255 1771 1409 1826; x_wconf 90' lang='lat' dir='ltr'><strong>illum</strong></span> <span class='ocrx_word' id='word_1_232' title='bbox 1454 1770 1705 1835; x_wconf 80' lang='lat' dir='ltr'><strong>oﬂ‘errct,</strong></span> <span class='ocrx_word' id='word_1_233' title='bbox 1760 1777 2036 1838; x_wconf 86' lang='lat' dir='ltr'><strong>quatenus</strong></span> 
     </span>
    </p>
   </div>
   <div class='ocr_carea' id='block_1_29' title="bbox 459 1858 2035 1939">
    <p class='ocr_par' dir='ltr' id='par_1_29' title="bbox 459 1858 2035 1939">
     <span class='ocr_line' id='line_1_29' title="bbox 459 1858 2035 1939; baseline -0.008 -18"><span class='ocrx_word' id='word_1_234' title='bbox 459 1868 579 1939; x_wconf 82' lang='lat' dir='ltr'><strong>ejus</strong></span> <span class='ocrx_word' id='word_1_235' title='bbox 608 1865 871 1936; x_wconf 72' lang='lat' dir='ltr'><strong>precibus</strong></span> <span class='ocrx_word' id='word_1_236' title='bbox 904 1873 1256 1935; x_wconf 82' lang='lat' dir='ltr'><strong>recuperaret</strong></span> <span class='ocrx_word' id='word_1_237' title='bbox 1287 1863 1605 1918; x_wconf 84' lang='lat' dir='ltr'><strong>sanitatem.</strong></span> <span class='ocrx_word' id='word_1_238' title='bbox 1649 1858 2035 1915; x_wconf 86' lang='lat' dir='ltr'><strong>Distinehatur</strong></span> 
     </span>
    </p>
   </div>
   <div class='ocr_carea' id='block_1_30' title="bbox 460 1950 2036 2031">
    <p class='ocr_par' dir='ltr' id='par_1_30' title="bbox 460 1950 2036 2031">
     <span class='ocr_line' id='line_1_30' title="bbox 460 1950 2036 2031; baseline -0.004 -20"><span class='ocrx_word' id='word_1_239' title='bbox 460 1961 713 2031; x_wconf 39' lang='lat' dir='ltr'><strong>ille‘tunc</strong></span> <span class='ocrx_word' id='word_1_240' title='bbox 738 1960 977 2030; x_wconf 87' lang='lat' dir='ltr'><strong>negotiis</strong></span> <span class='ocrx_word' id='word_1_241' title='bbox 1008 1958 1150 2020; x_wconf 88' lang='lat' dir='ltr'><strong>aliis,</strong></span> <span class='ocrx_word' id='word_1_242' title='bbox 1179 1964 1453 2013; x_wconf 84' lang='lat' dir='ltr'><strong>venerant</strong></span> <span class='ocrx_word' id='word_1_243' title='bbox 1500 1955 1648 2009; x_wconf 90' lang='lat' dir='ltr'><strong>enim</strong></span> <span class='ocrx_word' id='word_1_244' title='bbox 1673 1951 1845 2023; x_wconf 90' lang='lat' dir='ltr'><strong>aliqui</strong></span> <span class='ocrx_word' id='word_1_245' title='bbox 1886 1959 1945 2005; x_wconf 91' lang='lat' dir='ltr'><strong>ut</strong></span> <span class='ocrx_word' id='word_1_246' title='bbox 1967 1950 2036 2005; x_wconf 90' lang='lat' dir='ltr'><strong>ab</strong></span> 
     </span>
    </p>
   </div>
   <div class='ocr_carea' id='block_1_31' title="bbox 464 2043 2039 2121">
    <p class='ocr_par' dir='ltr' id='par_1_31' title="bbox 464 2043 2039 2121">
     <span class='ocr_line' id='line_1_31' title="bbox 464 2043 2039 2121; baseline -0.006 -18"><span class='ocrx_word' id='word_1_247' title='bbox 464 2050 586 2121; x_wconf 91' lang='lat' dir='ltr'><strong>ipso</strong></span> <span class='ocrx_word' id='word_1_248' title='bbox 622 2052 1055 2114; x_wconf 82' lang='lat' dir='ltr'><strong>instruerentur,</strong></span> <span class='ocrx_word' id='word_1_249' title='bbox 1081 2049 1339 2104; x_wconf 89' lang='lat' dir='ltr'><strong>etotium</strong></span> <span class='ocrx_word' id='word_1_250' title='bbox 1383 2043 1723 2115; x_wconf 83' lang='lat' dir='ltr'><strong>suscipiendi</strong></span> <span class='ocrx_word' id='word_1_251' title='bbox 1776 2043 1936 2113; x_wconf 90' lang='lat' dir='ltr'><strong>pueri</strong></span> <span class='ocrx_word' id='word_1_252' title='bbox 1971 2056 2039 2095; x_wconf 88' lang='lat' dir='ltr'><strong>eo</strong></span> 
     </span>
    </p>
   </div>
   <div class='ocr_carea' id='block_1_32' title="bbox 466 2134 2028 2212">
    <p class='ocr_par' dir='ltr' id='par_1_32' title="bbox 466 2134 2028 2212">
     <span class='ocr_line' id='line_1_32' title="bbox 466 2134 2028 2212; baseline -0.006 -17"><span class='ocrx_word' id='word_1_253' title='bbox 466 2151 710 2212; x_wconf 74' lang='lat' dir='ltr'><strong>tempore</strong></span> <span class='ocrx_word' id='word_1_254' title='bbox 739 2157 849 2195; x_wconf 92' lang='lat' dir='ltr'><strong>non</strong></span> <span class='ocrx_word' id='word_1_255' title='bbox 878 2140 1138 2196; x_wconf 84' lang='lat' dir='ltr'><strong>habebat.</strong></span> <span class='ocrx_word' id='word_1_256' title='bbox 1165 2139 1560 2206; x_wconf 83' lang='lat' dir='ltr'><strong>Quamobrem,</strong></span> <span class='ocrx_word' id='word_1_257' title='bbox 1607 2150 1732 2190; x_wconf 87' lang='lat' dir='ltr'><strong>cum</strong></span> <span class='ocrx_word' id='word_1_258' title='bbox 1757 2135 1892 2190; x_wconf 86' lang='lat' dir='ltr'><strong>satis</strong></span> <span class='ocrx_word' id='word_1_259' title='bbox 1934 2134 2028 2187; x_wconf 88' lang='lat' dir='ltr'><strong>diu</strong></span> 
     </span>
    </p>
   </div>
   <div class='ocr_carea' id='block_1_33' title="bbox 463 2224 2041 2303">
    <p class='ocr_par' dir='ltr' id='par_1_33' title="bbox 463 2224 2041 2303">
     <span class='ocr_line' id='line_1_33' title="bbox 463 2224 2041 2303; baseline -0.006 -15"><span class='ocrx_word' id='word_1_260' title='bbox 463 2243 620 2303; x_wconf 86' lang='lat' dir='ltr'><strong>pater</strong></span> <span class='ocrx_word' id='word_1_261' title='bbox 660 2230 1286 2302; x_wconf 76' lang='lat' dir='ltr'><strong>exspectasset,volebat</strong></span> <span class='ocrx_word' id='word_1_262' title='bbox 1327 2228 1648 2303; x_wconf 81' lang='lat' dir='ltr'><strong>discedere:</strong></span> <span class='ocrx_word' id='word_1_263' title='bbox 1685 2225 1826 2292; x_wconf 84' lang='lat' dir='ltr'><strong>Quid</strong></span> <span class='ocrx_word' id='word_1_264' title='bbox 1870 2224 2041 2287; x_wconf 89' lang='lat' dir='ltr'><strong>enim,</strong></span> 
     </span>
    </p>
   </div>
   <div class='ocr_carea' id='block_1_34' title="bbox 466 2317 2042 2392">
    <p class='ocr_par' dir='ltr' id='par_1_34' title="bbox 466 2317 2042 2392">
     <span class='ocr_line' id='line_1_34' title="bbox 466 2317 2042 2392; baseline -0.008 -15"><span class='ocrx_word' id='word_1_265' title='bbox 466 2321 778 2392; x_wconf 89' lang='lat' dir='ltr'><strong>inquiebat,</strong></span> <span class='ocrx_word' id='word_1_266' title='bbox 812 2322 956 2377; x_wconf 82' lang='lat' dir='ltr'><strong>ultra</strong></span> <span class='ocrx_word' id='word_1_267' title='bbox 1001 2334 1195 2375; x_wconf 77' lang='lat' dir='ltr'><strong>vexem</strong></span> <span class='ocrx_word' id='word_1_268' title='bbox 1238 2319 1463 2374; x_wconf 87' lang='lat' dir='ltr'><strong>beatum</strong></span> <span class='ocrx_word' id='word_1_269' title='bbox 1507 2317 1715 2379; x_wconf 87' lang='lat' dir='ltr'><strong>virum,</strong></span> <span class='ocrx_word' id='word_1_270' title='bbox 1750 2329 1874 2368; x_wconf 92' lang='lat' dir='ltr'><strong>cum</strong></span> <span class='ocrx_word' id='word_1_271' title='bbox 1903 2328 2042 2382; x_wconf 90' lang='lat' dir='ltr'><strong>puer</strong></span> 
     </span>
    </p>
   </div>
   <div class='ocr_carea' id='block_1_35' title="bbox 464 2402 2041 2477">
    <p class='ocr_par' dir='ltr' id='par_1_35' title="bbox 464 2402 2041 2477">
     <span class='ocr_line' id='line_1_35' title="bbox 464 2402 2041 2477; baseline -0.007 -12"><span class='ocrx_word' id='word_1_272' title='bbox 464 2410 774 2465; x_wconf 88' lang='lat' dir='ltr'><strong>moriatur?</strong></span> <span class='ocrx_word' id='word_1_273' title='bbox 801 2408 1378 2465; x_wconf 86' lang='lat' dir='ltr'><strong>Consideransautem</strong></span> <span class='ocrx_word' id='word_1_274' title='bbox 1430 2406 1604 2461; x_wconf 90' lang='lat' dir='ltr'><strong>Deum</strong></span> <span class='ocrx_word' id='word_1_275' title='bbox 1659 2418 1823 2477; x_wconf 80' lang='lat' dir='ltr'><strong>posse</strong></span> <span class='ocrx_word' id='word_1_276' title='bbox 1871 2402 2041 2456; x_wconf 92' lang='lat' dir='ltr'><strong>etiam</strong></span> 
     </span>
    </p>
   </div>
   <div class='ocr_carea' id='block_1_36' title="bbox 466 2497 2039 2569">
    <p class='ocr_par' dir='ltr' id='par_1_36' title="bbox 466 2497 2039 2569">
     <span class='ocr_line' id='line_1_36' title="bbox 466 2497 2039 2569; baseline -0.006 -13"><span class='ocrx_word' id='word_1_277' title='bbox 466 2510 717 2556; x_wconf 92' lang='lat' dir='ltr'><strong>mortuos</strong></span> <span class='ocrx_word' id='word_1_278' title='bbox 749 2516 1011 2555; x_wconf 87' lang='lat' dir='ltr'><strong>revocare</strong></span> <span class='ocrx_word' id='word_1_279' title='bbox 1033 2500 1101 2555; x_wconf 85' lang='lat' dir='ltr'><strong>ad</strong></span> <span class='ocrx_word' id='word_1_280' title='bbox 1124 2501 1314 2563; x_wconf 92' lang='lat' dir='ltr'><strong>vitam,</strong></span> <span class='ocrx_word' id='word_1_281' title='bbox 1338 2497 1622 2569; x_wconf 78' lang='lat' dir='ltr'><strong>paulisper</strong></span> <span class='ocrx_word' id='word_1_282' title='bbox 1645 2504 1894 2549; x_wconf 88' lang='lat' dir='ltr'><strong>moratus</strong></span> <span class='ocrx_word' id='word_1_283' title='bbox 1917 2506 2039 2548; x_wconf 90' lang='lat' dir='ltr'><strong>sum</strong></span> 
     </span>
    </p>
   </div>
   <div class='ocr_carea' id='block_1_37' title="bbox 466 2583 2043 2661">
    <p class='ocr_par' dir='ltr' id='par_1_37' title="bbox 466 2583 2043 2661">
     <span class='ocr_line' id='line_1_37' title="bbox 466 2583 2043 2661; baseline -0.007 -13"><span class='ocrx_word' id='word_1_284' title='bbox 466 2593 774 2657; x_wconf 83' lang='lat' dir='ltr'><strong>hominem,</strong></span> <span class='ocrx_word' id='word_1_285' title='bbox 805 2601 861 2648; x_wconf 77' lang='lat' dir='ltr'><strong>et</strong></span> <span class='ocrx_word' id='word_1_286' title='bbox 912 2591 1242 2647; x_wconf 82' lang='lat' dir='ltr'><strong>videbamus</strong></span> <span class='ocrx_word' id='word_1_287' title='bbox 1275 2603 1510 2661; x_wconf 87' lang='lat' dir='ltr'><strong>puerum</strong></span> <span class='ocrx_word' id='word_1_288' title='bbox 1566 2601 1761 2642; x_wconf 80' lang='lat' dir='ltr'><strong>revera</strong></span> <span class='ocrx_word' id='word_1_289' title='bbox 1810 2583 2043 2640; x_wconf 88' lang='lat' dir='ltr'><strong>omnino</strong></span> 
     </span>
    </p>
   </div>
   <div class='ocr_carea' id='block_1_38' title="bbox 468 2672 2044 2748">
    <p class='ocr_par' dir='ltr' id='par_1_38' title="bbox 468 2672 2044 2748">
     <span class='ocr_line' id='line_1_38' title="bbox 468 2672 2044 2748; baseline -0.006 -14"><span class='ocrx_word' id='word_1_290' title='bbox 468 2680 737 2736; x_wconf 81' lang='lat' dir='ltr'><strong>defecisse</strong></span> <span class='ocrx_word' id='word_1_291' title='bbox 761 2679 1000 2734; x_wconf 78' lang='lat' dir='ltr'><strong>maxima</strong></span> <span class='ocrx_word' id='word_1_292' title='bbox 1031 2677 1286 2748; x_wconf 88' lang='lat' dir='ltr'><strong>corporis</strong></span> <span class='ocrx_word' id='word_1_293' title='bbox 1306 2684 1482 2748; x_wconf 84' lang='lat' dir='ltr'><strong>parte.</strong></span> <span class='ocrx_word' id='word_1_294' title='bbox 1508 2675 1639 2746; x_wconf 84' lang='lat' dir='ltr'><strong>Ejus</strong></span> <span class='ocrx_word' id='word_1_295' title='bbox 1659 2672 1830 2740; x_wconf 80' lang='lat' dir='ltr'><strong>igitur</strong></span> <span class='ocrx_word' id='word_1_296' title='bbox 1859 2678 2044 2725; x_wconf 87' lang='lat' dir='ltr'><strong>motus</strong></span> 
     </span>
    </p>
   </div>
   <div class='ocr_carea' id='block_1_39' title="bbox 467 2762 2041 2843">
    <p class='ocr_par' dir='ltr' id='par_1_39' title="bbox 467 2762 2041 2843">
     <span class='ocr_line' id='line_1_39' title="bbox 467 2762 2041 2843; baseline -0.006 -18"><span class='ocrx_word' id='word_1_297' title='bbox 467 2786 662 2843; x_wconf 83' lang='lat' dir='ltr'><strong>magno</strong></span> <span class='ocrx_word' id='word_1_298' title='bbox 692 2774 954 2841; x_wconf 87' lang='lat' dir='ltr'><strong>periculo,</strong></span> <span class='ocrx_word' id='word_1_299' title='bbox 986 2782 1238 2828; x_wconf 80' lang='lat' dir='ltr'><strong>sancttnn</strong></span> <span class='ocrx_word' id='word_1_300' title='bbox 1265 2772 1442 2827; x_wconf 72' lang='lat' dir='ltr'><strong>virum</strong></span> <span class='ocrx_word' id='word_1_301' title='bbox 1469 2768 1733 2827; x_wconf 79' lang='lat' dir='ltr'><strong>aecersivi</strong></span> <span class='ocrx_word' id='word_1_302' title='bbox 1760 2764 1888 2839; x_wconf 84' lang='lat' dir='ltr'><strong>:qui</strong></span> <span class='ocrx_word' id='word_1_303' title='bbox 1921 2762 2041 2819; x_wconf 83' lang='lat' dir='ltr'><strong>nul-</strong></span> 
     </span>
    </p>
   </div>
   <div class='ocr_carea' id='block_1_40' title="bbox 460 2854 2040 2931">
    <p class='ocr_par' dir='ltr' id='par_1_40' title="bbox 460 2854 2040 2931">
     <span class='ocr_line' id='line_1_40' title="bbox 460 2854 2040 2931; baseline -0.007 -13"><span class='ocrx_word' id='word_1_304' title='bbox 460 2864 515 2918; x_wconf 76' lang='lat' dir='ltr'><strong>la</strong></span> <span class='ocrx_word' id='word_1_305' title='bbox 551 2862 836 2931; x_wconf 82' lang='lat' dir='ltr'><strong>interiecta</strong></span> <span class='ocrx_word' id='word_1_306' title='bbox 866 2880 1017 2919; x_wconf 89' lang='lat' dir='ltr'><strong>mora</strong></span> <span class='ocrx_word' id='word_1_307' title='bbox 1049 2864 1199 2919; x_wconf 81' lang='lat' dir='ltr'><strong>venit</strong></span> <span class='ocrx_word' id='word_1_308' title='bbox 1221 2863 1287 2919; x_wconf 78' lang='lat' dir='ltr'><strong>ad</strong></span> <span class='ocrx_word' id='word_1_309' title='bbox 1332 2862 1662 2923; x_wconf 84' lang='lat' dir='ltr'><strong>oratorium,</strong></span> <span class='ocrx_word' id='word_1_310' title='bbox 1692 2866 1750 2914; x_wconf 87' lang='lat' dir='ltr'><strong>et</strong></span> <span class='ocrx_word' id='word_1_311' title='bbox 1780 2854 2040 2926; x_wconf 85' lang='lat' dir='ltr'><strong>precibus</strong></span> 
     </span>
    </p>
   </div>
   <div class='ocr_carea' id='block_1_41' title="bbox 467 2946 2114 3043">
    <p class='ocr_par' dir='ltr' id='par_1_41' title="bbox 467 2946 2114 3043">
     <span class='ocr_line' id='line_1_41' title="bbox 467 2946 2114 3043; baseline -0.004 -37"><span class='ocrx_word' id='word_1_312' title='bbox 467 2954 736 3010; x_wconf 85' lang='lat' dir='ltr'><strong>adhibitis</strong></span> <span class='ocrx_word' id='word_1_313' title='bbox 793 2969 967 3023; x_wconf 86' lang='lat' dir='ltr'><strong>puero</strong></span> <span class='ocrx_word' id='word_1_314' title='bbox 1016 2968 1215 3008; x_wconf 88' lang='lat' dir='ltr'><strong>manus</strong></span> <span class='ocrx_word' id='word_1_315' title='bbox 1264 2966 1396 3007; x_wconf 88' lang='lat' dir='ltr'><strong>suas</strong></span> <span class='ocrx_word' id='word_1_316' title='bbox 1426 2948 1713 3018; x_wconf 83' lang='lat' dir='ltr'><strong>imposuit,</strong></span> <span class='ocrx_word' id='word_1_317' title='bbox 1768 2946 2042 3014; x_wconf 78' lang='lat' dir='ltr'><strong>unxitque</strong></span> <span class='ocrx_word' id='word_1_318' title='bbox 2071 2985 2114 3043; x_wconf 60' lang='grc' dir='ltr'>α</span> 
     </span>
    </p>
   </div>
   <div class='ocr_carea' id='block_1_42' title="bbox 468 3039 2043 3107">
    <p class='ocr_par' dir='ltr' id='par_1_42' title="bbox 468 3039 2043 3107">
     <span class='ocr_line' id='line_1_42' title="bbox 468 3039 2043 3107; baseline -0.005 -6"><span class='ocrx_word' id='word_1_319' title='bbox 468 3047 593 3101; x_wconf 90' lang='lat' dir='ltr'><strong>oleo</strong></span> <span class='ocrx_word' id='word_1_320' title='bbox 618 3056 813 3101; x_wconf 85' lang='lat' dir='ltr'><strong>saneto</strong></span> <span class='ocrx_word' id='word_1_321' title='bbox 843 3060 907 3101; x_wconf 89' lang='lat' dir='ltr'><strong>ac</strong></span> <span class='ocrx_word' id='word_1_322' title='bbox 922 3045 1150 3099; x_wconf 88' lang='lat' dir='ltr'><strong>domum</strong></span> <span class='ocrx_word' id='word_1_323' title='bbox 1178 3043 1411 3099; x_wconf 85' lang='lat' dir='ltr'><strong>dimisit.</strong></span> <span class='ocrx_word' id='word_1_324' title='bbox 1443 3039 1716 3103; x_wconf 83' lang='lat' dir='ltr'><strong>Postridie</strong></span> <span class='ocrx_word' id='word_1_325' title='bbox 1762 3046 1920 3107; x_wconf 84' lang='lat' dir='ltr'><strong>pater</strong></span> <span class='ocrx_word' id='word_1_326' title='bbox 1957 3054 2043 3093; x_wconf 84' lang='lat' dir='ltr'><strong>re-</strong></span> 
     </span>
    </p>
   </div>
   <div class='ocr_carea' id='block_1_43' title="bbox 466 3129 2045 3205">
    <p class='ocr_par' dir='ltr' id='par_1_43' title="bbox 466 3129 2045 3205">
     <span class='ocr_line' id='line_1_43' title="bbox 466 3129 2045 3205; baseline -0.006 -15"><span class='ocrx_word' id='word_1_327' title='bbox 466 3136 655 3200; x_wconf 76' lang='lat' dir='ltr'><strong>vertit,</strong></span> <span class='ocrx_word' id='word_1_328' title='bbox 681 3150 808 3189; x_wconf 92' lang='lat' dir='ltr'><strong>cum</strong></span> <span class='ocrx_word' id='word_1_329' title='bbox 834 3135 1097 3205; x_wconf 82' lang='lat' dir='ltr'><strong>laerymis</strong></span> <span class='ocrx_word' id='word_1_330' title='bbox 1124 3134 1241 3189; x_wconf 89' lang='lat' dir='ltr'><strong>Deo</strong></span> <span class='ocrx_word' id='word_1_331' title='bbox 1276 3132 1484 3203; x_wconf 54' lang='lat' dir='ltr'><strong>gratia»-</strong></span> <span class='ocrx_word' id='word_1_332' title='bbox 1516 3144 1686 3200; x_wconf 83' lang='lat' dir='ltr'><strong>agens</strong></span> <span class='ocrx_word' id='word_1_333' title='bbox 1730 3143 1834 3197; x_wconf 86' lang='lat' dir='ltr'><strong>pro</strong></span> <span class='ocrx_word' id='word_1_334' title='bbox 1864 3129 2045 3183; x_wconf 84' lang='lat' dir='ltr'><strong>salute</strong></span> 
     </span>
    </p>
   </div>
   <div class='ocr_carea' id='block_1_44' title="bbox 473 3218 2047 3294">
    <p class='ocr_par' dir='ltr' id='par_1_44' title="bbox 473 3218 2047 3294">
     <span class='ocr_line' id='line_1_44' title="bbox 473 3218 2047 3294; baseline -0.005 -14"><span class='ocrx_word' id='word_1_335' title='bbox 473 3225 571 3280; x_wconf 79' lang='lat' dir='ltr'><strong>ﬁlii</strong></span> <span class='ocrx_word' id='word_1_336' title='bbox 601 3226 708 3279; x_wconf 91' lang='lat' dir='ltr'><strong>sui.</strong></span> <span class='ocrx_word' id='word_1_337' title='bbox 760 3225 1136 3294; x_wconf 82' lang='lat' dir='ltr'><strong>Interrogatus</strong></span> <span class='ocrx_word' id='word_1_338' title='bbox 1166 3230 1350 3277; x_wconf 78' lang='lat' dir='ltr'><strong>autem</strong></span> <span class='ocrx_word' id='word_1_339' title='bbox 1381 3219 1665 3291; x_wconf 81' lang='lat' dir='ltr'><strong>quomodo</strong></span> <span class='ocrx_word' id='word_1_340' title='bbox 1709 3234 1769 3274; x_wconf 85' lang='lat' dir='ltr'><strong>se</strong></span> <span class='ocrx_word' id='word_1_341' title='bbox 1813 3218 2047 3273; x_wconf 86' lang='lat' dir='ltr'><strong>haberet</strong></span> 
     </span>
    </p>
   </div>
   <div class='ocr_carea' id='block_1_45' title="bbox 470 3310 2049 3386">
    <p class='ocr_par' dir='ltr' id='par_1_45' title="bbox 470 3310 2049 3386">
     <span class='ocr_line' id='line_1_45' title="bbox 470 3310 2049 3386; baseline -0.005 -15"><span class='ocrx_word' id='word_1_342' title='bbox 470 3332 648 3386; x_wconf 87' lang='lat' dir='ltr'><strong>puer;</strong></span> <span class='ocrx_word' id='word_1_343' title='bbox 696 3314 1002 3384; x_wconf 86' lang='lat' dir='ltr'><strong>respondit,</strong></span> <span class='ocrx_word' id='word_1_344' title='bbox 1052 3314 1148 3369; x_wconf 86' lang='lat' dir='ltr'><strong>Dei</strong></span> <span class='ocrx_word' id='word_1_345' title='bbox 1197 3313 1374 3384; x_wconf 84' lang='lat' dir='ltr'><strong>gratia</strong></span> <span class='ocrx_word' id='word_1_346' title='bbox 1406 3320 1461 3366; x_wconf 81' lang='lat' dir='ltr'><strong>et</strong></span> <span class='ocrx_word' id='word_1_347' title='bbox 1490 3310 1671 3367; x_wconf 83' lang='lat' dir='ltr'><strong>sancti</strong></span> <span class='ocrx_word' id='word_1_348' title='bbox 1710 3310 1814 3364; x_wconf 88' lang='lat' dir='ltr'><strong>viri</strong></span> <span class='ocrx_word' id='word_1_349' title='bbox 1868 3311 2049 3379; x_wconf 87' lang='lat' dir='ltr'><strong>preci-</strong></span> 
     </span>
    </p>
   </div>
   <div class='ocr_carea' id='block_1_46' title="bbox 490 3403 2045 3474">
    <p class='ocr_par' dir='ltr' id='par_1_46' title="bbox 490 3403 2045 3474">
     <span class='ocr_line' id='line_1_46' title="bbox 490 3403 2045 3474; baseline -0.003 -12"><span class='ocrx_word' id='word_1_350' title='bbox 490 3410 615 3470; x_wconf 84' lang='lat' dir='ltr'><strong>bus,</strong></span> <span class='ocrx_word' id='word_1_351' title='bbox 650 3407 876 3463; x_wconf 80' lang='lat' dir='ltr'><strong>omnino</strong></span> <span class='ocrx_word' id='word_1_352' title='bbox 902 3405 1267 3462; x_wconf 81' lang='lat' dir='ltr'><strong>convaluisse.</strong></span> <span class='ocrx_word' id='word_1_353' title='bbox 1291 3405 1427 3459; x_wconf 86' lang='lat' dir='ltr'><strong>Tota</strong></span> <span class='ocrx_word' id='word_1_354' title='bbox 1457 3403 1626 3468; x_wconf 86' lang='lat' dir='ltr'><strong>enim,</strong></span> <span class='ocrx_word' id='word_1_355' title='bbox 1652 3403 1853 3474; x_wconf 88' lang='lat' dir='ltr'><strong>inquit,</strong></span> <span class='ocrx_word' id='word_1_356' title='bbox 1884 3410 2045 3457; x_wconf 85' lang='lat' dir='ltr'><strong>nocte</strong></span> 
     </span>
    </p>
   </div>
   <div class='ocr_carea' id='block_1_47' title="bbox 472 3493 2046 3567">
    <p class='ocr_par' dir='ltr' id='par_1_47' title="bbox 472 3493 2046 3567">
     <span class='ocr_line' id='line_1_47' title="bbox 472 3493 2046 3567; baseline -0.005 -13"><span class='ocrx_word' id='word_1_357' title='bbox 472 3499 627 3561; x_wconf 83' lang='lat' dir='ltr'><strong>lusit,</strong></span> <span class='ocrx_word' id='word_1_358' title='bbox 657 3506 716 3551; x_wconf 84' lang='lat' dir='ltr'><strong>et</strong></span> <span class='ocrx_word' id='word_1_359' title='bbox 741 3496 873 3567; x_wconf 86' lang='lat' dir='ltr'><strong>vigil</strong></span> <span class='ocrx_word' id='word_1_360' title='bbox 910 3496 1127 3551; x_wconf 63' lang='lat' dir='ltr'><strong>laetatus</strong></span> <span class='ocrx_word' id='word_1_361' title='bbox 1154 3502 1256 3551; x_wconf 87' lang='lat' dir='ltr'><strong>est.</strong></span> <span class='ocrx_word' id='word_1_362' title='bbox 1298 3493 1453 3548; x_wconf 83' lang='lat' dir='ltr'><strong>Hand</strong></span> <span class='ocrx_word' id='word_1_363' title='bbox 1507 3493 1681 3548; x_wconf 86' lang='lat' dir='ltr'><strong>multo</strong></span> <span class='ocrx_word' id='word_1_364' title='bbox 1729 3503 1855 3563; x_wconf 92' lang='lat' dir='ltr'><strong>post</strong></span> <span class='ocrx_word' id='word_1_365' title='bbox 1899 3493 2046 3547; x_wconf 88' lang='lat' dir='ltr'><strong>vidi-</strong></span> 
     </span>
    </p>
   </div>
   <div class='ocr_carea' id='block_1_48' title="bbox 472 3586 2045 3660">
    <p class='ocr_par' dir='ltr' id='par_1_48' title="bbox 472 3586 2045 3660">
     <span class='ocr_line' id='line_1_48' title="bbox 472 3586 2045 3660; baseline -0.003 -15"><span class='ocrx_word' id='word_1_366' title='bbox 472 3606 596 3645; x_wconf 82' lang='lat' dir='ltr'><strong>mus</strong></span> <span class='ocrx_word' id='word_1_367' title='bbox 618 3604 851 3660; x_wconf 81' lang='lat' dir='ltr'><strong>puerum</strong></span> <span class='ocrx_word' id='word_1_368' title='bbox 880 3589 1049 3643; x_wconf 84' lang='lat' dir='ltr'><strong>etiam</strong></span> <span class='ocrx_word' id='word_1_369' title='bbox 1080 3603 1211 3650; x_wconf 88' lang='lat' dir='ltr'><strong>nos.</strong></span> <span class='ocrx_word' id='word_1_370' title='bbox 1258 3596 1319 3643; x_wconf 88' lang='lat' dir='ltr'><strong>et</strong></span> <span class='ocrx_word' id='word_1_371' title='bbox 1363 3586 1804 3643; x_wconf 80' lang='lat' dir='ltr'><strong>collaudavimus</strong></span> <span class='ocrx_word' id='word_1_372' title='bbox 1849 3587 2045 3651; x_wconf 84' lang='lat' dir='ltr'><strong>Deum,</strong></span> 
     </span>
    </p>
   </div>
   <div class='ocr_carea' id='block_1_49' title="bbox 473 3677 2049 3751">
    <p class='ocr_par' dir='ltr' id='par_1_49' title="bbox 473 3677 2049 3751">
     <span class='ocr_line' id='line_1_49' title="bbox 473 3677 2049 3751; baseline -0.002 -16"><span class='ocrx_word' id='word_1_373' title='bbox 473 3681 569 3751; x_wconf 91' lang='lat' dir='ltr'><strong>qui</strong></span> <span class='ocrx_word' id='word_1_374' title='bbox 593 3681 824 3735; x_wconf 89' lang='lat' dir='ltr'><strong>mortuis</strong></span> <span class='ocrx_word' id='word_1_375' title='bbox 870 3696 1092 3749; x_wconf 82' lang='lat' dir='ltr'><strong>quoque</strong></span> <span class='ocrx_word' id='word_1_376' title='bbox 1120 3679 1291 3733; x_wconf 87' lang='lat' dir='ltr'><strong>vitam</strong></span> <span class='ocrx_word' id='word_1_377' title='bbox 1344 3678 1609 3733; x_wconf 86' lang='lat' dir='ltr'><strong>restituit.</strong></span> <span class='ocrx_word' id='word_1_378' title='bbox 1672 3677 1777 3733; x_wconf 85' lang='lat' dir='ltr'><strong>Sed</strong></span> <span class='ocrx_word' id='word_1_379' title='bbox 1828 3677 1898 3731; x_wconf 87' lang='lat' dir='ltr'><strong>de</strong></span> <span class='ocrx_word' id='word_1_380' title='bbox 1944 3677 2049 3732; x_wconf 89' lang='lat' dir='ltr'><strong>hoc</strong></span> 
     </span>
    </p>
   </div>
   <div class='ocr_carea' id='block_1_50' title="bbox 472 3770 2050 3850">
    <p class='ocr_par' dir='ltr' id='par_1_50' title="bbox 472 3770 2050 3850">
     <span class='ocr_line' id='line_1_50' title="bbox 472 3770 2050 3850; baseline -0.003 -20"><span class='ocrx_word' id='word_1_381' title='bbox 472 3789 698 3850; x_wconf 76' lang='lat' dir='ltr'><strong>quoque</strong></span> <span class='ocrx_word' id='word_1_382' title='bbox 726 3773 863 3828; x_wconf 85' lang='lat' dir='ltr'><strong>satis</strong></span> <span class='ocrx_word' id='word_1_383' title='bbox 892 3772 1108 3827; x_wconf 88' lang='lat' dir='ltr'><strong>dictum</strong></span> <span class='ocrx_word' id='word_1_384' title='bbox 1139 3790 1151 3824; x_wconf 90' lang='lat'>:</span> <span class='ocrx_word' id='word_1_385' title='bbox 1181 3770 1247 3825; x_wconf 80' lang='lat' dir='ltr'><strong>ad</strong></span> <span class='ocrx_word' id='word_1_386' title='bbox 1282 3770 1434 3825; x_wconf 85' lang='lat' dir='ltr'><strong>aliud</strong></span> <span class='ocrx_word' id='word_1_387' title='bbox 1488 3770 1819 3824; x_wconf 86' lang='lat' dir='ltr'><strong>miraculum</strong></span> <span class='ocrx_word' id='word_1_388' title='bbox 1867 3778 2050 3825; x_wconf 86' lang='lat' dir='ltr'><strong>trans-</strong></span> 
     </span>
    </p>
   </div>
   <div class='ocr_carea' id='block_1_51' title="bbox 466 3872 1153 3923">
    <p class='ocr_par' dir='ltr' id='par_1_51' title="bbox 466 3872 1153 3923">
     <span class='ocr_line' id='line_1_51' title="bbox 466 3872 1153 3923; baseline -0.017 0"><span class='ocrx_word' id='word_1_389' title='bbox 466 3878 686 3923; x_wconf 70' lang='lat' dir='ltr'><strong>camus.</strong></span> <span class='ocrx_word' id='word_1_390' title='bbox 1145 3872 1153 3881; x_wconf 84' lang='lat'><strong>&#39;</strong></span> 
     </span>
    </p>
   </div>
   <div class='ocr_carea' id='block_1_52' title="bbox 548 4126 2047 4201">
    <p class='ocr_par' dir='ltr' id='par_1_52' title="bbox 548 4126 2047 4201">
     <span class='ocr_line' id='line_1_52' title="bbox 548 4126 2047 4201; baseline -0.005 -13"><span class='ocrx_word' id='word_1_391' title='bbox 548 4132 637 4188; x_wconf 84' lang='lat'><strong>5|.</strong></span> <span class='ocrx_word' id='word_1_392' title='bbox 672 4131 904 4187; x_wconf 80' lang='lat' dir='ltr'><strong>Rustica</strong></span> <span class='ocrx_word' id='word_1_393' title='bbox 930 4130 1183 4201; x_wconf 77' lang='lat' dir='ltr'><strong>quzedam</strong></span> <span class='ocrx_word' id='word_1_394' title='bbox 1215 4131 1436 4195; x_wconf 89' lang='lat' dir='ltr'><strong>mulier,</strong></span> <span class='ocrx_word' id='word_1_395' title='bbox 1464 4145 1589 4185; x_wconf 90' lang='lat' dir='ltr'><strong>cum</strong></span> <span class='ocrx_word' id='word_1_396' title='bbox 1614 4128 1869 4199; x_wconf 91' lang='lat' dir='ltr'><strong>septenni</strong></span> <span class='ocrx_word' id='word_1_397' title='bbox 1910 4126 2047 4189; x_wconf 83' lang='lat' dir='ltr'><strong>ﬁlio,</strong></span> 
     </span>
    </p>
   </div>
   <div class='ocr_carea' id='block_1_53' title="bbox 466 4218 2050 4293">
    <p class='ocr_par' dir='ltr' id='par_1_53' title="bbox 466 4218 2050 4293">
     <span class='ocr_line' id='line_1_53' title="bbox 466 4218 2050 4293; baseline -0.004 -14"><span class='ocrx_word' id='word_1_398' title='bbox 466 4222 805 4293; x_wconf 81' lang='lat' dir='ltr'><strong>quibusdam</strong></span> <span class='ocrx_word' id='word_1_399' title='bbox 822 4221 890 4277; x_wconf 89' lang='lat' dir='ltr'><strong>de</strong></span> <span class='ocrx_word' id='word_1_400' title='bbox 906 4223 1093 4277; x_wconf 89' lang='lat' dir='ltr'><strong>causis</strong></span> <span class='ocrx_word' id='word_1_401' title='bbox 1110 4223 1167 4276; x_wconf 87' lang='lat' dir='ltr'><strong>in</strong></span> <span class='ocrx_word' id='word_1_402' title='bbox 1183 4221 1380 4276; x_wconf 87' lang='lat' dir='ltr'><strong>urbem</strong></span> <span class='ocrx_word' id='word_1_403' title='bbox 1397 4230 1625 4276; x_wconf 87' lang='lat' dir='ltr'><strong>venerat</strong></span> <span class='ocrx_word' id='word_1_404' title='bbox 1655 4238 1668 4273; x_wconf 92' lang='lat'>:</span> <span class='ocrx_word' id='word_1_405' title='bbox 1689 4219 1764 4274; x_wconf 90' lang='lat' dir='ltr'><strong>ibi</strong></span> <span class='ocrx_word' id='word_1_406' title='bbox 1785 4218 2050 4274; x_wconf 75' lang='lat' dir='ltr'><strong>dzemonis</strong></span> 
     </span>
    </p>
   </div>
   <div class='ocr_carea' id='block_1_54' title="bbox 2210 1481 3706 1553">
    <p class='ocr_par' dir='ltr' id='par_1_54' title="bbox 2210 1481 3706 1553">
     <span class='ocr_line' id='line_1_54' title="bbox 2210 1481 3706 1553; baseline -0.007 -11"><span class='ocrx_word' id='word_1_407' title='bbox 2210 1490 2274 1544; x_wconf 82' lang='lat' dir='ltr'><strong>v&#39;.</strong></span> <span class='ocrx_word' id='word_1_408' title='bbox 2330 1490 2549 1544; x_wconf 82' lang='grc' dir='ltr'>Παιδίον</span> <span class='ocrx_word' id='word_1_409' title='bbox 2611 1488 2752 1553; x_wconf 69' lang='grc' dir='ltr'>τινὸς</span> <span class='ocrx_word' id='word_1_410' title='bbox 2801 1487 2909 1540; x_wconf 79' lang='grc' dir='ltr'><strong>τῶν</strong></span> <span class='ocrx_word' id='word_1_411' title='bbox 2953 1486 3012 1537; x_wconf 91' lang='grc' dir='ltr'><strong>ἐν</strong></span> <span class='ocrx_word' id='word_1_412' title='bbox 3059 1482 3299 1552; x_wconf 79' lang='grc' dir='ltr'>Ἀμασίᾳ</span> <span class='ocrx_word' id='word_1_413' title='bbox 3350 1481 3706 1551; x_wconf 78' lang='grc' dir='ltr'>χειροτεχνῶν</span> 
     </span>
    </p>
   </div>
   <div class='ocr_carea' id='block_1_55' title="bbox 2140 1569 3705 1651">
    <p class='ocr_par' dir='ltr' id='par_1_55' title="bbox 2140 1569 3705 1651">
     <span class='ocr_line' id='line_1_55' title="bbox 2140 1569 3705 1651; baseline -0.008 -17"><span class='ocrx_word' id='word_1_414' title='bbox 2140 1579 2398 1651; x_wconf 74' lang='grc' dir='ltr'>ἐξαίφνης</span> <span class='ocrx_word' id='word_1_415' title='bbox 2420 1580 2561 1650; x_wconf 86' lang='grc' dir='ltr'>νόσῳ</span> <span class='ocrx_word' id='word_1_416' title='bbox 2612 1576 2943 1649; x_wconf 83' lang='grc' dir='ltr'>περιπεσδν,</span> <span class='ocrx_word' id='word_1_417' title='bbox 3007 1575 3087 1637; x_wconf 81' lang='grc' dir='ltr'>εἰς</span> <span class='ocrx_word' id='word_1_418' title='bbox 3140 1572 3308 1634; x_wconf 80' lang='grc' dir='ltr'>αὑτὰς</span> <span class='ocrx_word' id='word_1_419' title='bbox 3347 1569 3576 1636; x_wconf 74' lang='grc' dir='ltr'>ἔφθασεν</span> <span class='ocrx_word' id='word_1_420' title='bbox 3606 1572 3705 1634; x_wconf 75' lang='grc' dir='ltr'>τὰς</span> 
     </span>
    </p>
   </div>
   <div class='ocr_carea' id='block_1_56' title="bbox 2071 1653 3710 1735">
    <p class='ocr_par' dir='ltr' id='par_1_56' title="bbox 2071 1653 3710 1735">
     <span class='ocr_line' id='line_1_56' title="bbox 2071 1653 3710 1735; baseline -0.008 -8"><span class='ocrx_word' id='word_1_421' title='bbox 2071 1653 2110 1707; x_wconf 73' lang='grc' dir='ltr'><strong><em>Β</em></strong></span> <span class='ocrx_word' id='word_1_422' title='bbox 2139 1672 2314 1735; x_wconf 84' lang='grc' dir='ltr'>πύλας</span> <span class='ocrx_word' id='word_1_423' title='bbox 2341 1671 2433 1725; x_wconf 78' lang='grc' dir='ltr'><strong>τού</strong></span> <span class='ocrx_word' id='word_1_424' title='bbox 2463 1672 2716 1726; x_wconf 76' lang='grc' dir='ltr'>θανάτου.</span> <span class='ocrx_word' id='word_1_425' title='bbox 2752 1668 2924 1722; x_wconf 83' lang='grc' dir='ltr'>Τοῦτο</span> <span class='ocrx_word' id='word_1_426' title='bbox 2951 1665 3132 1719; x_wconf 88' lang='grc' dir='ltr'>λαϐὼν</span> <span class='ocrx_word' id='word_1_427' title='bbox 3162 1666 3190 1718; x_wconf 91' lang='lat'><strong>6</strong></span> <span class='ocrx_word' id='word_1_428' title='bbox 3239 1664 3429 1734; x_wconf 79' lang='grc' dir='ltr'>πατὴρ</span> <span class='ocrx_word' id='word_1_429' title='bbox 3452 1664 3509 1715; x_wconf 84' lang='grc' dir='ltr'><strong>ἐν</strong></span> <span class='ocrx_word' id='word_1_430' title='bbox 3538 1662 3710 1730; x_wconf 71' lang='grc' dir='ltr'>ἀγκά-</span> 
     </span>
    </p>
   </div>
   <div class='ocr_carea' id='block_1_57' title="bbox 2138 1751 3707 1827">
    <p class='ocr_par' dir='ltr' id='par_1_57' title="bbox 2138 1751 3707 1827">
     <span class='ocr_line' id='line_1_57' title="bbox 2138 1751 3707 1827; baseline -0.006 -16"><span class='ocrx_word' id='word_1_431' title='bbox 2138 1759 2278 1822; x_wconf 88' lang='grc' dir='ltr'>λαις,</span> <span class='ocrx_word' id='word_1_432' title='bbox 2311 1753 2475 1827; x_wconf 77' lang='grc' dir='ltr'>ἦλθεν</span> <span class='ocrx_word' id='word_1_433' title='bbox 2508 1759 2589 1821; x_wconf 86' lang='grc' dir='ltr'><strong>είς</strong></span> <span class='ocrx_word' id='word_1_434' title='bbox 2643 1757 2704 1810; x_wconf 76' lang='grc' dir='ltr'><strong>τὸ</strong></span> <span class='ocrx_word' id='word_1_435' title='bbox 2740 1756 3120 1826; x_wconf 85' lang='grc' dir='ltr'>μοναστήριον,</span> <span class='ocrx_word' id='word_1_436' title='bbox 3153 1751 3294 1805; x_wconf 80' lang='grc' dir='ltr'>ὥστε</span> <span class='ocrx_word' id='word_1_437' title='bbox 3334 1753 3707 1822; x_wconf 74' lang='grc' dir='ltr'>προσαγαγεῖν</span> 
     </span>
    </p>
   </div>
   <div class='ocr_carea' id='block_1_58' title="bbox 2137 1838 3705 1916">
    <p class='ocr_par' dir='ltr' id='par_1_58' title="bbox 2137 1838 3705 1916">
     <span class='ocr_line' id='line_1_58' title="bbox 2137 1838 3705 1916; baseline -0.004 -16"><span class='ocrx_word' id='word_1_438' title='bbox 2137 1846 2270 1900; x_wconf 84' lang='grc' dir='ltr'>αὐτὸ</span> <span class='ocrx_word' id='word_1_439' title='bbox 2300 1846 2377 1916; x_wconf 82' lang='grc' dir='ltr'>τῷ</span> <span class='ocrx_word' id='word_1_440' title='bbox 2410 1846 2562 1916; x_wconf 84' lang='grc' dir='ltr'>ὁσίῳ,</span> <span class='ocrx_word' id='word_1_441' title='bbox 2614 1846 2698 1898; x_wconf 84' lang='grc' dir='ltr'><strong>ἵνα</strong></span> <span class='ocrx_word' id='word_1_442' title='bbox 2737 1844 2874 1916; x_wconf 80' lang='grc' dir='ltr'>τύχῃ</span> <span class='ocrx_word' id='word_1_443' title='bbox 2913 1845 3008 1909; x_wconf 78' lang='grc' dir='ltr'>τῆς</span> <span class='ocrx_word' id='word_1_444' title='bbox 3036 1840 3186 1911; x_wconf 72' lang='grc' dir='ltr'>παρὰ</span> <span class='ocrx_word' id='word_1_445' title='bbox 3243 1840 3379 1893; x_wconf 80' lang='grc' dir='ltr'>θεοῦ</span> <span class='ocrx_word' id='word_1_446' title='bbox 3412 1838 3705 1907; x_wconf 66' lang='grc' dir='ltr'>σωτηρίας.</span> 
     </span>
    </p>
   </div>
   <div class='ocr_carea' id='block_1_59' title="bbox 2138 1923 3708 2004">
    <p class='ocr_par' dir='ltr' id='par_1_59' title="bbox 2138 1923 3708 2004">
     <span class='ocr_line' id='line_1_59' title="bbox 2138 1923 3708 2004; baseline -0.004 -18"><span class='ocrx_word' id='word_1_447' title='bbox 2138 1935 2166 1986; x_wconf 91' lang='lat'><strong>6</strong></span> <span class='ocrx_word' id='word_1_448' title='bbox 2187 1933 2241 1986; x_wconf 77' lang='grc' dir='ltr'><strong>δὲ</strong></span> <span class='ocrx_word' id='word_1_449' title='bbox 2280 1934 2547 2003; x_wconf 88' lang='grc' dir='ltr'>μακάριος</span> <span class='ocrx_word' id='word_1_450' title='bbox 2580 1932 2707 2004; x_wconf 70' lang='grc' dir='ltr'>περὶ</span> <span class='ocrx_word' id='word_1_451' title='bbox 2735 1932 2901 2001; x_wconf 79' lang='grc' dir='ltr'>ἄλλην</span> <span class='ocrx_word' id='word_1_452' title='bbox 2924 1931 3200 1985; x_wconf 78' lang='grc' dir='ltr'>διακονίαν</span> <span class='ocrx_word' id='word_1_453' title='bbox 3234 1928 3542 1999; x_wconf 58' lang='grc' dir='ltr'>ήσχολείτω</span> <span class='ocrx_word' id='word_1_454' title='bbox 3566 1923 3708 1998; x_wconf 77' lang='grc' dir='ltr'>ἦσαν</span> 
     </span>
    </p>
   </div>
   <div class='ocr_carea' id='block_1_60' title="bbox 2140 2019 3709 2095">
    <p class='ocr_par' dir='ltr' id='par_1_60' title="bbox 2140 2019 3709 2095">
     <span class='ocr_line' id='line_1_60' title="bbox 2140 2019 3709 2095; baseline -0.003 -18"><span class='ocrx_word' id='word_1_455' title='bbox 2140 2025 2247 2095; x_wconf 79' lang='grc' dir='ltr'><strong>γάρ</strong></span> <span class='ocrx_word' id='word_1_456' title='bbox 2276 2041 2418 2087; x_wconf 81' lang='grc' dir='ltr'>τινες</span> <span class='ocrx_word' id='word_1_457' title='bbox 2453 2026 2509 2077; x_wconf 83' lang='grc' dir='ltr'><strong>ἐν</strong></span> <span class='ocrx_word' id='word_1_458' title='bbox 2542 2024 2800 2094; x_wconf 79' lang='grc' dir='ltr'>συντυχίᾳ</span> <span class='ocrx_word' id='word_1_459' title='bbox 2832 2022 3208 2092; x_wconf 71' lang='grc' dir='ltr'>διδασκόμενοι</span> <span class='ocrx_word' id='word_1_460' title='bbox 3239 2023 3368 2090; x_wconf 85' lang='grc' dir='ltr'>παρ’</span> <span class='ocrx_word' id='word_1_461' title='bbox 3405 2019 3592 2083; x_wconf 78' lang='grc' dir='ltr'>αὐτοῦ,</span> <span class='ocrx_word' id='word_1_462' title='bbox 3613 2020 3709 2074; x_wconf 73' lang='grc' dir='ltr'>καὶ</span> 
     </span>
    </p>
   </div>
   <div class='ocr_carea' id='block_1_61' title="bbox 2142 2109 3711 2184">
    <p class='ocr_par' dir='ltr' id='par_1_61' title="bbox 2142 2109 3711 2184">
     <span class='ocr_line' id='line_1_61' title="bbox 2142 2109 3711 2184; baseline -0.003 -16"><span class='ocrx_word' id='word_1_463' title='bbox 2142 2114 2332 2184; x_wconf 76' lang='grc' dir='ltr'>καιρὸν</span> <span class='ocrx_word' id='word_1_464' title='bbox 2360 2114 2455 2167; x_wconf 77' lang='grc' dir='ltr'>τοῦ</span> <span class='ocrx_word' id='word_1_465' title='bbox 2477 2114 2732 2180; x_wconf 78' lang='grc' dir='ltr'>δέξασθαι</span> <span class='ocrx_word' id='word_1_466' title='bbox 2757 2115 2818 2167; x_wconf 83' lang='grc' dir='ltr'><strong>τὸ</strong></span> <span class='ocrx_word' id='word_1_467' title='bbox 2848 2113 3062 2167; x_wconf 86' lang='grc' dir='ltr'>παιδίον</span> <span class='ocrx_word' id='word_1_468' title='bbox 3096 2112 3219 2166; x_wconf 74' lang='grc' dir='ltr'>κατ’</span> <span class='ocrx_word' id='word_1_469' title='bbox 3250 2110 3418 2181; x_wconf 82' lang='grc' dir='ltr'>αὐτὴν</span> <span class='ocrx_word' id='word_1_470' title='bbox 3441 2112 3538 2181; x_wconf 78' lang='grc' dir='ltr'>τὴν</span> <span class='ocrx_word' id='word_1_471' title='bbox 3562 2109 3711 2182; x_wconf 81' lang='grc' dir='ltr'>ὥραν</span> 
     </span>
    </p>
   </div>
   <div class='ocr_carea' id='block_1_62' title="bbox 2140 2201 3713 2275">
    <p class='ocr_par' dir='ltr' id='par_1_62' title="bbox 2140 2201 3713 2275">
     <span class='ocr_line' id='line_1_62' title="bbox 2140 2201 3713 2275; baseline -0.001 -17"><span class='ocrx_word' id='word_1_472' title='bbox 2140 2206 2241 2259; x_wconf 86' lang='grc' dir='ltr'><strong>οὐκ</strong></span> <span class='ocrx_word' id='word_1_473' title='bbox 2269 2204 2445 2275; x_wconf 83' lang='grc' dir='ltr'>ἔσχεν.</span> <span class='ocrx_word' id='word_1_474' title='bbox 2489 2206 2579 2268; x_wconf 87' lang='grc' dir='ltr'>Ὠς</span> <span class='ocrx_word' id='word_1_475' title='bbox 2607 2205 2700 2259; x_wconf 80' lang='grc' dir='ltr'><strong>οὖν</strong></span> <span class='ocrx_word' id='word_1_476' title='bbox 2736 2206 2894 2273; x_wconf 79' lang='grc' dir='ltr'>ἱκανὴ</span> <span class='ocrx_word' id='word_1_477' title='bbox 2918 2202 3236 2275; x_wconf 84' lang='grc' dir='ltr'>παρεστάθη</span> <span class='ocrx_word' id='word_1_478' title='bbox 3257 2201 3397 2273; x_wconf 87' lang='grc' dir='ltr'>ῶρα,</span> <span class='ocrx_word' id='word_1_479' title='bbox 3454 2201 3713 2272; x_wconf 75' lang='grc' dir='ltr'>ἠϐούλετο</span> 
     </span>
    </p>
   </div>
   <div class='ocr_carea' id='block_1_63' title="bbox 2142 2295 3706 2369">
    <p class='ocr_par' dir='ltr' id='par_1_63' title="bbox 2142 2295 3706 2369">
     <span class='ocr_line' id='line_1_63' title="bbox 2142 2295 3706 2369; baseline -0.001 -19"><span class='ocrx_word' id='word_1_480' title='bbox 2142 2295 2495 2367; x_wconf 76' lang='grc' dir='ltr'>ἀναχωρῆσαι</span> <span class='ocrx_word' id='word_1_481' title='bbox 2535 2299 2564 2350; x_wconf 89' lang='lat'><strong>6</strong></span> <span class='ocrx_word' id='word_1_482' title='bbox 2618 2298 2792 2369; x_wconf 85' lang='grc' dir='ltr'>πατὴρ</span> <span class='ocrx_word' id='word_1_483' title='bbox 2820 2297 2912 2350; x_wconf 74' lang='grc' dir='ltr'>τοῦ</span> <span class='ocrx_word' id='word_1_484' title='bbox 2963 2296 3198 2361; x_wconf 87' lang='grc' dir='ltr'>παιδίου,</span> <span class='ocrx_word' id='word_1_485' title='bbox 3229 2295 3425 2363; x_wconf 81' lang='grc' dir='ltr'>λέγων,</span> <span class='ocrx_word' id='word_1_486' title='bbox 3450 2296 3532 2349; x_wconf 81' lang='grc' dir='ltr'><strong>ὅτι</strong></span> <span class='ocrx_word' id='word_1_487' title='bbox 3567 2295 3706 2364; x_wconf 82' lang='grc' dir='ltr'>Ἤδη</span> 
     </span>
    </p>
   </div>
   <div class='ocr_carea' id='block_1_64' title="bbox 2144 2386 3715 2457">
    <p class='ocr_par' dir='ltr' id='par_1_64' title="bbox 2144 2386 3715 2457">
     <span class='ocr_line' id='line_1_64' title="bbox 2144 2386 3715 2457; baseline -0.001 -16"><span class='ocrx_word' id='word_1_488' title='bbox 2144 2387 2367 2457; x_wconf 82' lang='grc' dir='ltr'>Θνήσκει</span> <span class='ocrx_word' id='word_1_489' title='bbox 2399 2387 2459 2440; x_wconf 78' lang='grc' dir='ltr'>τὸ</span> <span class='ocrx_word' id='word_1_490' title='bbox 2497 2388 2727 2452; x_wconf 86' lang='grc' dir='ltr'>παιδίον,</span> <span class='ocrx_word' id='word_1_491' title='bbox 2789 2387 2843 2441; x_wconf 86' lang='grc' dir='ltr'><strong>τί</strong></span> <span class='ocrx_word' id='word_1_492' title='bbox 2866 2388 2961 2440; x_wconf 75' lang='grc' dir='ltr'><strong>καὶ</strong></span> <span class='ocrx_word' id='word_1_493' title='bbox 2988 2386 3248 2457; x_wconf 88' lang='grc' dir='ltr'>κοπῶμεν</span> <span class='ocrx_word' id='word_1_494' title='bbox 3272 2386 3363 2439; x_wconf 81' lang='grc' dir='ltr'><strong>τὸν</strong></span> <span class='ocrx_word' id='word_1_495' title='bbox 3399 2387 3580 2452; x_wconf 76' lang='grc' dir='ltr'>ὅσιονς</span> <span class='ocrx_word' id='word_1_496' title='bbox 3611 2386 3715 2439; x_wconf 87' lang='grc' dir='ltr'><strong>Λο-</strong></span> 
     </span>
    </p>
   </div>
   <div class='ocr_carea' id='block_1_65' title="bbox 2142 2477 3717 2550">
    <p class='ocr_par' dir='ltr' id='par_1_65' title="bbox 2142 2477 3717 2550">
     <span class='ocr_line' id='line_1_65' title="bbox 2142 2477 3717 2550; baseline -0.001 -20"><span class='ocrx_word' id='word_1_497' title='bbox 2142 2478 2436 2547; x_wconf 84' lang='grc' dir='ltr'>γισάμενος</span> <span class='ocrx_word' id='word_1_498' title='bbox 2465 2478 2520 2532; x_wconf 86' lang='grc' dir='ltr'><strong>δὲ</strong></span> <span class='ocrx_word' id='word_1_499' title='bbox 2545 2480 2627 2532; x_wconf 83' lang='grc' dir='ltr'>ὅτι</span> <span class='ocrx_word' id='word_1_500' title='bbox 2647 2480 2741 2532; x_wconf 68' lang='grc' dir='ltr'><strong>καὶ</strong></span> <span class='ocrx_word' id='word_1_501' title='bbox 2763 2482 2827 2532; x_wconf 82' lang='grc' dir='ltr'><strong>ἐκ</strong></span> <span class='ocrx_word' id='word_1_502' title='bbox 2847 2479 3057 2550; x_wconf 80' lang='grc' dir='ltr'>νεκρῶν</span> <span class='ocrx_word' id='word_1_503' title='bbox 3073 2478 3305 2549; x_wconf 77' lang='grc' dir='ltr'>ἐγείρειν</span> <span class='ocrx_word' id='word_1_504' title='bbox 3326 2477 3550 2539; x_wconf 81' lang='grc' dir='ltr'>δυνατός</span> <span class='ocrx_word' id='word_1_505' title='bbox 3569 2478 3717 2529; x_wconf 83' lang='grc' dir='ltr'>ἐστιν</span> 
     </span>
    </p>
   </div>
   <div class='ocr_carea' id='block_1_66' title="bbox 2143 2568 3719 2643">
    <p class='ocr_par' dir='ltr' id='par_1_66' title="bbox 2143 2568 3719 2643">
     <span class='ocr_line' id='line_1_66' title="bbox 2143 2568 3719 2643; baseline -0.001 -21"><span class='ocrx_word' id='word_1_506' title='bbox 2143 2569 2337 2631; x_wconf 71' lang='grc' dir='ltr'>ὁΘεδς,</span> <span class='ocrx_word' id='word_1_507' title='bbox 2366 2569 2596 2640; x_wconf 81' lang='grc' dir='ltr'>ἐπέσχον</span> <span class='ocrx_word' id='word_1_508' title='bbox 2615 2570 2707 2623; x_wconf 76' lang='grc' dir='ltr'><strong>τὸν</strong></span> <span class='ocrx_word' id='word_1_509' title='bbox 2739 2571 2906 2642; x_wconf 82' lang='grc' dir='ltr'>ἄνδρα</span> <span class='ocrx_word' id='word_1_510' title='bbox 2941 2570 3156 2643; x_wconf 76' lang='grc' dir='ltr'>μικρὸν,</span> <span class='ocrx_word' id='word_1_511' title='bbox 3192 2569 3538 2640; x_wconf 82' lang='grc' dir='ltr'>ἐθεωροῦμεν</span> <span class='ocrx_word' id='word_1_512' title='bbox 3562 2568 3618 2623; x_wconf 81' lang='grc' dir='ltr'>δὲ</span> <span class='ocrx_word' id='word_1_513' title='bbox 3655 2569 3719 2621; x_wconf 76' lang='grc' dir='ltr'>τὸ</span> 
     </span>
    </p>
   </div>
   <div class='ocr_carea' id='block_1_67' title="bbox 2136 2650 3717 2732">
    <p class='ocr_par' dir='ltr' id='par_1_67' title="bbox 2136 2650 3717 2732">
     <span class='ocr_line' id='line_1_67' title="bbox 2136 2650 3717 2732; baseline 0.001 -20"><span class='ocrx_word' id='word_1_514' title='bbox 2136 2650 2356 2713; x_wconf 60' lang='grc' dir='ltr'>’παιδίον</span> <span class='ocrx_word' id='word_1_515' title='bbox 2382 2660 2457 2723; x_wconf 83' lang='grc' dir='ltr'><strong>ώς</strong></span> <span class='ocrx_word' id='word_1_516' title='bbox 2485 2661 2575 2713; x_wconf 81' lang='grc' dir='ltr'>ἐπ’</span> <span class='ocrx_word' id='word_1_517' title='bbox 2607 2661 2887 2732; x_wconf 78' lang='grc' dir='ltr'>ἀληθείας,</span> <span class='ocrx_word' id='word_1_518' title='bbox 2923 2662 3004 2716; x_wconf 84' lang='grc' dir='ltr'><strong>ὅτι</strong></span> <span class='ocrx_word' id='word_1_519' title='bbox 3035 2662 3094 2714; x_wconf 79' lang='grc' dir='ltr'>τὸ</span> <span class='ocrx_word' id='word_1_520' title='bbox 3149 2660 3397 2714; x_wconf 84' lang='grc' dir='ltr'>πλεῖστον</span> <span class='ocrx_word' id='word_1_521' title='bbox 3433 2659 3594 2730; x_wconf 78' lang='grc' dir='ltr'>μέρος</span> <span class='ocrx_word' id='word_1_522' title='bbox 3623 2658 3717 2713; x_wconf 77' lang='grc' dir='ltr'>τοῦ</span> 
     </span>
    </p>
   </div>
   <div class='ocr_carea' id='block_1_68' title="bbox 2146 2747 3718 2824">
    <p class='ocr_par' dir='ltr' id='par_1_68' title="bbox 2146 2747 3718 2824">
     <span class='ocr_line' id='line_1_68' title="bbox 2146 2747 3718 2824; baseline -0.001 -19"><span class='ocrx_word' id='word_1_523' title='bbox 2146 2751 2395 2821; x_wconf 86' lang='grc' dir='ltr'>σώματος</span> <span class='ocrx_word' id='word_1_524' title='bbox 2437 2752 2603 2806; x_wconf 72' lang='grc' dir='ltr'>αὐτοῦ</span> <span class='ocrx_word' id='word_1_525' title='bbox 2631 2749 2699 2823; x_wconf 82' lang='grc' dir='ltr'>ἦν</span> <span class='ocrx_word' id='word_1_526' title='bbox 2732 2752 3142 2824; x_wconf 78' lang='grc' dir='ltr'>ἁπομαρανθὲν.</span> <span class='ocrx_word' id='word_1_527' title='bbox 3190 2752 3277 2815; x_wconf 83' lang='grc' dir='ltr'>Ὠς</span> <span class='ocrx_word' id='word_1_528' title='bbox 3322 2747 3414 2806; x_wconf 81' lang='grc' dir='ltr'><strong>οὖν</strong></span> <span class='ocrx_word' id='word_1_529' title='bbox 3447 2747 3586 2805; x_wconf 82' lang='grc' dir='ltr'>εἶδον</span> <span class='ocrx_word' id='word_1_530' title='bbox 3619 2750 3718 2821; x_wconf 80' lang='grc' dir='ltr'><strong>τὴν</strong></span> 
     </span>
    </p>
   </div>
   <div class='ocr_carea' id='block_1_69' title="bbox 2146 2836 3720 2912">
    <p class='ocr_par' dir='ltr' id='par_1_69' title="bbox 2146 2836 3720 2912">
     <span class='ocr_line' id='line_1_69' title="bbox 2146 2836 3720 2912; baseline -0.006 -18"><span class='ocrx_word' id='word_1_531' title='bbox 2146 2842 2415 2910; x_wconf 81' lang='grc' dir='ltr'>ἀνάγκην,</span> <span class='ocrx_word' id='word_1_532' title='bbox 2443 2841 2719 2912; x_wconf 82' lang='grc' dir='ltr'>ἀνήγαγον</span> <span class='ocrx_word' id='word_1_533' title='bbox 2751 2840 2830 2911; x_wconf 81' lang='grc' dir='ltr'><strong>τῷ</strong></span> <span class='ocrx_word' id='word_1_534' title='bbox 2863 2840 3081 2911; x_wconf 82' lang='grc' dir='ltr'>μεγάλῳ</span> <span class='ocrx_word' id='word_1_535' title='bbox 3116 2838 3244 2910; x_wconf 75' lang='grc' dir='ltr'>περὶ</span> <span class='ocrx_word' id='word_1_536' title='bbox 3274 2836 3367 2889; x_wconf 82' lang='grc' dir='ltr'>τοῦ</span> <span class='ocrx_word' id='word_1_537' title='bbox 3410 2836 3720 2907; x_wconf 80' lang='grc' dir='ltr'>συμϐάντος</span> 
     </span>
    </p>
   </div>
   <div class='ocr_carea' id='block_1_70' title="bbox 2146 2924 3721 3002">
    <p class='ocr_par' dir='ltr' id='par_1_70' title="bbox 2146 2924 3721 3002">
     <span class='ocr_line' id='line_1_70' title="bbox 2146 2924 3721 3002; baseline -0.003 -18"><span class='ocrx_word' id='word_1_538' title='bbox 2146 2931 2222 3002; x_wconf 82' lang='grc' dir='ltr'><strong>τῷ</strong></span> <span class='ocrx_word' id='word_1_539' title='bbox 2267 2931 2465 3002; x_wconf 80' lang='grc' dir='ltr'>παιδίῳ</span> <span class='ocrx_word' id='word_1_540' title='bbox 2521 2931 2793 2985; x_wconf 77' lang='grc' dir='ltr'>κινδύνου.</span> <span class='ocrx_word' id='word_1_541' title='bbox 2829 2932 2887 2984; x_wconf 89' lang='lat'><strong>&#39;0</strong></span> <span class='ocrx_word' id='word_1_542' title='bbox 2942 2931 2998 2983; x_wconf 85' lang='grc' dir='ltr'>δὲ</span> <span class='ocrx_word' id='word_1_543' title='bbox 3032 2929 3195 3001; x_wconf 76' lang='grc' dir='ltr'>μηδὲν</span> <span class='ocrx_word' id='word_1_544' title='bbox 3224 2928 3518 3000; x_wconf 79' lang='grc' dir='ltr'>μελλήσας,</span> <span class='ocrx_word' id='word_1_545' title='bbox 3556 2924 3721 2998; x_wconf 71' lang='grc' dir='ltr'>ἦλθεν</span> 
     </span>
    </p>
   </div>
   <div class='ocr_carea' id='block_1_71' title="bbox 2147 3018 3722 3093">
    <p class='ocr_par' dir='ltr' id='par_1_71' title="bbox 2147 3018 3722 3093">
     <span class='ocr_line' id='line_1_71' title="bbox 2147 3018 3722 3093; baseline -0.004 -17"><span class='ocrx_word' id='word_1_546' title='bbox 2147 3026 2226 3087; x_wconf 86' lang='grc' dir='ltr'>εἰς</span> <span class='ocrx_word' id='word_1_547' title='bbox 2251 3024 2342 3076; x_wconf 69' lang='grc' dir='ltr'><strong>τὸν</strong></span> <span class='ocrx_word' id='word_1_548' title='bbox 2364 3024 2650 3093; x_wconf 77' lang='grc' dir='ltr'>εύκτήριον</span> <span class='ocrx_word' id='word_1_549' title='bbox 2671 3018 2837 3087; x_wconf 81' lang='grc' dir='ltr'>οἶκον,</span> <span class='ocrx_word' id='word_1_550' title='bbox 2863 3022 2958 3075; x_wconf 74' lang='grc' dir='ltr'>καὶ</span> <span class='ocrx_word' id='word_1_551' title='bbox 2983 3020 3421 3092; x_wconf 81' lang='grc' dir='ltr'>προσευξάμενος</span> <span class='ocrx_word' id='word_1_552' title='bbox 3454 3018 3722 3088; x_wconf 78' lang='grc' dir='ltr'>ἐπέθηκεν</span> 
     </span>
    </p>
   </div>
   <div class='ocr_carea' id='block_1_72' title="bbox 2146 3108 3722 3186">
    <p class='ocr_par' dir='ltr' id='par_1_72' title="bbox 2146 3108 3722 3186">
     <span class='ocr_line' id='line_1_72' title="bbox 2146 3108 3722 3186; baseline -0.004 -19"><span class='ocrx_word' id='word_1_553' title='bbox 2146 3115 2247 3179; x_wconf 76' lang='grc' dir='ltr'>τὰς</span> <span class='ocrx_word' id='word_1_554' title='bbox 2282 3118 2469 3186; x_wconf 80' lang='grc' dir='ltr'>χεῖρας</span> <span class='ocrx_word' id='word_1_555' title='bbox 2501 3112 2667 3168; x_wconf 80' lang='grc' dir='ltr'>αὐτοῦ</span> <span class='ocrx_word' id='word_1_556' title='bbox 2702 3114 2792 3166; x_wconf 78' lang='grc' dir='ltr'><strong>ἐπὶ</strong></span> <span class='ocrx_word' id='word_1_557' title='bbox 2831 3114 2892 3166; x_wconf 83' lang='grc' dir='ltr'>τὸ</span> <span class='ocrx_word' id='word_1_558' title='bbox 2917 3112 3150 3176; x_wconf 84' lang='grc' dir='ltr'>παιδίον,</span> <span class='ocrx_word' id='word_1_559' title='bbox 3183 3111 3379 3183; x_wconf 74' lang='grc' dir='ltr'>χρίσας</span> <span class='ocrx_word' id='word_1_560' title='bbox 3424 3110 3479 3163; x_wconf 86' lang='grc' dir='ltr'>δὲ</span> <span class='ocrx_word' id='word_1_561' title='bbox 3530 3111 3622 3164; x_wconf 69' lang='grc' dir='ltr'><strong>καὶ</strong></span> <span class='ocrx_word' id='word_1_562' title='bbox 3644 3108 3722 3181; x_wconf 88' lang='grc' dir='ltr'>τῷ</span> 
     </span>
    </p>
   </div>
   <div class='ocr_carea' id='block_1_73' title="bbox 2149 3199 3771 3277">
    <p class='ocr_par' dir='ltr' id='par_1_73' title="bbox 2149 3199 3771 3277">
     <span class='ocr_line' id='line_1_73' title="bbox 2149 3199 3771 3277; baseline -0.001 -18"><span class='ocrx_word' id='word_1_563' title='bbox 2149 3206 2288 3276; x_wconf 81' lang='grc' dir='ltr'>ἁγίῳ</span> <span class='ocrx_word' id='word_1_564' title='bbox 2349 3207 2535 3277; x_wconf 84' lang='grc' dir='ltr'>ἐλαίῳ,</span> <span class='ocrx_word' id='word_1_565' title='bbox 2571 3206 2784 3276; x_wconf 81' lang='grc' dir='ltr'>ἀφῆκεν</span> <span class='ocrx_word' id='word_1_566' title='bbox 2815 3203 3070 3258; x_wconf 83' lang='grc' dir='ltr'>ἀπελθεῖν</span> <span class='ocrx_word' id='word_1_567' title='bbox 3114 3205 3192 3267; x_wconf 85' lang='grc' dir='ltr'><strong>είς</strong></span> <span class='ocrx_word' id='word_1_568' title='bbox 3230 3203 3322 3257; x_wconf 79' lang='grc' dir='ltr'><strong>τὸν</strong></span> <span class='ocrx_word' id='word_1_569' title='bbox 3352 3199 3496 3261; x_wconf 79' lang='grc' dir='ltr'>οἷκον</span> <span class='ocrx_word' id='word_1_570' title='bbox 3534 3202 3719 3257; x_wconf 78' lang='grc' dir='ltr'>αὐτοῦ.</span> <span class='ocrx_word' id='word_1_571' title='bbox 3768 3246 3771 3249; x_wconf 88' lang='grc'>.</span> 
     </span>
    </p>
   </div>
   <div class='ocr_carea' id='block_1_74' title="bbox 2149 3294 3728 3370">
    <p class='ocr_par' dir='ltr' id='par_1_74' title="bbox 2149 3294 3728 3370">
     <span class='ocr_line' id='line_1_74' title="bbox 2149 3294 3728 3370; baseline -0.003 -18"><span class='ocrx_word' id='word_1_572' title='bbox 2149 3300 2227 3370; x_wconf 82' lang='grc' dir='ltr'><strong>Τῇ</strong></span> <span class='ocrx_word' id='word_1_573' title='bbox 2258 3299 2312 3352; x_wconf 77' lang='grc' dir='ltr'>δὲ</span> <span class='ocrx_word' id='word_1_574' title='bbox 2340 3298 2464 3368; x_wconf 81' lang='grc' dir='ltr'>ἐξῆς</span> <span class='ocrx_word' id='word_1_575' title='bbox 2494 3297 2677 3369; x_wconf 69' lang='grc' dir='ltr'>ἡμέρα</span> <span class='ocrx_word' id='word_1_576' title='bbox 2707 3295 2874 3350; x_wconf 86' lang='grc' dir='ltr'>ἐλθὼν</span> <span class='ocrx_word' id='word_1_577' title='bbox 2905 3299 2932 3351; x_wconf 86' lang='lat'><strong>6</strong></span> <span class='ocrx_word' id='word_1_578' title='bbox 2956 3296 3136 3368; x_wconf 78' lang='grc' dir='ltr'>πατὴρ</span> <span class='ocrx_word' id='word_1_579' title='bbox 3180 3297 3272 3350; x_wconf 74' lang='grc' dir='ltr'><strong>τοῦ</strong></span> <span class='ocrx_word' id='word_1_580' title='bbox 3306 3296 3537 3361; x_wconf 80' lang='grc' dir='ltr'>παιδίου,</span> <span class='ocrx_word' id='word_1_581' title='bbox 3559 3294 3728 3365; x_wconf 78' lang='grc' dir='ltr'>ηὐχα-</span> 
     </span>
    </p>
   </div>
   <div class='ocr_carea' id='block_1_75' title="bbox 2154 3384 3726 3462">
    <p class='ocr_par' dir='ltr' id='par_1_75' title="bbox 2154 3384 3726 3462">
     <span class='ocr_line' id='line_1_75' title="bbox 2154 3384 3726 3462; baseline -0.002 -18"><span class='ocrx_word' id='word_1_582' title='bbox 2154 3390 2326 3461; x_wconf 87' lang='grc' dir='ltr'>ρίστει</span> <span class='ocrx_word' id='word_1_583' title='bbox 2354 3390 2433 3462; x_wconf 78' lang='grc' dir='ltr'><strong>τῷ</strong></span> <span class='ocrx_word' id='word_1_584' title='bbox 2486 3389 2605 3460; x_wconf 83' lang='grc' dir='ltr'><strong>Θεῷ</strong></span> <span class='ocrx_word' id='word_1_585' title='bbox 2642 3390 2781 3460; x_wconf 70' lang='grc' dir='ltr'>μετά</span> <span class='ocrx_word' id='word_1_586' title='bbox 2839 3388 3087 3458; x_wconf 84' lang='grc' dir='ltr'>δακρύων</span> <span class='ocrx_word' id='word_1_587' title='bbox 3151 3388 3291 3458; x_wconf 80' lang='grc' dir='ltr'>ὑπὲρ</span> <span class='ocrx_word' id='word_1_588' title='bbox 3329 3386 3603 3457; x_wconf 72' lang='grc' dir='ltr'>σωτηρίας</span> <span class='ocrx_word' id='word_1_589' title='bbox 3639 3384 3726 3441; x_wconf 80' lang='grc' dir='ltr'><strong>τέ·</strong></span> 
     </span>
    </p>
   </div>
   <div class='ocr_carea' id='block_1_76' title="bbox 2151 3477 3726 3553">
    <p class='ocr_par' dir='ltr' id='par_1_76' title="bbox 2151 3477 3726 3553">
     <span class='ocr_line' id='line_1_76' title="bbox 2151 3477 3726 3553; baseline -0.004 -17"><span class='ocrx_word' id='word_1_590' title='bbox 2151 3500 2301 3536; x_wconf 86' lang='grc' dir='ltr'>κνου.</span> <span class='ocrx_word' id='word_1_591' title='bbox 2342 3482 2666 3553; x_wconf 68' lang='grc' dir='ltr'>Ἐρωτηθεὶς</span> <span class='ocrx_word' id='word_1_592' title='bbox 2707 3480 2762 3533; x_wconf 82' lang='grc' dir='ltr'>δὲ</span> <span class='ocrx_word' id='word_1_593' title='bbox 2808 3479 2923 3544; x_wconf 66' lang='grc' dir='ltr'><strong>πῶς</strong></span> <span class='ocrx_word' id='word_1_594' title='bbox 2956 3480 3067 3551; x_wconf 78' lang='grc' dir='ltr'>ἔχει</span> <span class='ocrx_word' id='word_1_595' title='bbox 3090 3481 3149 3532; x_wconf 75' lang='grc' dir='ltr'>τὸ</span> <span class='ocrx_word' id='word_1_596' title='bbox 3180 3479 3387 3532; x_wconf 86' lang='grc' dir='ltr'>παιδίον</span> <span class='ocrx_word' id='word_1_597' title='bbox 3418 3477 3620 3545; x_wconf 77' lang='grc' dir='ltr'>ἔλεγεν,</span> <span class='ocrx_word' id='word_1_598' title='bbox 3642 3478 3726 3531; x_wconf 80' lang='grc' dir='ltr'><strong>ὅτι</strong></span> 
     </span>
    </p>
   </div>
   <div class='ocr_carea' id='block_1_77' title="bbox 2150 3568 3728 3643">
    <p class='ocr_par' dir='ltr' id='par_1_77' title="bbox 2150 3568 3728 3643">
     <span class='ocr_line' id='line_1_77' title="bbox 2150 3568 3728 3643; baseline -0.004 -15"><span class='ocrx_word' id='word_1_599' title='bbox 2150 3575 2240 3628; x_wconf 77' lang='grc' dir='ltr'><strong>διὰ</strong></span> <span class='ocrx_word' id='word_1_600' title='bbox 2286 3574 2387 3643; x_wconf 76' lang='grc' dir='ltr'><strong>τῆς</strong></span> <span class='ocrx_word' id='word_1_601' title='bbox 2434 3573 2528 3627; x_wconf 84' lang='grc' dir='ltr'>τοῦ</span> <span class='ocrx_word' id='word_1_602' title='bbox 2556 3572 2689 3626; x_wconf 80' lang='grc' dir='ltr'>Θεοῦ</span> <span class='ocrx_word' id='word_1_603' title='bbox 2735 3573 2954 3643; x_wconf 83' lang='grc' dir='ltr'>χάριτος</span> <span class='ocrx_word' id='word_1_604' title='bbox 2986 3573 3081 3627; x_wconf 75' lang='grc' dir='ltr'><strong>καὶ</strong></span> <span class='ocrx_word' id='word_1_605' title='bbox 3107 3570 3216 3625; x_wconf 85' lang='grc' dir='ltr'><strong>τῶν</strong></span> <span class='ocrx_word' id='word_1_606' title='bbox 3243 3570 3421 3641; x_wconf 77' lang='grc' dir='ltr'>εὐχῶν</span> <span class='ocrx_word' id='word_1_607' title='bbox 3448 3570 3540 3623; x_wconf 81' lang='grc' dir='ltr'>τοῦ</span> <span class='ocrx_word' id='word_1_608' title='bbox 3568 3568 3728 3637; x_wconf 79' lang='grc' dir='ltr'>ἁγίου</span> 
     </span>
    </p>
   </div>
   <div class='ocr_carea' id='block_1_78' title="bbox 2152 3660 3730 3737">
    <p class='ocr_par' dir='ltr' id='par_1_78' title="bbox 2152 3660 3730 3737">
     <span class='ocr_line' id='line_1_78' title="bbox 2152 3660 3730 3737; baseline -0.005 -18"><span class='ocrx_word' id='word_1_609' title='bbox 2152 3667 2362 3737; x_wconf 77' lang='grc' dir='ltr'>ἀνδρὸς,</span> <span class='ocrx_word' id='word_1_610' title='bbox 2399 3664 2710 3736; x_wconf 84' lang='grc' dir='ltr'>ὁλοκλήρως</span> <span class='ocrx_word' id='word_1_611' title='bbox 2758 3664 2998 3732; x_wconf 83' lang='grc' dir='ltr'>ὑγίανεν.</span> <span class='ocrx_word' id='word_1_612' title='bbox 3048 3663 3121 3716; x_wconf 87' lang='grc' dir='ltr'>Ού</span> <span class='ocrx_word' id='word_1_613' title='bbox 3178 3662 3316 3731; x_wconf 79' lang='grc' dir='ltr'>μετὰ</span> <span class='ocrx_word' id='word_1_614' title='bbox 3353 3661 3487 3717; x_wconf 77' lang='grc' dir='ltr'>πολὺ</span> <span class='ocrx_word' id='word_1_615' title='bbox 3535 3662 3591 3713; x_wconf 85' lang='grc' dir='ltr'><strong>δέ</strong></span> <span class='ocrx_word' id='word_1_616' title='bbox 3632 3660 3730 3712; x_wconf 71' lang='grc' dir='ltr'><strong>καὶ</strong></span> 
     </span>
    </p>
   </div>
   <div class='ocr_carea' id='block_1_79' title="bbox 2153 3747 3733 3826">
    <p class='ocr_par' dir='ltr' id='par_1_79' title="bbox 2153 3747 3733 3826">
     <span class='ocr_line' id='line_1_79' title="bbox 2153 3747 3733 3826; baseline -0.007 -15"><span class='ocrx_word' id='word_1_617' title='bbox 2153 3756 2286 3825; x_wconf 81' lang='grc' dir='ltr'>αύτδ</span> <span class='ocrx_word' id='word_1_618' title='bbox 2330 3757 2513 3826; x_wconf 81' lang='grc' dir='ltr'>ἴδομεν</span> <span class='ocrx_word' id='word_1_619' title='bbox 2560 3756 2620 3808; x_wconf 75' lang='grc' dir='ltr'>τὸ</span> <span class='ocrx_word' id='word_1_620' title='bbox 2650 3752 2884 3816; x_wconf 86' lang='grc' dir='ltr'>παιδίον,</span> <span class='ocrx_word' id='word_1_621' title='bbox 2926 3752 3020 3806; x_wconf 79' lang='grc' dir='ltr'>καὶ</span> <span class='ocrx_word' id='word_1_622' title='bbox 3068 3751 3399 3822; x_wconf 79' lang='grc' dir='ltr'>ἐδοξάσαμεν</span> <span class='ocrx_word' id='word_1_623' title='bbox 3454 3749 3545 3802; x_wconf 71' lang='grc' dir='ltr'><strong>τὸν</strong></span> <span class='ocrx_word' id='word_1_624' title='bbox 3593 3747 3733 3801; x_wconf 83' lang='grc' dir='ltr'><strong>Θεόν</strong></span> 
     </span>
    </p>
   </div>
   <div class='ocr_carea' id='block_1_80' title="bbox 2152 3835 3734 3913">
    <p class='ocr_par' dir='ltr' id='par_1_80' title="bbox 2152 3835 3734 3913">
     <span class='ocr_line' id='line_1_80' title="bbox 2152 3835 3734 3913; baseline -0.008 -11"><span class='ocrx_word' id='word_1_625' title='bbox 2152 3849 2244 3902; x_wconf 68' lang='grc' dir='ltr'><strong>τὸν</strong></span> <span class='ocrx_word' id='word_1_626' title='bbox 2301 3845 2674 3913; x_wconf 75' lang='grc' dir='ltr'>ζωοποιοῦντα</span> <span class='ocrx_word' id='word_1_627' title='bbox 2727 3846 2854 3907; x_wconf 79' lang='grc' dir='ltr'>τοὺς</span> <span class='ocrx_word' id='word_1_628' title='bbox 2940 3842 3188 3913; x_wconf 86' lang='grc' dir='ltr'>νεκρούς.</span> <span class='ocrx_word' id='word_1_629' title='bbox 3245 3835 3580 3913; x_wconf 82' lang='grc' dir='ltr'>Ἀρκούντως</span> <span class='ocrx_word' id='word_1_630' title='bbox 3633 3839 3734 3891; x_wconf 69' lang='grc' dir='ltr'><strong>καὶ</strong></span> 
     </span>
    </p>
   </div>
   <div class='ocr_carea' id='block_1_81' title="bbox 2153 3932 3733 4011">
    <p class='ocr_par' dir='ltr' id='par_1_81' title="bbox 2153 3932 3733 4011">
     <span class='ocr_line' id='line_1_81' title="bbox 2153 3932 3733 4011; baseline -0.008 -16"><span class='ocrx_word' id='word_1_631' title='bbox 2153 3942 2281 4011; x_wconf 71' lang='grc' dir='ltr'>περὶ</span> <span class='ocrx_word' id='word_1_632' title='bbox 2334 3938 2527 3993; x_wconf 85' lang='grc' dir='ltr'>τούτου</span> <span class='ocrx_word' id='word_1_633' title='bbox 2578 3936 2819 4008; x_wconf 81' lang='grc' dir='ltr'>εἴρηται·</span> <span class='ocrx_word' id='word_1_634' title='bbox 2884 3934 3212 4006; x_wconf 82' lang='grc' dir='ltr'>μεταϐῶμεν</span> <span class='ocrx_word' id='word_1_635' title='bbox 3271 3933 3334 4006; x_wconf 77' lang='grc' dir='ltr'>δὴ</span> <span class='ocrx_word' id='word_1_636' title='bbox 3393 3934 3478 4002; x_wconf 72' lang='grc' dir='ltr'><strong>ἐφ’</strong></span> <span class='ocrx_word' id='word_1_637' title='bbox 3539 3932 3733 4000; x_wconf 69' lang='grc' dir='ltr'>ἕτερον</span> 
     </span>
    </p>
   </div>
   <div class='ocr_carea' id='block_1_82' title="bbox 2156 4032 2359 4103">
    <p class='ocr_par' dir='ltr' id='par_1_82' title="bbox 2156 4032 2359 4103">
     <span class='ocr_line' id='line_1_82' title="bbox 2156 4032 2359 4103; baseline -0.005 -17"><span class='ocrx_word' id='word_1_638' title='bbox 2156 4032 2359 4103; x_wconf 82' lang='grc' dir='ltr'>θαῦμα.</span> 
     </span>
    </p>
   </div>
   <div class='ocr_carea' id='block_1_83' title="bbox 2225 4114 3735 4194">
    <p class='ocr_par' dir='ltr' id='par_1_83' title="bbox 2225 4114 3735 4194">
     <span class='ocr_line' id='line_1_83' title="bbox 2225 4114 3735 4194; baseline -0.008 -17"><span class='ocrx_word' id='word_1_639' title='bbox 2225 4125 2326 4179; x_wconf 86' lang='grc' dir='ltr'>να’.</span> <span class='ocrx_word' id='word_1_640' title='bbox 2364 4125 2504 4194; x_wconf 86' lang='grc' dir='ltr'>Γυνή</span> <span class='ocrx_word' id='word_1_641' title='bbox 2540 4140 2625 4186; x_wconf 85' lang='grc' dir='ltr'><strong>τις</strong></span> <span class='ocrx_word' id='word_1_642' title='bbox 2678 4122 2995 4191; x_wconf 83' lang='grc' dir='ltr'>ἀγροικικὴ,</span> <span class='ocrx_word' id='word_1_643' title='bbox 3034 4120 3230 4191; x_wconf 74' lang='grc' dir='ltr'>ἔχουσα</span> <span class='ocrx_word' id='word_1_644' title='bbox 3278 4120 3391 4172; x_wconf 80' lang='grc' dir='ltr'>υἱὸν</span> <span class='ocrx_word' id='word_1_645' title='bbox 3446 4117 3520 4179; x_wconf 82' lang='grc' dir='ltr'><strong>ώς</strong></span> <span class='ocrx_word' id='word_1_646' title='bbox 3586 4114 3735 4167; x_wconf 84' lang='grc' dir='ltr'>ἐτῶν</span> 
     </span>
    </p>
   </div>
   <div class='ocr_carea' id='block_1_84' title="bbox 2157 4203 3736 4285">
    <p class='ocr_par' dir='ltr' id='par_1_84' title="bbox 2157 4203 3736 4285">
     <span class='ocr_line' id='line_1_84' title="bbox 2157 4203 3736 4285; baseline -0.01 -16"><span class='ocrx_word' id='word_1_647' title='bbox 2157 4214 2319 4279; x_wconf 78' lang='grc' dir='ltr'>ἑπτὰ,</span> <span class='ocrx_word' id='word_1_648' title='bbox 2349 4216 2635 4285; x_wconf 72' lang='grc' dir='ltr'>εἰσήρχετο</span> <span class='ocrx_word' id='word_1_649' title='bbox 2682 4213 2797 4283; x_wconf 75' lang='grc' dir='ltr'>μετ’</span> <span class='ocrx_word' id='word_1_650' title='bbox 2820 4207 2985 4264; x_wconf 79' lang='grc' dir='ltr'>αὑτοῦ</span> <span class='ocrx_word' id='word_1_651' title='bbox 3020 4211 3099 4273; x_wconf 81' lang='grc' dir='ltr'><strong>είς</strong></span> <span class='ocrx_word' id='word_1_652' title='bbox 3128 4209 3228 4279; x_wconf 83' lang='grc' dir='ltr'>τὴν</span> <span class='ocrx_word' id='word_1_653' title='bbox 3268 4205 3441 4269; x_wconf 77' lang='grc' dir='ltr'>πόλιν,</span> <span class='ocrx_word' id='word_1_654' title='bbox 3465 4203 3552 4257; x_wconf 86' lang='grc' dir='ltr'><strong>διά</strong></span> <span class='ocrx_word' id='word_1_655' title='bbox 3581 4219 3736 4265; x_wconf 87' lang='grc' dir='ltr'>τινας</span> 
     </span>
    </p>
   </div>
   <div class='ocr_carea' id='block_1_85' title="bbox 471 4293 2047 4385">
    <p class='ocr_par' dir='ltr' id='par_1_85' title="bbox 471 4310 2047 4385">
     <span class='ocr_line' id='line_1_85' title="bbox 471 4310 2047 4385; baseline -0.005 -12"><span class='ocrx_word' id='word_1_656' title='bbox 471 4319 701 4373; x_wconf 79' lang='lat' dir='ltr'><strong>incursu</strong></span> <span class='ocrx_word' id='word_1_657' title='bbox 731 4317 1142 4385; x_wconf 88' lang='lat' dir='ltr'><strong>obstupuerunt</strong></span> <span class='ocrx_word' id='word_1_658' title='bbox 1172 4322 1400 4383; x_wconf 88' lang='lat' dir='ltr'><strong>repente</strong></span> <span class='ocrx_word' id='word_1_659' title='bbox 1422 4312 1594 4382; x_wconf 89' lang='lat' dir='ltr'><strong>pedes</strong></span> <span class='ocrx_word' id='word_1_660' title='bbox 1615 4310 1798 4381; x_wconf 89' lang='lat' dir='ltr'><strong>pueri,</strong></span> <span class='ocrx_word' id='word_1_661' title='bbox 1824 4310 1964 4364; x_wconf 87' lang='lat' dir='ltr'><strong>adeo</strong></span> <span class='ocrx_word' id='word_1_662' title='bbox 1989 4318 2047 4365; x_wconf 90' lang='lat' dir='ltr'><strong>ut</strong></span> 
     </span>
    </p>
   </div>
   <div class='ocr_carea' id='block_1_86' title="bbox 2147 4293 3732 4385">
    <p class='ocr_par' dir='ltr' id='par_1_86' title="bbox 2155 4293 3732 4381">
     <span class='ocr_line' id='line_1_86' title="bbox 2155 4293 3732 4381; baseline -0.011 -18"><span class='ocrx_word' id='word_1_663' title='bbox 2155 4309 2453 4381; x_wconf 63' lang='grc' dir='ltr'>προφάσεις</span> <span class='ocrx_word' id='word_1_664' title='bbox 2509 4306 2751 4369; x_wconf 50' lang='grc' dir='ltr'>οἰκείας</span> <span class='ocrx_word' id='word_1_665' title='bbox 2797 4305 2864 4359; x_wconf 91' lang='grc' dir='ltr'><strong>ἐκ</strong></span> <span class='ocrx_word' id='word_1_666' title='bbox 2923 4300 3331 4373; x_wconf 84' lang='grc' dir='ltr'>συναντήματος</span> <span class='ocrx_word' id='word_1_667' title='bbox 3382 4298 3438 4351; x_wconf 85' lang='grc' dir='ltr'>δὲ</span> <span class='ocrx_word' id='word_1_668' title='bbox 3488 4293 3732 4366; x_wconf 76' lang='grc' dir='ltr'>πονηροῦ</span> 
     </span>
    </p>
   </div>
   <div class='ocr_carea' id='block_1_87' title="bbox 476 4398 2058 4483">
    <p class='ocr_par' dir='ltr' id='par_1_87' title="bbox 476 4398 2058 4483">
     <span class='ocr_line' id='line_1_87' title="bbox 476 4398 2058 4483; baseline -0.003 -25"><span class='ocrx_word' id='word_1_669' title='bbox 476 4405 547 4460; x_wconf 84' lang='lat' dir='ltr'><strong>iis</strong></span> <span class='ocrx_word' id='word_1_670' title='bbox 568 4405 828 4478; x_wconf 81' lang='lat' dir='ltr'><strong>insistere</strong></span> <span class='ocrx_word' id='word_1_671' title='bbox 853 4405 1005 4483; x_wconf 87' lang='lat' dir='ltr'><strong>nullo</strong></span> <span class='ocrx_word' id='word_1_672' title='bbox 1018 4403 1183 4458; x_wconf 85' lang='lat' dir='ltr'><strong>modo</strong></span> <span class='ocrx_word' id='word_1_673' title='bbox 1204 4402 1436 4457; x_wconf 87' lang='lat' dir='ltr'><strong>valeret.</strong></span> <span class='ocrx_word' id='word_1_674' title='bbox 1460 4401 1634 4455; x_wconf 84' lang='lat' dir='ltr'><strong>Mater</strong></span> <span class='ocrx_word' id='word_1_675' title='bbox 1652 4414 1784 4470; x_wconf 82' lang='lat' dir='ltr'><strong>ergo</strong></span> <span class='ocrx_word' id='word_1_676' title='bbox 1802 4398 1980 4453; x_wconf 88' lang='lat' dir='ltr'><strong>tristis</strong></span> <span class='ocrx_word' id='word_1_677' title='bbox 2002 4408 2058 4454; x_wconf 91' lang='lat' dir='ltr'><strong>et</strong></span> 
     </span>
    </p>
   </div>
   <div class='ocr_carea' id='block_1_88' title="bbox 475 4491 2057 4568">
    <p class='ocr_par' dir='ltr' id='par_1_88' title="bbox 475 4491 2057 4568">
     <span class='ocr_line' id='line_1_88' title="bbox 475 4491 2057 4568; baseline -0.007 -13"><span class='ocrx_word' id='word_1_678' title='bbox 475 4499 674 4568; x_wconf 68' lang='lat' dir='ltr'><strong>ingens</strong></span> <span class='ocrx_word' id='word_1_679' title='bbox 693 4496 937 4568; x_wconf 87' lang='lat' dir='ltr'><strong>portavit</strong></span> <span class='ocrx_word' id='word_1_680' title='bbox 960 4496 1131 4551; x_wconf 82' lang='lat' dir='ltr'><strong>tilium</strong></span> <span class='ocrx_word' id='word_1_681' title='bbox 1168 4495 1237 4550; x_wconf 85' lang='lat' dir='ltr'><strong>ad</strong></span> <span class='ocrx_word' id='word_1_682' title='bbox 1261 4496 1440 4549; x_wconf 90' lang='lat' dir='ltr'><strong>virum</strong></span> <span class='ocrx_word' id='word_1_683' title='bbox 1461 4504 1739 4559; x_wconf 88' lang='lat' dir='ltr'><strong>sanctum,</strong></span> <span class='ocrx_word' id='word_1_684' title='bbox 1758 4492 1853 4561; x_wconf 88' lang='lat' dir='ltr'><strong>qui</strong></span> <span class='ocrx_word' id='word_1_685' title='bbox 1872 4491 2057 4546; x_wconf 89' lang='lat' dir='ltr'><strong>oleum</strong></span> 
     </span>
    </p>
   </div>
   <div class='ocr_carea' id='block_1_89' title="bbox 476 4579 2056 4655">
    <p class='ocr_par' dir='ltr' id='par_1_89' title="bbox 476 4579 2056 4655">
     <span class='ocr_line' id='line_1_89' title="bbox 476 4579 2056 4655; baseline -0.006 -14"><span class='ocrx_word' id='word_1_686' title='bbox 476 4595 725 4642; x_wconf 82' lang='lat' dir='ltr'><strong>sanetum</strong></span> <span class='ocrx_word' id='word_1_687' title='bbox 743 4601 868 4642; x_wconf 90' lang='lat' dir='ltr'><strong>cum</strong></span> <span class='ocrx_word' id='word_1_688' title='bbox 891 4583 1422 4655; x_wconf 91' lang='lat' dir='ltr'><strong>precibusadhibuit</strong></span> <span class='ocrx_word' id='word_1_689' title='bbox 1443 4580 1848 4652; x_wconf 87' lang='lat' dir='ltr'><strong>pedibuspueri</strong></span> <span class='ocrx_word' id='word_1_690' title='bbox 1873 4579 2056 4633; x_wconf 83' lang='lat' dir='ltr'><strong>:ﬁnita</strong></span> 
     </span>
    </p>
   </div>
   <div class='ocr_carea' id='block_1_90' title="bbox 471 4656 2058 4748">
    <p class='ocr_par' dir='ltr' id='par_1_90' title="bbox 471 4656 2058 4748">
     <span class='ocr_line' id='line_1_90' title="bbox 471 4656 2058 4748; baseline -0.005 -13"><span class='ocrx_word' id='word_1_691' title='bbox 471 4687 663 4735; x_wconf 65' lang='lat' dir='ltr'><strong>autem</strong></span> <span class='ocrx_word' id='word_1_692' title='bbox 685 4677 1001 4748; x_wconf 89' lang='lat' dir='ltr'><strong>precatione</strong></span> <span class='ocrx_word' id='word_1_693' title='bbox 1024 4687 1198 4731; x_wconf 88' lang='lat' dir='ltr'><strong>mater</strong></span> <span class='ocrx_word' id='word_1_694' title='bbox 1212 4676 1404 4730; x_wconf 84' lang='lat' dir='ltr'><strong>volens</strong></span> <span class='ocrx_word' id='word_1_695' title='bbox 1418 4672 1667 4744; x_wconf 78' lang='lat' dir='ltr'><strong>experiri</strong></span> <span class='ocrx_word' id='word_1_696' title='bbox 1703 4680 1887 4727; x_wconf 89' lang='lat' dir='ltr'><strong>utrum</strong></span> <span class='ocrx_word' id='word_1_697' title='bbox 1912 4656 2058 4727; x_wconf 85' lang='lat' dir='ltr'><strong>stare</strong></span> 
     </span>
    </p>
   </div>
   <div class='ocr_carea' id='block_1_91' title="bbox 476 4764 2058 4841">
    <p class='ocr_par' dir='ltr' id='par_1_91' title="bbox 476 4764 2058 4841">
     <span class='ocr_line' id='line_1_91' title="bbox 476 4764 2058 4841; baseline -0.005 -16"><span class='ocrx_word' id='word_1_698' title='bbox 476 4779 664 4840; x_wconf 81' lang='lat' dir='ltr'><strong>posset</strong></span> <span class='ocrx_word' id='word_1_699' title='bbox 686 4785 846 4841; x_wconf 87' lang='lat' dir='ltr'><strong>puer,</strong></span> <span class='ocrx_word' id='word_1_700' title='bbox 882 4768 1145 4839; x_wconf 90' lang='lat' dir='ltr'><strong>deposuit</strong></span> <span class='ocrx_word' id='word_1_701' title='bbox 1173 4769 1379 4838; x_wconf 84' lang='lat' dir='ltr'><strong>ipsum.</strong></span> <span class='ocrx_word' id='word_1_702' title='bbox 1406 4767 1474 4821; x_wconf 90' lang='lat' dir='ltr'><strong>Et</strong></span> <span class='ocrx_word' id='word_1_703' title='bbox 1500 4766 1590 4820; x_wconf 89' lang='lat' dir='ltr'><strong>ille</strong></span> <span class='ocrx_word' id='word_1_704' title='bbox 1626 4764 1851 4835; x_wconf 89' lang='lat' dir='ltr'><strong>quidem</strong></span> <span class='ocrx_word' id='word_1_705' title='bbox 1896 4764 2058 4818; x_wconf 89' lang='lat' dir='ltr'><strong>initio</strong></span> 
     </span>
    </p>
   </div>
   <div class='ocr_carea' id='block_1_92' title="bbox 476 4857 2058 4927">
    <p class='ocr_par' dir='ltr' id='par_1_92' title="bbox 476 4857 2058 4927">
     <span class='ocr_line' id='line_1_92' title="bbox 476 4857 2058 4927; baseline -0.004 -11"><span class='ocrx_word' id='word_1_706' title='bbox 476 4871 747 4926; x_wconf 81' lang='lat' dir='ltr'><strong>tremens,</strong></span> <span class='ocrx_word' id='word_1_707' title='bbox 782 4877 1015 4917; x_wconf 90' lang='lat' dir='ltr'><strong>casurus</strong></span> <span class='ocrx_word' id='word_1_708' title='bbox 1041 4876 1162 4916; x_wconf 87' lang='lat' dir='ltr'><strong>esse</strong></span> <span class='ocrx_word' id='word_1_709' title='bbox 1194 4861 1524 4924; x_wconf 78' lang='lat' dir='ltr'><strong>videbatur;</strong></span> <span class='ocrx_word' id='word_1_710' title='bbox 1564 4873 1758 4913; x_wconf 66' lang='lat' dir='ltr'><strong>verum</strong></span> <span class='ocrx_word' id='word_1_711' title='bbox 1791 4857 1885 4911; x_wconf 90' lang='lat' dir='ltr'><strong>ubi</strong></span> <span class='ocrx_word' id='word_1_712' title='bbox 1921 4871 2058 4927; x_wconf 88' lang='lat' dir='ltr'><strong>pau-</strong></span> 
     </span>
    </p>
   </div>
   <div class='ocr_carea' id='block_1_93' title="bbox 475 4946 2060 5022">
    <p class='ocr_par' dir='ltr' id='par_1_93' title="bbox 475 4946 2060 5022">
     <span class='ocr_line' id='line_1_93' title="bbox 475 4946 2060 5022; baseline -0.004 -16"><span class='ocrx_word' id='word_1_713' title='bbox 475 4951 630 5007; x_wconf 87' lang='lat' dir='ltr'><strong>latim</strong></span> <span class='ocrx_word' id='word_1_714' title='bbox 650 4950 905 5005; x_wconf 78' lang='lat' dir='ltr'><strong>tlduciam</strong></span> <span class='ocrx_word' id='word_1_715' title='bbox 919 4950 1155 5020; x_wconf 88' lang='lat' dir='ltr'><strong>sumpsit</strong></span> <span class='ocrx_word' id='word_1_716' title='bbox 1172 4948 1414 5022; x_wconf 87' lang='lat' dir='ltr'><strong>(blandis</strong></span> <span class='ocrx_word' id='word_1_717' title='bbox 1434 4949 1580 5003; x_wconf 85' lang='lat' dir='ltr'><strong>enim</strong></span> <span class='ocrx_word' id='word_1_718' title='bbox 1602 4946 1831 5002; x_wconf 82' lang='lat' dir='ltr'><strong>vocibus</strong></span> <span class='ocrx_word' id='word_1_719' title='bbox 1847 4946 2060 5001; x_wconf 88' lang='lat' dir='ltr'><strong>animos</strong></span> 
     </span>
    </p>
   </div>
   <div class='ocr_carea' id='block_1_94' title="bbox 475 5036 2054 5114">
    <p class='ocr_par' dir='ltr' id='par_1_94' title="bbox 475 5036 2054 5114">
     <span class='ocr_line' id='line_1_94' title="bbox 475 5036 2054 5114; baseline -0.005 -14"><span class='ocrx_word' id='word_1_720' title='bbox 475 5044 531 5100; x_wconf 85' lang='lat' dir='ltr'><strong>ei</strong></span> <span class='ocrx_word' id='word_1_721' title='bbox 560 5044 833 5100; x_wconf 83' lang='lat' dir='ltr'><strong>faciebant</strong></span> <span class='ocrx_word' id='word_1_722' title='bbox 874 5043 970 5114; x_wconf 87' lang='lat' dir='ltr'><strong>qui</strong></span> <span class='ocrx_word' id='word_1_723' title='bbox 1020 5042 1295 5110; x_wconf 89' lang='lat' dir='ltr'><strong>aderant),</strong></span> <span class='ocrx_word' id='word_1_724' title='bbox 1328 5042 1483 5098; x_wconf 85' lang='lat' dir='ltr'><strong>stetit</strong></span> <span class='ocrx_word' id='word_1_725' title='bbox 1517 5038 1850 5110; x_wconf 84' lang='lat' dir='ltr'><strong>intrepidus,</strong></span> <span class='ocrx_word' id='word_1_726' title='bbox 1879 5048 1937 5095; x_wconf 91' lang='lat' dir='ltr'><strong>et</strong></span> <span class='ocrx_word' id='word_1_727' title='bbox 1964 5036 2054 5092; x_wconf 89' lang='lat' dir='ltr'><strong>ni-</strong></span> 
     </span>
    </p>
   </div>
   <div class='ocr_carea' id='block_1_95' title="bbox 479 5127 2059 5204">
    <p class='ocr_par' dir='ltr' id='par_1_95' title="bbox 479 5127 2059 5204">
     <span class='ocr_line' id='line_1_95' title="bbox 479 5127 2059 5204; baseline -0.006 -14"><span class='ocrx_word' id='word_1_728' title='bbox 479 5135 559 5191; x_wconf 89' lang='lat' dir='ltr'><strong>hil</strong></span> <span class='ocrx_word' id='word_1_729' title='bbox 590 5144 903 5191; x_wconf 73' lang='lat' dir='ltr'><strong>commotus</strong></span> <span class='ocrx_word' id='word_1_730' title='bbox 930 5143 1034 5188; x_wconf 84' lang='lat' dir='ltr'><strong>est.</strong></span> <span class='ocrx_word' id='word_1_731' title='bbox 1073 5133 1330 5189; x_wconf 86' lang='lat' dir='ltr'><strong>Firmatis</strong></span> <span class='ocrx_word' id='word_1_732' title='bbox 1371 5133 1540 5204; x_wconf 85' lang='lat' dir='ltr'><strong>igitur</strong></span> <span class='ocrx_word' id='word_1_733' title='bbox 1572 5137 1800 5201; x_wconf 83' lang='lat' dir='ltr'><strong>repente</strong></span> <span class='ocrx_word' id='word_1_734' title='bbox 1853 5127 2059 5199; x_wconf 87' lang='lat' dir='ltr'><strong>plantis</strong></span> 
     </span>
    </p>
   </div>
   <div class='ocr_carea' id='block_1_96' title="bbox 478 5220 2051 5297">
    <p class='ocr_par' dir='ltr' id='par_1_96' title="bbox 478 5220 2051 5297">
     <span class='ocr_line' id='line_1_96' title="bbox 478 5220 2051 5297; baseline -0.006 -13"><span class='ocrx_word' id='word_1_735' title='bbox 478 5237 538 5283; x_wconf 83' lang='lat' dir='ltr'><strong>et</strong></span> <span class='ocrx_word' id='word_1_736' title='bbox 580 5229 705 5283; x_wconf 83' lang='lat' dir='ltr'><strong>talis</strong></span> <span class='ocrx_word' id='word_1_737' title='bbox 752 5228 946 5297; x_wconf 74' lang='lat' dir='ltr'><strong>ipsius,</strong></span> <span class='ocrx_word' id='word_1_738' title='bbox 976 5240 1103 5281; x_wconf 87' lang='lat' dir='ltr'><strong>eum</strong></span> <span class='ocrx_word' id='word_1_739' title='bbox 1149 5232 1325 5280; x_wconf 89' lang='lat' dir='ltr'><strong>matre</strong></span> <span class='ocrx_word' id='word_1_740' title='bbox 1371 5220 1594 5278; x_wconf 85' lang='lat' dir='ltr'><strong>domum</strong></span> <span class='ocrx_word' id='word_1_741' title='bbox 1641 5228 1726 5275; x_wconf 88' lang='lat' dir='ltr'><strong>est</strong></span> <span class='ocrx_word' id='word_1_742' title='bbox 1773 5232 2051 5282; x_wconf 75' lang='lat' dir='ltr'><strong>reversus,</strong></span> 
     </span>
    </p>
   </div>
   <div class='ocr_carea' id='block_1_97' title="bbox 483 5311 2060 5385">
    <p class='ocr_par' dir='ltr' id='par_1_97' title="bbox 483 5311 2060 5385">
     <span class='ocr_line' id='line_1_97' title="bbox 483 5311 2060 5385; baseline -0.006 -12"><span class='ocrx_word' id='word_1_743' title='bbox 483 5318 689 5373; x_wconf 76' lang='lat' dir='ltr'><strong>saliens</strong></span> <span class='ocrx_word' id='word_1_744' title='bbox 732 5327 787 5374; x_wconf 91' lang='lat' dir='ltr'><strong>et</strong></span> <span class='ocrx_word' id='word_1_745' title='bbox 838 5317 1070 5375; x_wconf 82' lang='lat' dir='ltr'><strong>laudans</strong></span> <span class='ocrx_word' id='word_1_746' title='bbox 1126 5317 1314 5372; x_wconf 86' lang='lat' dir='ltr'><strong>Deum.</strong></span> <span class='ocrx_word' id='word_1_747' title='bbox 1385 5316 1493 5371; x_wconf 84' lang='lat' dir='ltr'><strong>Nos</strong></span> <span class='ocrx_word' id='word_1_748' title='bbox 1539 5328 1758 5384; x_wconf 86' lang='lat' dir='ltr'><strong>quoque</strong></span> <span class='ocrx_word' id='word_1_749' title='bbox 1811 5311 1905 5385; x_wconf 81' lang='lat' dir='ltr'><strong>qui</strong></span> <span class='ocrx_word' id='word_1_750' title='bbox 1954 5312 2060 5365; x_wconf 90' lang='lat' dir='ltr'><strong>mi-</strong></span> 
     </span>
    </p>
   </div>
   <div class='ocr_carea' id='block_1_98' title="bbox 482 5402 2063 5475">
    <p class='ocr_par' dir='ltr' id='par_1_98' title="bbox 482 5402 2063 5475">
     <span class='ocr_line' id='line_1_98' title="bbox 482 5402 2063 5475; baseline 0.003 -23"><span class='ocrx_word' id='word_1_751' title='bbox 482 5403 732 5458; x_wconf 87' lang='lat' dir='ltr'><strong>raculum</strong></span> <span class='ocrx_word' id='word_1_752' title='bbox 800 5404 1154 5470; x_wconf 89' lang='lat' dir='ltr'><strong>videramus,</strong></span> <span class='ocrx_word' id='word_1_753' title='bbox 1212 5403 1493 5475; x_wconf 87' lang='lat' dir='ltr'><strong>quomodo</strong></span> <span class='ocrx_word' id='word_1_754' title='bbox 1549 5403 1766 5460; x_wconf 87' lang='lat' dir='ltr'><strong>scilicet</strong></span> <span class='ocrx_word' id='word_1_755' title='bbox 1827 5402 2063 5473; x_wconf 90' lang='lat' dir='ltr'><strong>pedibus</strong></span> 
     </span>
    </p>
   </div>
   <div class='ocr_carea' id='block_1_99' title="bbox 479 5491 2061 5566">
    <p class='ocr_par' dir='ltr' id='par_1_99' title="bbox 479 5491 2061 5566">
     <span class='ocr_line' id='line_1_99' title="bbox 479 5491 2061 5566; baseline 0.004 -23"><span class='ocrx_word' id='word_1_756' title='bbox 479 5491 679 5547; x_wconf 81' lang='lat' dir='ltr'><strong>alienis</strong></span> <span class='ocrx_word' id='word_1_757' title='bbox 738 5494 1018 5566; x_wconf 77' lang='lat' dir='ltr'><strong>ingressus</strong></span> <span class='ocrx_word' id='word_1_758' title='bbox 1071 5496 1126 5549; x_wconf 92' lang='lat' dir='ltr'><strong>in</strong></span> <span class='ocrx_word' id='word_1_759' title='bbox 1182 5498 1467 5565; x_wconf 85' lang='lat' dir='ltr'><strong>templum,</strong></span> <span class='ocrx_word' id='word_1_760' title='bbox 1527 5496 1771 5566; x_wconf 68' lang='lat' dir='ltr'><strong>proliriis</strong></span> <span class='ocrx_word' id='word_1_761' title='bbox 1826 5495 2061 5565; x_wconf 87' lang='lat' dir='ltr'><strong>pedibus</strong></span> 
     </span>
    </p>
   </div>
   <div class='ocr_carea' id='block_1_100' title="bbox 478 5580 2060 5654">
    <p class='ocr_par' dir='ltr' id='par_1_100' title="bbox 478 5580 2060 5654">
     <span class='ocr_line' id='line_1_100' title="bbox 478 5580 2060 5654; baseline 0.004 -22"><span class='ocrx_word' id='word_1_762' title='bbox 478 5580 901 5648; x_wconf 65' lang='lat' dir='ltr'><strong>egrediebatur;</strong></span> <span class='ocrx_word' id='word_1_763' title='bbox 957 5584 1399 5643; x_wconf 76' lang='lat' dir='ltr'><strong>collamlavimus</strong></span> <span class='ocrx_word' id='word_1_764' title='bbox 1455 5586 1638 5649; x_wconf 77' lang='lat' dir='ltr'><strong>Deum,</strong></span> <span class='ocrx_word' id='word_1_765' title='bbox 1699 5585 1796 5654; x_wconf 79' lang='lat' dir='ltr'><strong>qui</strong></span> <span class='ocrx_word' id='word_1_766' title='bbox 1855 5584 2060 5639; x_wconf 80' lang='lat' dir='ltr'><strong>nostris</strong></span> 
     </span>
    </p>
   </div>
   <div class='ocr_carea' id='block_1_101' title="bbox 2158 4382 3738 4467">
    <p class='ocr_par' dir='ltr' id='par_1_101' title="bbox 2158 4382 3738 4467">
     <span class='ocr_line' id='line_1_101' title="bbox 2158 4382 3738 4467; baseline -0.011 -15"><span class='ocrx_word' id='word_1_767' title='bbox 2158 4386 2411 4467; x_wconf 81' lang='grc' dir='ltr'>δαίμονος</span> <span class='ocrx_word' id='word_1_768' title='bbox 2453 4395 2712 4466; x_wconf 79' lang='grc' dir='ltr'>ἐξαίφνης</span> <span class='ocrx_word' id='word_1_769' title='bbox 2739 4394 2952 4465; x_wconf 86' lang='grc' dir='ltr'>ἐπλήγη</span> <span class='ocrx_word' id='word_1_770' title='bbox 3008 4391 3134 4454; x_wconf 82' lang='grc' dir='ltr'>τοὺς</span> <span class='ocrx_word' id='word_1_771' title='bbox 3183 4388 3349 4449; x_wconf 80' lang='grc' dir='ltr'>πόδας</span> <span class='ocrx_word' id='word_1_772' title='bbox 3402 4388 3431 4439; x_wconf 87' lang='grc' dir='ltr'>ὁ</span> <span class='ocrx_word' id='word_1_773' title='bbox 3459 4385 3608 4447; x_wconf 81' lang='grc' dir='ltr'>παῖς,</span> <span class='ocrx_word' id='word_1_774' title='bbox 3639 4382 3738 4435; x_wconf 72' lang='grc' dir='ltr'>καὶ</span> 
     </span>
    </p>
   </div>
   <div class='ocr_carea' id='block_1_102' title="bbox 2158 4472 3738 4562">
    <p class='ocr_par' dir='ltr' id='par_1_102' title="bbox 2158 4472 3738 4562">
     <span class='ocr_line' id='line_1_102' title="bbox 2158 4472 3738 4562; baseline -0.013 -18"><span class='ocrx_word' id='word_1_775' title='bbox 2158 4492 2353 4562; x_wconf 82' lang='grc' dir='ltr'>στῆναι</span> <span class='ocrx_word' id='word_1_776' title='bbox 2399 4486 2680 4551; x_wconf 84' lang='grc' dir='ltr'>παντελῶς</span> <span class='ocrx_word' id='word_1_777' title='bbox 2729 4486 2830 4539; x_wconf 83' lang='grc' dir='ltr'><strong>οὐκ</strong></span> <span class='ocrx_word' id='word_1_778' title='bbox 2884 4483 3136 4553; x_wconf 87' lang='grc' dir='ltr'>ήδύνατο.</span> <span class='ocrx_word' id='word_1_779' title='bbox 3184 4478 3511 4533; x_wconf 86' lang='grc' dir='ltr'>Βαστάσασα</span> <span class='ocrx_word' id='word_1_780' title='bbox 3537 4474 3594 4526; x_wconf 85' lang='grc' dir='ltr'>δὲ</span> <span class='ocrx_word' id='word_1_781' title='bbox 3640 4472 3738 4525; x_wconf 76' lang='grc' dir='ltr'><strong>τὸν</strong></span> 
     </span>
    </p>
   </div>
   <div class='ocr_carea' id='block_1_103' title="bbox 2160 4560 3738 4648">
    <p class='ocr_par' dir='ltr' id='par_1_103' title="bbox 2160 4560 3738 4648">
     <span class='ocr_line' id='line_1_103' title="bbox 2160 4560 3738 4648; baseline -0.013 -16"><span class='ocrx_word' id='word_1_782' title='bbox 2160 4560 2326 4631; x_wconf 78' lang='grc' dir='ltr'>παίδα</span> <span class='ocrx_word' id='word_1_783' title='bbox 2355 4579 2389 4648; x_wconf 82' lang='grc' dir='ltr'><strong>ἡ</strong></span> <span class='ocrx_word' id='word_1_784' title='bbox 2425 4577 2630 4647; x_wconf 84' lang='grc' dir='ltr'>μήτηρ,</span> <span class='ocrx_word' id='word_1_785' title='bbox 2669 4574 2876 4645; x_wconf 69' lang='grc' dir='ltr'>ἤγαγεν</span> <span class='ocrx_word' id='word_1_786' title='bbox 2928 4571 3065 4643; x_wconf 75' lang='grc' dir='ltr'>πρὸς</span> <span class='ocrx_word' id='word_1_787' title='bbox 3090 4570 3181 4623; x_wconf 82' lang='grc' dir='ltr'><strong>τὸν</strong></span> <span class='ocrx_word' id='word_1_788' title='bbox 3234 4569 3401 4626; x_wconf 84' lang='grc' dir='ltr'>ὅσιον.</span> <span class='ocrx_word' id='word_1_789' title='bbox 3433 4560 3738 4632; x_wconf 78' lang='grc' dir='ltr'>ὀδυρομένη</span> 
     </span>
    </p>
   </div>
   <div class='ocr_carea' id='block_1_104' title="bbox 2161 4651 3739 4735">
    <p class='ocr_par' dir='ltr' id='par_1_104' title="bbox 2161 4651 3739 4735">
     <span class='ocr_line' id='line_1_104' title="bbox 2161 4651 3739 4735; baseline -0.013 -11"><span class='ocrx_word' id='word_1_790' title='bbox 2161 4674 2254 4725; x_wconf 78' lang='grc' dir='ltr'>καὶ</span> <span class='ocrx_word' id='word_1_791' title='bbox 2278 4669 2536 4722; x_wconf 87' lang='grc' dir='ltr'>κλαίουσα</span> <span class='ocrx_word' id='word_1_792' title='bbox 2568 4665 2662 4720; x_wconf 81' lang='grc' dir='ltr'><strong>ἐπί</strong></span> <span class='ocrx_word' id='word_1_793' title='bbox 2688 4667 2753 4735; x_wconf 78' lang='grc' dir='ltr'>τῇ</span> <span class='ocrx_word' id='word_1_794' title='bbox 2784 4662 3039 4735; x_wconf 68' lang='grc' dir='ltr'>συμϐάσῃ</span> <span class='ocrx_word' id='word_1_795' title='bbox 3069 4659 3243 4728; x_wconf 69' lang='grc' dir='ltr'>θλίψει</span> <span class='ocrx_word' id='word_1_796' title='bbox 3281 4655 3358 4728; x_wconf 79' lang='grc' dir='ltr'>τῷ</span> <span class='ocrx_word' id='word_1_797' title='bbox 3389 4653 3612 4723; x_wconf 75' lang='grc' dir='ltr'>παιδίῳ.</span> <span class='ocrx_word' id='word_1_798' title='bbox 3679 4651 3739 4703; x_wconf 88' lang='lat'><strong>&#39;0</strong></span> 
     </span>
    </p>
   </div>
   <div class='ocr_carea' id='block_1_105' title="bbox 2159 4746 3740 4827">
    <p class='ocr_par' dir='ltr' id='par_1_105' title="bbox 2159 4746 3740 4827">
     <span class='ocr_line' id='line_1_105' title="bbox 2159 4746 3740 4827; baseline -0.013 -12"><span class='ocrx_word' id='word_1_799' title='bbox 2159 4762 2215 4816; x_wconf 86' lang='grc' dir='ltr'><strong>δέ</strong></span> <span class='ocrx_word' id='word_1_800' title='bbox 2247 4759 2478 4822; x_wconf 83' lang='grc' dir='ltr'>ἐκτενῶς</span> <span class='ocrx_word' id='word_1_801' title='bbox 2504 4756 2821 4826; x_wconf 81' lang='grc' dir='ltr'>εὐξάμενος,</span> <span class='ocrx_word' id='word_1_802' title='bbox 2849 4753 3069 4827; x_wconf 73' lang='grc' dir='ltr'>ἤλειψεν</span> <span class='ocrx_word' id='word_1_803' title='bbox 3091 4752 3168 4823; x_wconf 82' lang='grc' dir='ltr'>τῷ</span> <span class='ocrx_word' id='word_1_804' title='bbox 3207 4750 3347 4817; x_wconf 83' lang='grc' dir='ltr'>ἁγίῳ</span> <span class='ocrx_word' id='word_1_805' title='bbox 3387 4746 3549 4814; x_wconf 79' lang='grc' dir='ltr'>ἐλαίῳ</span> <span class='ocrx_word' id='word_1_806' title='bbox 3608 4746 3740 4804; x_wconf 63' lang='grc' dir='ltr'>τοῦς</span> 
     </span>
    </p>
   </div>
   <div class='ocr_carea' id='block_1_106' title="bbox 2161 4830 3741 4915">
    <p class='ocr_par' dir='ltr' id='par_1_106' title="bbox 2161 4830 3741 4915">
     <span class='ocr_line' id='line_1_106' title="bbox 2161 4830 3741 4915; baseline -0.015 -12"><span class='ocrx_word' id='word_1_807' title='bbox 2161 4851 2328 4915; x_wconf 74' lang='grc' dir='ltr'>πόδας</span> <span class='ocrx_word' id='word_1_808' title='bbox 2356 4847 2452 4902; x_wconf 81' lang='grc' dir='ltr'><strong>τοῦ</strong></span> <span class='ocrx_word' id='word_1_809' title='bbox 2498 4846 2708 4909; x_wconf 87' lang='grc' dir='ltr'>παιδός.</span> <span class='ocrx_word' id='word_1_810' title='bbox 2747 4841 3134 4914; x_wconf 83' lang='grc' dir='ltr'>ῐΙληρωθείσης</span> <span class='ocrx_word' id='word_1_811' title='bbox 3170 4838 3226 4891; x_wconf 82' lang='grc' dir='ltr'><strong>δὲ</strong></span> <span class='ocrx_word' id='word_1_812' title='bbox 3276 4836 3376 4905; x_wconf 78' lang='grc' dir='ltr'>τῆς</span> <span class='ocrx_word' id='word_1_813' title='bbox 3424 4832 3612 4902; x_wconf 75' lang='grc' dir='ltr'>εὐχῆς.</span> <span class='ocrx_word' id='word_1_814' title='bbox 3646 4830 3741 4882; x_wconf 75' lang='grc' dir='ltr'><strong>θέο</strong></span> 
     </span>
    </p>
   </div>
   <div class='ocr_carea' id='block_1_107' title="bbox 2160 4921 3745 5007">
    <p class='ocr_par' dir='ltr' id='par_1_107' title="bbox 2160 4921 3745 5007">
     <span class='ocr_line' id='line_1_107' title="bbox 2160 4921 3745 5007; baseline -0.016 -14"><span class='ocrx_word' id='word_1_815' title='bbox 2160 4941 2325 4993; x_wconf 88' lang='grc' dir='ltr'>λουσα</span> <span class='ocrx_word' id='word_1_816' title='bbox 2352 4939 2555 5007; x_wconf 84' lang='grc' dir='ltr'>γνῶναι</span> <span class='ocrx_word' id='word_1_817' title='bbox 2582 4937 2614 5006; x_wconf 86' lang='grc' dir='ltr'><strong>ή</strong></span> <span class='ocrx_word' id='word_1_818' title='bbox 2654 4937 2838 5005; x_wconf 80' lang='grc' dir='ltr'>μήτηρ</span> <span class='ocrx_word' id='word_1_819' title='bbox 2871 4932 2920 4985; x_wconf 81' lang='grc' dir='ltr'><strong>εί</strong></span> <span class='ocrx_word' id='word_1_820' title='bbox 2945 4932 3053 5000; x_wconf 80' lang='grc' dir='ltr'>ἄρα</span> <span class='ocrx_word' id='word_1_821' title='bbox 3081 4928 3303 4982; x_wconf 86' lang='grc' dir='ltr'>δύναται</span> <span class='ocrx_word' id='word_1_822' title='bbox 3329 4924 3517 4994; x_wconf 81' lang='grc' dir='ltr'>στῆναι</span> <span class='ocrx_word' id='word_1_823' title='bbox 3537 4921 3596 4972; x_wconf 84' lang='grc' dir='ltr'><strong>τὸ</strong></span> <span class='ocrx_word' id='word_1_824' title='bbox 3622 4933 3745 4987; x_wconf 76' lang='grc' dir='ltr'>μει·</span> 
     </span>
    </p>
   </div>
   <div class='ocr_carea' id='block_1_108' title="bbox 2163 5007 3745 5103">
    <p class='ocr_par' dir='ltr' id='par_1_108' title="bbox 2163 5007 3745 5103">
     <span class='ocr_line' id='line_1_108' title="bbox 2163 5007 3745 5103; baseline -0.016 -18"><span class='ocrx_word' id='word_1_825' title='bbox 2163 5031 2353 5103; x_wconf 89' lang='grc' dir='ltr'>ράκιον</span> <span class='ocrx_word' id='word_1_826' title='bbox 2384 5031 2464 5092; x_wconf 87' lang='grc' dir='ltr'><strong>είς</strong></span> <span class='ocrx_word' id='word_1_827' title='bbox 2492 5027 2619 5090; x_wconf 78' lang='grc' dir='ltr'>τοὺς</span> <span class='ocrx_word' id='word_1_828' title='bbox 2650 5022 2845 5079; x_wconf 74' lang='grc' dir='ltr'>ἐαυτοῦ</span> <span class='ocrx_word' id='word_1_829' title='bbox 2881 5022 3048 5084; x_wconf 82' lang='grc' dir='ltr'>πόδας</span> <span class='ocrx_word' id='word_1_830' title='bbox 3101 5020 3327 5088; x_wconf 78' lang='grc' dir='ltr'>ἔστησεν</span> <span class='ocrx_word' id='word_1_831' title='bbox 3369 5012 3501 5068; x_wconf 73' lang='grc' dir='ltr'>αὐτὸ</span> <span class='ocrx_word' id='word_1_832' title='bbox 3528 5007 3745 5086; x_wconf 53' lang='grc' dir='ltr'>ὰναϐαἶ</span> 
     </span>
    </p>
   </div>
   <div class='ocr_carea' id='block_1_109' title="bbox 2165 5104 3743 5187">
    <p class='ocr_par' dir='ltr' id='par_1_109' title="bbox 2165 5104 3743 5187">
     <span class='ocr_line' id='line_1_109' title="bbox 2165 5104 3743 5187; baseline -0.017 -10"><span class='ocrx_word' id='word_1_833' title='bbox 2165 5122 2462 5187; x_wconf 79' lang='grc' dir='ltr'>στάζουσα.</span> <span class='ocrx_word' id='word_1_834' title='bbox 2514 5116 2718 5172; x_wconf 84' lang='grc' dir='ltr'>Σταθέν</span> <span class='ocrx_word' id='word_1_835' title='bbox 2747 5111 2862 5179; x_wconf 79' lang='grc' dir='ltr'>οὖν,</span> <span class='ocrx_word' id='word_1_836' title='bbox 2910 5113 3007 5184; x_wconf 77' lang='grc' dir='ltr'><strong>τὴν</strong></span> <span class='ocrx_word' id='word_1_837' title='bbox 3071 5111 3168 5181; x_wconf 87' lang='grc' dir='ltr'><strong>μέν</strong></span> <span class='ocrx_word' id='word_1_838' title='bbox 3204 5106 3377 5179; x_wconf 76' lang='grc' dir='ltr'>ἀρχὴν</span> <span class='ocrx_word' id='word_1_839' title='bbox 3432 5104 3743 5172; x_wconf 81' lang='grc' dir='ltr'>ὑπότρομον</span> 
     </span>
    </p>
   </div>
   <div class='ocr_carea' id='block_1_110' title="bbox 2164 5190 3743 5284">
    <p class='ocr_par' dir='ltr' id='par_1_110' title="bbox 2164 5190 3743 5284">
     <span class='ocr_line' id='line_1_110' title="bbox 2164 5190 3743 5284; baseline -0.017 -16"><span class='ocrx_word' id='word_1_840' title='bbox 2164 5213 2474 5284; x_wconf 83' lang='grc' dir='ltr'>γενόμενον,</span> <span class='ocrx_word' id='word_1_841' title='bbox 2530 5209 2762 5282; x_wconf 77' lang='grc' dir='ltr'>ἤμελλεν</span> <span class='ocrx_word' id='word_1_842' title='bbox 2816 5206 3074 5259; x_wconf 75' lang='grc' dir='ltr'>πίπτεινο</span> <span class='ocrx_word' id='word_1_843' title='bbox 3130 5201 3206 5265; x_wconf 88' lang='grc' dir='ltr'><strong>ώς</strong></span> <span class='ocrx_word' id='word_1_844' title='bbox 3256 5200 3311 5256; x_wconf 71' lang='grc' dir='ltr'>δὲ</span> <span class='ocrx_word' id='word_1_845' title='bbox 3354 5194 3496 5250; x_wconf 71' lang='grc' dir='ltr'>κατὰ</span> <span class='ocrx_word' id='word_1_846' title='bbox 3540 5190 3743 5284; x_wconf 66' lang='grc' dir='ltr'>μικρὸν</span> 
     </span>
    </p>
   </div>
   <div class='ocr_carea' id='block_1_111' title="bbox 2167 5283 3741 5377">
    <p class='ocr_par' dir='ltr' id='par_1_111' title="bbox 2167 5283 3741 5377">
     <span class='ocr_line' id='line_1_111' title="bbox 2167 5283 3741 5377; baseline -0.02 -16"><span class='ocrx_word' id='word_1_847' title='bbox 2167 5283 2473 5377; x_wconf 74' lang='grc' dir='ltr'>ἐθάρρησεν</span> <span class='ocrx_word' id='word_1_848' title='bbox 2492 5302 2607 5373; x_wconf 69' lang='grc' dir='ltr'>(καὶ</span> <span class='ocrx_word' id='word_1_849' title='bbox 2624 5302 2670 5354; x_wconf 87' lang='grc' dir='ltr'><strong>οί</strong></span> <span class='ocrx_word' id='word_1_850' title='bbox 2690 5296 3039 5369; x_wconf 84' lang='grc' dir='ltr'>παρεστῶτες</span> <span class='ocrx_word' id='word_1_851' title='bbox 3057 5293 3167 5361; x_wconf 87' lang='grc' dir='ltr'><strong>γὰρ</strong></span> <span class='ocrx_word' id='word_1_852' title='bbox 3183 5288 3268 5343; x_wconf 73' lang='grc' dir='ltr'><strong>διὰ</strong></span> <span class='ocrx_word' id='word_1_853' title='bbox 3284 5288 3456 5354; x_wconf 88' lang='grc' dir='ltr'>λόγων</span> <span class='ocrx_word' id='word_1_854' title='bbox 3475 5283 3741 5377; x_wconf 83' lang='grc' dir='ltr'>κολακευ-</span> 
     </span>
    </p>
   </div>
   <div class='ocr_carea' id='block_1_112' title="bbox 2164 5375 3742 5464">
    <p class='ocr_par' dir='ltr' id='par_1_112' title="bbox 2164 5375 3742 5464">
     <span class='ocr_line' id='line_1_112' title="bbox 2164 5375 3742 5464; baseline -0.018 -15"><span class='ocrx_word' id='word_1_855' title='bbox 2164 5375 2331 5449; x_wconf 68' lang='grc' dir='ltr'>τικῶν</span> <span class='ocrx_word' id='word_1_856' title='bbox 2363 5391 2730 5464; x_wconf 79' lang='grc' dir='ltr'>ύπεστήριξαν</span> <span class='ocrx_word' id='word_1_857' title='bbox 2751 5387 2922 5459; x_wconf 75' lang='grc' dir='ltr'>αύτδ),</span> <span class='ocrx_word' id='word_1_858' title='bbox 2946 5381 3225 5444; x_wconf 85' lang='grc' dir='ltr'>παντελῶς</span> <span class='ocrx_word' id='word_1_859' title='bbox 3252 5379 3465 5449; x_wconf 79' lang='grc' dir='ltr'>ἔμεινεν</span> <span class='ocrx_word' id='word_1_860' title='bbox 3487 5375 3742 5431; x_wconf 79' lang='grc' dir='ltr'>ἄσειστον</span> 
     </span>
    </p>
   </div>
   <div class='ocr_carea' id='block_1_113' title="bbox 2167 5464 3742 5555">
    <p class='ocr_par' dir='ltr' id='par_1_113' title="bbox 2167 5464 3742 5555">
     <span class='ocr_line' id='line_1_113' title="bbox 2167 5464 3742 5555; baseline -0.019 -12"><span class='ocrx_word' id='word_1_861' title='bbox 2167 5490 2264 5543; x_wconf 78' lang='grc' dir='ltr'>καὶ</span> <span class='ocrx_word' id='word_1_862' title='bbox 2309 5487 2622 5555; x_wconf 79' lang='grc' dir='ltr'>ἁκλόνητον.</span> <span class='ocrx_word' id='word_1_863' title='bbox 2682 5482 2771 5545; x_wconf 80' lang='grc' dir='ltr'>Ὠς</span> <span class='ocrx_word' id='word_1_864' title='bbox 2797 5476 2890 5534; x_wconf 73' lang='grc' dir='ltr'><strong>οὖν</strong></span> <span class='ocrx_word' id='word_1_865' title='bbox 2923 5474 3265 5547; x_wconf 69' lang='grc' dir='ltr'>παραχρῆμα</span> <span class='ocrx_word' id='word_1_866' title='bbox 3328 5464 3742 5536; x_wconf 76' lang='grc' dir='ltr'>ἐστερεώθησαν</span> 
     </span>
    </p>
   </div>
   <div class='ocr_carea' id='block_1_114' title="bbox 2169 5557 3729 5649">
    <p class='ocr_par' dir='ltr' id='par_1_114' title="bbox 2169 5557 3729 5649">
     <span class='ocr_line' id='line_1_114' title="bbox 2169 5557 3729 5649; baseline -0.019 -14"><span class='ocrx_word' id='word_1_867' title='bbox 2169 5581 2330 5635; x_wconf 69' lang='grc' dir='ltr'>αὐτοῦ</span> <span class='ocrx_word' id='word_1_868' title='bbox 2368 5581 2420 5633; x_wconf 77' lang='grc' dir='ltr'>αἱ</span> <span class='ocrx_word' id='word_1_869' title='bbox 2449 5566 2631 5649; x_wconf 64' lang='grc' dir='ltr'>βάόεις</span> <span class='ocrx_word' id='word_1_870' title='bbox 2657 5576 2750 5630; x_wconf 71' lang='grc' dir='ltr'><strong>καὶ</strong></span> <span class='ocrx_word' id='word_1_871' title='bbox 2784 5572 2853 5627; x_wconf 78' lang='grc' dir='ltr'><strong>τὰ</strong></span> <span class='ocrx_word' id='word_1_872' title='bbox 2894 5570 3098 5642; x_wconf 69' lang='grc' dir='ltr'>σφυρὰ,</span> <span class='ocrx_word' id='word_1_873' title='bbox 3128 5568 3267 5637; x_wconf 38' lang='grc' dir='ltr'>ἔστη,</span> <span class='ocrx_word' id='word_1_874' title='bbox 3290 5566 3317 5616; x_wconf 88' lang='lat'><strong>6</strong></span> <span class='ocrx_word' id='word_1_875' title='bbox 3344 5565 3490 5624; x_wconf 79' lang='grc' dir='ltr'>παῖς,</span> <span class='ocrx_word' id='word_1_876' title='bbox 3526 5557 3619 5611; x_wconf 69' lang='grc' dir='ltr'><strong>καὶ</strong></span> <span class='ocrx_word' id='word_1_877' title='bbox 3647 5571 3729 5609; x_wconf 84' lang='grc' dir='ltr'>πε·</span> 
     </span>
    </p>
   </div>
  </div>
