  <div class='ocr_page' id='page_1' title='image "/cluster/home/n/w/nwhite01/storage/ocr_20150623/86:2/hvd.32044054112354/295.png"; bbox 0 0 4042 6156; ppageno 0'>
   <div class='ocr_carea' id='block_1_1' title="bbox 533 256 674 322">
    <p class='ocr_par' dir='ltr' id='par_1_1' title="bbox 533 256 674 322">
     <span class='ocr_line' id='line_1_1' title="bbox 533 256 674 322; baseline 0.014 -2"><span class='ocrx_word' id='word_1_1' title='bbox 533 256 674 322; x_wconf 76' lang='lat'><strong>2335</strong></span> 
     </span>
    </p>
   </div>
   <div class='ocr_carea' id='block_1_2' title="bbox 1609 263 3784 340">
    <p class='ocr_par' dir='ltr' id='par_1_2' title="bbox 1609 263 3784 340">
     <span class='ocr_line' id='line_1_2' title="bbox 1609 263 3784 340; baseline 0.008 -18"><span class='ocrx_word' id='word_1_2' title='bbox 1609 263 1668 322; x_wconf 91' lang='lat' dir='ltr'><strong>S.</strong></span> <span class='ocrx_word' id='word_1_3' title='bbox 1717 264 2080 324; x_wconf 80' lang='lat' dir='ltr'><strong>EUTYCIIII</strong></span> <span class='ocrx_word' id='word_1_4' title='bbox 2121 267 2622 330; x_wconf 72' lang='lat' dir='ltr'><strong>PATRIARCIUE</strong></span> <span class='ocrx_word' id='word_1_5' title='bbox 2663 273 2772 332; x_wconf 81' lang='lat' dir='ltr'><strong>CP.</strong></span> <span class='ocrx_word' id='word_1_6' title='bbox 3648 275 3784 340; x_wconf 67' lang='grc'><strong>2336</strong></span> 
     </span>
    </p>
   </div>
   <div class='ocr_carea' id='block_1_3' title="bbox 534 373 2115 455">
    <p class='ocr_par' dir='ltr' id='par_1_3' title="bbox 534 373 2115 442">
     <span class='ocr_line' id='line_1_3' title="bbox 534 373 2115 442; baseline 0.001 -14"><span class='ocrx_word' id='word_1_7' title='bbox 534 373 840 428; x_wconf 87' lang='lat' dir='ltr'><strong>oratorium</strong></span> <span class='ocrx_word' id='word_1_8' title='bbox 897 379 1098 428; x_wconf 73' lang='lat' dir='ltr'><strong>sancta:</strong></span> <span class='ocrx_word' id='word_1_9' title='bbox 1137 373 1610 442; x_wconf 70' lang='lat' dir='ltr'><strong>immaculatieque</strong></span> <span class='ocrx_word' id='word_1_10' title='bbox 1643 373 1886 430; x_wconf 71' lang='lat' dir='ltr'><strong>Domina:</strong></span> <span class='ocrx_word' id='word_1_11' title='bbox 1921 385 2115 430; x_wconf 72' lang='lat' dir='ltr'><strong>nostrze</strong></span> 
     </span>
    </p>
   </div>
   <div class='ocr_carea' id='block_1_4' title="bbox 2217 373 3784 455">
    <p class='ocr_par' dir='ltr' id='par_1_4' title="bbox 2222 379 3784 455">
     <span class='ocr_line' id='line_1_4' title="bbox 2222 379 3784 455; baseline 0.006 -25"><span class='ocrx_word' id='word_1_12' title='bbox 2222 379 2554 449; x_wconf 78' lang='grc' dir='ltr'>ἀναγωγαῖς,</span> <span class='ocrx_word' id='word_1_13' title='bbox 2587 383 2646 435; x_wconf 74' lang='grc' dir='ltr'>τὸ</span> <span class='ocrx_word' id='word_1_14' title='bbox 2685 383 2740 434; x_wconf 74' lang='grc' dir='ltr'>δὲ</span> <span class='ocrx_word' id='word_1_15' title='bbox 2787 381 3082 450; x_wconf 79' lang='grc' dir='ltr'>κατὼγειον</span> <span class='ocrx_word' id='word_1_16' title='bbox 3125 383 3294 452; x_wconf 80' lang='grc' dir='ltr'>μέγαν</span> <span class='ocrx_word' id='word_1_17' title='bbox 3325 380 3470 436; x_wconf 78' lang='grc' dir='ltr'>οἶκον</span> <span class='ocrx_word' id='word_1_18' title='bbox 3501 385 3784 455; x_wconf 79' lang='grc' dir='ltr'>εύκτήριον</span> 
     </span>
    </p>
   </div>
   <div class='ocr_carea' id='block_1_5' title="bbox 537 464 2105 534">
    <p class='ocr_par' dir='ltr' id='par_1_5' title="bbox 537 464 2105 534">
     <span class='ocr_line' id='line_1_5' title="bbox 537 464 2105 534; baseline 0.001 -14"><span class='ocrx_word' id='word_1_19' title='bbox 537 465 632 520; x_wconf 87' lang='lat' dir='ltr'><strong>Dei</strong></span> <span class='ocrx_word' id='word_1_20' title='bbox 678 464 975 520; x_wconf 87' lang='lat' dir='ltr'><strong>Genitricis</strong></span> <span class='ocrx_word' id='word_1_21' title='bbox 1031 473 1089 519; x_wconf 91' lang='lat' dir='ltr'><strong>et</strong></span> <span class='ocrx_word' id='word_1_22' title='bbox 1145 480 1364 534; x_wconf 90' lang='lat' dir='ltr'><strong>semper</strong></span> <span class='ocrx_word' id='word_1_23' title='bbox 1421 465 1654 534; x_wconf 79' lang='lat' dir='ltr'><strong>virginis</strong></span> <span class='ocrx_word' id='word_1_24' title='bbox 1712 467 1915 530; x_wconf 68' lang='lat' dir='ltr'><strong>Mariae.</strong></span> <span class='ocrx_word' id='word_1_25' title='bbox 1961 467 2105 532; x_wconf 82' lang='lat' dir='ltr'><strong>quod</strong></span> 
     </span>
    </p>
   </div>
   <div class='ocr_carea' id='block_1_6' title="bbox 535 556 2112 626">
    <p class='ocr_par' dir='ltr' id='par_1_6' title="bbox 535 556 2112 626">
     <span class='ocr_line' id='line_1_6' title="bbox 535 556 2112 626; baseline 0.001 -14"><span class='ocrx_word' id='word_1_26' title='bbox 535 567 592 612; x_wconf 87' lang='lat' dir='ltr'><strong>et</strong></span> <span class='ocrx_word' id='word_1_27' title='bbox 633 557 838 612; x_wconf 80' lang='lat' dir='ltr'><strong>factum</strong></span> <span class='ocrx_word' id='word_1_28' title='bbox 873 567 956 610; x_wconf 90' lang='lat' dir='ltr'><strong>est</strong></span> <span class='ocrx_word' id='word_1_29' title='bbox 979 556 996 626; x_wconf 97' lang='lat'>)</span> <span class='ocrx_word' id='word_1_30' title='bbox 1021 571 1146 610; x_wconf 90' lang='lat' dir='ltr'><strong>eum</strong></span> <span class='ocrx_word' id='word_1_31' title='bbox 1177 556 1376 610; x_wconf 71' lang='lat' dir='ltr'><strong>[cedam</strong></span> <span class='ocrx_word' id='word_1_32' title='bbox 1403 556 1692 626; x_wconf 73' lang='lat' dir='ltr'><strong>impudica:</strong></span> <span class='ocrx_word' id='word_1_33' title='bbox 1717 557 1946 613; x_wconf 83' lang='lat' dir='ltr'><strong>Veneris</strong></span> <span class='ocrx_word' id='word_1_34' title='bbox 1978 560 2112 613; x_wconf 89' lang='lat' dir='ltr'><strong>ima-</strong></span> 
     </span>
    </p>
   </div>
   <div class='ocr_carea' id='block_1_7' title="bbox 536 648 2112 719">
    <p class='ocr_par' dir='ltr' id='par_1_7' title="bbox 536 648 2112 719">
     <span class='ocr_line' id='line_1_7' title="bbox 536 648 2112 719; baseline 0.001 -17"><span class='ocrx_word' id='word_1_35' title='bbox 536 649 718 719; x_wconf 75' lang='lat' dir='ltr'><strong>ginem</strong></span> <span class='ocrx_word' id='word_1_36' title='bbox 741 650 1107 717; x_wconf 73' lang='lat' dir='ltr'><strong>exsculperet,</strong></span> <span class='ocrx_word' id='word_1_37' title='bbox 1154 648 1368 702; x_wconf 72' lang='lat' dir='ltr'><strong>daemon</strong></span> <span class='ocrx_word' id='word_1_38' title='bbox 1405 649 1498 718; x_wconf 82' lang='lat' dir='ltr'><strong>qui</strong></span> <span class='ocrx_word' id='word_1_39' title='bbox 1541 649 1618 703; x_wconf 90' lang='lat' dir='ltr'><strong>illi</strong></span> <span class='ocrx_word' id='word_1_40' title='bbox 1679 651 2001 716; x_wconf 71' lang='lat' dir='ltr'><strong>inha&#39;rebat,</strong></span> <span class='ocrx_word' id='word_1_41' title='bbox 2033 652 2112 706; x_wconf 90' lang='lat' dir='ltr'><strong>sic</strong></span> 
     </span>
    </p>
   </div>
   <div class='ocr_carea' id='block_1_8' title="bbox 537 741 2114 810">
    <p class='ocr_par' dir='ltr' id='par_1_8' title="bbox 537 741 2114 810">
     <span class='ocr_line' id='line_1_8' title="bbox 537 741 2114 810; baseline 0.001 -15"><span class='ocrx_word' id='word_1_42' title='bbox 537 741 737 795; x_wconf 83' lang='lat' dir='ltr'><strong>invasit</strong></span> <span class='ocrx_word' id='word_1_43' title='bbox 771 756 990 794; x_wconf 88' lang='lat' dir='ltr'><strong>manum</strong></span> <span class='ocrx_word' id='word_1_44' title='bbox 1021 741 1162 810; x_wconf 83' lang='lat' dir='ltr'><strong>ejus.</strong></span> <span class='ocrx_word' id='word_1_45' title='bbox 1202 749 1260 794; x_wconf 93' lang='lat' dir='ltr'><strong>ut</strong></span> <span class='ocrx_word' id='word_1_46' title='bbox 1292 741 1624 796; x_wconf 82' lang='lat' dir='ltr'><strong>inﬂammata</strong></span> <span class='ocrx_word' id='word_1_47' title='bbox 1657 750 2009 803; x_wconf 81' lang='lat' dir='ltr'><strong>tumesceret,</strong></span> <span class='ocrx_word' id='word_1_48' title='bbox 2057 753 2114 796; x_wconf 87' lang='lat' dir='ltr'><strong>et</strong></span> 
     </span>
    </p>
   </div>
   <div class='ocr_carea' id='block_1_9' title="bbox 535 833 2112 903">
    <p class='ocr_par' dir='ltr' id='par_1_9' title="bbox 535 833 2112 903">
     <span class='ocr_line' id='line_1_9' title="bbox 535 833 2112 903; baseline 0.003 -19"><span class='ocrx_word' id='word_1_49' title='bbox 535 833 688 902; x_wconf 77' lang='lat' dir='ltr'><strong>gravi</strong></span> <span class='ocrx_word' id='word_1_50' title='bbox 743 833 934 886; x_wconf 80' lang='lat' dir='ltr'><strong>aﬂ&#39;ecta</strong></span> <span class='ocrx_word' id='word_1_51' title='bbox 984 833 1356 886; x_wconf 83' lang='lat' dir='ltr'><strong>carcinomate</strong></span> <span class='ocrx_word' id='word_1_52' title='bbox 1411 833 1726 888; x_wconf 74' lang='lat' dir='ltr'><strong>necessario</strong></span> <span class='ocrx_word' id='word_1_53' title='bbox 1781 834 2112 903; x_wconf 80' lang='lat' dir='ltr'><strong>amputanda</strong></span> 
     </span>
    </p>
   </div>
   <div class='ocr_carea' id='block_1_10' title="bbox 537 925 2112 995">
    <p class='ocr_par' dir='ltr' id='par_1_10' title="bbox 537 925 2112 995">
     <span class='ocr_line' id='line_1_10' title="bbox 537 925 2112 995; baseline 0.003 -17"><span class='ocrx_word' id='word_1_54' title='bbox 537 925 816 978; x_wconf 88' lang='lat' dir='ltr'><strong>diceretur</strong></span> <span class='ocrx_word' id='word_1_55' title='bbox 846 926 914 978; x_wconf 89' lang='lat' dir='ltr'><strong>ab</strong></span> <span class='ocrx_word' id='word_1_56' title='bbox 962 925 1028 980; x_wconf 88' lang='lat' dir='ltr'><strong>iis</strong></span> <span class='ocrx_word' id='word_1_57' title='bbox 1063 925 1156 993; x_wconf 91' lang='lat' dir='ltr'><strong>qui</strong></span> <span class='ocrx_word' id='word_1_58' title='bbox 1187 925 1470 979; x_wconf 88' lang='lat' dir='ltr'><strong>videbant.</strong></span> <span class='ocrx_word' id='word_1_59' title='bbox 1505 927 1583 980; x_wconf 87' lang='lat' dir='ltr'><strong>Eo</strong></span> <span class='ocrx_word' id='word_1_60' title='bbox 1623 926 1866 994; x_wconf 82' lang='lat' dir='ltr'><strong>periculo</strong></span> <span class='ocrx_word' id='word_1_61' title='bbox 1895 927 2112 995; x_wconf 79' lang='lat' dir='ltr'><strong>cognito</strong></span> 
     </span>
    </p>
   </div>
   <div class='ocr_carea' id='block_1_11' title="bbox 539 1014 2113 1084">
    <p class='ocr_par' dir='ltr' id='par_1_11' title="bbox 539 1014 2113 1084">
     <span class='ocr_line' id='line_1_11' title="bbox 539 1014 2113 1084; baseline 0.002 -17"><span class='ocrx_word' id='word_1_62' title='bbox 539 1014 674 1068; x_wconf 87' lang='lat' dir='ltr'><strong>utile</strong></span> <span class='ocrx_word' id='word_1_63' title='bbox 721 1015 942 1084; x_wconf 84' lang='lat' dir='ltr'><strong>juvenis</strong></span> <span class='ocrx_word' id='word_1_64' title='bbox 993 1015 1284 1068; x_wconf 83' lang='lat' dir='ltr'><strong>consilium</strong></span> <span class='ocrx_word' id='word_1_65' title='bbox 1321 1016 1542 1084; x_wconf 87' lang='lat' dir='ltr'><strong>accipit,</strong></span> <span class='ocrx_word' id='word_1_66' title='bbox 1575 1024 1632 1069; x_wconf 89' lang='lat' dir='ltr'><strong>et</strong></span> <span class='ocrx_word' id='word_1_67' title='bbox 1681 1017 1746 1068; x_wconf 89' lang='lat' dir='ltr'><strong>ad</strong></span> <span class='ocrx_word' id='word_1_68' title='bbox 1779 1017 1954 1070; x_wconf 80' lang='lat' dir='ltr'><strong>virum</strong></span> <span class='ocrx_word' id='word_1_69' title='bbox 1985 1033 2113 1070; x_wconf 88' lang='lat' dir='ltr'><strong>san-</strong></span> 
     </span>
    </p>
   </div>
   <div class='ocr_carea' id='block_1_12' title="bbox 537 1105 2114 1177">
    <p class='ocr_par' dir='ltr' id='par_1_12' title="bbox 537 1105 2114 1177">
     <span class='ocr_line' id='line_1_12' title="bbox 537 1105 2114 1177; baseline 0.001 -18"><span class='ocrx_word' id='word_1_70' title='bbox 537 1117 687 1159; x_wconf 90' lang='lat' dir='ltr'><strong>ctum</strong></span> <span class='ocrx_word' id='word_1_71' title='bbox 734 1105 998 1174; x_wconf 79' lang='lat' dir='ltr'><strong>confugit,</strong></span> <span class='ocrx_word' id='word_1_72' title='bbox 1027 1115 1086 1160; x_wconf 90' lang='lat' dir='ltr'><strong>ut</strong></span> <span class='ocrx_word' id='word_1_73' title='bbox 1135 1123 1233 1175; x_wconf 88' lang='lat' dir='ltr'><strong>per</strong></span> <span class='ocrx_word' id='word_1_74' title='bbox 1273 1107 1449 1177; x_wconf 88' lang='lat' dir='ltr'><strong>ipsum</strong></span> <span class='ocrx_word' id='word_1_75' title='bbox 1483 1123 1514 1160; x_wconf 92' lang='lat' dir='ltr'><strong>a</strong></span> <span class='ocrx_word' id='word_1_76' title='bbox 1564 1107 1676 1160; x_wconf 87' lang='lat' dir='ltr'><strong>Deo</strong></span> <span class='ocrx_word' id='word_1_77' title='bbox 1712 1107 1976 1161; x_wconf 82' lang='lat' dir='ltr'><strong>auxilium</strong></span> <span class='ocrx_word' id='word_1_78' title='bbox 2009 1108 2114 1161; x_wconf 88' lang='lat' dir='ltr'><strong>im-</strong></span> 
     </span>
    </p>
   </div>
   <div class='ocr_carea' id='block_1_13' title="bbox 539 1197 2114 1268">
    <p class='ocr_par' dir='ltr' id='par_1_13' title="bbox 539 1197 2114 1268">
     <span class='ocr_line' id='line_1_13' title="bbox 539 1197 2114 1268; baseline 0.005 -20"><span class='ocrx_word' id='word_1_79' title='bbox 539 1205 740 1265; x_wconf 90' lang='lat' dir='ltr'><strong>petret.</strong></span> <span class='ocrx_word' id='word_1_80' title='bbox 797 1197 866 1250; x_wconf 86' lang='lat' dir='ltr'><strong>At</strong></span> <span class='ocrx_word' id='word_1_81' title='bbox 917 1199 1008 1252; x_wconf 89' lang='lat' dir='ltr'><strong>ille</strong></span> <span class='ocrx_word' id='word_1_82' title='bbox 1059 1214 1182 1252; x_wconf 91' lang='lat' dir='ltr'><strong>cum</strong></span> <span class='ocrx_word' id='word_1_83' title='bbox 1222 1215 1322 1268; x_wconf 89' lang='lat' dir='ltr'><strong>pro</strong></span> <span class='ocrx_word' id='word_1_84' title='bbox 1359 1199 1478 1268; x_wconf 90' lang='lat' dir='ltr'><strong>ipso</strong></span> <span class='ocrx_word' id='word_1_85' title='bbox 1527 1207 1756 1264; x_wconf 79' lang='lat' dir='ltr'><strong>orasset,</strong></span> <span class='ocrx_word' id='word_1_86' title='bbox 1807 1202 1962 1255; x_wconf 79' lang='lat' dir='ltr'><strong>unxit</strong></span> <span class='ocrx_word' id='word_1_87' title='bbox 1995 1201 2114 1256; x_wconf 91' lang='lat' dir='ltr'><strong>oleo</strong></span> 
     </span>
    </p>
   </div>
   <div class='ocr_carea' id='block_1_14' title="bbox 540 1289 2117 1358">
    <p class='ocr_par' dir='ltr' id='par_1_14' title="bbox 540 1289 2117 1358">
     <span class='ocr_line' id='line_1_14' title="bbox 540 1289 2117 1358; baseline 0.003 -18"><span class='ocrx_word' id='word_1_88' title='bbox 540 1297 732 1340; x_wconf 86' lang='lat' dir='ltr'><strong>saneto</strong></span> <span class='ocrx_word' id='word_1_89' title='bbox 779 1289 1061 1343; x_wconf 76' lang='lat' dir='ltr'><strong>dexteram</strong></span> <span class='ocrx_word' id='word_1_90' title='bbox 1117 1290 1309 1358; x_wconf 84' lang='lat' dir='ltr'><strong>ipsius,</strong></span> <span class='ocrx_word' id='word_1_91' title='bbox 1349 1291 1776 1346; x_wconf 71' lang='lat' dir='ltr'><strong>inflammatione</strong></span> <span class='ocrx_word' id='word_1_92' title='bbox 1827 1308 1890 1345; x_wconf 88' lang='lat' dir='ltr'><strong>ac</strong></span> <span class='ocrx_word' id='word_1_93' title='bbox 1946 1293 2117 1346; x_wconf 86' lang='lat' dir='ltr'><strong>carci-</strong></span> 
     </span>
    </p>
   </div>
   <div class='ocr_carea' id='block_1_15' title="bbox 543 1380 2118 1452">
    <p class='ocr_par' dir='ltr' id='par_1_15' title="bbox 543 1380 2118 1452">
     <span class='ocr_line' id='line_1_15' title="bbox 543 1380 2118 1452; baseline 0.005 -22"><span class='ocrx_word' id='word_1_94' title='bbox 543 1389 762 1432; x_wconf 85' lang='lat' dir='ltr'><strong>nomate</strong></span> <span class='ocrx_word' id='word_1_95' title='bbox 807 1380 1144 1433; x_wconf 85' lang='lat' dir='ltr'><strong>laborantem</strong></span> <span class='ocrx_word' id='word_1_96' title='bbox 1181 1397 1393 1450; x_wconf 88' lang='lat' dir='ltr'><strong>:eoque</strong></span> <span class='ocrx_word' id='word_1_97' title='bbox 1427 1397 1524 1452; x_wconf 87' lang='lat' dir='ltr'><strong>per</strong></span> <span class='ocrx_word' id='word_1_98' title='bbox 1565 1384 1809 1438; x_wconf 80' lang='lat' dir='ltr'><strong>triduum</strong></span> <span class='ocrx_word' id='word_1_99' title='bbox 1839 1385 2002 1449; x_wconf 79' lang='lat' dir='ltr'><strong>facto,</strong></span> <span class='ocrx_word' id='word_1_100' title='bbox 2034 1385 2118 1439; x_wconf 88' lang='lat' dir='ltr'><strong>di-</strong></span> 
     </span>
    </p>
   </div>
   <div class='ocr_carea' id='block_1_16' title="bbox 541 1469 2118 1542">
    <p class='ocr_par' dir='ltr' id='par_1_16' title="bbox 541 1469 2118 1542">
     <span class='ocr_line' id='line_1_16' title="bbox 541 1469 2118 1542; baseline 0.006 -22"><span class='ocrx_word' id='word_1_101' title='bbox 541 1469 671 1521; x_wconf 83' lang='lat' dir='ltr'><strong>vino</strong></span> <span class='ocrx_word' id='word_1_102' title='bbox 703 1469 910 1522; x_wconf 76' lang='lat' dir='ltr'><strong>auxilio</strong></span> <span class='ocrx_word' id='word_1_103' title='bbox 941 1470 1221 1522; x_wconf 81' lang='lat' dir='ltr'><strong>convaluit</strong></span> <span class='ocrx_word' id='word_1_104' title='bbox 1275 1487 1490 1536; x_wconf 88' lang='lat' dir='ltr'><strong>manus,</strong></span> <span class='ocrx_word' id='word_1_105' title='bbox 1525 1481 1688 1542; x_wconf 77' lang='lat' dir='ltr'><strong>atque</strong></span> <span class='ocrx_word' id='word_1_106' title='bbox 1735 1475 1891 1529; x_wconf 81' lang='lat' dir='ltr'><strong>alteri</strong></span> <span class='ocrx_word' id='word_1_107' title='bbox 1923 1475 2118 1530; x_wconf 88' lang='lat' dir='ltr'><strong>similis</strong></span> 
     </span>
    </p>
   </div>
   <div class='ocr_carea' id='block_1_17' title="bbox 543 1561 2118 1632">
    <p class='ocr_par' dir='ltr' id='par_1_17' title="bbox 543 1561 2118 1632">
     <span class='ocr_line' id='line_1_17' title="bbox 543 1561 2118 1632; baseline 0.005 -18"><span class='ocrx_word' id='word_1_108' title='bbox 543 1561 763 1616; x_wconf 87' lang='lat' dir='ltr'><strong>reddita</strong></span> <span class='ocrx_word' id='word_1_109' title='bbox 809 1571 912 1616; x_wconf 85' lang='lat' dir='ltr'><strong>est.</strong></span> <span class='ocrx_word' id='word_1_110' title='bbox 973 1563 1093 1630; x_wconf 90' lang='lat' dir='ltr'><strong>lpse</strong></span> <span class='ocrx_word' id='word_1_111' title='bbox 1143 1570 1326 1616; x_wconf 86' lang='lat' dir='ltr'><strong>autem</strong></span> <span class='ocrx_word' id='word_1_112' title='bbox 1381 1565 1578 1632; x_wconf 85' lang='lat' dir='ltr'><strong>quoin</strong></span> <span class='ocrx_word' id='word_1_113' title='bbox 1629 1565 1750 1619; x_wconf 76' lang='lat' dir='ltr'><strong>loco</strong></span> <span class='ocrx_word' id='word_1_114' title='bbox 1799 1582 1994 1620; x_wconf 79' lang='lat' dir='ltr'><strong>noxam</strong></span> <span class='ocrx_word' id='word_1_115' title='bbox 2027 1582 2118 1622; x_wconf 86' lang='lat' dir='ltr'><strong>ac-</strong></span> 
     </span>
    </p>
   </div>
   <div class='ocr_carea' id='block_1_18' title="bbox 542 1653 2116 1722">
    <p class='ocr_par' dir='ltr' id='par_1_18' title="bbox 542 1653 2116 1722">
     <span class='ocr_line' id='line_1_18' title="bbox 542 1653 2116 1722; baseline 0.003 -16"><span class='ocrx_word' id='word_1_116' title='bbox 542 1661 785 1720; x_wconf 81' lang='lat' dir='ltr'><strong>ceperat,</strong></span> <span class='ocrx_word' id='word_1_117' title='bbox 837 1653 892 1705; x_wconf 90' lang='lat' dir='ltr'><strong>in</strong></span> <span class='ocrx_word' id='word_1_118' title='bbox 939 1668 1028 1716; x_wconf 90' lang='lat' dir='ltr'><strong>eo,</strong></span> <span class='ocrx_word' id='word_1_119' title='bbox 1083 1655 1362 1707; x_wconf 70' lang='lat' dir='ltr'><strong>memoriae</strong></span> <span class='ocrx_word' id='word_1_120' title='bbox 1411 1663 1467 1708; x_wconf 90' lang='lat' dir='ltr'><strong>et</strong></span> <span class='ocrx_word' id='word_1_121' title='bbox 1513 1655 1651 1722; x_wconf 80' lang='lat' dir='ltr'><strong>grati</strong></span> <span class='ocrx_word' id='word_1_122' title='bbox 1706 1657 1871 1709; x_wconf 87' lang='lat' dir='ltr'><strong>animi</strong></span> <span class='ocrx_word' id='word_1_123' title='bbox 1930 1673 2116 1720; x_wconf 86' lang='lat' dir='ltr'><strong>causa,</strong></span> 
     </span>
    </p>
   </div>
   <div class='ocr_carea' id='block_1_19' title="bbox 2211 475 3784 545">
    <p class='ocr_par' dir='ltr' id='par_1_19' title="bbox 2211 475 3784 545">
     <span class='ocr_line' id='line_1_19' title="bbox 2211 475 3784 545; baseline -0.006 -9"><span class='ocrx_word' id='word_1_124' title='bbox 2211 476 2308 542; x_wconf 79' lang='grc' dir='ltr'><strong>τῆς</strong></span> <span class='ocrx_word' id='word_1_125' title='bbox 2375 475 2532 540; x_wconf 76' lang='grc' dir='ltr'>ἁγίας</span> <span class='ocrx_word' id='word_1_126' title='bbox 2603 475 2872 543; x_wconf 73' lang='grc' dir='ltr'>ἀχρὰντου</span> <span class='ocrx_word' id='word_1_127' title='bbox 2945 476 3246 545; x_wconf 78' lang='grc' dir='ltr'>Δεσποίνης</span> <span class='ocrx_word' id='word_1_128' title='bbox 3299 477 3455 542; x_wconf 75' lang='grc' dir='ltr'>ἡμῶν</span> <span class='ocrx_word' id='word_1_129' title='bbox 3523 477 3784 530; x_wconf 76' lang='grc' dir='ltr'>Θεοτὸκου</span> 
     </span>
    </p>
   </div>
   <div class='ocr_carea' id='block_1_20' title="bbox 2213 564 3784 636">
    <p class='ocr_par' dir='ltr' id='par_1_20' title="bbox 2213 564 3784 636">
     <span class='ocr_line' id='line_1_20' title="bbox 2213 564 3784 636; baseline -0.001 -18"><span class='ocrx_word' id='word_1_130' title='bbox 2213 567 2304 618; x_wconf 81' lang='grc' dir='ltr'><strong>καὶ</strong></span> <span class='ocrx_word' id='word_1_131' title='bbox 2327 567 2414 616; x_wconf 74' lang='grc' dir='ltr'>ἀεὶ</span> <span class='ocrx_word' id='word_1_132' title='bbox 2443 565 2714 630; x_wconf 80' lang='grc' dir='ltr'>Παρθένου</span> <span class='ocrx_word' id='word_1_133' title='bbox 2753 566 2988 636; x_wconf 78' lang='grc' dir='ltr'>Μαρίας)</span> <span class='ocrx_word' id='word_1_134' title='bbox 3015 583 3025 596; x_wconf 83' lang='lat'>&#39;</span> <span class='ocrx_word' id='word_1_135' title='bbox 3055 567 3083 619; x_wconf 87' lang='lat'><strong>6</strong></span> <span class='ocrx_word' id='word_1_136' title='bbox 3115 566 3177 636; x_wconf 81' lang='grc' dir='ltr'>δὴ</span> <span class='ocrx_word' id='word_1_137' title='bbox 3199 568 3293 620; x_wconf 67' lang='grc' dir='ltr'><strong>καὶ</strong></span> <span class='ocrx_word' id='word_1_138' title='bbox 3311 567 3557 636; x_wconf 80' lang='grc' dir='ltr'>γέγονεν’</span> <span class='ocrx_word' id='word_1_139' title='bbox 3589 569 3678 621; x_wconf 84' lang='grc' dir='ltr'>ὅτε</span> <span class='ocrx_word' id='word_1_140' title='bbox 3697 564 3784 622; x_wconf 76' lang='grc' dir='ltr'><strong>οὖν</strong></span> 
     </span>
    </p>
   </div>
   <div class='ocr_carea' id='block_1_21' title="bbox 2211 651 3783 731">
    <p class='ocr_par' dir='ltr' id='par_1_21' title="bbox 2211 651 3783 731">
     <span class='ocr_line' id='line_1_21' title="bbox 2211 651 3783 731; baseline 0.004 -23"><span class='ocrx_word' id='word_1_141' title='bbox 2211 655 2476 724; x_wconf 77' lang='grc' dir='ltr'><strong>ἐξώρυξεν</strong></span> <span class='ocrx_word' id='word_1_142' title='bbox 2526 660 2554 710; x_wconf 84' lang='lat'><strong>6</strong></span> <span class='ocrx_word' id='word_1_143' title='bbox 2603 651 2763 721; x_wconf 71' lang='grc' dir='ltr'>αύτὸς</span> <span class='ocrx_word' id='word_1_144' title='bbox 2808 658 3088 728; x_wconf 76' lang='grc' dir='ltr'>μουσωτὴς</span> <span class='ocrx_word' id='word_1_145' title='bbox 3131 659 3190 712; x_wconf 74' lang='grc' dir='ltr'>τὸ</span> <span class='ocrx_word' id='word_1_146' title='bbox 3227 661 3367 729; x_wconf 85' lang='grc' dir='ltr'><strong>θέμα</strong></span> <span class='ocrx_word' id='word_1_147' title='bbox 3411 661 3486 731; x_wconf 76' lang='grc' dir='ltr'><strong>(α)</strong></span> <span class='ocrx_word' id='word_1_148' title='bbox 3513 663 3612 731; x_wconf 78' lang='grc' dir='ltr'>τῆς</span> <span class='ocrx_word' id='word_1_149' title='bbox 3655 663 3783 715; x_wconf 84' lang='grc' dir='ltr'>ἀκα-</span> 
     </span>
    </p>
   </div>
   <div class='ocr_carea' id='block_1_22' title="bbox 2213 749 3784 825">
    <p class='ocr_par' dir='ltr' id='par_1_22' title="bbox 2213 749 3784 825">
     <span class='ocr_line' id='line_1_22' title="bbox 2213 749 3784 825; baseline 0.004 -24"><span class='ocrx_word' id='word_1_150' title='bbox 2213 749 2410 819; x_wconf 83' lang='grc' dir='ltr'>θάρτου</span> <span class='ocrx_word' id='word_1_151' title='bbox 2458 750 2889 820; x_wconf 62' lang='grc' dir='ltr'>Ἀιςροδίτης.....</span> <span class='ocrx_word' id='word_1_152' title='bbox 2947 752 3143 819; x_wconf 81' lang='grc' dir='ltr'>μᾶλλον</span> <span class='ocrx_word' id='word_1_153' title='bbox 3193 753 3222 804; x_wconf 97' lang='lat'><strong>6</strong></span> <span class='ocrx_word' id='word_1_154' title='bbox 3277 753 3602 822; x_wconf 77' lang='grc' dir='ltr'><strong>παραμένων</strong></span> <span class='ocrx_word' id='word_1_155' title='bbox 3653 756 3784 825; x_wconf 73' lang='grc' dir='ltr'>αὐτῇ</span> 
     </span>
    </p>
   </div>
   <div class='ocr_carea' id='block_1_23' title="bbox 2213 841 3784 916">
    <p class='ocr_par' dir='ltr' id='par_1_23' title="bbox 2213 841 3784 916">
     <span class='ocr_line' id='line_1_23' title="bbox 2213 841 3784 916; baseline 0.004 -23"><span class='ocrx_word' id='word_1_156' title='bbox 2213 841 2449 910; x_wconf 82' lang='grc' dir='ltr'>δαίμων,</span> <span class='ocrx_word' id='word_1_157' title='bbox 2511 841 2709 910; x_wconf 79' lang='grc' dir='ltr'>ἔπληξε</span> <span class='ocrx_word' id='word_1_158' title='bbox 2755 843 2852 913; x_wconf 75' lang='grc' dir='ltr'>τὴν</span> <span class='ocrx_word' id='word_1_159' title='bbox 2917 849 3072 912; x_wconf 77' lang='grc' dir='ltr'>χεῖρα</span> <span class='ocrx_word' id='word_1_160' title='bbox 3134 846 3227 898; x_wconf 86' lang='grc' dir='ltr'><strong>τοῦ</strong></span> <span class='ocrx_word' id='word_1_161' title='bbox 3282 847 3523 916; x_wconf 74' lang='grc' dir='ltr'>τεχνίτου</span> <span class='ocrx_word' id='word_1_162' title='bbox 3557 865 3570 876; x_wconf 82' lang='grc'><strong>’</strong></span> <span class='ocrx_word' id='word_1_163' title='bbox 3631 847 3784 916; x_wconf 72' lang='grc' dir='ltr'>ἐφλέ-</span> 
     </span>
    </p>
   </div>
   <div class='ocr_carea' id='block_1_24' title="bbox 2213 933 3757 1008">
    <p class='ocr_par' dir='ltr' id='par_1_24' title="bbox 2213 933 3757 1008">
     <span class='ocr_line' id='line_1_24' title="bbox 2213 933 3757 1008; baseline 0.005 -25"><span class='ocrx_word' id='word_1_164' title='bbox 2213 949 2420 1001; x_wconf 83' lang='grc' dir='ltr'>γμανεν</span> <span class='ocrx_word' id='word_1_165' title='bbox 2455 933 2564 1003; x_wconf 71' lang='grc' dir='ltr'><strong>γὰρ</strong></span> <span class='ocrx_word' id='word_1_166' title='bbox 2609 935 2702 986; x_wconf 76' lang='grc' dir='ltr'>καὶ</span> <span class='ocrx_word' id='word_1_167' title='bbox 2736 933 3100 999; x_wconf 81' lang='grc' dir='ltr'>κατεπύρισεν</span> <span class='ocrx_word' id='word_1_168' title='bbox 3179 939 3299 1006; x_wconf 74' lang='grc' dir='ltr'>χεὶρ</span> <span class='ocrx_word' id='word_1_169' title='bbox 3337 938 3534 994; x_wconf 77' lang='grc' dir='ltr'>αὐτοῦ.</span> <span class='ocrx_word' id='word_1_170' title='bbox 3567 941 3757 1006; x_wconf 74' lang='grc' dir='ltr'>γέγονε</span> 
     </span>
    </p>
   </div>
   <div class='ocr_carea' id='block_1_25' title="bbox 2213 1021 3786 1098">
    <p class='ocr_par' dir='ltr' id='par_1_25' title="bbox 2213 1021 3786 1098">
     <span class='ocr_line' id='line_1_25' title="bbox 2213 1021 3786 1098; baseline 0.005 -22"><span class='ocrx_word' id='word_1_171' title='bbox 2213 1025 2268 1076; x_wconf 80' lang='grc' dir='ltr'>δὲ</span> <span class='ocrx_word' id='word_1_172' title='bbox 2319 1025 2410 1076; x_wconf 66' lang='grc' dir='ltr'><strong>καὶ</strong></span> <span class='ocrx_word' id='word_1_173' title='bbox 2485 1021 2697 1092; x_wconf 63' lang='grc' dir='ltr'>τραῦμα</span> <span class='ocrx_word' id='word_1_174' title='bbox 2755 1025 3014 1095; x_wconf 61' lang='grc' dir='ltr'>φοϐερὸν,</span> <span class='ocrx_word' id='word_1_175' title='bbox 3081 1026 3221 1080; x_wconf 84' lang='grc' dir='ltr'>ὥστε</span> <span class='ocrx_word' id='word_1_176' title='bbox 3271 1031 3367 1097; x_wconf 74' lang='grc' dir='ltr'><strong>τὴν</strong></span> <span class='ocrx_word' id='word_1_177' title='bbox 3417 1031 3672 1098; x_wconf 82' lang='grc' dir='ltr'>τοιαύτην</span> <span class='ocrx_word' id='word_1_178' title='bbox 3739 1033 3786 1084; x_wconf 70' lang='grc' dir='ltr'>οὶ</span> 
     </span>
    </p>
   </div>
   <div class='ocr_carea' id='block_1_26' title="bbox 2217 1115 3787 1188">
    <p class='ocr_par' dir='ltr' id='par_1_26' title="bbox 2217 1115 3787 1188">
     <span class='ocr_line' id='line_1_26' title="bbox 2217 1115 3787 1188; baseline 0.003 -21"><span class='ocrx_word' id='word_1_179' title='bbox 2217 1115 2544 1186; x_wconf 77' lang='grc' dir='ltr'><strong>θεωροῦντες</strong></span> <span class='ocrx_word' id='word_1_180' title='bbox 2565 1117 2810 1186; x_wconf 75' lang='grc' dir='ltr'>ἀνάγκην</span> <span class='ocrx_word' id='word_1_181' title='bbox 2831 1119 2930 1186; x_wconf 81' lang='grc' dir='ltr'><strong>τῆς</strong></span> <span class='ocrx_word' id='word_1_182' title='bbox 2954 1119 3157 1188; x_wconf 83' lang='grc' dir='ltr'>χειρὸς,</span> <span class='ocrx_word' id='word_1_183' title='bbox 3181 1119 3364 1185; x_wconf 78' lang='grc' dir='ltr'>ἔλεγον</span> <span class='ocrx_word' id='word_1_184' title='bbox 3393 1121 3562 1172; x_wconf 58' lang='lat' dir='ltr'><strong>cum</strong></span> <span class='ocrx_word' id='word_1_185' title='bbox 3595 1122 3787 1172; x_wconf 83' lang='grc' dir='ltr'>ἀποτέ-</span> 
     </span>
    </p>
   </div>
   <div class='ocr_carea' id='block_1_27' title="bbox 2221 1203 3785 1280">
    <p class='ocr_par' dir='ltr' id='par_1_27' title="bbox 2221 1203 3785 1280">
     <span class='ocr_line' id='line_1_27' title="bbox 2221 1203 3785 1280; baseline 0.004 -23"><span class='ocrx_word' id='word_1_186' title='bbox 2221 1209 2463 1276; x_wconf 81' lang='grc' dir='ltr'>μνεσθαι.</span> <span class='ocrx_word' id='word_1_187' title='bbox 2506 1207 2591 1268; x_wconf 83' lang='grc' dir='ltr'>Ὠς</span> <span class='ocrx_word' id='word_1_188' title='bbox 2618 1203 2708 1260; x_wconf 82' lang='grc' dir='ltr'><strong>οὖν</strong></span> <span class='ocrx_word' id='word_1_189' title='bbox 2737 1205 2874 1260; x_wconf 82' lang='grc' dir='ltr'>εἶδεν</span> <span class='ocrx_word' id='word_1_190' title='bbox 2907 1210 3098 1262; x_wconf 78' lang='grc' dir='ltr'>ἑαυτὸν</span> <span class='ocrx_word' id='word_1_191' title='bbox 3137 1211 3195 1262; x_wconf 89' lang='grc' dir='ltr'>ἐν</span> <span class='ocrx_word' id='word_1_192' title='bbox 3227 1209 3392 1280; x_wconf 78' lang='grc' dir='ltr'>πολλῇ</span> <span class='ocrx_word' id='word_1_193' title='bbox 3431 1211 3751 1280; x_wconf 80' lang='grc' dir='ltr'><strong>περιστάσει</strong></span> <span class='ocrx_word' id='word_1_194' title='bbox 3771 1253 3785 1276; x_wconf 96' lang='grc'><strong>,</strong></span> 
     </span>
    </p>
   </div>
   <div class='ocr_carea' id='block_1_28' title="bbox 2217 1297 3784 1370">
    <p class='ocr_par' dir='ltr' id='par_1_28' title="bbox 2217 1297 3784 1370">
     <span class='ocr_line' id='line_1_28' title="bbox 2217 1297 3784 1370; baseline 0.001 -21"><span class='ocrx_word' id='word_1_195' title='bbox 2217 1297 2276 1349; x_wconf 71' lang='grc' dir='ltr'>τὸ</span> <span class='ocrx_word' id='word_1_196' title='bbox 2321 1300 2566 1368; x_wconf 83' lang='grc' dir='ltr'>κρεῖττον</span> <span class='ocrx_word' id='word_1_197' title='bbox 2613 1299 3029 1368; x_wconf 79' lang='grc' dir='ltr'>ἐπιλεξάμενος,</span> <span class='ocrx_word' id='word_1_198' title='bbox 3071 1301 3292 1370; x_wconf 81' lang='grc' dir='ltr'>ἔρχεται</span> <span class='ocrx_word' id='word_1_199' title='bbox 3335 1301 3470 1370; x_wconf 72' lang='grc' dir='ltr'>πρὸς</span> <span class='ocrx_word' id='word_1_200' title='bbox 3505 1303 3596 1354; x_wconf 73' lang='grc' dir='ltr'>τὸν</span> <span class='ocrx_word' id='word_1_201' title='bbox 3621 1305 3784 1362; x_wconf 79' lang='grc' dir='ltr'>ὅσιον,</span> 
     </span>
    </p>
   </div>
   <div class='ocr_carea' id='block_1_29' title="bbox 2215 1389 3787 1468">
    <p class='ocr_par' dir='ltr' id='par_1_29' title="bbox 2215 1389 3787 1460">
     <span class='ocr_line' id='line_1_29' title="bbox 2215 1389 3787 1460; baseline 0.003 -18"><span class='ocrx_word' id='word_1_202' title='bbox 2215 1390 2362 1452; x_wconf 79' lang='grc' dir='ltr'>ὅπως</span> <span class='ocrx_word' id='word_1_203' title='bbox 2392 1389 2530 1460; x_wconf 83' lang='grc' dir='ltr'>τύχῃ</span> <span class='ocrx_word' id='word_1_204' title='bbox 2564 1389 2814 1458; x_wconf 74' lang='grc' dir='ltr'><strong>βοηθείας</strong></span> <span class='ocrx_word' id='word_1_205' title='bbox 2851 1391 2957 1444; x_wconf 76' lang='grc' dir='ltr'>ἀπὸ</span> <span class='ocrx_word' id='word_1_206' title='bbox 2989 1391 3082 1444; x_wconf 88' lang='grc' dir='ltr'><strong>τοῦ</strong></span> <span class='ocrx_word' id='word_1_207' title='bbox 3132 1392 3270 1445; x_wconf 85' lang='grc' dir='ltr'>Θεοῦ</span> <span class='ocrx_word' id='word_1_208' title='bbox 3315 1393 3382 1446; x_wconf 80' lang='grc' dir='ltr'>δι’</span> <span class='ocrx_word' id='word_1_209' title='bbox 3415 1393 3602 1447; x_wconf 80' lang='grc' dir='ltr'>αὐτοῦ.</span> <span class='ocrx_word' id='word_1_210' title='bbox 3647 1397 3706 1446; x_wconf 84' lang='grc' dir='ltr'><strong>Ὀ</strong></span> <span class='ocrx_word' id='word_1_211' title='bbox 3735 1395 3787 1446; x_wconf 75' lang='grc' dir='ltr'>δὲ</span> 
     </span>
    </p>
   </div>
   <div class='ocr_carea' id='block_1_30' title="bbox 2219 1483 3789 1554">
    <p class='ocr_par' dir='ltr' id='par_1_30' title="bbox 2219 1483 3789 1554">
     <span class='ocr_line' id='line_1_30' title="bbox 2219 1483 3789 1554; baseline 0.003 -21"><span class='ocrx_word' id='word_1_212' title='bbox 2219 1484 2447 1550; x_wconf 77' lang='grc' dir='ltr'><strong>ποιήσας</strong></span> <span class='ocrx_word' id='word_1_213' title='bbox 2505 1483 2591 1533; x_wconf 77' lang='grc' dir='ltr'>ἐπ’</span> <span class='ocrx_word' id='word_1_214' title='bbox 2651 1485 2799 1554; x_wconf 81' lang='grc' dir='ltr'>αύτῷ</span> <span class='ocrx_word' id='word_1_215' title='bbox 2847 1485 2945 1553; x_wconf 79' lang='grc' dir='ltr'>τὴν</span> <span class='ocrx_word' id='word_1_216' title='bbox 2991 1485 3177 1554; x_wconf 64' lang='grc' dir='ltr'>εὐχὴν,</span> <span class='ocrx_word' id='word_1_217' title='bbox 3241 1485 3453 1554; x_wconf 81' lang='grc' dir='ltr'>ἔχρισεν</span> <span class='ocrx_word' id='word_1_218' title='bbox 3515 1487 3592 1554; x_wconf 78' lang='grc' dir='ltr'>τῷ</span> <span class='ocrx_word' id='word_1_219' title='bbox 3643 1487 3789 1554; x_wconf 73' lang='grc' dir='ltr'>ἁγίῳ</span> 
     </span>
    </p>
   </div>
   <div class='ocr_carea' id='block_1_31' title="bbox 2218 1574 3788 1648">
    <p class='ocr_par' dir='ltr' id='par_1_31' title="bbox 2218 1574 3788 1648">
     <span class='ocr_line' id='line_1_31' title="bbox 2218 1574 3788 1648; baseline 0.004 -24"><span class='ocrx_word' id='word_1_220' title='bbox 2218 1575 2382 1640; x_wconf 80' lang='grc' dir='ltr'>ἐλαίῳ</span> <span class='ocrx_word' id='word_1_221' title='bbox 2413 1575 2508 1644; x_wconf 79' lang='grc' dir='ltr'><strong>τὴν</strong></span> <span class='ocrx_word' id='word_1_222' title='bbox 2546 1574 2726 1640; x_wconf 73' lang='grc' dir='ltr'>δεξιὰν</span> <span class='ocrx_word' id='word_1_223' title='bbox 2753 1577 2914 1628; x_wconf 81' lang='grc' dir='ltr'>αὑτοῦ</span> <span class='ocrx_word' id='word_1_224' title='bbox 2949 1580 3104 1645; x_wconf 81' lang='grc' dir='ltr'>χεῖρα</span> <span class='ocrx_word' id='word_1_225' title='bbox 3124 1595 3135 1607; x_wconf 89' lang='grc'><strong>·</strong></span> <span class='ocrx_word' id='word_1_226' title='bbox 3177 1577 3316 1646; x_wconf 86' lang='grc' dir='ltr'>αῦτη</span> <span class='ocrx_word' id='word_1_227' title='bbox 3359 1579 3468 1646; x_wconf 74' lang='grc' dir='ltr'><strong>γὰρ</strong></span> <span class='ocrx_word' id='word_1_228' title='bbox 3495 1575 3563 1648; x_wconf 78' lang='grc' dir='ltr'><strong>ἦν</strong></span> <span class='ocrx_word' id='word_1_229' title='bbox 3590 1581 3621 1648; x_wconf 84' lang='grc' dir='ltr'>ἡ</span> <span class='ocrx_word' id='word_1_230' title='bbox 3653 1579 3788 1631; x_wconf 72' lang='grc' dir='ltr'>πλη·</span> 
     </span>
    </p>
   </div>
   <div class='ocr_carea' id='block_1_32' title="bbox 2221 1667 3790 1740">
    <p class='ocr_par' dir='ltr' id='par_1_32' title="bbox 2221 1667 3790 1740">
     <span class='ocr_line' id='line_1_32' title="bbox 2221 1667 3790 1740; baseline 0.004 -25"><span class='ocrx_word' id='word_1_231' title='bbox 2221 1667 2380 1731; x_wconf 82' lang='grc' dir='ltr'>γεῖσα</span> <span class='ocrx_word' id='word_1_232' title='bbox 2415 1683 2428 1694; x_wconf 90' lang='grc'><strong>·</strong></span> <span class='ocrx_word' id='word_1_233' title='bbox 2475 1667 2775 1735; x_wconf 85' lang='grc' dir='ltr'>πεποίηκεν</span> <span class='ocrx_word' id='word_1_234' title='bbox 2809 1668 2862 1719; x_wconf 81' lang='grc' dir='ltr'><strong>δὲ</strong></span> <span class='ocrx_word' id='word_1_235' title='bbox 2903 1669 3061 1722; x_wconf 79' lang='grc' dir='ltr'>τοῦτο</span> <span class='ocrx_word' id='word_1_236' title='bbox 3091 1669 3184 1720; x_wconf 68' lang='grc' dir='ltr'><strong>ἐπὶ</strong></span> <span class='ocrx_word' id='word_1_237' title='bbox 3233 1673 3379 1738; x_wconf 78' lang='grc' dir='ltr'>τρεῖς</span> <span class='ocrx_word' id='word_1_238' title='bbox 3430 1671 3666 1740; x_wconf 76' lang='grc' dir='ltr'>ἡμέρας,</span> <span class='ocrx_word' id='word_1_239' title='bbox 3701 1679 3790 1724; x_wconf 78' lang='grc' dir='ltr'>καὶ</span> 
     </span>
    </p>
   </div>
   <div class='ocr_carea' id='block_1_33' title="bbox 541 1729 2115 1832">
    <p class='ocr_par' dir='ltr' id='par_1_33' title="bbox 541 1742 2115 1816">
     <span class='ocr_line' id='line_1_33' title="bbox 541 1742 2115 1816; baseline 0.003 -19"><span class='ocrx_word' id='word_1_240' title='bbox 541 1743 716 1798; x_wconf 82' lang='lat' dir='ltr'><strong>sancti</strong></span> <span class='ocrx_word' id='word_1_241' title='bbox 769 1742 872 1796; x_wconf 82' lang='lat' dir='ltr'><strong>viri</strong></span> <span class='ocrx_word' id='word_1_242' title='bbox 928 1743 1174 1812; x_wconf 75' lang='lat' dir='ltr'><strong>depinxit</strong></span> <span class='ocrx_word' id='word_1_243' title='bbox 1220 1745 1473 1814; x_wconf 77' lang='lat' dir='ltr'><strong>clligiem.</strong></span> <span class='ocrx_word' id='word_1_244' title='bbox 1509 1755 1562 1798; x_wconf 93' lang='lat' dir='ltr'><strong>ut</strong></span> <span class='ocrx_word' id='word_1_245' title='bbox 1613 1763 1827 1812; x_wconf 89' lang='lat' dir='ltr'><strong>manus,</strong></span> <span class='ocrx_word' id='word_1_246' title='bbox 1876 1764 1996 1816; x_wconf 76' lang='lat' dir='ltr'><strong>quze</strong></span> <span class='ocrx_word' id='word_1_247' title='bbox 2027 1749 2115 1802; x_wconf 90' lang='lat' dir='ltr'><strong>be-</strong></span> 
     </span>
    </p>
   </div>
   <div class='ocr_carea' id='block_1_34' title="bbox 2217 1729 3792 1832">
    <p class='ocr_par' dir='ltr' id='par_1_34' title="bbox 2229 1729 3792 1832">
     <span class='ocr_line' id='line_1_34' title="bbox 2229 1729 3792 1832; baseline 0.003 -22"><span class='ocrx_word' id='word_1_248' title='bbox 2229 1729 2579 1826; x_wconf 65' lang='grc' dir='ltr'>απεκατὲστη</span> <span class='ocrx_word' id='word_1_249' title='bbox 2637 1729 2674 1826; x_wconf 39' lang='grc' dir='ltr'><strong>ἡ.</strong></span> <span class='ocrx_word' id='word_1_250' title='bbox 2703 1760 2820 1828; x_wconf 70' lang='grc' dir='ltr'>χεὶρ</span> <span class='ocrx_word' id='word_1_251' title='bbox 2871 1761 3032 1813; x_wconf 76' lang='grc' dir='ltr'>αὑτοῦ</span> <span class='ocrx_word' id='word_1_252' title='bbox 3111 1729 3278 1830; x_wconf 47' lang='grc' dir='ltr'>ὑγιὴς.</span> <span class='ocrx_word' id='word_1_253' title='bbox 3523 1729 3663 1829; x_wconf 59' lang='grc' dir='ltr'><strong>άλλη⁷</strong></span> <span class='ocrx_word' id='word_1_254' title='bbox 3707 1763 3792 1816; x_wconf 71' lang='grc' dir='ltr'>διὰ</span> 
     </span>
    </p>
   </div>
   <div class='ocr_carea' id='block_1_35' title="bbox 547 1837 2114 1908">
    <p class='ocr_par' dir='ltr' id='par_1_35' title="bbox 547 1837 2114 1908">
     <span class='ocr_line' id='line_1_35' title="bbox 547 1837 2114 1908; baseline 0.003 -16"><span class='ocrx_word' id='word_1_255' title='bbox 547 1837 808 1892; x_wconf 82' lang='lat' dir='ltr'><strong>neﬁcium</strong></span> <span class='ocrx_word' id='word_1_256' title='bbox 863 1839 1164 1894; x_wconf 84' lang='lat' dir='ltr'><strong>curationis</strong></span> <span class='ocrx_word' id='word_1_257' title='bbox 1219 1849 1528 1908; x_wconf 81' lang='lat' dir='ltr'><strong>acceperat,</strong></span> <span class='ocrx_word' id='word_1_258' title='bbox 1587 1858 1745 1896; x_wconf 86' lang='lat' dir='ltr'><strong>suum</strong></span> <span class='ocrx_word' id='word_1_259' title='bbox 1813 1844 2114 1897; x_wconf 87' lang='lat' dir='ltr'><strong>secundum</strong></span> 
     </span>
    </p>
   </div>
   <div class='ocr_carea' id='block_1_36' title="bbox 542 1932 2115 2007">
    <p class='ocr_par' dir='ltr' id='par_1_36' title="bbox 542 1932 2115 2007">
     <span class='ocr_line' id='line_1_36' title="bbox 542 1932 2115 2007; baseline 0.003 -21"><span class='ocrx_word' id='word_1_260' title='bbox 542 1932 712 1986; x_wconf 91' lang='lat' dir='ltr'><strong>Deum</strong></span> <span class='ocrx_word' id='word_1_261' title='bbox 749 1933 1022 1988; x_wconf 89' lang='lat' dir='ltr'><strong>medicum</strong></span> <span class='ocrx_word' id='word_1_262' title='bbox 1058 1943 1370 1990; x_wconf 76' lang='lat' dir='ltr'><strong>testaretur.</strong></span> <span class='ocrx_word' id='word_1_263' title='bbox 1415 1935 1555 1990; x_wconf 86' lang='lat' dir='ltr'><strong>lluie</strong></span> <span class='ocrx_word' id='word_1_264' title='bbox 1584 1937 1760 1990; x_wconf 84' lang='lat' dir='ltr'><strong>simile</strong></span> <span class='ocrx_word' id='word_1_265' title='bbox 1793 1936 1940 1990; x_wconf 90' lang='lat' dir='ltr'><strong>aliud</strong></span> <span class='ocrx_word' id='word_1_266' title='bbox 1975 1954 2115 2007; x_wconf 88' lang='lat' dir='ltr'><strong>quo-</strong></span> 
     </span>
    </p>
   </div>
   <div class='ocr_carea' id='block_1_37' title="bbox 541 2024 1404 2094">
    <p class='ocr_par' dir='ltr' id='par_1_37' title="bbox 541 2024 1404 2094">
     <span class='ocr_line' id='line_1_37' title="bbox 541 2024 1404 2094; baseline 0.005 -16"><span class='ocrx_word' id='word_1_267' title='bbox 541 2040 650 2094; x_wconf 89' lang='lat' dir='ltr'><strong>que</strong></span> <span class='ocrx_word' id='word_1_268' title='bbox 687 2024 891 2079; x_wconf 79' lang='lat' dir='ltr'><strong>factum</strong></span> <span class='ocrx_word' id='word_1_269' title='bbox 929 2035 1012 2080; x_wconf 89' lang='lat' dir='ltr'><strong>est</strong></span> <span class='ocrx_word' id='word_1_270' title='bbox 1057 2027 1404 2082; x_wconf 87' lang='lat' dir='ltr'><strong>miraculum.</strong></span> 
     </span>
    </p>
   </div>
   <div class='ocr_carea' id='block_1_38' title="bbox 2225 1847 3794 1924">
    <p class='ocr_par' dir='ltr' id='par_1_38' title="bbox 2225 1847 3794 1924">
     <span class='ocr_line' id='line_1_38' title="bbox 2225 1847 3794 1924; baseline 0.002 -22"><span class='ocrx_word' id='word_1_271' title='bbox 2225 1850 2324 1918; x_wconf 82' lang='grc' dir='ltr'>τῆς</span> <span class='ocrx_word' id='word_1_272' title='bbox 2345 1851 2438 1904; x_wconf 84' lang='grc' dir='ltr'><strong>τοῦ</strong></span> <span class='ocrx_word' id='word_1_273' title='bbox 2467 1851 2598 1904; x_wconf 83' lang='grc' dir='ltr'>Θεοῦ</span> <span class='ocrx_word' id='word_1_274' title='bbox 2636 1852 2908 1920; x_wconf 72' lang='grc' dir='ltr'>βοηθείας.</span> <span class='ocrx_word' id='word_1_275' title='bbox 2956 1855 3042 1904; x_wconf 85' lang='grc' dir='ltr'>Ἐν</span> <span class='ocrx_word' id='word_1_276' title='bbox 3071 1847 3115 1920; x_wconf 83' lang='grc' dir='ltr'>ᾧ</span> <span class='ocrx_word' id='word_1_277' title='bbox 3156 1855 3212 1906; x_wconf 75' lang='grc' dir='ltr'><strong>δὲ</strong></span> <span class='ocrx_word' id='word_1_278' title='bbox 3273 1855 3408 1924; x_wconf 77' lang='grc' dir='ltr'>οἴκῳ</span> <span class='ocrx_word' id='word_1_279' title='bbox 3439 1855 3536 1922; x_wconf 73' lang='grc' dir='ltr'><strong>τὴν</strong></span> <span class='ocrx_word' id='word_1_280' title='bbox 3582 1853 3794 1922; x_wconf 75' lang='grc' dir='ltr'>πληγὴν</span> 
     </span>
    </p>
   </div>
   <div class='ocr_carea' id='block_1_39' title="bbox 2229 1942 3794 2014">
    <p class='ocr_par' dir='ltr' id='par_1_39' title="bbox 2229 1942 3794 2014">
     <span class='ocr_line' id='line_1_39' title="bbox 2229 1942 3794 2014; baseline 0.001 -20"><span class='ocrx_word' id='word_1_281' title='bbox 2229 1942 2420 1995; x_wconf 72' lang='grc' dir='ltr'>ἐλαϐεν</span> <span class='ocrx_word' id='word_1_282' title='bbox 2451 1945 2480 1995; x_wconf 89' lang='lat'><strong>6</strong></span> <span class='ocrx_word' id='word_1_283' title='bbox 2537 1943 2726 2007; x_wconf 75' lang='grc' dir='ltr'>ἰαθεὶς,</span> <span class='ocrx_word' id='word_1_284' title='bbox 2761 1948 2816 1996; x_wconf 81' lang='grc' dir='ltr'><strong>ὲν</strong></span> <span class='ocrx_word' id='word_1_285' title='bbox 2851 1944 2995 2011; x_wconf 83' lang='grc' dir='ltr'>αύτῷ</span> <span class='ocrx_word' id='word_1_286' title='bbox 3024 1945 3164 2014; x_wconf 79' lang='grc' dir='ltr'>ὑπὲρ</span> <span class='ocrx_word' id='word_1_287' title='bbox 3199 1945 3547 2014; x_wconf 73' lang='grc' dir='ltr'>εὐχαριστίας</span> <span class='ocrx_word' id='word_1_288' title='bbox 3589 1946 3679 1996; x_wconf 77' lang='grc' dir='ltr'><strong>καὶ</strong></span> <span class='ocrx_word' id='word_1_289' title='bbox 3715 1947 3794 2005; x_wconf 86' lang='grc' dir='ltr'><strong>είς</strong></span> 
     </span>
    </p>
   </div>
   <div class='ocr_carea' id='block_1_40' title="bbox 2225 2033 3794 2105">
    <p class='ocr_par' dir='ltr' id='par_1_40' title="bbox 2225 2033 3794 2105">
     <span class='ocr_line' id='line_1_40' title="bbox 2225 2033 3794 2105; baseline 0 -21"><span class='ocrx_word' id='word_1_290' title='bbox 2225 2033 2534 2104; x_wconf 54' lang='grc' dir='ltr'>ὑπόμνησιν</span> <span class='ocrx_word' id='word_1_291' title='bbox 2575 2035 2670 2087; x_wconf 83' lang='grc' dir='ltr'><strong>τοῦ</strong></span> <span class='ocrx_word' id='word_1_292' title='bbox 2731 2035 3014 2103; x_wconf 77' lang='grc' dir='ltr'><strong>γεγονότος</strong></span> <span class='ocrx_word' id='word_1_293' title='bbox 3071 2035 3367 2105; x_wconf 77' lang='grc' dir='ltr'>θαύματος,</span> <span class='ocrx_word' id='word_1_294' title='bbox 3409 2035 3633 2104; x_wconf 78' lang='grc' dir='ltr'>ἔστησεν</span> <span class='ocrx_word' id='word_1_295' title='bbox 3697 2033 3794 2102; x_wconf 77' lang='grc' dir='ltr'>τὴν</span> 
     </span>
    </p>
   </div>
   <div class='ocr_carea' id='block_1_41' title="bbox 539 2114 3788 2198">
    <p class='ocr_par' dir='ltr' id='par_1_41' title="bbox 539 2114 3788 2198">
     <span class='ocr_line' id='line_1_41' title="bbox 539 2114 3788 2198; baseline 0.003 -28"><span class='ocrx_word' id='word_1_296' title='bbox 539 2118 726 2172; x_wconf 80' lang='grc' dir='ltr'>εἰκόνα</span> <span class='ocrx_word' id='word_1_297' title='bbox 755 2117 846 2172; x_wconf 89' lang='grc' dir='ltr'><strong>τοῦ</strong></span> <span class='ocrx_word' id='word_1_298' title='bbox 879 2119 1033 2186; x_wconf 84' lang='grc' dir='ltr'>ἁγίου</span> <span class='ocrx_word' id='word_1_299' title='bbox 1065 2119 1256 2189; x_wconf 77' lang='grc' dir='ltr'>ἀνδρός</span> <span class='ocrx_word' id='word_1_300' title='bbox 1283 2136 1295 2150; x_wconf 90' lang='grc'><strong>·</strong></span> <span class='ocrx_word' id='word_1_301' title='bbox 1326 2121 1394 2172; x_wconf 80' lang='grc' dir='ltr'>δι’</span> <span class='ocrx_word' id='word_1_302' title='bbox 1427 2114 1494 2192; x_wconf 79' lang='grc' dir='ltr'>ἧς</span> <span class='ocrx_word' id='word_1_303' title='bbox 1527 2120 1616 2174; x_wconf 82' lang='grc' dir='ltr'><strong>οῦν</strong></span> <span class='ocrx_word' id='word_1_304' title='bbox 1652 2123 1836 2193; x_wconf 74' lang='grc' dir='ltr'>χειρὸς</span> <span class='ocrx_word' id='word_1_305' title='bbox 1903 2123 2001 2190; x_wconf 78' lang='grc' dir='ltr'>τῆς</span> <span class='ocrx_word' id='word_1_306' title='bbox 2073 2124 2346 2192; x_wconf 79' lang='grc' dir='ltr'>σωτηρίας</span> <span class='ocrx_word' id='word_1_307' title='bbox 2417 2127 2572 2196; x_wconf 79' lang='grc' dir='ltr'>ἔτυχε</span> <span class='ocrx_word' id='word_1_308' title='bbox 2597 2163 2613 2192; x_wconf 84' lang='grc'><strong>,</strong></span> <span class='ocrx_word' id='word_1_309' title='bbox 2693 2127 2778 2180; x_wconf 77' lang='grc' dir='ltr'>διὰ</span> <span class='ocrx_word' id='word_1_310' title='bbox 2819 2126 3018 2197; x_wconf 80' lang='grc' dir='ltr'>ταύτης</span> <span class='ocrx_word' id='word_1_311' title='bbox 3049 2127 3253 2198; x_wconf 71' lang='grc' dir='ltr'>ἔγραψε</span> <span class='ocrx_word' id='word_1_312' title='bbox 3307 2128 3398 2182; x_wconf 71' lang='grc' dir='ltr'>τὸν</span> <span class='ocrx_word' id='word_1_313' title='bbox 3435 2125 3640 2198; x_wconf 79' lang='grc' dir='ltr'>ταύτης</span> <span class='ocrx_word' id='word_1_314' title='bbox 3694 2143 3788 2198; x_wconf 82' lang='grc' dir='ltr'>με·</span> 
     </span>
    </p>
   </div>
   <div class='ocr_carea' id='block_1_42' title="bbox 540 2215 2482 2288">
    <p class='ocr_par' dir='ltr' id='par_1_42' title="bbox 540 2215 2482 2288">
     <span class='ocr_line' id='line_1_42' title="bbox 540 2215 2482 2288; baseline 0.003 -21"><span class='ocrx_word' id='word_1_315' title='bbox 540 2215 610 2268; x_wconf 72' lang='grc' dir='ltr'>τὰ</span> <span class='ocrx_word' id='word_1_316' title='bbox 642 2215 774 2268; x_wconf 72' lang='grc' dir='ltr'>Θεὸν</span> <span class='ocrx_word' id='word_1_317' title='bbox 833 2215 1034 2285; x_wconf 78' lang='grc' dir='ltr'>ἰατρόν.</span> <span class='ocrx_word' id='word_1_318' title='bbox 1071 2215 1456 2284; x_wconf 78' lang='grc' dir='ltr'>Παραπλήσιον</span> <span class='ocrx_word' id='word_1_319' title='bbox 1487 2216 1542 2268; x_wconf 79' lang='grc' dir='ltr'><strong>δὲ</strong></span> <span class='ocrx_word' id='word_1_320' title='bbox 1585 2217 1758 2287; x_wconf 84' lang='grc' dir='ltr'>τούτῳ</span> <span class='ocrx_word' id='word_1_321' title='bbox 1807 2217 2032 2284; x_wconf 80' lang='grc' dir='ltr'>γέγονέν</span> <span class='ocrx_word' id='word_1_322' title='bbox 2062 2233 2113 2268; x_wconf 88' lang='grc' dir='ltr'><strong>τι</strong></span> <span class='ocrx_word' id='word_1_323' title='bbox 2154 2217 2247 2268; x_wconf 74' lang='lat' dir='ltr'><strong>xa‘t</strong></span> <span class='ocrx_word' id='word_1_324' title='bbox 2276 2217 2482 2288; x_wconf 72' lang='grc' dir='ltr'>ἕτερον.</span> 
     </span>
    </p>
   </div>
   <div class='ocr_carea' id='block_1_43' title="bbox 614 2311 2112 2380">
    <p class='ocr_par' dir='ltr' id='par_1_43' title="bbox 614 2311 2112 2380">
     <span class='ocr_line' id='line_1_43' title="bbox 614 2311 2112 2380; baseline 0.001 -16"><span class='ocrx_word' id='word_1_325' title='bbox 614 2312 700 2364; x_wconf 64' lang='lat'><strong>54.</strong></span> <span class='ocrx_word' id='word_1_326' title='bbox 743 2311 982 2366; x_wconf 82' lang='lat' dir='ltr'><strong>Puerum</strong></span> <span class='ocrx_word' id='word_1_327' title='bbox 1017 2311 1087 2364; x_wconf 89' lang='lat' dir='ltr'><strong>ab</strong></span> <span class='ocrx_word' id='word_1_328' title='bbox 1136 2311 1354 2380; x_wconf 86' lang='lat' dir='ltr'><strong>impuro</strong></span> <span class='ocrx_word' id='word_1_329' title='bbox 1405 2313 1654 2366; x_wconf 71' lang='lat' dir='ltr'><strong>diemone</strong></span> <span class='ocrx_word' id='word_1_330' title='bbox 1685 2321 1939 2366; x_wconf 79' lang='lat' dir='ltr'><strong>vexatum</strong></span> <span class='ocrx_word' id='word_1_331' title='bbox 1967 2313 2112 2367; x_wconf 80' lang='lat' dir='ltr'><strong>scul-</strong></span> 
     </span>
    </p>
   </div>
   <div class='ocr_carea' id='block_1_44' title="bbox 543 2403 2113 2475">
    <p class='ocr_par' dir='ltr' id='par_1_44' title="bbox 543 2403 2113 2475">
     <span class='ocr_line' id='line_1_44' title="bbox 543 2403 2113 2475; baseline 0.002 -19"><span class='ocrx_word' id='word_1_332' title='bbox 543 2413 668 2474; x_wconf 85' lang='lat' dir='ltr'><strong>ptor</strong></span> <span class='ocrx_word' id='word_1_333' title='bbox 707 2403 932 2473; x_wconf 82' lang='lat' dir='ltr'><strong>quidam</strong></span> <span class='ocrx_word' id='word_1_334' title='bbox 969 2403 1036 2457; x_wconf 90' lang='lat' dir='ltr'><strong>ad</strong></span> <span class='ocrx_word' id='word_1_335' title='bbox 1085 2404 1308 2457; x_wconf 89' lang='lat' dir='ltr'><strong>beatum</strong></span> <span class='ocrx_word' id='word_1_336' title='bbox 1341 2404 1522 2458; x_wconf 82' lang='lat' dir='ltr'><strong>virum</strong></span> <span class='ocrx_word' id='word_1_337' title='bbox 1575 2405 1734 2458; x_wconf 76' lang='lat' dir='ltr'><strong>duxit</strong></span> <span class='ocrx_word' id='word_1_338' title='bbox 1770 2423 1784 2457; x_wconf 91' lang='lat'><strong>:</strong></span> <span class='ocrx_word' id='word_1_339' title='bbox 1845 2405 1938 2475; x_wconf 89' lang='lat' dir='ltr'><strong>qui</strong></span> <span class='ocrx_word' id='word_1_340' title='bbox 1989 2421 2113 2460; x_wconf 90' lang='lat' dir='ltr'><strong>cum</strong></span> 
     </span>
    </p>
   </div>
   <div class='ocr_carea' id='block_1_45' title="bbox 541 2495 2115 2566">
    <p class='ocr_par' dir='ltr' id='par_1_45' title="bbox 541 2495 2115 2566">
     <span class='ocr_line' id='line_1_45' title="bbox 541 2495 2115 2566; baseline 0.001 -17"><span class='ocrx_word' id='word_1_341' title='bbox 541 2511 738 2566; x_wconf 80' lang='lat' dir='ltr'><strong>magno</strong></span> <span class='ocrx_word' id='word_1_342' title='bbox 777 2496 894 2548; x_wconf 88' lang='lat' dir='ltr'><strong>viro</strong></span> <span class='ocrx_word' id='word_1_343' title='bbox 923 2496 1170 2565; x_wconf 83' lang='lat' dir='ltr'><strong>precanti</strong></span> <span class='ocrx_word' id='word_1_344' title='bbox 1201 2495 1506 2560; x_wconf 72' lang='lat' dir='ltr'><strong>astitisset;</strong></span> <span class='ocrx_word' id='word_1_345' title='bbox 1542 2497 1838 2550; x_wconf 89' lang='lat' dir='ltr'><strong>astantium</strong></span> <span class='ocrx_word' id='word_1_346' title='bbox 1869 2495 2115 2565; x_wconf 88' lang='lat' dir='ltr'><strong>quidam,</strong></span> 
     </span>
    </p>
   </div>
   <div class='ocr_carea' id='block_1_46' title="bbox 540 2586 2110 2658">
    <p class='ocr_par' dir='ltr' id='par_1_46' title="bbox 540 2586 2110 2658">
     <span class='ocr_line' id='line_1_46' title="bbox 540 2586 2110 2658; baseline 0 -18"><span class='ocrx_word' id='word_1_347' title='bbox 540 2596 829 2658; x_wconf 86' lang='lat' dir='ltr'><strong>propterea</strong></span> <span class='ocrx_word' id='word_1_348' title='bbox 853 2587 998 2656; x_wconf 91' lang='lat' dir='ltr'><strong>quod</strong></span> <span class='ocrx_word' id='word_1_349' title='bbox 1023 2601 1159 2656; x_wconf 90' lang='lat' dir='ltr'><strong>puer</strong></span> <span class='ocrx_word' id='word_1_350' title='bbox 1179 2586 1442 2656; x_wconf 85' lang='lat' dir='ltr'><strong>parvulus</strong></span> <span class='ocrx_word' id='word_1_351' title='bbox 1463 2595 1630 2652; x_wconf 87' lang='lat' dir='ltr'><strong>esset,</strong></span> <span class='ocrx_word' id='word_1_352' title='bbox 1659 2587 1796 2641; x_wconf 85' lang='lat' dir='ltr'><strong>dixit</strong></span> <span class='ocrx_word' id='word_1_353' title='bbox 1823 2587 2110 2656; x_wconf 78' lang='lat' dir='ltr'><strong>sculptori:</strong></span> 
     </span>
    </p>
   </div>
   <div class='ocr_carea' id='block_1_47' title="bbox 540 2679 2110 2748">
    <p class='ocr_par' dir='ltr' id='par_1_47' title="bbox 540 2679 2110 2748">
     <span class='ocr_line' id='line_1_47' title="bbox 540 2679 2110 2748; baseline 0.001 -14"><span class='ocrx_word' id='word_1_354' title='bbox 540 2679 744 2734; x_wconf 79' lang='lat' dir='ltr'><strong>Attolle</strong></span> <span class='ocrx_word' id='word_1_355' title='bbox 779 2680 833 2734; x_wconf 90' lang='lat' dir='ltr'><strong>in</strong></span> <span class='ocrx_word' id='word_1_356' title='bbox 885 2681 1042 2734; x_wconf 87' lang='lat' dir='ltr'><strong>ulnas</strong></span> <span class='ocrx_word' id='word_1_357' title='bbox 1077 2694 1334 2748; x_wconf 90' lang='lat' dir='ltr'><strong>puerum,</strong></span> <span class='ocrx_word' id='word_1_358' title='bbox 1385 2689 1446 2734; x_wconf 92' lang='lat' dir='ltr'><strong>ut</strong></span> <span class='ocrx_word' id='word_1_359' title='bbox 1491 2681 1976 2736; x_wconf 80' lang='lat' dir='ltr'><strong>sanetiiicationem</strong></span> <span class='ocrx_word' id='word_1_360' title='bbox 2017 2696 2110 2735; x_wconf 92' lang='lat' dir='ltr'><strong>ac-</strong></span> 
     </span>
    </p>
   </div>
   <div class='ocr_carea' id='block_1_48' title="bbox 541 2771 2116 2842">
    <p class='ocr_par' dir='ltr' id='par_1_48' title="bbox 541 2771 2116 2842">
     <span class='ocr_line' id='line_1_48' title="bbox 541 2771 2116 2842; baseline 0.001 -18"><span class='ocrx_word' id='word_1_361' title='bbox 541 2772 730 2840; x_wconf 83' lang='lat' dir='ltr'><strong>cipiat.</strong></span> <span class='ocrx_word' id='word_1_362' title='bbox 775 2771 894 2838; x_wconf 85' lang='lat' dir='ltr'><strong>Quo</strong></span> <span class='ocrx_word' id='word_1_363' title='bbox 946 2771 1090 2826; x_wconf 81' lang='lat' dir='ltr'><strong>faelo</strong></span> <span class='ocrx_word' id='word_1_364' title='bbox 1143 2779 1198 2824; x_wconf 88' lang='lat' dir='ltr'><strong>et</strong></span> <span class='ocrx_word' id='word_1_365' title='bbox 1249 2771 1497 2826; x_wconf 80' lang='lat' dir='ltr'><strong>absoluta</strong></span> <span class='ocrx_word' id='word_1_366' title='bbox 1553 2772 1901 2842; x_wconf 85' lang='lat' dir='ltr'><strong>precatione,</strong></span> <span class='ocrx_word' id='word_1_367' title='bbox 1954 2773 2116 2828; x_wconf 89' lang='lat' dir='ltr'><strong>ambo</strong></span> 
     </span>
    </p>
   </div>
   <div class='ocr_carea' id='block_1_49' title="bbox 541 2863 2118 2934">
    <p class='ocr_par' dir='ltr' id='par_1_49' title="bbox 541 2863 2118 2934">
     <span class='ocr_line' id='line_1_49' title="bbox 541 2863 2118 2934; baseline 0.001 -16"><span class='ocrx_word' id='word_1_368' title='bbox 541 2863 939 2918; x_wconf 85' lang='lat' dir='ltr'><strong>discesserunt.</strong></span> <span class='ocrx_word' id='word_1_369' title='bbox 985 2863 1258 2917; x_wconf 85' lang='lat' dir='ltr'><strong>Postridie</strong></span> <span class='ocrx_word' id='word_1_370' title='bbox 1301 2863 1549 2933; x_wconf 85' lang='lat' dir='ltr'><strong>sculptor</strong></span> <span class='ocrx_word' id='word_1_371' title='bbox 1595 2865 1766 2928; x_wconf 76' lang='lat' dir='ltr'><strong>venit,</strong></span> <span class='ocrx_word' id='word_1_372' title='bbox 1817 2865 2010 2934; x_wconf 83' lang='lat' dir='ltr'><strong>lugens</strong></span> <span class='ocrx_word' id='word_1_373' title='bbox 2055 2879 2118 2919; x_wconf 90' lang='lat' dir='ltr'><strong>ac</strong></span> 
     </span>
    </p>
   </div>
   <div class='ocr_carea' id='block_1_50' title="bbox 541 2952 2116 3022">
    <p class='ocr_par' dir='ltr' id='par_1_50' title="bbox 541 2952 2116 3022">
     <span class='ocr_line' id='line_1_50' title="bbox 541 2952 2116 3022; baseline -0.001 -14"><span class='ocrx_word' id='word_1_374' title='bbox 541 2955 754 3016; x_wconf 83' lang='lat' dir='ltr'><strong>dolens,</strong></span> <span class='ocrx_word' id='word_1_375' title='bbox 789 2953 934 3022; x_wconf 86' lang='lat' dir='ltr'><strong>quod</strong></span> <span class='ocrx_word' id='word_1_376' title='bbox 965 2952 1269 3006; x_wconf 88' lang='lat' dir='ltr'><strong>cruciatum</strong></span> <span class='ocrx_word' id='word_1_377' title='bbox 1296 2968 1491 3008; x_wconf 88' lang='lat' dir='ltr'><strong>manus</strong></span> <span class='ocrx_word' id='word_1_378' title='bbox 1524 2969 1636 3007; x_wconf 69' lang='lat' dir='ltr'><strong>sum</strong></span> <span class='ocrx_word' id='word_1_379' title='bbox 1667 2953 1809 3007; x_wconf 80' lang='lat' dir='ltr'><strong>ferre</strong></span> <span class='ocrx_word' id='word_1_380' title='bbox 1841 2969 1950 3006; x_wconf 90' lang='lat' dir='ltr'><strong>non</strong></span> <span class='ocrx_word' id='word_1_381' title='bbox 1989 2967 2116 3022; x_wconf 87' lang='lat' dir='ltr'><strong>pos-</strong></span> 
     </span>
    </p>
   </div>
   <div class='ocr_carea' id='block_1_51' title="bbox 539 3044 2116 3114">
    <p class='ocr_par' dir='ltr' id='par_1_51' title="bbox 539 3044 2116 3114">
     <span class='ocr_line' id='line_1_51' title="bbox 539 3044 2116 3114; baseline -0.001 -14"><span class='ocrx_word' id='word_1_382' title='bbox 539 3055 646 3100; x_wconf 87' lang='lat' dir='ltr'><strong>set.</strong></span> <span class='ocrx_word' id='word_1_383' title='bbox 674 3046 921 3114; x_wconf 81' lang='lat' dir='ltr'><strong>Cumque</strong></span> <span class='ocrx_word' id='word_1_384' title='bbox 953 3060 1020 3098; x_wconf 71' lang='lat' dir='ltr'><strong>ex</strong></span> <span class='ocrx_word' id='word_1_385' title='bbox 1043 3058 1111 3096; x_wconf 89' lang='lat' dir='ltr'><strong>eo</strong></span> <span class='ocrx_word' id='word_1_386' title='bbox 1151 3052 1514 3112; x_wconf 73' lang='lat' dir='ltr'><strong>quzererctur,</strong></span> <span class='ocrx_word' id='word_1_387' title='bbox 1551 3044 1682 3113; x_wconf 86' lang='lat' dir='ltr'><strong>quid</strong></span> <span class='ocrx_word' id='word_1_388' title='bbox 1719 3045 1952 3114; x_wconf 74' lang='lat' dir='ltr'><strong>lugeret,</strong></span> <span class='ocrx_word' id='word_1_389' title='bbox 1983 3045 2116 3114; x_wconf 86' lang='lat' dir='ltr'><strong>quid</strong></span> 
     </span>
    </p>
   </div>
   <div class='ocr_carea' id='block_1_52' title="bbox 541 3135 2118 3204">
    <p class='ocr_par' dir='ltr' id='par_1_52' title="bbox 541 3135 2118 3204">
     <span class='ocr_line' id='line_1_52' title="bbox 541 3135 2118 3204; baseline -0.001 -12"><span class='ocrx_word' id='word_1_390' title='bbox 541 3137 808 3192; x_wconf 84' lang='lat' dir='ltr'><strong>haberet?</strong></span> <span class='ocrx_word' id='word_1_391' title='bbox 855 3137 1174 3204; x_wconf 63' lang='lat' dir='ltr'><strong>POstquam,</strong></span> <span class='ocrx_word' id='word_1_392' title='bbox 1207 3135 1408 3204; x_wconf 88' lang='lat' dir='ltr'><strong>inquit,</strong></span> <span class='ocrx_word' id='word_1_393' title='bbox 1435 3151 1668 3204; x_wconf 90' lang='lat' dir='ltr'><strong>puerum</strong></span> <span class='ocrx_word' id='word_1_394' title='bbox 1709 3137 1882 3200; x_wconf 87' lang='lat' dir='ltr'><strong>tenui,</strong></span> <span class='ocrx_word' id='word_1_395' title='bbox 1923 3153 2118 3190; x_wconf 90' lang='lat' dir='ltr'><strong>manus</strong></span> 
     </span>
    </p>
   </div>
   <div class='ocr_carea' id='block_1_53' title="bbox 541 3225 2115 3296">
    <p class='ocr_par' dir='ltr' id='par_1_53' title="bbox 541 3225 2115 3296">
     <span class='ocr_line' id='line_1_53' title="bbox 541 3225 2115 3296; baseline -0.001 -13"><span class='ocrx_word' id='word_1_396' title='bbox 541 3245 666 3283; x_wconf 87' lang='lat' dir='ltr'><strong>mea</strong></span> <span class='ocrx_word' id='word_1_397' title='bbox 711 3225 876 3296; x_wconf 82' lang='lat' dir='ltr'><strong>co-pit</strong></span> <span class='ocrx_word' id='word_1_398' title='bbox 926 3226 1235 3280; x_wconf 88' lang='lat' dir='ltr'><strong>incredibili</strong></span> <span class='ocrx_word' id='word_1_399' title='bbox 1284 3226 1474 3280; x_wconf 89' lang='lat' dir='ltr'><strong>dolore</strong></span> <span class='ocrx_word' id='word_1_400' title='bbox 1531 3229 1773 3296; x_wconf 87' lang='lat' dir='ltr'><strong>torqueri</strong></span> <span class='ocrx_word' id='word_1_401' title='bbox 1837 3245 1850 3280; x_wconf 89' lang='lat'><strong>:</strong></span> <span class='ocrx_word' id='word_1_402' title='bbox 1903 3227 2115 3282; x_wconf 75' lang='lat' dir='ltr'><strong>dannon</strong></span> 
     </span>
    </p>
   </div>
   <div class='ocr_carea' id='block_1_54' title="bbox 539 3317 2120 3388">
    <p class='ocr_par' dir='ltr' id='par_1_54' title="bbox 539 3317 2120 3388">
     <span class='ocr_line' id='line_1_54' title="bbox 539 3317 2120 3388; baseline -0.001 -14"><span class='ocrx_word' id='word_1_403' title='bbox 539 3321 714 3382; x_wconf 86' lang='lat' dir='ltr'><strong>enim.</strong></span> <span class='ocrx_word' id='word_1_404' title='bbox 767 3320 962 3373; x_wconf 90' lang='lat' dir='ltr'><strong>relicto</strong></span> <span class='ocrx_word' id='word_1_405' title='bbox 1017 3332 1210 3388; x_wconf 87' lang='lat' dir='ltr'><strong>puero,</strong></span> <span class='ocrx_word' id='word_1_406' title='bbox 1267 3317 1402 3370; x_wconf 84' lang='lat' dir='ltr'><strong>milii</strong></span> <span class='ocrx_word' id='word_1_407' title='bbox 1453 3317 1720 3383; x_wconf 78' lang='lat' dir='ltr'><strong>adlnesit;</strong></span> <span class='ocrx_word' id='word_1_408' title='bbox 1767 3327 1824 3372; x_wconf 91' lang='lat' dir='ltr'><strong>et</strong></span> <span class='ocrx_word' id='word_1_409' title='bbox 1853 3319 1943 3374; x_wconf 90' lang='lat' dir='ltr'><strong>ille</strong></span> <span class='ocrx_word' id='word_1_410' title='bbox 1997 3319 2120 3388; x_wconf 86' lang='lat' dir='ltr'><strong>qui-</strong></span> 
     </span>
    </p>
   </div>
   <div class='ocr_carea' id='block_1_55' title="bbox 541 3408 2114 3480">
    <p class='ocr_par' dir='ltr' id='par_1_55' title="bbox 541 3408 2114 3480">
     <span class='ocr_line' id='line_1_55' title="bbox 541 3408 2114 3480; baseline -0.001 -14"><span class='ocrx_word' id='word_1_411' title='bbox 541 3412 668 3466; x_wconf 85' lang='lat' dir='ltr'><strong>dem</strong></span> <span class='ocrx_word' id='word_1_412' title='bbox 703 3417 929 3466; x_wconf 85' lang='lat' dir='ltr'><strong>curatus</strong></span> <span class='ocrx_word' id='word_1_413' title='bbox 971 3419 1078 3474; x_wconf 89' lang='lat' dir='ltr'><strong>est,</strong></span> <span class='ocrx_word' id='word_1_414' title='bbox 1113 3425 1216 3480; x_wconf 74' lang='lat' dir='ltr'><strong>ego</strong></span> <span class='ocrx_word' id='word_1_415' title='bbox 1260 3420 1442 3462; x_wconf 88' lang='lat' dir='ltr'><strong>autem</strong></span> <span class='ocrx_word' id='word_1_416' title='bbox 1475 3408 1528 3462; x_wconf 91' lang='lat' dir='ltr'><strong>in</strong></span> <span class='ocrx_word' id='word_1_417' title='bbox 1563 3409 1884 3464; x_wconf 89' lang='lat' dir='ltr'><strong>discrimine</strong></span> <span class='ocrx_word' id='word_1_418' title='bbox 1905 3425 2114 3464; x_wconf 77' lang='lat' dir='ltr'><strong>versor.</strong></span> 
     </span>
    </p>
   </div>
   <div class='ocr_carea' id='block_1_56' title="bbox 547 3499 2116 3566">
    <p class='ocr_par' dir='ltr' id='par_1_56' title="bbox 547 3499 2116 3566">
     <span class='ocr_line' id='line_1_56' title="bbox 547 3499 2116 3566; baseline -0.001 -10"><span class='ocrx_word' id='word_1_419' title='bbox 547 3501 643 3557; x_wconf 87' lang='lat' dir='ltr'><strong>llis</strong></span> <span class='ocrx_word' id='word_1_420' title='bbox 685 3501 890 3556; x_wconf 85' lang='lat' dir='ltr'><strong>auditis</strong></span> <span class='ocrx_word' id='word_1_421' title='bbox 919 3499 1217 3555; x_wconf 83' lang='lat' dir='ltr'><strong>subridens</strong></span> <span class='ocrx_word' id='word_1_422' title='bbox 1269 3500 1354 3553; x_wconf 82' lang='lat' dir='ltr'><strong>vir</strong></span> <span class='ocrx_word' id='word_1_423' title='bbox 1403 3500 1616 3566; x_wconf 85' lang='lat' dir='ltr'><strong>beatus,</strong></span> <span class='ocrx_word' id='word_1_424' title='bbox 1649 3501 1951 3556; x_wconf 66' lang='lat' dir='ltr'><strong>daemonem</strong></span> <span class='ocrx_word' id='word_1_425' title='bbox 1991 3501 2116 3555; x_wconf 88' lang='lat' dir='ltr'><strong>talia</strong></span> 
     </span>
    </p>
   </div>
   <div class='ocr_carea' id='block_1_57' title="bbox 545 3593 2114 3663">
    <p class='ocr_par' dir='ltr' id='par_1_57' title="bbox 545 3593 2114 3663">
     <span class='ocr_line' id='line_1_57' title="bbox 545 3593 2114 3663; baseline 0 -17"><span class='ocrx_word' id='word_1_426' title='bbox 545 3593 839 3647; x_wconf 78' lang='lat' dir='ltr'><strong>facientem</strong></span> <span class='ocrx_word' id='word_1_427' title='bbox 874 3593 1230 3660; x_wconf 83' lang='lat' dir='ltr'><strong>contempsit,</strong></span> <span class='ocrx_word' id='word_1_428' title='bbox 1263 3601 1319 3648; x_wconf 91' lang='lat' dir='ltr'><strong>et</strong></span> <span class='ocrx_word' id='word_1_429' title='bbox 1347 3607 1450 3662; x_wconf 88' lang='lat' dir='ltr'><strong>pro</strong></span> <span class='ocrx_word' id='word_1_430' title='bbox 1475 3593 1678 3646; x_wconf 87' lang='lat' dir='ltr'><strong>misero</strong></span> <span class='ocrx_word' id='word_1_431' title='bbox 1709 3593 1802 3647; x_wconf 90' lang='lat' dir='ltr'><strong>illo</strong></span> <span class='ocrx_word' id='word_1_432' title='bbox 1839 3601 2114 3663; x_wconf 84' lang='lat' dir='ltr'><strong>precatus,</strong></span> 
     </span>
    </p>
   </div>
   <div class='ocr_carea' id='block_1_58' title="bbox 543 3683 2115 3754">
    <p class='ocr_par' dir='ltr' id='par_1_58' title="bbox 543 3683 2115 3754">
     <span class='ocr_line' id='line_1_58' title="bbox 543 3683 2115 3754; baseline 0 -16"><span class='ocrx_word' id='word_1_433' title='bbox 543 3685 801 3740; x_wconf 82' lang='lat' dir='ltr'><strong>liberavit</strong></span> <span class='ocrx_word' id='word_1_434' title='bbox 845 3699 1012 3748; x_wconf 88' lang='lat' dir='ltr'><strong>eum;</strong></span> <span class='ocrx_word' id='word_1_435' title='bbox 1048 3683 1188 3738; x_wconf 89' lang='lat' dir='ltr'><strong>nihil</strong></span> <span class='ocrx_word' id='word_1_436' title='bbox 1237 3683 1384 3738; x_wconf 90' lang='lat' dir='ltr'><strong>aliud</strong></span> <span class='ocrx_word' id='word_1_437' title='bbox 1431 3683 1740 3742; x_wconf 78' lang='lat' dir='ltr'><strong>faciendum</strong></span> <span class='ocrx_word' id='word_1_438' title='bbox 1773 3684 2115 3754; x_wconf 71' lang='lat' dir='ltr'><strong>prmcipiens,</strong></span> 
     </span>
    </p>
   </div>
   <div class='ocr_carea' id='block_1_59' title="bbox 543 3773 2118 3844">
    <p class='ocr_par' dir='ltr' id='par_1_59' title="bbox 543 3773 2118 3844">
     <span class='ocr_line' id='line_1_59' title="bbox 543 3773 2118 3844; baseline 0.001 -18"><span class='ocrx_word' id='word_1_439' title='bbox 543 3774 648 3826; x_wconf 88' lang='lat' dir='ltr'><strong>nisi</strong></span> <span class='ocrx_word' id='word_1_440' title='bbox 699 3783 758 3828; x_wconf 94' lang='lat' dir='ltr'><strong>ut</strong></span> <span class='ocrx_word' id='word_1_441' title='bbox 809 3773 1228 3842; x_wconf 67' lang='lat' dir='ltr'><strong>precationibus</strong></span> <span class='ocrx_word' id='word_1_442' title='bbox 1254 3773 1618 3828; x_wconf 87' lang='lat' dir='ltr'><strong>incumberet.</strong></span> <span class='ocrx_word' id='word_1_443' title='bbox 1651 3775 1720 3827; x_wconf 83' lang='lat' dir='ltr'><strong>At</strong></span> <span class='ocrx_word' id='word_1_444' title='bbox 1753 3775 1844 3828; x_wconf 91' lang='lat' dir='ltr'><strong>ille</strong></span> <span class='ocrx_word' id='word_1_445' title='bbox 1869 3775 2118 3844; x_wconf 75' lang='lat' dir='ltr'><strong>neglecto</strong></span> 
     </span>
    </p>
   </div>
   <div class='ocr_carea' id='block_1_60' title="bbox 541 3863 2118 3932">
    <p class='ocr_par' dir='ltr' id='par_1_60' title="bbox 541 3863 2118 3932">
     <span class='ocr_line' id='line_1_60' title="bbox 541 3863 2118 3932; baseline 0.001 -15"><span class='ocrx_word' id='word_1_446' title='bbox 541 3863 644 3918; x_wconf 82' lang='lat' dir='ltr'><strong>viri</strong></span> <span class='ocrx_word' id='word_1_447' title='bbox 683 3866 774 3920; x_wconf 90' lang='lat' dir='ltr'><strong>Dei</strong></span> <span class='ocrx_word' id='word_1_448' title='bbox 821 3865 1098 3930; x_wconf 87' lang='lat' dir='ltr'><strong>mandato,</strong></span> <span class='ocrx_word' id='word_1_449' title='bbox 1138 3873 1518 3932; x_wconf 87' lang='lat' dir='ltr'><strong>tumoremque</strong></span> <span class='ocrx_word' id='word_1_450' title='bbox 1547 3873 1602 3918; x_wconf 90' lang='lat' dir='ltr'><strong>et</strong></span> <span class='ocrx_word' id='word_1_451' title='bbox 1641 3865 1892 3918; x_wconf 88' lang='lat' dir='ltr'><strong>ardorem</strong></span> <span class='ocrx_word' id='word_1_452' title='bbox 1925 3881 2118 3919; x_wconf 85' lang='lat' dir='ltr'><strong>manus</strong></span> 
     </span>
    </p>
   </div>
   <div class='ocr_carea' id='block_1_61' title="bbox 544 3953 2118 4024">
    <p class='ocr_par' dir='ltr' id='par_1_61' title="bbox 544 3953 2118 4024">
     <span class='ocr_line' id='line_1_61' title="bbox 544 3953 2118 4024; baseline -0.001 -15"><span class='ocrx_word' id='word_1_453' title='bbox 544 3956 762 4018; x_wconf 82' lang='lat' dir='ltr'><strong>timens,</strong></span> <span class='ocrx_word' id='word_1_454' title='bbox 809 3956 874 4009; x_wconf 90' lang='lat' dir='ltr'><strong>ad</strong></span> <span class='ocrx_word' id='word_1_455' title='bbox 925 3955 1168 4010; x_wconf 89' lang='lat' dir='ltr'><strong>medicos</strong></span> <span class='ocrx_word' id='word_1_456' title='bbox 1197 3953 1460 4022; x_wconf 77' lang='lat' dir='ltr'><strong>confugit,</strong></span> <span class='ocrx_word' id='word_1_457' title='bbox 1499 3963 1558 4006; x_wconf 91' lang='lat' dir='ltr'><strong>ut</strong></span> <span class='ocrx_word' id='word_1_458' title='bbox 1591 3955 1846 4024; x_wconf 88' lang='lat' dir='ltr'><strong>impleret</strong></span> <span class='ocrx_word' id='word_1_459' title='bbox 1886 3955 1936 4007; x_wconf 90' lang='lat' dir='ltr'><strong>id</strong></span> <span class='ocrx_word' id='word_1_460' title='bbox 1971 3953 2118 4022; x_wconf 90' lang='lat' dir='ltr'><strong>quod</strong></span> 
     </span>
    </p>
   </div>
   <div class='ocr_carea' id='block_1_62' title="bbox 541 4045 2118 4116">
    <p class='ocr_par' dir='ltr' id='par_1_62' title="bbox 541 4045 2118 4116">
     <span class='ocr_line' id='line_1_62' title="bbox 541 4045 2118 4116; baseline 0.001 -18"><span class='ocrx_word' id='word_1_461' title='bbox 541 4047 806 4116; x_wconf 75' lang='lat' dir='ltr'><strong>scriptum</strong></span> <span class='ocrx_word' id='word_1_462' title='bbox 850 4056 932 4101; x_wconf 80' lang='lat' dir='ltr'><strong>est</strong></span> <span class='ocrx_word' id='word_1_463' title='bbox 978 4065 990 4100; x_wconf 85' lang='lat'><strong>:</strong></span> <span class='ocrx_word' id='word_1_464' title='bbox 1033 4067 1048 4096; x_wconf 76' lang='grc' dir='ltr'><strong>ι</strong></span> <span class='ocrx_word' id='word_1_465' title='bbox 1101 4045 1200 4111; x_wconf 86' lang='lat' dir='ltr'><strong>Qui</strong></span> <span class='ocrx_word' id='word_1_466' title='bbox 1246 4046 1520 4116; x_wconf 70' lang='lat' dir='ltr'><strong>delinquit</strong></span> <span class='ocrx_word' id='word_1_467' title='bbox 1565 4048 1618 4100; x_wconf 87' lang='lat' dir='ltr'><strong>in</strong></span> <span class='ocrx_word' id='word_1_468' title='bbox 1667 4057 1962 4114; x_wconf 86' lang='lat' dir='ltr'><strong>conspectu</strong></span> <span class='ocrx_word' id='word_1_469' title='bbox 1999 4047 2118 4116; x_wconf 85' lang='lat' dir='ltr'><strong>ejus</strong></span> 
     </span>
    </p>
   </div>
   <div class='ocr_carea' id='block_1_63' title="bbox 539 4137 2118 4208">
    <p class='ocr_par' dir='ltr' id='par_1_63' title="bbox 539 4137 2118 4208">
     <span class='ocr_line' id='line_1_63' title="bbox 539 4137 2118 4208; baseline 0.001 -18"><span class='ocrx_word' id='word_1_470' title='bbox 539 4139 635 4208; x_wconf 83' lang='lat' dir='ltr'><strong>qui</strong></span> <span class='ocrx_word' id='word_1_471' title='bbox 685 4139 814 4193; x_wconf 79' lang='lat' dir='ltr'><strong>fecit</strong></span> <span class='ocrx_word' id='word_1_472' title='bbox 846 4149 996 4204; x_wconf 82' lang='lat' dir='ltr'><strong>enm,</strong></span> <span class='ocrx_word' id='word_1_473' title='bbox 1029 4137 1235 4192; x_wconf 88' lang='lat' dir='ltr'><strong>incidet</strong></span> <span class='ocrx_word' id='word_1_474' title='bbox 1281 4139 1335 4191; x_wconf 91' lang='lat' dir='ltr'><strong>in</strong></span> <span class='ocrx_word' id='word_1_475' title='bbox 1369 4154 1565 4192; x_wconf 87' lang='lat' dir='ltr'><strong>manus</strong></span> <span class='ocrx_word' id='word_1_476' title='bbox 1600 4139 1796 4192; x_wconf 89' lang='lat' dir='ltr'><strong>medici</strong></span> <span class='ocrx_word' id='word_1_477' title='bbox 1829 4139 1873 4169; x_wconf 77' lang='lat'>“</span> <span class='ocrx_word' id='word_1_478' title='bbox 1901 4155 1914 4204; x_wconf 91' lang='lat'><strong>;</strong></span> <span class='ocrx_word' id='word_1_479' title='bbox 1945 4157 1963 4190; x_wconf 76' lang='grc' dir='ltr'>ι</span> <span class='ocrx_word' id='word_1_480' title='bbox 1999 4145 2118 4192; x_wconf 87' lang='lat' dir='ltr'><strong>erat</strong></span> 
     </span>
    </p>
   </div>
   <div class='ocr_carea' id='block_1_64' title="bbox 540 4229 2114 4300">
    <p class='ocr_par' dir='ltr' id='par_1_64' title="bbox 540 4229 2114 4300">
     <span class='ocr_line' id='line_1_64' title="bbox 540 4229 2114 4300; baseline 0 -17"><span class='ocrx_word' id='word_1_481' title='bbox 540 4231 688 4283; x_wconf 90' lang='lat' dir='ltr'><strong>enim</strong></span> <span class='ocrx_word' id='word_1_482' title='bbox 729 4247 950 4284; x_wconf 85' lang='lat' dir='ltr'><strong>manum</strong></span> <span class='ocrx_word' id='word_1_483' title='bbox 977 4245 1130 4284; x_wconf 83' lang='lat' dir='ltr'><strong>suam</strong></span> <span class='ocrx_word' id='word_1_484' title='bbox 1161 4229 1504 4298; x_wconf 88' lang='lat' dir='ltr'><strong>perditurus.</strong></span> <span class='ocrx_word' id='word_1_485' title='bbox 1541 4232 1748 4300; x_wconf 76' lang='lat' dir='ltr'><strong>lzaque,</strong></span> <span class='ocrx_word' id='word_1_486' title='bbox 1781 4247 1904 4284; x_wconf 86' lang='lat' dir='ltr'><strong>eum</strong></span> <span class='ocrx_word' id='word_1_487' title='bbox 1933 4230 2114 4284; x_wconf 88' lang='lat' dir='ltr'><strong>omnia</strong></span> 
     </span>
    </p>
   </div>
   <div class='ocr_carea' id='block_1_65' title="bbox 541 4313 2115 4398">
    <p class='ocr_par' dir='ltr' id='par_1_65' title="bbox 541 4323 2112 4391">
     <span class='ocr_line' id='line_1_65' title="bbox 541 4323 2112 4391; baseline -0.001 -13"><span class='ocrx_word' id='word_1_488' title='bbox 541 4325 596 4378; x_wconf 88' lang='lat' dir='ltr'><strong>in</strong></span> <span class='ocrx_word' id='word_1_489' title='bbox 639 4323 881 4378; x_wconf 88' lang='lat' dir='ltr'><strong>medicos</strong></span> <span class='ocrx_word' id='word_1_490' title='bbox 930 4337 1264 4378; x_wconf 90' lang='lat' dir='ltr'><strong>consumens</strong></span> <span class='ocrx_word' id='word_1_491' title='bbox 1307 4333 1362 4378; x_wconf 89' lang='lat' dir='ltr'><strong>et</strong></span> <span class='ocrx_word' id='word_1_492' title='bbox 1421 4339 1518 4391; x_wconf 89' lang='lat' dir='ltr'><strong>per</strong></span> <span class='ocrx_word' id='word_1_493' title='bbox 1579 4324 1770 4376; x_wconf 74' lang='lat' dir='ltr'><strong>balnea</strong></span> <span class='ocrx_word' id='word_1_494' title='bbox 1827 4323 2112 4387; x_wconf 86' lang='lat' dir='ltr'><strong>oberrans,</strong></span> 
     </span>
    </p>
   </div>
   <div class='ocr_carea' id='block_1_66' title="bbox 2217 4313 2672 4398">
    <p class='ocr_par' dir='ltr' id='par_1_66' title="bbox 2223 4325 2672 4398">
     <span class='ocr_line' id='line_1_66' title="bbox 2223 4325 2672 4398; baseline -0.011 -17"><span class='ocrx_word' id='word_1_495' title='bbox 2223 4333 2406 4398; x_wconf 81' lang='grc' dir='ltr'>χεῖρας</span> <span class='ocrx_word' id='word_1_496' title='bbox 2439 4325 2622 4396; x_wconf 77' lang='grc' dir='ltr'>ἰατροῦ</span> <span class='ocrx_word' id='word_1_497' title='bbox 2661 4343 2672 4354; x_wconf 88' lang='grc'>·</span> 
     </span>
    </p>
   </div>
   <div class='ocr_carea' id='block_1_67' title="bbox 541 4414 2112 4484">
    <p class='ocr_par' dir='ltr' id='par_1_67' title="bbox 541 4414 2112 4484">
     <span class='ocr_line' id='line_1_67' title="bbox 541 4414 2112 4484; baseline 0 -16"><span class='ocrx_word' id='word_1_498' title='bbox 541 4415 678 4468; x_wconf 83' lang='lat' dir='ltr'><strong>nihil</strong></span> <span class='ocrx_word' id='word_1_499' title='bbox 713 4415 1014 4484; x_wconf 85' lang='lat' dir='ltr'><strong>adjumenti</strong></span> <span class='ocrx_word' id='word_1_500' title='bbox 1076 4415 1406 4484; x_wconf 88' lang='lat' dir='ltr'><strong>perciperet,</strong></span> <span class='ocrx_word' id='word_1_501' title='bbox 1457 4415 1550 4468; x_wconf 90' lang='lat' dir='ltr'><strong>sed</strong></span> <span class='ocrx_word' id='word_1_502' title='bbox 1595 4414 1767 4484; x_wconf 81' lang='lat' dir='ltr'><strong>magis</strong></span> <span class='ocrx_word' id='word_1_503' title='bbox 1799 4415 2112 4480; x_wconf 84' lang='lat' dir='ltr'><strong>laboraret;</strong></span> 
     </span>
    </p>
   </div>
   <div class='ocr_carea' id='block_1_68' title="bbox 543 4507 2118 4576">
    <p class='ocr_par' dir='ltr' id='par_1_68' title="bbox 543 4507 2118 4576">
     <span class='ocr_line' id='line_1_68' title="bbox 543 4507 2118 4576; baseline 0 -16"><span class='ocrx_word' id='word_1_504' title='bbox 543 4523 762 4560; x_wconf 84' lang='lat' dir='ltr'><strong>rursum</strong></span> <span class='ocrx_word' id='word_1_505' title='bbox 787 4507 1018 4560; x_wconf 87' lang='lat' dir='ltr'><strong>accessit</strong></span> <span class='ocrx_word' id='word_1_506' title='bbox 1048 4507 1114 4560; x_wconf 90' lang='lat' dir='ltr'><strong>ad</strong></span> <span class='ocrx_word' id='word_1_507' title='bbox 1147 4507 1418 4562; x_wconf 90' lang='lat' dir='ltr'><strong>medicum</strong></span> <span class='ocrx_word' id='word_1_508' title='bbox 1455 4507 1547 4576; x_wconf 90' lang='lat' dir='ltr'><strong>qui</strong></span> <span class='ocrx_word' id='word_1_509' title='bbox 1574 4517 1856 4576; x_wconf 78' lang='lat' dir='ltr'><strong>argentum</strong></span> <span class='ocrx_word' id='word_1_510' title='bbox 1891 4522 2000 4559; x_wconf 91' lang='lat' dir='ltr'><strong>non</strong></span> <span class='ocrx_word' id='word_1_511' title='bbox 2027 4523 2118 4560; x_wconf 90' lang='lat' dir='ltr'><strong>re-</strong></span> 
     </span>
    </p>
   </div>
   <div class='ocr_carea' id='block_1_69' title="bbox 538 4597 2144 4668">
    <p class='ocr_par' dir='ltr' id='par_1_69' title="bbox 538 4597 2144 4668">
     <span class='ocr_line' id='line_1_69' title="bbox 538 4597 2144 4668; baseline 0.001 -17"><span class='ocrx_word' id='word_1_512' title='bbox 538 4598 807 4668; x_wconf 87' lang='lat' dir='ltr'><strong>quireret,</strong></span> <span class='ocrx_word' id='word_1_513' title='bbox 841 4599 935 4652; x_wconf 88' lang='lat' dir='ltr'><strong>sed</strong></span> <span class='ocrx_word' id='word_1_514' title='bbox 966 4599 1133 4668; x_wconf 79' lang='lat' dir='ltr'><strong>gratis</strong></span> <span class='ocrx_word' id='word_1_515' title='bbox 1160 4615 1382 4668; x_wconf 88' lang='lat' dir='ltr'><strong>operam</strong></span> <span class='ocrx_word' id='word_1_516' title='bbox 1419 4599 1814 4668; x_wconf 90' lang='lat' dir='ltr'><strong>impcrtiretur.</strong></span> <span class='ocrx_word' id='word_1_517' title='bbox 1847 4597 1950 4664; x_wconf 86' lang='lat' dir='ltr'><strong>Qui</strong></span> <span class='ocrx_word' id='word_1_518' title='bbox 1979 4599 2144 4653; x_wconf 64' lang='lat' dir='ltr'><strong>niliil&#39;</strong></span> 
     </span>
    </p>
   </div>
   <div class='ocr_carea' id='block_1_70' title="bbox 541 4691 2118 4758">
    <p class='ocr_par' dir='ltr' id='par_1_70' title="bbox 541 4691 2118 4758">
     <span class='ocr_line' id='line_1_70' title="bbox 541 4691 2118 4758; baseline 0.001 -14"><span class='ocrx_word' id='word_1_519' title='bbox 541 4701 790 4746; x_wconf 80' lang='lat' dir='ltr'><strong>moratus</strong></span> <span class='ocrx_word' id='word_1_520' title='bbox 822 4701 916 4745; x_wconf 91' lang='lat' dir='ltr'><strong>aut</strong></span> <span class='ocrx_word' id='word_1_521' title='bbox 963 4692 1243 4758; x_wconf 71' lang='lat' dir='ltr'><strong>haesitans,</strong></span> <span class='ocrx_word' id='word_1_522' title='bbox 1281 4693 1452 4747; x_wconf 89' lang='lat' dir='ltr'><strong>Deum</strong></span> <span class='ocrx_word' id='word_1_523' title='bbox 1491 4691 1906 4746; x_wconf 84' lang='lat' dir='ltr'><strong>misericordem</strong></span> <span class='ocrx_word' id='word_1_524' title='bbox 1954 4693 2118 4746; x_wconf 81' lang='lat' dir='ltr'><strong>obsc-</strong></span> 
     </span>
    </p>
   </div>
   <div class='ocr_carea' id='block_1_71' title="bbox 539 4779 2116 4848">
    <p class='ocr_par' dir='ltr' id='par_1_71' title="bbox 539 4779 2116 4848">
     <span class='ocr_line' id='line_1_71' title="bbox 539 4779 2116 4848; baseline 0.001 -15"><span class='ocrx_word' id='word_1_525' title='bbox 539 4779 714 4833; x_wconf 83' lang='lat' dir='ltr'><strong>cravit</strong></span> <span class='ocrx_word' id='word_1_526' title='bbox 759 4789 818 4832; x_wconf 90' lang='lat' dir='ltr'><strong>ut</strong></span> <span class='ocrx_word' id='word_1_527' title='bbox 841 4779 1172 4834; x_wconf 87' lang='lat' dir='ltr'><strong>liberaretur</strong></span> <span class='ocrx_word' id='word_1_528' title='bbox 1215 4798 1227 4832; x_wconf 92' lang='lat'>:</span> <span class='ocrx_word' id='word_1_529' title='bbox 1265 4779 1410 4848; x_wconf 92' lang='lat' dir='ltr'><strong>quod</strong></span> <span class='ocrx_word' id='word_1_530' title='bbox 1439 4789 1492 4834; x_wconf 90' lang='lat' dir='ltr'><strong>et</strong></span> <span class='ocrx_word' id='word_1_531' title='bbox 1526 4779 1788 4833; x_wconf 89' lang='lat' dir='ltr'><strong>obtinuit.</strong></span> <span class='ocrx_word' id='word_1_532' title='bbox 1819 4780 1912 4834; x_wconf 92' lang='lat' dir='ltr'><strong>Ille</strong></span> <span class='ocrx_word' id='word_1_533' title='bbox 1935 4789 2116 4834; x_wconf 90' lang='lat' dir='ltr'><strong>autem</strong></span> 
     </span>
    </p>
   </div>
   <div class='ocr_carea' id='block_1_72' title="bbox 539 4869 2116 4940">
    <p class='ocr_par' dir='ltr' id='par_1_72' title="bbox 539 4869 2116 4940">
     <span class='ocr_line' id='line_1_72' title="bbox 539 4869 2116 4940; baseline 0.003 -18"><span class='ocrx_word' id='word_1_534' title='bbox 539 4869 797 4938; x_wconf 85' lang='lat' dir='ltr'><strong>precibus</strong></span> <span class='ocrx_word' id='word_1_535' title='bbox 847 4881 1034 4939; x_wconf 86' lang='lat' dir='ltr'><strong>postea</strong></span> <span class='ocrx_word' id='word_1_536' title='bbox 1080 4871 1429 4930; x_wconf 85' lang='lat' dir='ltr'><strong>incumbens.</strong></span> <span class='ocrx_word' id='word_1_537' title='bbox 1484 4870 1952 4940; x_wconf 88' lang='lat' dir='ltr'><strong>quemadmodum</strong></span> <span class='ocrx_word' id='word_1_538' title='bbox 1988 4888 2116 4926; x_wconf 82' lang='lat' dir='ltr'><strong>san-</strong></span> 
     </span>
    </p>
   </div>
   <div class='ocr_carea' id='block_1_73' title="bbox 535 4961 2118 5032">
    <p class='ocr_par' dir='ltr' id='par_1_73' title="bbox 535 4961 2118 5032">
     <span class='ocr_line' id='line_1_73' title="bbox 535 4961 2118 5032; baseline 0.003 -18"><span class='ocrx_word' id='word_1_539' title='bbox 535 4961 948 5032; x_wconf 86' lang='lat' dir='ltr'><strong>etusjusserat,</strong></span> <span class='ocrx_word' id='word_1_540' title='bbox 994 4978 1024 5015; x_wconf 89' lang='lat' dir='ltr'><strong>a</strong></span> <span class='ocrx_word' id='word_1_541' title='bbox 1072 4961 1362 5016; x_wconf 86' lang='lat' dir='ltr'><strong>doloribus</strong></span> <span class='ocrx_word' id='word_1_542' title='bbox 1408 4971 1464 5016; x_wconf 89' lang='lat' dir='ltr'><strong>et</strong></span> <span class='ocrx_word' id='word_1_543' title='bbox 1513 4961 1946 5018; x_wconf 84' lang='lat' dir='ltr'><strong>inﬂammatione</strong></span> <span class='ocrx_word' id='word_1_544' title='bbox 1975 4963 2118 5018; x_wconf 76' lang='lat' dir='ltr'><strong>libe-</strong></span> 
     </span>
    </p>
   </div>
   <div class='ocr_carea' id='block_1_74' title="bbox 537 5053 2114 5117">
    <p class='ocr_par' dir='ltr' id='par_1_74' title="bbox 537 5053 2114 5117">
     <span class='ocr_line' id='line_1_74' title="bbox 537 5053 2114 5117; baseline 0.003 -11"><span class='ocrx_word' id='word_1_545' title='bbox 537 5060 690 5108; x_wconf 89' lang='lat' dir='ltr'><strong>ratus</strong></span> <span class='ocrx_word' id='word_1_546' title='bbox 739 5061 844 5117; x_wconf 90' lang='lat' dir='ltr'><strong>est,</strong></span> <span class='ocrx_word' id='word_1_547' title='bbox 905 5053 1044 5108; x_wconf 89' lang='lat' dir='ltr'><strong>adeo</strong></span> <span class='ocrx_word' id='word_1_548' title='bbox 1093 5063 1151 5108; x_wconf 91' lang='lat' dir='ltr'><strong>ut</strong></span> <span class='ocrx_word' id='word_1_549' title='bbox 1209 5055 1382 5109; x_wconf 89' lang='lat' dir='ltr'><strong>Demn</strong></span> <span class='ocrx_word' id='word_1_550' title='bbox 1443 5054 1676 5108; x_wconf 79' lang='lat' dir='ltr'><strong>laudans</strong></span> <span class='ocrx_word' id='word_1_551' title='bbox 1726 5064 1900 5110; x_wconf 86' lang='lat' dir='ltr'><strong>artem</strong></span> <span class='ocrx_word' id='word_1_552' title='bbox 1963 5071 2114 5111; x_wconf 91' lang='lat' dir='ltr'><strong>suam</strong></span> 
     </span>
    </p>
   </div>
   <div class='ocr_carea' id='block_1_75' title="bbox 536 5146 2114 5220">
    <p class='ocr_par' dir='ltr' id='par_1_75' title="bbox 536 5146 2114 5220">
     <span class='ocr_line' id='line_1_75' title="bbox 536 5146 2114 5220; baseline 0.003 -22"><span class='ocrx_word' id='word_1_553' title='bbox 536 5146 758 5202; x_wconf 81' lang='lat' dir='ltr'><strong>solitam</strong></span> <span class='ocrx_word' id='word_1_554' title='bbox 801 5155 1106 5204; x_wconf 84' lang='lat' dir='ltr'><strong>exerceret.</strong></span> <span class='ocrx_word' id='word_1_555' title='bbox 1145 5148 1346 5202; x_wconf 73' lang='lat' dir='ltr'><strong>Verum</strong></span> <span class='ocrx_word' id='word_1_556' title='bbox 1397 5148 1618 5218; x_wconf 91' lang='lat' dir='ltr'><strong>quando</strong></span> <span class='ocrx_word' id='word_1_557' title='bbox 1669 5151 1724 5202; x_wconf 93' lang='lat' dir='ltr'><strong>in</strong></span> <span class='ocrx_word' id='word_1_558' title='bbox 1773 5165 1990 5214; x_wconf 86' lang='lat' dir='ltr'><strong>eorum,</strong></span> <span class='ocrx_word' id='word_1_559' title='bbox 2019 5151 2114 5220; x_wconf 90' lang='lat' dir='ltr'><strong>qui</strong></span> 
     </span>
    </p>
   </div>
   <div class='ocr_carea' id='block_1_76' title="bbox 537 5237 2112 5310">
    <p class='ocr_par' dir='ltr' id='par_1_76' title="bbox 537 5237 2112 5310">
     <span class='ocr_line' id='line_1_76' title="bbox 537 5237 2112 5310; baseline 0.004 -22"><span class='ocrx_word' id='word_1_560' title='bbox 537 5249 568 5288; x_wconf 90' lang='lat' dir='ltr'><strong>a</strong></span> <span class='ocrx_word' id='word_1_561' title='bbox 625 5237 917 5305; x_wconf 89' lang='lat' dir='ltr'><strong>spiritibus</strong></span> <span class='ocrx_word' id='word_1_562' title='bbox 975 5237 1275 5292; x_wconf 89' lang='lat' dir='ltr'><strong>immundis</strong></span> <span class='ocrx_word' id='word_1_563' title='bbox 1339 5240 1522 5294; x_wconf 74' lang='lat' dir='ltr'><strong>vexati</strong></span> <span class='ocrx_word' id='word_1_564' title='bbox 1575 5240 1906 5310; x_wconf 86' lang='lat' dir='ltr'><strong>liberatique</strong></span> <span class='ocrx_word' id='word_1_565' title='bbox 1961 5249 2112 5304; x_wconf 88' lang='lat' dir='ltr'><strong>sunt,</strong></span> 
     </span>
    </p>
   </div>
   <div class='ocr_carea' id='block_1_77' title="bbox 539 5329 2116 5404">
    <p class='ocr_par' dir='ltr' id='par_1_77' title="bbox 539 5329 2116 5404">
     <span class='ocr_line' id='line_1_77' title="bbox 539 5329 2116 5404; baseline 0.006 -25"><span class='ocrx_word' id='word_1_566' title='bbox 539 5329 876 5385; x_wconf 85' lang='lat' dir='ltr'><strong>mentionem</strong></span> <span class='ocrx_word' id='word_1_567' title='bbox 915 5329 1255 5396; x_wconf 89' lang='lat' dir='ltr'><strong>incidimus;</strong></span> <span class='ocrx_word' id='word_1_568' title='bbox 1295 5331 1362 5386; x_wconf 90' lang='lat' dir='ltr'><strong>de</strong></span> <span class='ocrx_word' id='word_1_569' title='bbox 1391 5341 1638 5402; x_wconf 88' lang='lat' dir='ltr'><strong>apostata</strong></span> <span class='ocrx_word' id='word_1_570' title='bbox 1672 5333 1908 5404; x_wconf 87' lang='lat' dir='ltr'><strong>quodam</strong></span> <span class='ocrx_word' id='word_1_571' title='bbox 1947 5333 2116 5389; x_wconf 79' lang='lat' dir='ltr'><strong>verba</strong></span> 
     </span>
    </p>
   </div>
   <div class='ocr_carea' id='block_1_78' title="bbox 613 5466 1235 5534">
    <p class='ocr_par' dir='ltr' id='par_1_78' title="bbox 613 5466 1235 5534">
     <span class='ocr_line' id='line_1_78' title="bbox 613 5466 1235 5534; baseline 0.003 -15"><span class='ocrx_word' id='word_1_572' title='bbox 613 5466 662 5499; x_wconf 83' lang='grc'><strong><em>⁸⁸</em></strong></span> <span class='ocrx_word' id='word_1_573' title='bbox 695 5466 862 5522; x_wconf 81' lang='lat' dir='ltr'><strong>Eeeli.</strong></span> <span class='ocrx_word' id='word_1_574' title='bbox 895 5483 1116 5534; x_wconf 75' lang='lat' dir='ltr'><strong>xxxviii,</strong></span> <span class='ocrx_word' id='word_1_575' title='bbox 1151 5468 1235 5522; x_wconf 78' lang='lat' dir='ltr'><strong>l3.</strong></span> 
     </span>
    </p>
   </div>
   <div class='ocr_carea' id='block_1_79' title="bbox 608 5599 2116 5673">
    <p class='ocr_par' dir='ltr' id='par_1_79' title="bbox 608 5599 2116 5673">
     <span class='ocr_line' id='line_1_79' title="bbox 608 5599 2116 5673; baseline 0 -17"><span class='ocrx_word' id='word_1_576' title='bbox 608 5601 686 5666; x_wconf 70' lang='lat' dir='ltr'><strong>(al</strong></span> <span class='ocrx_word' id='word_1_577' title='bbox 723 5599 819 5656; x_wconf 74' lang='lat' dir='ltr'><strong>Ms.</strong></span> <span class='ocrx_word' id='word_1_578' title='bbox 852 5603 1058 5673; x_wconf 80' lang='grc' dir='ltr'>θεμήν·</span> <span class='ocrx_word' id='word_1_579' title='bbox 1115 5611 1372 5656; x_wconf 87' lang='lat' dir='ltr'><strong>neutrum</strong></span> <span class='ocrx_word' id='word_1_580' title='bbox 1425 5603 1836 5673; x_wconf 72' lang='lat' dir='ltr'><strong>intelligimus:</strong></span> <span class='ocrx_word' id='word_1_581' title='bbox 1897 5603 2116 5658; x_wconf 86' lang='lat' dir='ltr'><strong>videtur</strong></span> 
     </span>
    </p>
   </div>
   <div class='ocr_carea' id='block_1_80' title="bbox 527 5671 2102 5745">
    <p class='ocr_par' dir='ltr' id='par_1_80' title="bbox 527 5671 2102 5745">
     <span class='ocr_line' id='line_1_80' title="bbox 527 5671 2102 5745; baseline 0 -17"><span class='ocrx_word' id='word_1_582' title='bbox 527 5683 721 5736; x_wconf 71' lang='lat' dir='ltr'><strong>autem</strong></span> <span class='ocrx_word' id='word_1_583' title='bbox 769 5671 1028 5745; x_wconf 79' lang='lat' dir='ltr'><strong>deinceps</strong></span> <span class='ocrx_word' id='word_1_584' title='bbox 1084 5673 1388 5728; x_wconf 85' lang='lat' dir='ltr'><strong>desiderari</strong></span> <span class='ocrx_word' id='word_1_585' title='bbox 1439 5671 1672 5743; x_wconf 88' lang='lat' dir='ltr'><strong>aliquid,</strong></span> <span class='ocrx_word' id='word_1_586' title='bbox 1723 5672 1817 5729; x_wconf 89' lang='lat' dir='ltr'><strong>cui</strong></span> <span class='ocrx_word' id='word_1_587' title='bbox 1863 5673 2102 5744; x_wconf 80' lang='lat' dir='ltr'><strong>spatium</strong></span> 
     </span>
    </p>
   </div>
   <div class='ocr_carea' id='block_1_81' title="bbox 2289 2313 3796 2384">
    <p class='ocr_par' dir='ltr' id='par_1_81' title="bbox 2289 2313 3796 2384">
     <span class='ocr_line' id='line_1_81' title="bbox 2289 2313 3796 2384; baseline 0.001 -19"><span class='ocrx_word' id='word_1_588' title='bbox 2289 2313 2383 2366; x_wconf 78' lang='lat' dir='ltr'><strong>v6’.</strong></span> <span class='ocrx_word' id='word_1_589' title='bbox 2423 2315 2775 2384; x_wconf 83' lang='grc' dir='ltr'>Λεπτουργός</span> <span class='ocrx_word' id='word_1_590' title='bbox 2828 2333 2912 2378; x_wconf 86' lang='grc' dir='ltr'><strong>τις</strong></span> <span class='ocrx_word' id='word_1_591' title='bbox 2961 2315 3190 2384; x_wconf 61' lang='grc' dir='ltr'>ἤνεγκεν</span> <span class='ocrx_word' id='word_1_592' title='bbox 3229 2313 3362 2384; x_wconf 55' lang='grc' dir='ltr'>πρίς</span> <span class='ocrx_word' id='word_1_593' title='bbox 3407 2315 3495 2366; x_wconf 69' lang='grc' dir='ltr'>τὸν</span> <span class='ocrx_word' id='word_1_594' title='bbox 3530 2317 3796 2384; x_wconf 77' lang='grc' dir='ltr'>μακάριον</span> 
     </span>
    </p>
   </div>
   <div class='ocr_carea' id='block_1_82' title="bbox 2219 2404 3788 2476">
    <p class='ocr_par' dir='ltr' id='par_1_82' title="bbox 2219 2404 3788 2476">
     <span class='ocr_line' id='line_1_82' title="bbox 2219 2404 3788 2476; baseline -0.001 -21"><span class='ocrx_word' id='word_1_595' title='bbox 2219 2405 2453 2468; x_wconf 78' lang='grc' dir='ltr'>παιδίον,</span> <span class='ocrx_word' id='word_1_596' title='bbox 2493 2404 2594 2457; x_wconf 78' lang='grc' dir='ltr'><strong>ύπδ</strong></span> <span class='ocrx_word' id='word_1_597' title='bbox 2631 2405 2946 2476; x_wconf 76' lang='grc' dir='ltr'>ἀκαθάρτου</span> <span class='ocrx_word' id='word_1_598' title='bbox 2980 2405 3288 2474; x_wconf 86' lang='grc' dir='ltr'>πνεύματος</span> <span class='ocrx_word' id='word_1_599' title='bbox 3353 2405 3737 2473; x_wconf 62' lang='grc' dir='ltr'>ἐνοχλούμενον</span> <span class='ocrx_word' id='word_1_600' title='bbox 3773 2421 3788 2434; x_wconf 72' lang='grc' dir='ltr'><strong><em>ο</em></strong></span> 
     </span>
    </p>
   </div>
   <div class='ocr_carea' id='block_1_83' title="bbox 2213 2493 3792 2567">
    <p class='ocr_par' dir='ltr' id='par_1_83' title="bbox 2213 2493 3792 2567">
     <span class='ocr_line' id='line_1_83' title="bbox 2213 2493 3792 2567; baseline 0.001 -21"><span class='ocrx_word' id='word_1_601' title='bbox 2213 2493 2287 2557; x_wconf 81' lang='grc' dir='ltr'>ὡς</span> <span class='ocrx_word' id='word_1_602' title='bbox 2341 2495 2434 2548; x_wconf 81' lang='grc' dir='ltr'>οὖν</span> <span class='ocrx_word' id='word_1_603' title='bbox 2473 2497 2773 2567; x_wconf 84' lang='grc' dir='ltr'>παρίστατο</span> <span class='ocrx_word' id='word_1_604' title='bbox 2816 2497 2894 2564; x_wconf 78' lang='grc' dir='ltr'>τῷ</span> <span class='ocrx_word' id='word_1_605' title='bbox 2949 2497 3169 2566; x_wconf 79' lang='grc' dir='ltr'>μεγάλῳ</span> <span class='ocrx_word' id='word_1_606' title='bbox 3218 2495 3458 2548; x_wconf 73' lang='grc' dir='ltr'>ποιοῦντι</span> <span class='ocrx_word' id='word_1_607' title='bbox 3505 2497 3602 2566; x_wconf 78' lang='grc' dir='ltr'>τὴν</span> <span class='ocrx_word' id='word_1_608' title='bbox 3629 2497 3792 2565; x_wconf 76' lang='grc' dir='ltr'>εύχὴν</span> 
     </span>
    </p>
   </div>
   <div class='ocr_carea' id='block_1_84' title="bbox 2214 2582 3792 2658">
    <p class='ocr_par' dir='ltr' id='par_1_84' title="bbox 2214 2582 3792 2658">
     <span class='ocr_line' id='line_1_84' title="bbox 2214 2582 3792 2658; baseline 0 -19"><span class='ocrx_word' id='word_1_609' title='bbox 2214 2587 2301 2640; x_wconf 73' lang='grc' dir='ltr'><strong>διὰ</strong></span> <span class='ocrx_word' id='word_1_610' title='bbox 2331 2586 2389 2639; x_wconf 72' lang='grc' dir='ltr'>τὸ</span> <span class='ocrx_word' id='word_1_611' title='bbox 2419 2582 2558 2639; x_wconf 82' lang='grc' dir='ltr'>εἶναι</span> <span class='ocrx_word' id='word_1_612' title='bbox 2591 2586 2784 2656; x_wconf 71' lang='grc' dir='ltr'>μικρὸν</span> <span class='ocrx_word' id='word_1_613' title='bbox 2819 2587 2877 2638; x_wconf 76' lang='grc' dir='ltr'>τὸ</span> <span class='ocrx_word' id='word_1_614' title='bbox 2907 2587 3140 2648; x_wconf 85' lang='grc' dir='ltr'>παιδίον,</span> <span class='ocrx_word' id='word_1_615' title='bbox 3178 2586 3326 2654; x_wconf 79' lang='grc' dir='ltr'>λέγει</span> <span class='ocrx_word' id='word_1_616' title='bbox 3365 2603 3448 2649; x_wconf 87' lang='grc' dir='ltr'><strong>τις</strong></span> <span class='ocrx_word' id='word_1_617' title='bbox 3477 2587 3584 2638; x_wconf 79' lang='grc' dir='ltr'>τῶν</span> <span class='ocrx_word' id='word_1_618' title='bbox 3647 2603 3792 2658; x_wconf 86' lang='grc' dir='ltr'>παρ-</span> 
     </span>
    </p>
   </div>
   <div class='ocr_carea' id='block_1_85' title="bbox 2223 2679 3796 2751">
    <p class='ocr_par' dir='ltr' id='par_1_85' title="bbox 2223 2679 3796 2751">
     <span class='ocr_line' id='line_1_85' title="bbox 2223 2679 3796 2751; baseline 0 -17"><span class='ocrx_word' id='word_1_619' title='bbox 2223 2679 2535 2748; x_wconf 80' lang='grc' dir='ltr'>ισταμένων</span> <span class='ocrx_word' id='word_1_620' title='bbox 2570 2679 2646 2748; x_wconf 82' lang='grc' dir='ltr'>τῷ</span> <span class='ocrx_word' id='word_1_621' title='bbox 2700 2681 3020 2751; x_wconf 83' lang='grc' dir='ltr'>λεπτουργῶ</span> <span class='ocrx_word' id='word_1_622' title='bbox 3045 2697 3060 2712; x_wconf 86' lang='grc'><strong>·</strong></span> <span class='ocrx_word' id='word_1_623' title='bbox 3089 2680 3390 2742; x_wconf 70' lang='grc' dir='ltr'>Βαστασον,</span> <span class='ocrx_word' id='word_1_624' title='bbox 3431 2679 3706 2750; x_wconf 79' lang='grc' dir='ltr'>ἄνθρωπε,</span> <span class='ocrx_word' id='word_1_625' title='bbox 3733 2683 3796 2734; x_wconf 69' lang='grc' dir='ltr'>τὸ</span> 
     </span>
    </p>
   </div>
   <div class='ocr_carea' id='block_1_86' title="bbox 2224 2769 3796 2842">
    <p class='ocr_par' dir='ltr' id='par_1_86' title="bbox 2224 2769 3796 2842">
     <span class='ocr_line' id='line_1_86' title="bbox 2224 2769 3796 2842; baseline 0 -20"><span class='ocrx_word' id='word_1_626' title='bbox 2224 2771 2432 2823; x_wconf 78' lang='grc' dir='ltr'>παιδίον</span> <span class='ocrx_word' id='word_1_627' title='bbox 2472 2771 2558 2823; x_wconf 82' lang='grc' dir='ltr'><strong>ἴνα</strong></span> <span class='ocrx_word' id='word_1_628' title='bbox 2581 2769 2722 2842; x_wconf 76' lang='grc' dir='ltr'><strong>λάϐῃ</strong></span> <span class='ocrx_word' id='word_1_629' title='bbox 2759 2770 2852 2824; x_wconf 85' lang='grc' dir='ltr'><strong>τοῦ</strong></span> <span class='ocrx_word' id='word_1_630' title='bbox 2884 2771 3250 2840; x_wconf 82' lang='grc' dir='ltr'>ἁγιάσματος,</span> <span class='ocrx_word' id='word_1_631' title='bbox 3289 2770 3316 2823; x_wconf 82' lang='grc' dir='ltr'>ὂ</span> <span class='ocrx_word' id='word_1_632' title='bbox 3343 2771 3406 2839; x_wconf 86' lang='grc' dir='ltr'>δὴ</span> <span class='ocrx_word' id='word_1_633' title='bbox 3441 2771 3533 2822; x_wconf 72' lang='grc' dir='ltr'><strong>καὶ</strong></span> <span class='ocrx_word' id='word_1_634' title='bbox 3571 2771 3796 2842; x_wconf 80' lang='grc' dir='ltr'>πεποίη-</span> 
     </span>
    </p>
   </div>
   <div class='ocr_carea' id='block_1_87' title="bbox 2227 2861 3796 2932">
    <p class='ocr_par' dir='ltr' id='par_1_87' title="bbox 2227 2861 3796 2932">
     <span class='ocr_line' id='line_1_87' title="bbox 2227 2861 3796 2932; baseline 0 -18"><span class='ocrx_word' id='word_1_635' title='bbox 2227 2877 2340 2914; x_wconf 86' lang='grc' dir='ltr'>κεν.</span> <span class='ocrx_word' id='word_1_636' title='bbox 2374 2861 2764 2930; x_wconf 81' lang='grc' dir='ltr'>Πληρωθείσης</span> <span class='ocrx_word' id='word_1_637' title='bbox 2799 2861 2854 2914; x_wconf 71' lang='grc' dir='ltr'>δὲ</span> <span class='ocrx_word' id='word_1_638' title='bbox 2897 2861 2994 2929; x_wconf 78' lang='grc' dir='ltr'>τῆς</span> <span class='ocrx_word' id='word_1_639' title='bbox 3020 2863 3207 2932; x_wconf 82' lang='grc' dir='ltr'>εὐχῆς,</span> <span class='ocrx_word' id='word_1_640' title='bbox 3241 2861 3585 2930; x_wconf 72' lang='grc' dir='ltr'>ἀπελύθησαν</span> <span class='ocrx_word' id='word_1_641' title='bbox 3615 2863 3796 2930; x_wconf 68' lang='grc' dir='ltr'>ἀμφί-</span> 
     </span>
    </p>
   </div>
   <div class='ocr_carea' id='block_1_88' title="bbox 2146 2949 3792 3033">
    <p class='ocr_par' dir='ltr' id='par_1_88' title="bbox 2146 2949 3792 3033">
     <span class='ocr_line' id='line_1_88' title="bbox 2146 2949 3792 3033; baseline -0.001 -29"><span class='ocrx_word' id='word_1_642' title='bbox 2146 2978 2188 3033; x_wconf 80' lang='lat' dir='ltr'><strong><em>C</em></strong></span> <span class='ocrx_word' id='word_1_643' title='bbox 2227 2967 2391 3020; x_wconf 86' lang='grc' dir='ltr'>τεροι.</span> <span class='ocrx_word' id='word_1_644' title='bbox 2430 2951 2507 3019; x_wconf 82' lang='grc' dir='ltr'><strong>Τῇ</strong></span> <span class='ocrx_word' id='word_1_645' title='bbox 2557 2949 2614 3002; x_wconf 81' lang='grc' dir='ltr'>δὲ</span> <span class='ocrx_word' id='word_1_646' title='bbox 2671 2949 2797 3018; x_wconf 76' lang='grc' dir='ltr'><strong>ἑξῆς</strong></span> <span class='ocrx_word' id='word_1_647' title='bbox 2851 2950 3054 3021; x_wconf 78' lang='grc' dir='ltr'>ήμέρᾳ“</span> <span class='ocrx_word' id='word_1_648' title='bbox 3090 2949 3306 3020; x_wconf 74' lang='grc' dir='ltr'>ἔρχεται</span> <span class='ocrx_word' id='word_1_649' title='bbox 3359 2953 3387 3003; x_wconf 89' lang='lat'><strong>6</strong></span> <span class='ocrx_word' id='word_1_650' title='bbox 3439 2950 3792 3019; x_wconf 72' lang='grc' dir='ltr'>λεπτουργὺς,</span> 
     </span>
    </p>
   </div>
   <div class='ocr_carea' id='block_1_89' title="bbox 2221 3039 3798 3110">
    <p class='ocr_par' dir='ltr' id='par_1_89' title="bbox 2221 3039 3798 3110">
     <span class='ocr_line' id='line_1_89' title="bbox 2221 3039 3798 3110; baseline -0.003 -15"><span class='ocrx_word' id='word_1_651' title='bbox 2221 3043 2422 3095; x_wconf 83' lang='grc' dir='ltr'>κλαίων</span> <span class='ocrx_word' id='word_1_652' title='bbox 2458 3043 2552 3094; x_wconf 77' lang='grc' dir='ltr'><strong>καὶ</strong></span> <span class='ocrx_word' id='word_1_653' title='bbox 2589 3041 2934 3110; x_wconf 72' lang='grc' dir='ltr'>ὀδυρόμενος,</span> <span class='ocrx_word' id='word_1_654' title='bbox 2977 3042 3050 3110; x_wconf 81' lang='grc' dir='ltr'>μὴ</span> <span class='ocrx_word' id='word_1_655' title='bbox 3099 3041 3277 3110; x_wconf 70' lang='grc' dir='ltr'>φέρων</span> <span class='ocrx_word' id='word_1_656' title='bbox 3327 3041 3424 3104; x_wconf 68' lang='grc' dir='ltr'><strong>τὰς</strong></span> <span class='ocrx_word' id='word_1_657' title='bbox 3469 3039 3660 3103; x_wconf 73' lang='grc' dir='ltr'>ὀδύνας</span> <span class='ocrx_word' id='word_1_658' title='bbox 3698 3040 3798 3110; x_wconf 81' lang='grc' dir='ltr'><strong>τῆς</strong></span> 
     </span>
    </p>
   </div>
   <div class='ocr_carea' id='block_1_90' title="bbox 2220 3131 3794 3203">
    <p class='ocr_par' dir='ltr' id='par_1_90' title="bbox 2220 3131 3794 3203">
     <span class='ocr_line' id='line_1_90' title="bbox 2220 3131 3794 3203; baseline -0.002 -16"><span class='ocrx_word' id='word_1_659' title='bbox 2220 3133 2413 3188; x_wconf 76' lang='grc' dir='ltr'>ἑαυτοῦ</span> <span class='ocrx_word' id='word_1_660' title='bbox 2459 3135 2658 3203; x_wconf 77' lang='grc' dir='ltr'>χειρός.</span> <span class='ocrx_word' id='word_1_661' title='bbox 2707 3131 3032 3202; x_wconf 72' lang='grc' dir='ltr'>Ἐρωτηθεὶς</span> <span class='ocrx_word' id='word_1_662' title='bbox 3065 3132 3150 3195; x_wconf 84' lang='grc' dir='ltr'><strong>δὲ,</strong></span> <span class='ocrx_word' id='word_1_663' title='bbox 3179 3133 3242 3184; x_wconf 89' lang='grc' dir='ltr'>Τί</span> <span class='ocrx_word' id='word_1_664' title='bbox 3267 3132 3470 3194; x_wconf 80' lang='grc' dir='ltr'>κλαίεις</span> <span class='ocrx_word' id='word_1_665' title='bbox 3497 3151 3510 3196; x_wconf 91' lang='grc'><strong>;</strong></span> <span class='ocrx_word' id='word_1_666' title='bbox 3539 3131 3589 3183; x_wconf 89' lang='grc' dir='ltr'><strong>τί</strong></span> <span class='ocrx_word' id='word_1_667' title='bbox 3609 3133 3752 3200; x_wconf 86' lang='grc' dir='ltr'>ἕχεις</span> <span class='ocrx_word' id='word_1_668' title='bbox 3781 3149 3794 3195; x_wconf 86' lang='lat'><strong>;</strong></span> 
     </span>
    </p>
   </div>
   <div class='ocr_carea' id='block_1_91' title="bbox 2221 3227 3800 3294">
    <p class='ocr_par' dir='ltr' id='par_1_91' title="bbox 2221 3227 3800 3294">
     <span class='ocr_line' id='line_1_91' title="bbox 2221 3227 3800 3294; baseline -0.001 -14"><span class='ocrx_word' id='word_1_669' title='bbox 2221 3227 2424 3294; x_wconf 74' lang='grc' dir='ltr'>ἔλεγεν,</span> <span class='ocrx_word' id='word_1_670' title='bbox 2459 3229 2541 3280; x_wconf 87' lang='grc' dir='ltr'>ὃτι</span> <span class='ocrx_word' id='word_1_671' title='bbox 2581 3227 2772 3293; x_wconf 82' lang='grc' dir='ltr'>Ἐξὸτε</span> <span class='ocrx_word' id='word_1_672' title='bbox 2819 3229 2876 3280; x_wconf 75' lang='grc' dir='ltr'>τὸ</span> <span class='ocrx_word' id='word_1_673' title='bbox 2911 3227 3120 3280; x_wconf 84' lang='grc' dir='ltr'>παιδίον</span> <span class='ocrx_word' id='word_1_674' title='bbox 3149 3227 3446 3290; x_wconf 76' lang='grc' dir='ltr'>ἐϐάστασα,</span> <span class='ocrx_word' id='word_1_675' title='bbox 3475 3229 3570 3289; x_wconf 68' lang='grc' dir='ltr'>τὰς</span> <span class='ocrx_word' id='word_1_676' title='bbox 3603 3227 3800 3290; x_wconf 79' lang='grc' dir='ltr'>ὀδύνας</span> 
     </span>
    </p>
   </div>
   <div class='ocr_carea' id='block_1_92' title="bbox 2217 3317 3800 3392">
    <p class='ocr_par' dir='ltr' id='par_1_92' title="bbox 2217 3317 3800 3392">
     <span class='ocr_line' id='line_1_92' title="bbox 2217 3317 3800 3392; baseline -0.003 -18"><span class='ocrx_word' id='word_1_677' title='bbox 2217 3321 2279 3374; x_wconf 81' lang='grc' dir='ltr'><strong>ού</strong></span> <span class='ocrx_word' id='word_1_678' title='bbox 2309 3321 2460 3392; x_wconf 79' lang='grc' dir='ltr'>φέρω</span> <span class='ocrx_word' id='word_1_679' title='bbox 2489 3321 2588 3390; x_wconf 78' lang='grc' dir='ltr'>τῆς</span> <span class='ocrx_word' id='word_1_680' title='bbox 2626 3321 2806 3390; x_wconf 79' lang='grc' dir='ltr'>χειρός</span> <span class='ocrx_word' id='word_1_681' title='bbox 2869 3337 2992 3388; x_wconf 86' lang='grc' dir='ltr'>μου.</span> <span class='ocrx_word' id='word_1_682' title='bbox 3038 3319 3096 3371; x_wconf 86' lang='lat'><strong>&#39;0</strong></span> <span class='ocrx_word' id='word_1_683' title='bbox 3129 3318 3238 3387; x_wconf 76' lang='grc' dir='ltr'>γὰρ</span> <span class='ocrx_word' id='word_1_684' title='bbox 3297 3317 3527 3382; x_wconf 80' lang='grc' dir='ltr'>δαίμων,</span> <span class='ocrx_word' id='word_1_685' title='bbox 3552 3319 3580 3369; x_wconf 85' lang='lat'><strong>6</strong></span> <span class='ocrx_word' id='word_1_686' title='bbox 3631 3317 3800 3380; x_wconf 83' lang='grc' dir='ltr'>ἐάσας</span> 
     </span>
    </p>
   </div>
   <div class='ocr_carea' id='block_1_93' title="bbox 2219 3407 3800 3481">
    <p class='ocr_par' dir='ltr' id='par_1_93' title="bbox 2219 3407 3800 3481">
     <span class='ocr_line' id='line_1_93' title="bbox 2219 3407 3800 3481; baseline -0.004 -15"><span class='ocrx_word' id='word_1_687' title='bbox 2219 3414 2280 3466; x_wconf 72' lang='grc' dir='ltr'>τὸ</span> <span class='ocrx_word' id='word_1_688' title='bbox 2315 3413 2549 3472; x_wconf 85' lang='grc' dir='ltr'>παιδίον,</span> <span class='ocrx_word' id='word_1_689' title='bbox 2593 3412 2718 3481; x_wconf 66' lang='grc' dir='ltr'>ἐμοὶ</span> <span class='ocrx_word' id='word_1_690' title='bbox 2765 3411 3056 3479; x_wconf 80' lang='grc' dir='ltr'>ἐκολλήθη.</span> <span class='ocrx_word' id='word_1_691' title='bbox 3091 3411 3312 3462; x_wconf 74' lang='grc' dir='ltr'>κακεῖνο</span> <span class='ocrx_word' id='word_1_692' title='bbox 3346 3409 3446 3477; x_wconf 84' lang='grc' dir='ltr'>μὲν</span> <span class='ocrx_word' id='word_1_693' title='bbox 3499 3407 3648 3478; x_wconf 72' lang='grc' dir='ltr'>ἰάθη,</span> <span class='ocrx_word' id='word_1_694' title='bbox 3685 3409 3800 3474; x_wconf 79' lang='grc' dir='ltr'>ἐγὼ</span> 
     </span>
    </p>
   </div>
   <div class='ocr_carea' id='block_1_94' title="bbox 2219 3499 3801 3569">
    <p class='ocr_par' dir='ltr' id='par_1_94' title="bbox 2219 3499 3801 3569">
     <span class='ocr_line' id='line_1_94' title="bbox 2219 3499 3801 3569; baseline -0.003 -14"><span class='ocrx_word' id='word_1_695' title='bbox 2219 3503 2276 3555; x_wconf 76' lang='grc' dir='ltr'>δὲ</span> <span class='ocrx_word' id='word_1_696' title='bbox 2318 3499 2630 3554; x_wconf 81' lang='grc' dir='ltr'>κινδυνεύω.</span> <span class='ocrx_word' id='word_1_697' title='bbox 2677 3501 2892 3553; x_wconf 89' lang='grc' dir='ltr'>Τούτων</span> <span class='ocrx_word' id='word_1_698' title='bbox 2936 3499 3173 3562; x_wconf 81' lang='grc' dir='ltr'>ἀκούσας</span> <span class='ocrx_word' id='word_1_699' title='bbox 3217 3499 3244 3550; x_wconf 88' lang='lat'><strong>6</strong></span> <span class='ocrx_word' id='word_1_700' title='bbox 3279 3499 3566 3569; x_wconf 80' lang='grc' dir='ltr'>μακάριος,</span> <span class='ocrx_word' id='word_1_701' title='bbox 3602 3499 3801 3568; x_wconf 67' lang='grc' dir='ltr'>μικρὸν</span> 
     </span>
    </p>
   </div>
   <div class='ocr_carea' id='block_1_95' title="bbox 2221 3589 3802 3664">
    <p class='ocr_par' dir='ltr' id='par_1_95' title="bbox 2221 3589 3802 3664">
     <span class='ocr_line' id='line_1_95' title="bbox 2221 3589 3802 3664; baseline -0.003 -17"><span class='ocrx_word' id='word_1_702' title='bbox 2221 3593 2634 3664; x_wconf 80' lang='grc' dir='ltr'>ὑπομειδιάσας,</span> <span class='ocrx_word' id='word_1_703' title='bbox 2673 3589 2768 3644; x_wconf 80' lang='grc' dir='ltr'><strong>τοῦ</strong></span> <span class='ocrx_word' id='word_1_704' title='bbox 2839 3591 3092 3660; x_wconf 86' lang='grc' dir='ltr'>δαίμονος</span> <span class='ocrx_word' id='word_1_705' title='bbox 3153 3591 3520 3657; x_wconf 77' lang='grc' dir='ltr'>κατεγέλασεν</span> <span class='ocrx_word' id='word_1_706' title='bbox 3570 3590 3802 3642; x_wconf 84' lang='grc' dir='ltr'>τοιαῦτα</span> 
     </span>
    </p>
   </div>
   <div class='ocr_carea' id='block_1_96' title="bbox 2220 3682 3854 3753">
    <p class='ocr_par' dir='ltr' id='par_1_96' title="bbox 2220 3682 3854 3753">
     <span class='ocr_line' id='line_1_96' title="bbox 2220 3682 3854 3753; baseline -0.004 -13"><span class='ocrx_word' id='word_1_707' title='bbox 2220 3687 2612 3753; x_wconf 83' lang='grc' dir='ltr'>πεποιηκότος·</span> <span class='ocrx_word' id='word_1_708' title='bbox 2667 3684 3040 3753; x_wconf 73' lang='grc' dir='ltr'>ἐπευξάμενος</span> <span class='ocrx_word' id='word_1_709' title='bbox 3063 3683 3120 3735; x_wconf 83' lang='grc' dir='ltr'>δὲ</span> <span class='ocrx_word' id='word_1_710' title='bbox 3155 3683 3231 3750; x_wconf 80' lang='grc' dir='ltr'>τῷ</span> <span class='ocrx_word' id='word_1_711' title='bbox 3265 3682 3558 3753; x_wconf 71' lang='grc' dir='ltr'>ἀνθρώπω,</span> <span class='ocrx_word' id='word_1_712' title='bbox 3589 3683 3798 3734; x_wconf 81' lang='grc' dir='ltr'>ἁπέλυ-</span> <span class='ocrx_word' id='word_1_713' title='bbox 3839 3725 3854 3738; x_wconf 91' lang='grc'><strong>.</strong></span> 
     </span>
    </p>
   </div>
   <div class='ocr_carea' id='block_1_97' title="bbox 2223 3773 3800 3844">
    <p class='ocr_par' dir='ltr' id='par_1_97' title="bbox 2223 3773 3800 3844">
     <span class='ocr_line' id='line_1_97' title="bbox 2223 3773 3800 3844; baseline -0.003 -15"><span class='ocrx_word' id='word_1_714' title='bbox 2223 3795 2313 3830; x_wconf 87' lang='grc' dir='ltr'><strong>σεν</strong></span> <span class='ocrx_word' id='word_1_715' title='bbox 2372 3777 2555 3834; x_wconf 68' lang='grc' dir='ltr'>αὐτὸν,</span> <span class='ocrx_word' id='word_1_716' title='bbox 2587 3775 2749 3844; x_wconf 78' lang='grc' dir='ltr'>μηδὲν</span> <span class='ocrx_word' id='word_1_717' title='bbox 2781 3775 2906 3828; x_wconf 80' lang='grc' dir='ltr'>ἄλλο</span> <span class='ocrx_word' id='word_1_718' title='bbox 2957 3773 3180 3842; x_wconf 75' lang='grc' dir='ltr'>ποιῆσαι</span> <span class='ocrx_word' id='word_1_719' title='bbox 3235 3773 3624 3842; x_wconf 73' lang='grc' dir='ltr'>παραγγείλας.</span> <span class='ocrx_word' id='word_1_720' title='bbox 3667 3773 3698 3835; x_wconf 82' lang='grc' dir='ltr'>ἢ</span> <span class='ocrx_word' id='word_1_721' title='bbox 3731 3776 3800 3842; x_wconf 80' lang='grc' dir='ltr'>τῇ</span> 
     </span>
    </p>
   </div>
   <div class='ocr_carea' id='block_1_98' title="bbox 2221 3861 3804 3938">
    <p class='ocr_par' dir='ltr' id='par_1_98' title="bbox 2221 3861 3804 3938">
     <span class='ocr_line' id='line_1_98' title="bbox 2221 3861 3804 3938; baseline -0.008 -15"><span class='ocrx_word' id='word_1_722' title='bbox 2221 3869 2350 3938; x_wconf 75' lang='grc' dir='ltr'>εὐχῇ</span> <span class='ocrx_word' id='word_1_723' title='bbox 2405 3867 2662 3936; x_wconf 74' lang='grc' dir='ltr'>σχολάσαι</span> <span class='ocrx_word' id='word_1_724' title='bbox 2742 3867 2918 3932; x_wconf 70' lang='grc' dir='ltr'>μόνον.</span> <span class='ocrx_word' id='word_1_725' title='bbox 2967 3865 3024 3916; x_wconf 84' lang='grc' dir='ltr'><em>Ὀ</em></span> <span class='ocrx_word' id='word_1_726' title='bbox 3079 3865 3135 3916; x_wconf 79' lang='grc' dir='ltr'>δὲ</span> <span class='ocrx_word' id='word_1_727' title='bbox 3196 3863 3296 3929; x_wconf 75' lang='grc' dir='ltr'><strong>τῆς</strong></span> <span class='ocrx_word' id='word_1_728' title='bbox 3343 3863 3592 3930; x_wconf 78' lang='grc' dir='ltr'>δοθείσης</span> <span class='ocrx_word' id='word_1_729' title='bbox 3647 3861 3804 3930; x_wconf 82' lang='grc' dir='ltr'>αύτῷ</span> 
     </span>
    </p>
   </div>
   <div class='ocr_carea' id='block_1_99' title="bbox 2221 3953 3803 4028">
    <p class='ocr_par' dir='ltr' id='par_1_99' title="bbox 2221 3953 3803 4028">
     <span class='ocr_line' id='line_1_99' title="bbox 2221 3953 3803 4028; baseline -0.005 -16"><span class='ocrx_word' id='word_1_730' title='bbox 2221 3959 2441 4028; x_wconf 72' lang='grc' dir='ltr'>ἐντολῆς</span> <span class='ocrx_word' id='word_1_731' title='bbox 2521 3955 2684 4028; x_wconf 85' lang='grc' dir='ltr'>ἧττον</span> <span class='ocrx_word' id='word_1_732' title='bbox 2765 3957 3096 4026; x_wconf 73' lang='grc' dir='ltr'>φροντίσας,</span> <span class='ocrx_word' id='word_1_733' title='bbox 3167 3955 3422 4023; x_wconf 66' lang='grc' dir='ltr'>φοϐηθεὶς</span> <span class='ocrx_word' id='word_1_734' title='bbox 3487 3955 3576 4006; x_wconf 60' lang='grc' dir='ltr'><strong>τὴν</strong></span> <span class='ocrx_word' id='word_1_735' title='bbox 3635 3953 3803 4020; x_wconf 74' lang='grc' dir='ltr'>ὄγκον</span> 
     </span>
    </p>
   </div>
   <div class='ocr_carea' id='block_1_100' title="bbox 2222 4045 3804 4121">
    <p class='ocr_par' dir='ltr' id='par_1_100' title="bbox 2222 4045 3804 4121">
     <span class='ocr_line' id='line_1_100' title="bbox 2222 4045 3804 4121; baseline -0.006 -15"><span class='ocrx_word' id='word_1_736' title='bbox 2222 4055 2316 4106; x_wconf 68' lang='grc' dir='ltr'><strong>καὶ</strong></span> <span class='ocrx_word' id='word_1_737' title='bbox 2341 4053 2437 4120; x_wconf 75' lang='grc' dir='ltr'><strong>τὴν</strong></span> <span class='ocrx_word' id='word_1_738' title='bbox 2473 4053 2826 4121; x_wconf 82' lang='grc' dir='ltr'>πυράκτωσιν</span> <span class='ocrx_word' id='word_1_739' title='bbox 2863 4051 2960 4116; x_wconf 68' lang='grc' dir='ltr'>τῆς</span> <span class='ocrx_word' id='word_1_740' title='bbox 3013 4047 3195 4118; x_wconf 75' lang='grc' dir='ltr'>χειρὸς</span> <span class='ocrx_word' id='word_1_741' title='bbox 3223 4087 3235 4106; x_wconf 91' lang='grc'><strong>,</strong></span> <span class='ocrx_word' id='word_1_742' title='bbox 3279 4047 3468 4099; x_wconf 75' lang='grc' dir='ltr'>ἔϐαλεν</span> <span class='ocrx_word' id='word_1_743' title='bbox 3501 4045 3688 4098; x_wconf 73' lang='grc' dir='ltr'>ἑαυτὸν</span> <span class='ocrx_word' id='word_1_744' title='bbox 3717 4047 3804 4108; x_wconf 81' lang='grc' dir='ltr'><strong>είς</strong></span> 
     </span>
    </p>
   </div>
   <div class='ocr_carea' id='block_1_101' title="bbox 2223 4139 3806 4214">
    <p class='ocr_par' dir='ltr' id='par_1_101' title="bbox 2223 4139 3806 4214">
     <span class='ocr_line' id='line_1_101' title="bbox 2223 4139 3806 4214; baseline -0.006 -16"><span class='ocrx_word' id='word_1_745' title='bbox 2223 4147 2458 4214; x_wconf 68' lang='grc' dir='ltr'>ἰατροὺς,</span> <span class='ocrx_word' id='word_1_746' title='bbox 2491 4145 2578 4196; x_wconf 84' lang='grc' dir='ltr'>ἵνα</span> <span class='ocrx_word' id='word_1_747' title='bbox 2633 4142 2894 4212; x_wconf 75' lang='grc' dir='ltr'>πληρωθῇ</span> <span class='ocrx_word' id='word_1_748' title='bbox 2931 4143 2988 4193; x_wconf 72' lang='grc' dir='ltr'>τδ</span> <span class='ocrx_word' id='word_1_749' title='bbox 3029 4141 3354 4209; x_wconf 70' lang='grc' dir='ltr'>εἰρημένον,</span> <span class='ocrx_word' id='word_1_750' title='bbox 3391 4141 3472 4193; x_wconf 76' lang='grc' dir='ltr'><strong>ὅτι</strong></span> <span class='ocrx_word' id='word_1_751' title='bbox 3519 4139 3576 4188; x_wconf 82' lang='lat' dir='ltr'><strong>&#39;t)</strong></span> <span class='ocrx_word' id='word_1_752' title='bbox 3619 4139 3806 4206; x_wconf 80' lang='grc' dir='ltr'>ἀμαρ-</span> 
     </span>
    </p>
   </div>
   <div class='ocr_carea' id='block_1_102' title="bbox 2217 4229 3805 4300">
    <p class='ocr_par' dir='ltr' id='par_1_102' title="bbox 2217 4229 3805 4300">
     <span class='ocr_line' id='line_1_102' title="bbox 2217 4229 3805 4300; baseline -0.006 -14"><span class='ocrx_word' id='word_1_753' title='bbox 2217 4236 2391 4288; x_wconf 85' lang='grc' dir='ltr'>τάνων</span> <span class='ocrx_word' id='word_1_754' title='bbox 2453 4235 2533 4296; x_wconf 81' lang='grc' dir='ltr'>εἰς</span> <span class='ocrx_word' id='word_1_755' title='bbox 2581 4235 2671 4284; x_wconf 78' lang='grc' dir='ltr'><strong>τὸν</strong></span> <span class='ocrx_word' id='word_1_756' title='bbox 2727 4232 3030 4300; x_wconf 80' lang='grc' dir='ltr'>ποιήσαντα</span> <span class='ocrx_word' id='word_1_757' title='bbox 3083 4230 3286 4292; x_wconf 77' lang='grc' dir='ltr'>αὑτὸν,</span> <span class='ocrx_word' id='word_1_758' title='bbox 3323 4231 3644 4298; x_wconf 77' lang='grc' dir='ltr'>ἐμπεσεῖται</span> <span class='ocrx_word' id='word_1_759' title='bbox 3715 4229 3805 4290; x_wconf 82' lang='grc' dir='ltr'>εἰς</span> 
     </span>
    </p>
   </div>
   <div class='ocr_carea' id='block_1_103' title="bbox 2713 4318 3808 4392">
    <p class='ocr_par' dir='ltr' id='par_1_103' title="bbox 2713 4318 3808 4392">
     <span class='ocr_line' id='line_1_103' title="bbox 2713 4318 3808 4392; baseline -0.003 -19"><span class='ocrx_word' id='word_1_760' title='bbox 2713 4343 2730 4373; x_wconf 74' lang='grc' dir='ltr'>ι</span> <span class='ocrx_word' id='word_1_761' title='bbox 2765 4322 2988 4392; x_wconf 81' lang='grc' dir='ltr'>ἔμελλεν</span> <span class='ocrx_word' id='word_1_762' title='bbox 3035 4323 3138 4389; x_wconf 67' lang='grc' dir='ltr'>γὰρ</span> <span class='ocrx_word' id='word_1_763' title='bbox 3193 4319 3480 4385; x_wconf 78' lang='grc' dir='ltr'>ἀπολέγειν</span> <span class='ocrx_word' id='word_1_764' title='bbox 3511 4318 3603 4386; x_wconf 72' lang='grc' dir='ltr'>τὴν</span> <span class='ocrx_word' id='word_1_765' title='bbox 3637 4319 3808 4386; x_wconf 77' lang='grc' dir='ltr'>χεῖρα.</span> 
     </span>
    </p>
   </div>
   <div class='ocr_carea' id='block_1_104' title="bbox 2223 4409 3804 4485">
    <p class='ocr_par' dir='ltr' id='par_1_104' title="bbox 2223 4409 3804 4485">
     <span class='ocr_line' id='line_1_104' title="bbox 2223 4409 3804 4485; baseline -0.01 -10"><span class='ocrx_word' id='word_1_766' title='bbox 2223 4417 2896 4485; x_wconf 81' lang='grc' dir='ltr'>αὺτοῦ,11ροσδαπανήσας</span> <span class='ocrx_word' id='word_1_767' title='bbox 2921 4415 2976 4467; x_wconf 79' lang='grc' dir='ltr'><strong>δέ</strong></span> <span class='ocrx_word' id='word_1_768' title='bbox 3001 4413 3089 4467; x_wconf 71' lang='grc' dir='ltr'>τὸν</span> <span class='ocrx_word' id='word_1_769' title='bbox 3119 4412 3231 4482; x_wconf 83' lang='grc' dir='ltr'>βίον</span> <span class='ocrx_word' id='word_1_770' title='bbox 3253 4410 3415 4464; x_wconf 76' lang='grc' dir='ltr'>αὑτοῦ</span> <span class='ocrx_word' id='word_1_771' title='bbox 3446 4413 3522 4472; x_wconf 83' lang='grc' dir='ltr'>εἰς</span> <span class='ocrx_word' id='word_1_772' title='bbox 3556 4409 3804 4478; x_wconf 77' lang='grc' dir='ltr'>ἰατροὺς,</span> 
     </span>
    </p>
   </div>
   <div class='ocr_carea' id='block_1_105' title="bbox 2223 4501 3802 4578">
    <p class='ocr_par' dir='ltr' id='par_1_105' title="bbox 2223 4501 3802 4578">
     <span class='ocr_line' id='line_1_105' title="bbox 2223 4501 3802 4578; baseline -0.008 -12"><span class='ocrx_word' id='word_1_773' title='bbox 2223 4514 2316 4566; x_wconf 71' lang='grc' dir='ltr'><strong>καὶ</strong></span> <span class='ocrx_word' id='word_1_774' title='bbox 2345 4513 2423 4573; x_wconf 84' lang='grc' dir='ltr'><strong>είς</strong></span> <span class='ocrx_word' id='word_1_775' title='bbox 2453 4509 2630 4578; x_wconf 71' lang='grc' dir='ltr'>θερμὰ</span> <span class='ocrx_word' id='word_1_776' title='bbox 2661 4509 3012 4576; x_wconf 82' lang='grc' dir='ltr'>πλανώμενος</span> <span class='ocrx_word' id='word_1_777' title='bbox 3043 4505 3140 4576; x_wconf 86' lang='lat' dir='ltr'><strong>(b),</strong></span> <span class='ocrx_word' id='word_1_778' title='bbox 3163 4507 3258 4558; x_wconf 76' lang='grc' dir='ltr'><strong>καὶ</strong></span> <span class='ocrx_word' id='word_1_779' title='bbox 3287 4505 3448 4574; x_wconf 73' lang='grc' dir='ltr'>μηδὲν</span> <span class='ocrx_word' id='word_1_780' title='bbox 3469 4501 3802 4570; x_wconf 64' lang='grc' dir='ltr'>ὠφεληθεὶς,</span> 
     </span>
    </p>
   </div>
   <div class='ocr_carea' id='block_1_106' title="bbox 2227 4593 3808 4672">
    <p class='ocr_par' dir='ltr' id='par_1_106' title="bbox 2227 4593 3808 4672">
     <span class='ocr_line' id='line_1_106' title="bbox 2227 4593 3808 4672; baseline -0.001 -17"><span class='ocrx_word' id='word_1_781' title='bbox 2227 4603 2366 4658; x_wconf 78' lang='grc' dir='ltr'>ἀλλὰ</span> <span class='ocrx_word' id='word_1_782' title='bbox 2399 4603 2598 4672; x_wconf 80' lang='grc' dir='ltr'>μᾶλλον</span> <span class='ocrx_word' id='word_1_783' title='bbox 2625 4600 2886 4672; x_wconf 85' lang='grc' dir='ltr'>χειρόνως</span> <span class='ocrx_word' id='word_1_784' title='bbox 2919 4597 3188 4666; x_wconf 75' lang='grc' dir='ltr'>ἐσχηκὼς,</span> <span class='ocrx_word' id='word_1_785' title='bbox 3217 4593 3381 4666; x_wconf 70' lang='grc' dir='ltr'>ἦλθεν</span> <span class='ocrx_word' id='word_1_786' title='bbox 3413 4595 3572 4646; x_wconf 77' lang='grc' dir='ltr'>πάλιν</span> <span class='ocrx_word' id='word_1_787' title='bbox 3605 4597 3682 4654; x_wconf 74' lang='grc' dir='ltr'><strong>εἰς</strong></span> <span class='ocrx_word' id='word_1_788' title='bbox 3705 4594 3808 4646; x_wconf 69' lang='grc' dir='ltr'>τὸν</span> 
     </span>
    </p>
   </div>
   <div class='ocr_carea' id='block_1_107' title="bbox 2225 4683 3806 4765">
    <p class='ocr_par' dir='ltr' id='par_1_107' title="bbox 2225 4683 3806 4765">
     <span class='ocr_line' id='line_1_107' title="bbox 2225 4683 3806 4765; baseline -0.009 -16"><span class='ocrx_word' id='word_1_789' title='bbox 2225 4697 2531 4765; x_wconf 79' lang='grc' dir='ltr'>ἀνάργυρον</span> <span class='ocrx_word' id='word_1_790' title='bbox 2588 4693 2790 4760; x_wconf 78' lang='grc' dir='ltr'>ἰατρὸν,</span> <span class='ocrx_word' id='word_1_791' title='bbox 2825 4691 2918 4743; x_wconf 77' lang='grc' dir='ltr'><strong>τὸν</strong></span> <span class='ocrx_word' id='word_1_792' title='bbox 2963 4689 3170 4757; x_wconf 63' lang='grc' dir='ltr'>δωρεὰν</span> <span class='ocrx_word' id='word_1_793' title='bbox 3206 4687 3436 4739; x_wconf 72' lang='grc' dir='ltr'>λαϐόντα</span> <span class='ocrx_word' id='word_1_794' title='bbox 3481 4687 3576 4754; x_wconf 82' lang='grc' dir='ltr'>τὴν</span> <span class='ocrx_word' id='word_1_795' title='bbox 3609 4683 3806 4754; x_wconf 80' lang='grc' dir='ltr'>χάριν,</span> 
     </span>
    </p>
   </div>
   <div class='ocr_carea' id='block_1_108' title="bbox 2215 4774 3804 4852">
    <p class='ocr_par' dir='ltr' id='par_1_108' title="bbox 2215 4774 3804 4852">
     <span class='ocr_line' id='line_1_108' title="bbox 2215 4774 3804 4852; baseline -0.008 -14"><span class='ocrx_word' id='word_1_796' title='bbox 2215 4785 2422 4852; x_wconf 70' lang='grc' dir='ltr'>δωρεὰν</span> <span class='ocrx_word' id='word_1_797' title='bbox 2453 4785 2508 4836; x_wconf 75' lang='grc' dir='ltr'>δὲ</span> <span class='ocrx_word' id='word_1_798' title='bbox 2535 4783 2628 4836; x_wconf 77' lang='grc' dir='ltr'>καὶ</span> <span class='ocrx_word' id='word_1_799' title='bbox 2669 4781 2982 4850; x_wconf 79' lang='grc' dir='ltr'>παρέχοντα</span> <span class='ocrx_word' id='word_1_800' title='bbox 3013 4781 3127 4840; x_wconf 86' lang='grc' dir='ltr'>τοῖς</span> <span class='ocrx_word' id='word_1_801' title='bbox 3157 4775 3426 4846; x_wconf 77' lang='grc' dir='ltr'>χρῄζουσι</span> <span class='ocrx_word' id='word_1_802' title='bbox 3459 4774 3686 4844; x_wconf 79' lang='grc' dir='ltr'>ταύτης.</span> <span class='ocrx_word' id='word_1_803' title='bbox 3743 4775 3804 4826; x_wconf 77' lang='grc' dir='ltr'>Ὀ</span> 
     </span>
    </p>
   </div>
   <div class='ocr_carea' id='block_1_109' title="bbox 2219 4868 3812 4946">
    <p class='ocr_par' dir='ltr' id='par_1_109' title="bbox 2219 4868 3812 4946">
     <span class='ocr_line' id='line_1_109' title="bbox 2219 4868 3812 4946; baseline -0.006 -17"><span class='ocrx_word' id='word_1_804' title='bbox 2219 4877 2275 4929; x_wconf 78' lang='grc' dir='ltr'>δὲ</span> <span class='ocrx_word' id='word_1_805' title='bbox 2339 4875 2506 4946; x_wconf 76' lang='grc' dir='ltr'>μηδὲν</span> <span class='ocrx_word' id='word_1_806' title='bbox 2547 4871 2883 4943; x_wconf 81' lang='grc' dir='ltr'>μελλήσαςῆ</span> <span class='ocrx_word' id='word_1_807' title='bbox 2921 4869 3248 4940; x_wconf 79' lang='grc' dir='ltr'>ἐπιπλήξας,</span> <span class='ocrx_word' id='word_1_808' title='bbox 3281 4868 3510 4930; x_wconf 63' lang='grc' dir='ltr'>ἐκτενῶς</span> <span class='ocrx_word' id='word_1_809' title='bbox 3553 4871 3812 4936; x_wconf 74' lang='grc' dir='ltr'>παρεκὰο</span> 
     </span>
    </p>
   </div>
   <div class='ocr_carea' id='block_1_110' title="bbox 2217 4959 3814 5036">
    <p class='ocr_par' dir='ltr' id='par_1_110' title="bbox 2217 4959 3814 5036">
     <span class='ocr_line' id='line_1_110' title="bbox 2217 4959 3814 5036; baseline -0.006 -16"><span class='ocrx_word' id='word_1_810' title='bbox 2217 4970 2344 5022; x_wconf 87' lang='grc' dir='ltr'>λεσε</span> <span class='ocrx_word' id='word_1_811' title='bbox 2371 4969 2462 5020; x_wconf 80' lang='grc' dir='ltr'><strong>τὸν</strong></span> <span class='ocrx_word' id='word_1_812' title='bbox 2493 4967 2768 5036; x_wconf 80' lang='grc' dir='ltr'>ἐλεήμονα</span> <span class='ocrx_word' id='word_1_813' title='bbox 2812 4965 2944 5016; x_wconf 64' lang='grc' dir='ltr'><strong>Θεόν</strong></span> <span class='ocrx_word' id='word_1_814' title='bbox 2995 4965 3144 5024; x_wconf 80' lang='grc' dir='ltr'>ὅπως</span> <span class='ocrx_word' id='word_1_815' title='bbox 3178 4963 3321 5032; x_wconf 77' lang='grc' dir='ltr'>ἰαθῇ,</span> <span class='ocrx_word' id='word_1_816' title='bbox 3349 4963 3486 5030; x_wconf 77' lang='grc' dir='ltr'>ὅπερ</span> <span class='ocrx_word' id='word_1_817' title='bbox 3513 4961 3608 5013; x_wconf 79' lang='grc' dir='ltr'>καὶ</span> <span class='ocrx_word' id='word_1_818' title='bbox 3640 4959 3814 5026; x_wconf 80' lang='grc' dir='ltr'>γέγο-</span> 
     </span>
    </p>
   </div>
   <div class='ocr_carea' id='block_1_111' title="bbox 2223 5047 3876 5130">
    <p class='ocr_par' dir='ltr' id='par_1_111' title="bbox 2223 5047 3876 5130">
     <span class='ocr_line' id='line_1_111' title="bbox 2223 5047 3876 5130; baseline -0.011 -15"><span class='ocrx_word' id='word_1_819' title='bbox 2223 5078 2333 5116; x_wconf 84' lang='grc' dir='ltr'>νεν.</span> <span class='ocrx_word' id='word_1_820' title='bbox 2369 5060 2710 5130; x_wconf 83' lang='grc' dir='ltr'>Προσμείνας</span> <span class='ocrx_word' id='word_1_821' title='bbox 2759 5055 2867 5127; x_wconf 72' lang='grc' dir='ltr'>γὰρ</span> <span class='ocrx_word' id='word_1_822' title='bbox 2921 5058 2988 5126; x_wconf 81' lang='grc' dir='ltr'>τῇ</span> <span class='ocrx_word' id='word_1_823' title='bbox 3045 5055 3200 5125; x_wconf 76' lang='grc' dir='ltr'>εὐχῇ,</span> <span class='ocrx_word' id='word_1_824' title='bbox 3234 5053 3522 5120; x_wconf 74' lang='grc' dir='ltr'>ἀπηλλαγη</span> <span class='ocrx_word' id='word_1_825' title='bbox 3555 5049 3648 5103; x_wconf 72' lang='grc' dir='ltr'><strong>καὶ</strong></span> <span class='ocrx_word' id='word_1_826' title='bbox 3687 5050 3819 5104; x_wconf 72' lang='grc' dir='ltr'>τῶν</span> <span class='ocrx_word' id='word_1_827' title='bbox 3865 5047 3876 5052; x_wconf 85' lang='grc'><strong>’</strong></span> 
     </span>
    </p>
   </div>
   <div class='ocr_carea' id='block_1_112' title="bbox 2221 5139 3812 5220">
    <p class='ocr_par' dir='ltr' id='par_1_112' title="bbox 2221 5139 3812 5220">
     <span class='ocr_line' id='line_1_112' title="bbox 2221 5139 3812 5220; baseline -0.008 -16"><span class='ocrx_word' id='word_1_828' title='bbox 2221 5151 2420 5206; x_wconf 83' lang='grc' dir='ltr'>ὀδυνῶν</span> <span class='ocrx_word' id='word_1_829' title='bbox 2451 5151 2544 5202; x_wconf 75' lang='grc' dir='ltr'>καὶ</span> <span class='ocrx_word' id='word_1_830' title='bbox 2565 5149 2664 5220; x_wconf 84' lang='grc' dir='ltr'>τῆς</span> <span class='ocrx_word' id='word_1_831' title='bbox 2685 5147 3014 5217; x_wconf 73' lang='grc' dir='ltr'>φλεγμονῆς,</span> <span class='ocrx_word' id='word_1_832' title='bbox 3039 5145 3133 5198; x_wconf 75' lang='grc' dir='ltr'>καὶ</span> <span class='ocrx_word' id='word_1_833' title='bbox 3159 5145 3422 5214; x_wconf 74' lang='grc' dir='ltr'>ἔπραττεν</span> <span class='ocrx_word' id='word_1_834' title='bbox 3451 5142 3516 5196; x_wconf 69' lang='grc' dir='ltr'><strong>τὰ</strong></span> <span class='ocrx_word' id='word_1_835' title='bbox 3553 5139 3759 5208; x_wconf 79' lang='grc' dir='ltr'>συνήθη</span> <span class='ocrx_word' id='word_1_836' title='bbox 3792 5181 3812 5202; x_wconf 84' lang='grc'><strong>,</strong></span> 
     </span>
    </p>
   </div>
   <div class='ocr_carea' id='block_1_113' title="bbox 2222 5229 3818 5314">
    <p class='ocr_par' dir='ltr' id='par_1_113' title="bbox 2222 5229 3818 5314">
     <span class='ocr_line' id='line_1_113' title="bbox 2222 5229 3818 5314; baseline -0.008 -18"><span class='ocrx_word' id='word_1_837' title='bbox 2222 5243 2592 5314; x_wconf 78' lang='grc' dir='ltr'>ἐργαςόμενος</span> <span class='ocrx_word' id='word_1_838' title='bbox 2641 5239 2740 5309; x_wconf 81' lang='grc' dir='ltr'>τὴν</span> <span class='ocrx_word' id='word_1_839' title='bbox 2795 5237 2990 5290; x_wconf 77' lang='grc' dir='ltr'>ἑαυτοῦ</span> <span class='ocrx_word' id='word_1_840' title='bbox 3055 5237 3270 5305; x_wconf 74' lang='grc' dir='ltr'>τέχνην,</span> <span class='ocrx_word' id='word_1_841' title='bbox 3309 5234 3403 5286; x_wconf 68' lang='grc' dir='ltr'><strong>καὶ</strong></span> <span class='ocrx_word' id='word_1_842' title='bbox 3439 5231 3674 5298; x_wconf 78' lang='grc' dir='ltr'>δοξάζων</span> <span class='ocrx_word' id='word_1_843' title='bbox 3709 5229 3818 5284; x_wconf 69' lang='grc' dir='ltr'><strong>τὸν</strong></span> 
     </span>
    </p>
   </div>
   <div class='ocr_carea' id='block_1_114' title="bbox 2221 5321 3819 5402">
    <p class='ocr_par' dir='ltr' id='par_1_114' title="bbox 2221 5321 3819 5402">
     <span class='ocr_line' id='line_1_114' title="bbox 2221 5321 3819 5402; baseline -0.009 -15"><span class='ocrx_word' id='word_1_844' title='bbox 2221 5335 2372 5388; x_wconf 72' lang='grc' dir='ltr'>Θεόν.</span> <span class='ocrx_word' id='word_1_845' title='bbox 2423 5333 2637 5402; x_wconf 79' lang='grc' dir='ltr'>Ἐπειδὴ</span> <span class='ocrx_word' id='word_1_846' title='bbox 2695 5327 3227 5399; x_wconf 69' lang='grc' dir='ltr'>περιενοχλο·,›μένων</span> <span class='ocrx_word' id='word_1_847' title='bbox 3289 5325 3392 5378; x_wconf 76' lang='grc' dir='ltr'>ὑπὸ</span> <span class='ocrx_word' id='word_1_848' title='bbox 3469 5321 3819 5398; x_wconf 76' lang='grc' dir='ltr'>πνευμάτων</span> 
     </span>
    </p>
   </div>
   <div class='ocr_carea' id='block_1_115' title="bbox 2225 5601 2787 5672">
    <p class='ocr_par' dir='ltr' id='par_1_115' title="bbox 2225 5601 2787 5672">
     <span class='ocr_line' id='line_1_115' title="bbox 2225 5601 2787 5672; baseline -0.007 -18"><span class='ocrx_word' id='word_1_849' title='bbox 2225 5602 2444 5672; x_wconf 82' lang='lat' dir='ltr'><strong>punctis</strong></span> <span class='ocrx_word' id='word_1_850' title='bbox 2484 5601 2787 5672; x_wconf 66' lang='lat' dir='ltr'><strong>signantes.</strong></span> 
     </span>
    </p>
   </div>
   <div class='ocr_carea' id='block_1_116' title="bbox 2283 5667 2938 5742">
    <p class='ocr_par' dir='ltr' id='par_1_116' title="bbox 2283 5667 2938 5742">
     <span class='ocr_line' id='line_1_116' title="bbox 2283 5667 2938 5742; baseline -0.005 -17"><span class='ocrx_word' id='word_1_851' title='bbox 2283 5675 2354 5742; x_wconf 64' lang='grc' dir='ltr'><strong>(ὁ)</strong></span> <span class='ocrx_word' id='word_1_852' title='bbox 2381 5672 2550 5728; x_wconf 85' lang='lat' dir='ltr'><strong>Idem.</strong></span> <span class='ocrx_word' id='word_1_853' title='bbox 2584 5667 2938 5736; x_wconf 72' lang='grc' dir='ltr'>πλαζόμενος.</span> 
     </span>
    </p>
   </div>
  </div>
