4042 6156
457 226 596 288 2'1le

1508 227 1564 279 δ.
1607 219 1968 280 EU'I‘YCIIII
2011 215 2517 278 PATRIARCHIE
2553 219 2661 279 CP.

3573 219 3716 294 2340

455 339 542 390 dis
575 333 744 390 verba
783 349 848 386 ex
904 349 1137 404 persona
1189 332 1376 387 miseri
1436 331 1581 384 illius
1623 327 2037 400 pronuntiarit:

2152 345 2249 381 των
2297 330 2564 400 μοναχῶν,
2598 329 2965 399 συμπαθήσας
3011 329 3101 382 ἐπὶ
3141 332 3252 392 τοῖς
3297 329 3534 400 λεχθεῖσι
3563 339 3716 404 παρὰ

463 447 482 478 ς
513 427 664 480 Dixi:
711 423 1030 479 Conﬁtcbor
1058 424 1324 479 adversus
1353 438 1438 476 me
1473 422 1800 490 injustitiam
1851 435 2030 474 meam

457 519 714 578 Doruino,
735 525 790 570 ct
831 527 886 570 tu
913 517 1172 570 remisisti
1193 515 1526 584 impietatem
1556 513 1766 582 peccati
1785 511 1891 565 mei
1924 513 2022 563 ⁸⁸.»

461 608 536 660 Ita
572 605 798 674 quidem
835 607 918 658 vir
961 617 1182 660 sanctus
1234 605 1299 657 ad
1365 605 1514 658 lmnc
1575 620 1751 673 usque
1805 619 2028 659 versum

459 698 824 760 pronuntians
846 698 1117 765 psalmum
1147 715 1158 748 :
1191 711 1300 749 non
1325 695 1568 750 alienum
1606 705 1688 749 est
1737 704 1941 760 autem,
1969 703 2032 747 ut

456 803 674 842 versum
718 802 938 856 quoque
979 798 1300 856 sequentem
1343 787 1700 856 adjiciamus,
1743 796 2030 856 postquam

455 878 601 930 enim
643 877 818 929 dixit:
855 897 871 926 ι
917 877 984 930 Et
1021 885 1074 928 tu
1127 877 1390 930 remisisti
1425 876 1776 945 iniquitatem
1821 877 2034 944 peccati

395 998 402 1004 -
457 966 562 1018 nn-i
587 981 600 1028 ;
627 985 644 1014 ι
671 965 924 1033 sequitur
951 966 1040 1020 hic
1063 981 1294 1020 Versus:
1327 985 1344 1015 ι
1367 967 1474 1019 Pro
1497 966 1597 1018 hac
1613 965 1794 1018 orabit
1817 965 1882 1020 ad
1907 973 1980 1032 te,
2011 985 2028 1015 ι

457 1071 566 1110 non
599 1057 856 1125 quilibet,
887 1057 980 1110 sed
1013 1058 1169 1126 quis?
1203 1057 1431 1112 «Omnis
1455 1065 1680 1112 sanctus
1712 1057 1764 1109 in
1792 1065 2034 1127 tempore

457 1159 769 1218 Opportune
787 1149 862 1214 l’7;
889 1167 904 1198 ι
925 1158 1298 1218 opportunum
1318 1167 1449 1204 vero
1469 1159 1794 1218 tempusest,
1815 1150 2038 1219 quando

458 1248 725 1308 petuntur
757 1256 786 1294 ιι
817 1241 930 1294 Deo
964 1255 1084 1310 quae
1117 1241 1192 1294 illi
1223 1243 1471 1311 placent:
1510 1261 1526 1291 ι
1549 1242 1722 1298 Pctite
1750 1242 1919 1306 enim,
1949 1241 2036 1296 in-

457 1331 601 1398 quit,
621 1339 678 1385 et
693 1331 915 1386 dabitur
935 1333 1112 1397 vobis;
1137 1334 1370 1403 pulsate,
1393 1334 1743 1402 etaperietur
1759 1334 1914 1388 vobis
1929 1334 1993 1388 ".
2010 1353 2026 1384 ι

457 1424 594 1478 Cum
627 1423 796 1492 igitur
854 1424 1021 1478 homo
1083 1435 1310 1480 vexatus
1369 1425 1654 1480 confessus
1719 1433 1885 1490 esset,
1940 1441 2039 1494 pro

459 1509 580 1577 ipso
599 1524 820 1562 rursum
849 1519 1148 1565 consuetas
1187 1526 1384 1580 preces
1417 1512 1528 1566 Deo
1559 1513 1764 1566 obtulit
1789 1513 1876 1566 vir
1909 1529 2038 1567 san-

459 1609 612 1662 ctus,
631 1601 998 1669 hortatusque
1023 1612 1110 1656 est
1137 1612 1198 1656 ut
1227 1603 1280 1656 in
1320 1605 1722 1658 monasterium
1765 1621 1923 1660 suum
1955 1621 2040 1660 re-

2135 419 2230 472 τοῦ
2269 421 2594 490 πάσχοντος,
2632 423 2774 492 μέγα
2809 420 3072 484 στενάξας
3104 421 3198 474 καὶ
3229 422 3462 486 ἐκτενῶς
3483 423 3730 494 εὐεάιιεο.

2135 529 2246 576 νος,
2279 513 2340 564 τὸ
2369 514 2460 565 τοῦ
2483 513 2646 566 Δαυῒδ
2699 513 2878 581 λόγιον
2919 511 3220 580 ἐφθέγξατο
3273 513 3484 582 λέγων,
3523 514 3598 578 ὡς
3652 517 3718 570 ἐκ

2137 602 2428 672 προσώπου
2463 604 2560 657 τοῦ
2622 603 2882 666 ἀσθενοῦς
2910 622 2973 669 ;,‹
3009 599 3171 668 Εἶπα,
3196 603 3546 674 ὲξαγορεύσω
3593 608 3716 659 κατ’

2137 694 2268 764 ἐμοῦ
2319 694 2418 764 τὴν
2454 695 2685 766 ἀνομίαν
2753 713 2855 764 μου
2884 695 2960 766 τῷ
3014 695 3226 764 Κυρίῳ,
3253 695 3344 747 καὶ
3393 698 3457 750 σὺ
3499 698 3718 766 ἀφῆκας

2135 785 2233 855 τὴν
2275 786 2550 868 ἀσέϐειαν.
2583 787 2682 855 τῆς
2737 788 2966 858 καρδίας
3024 805 3154 858 μου.
3193 807 3208 836 ι
3243 787 3350 840 Καὶ
3377 789 3406 839 6
3437 788 3536 856 μὲν
3573 790 3718 850 ὅσιος

2140 874 2302 944 μέχρι
2331 875 2484 928 τοῦδε
2515 874 2608 927 τοῦ
2636 875 2818 944 στίχου
2853 877 2914 928 τὸ
2956 875 3230 945 ψαλμικὺν
3272 877 3574 944 ἐφθέγξατο
3627 878 3716 932 λό-

2138 983 2288 1035 γιον·
2331 968 2497 1021 καλὸν
2552 968 2608 1021 δὲ
2663 970 2810 1038 ἡμᾶς
2869 969 3103 1038 συνάψαι
3142 970 3468 1039 προσφόρως
3505 971 3594 1022 καὶ
3623 971 3716 1024 τὸν

2140 1058 2330 1128 ἐφεξῆς
2360 1059 2572 1128 στίχον·
2611 1061 2748 1130 μετὰ
2781 1058 2889 1130 γὰρ
2924 1061 2982 1112 τὸ
3011 1062 3205 1126 εἰπεῖν,
3253 1078 3270 1110 ι
3335 1062 3442 1114 Καὶ
3487 1061 3550 1113 σὺ
3612 1064 3719 1130 ἀφ-

2138 1150 2279 1220 ῆκας
2304 1151 2401 1220 τὴν
2427 1152 2678 1204 ἀσέὕειαν
2699 1152 2798 1220 τῆς
2828 1153 3054 1222 καρδίας
3079 1170 3234 1222 pou,»
3257 1153 3575 1222 πρόσκειται
3609 1153 3722 1207 στί-

2139 1259 2233 1310 χος
2259 1241 2480 1311 ἐφεξῆς,
2517 1262 2535 1292 ι
2579 1241 2752 1312 Ὑπὲρ
2785 1241 2987 1312 ταύτης
3019 1241 3374 1309 προσεύξεται
3405 1245 3541 1313 πρὸς
3581 1243 3662 1306 σὲ,
3695 1263 3712 1294 ι

2140 1332 2238 1402 οὐχ
2269 1335 2296 1386 6
2325 1333 2526 1403 τυχὼν,
2554 1333 2690 1386 ἀλλὰ
2718 1334 2801 1396 τίς
2833 1352 2848 1400 ;
2874 1353 2892 1384 ι
2933 1335 3047 1396 Πᾶς
3075 1335 3218 1396 ὅσιος
3259 1335 3316 1386 ἐν
3361 1334 3543 1404 καιρῷ
3570 1335 3724 1388 εὐθέ-

2141 1442 2218 1494 τῳ
2241 1439 2255 1452 ·
2289 1443 2307 1478 ι
2346 1425 2536 1494 καιρὸς
2565 1425 2621 1478 δὲ
2647 1417 2801 1488 οὗτος
2828 1424 3066 1489 εὔθετος,
3089 1427 3147 1478 ἐν
3277 1425 3374 1488 τὰς
3431 1426 3674 1496 αἰτήσεις
3694 1429 3723 1478 6

2143 1516 2310 1567 αἰτῶν
2361 1514 2480 1584 Θεῷ
2525 1515 2866 1583 ἁρεσκούσας
2925 1516 3085 1568 αἰτεῖ.
3137 1533 3156 1566 ¢
3193 1516 3409 1568 Αἰτεῖτε
3473 1517 3600 1586 γὰρ,
3629 1517 3724 1568 καὶ

2143 1606 2427 1676 δοθήσεται
2454 1606 2604 1677 ὑμῖν,
2635 1607 2874 1676 ζητεῖτε,
2900 1607 2994 1660 καὶ
3030 1608 3314 1676 εὑρήσετε,
3345 1605 3589 1674 κρούετε,
3625 1607 3724 1658 καὶ

461 1701 798 1752 verteretur.
835 1692 1199 1762 habitumque
1229 1694 1526 1763 reciperet,
1553 1711 1715 1764 quem
1760 1697 2036 1767 abiecerat

2152 1673 2700 1768 Ξινοιγήσεταιήύμίνη-
2727 1699 2856 1751 Ὅτε
2877 1699 3006 1765 γοῦν
3049 1673 3270 1766 γέγονεν
3305 1699 3336 1766 ἠ
3369 1673 3720 1768 έξαγόρευσις

457 1791 514 1837 et
559 1784 898 1837 contumelia
947 1784 1232 1839 aﬂeccrat.
1287 1784 1444 1850 Quod
1481 1787 1570 1842 ille
1621 1804 1746 1842 cum
1785 1789 2032 1844 studiose

461 1873 699 1936 fecisset,
731 1889 840 1927 non
867 1884 952 1928 est
1001 1876 1238 1944 amplius
1297 1893 1325 1930 a
1366 1878 1612 1932 daemone
1630 1891 1875 1944 vexatus,
1939 1882 2036 1936 sed

461 1963 516 2016 in
559 1963 896 2016 monasterio
927 1964 1130 2017 mansit
1157 1965 1571 2036 prudenterque
1607 1984 1672 2022 ac
1704 1969 1950 2024 modeste
1983 1985 2042 2025 se

459 2054 648 2122 gessit.
679 2055 1048 2121 Quamobrem
1093 2057 1390 2112 laudabant
1415 2061 1584 2114 Deum
1627 2062 1720 2130 qui
1760 2062 1831 2115 ibi
1859 2075 2040 2125 erant,

461 2157 628 2215 atque
653 2147 946 2202 dicebant:
1027 2147 1204 2204 Hodie
1253 2152 1404 2206 salus
1457 2153 1666 2206 inuade
1709 2153 1842 2208 huic
1897 2154 2043 2208 facta

459 2247 578 2291 est:
617 2239 744 2304 quia
809 2239 982 2292 frater
1023 2239 1116 2294 hic
1167 2249 1358 2296 noster
1399 2253 1653 2298 mortuus
1686 2253 1827 2307 erat,
1861 2252 1920 2298 et
1953 2260 2042 2297 re-

461 2331 598 2383 vixit
621 2349 637 2394 -,
657 2329 902 2399 perierat
931 2341 988 2386 et
1015 2331 1275 2386 inventus
1303 2345 1409 2387 est.
1447 2335 1740 2403 lmpletum
1775 2343 1858 2388 est
1879 2336 2042 2390 etiam

465 2422 637 2476 illud:
676 2440 694 2472 ‹
719 2422 950 2476 Multum
971 2421 1117 2476 valet
1143 2425 1320 2478 oratio
1351 2425 1486 2493 justi
1517 2425 1740 2478 assidua
1776 2426 1842 2478 ".
1877 2445 1894 2474 ι
1930 2424 2046 2478 Au-

464 2514 605 2568 divit
631 2513 795 2566 etiam
827 2513 896 2566 ab
939 2513 1033 2567 illo
1060 2513 1107 2567 is
1129 2515 1224 2584 qui
1259 2515 1701 2568 curatnst‘nerat.
1732 2535 1748 2564 ι
1783 2516 1922 2568 Ecce
1949 2531 2036 2569 sa-

465 2621 570 2659 nus
599 2605 777 2659 factus
798 2621 878 2668 es,
903 2606 1012 2660 noli
1076 2607 1310 2675 amplius
1371 2623 1619 2677 peccare.
1649 2627 1666 2658 ι
1695 2607 1798 2662 Sed
1841 2609 2052 2678 reliqua

468 2695 733 2748 miracula
777 2696 886 2766 jam
929 2711 1330 2765 persequamur
1383 2697 1516 2766 (40).

2145 1787 2295 1856 παρὰ
2316 1787 2408 1840 τοῦ
2433 1787 2750 1856 πάσχοντος,
2787 1787 3042 1858 ἐποίησεν
3083 1788 3170 1839 ἐπ’
3199 1788 3346 1858 αὐτῷ
3385 1787 3480 1856 τὴν
3517 1786 3721 1853 συνήθη

2145 1877 2307 1929 πάλιν
2331 1876 2494 1947 εὐχὴν
2523 1879 2550 1929 6
2589 1877 2762 1946 μέγας
2795 1877 2886 1929 τοῦ
2911 1876 3046 1929 Θεοῦ
3079 1876 3362 1946 ἄνθρωπος
3385 1919 3399 1940 ,
3428 1876 3728 1946 ἐπιτρέψας

2147 1967 2410 2020 εἰσελθεῖν
2439 1967 2602 2020 αὑτὸν
2631 1969 2710 2029 είς
2738 1968 2800 2020 τὸ
2827 1967 3210 2038 μοναστήριον,
3249 1969 3305 2034 ὲν
3335 1961 3377 2034 ᾧ
3406 1963 3493 2038 ἦν,
3519 1965 3728 2020 ἀπολα-

2149 2060 2262 2110 ϐεῖν
2304 2060 2361 2112 δὲ
2401 2061 2494 2111 καὶ
2526 2059 2554 2112 ὃ
2601 2059 2866 2130 ἡθέτησεν
2913 2061 3005 2113 καὶ
3039 2060 3288 2132 ἐνύϐρισε
3321 2061 3527 2130 σχῆμα.
3565 2060 3730 2128 Ποιή-

2151 2168 2246 2212 σας
2271 2151 2365 2204 οὖν
2399 2150 2469 2203 τὰ
2526 2139 2945 2220 προσταχθέντα
2997 2151 3132 2218 μετὰ
3159 2153 3342 2220 πάσης
3392 2153 3728 2221 σπουδῆς,ἑξ

2150 2243 2366 2312 ἐκείνης
2397 2244 2493 2312 τῆς
2521 2244 2734 2315 ἡμέρας
2765 2244 2947 2296 οὐκέτι
2975 2243 3241 2314 ἐνοχλήθη
3267 2243 3371 2296 ὑπὸ
3397 2243 3490 2296 τοῦ
3534 2243 3726 2313 δαίμο-

2151 2352 2262 2398 νος,
2300 2334 2415 2386 ἀλλ’
2447 2335 2664 2404 ἔμεινεν
2691 2335 2748 2386 ὲν
2771 2335 2846 2404 τῷ
2873 2335 3226 2406 μοναστηρίῳ
3269 2334 3406 2404 μετὰ
3448 2333 3726 2404 σώφρονος

2149 2423 2411 2494 λογισμοῦ
2437 2427 2528 2478 καὶ
2557 2425 2656 2494 τῆς
2685 2425 3070 2496 προσηκούσης
3123 2425 3534 2490 καταστάσεως,
3568 2423 3726 2490 δοξαν

2151 2513 2257 2576 ζων
2285 2516 2374 2566 τὸν
2405 2513 2902 2583 Θεδν,ὥστε’λέγειν
2917 2517 3044 2577 τοὺς
3067 2517 3123 2568 ὲν
3143 2515 3290 2585 αὑτῷ
3311 2514 3730 2584 διαιτωμένους,

2153 2605 2400 2674 Σήμερον
2456 2606 2702 2674 σωτηρία
2747 2605 2970 2673 γέγονεν
3025 2603 3100 2672 τῷ
3146 2603 3336 2674 κόσμῳ
3371 2604 3566 2674 τούτῳ,
3597 2605 3732 2656 ὃτιό

2157 2695 2382 2762 ἁδελφὸς
2419 2696 2577 2766 ἡμῶν
2619 2689 2772 2759 οὗτος
2811 2696 3004 2765 νεκρὸς
3043 2691 3130 2766 ἦν,
3169 2696 3263 2748 καὶ
3312 2693 3596 2763 ἀνέζησεν,
3626 2696 3734 2749 ἀπ·

465 2784 705 2850 οἰντωλὼς,
733 2787 830 2838 καὶ
857 2785 1054 2856 εὑρέθη
1077 2804 1090 2816 ο
1129 2787 1484 2857 πεπλήρωται
1507 2789 1600 2840 καὶ
1657 2789 1747 2840 ἐπὶ
1775 2787 1868 2840 τοῦ
1933 2789 2198 2859 παρόντος
2239 2786 2298 2838 τὸ
2349 2786 2638 2856 εἰρημένον
2663 2803 2676 2816 ·
2716 2805 2734 2837 ι
2778 2787 2917 2840 Πολῦ
2959 2785 3130 2856 ἰσχύει
3159 2786 3338 2856 δέησις
3363 2785 3568 2838 δικαίου
3583 2787 3737 2856 ἐνερε-

467 2880 707 2950 γουμένη
730 2898 743 2910 ·
777 2901 795 2934 ι
831 2879 1101 2934 ’Ἤκουσεν
1151 2881 1208 2933 δὲ
1255 2883 1383 2952 παρ’
1407 2883 1572 2934 αὐτοῦ
1613 2883 1706 2934 καὶ
1736 2883 1763 2934 6
1787 2883 1953 2947 ἰαθείς
1987 2899 2000 2912 ·
2051 2902 2068 2934 ι
2115 2883 2240 2948 Ἴδε,
2273 2882 2430 2953 ὑγιὴς
2477 2881 2728 2949 γέγονας,
2771 2881 2966 2952 μηκέτι
3023 2883 3320 2954 ἁμάρτανε.
3349 2899 3368 2934 ι
3411 2881 3522 2936 Καὶ
3561 2879 3738 2933 ταῦτα

469 2974 592 3043 μὲν,
617 2975 690 3038 ὼς
721 2975 988 3047 ἐνόμιζεν,
1021 2974 1200 3029 ἱκανά.

539 3071 630 3124 57.
666 3070 848 3124 Homo
887 3071 1112 3140 quidam
1144 3085 1210 3124 eo
1239 3070 1499 3126 laborans
1533 3071 1748 3136 morbo,
1772 3071 1868 3140 qui
1906 3079 2078 3126 totum
2114 3085 2318 3142 corpus
2337 3067 2676 3138 depascitur,
2707 3066 2775 3121 ad
2805 3073 3056 3120 sanctum
3085 3067 3270 3122 virum
3289 3067 3568 3136 confugit,
3603 3080 3738 3136 sup-

477 3162 695 3232 plicans
727 3173 790 3216 ut
821 3163 926 3217 sibi
947 3180 974 3217 a
1005 3164 1118 3218 Deo
1142 3163 1580 3218 misericordiam
1611 3164 1953 3233 impetraret.
1985 3164 2090 3230 Qui
2125 3165 2392 3218 miserum
2422 3161 2620 3215 morbo
2645 3175 2817 3230 prope
2859 3168 3250 3229 consumptum
3287 3160 3588 3229 aspiciens,
3623 3173 3734 3216 non

477 3254 843 3308 mediocriter
869 3263 1179 3308 commotus
1194 3263 1300 3314 est.
1341 3253 1604 3309 Adhibita
1637 3254 1807 3325 igitur
1831 3255 2085 3309 oratione
2120 3255 2277 3309 unxit
2309 3253 2499 3308 oculos
2530 3253 2651 3322 ejus
2675 3261 2732 3305 et
2756 3265 2956 3305 manus
2991 3251 3115 3306 oleo
3138 3259 3352 3314 sancto,
3383 3251 3738 3321 praecipiens-

473 3358 582 3415 que
615 3359 684 3398 ne
713 3344 842 3398 vino
871 3345 1096 3398 omnino
1119 3351 1384 3412 gustaret,
1419 3344 1650 3400 dimisit.
1701 3345 1800 3430 Ille
1832 3345 2219 3400 rerolibenter
2252 3343 2454 3414 paruit,
2483 3342 2661 3397 sciens
2690 3358 2811 3412 quae
2840 3342 2910 3396 ab
2943 3341 3264 3396 hominibus
3285 3341 3428 3398 eﬂici
3457 3351 3743 3413 nequeunt

471 3439 588 3490 Deo
609 3451 732 3490 esse
763 3435 967 3500 facilia,
1012 3445 1068 3490 et
1094 3436 1345 3502 exemplo
1385 3435 1623 3492 Naaman
1657 3435 1776 3507 Syri
1835 3436 2058 3492 domum
2092 3452 2246 3492 suam
2285 3450 2539 3490 reversus
2565 3443 2672 3488 est.
2700 3433 2835 3488 Cum
2855 3442 3038 3488 autem
3066 3435 3194 3488 anni
3230 3434 3465 3504 spatium
3509 3443 3742 3504 prater-

473 3529 650 3594 iisset,
683 3543 902 3583 rursum
937 3527 1084 3582 idem
1117 3529 1202 3584 vir
1237 3528 1421 3592 rediit,
1449 3529 1653 3599 gratias
1705 3545 1872 3601 agens
1901 3531 2012 3586 Deo
2062 3539 2118 3585 et
2145 3529 2378 3584 laudans
2416 3527 2592 3592 illum,
2619 3526 2768 3595 quod
2801 3527 3029 3582 morbus
3065 3527 3302 3596 amplius
3335 3543 3444 3581 non
3469 3535 3740 3596 serperet,

475 3621 574 3676 sed
599 3619 966 3675 cobiberetur
1000 3627 1164 3688 atque
1192 3619 1472 3674 deﬁceret.

549 3713 637 3768 58.
666 3711 824 3766 Alius
851 3709 1078 3779 quidam
1099 3709 1166 3764 ad
1197 3711 1376 3764 virum
1405 3719 1656 3765 sanctum
1713 3713 1948 3768 accessit
1975 3713 2045 3768 di-

2233 3709 2335 3780 νη’.
2395 3709 2624 3778 "Est-:96;
2651 3727 2734 3772 τις
2761 3709 3045 3779 ἄνθρωπος
3067 3705 3230 3780 ἦλθεν
3255 3709 3388 3778 πρὸς
3431 3709 3522 3762 τὸν
3570 3709 3738 3770 ὅσιον,

476 3817 630 3864 cens,
658 3815 716 3855 se
745 3815 866 3854 esse
898 3815 966 3854 ex
997 3798 1276 3869 Polyando
1299 3797 1672 3854 Comanorum
1711 3801 1845 3872 (li),
1880 3791 2058 3856 anno-

471 3907 585 3962 que
611 3891 720 3960 jam
753 3889 967 3958 integro
997 3903 1106 3942 non
1126 3888 1332 3944 vidisse
1353 3889 1564 3954 lumen,
1603 3888 1768 3958 idque
1801 3905 1866 3943 ex
1886 3905 2053 3944 causa

477 3980 822 4050 huiusmodi.
852 3979 935 4034 0b
987 3979 1424 4034 controversiam
1451 3996 1575 4049 quae
1605 3980 1711 4035 sibi
1766 3996 1892 4035 cum
1922 3996 2060 4050 quo-

478 4072 604 4127 dam
653 4071 1020 4126 intercedebat
1065 4071 1120 4125 in
1165 4069 1372 4136 judicio
1415 4070 1602 4138 jurare
1645 4081 1888 4136 coactus,
1919 4072 2039 4140 peje

475 4165 620 4220 J-avit
654 4175 911 4233 tanquam
953 4162 1178 4232 perjurii
1209 4161 1420 4216 nullum
1457 4172 1604 4216 esset
1645 4163 1850 4217 crimen
1887 4163 2066 4218 :Deus

480 4261 692 4316 autem,
727 4249 1026 4304 consulens
1060 4247 1228 4302 saluti
1249 4249 1395 4318 ejus.
1419 4252 1737 4304 excaecavit
1757 4265 1904 4306 eum.
1940 4251 2060 4318 Quo

479 4339 718 4394 aﬂectus
779 4338 1053 4408 supplicio
1101 4351 1226 4392 cum
1291 4338 1472 4391 lucem
1533 4354 1644 4392 non
1694 4349 1969 4404 cerneret,
2007 4349 2062 4394 et

476 4447 650 4484 manu
683 4431 1007 4492 duceretur,
1050 4427 1206 4482 venit
1237 4427 1306 4482 ad
1335 4428 1515 4481 virum
1549 4429 1665 4490 Dei,
1695 4437 1752 4484 et
1775 4439 2060 4499 peccatum

479 4521 719 4591 .perjurii
753 4519 1066 4585 conlessus,
1116 4521 1407 4574 oculorum
1455 4535 1700 4576 secutam
1759 4522 2060 4576 caecitatem

486 4615 790 4680 indicavit;
842 4623 991 4668 recte
1021 4613 1278 4683 judicans
1331 4613 1501 4668 Deum
1545 4613 1929 4668 sacerdotibus
1961 4613 2061 4668 tri-

485 4708 676 4762 buisse
703 4707 998 4760 maximam
1023 4713 1354 4776 potestatem
1379 4691 1482 4776 per.
1511 4714 1732 4760 sanctos
1763 4707 2060 4775 apostolos,

483 4798 691 4866 quibus
715 4797 854 4850 dixit
879 4815 892 4849 ι
929 4815 946 4845 ι
972 4795 1326 4864 Quaacunque
1351 4795 1652 4866 ligaveritis
1667 4810 1834 4865 super
1863 4804 2062 4850 terram

481 4909 650 4954 erunt
667 4899 828 4970 ligata
849 4909 905 4953 ct
919 4899 972 4952 in
991 4898 1166 4964 uelis,
1187 4907 1597 4967 ctquaecunque
1609 4899 1885 4954 solveritis
1900 4915 2066 4970 super

483 4998 692 5044 terram
719 4998 884 5043 erunt
909 4989 1090 5043 soluta
1125 4999 1181 5044 et
1218 4990 1274 5042 in
1291 4989 1536 5044 cadis“.
1565 5009 1582 5040 ι
1638 4989 1876 5045 Proinde
1937 5007 2064 5046 cum

2157 3804 2334 3872 λέγων
2391 3801 2584 3854 ἑαυτὸν
2623 3801 2733 3854 ἀπὸ
2783 3801 3050 3871 Κομανῶν
3104 3797 3238 3854 εἶναι
3270 3799 3362 3854 τοῦ
3397 3797 3736 3854 Πολυανδοῦ·

2157 3888 2314 3957 οὗτος
2388 3893 2481 3946 ἰπὶ
2541 3893 2786 3945 ἐνιαυτὸν
2849 3893 2970 3946 ὅλον
3039 3893 3140 3946 οὐκ
3203 3891 3530 3960 ἀνέὸλεψεν·
3589 3893 3623 3962 ἡ
3679 3891 3743 3944 δὲ

2159 3988 2304 4042 αἰτία
2363 3987 2456 4040 τοῦ
2513 3986 2785 4056 πληγῆναι
2841 3985 2940 4047 τὰς
2995 3984 3142 4054 ὖψεις
3182 3983 3368 4047 αὑτοῦ,
3407 3979 3476 4054 ἦν
3543 3982 3682 4052 αὕτη
3721 4001 3738 4016 ·

2160 4081 2401 4150 ιιρᾶγμα
2430 4077 2568 4148 μετά
2599 4095 2746 4141 τινος
2769 4077 3019 4147 ἐσχηκὼς
3054 4079 3147 4130 καὶ¹
3201 4077 3580 4147 δικαζόμενος,
3609 4093 3746 4129 κατ-

2159 4166 2351 4238 εκρίθη
2379 4166 2595 4236 ὀμῶσαι
2619 4181 2634 4196 ο
2685 4165 2746 4228 ὃς
2779 4166 2944 4236 μηδὲν
2997 4162 3135 4221 εῖναι
3171 4164 3524 4235 λογισάμενος
3555 4165 3613 4217 τὺ
3639 4165 3744 4232 τῆς

2159 4257 2448 4328 ἐπιορκίας
2473 4258 2798 4328 ἁμάρτημα,
2847 4257 3008 4310 τοῦτο
3051 4257 3372 4328 πεποίηκεν.
3405 4257 3585 4310 Θέλων
3629 4255 3684 4307 δὲ
3711 4257 3744 4308 6

2159 4346 2290 4407 Θεὸς
2351 4347 2524 4408 σῷσαι
2561 4347 2742 4410 αὐτὸν,
2773 4347 2975 4413 ἐπάγει
3015 4345 3283 4400 σκότωσιν
3317 4345 3466 4416 αὐτῷ
3499 4345 3596 4416 τήν
3630 4345 3744 4398 τῶν

2159 4437 2458 4508 ὀφθαλμῶν
2496 4437 2780 4506 ἁϐλεψίαν.
2816 4439 2904 4500 Ὡς
2929 4433 3024 4491 οὖν
3053 4435 3416 4508 ἱταλαιπώρει
3437 4437 3624 4508 χρόνον
3637 4436 3743 4489 οὐκ

2165 4531 2368 4598 ὀλίγον,
2418 4528 2493 4600 μὴ
2541 4528 2754 4600 βλέπων
2797 4529 2860 4582 τὸ
2907 4530 3042 4600 φῶς,
3093 4528 3209 4584 ἀλλ’
3237 4528 3342 4582 ὑπὸ
3371 4528 3744 4600 χειραγωγοῦς

2167 4623 2508 4693 περιπατῶν,
2547 4617 2678 4693 ἦλθε
2740 4622 2832 4676 καὶ
2863 4623 2999 4692 πρὸς
3024 4623 3116 4674 τὸν
3141 4621 3428 4693 ἄνθρωπον
3457 4619 3552 4674 τοῦ
3579 4618 3742 4685 Θεοῦ,

2161 4715 2659 4784 ἐξομολογούμενος
2697 4715 2758 4768 τὸ
2785 4716 2885 4784 τῆς
2909 4716 3190 4786 ἐπιορκίας
3211 4715 3608 4784 πλημμέλημα,
3629 4713 3746 4767 δει-

2165 4807 2344 4860 κνύων
2369 4807 2432 4859 ’τε
2463 4805 2561 4877 τὴν
2589 4807 2698 4859 τῶν
2732 4806 3026 4876 ὀφθαλμῶν
3055 4806 3362 4868 ἀσθένειαν,
3393 4804 3566 4876 ὀρθῶς
3596 4804 3752 4870 λογι-

2167 4903 2425 4972 σάμενος,
2455 4904 2538 4956 ὅτι
2567 4903 2818 4969 ἐξουσίαν
2845 4903 3044 4956 ἔδωκεν
3104 4906 3130 4956 6
3163 4902 3294 4965 Θεὸς
3327 4905 3440 4964 τοῖς
3509 4901 3747 4971 ἱερεῦσιν

2165 4995 2350 5058 αὑτοῦ,
2406 4995 2494 5048 διὰ
2543 4996 2652 5048 τῶν
2707 4996 2877 5062 ἁγίων
2905 4994 3240 5060 ἀποστόλων,
3270 4996 3465 5062 λέγων·
3499 5011 3517 5043 ι
3554 4995 3618 5045 ‘0
3651 4995 3750 5046 ἰὰν

485 5082 574 5137 vir
627 5082 974 5136 admirabilis
1019 5083 1270 5136 solvendi
1333 5097 1533 5136 iniurius
1590 5095 1844 5151 tsuorum
1905 5081 2045 5136 enim

2161 5087 2364 5157 δήσητε
2395 5089 2492 5140 ἐπὶ
2519 5087 2620 5156 τῆς
2659 5086 2783 5155 γῆς,
2829 5087 2981 5139 ἔσται
3009 5087 3292 5157 δεδεμένον
3353 5089 3411 5139 ἐν
3445 5089 3556 5150 τοῖς
3581 5087 3748 5158 069a-

559 5204 606 5236 "
631 5203 774 5258 Psai.
799 5219 946 5267 xxxr,
967 5203 1018 5256 5.
1091 5205 1132 5236 ⁵⁷
1161 5202 1297 5256 ibid.
1321 5201 1374 5256 6.
1451 5201 1496 5232 ⁵⁸
1525 5200 1717 5255 Matth.
1741 5201 1912 5266 $11.7;
1955 5200 2045 5254 Lm

2153 5219 2196 5269 ι,
2232 5207 2284 5261 9.
2375 5205 2420 5238 ⁸⁸
2451 5205 2567 5262 Jac.
2599 5223 2650 5270 ν,
2681 5205 2770 5259 16.
2805 5177 2850 5236 εδ
2875 5203 3064 5258 Matth.
3099 5203 3352 5270 xmt,18.

561 5337 672 5408 (60)
711 5337 870 5410 Quod
893 5337 1146 5405 sequitur
1174 5338 1502 5393 miraculum
1530 5337 1684 5392 deest
1714 5338 1766 5391 in
1797 5339 2071 5410 ecgrapho

491 5407 687 5463 uestro
721 5407 1003 5461 Vaticano.

561 5478 672 5544 (6|)
705 5477 780 5530 Ab
831 5477 958 5549 urbe
998 5475 1240 5532 Cumano
1261 5487 1506 5532 verterat
1529 5477 1720 5536 linus,
1763 5495 1858 5533 seu
1885 5479 2068 5549 potius

487 5547 775 5617 Cumana:
830 5547 958 5600 hinc
1005 5549 1142 5602 nihil
1207 5550 1442 5617 pronius
1502 5559 1813 5617 eratquam
1865 5547 1924 5604 ut
1963 5550 2068 5604 (Iu-

483 5631 646 5686 mann
673 5615 898 5686 Pontica
927 5615 1348 5686 intelligeretur,
1375 5619 1440 5671 ad
1471 5615 1726 5672 eumdem
1753 5635 1876 5672 eum
1899 5620 2054 5673 Ama-

477 5698 570 5738 ξω
595 5685 800 5740 lridcm
829 5687 1049 5744 ﬂuvium
1083 5685 1184 5746 sita
1220 5705 1231 5740 :
1257 5688 1356 5747 sed
1383 5688 1674 5743 Cumanam
1713 5689 2065 5760 Cuppndociw

2177 5339 2490 5410 intelligere
2555 5339 2752 5410 suadet
2805 5355 3064 5410 expresse
3134 5341 3187 5393 in
3245 5337 3432 5394 Graeco
3487 5337 3748 5410 additum

2175 5409 2376 5480 nomen
2409 5409 2772 5478 Πολυὰνδρου,
2827 5409 2974 5479 quod
3029 5410 3248 5480 corrigo
3297 5417 3363 5480 ει
3391 5409 3576 5480 scribo
3641 5409 3746 5460 llo-

2173 5479 2422 5538 λυανδοῦ,
2458 5495 2659 5533 nomen
2713 5478 2925 5550 oppidi,
2973 5481 3120 5534 haud
3179 5478 3366 5550 procul
3431 5478 3752 5550 adComana

2169 5550 2530 5620 Cappadoeim
2558 5550 2648 5602 siti
2699 5547 2854 5620 juxta
2893 5547 3271 5610 Ptolomaeum,
3325 5547 3538 5620 Ortelio
3585 5555 3749 5620 teste,

2169 5618 2262 5689 qui
2316 5621 2648 5688 interpretes
2681 5619 2960 5674 l’tolomzei
3016 5621 3196 5688 arguit
3257 5621 3374 5672 loro
3415 5618 3748 5689 Fulgentius,

2167 5693 2456 5760 Si't'ipslnSC
2485 5689 2826 5760 Pedymidus.
