4042 6156
282 250 293 261 -
328 214 475 282 2145

1869 229 2059 291 VITA.

3442 244 3584 306 2346

329 338 529 406 λόγιον,
574 358 590 390 ι
618 339 817 403 Διαδάς
840 340 920 402 είς
950 340 1290 394 Μακεδονίαν
1321 338 1397 411 (d)
1420 340 1684 413 βοήθησον
1706 345 1854 412 ἡμῖν,
1882 364 1897 391 ι

2019 347 2311 411 :edouiam,
2344 348 2535 417 adjuva
2561 364 2660 401 nos
2692 351 2772 404 ⁶¹ε
2810 368 2826 400 ι
2859 350 3118 417 quoniam
3151 350 3323 406 farina
3343 352 3455 421 jam
3487 355 3584 408 de-

326 433 413 484 ὃτι
433 432 533 503 ἤδη
548 433 607 485 τὸ
624 432 852 502 ἄλευρον
872 434 935 486 ἐκ
958 433 1065 486 τῶν
1092 433 1330 501 ἀγγείων
1345 433 1612 496 ἐξέλιπεν,
1639 435 1734 488 καὶ
1756 436 1903 488 πᾶσα

329 523 491 585 ἐλπὶς
519 527 883 595 περιαιρεῖται
912 523 1006 575 τοῦ
1038 522 1307 585 σώζεσθαι
1334 525 1507 593 ἡμᾶς.
1556 525 1617 576 Ὀ
1647 524 1703 577 δὲ
1739 524 1905 595 μηδὲν

332 615 615 679 ἐνδοιάσας
637 618 669 687 ἢ
702 616 1093 688 ὑπερθέμενος,
1112 615 1329 686 θαρρῶν
1350 617 1431 677 εἰς
1465 617 1591 679 τοὺς
1622 614 1907 679 πλουσίους

222 738 225 741 ν
331 708 653 777 οἱκτιρμοὺς
681 708 777 760 τοῦ
806 707 964 773 Θεοῦ,
995 706 1328 778 παρεγένετο
1381 706 1461 766 είς
1492 707 1554 758 τὸ
1597 707 1904 777 κελλάριον,

333 806 398 856 ἐν
434 797 479 870 ᾧ
526 805 576 856 οί
634 803 833 872 σάρποι
885 801 1057 872 βραχὺ
1093 800 1311 871 ἔχοντες
1374 799 1599 869 ἄλευρον
1648 799 1864 852 ἵσταντο
1892 815 1905 827 ·

334 895 434 947 καὶ
470 895 697 964 ποιήσας
722 894 910 962 εὐχὴν,
943 890 1314 962 παρήγγειλεν
1363 892 1475 952 τοῖς
1508 890 1774 954 διακόνοις
1822 890 1907 942 λέ-

336 1001 472 1051 γων.
489 985 571 1037 ὅτι
589 984 751 1036 Ὀσον
793 982 1061 1052 παρέχετε
1085 983 1199 1043 τοῖς
1218 978 1409 1050 χρείαν
1436 978 1669 1049 ἔχουσιν,
1688 978 1829 1047 ὑπὲρ
1850 977 1911 1030 τὸ

334 1075 614 1127 διπλάσιον
671 1075 897 1143 χορηγεῖ
945 1073 1150 1139 Κύριος
1196 1073 1224 1124 6
1260 1070 1391 1134 Θεὸς
1434 1069 1610 1141 ήμῶν.
1665 1067 1911 1123 Πιστεύω

335 1164 448 1233 γάρ
494 1164 575 1215 ὃτι
627 1160 702 1224 ὡς
763 1161 865 1214 οὐκ
917 1160 1167 1224 ἐξέλιπεν
1201 1162 1268 1213 ἐκ
1302 1159 1402 1229 τῆς
1441 1159 1631 1229 ὑδρίας
1682 1158 1814 1211 ποτέ
1850 1158 1913 1210 τὸ

337 1254 585 1324 ἄλευρον,
616 1252 741 1305 οὑδέ
803 1251 899 1304 νῦν
940 1250 1204 1319 ἐκλείψει,
1238 1248 1335 1304 καὶ
1364 1251 1414 1302 εί
1442 1248 1649 1301 ἔκλινεν
1686 1248 1751 1300 ἐκ
1785 1246 1909 1299 τού-

339 1361 434 1399 του
465 1347 542 1407 είς
568 1344 743 1410 τοῦτο,
776 1342 1056 1397 τουτέστιν
1084 1341 1192 1395 ἀπὸ
1219 1340 1314 1393 τοῦ
1341 1341 1604 1410 γέμοντος
1636 1340 1714 1401 εἰς
1738 1337 1796 1391 τὸ
1821 1355 1914 1391 κει·

340 1438 453 1503 νὺν,
484 1436 621 1505 πλὴν
648 1438 677 1488 6
703 1434 929 1505 τρυγίας
952 1433 1118 1487 αὑτοῦ
1161 1432 1261 1486 οὐκ
1313 1430 1747 1501 ἐκκενωθήσεται
1767 1472 1780 1495 ,
1806 1430 1911 1497 φάε

342 1546 529 1597 γονται
554 1529 612 1582 δέ
636 1528 857 1591 πάντες,
881 1527 977 1580 καὶ
1000 1518 1485 1596 χορτασθήσονται,
1508 1523 1605 1577 καὶ
1635 1524 1907 1574 αίνέσουσι

340 1621 548 1692 Κύριον
584 1620 678 1679 τὸν
735 1618 868 1672 Θεὸν
926 1617 1105 1689 ήμῶν.
1140 1617 1295 1671 Μετὰ
1359 1612 1558 1684 πολλῆς
1596 1610 1689 1666 οῦν
1738 1612 1913 1680 χαρᾶς

342 1713 440 1766 καὶ
461 1712 769 1783 προθυμίας
792 1714 840 1765 οἱ
868 1710 1251 1765 εὐλαὸέστατοι
1293 1705 1523 1777 μοναχοὶ
1563 1704 1623 1757 τδ
1668 1718 1913 1772 προστα-
1947 1700 1986 1753 Β

343 1808 475 1877 χθέν
513 1806 696 1869 αὐτοῖς
724 1804 1017 1877 ἐπλήρουν,
1064 1800 1289 1869 ἀνενδεῆ
1337 1799 1436 1869 τὴν
1493 1795 1758 1868 χορηγίαν
1794 1793 1914 1867 ⁵τῶν

342 1900 527 1969 ἄρτων
581 1898 911 1968 παρέχοντες
956 1897 1089 1948 πᾶσι
1126 1895 1239 1955 τοῖς
1288 1890 1624 1962 ἐρχομένοις.
1667 1886 1792 1940 Ἐπὶ
1817 1902 1915 1937 πο-

342 1991 443 2043 λὺν
488 1984 581 2043 οὖν
631 1988 821 2057 χρόνον
867 1983 1027 2039 τοῦτο
1084 1980 1395 2045 ποιοῦντες,
1429 1978 1595 2031 πολὺν
1646 1974 1917 2036 πεινῶντα

342 2082 471 2135 λαὸν
521 2080 839 2151 ἐχόρτασαν.
1068 2074 1259 2128 τούτου
1325 2072 1381 2125 δὲ
1449 2068 1613 2122 πλέον
1671 2064 1914 2136 ἐγνώσθη

342 2174 407 2229 τὸ
466 2173 673 2243 θαῦμα,
702 2173 767 2224 ἐκ
827 2169 921 2222 τοῦ
977 2169 1053 2239 μὴ
1099 2163 1353 2229 δέξασθαι
1415 2162 1731 2233 προσθήκην
1757 2158 1917 2212 άλεύ-

348 2282 442 2335 ρου
496 2263 634 2334 πρὸς
688 2260 787 2331 τὴν
810 2259 911 2331 ήδη
960 2256 1053 2310 τοῦ
1101 2253 1349 2309 ἐνιαυτοῦ
1407 2252 1689 2319 γεγονυῖαν
1741 2250 1919 2301 εἰσκο-

347 2354 540 2427 μιδήν·
580 2352 643 2405 οὺ
692 2351 853 2422 μόνον
884 2348 941 2402 δὲ
979 2346 1157 2412 τοῦτο,
1188 2345 1326 2399 άλλά
1366 2342 1634 2412 τοσαύτης
1676 2338 1916 2409 ύπερδα-

344 2447 524 2518 πάνης
551 2440 947 2513 γεγενημένης,
977 2437 1073 2492 καὶ
1114 2438 1251 2509 μετά
1271 2436 1330 2489 τὸ
1356 2432 1773 2504 είσκομισθῆναι
1825 2431 1915 2483 τὸν

343 2544 465 2597 νέον
484 2540 734 2611 ἄλευρον,
764 2536 858 2590 ἐπὶ
886 2535 1077 2607 χρόνον
1113 2532 1297 2586 ἱκανὸν
1324 2530 1387 2583 τὸ
1412 2528 1645 2581 παλαιὸν
1671 2526 1917 2598 ἐπήρκει

344 2651 461 2698 σεν,
506 2632 705 2704 μᾶλλον
759 2630 816 2683 δὲ
863 2629 952 2682 διὰ
1002 2626 1203 2690 παντὸς
1248 2624 1380 2678 αὐτὸ
1409 2620 1834 2693 ἐπαρκεῖ,κατὰ
1857 2619 1919 2672 τὸ

343 2724 759 2798 γεγραμμένον,
797 2739 816 2772 α
854 2717 1097 2787 Φάγεσθε
1141 2715 1347 2770 παλαιά
1386 2714 1481 2766 ἐπὶ
1528 2710 1795 2776 παλαιῶν,
1825 2712 1919 2765 καὶ

344 2818 555 2873 παλαιά
584 2817 650 2869 ἐκ
684 2811 978 2883 προσώπου
1003 2811 1138 2864 νέων
1179 2808 1433 2873 ἐξοίσετε’
1475 2825 1493 2857 ι
1526 2803 1919 2876 ἀμεταμέλητα

343 2909 458 2981 γὰρ
487 2908 581 2961 τοῦ
606 2905 743 2959 Θεοῦ
773 2905 843 2958 τά
876 2904 1209 2975 χαρίσματα.

422 3000 518 3068 ξγ’.
550 2999 659 3051 Καὶ
689 2996 818 3066 περὶ
848 2996 944 3066 μὲν
972 2992 1079 3046 τῶν
1114 2993 1219 3045 ὑπὸ
1238 2989 1333 3045 τοῦ
1366 2989 1522 3059 ἁγίου
1552 2989 1743 3060 ἀνδρὸς
1788 2989 1919 3042 θαυ-

347 3063 539 3165 μάτων
568 3063 893 3159 γεγονότων,
926 3085 1139 3139 πολλῶν
1167 3085 1337 3138 ὄντων
1370 3085 1465 3137 καὶ
1501 3083 1755 3153 μεγάλων
1778 3121 1794 3146 ,
1820 3082 1918 3151 ἀρ·
1950 3063 1992 3122 C

343 3183 588 3245 κούντως
614 3181 673 3246 ἐξ
705 3176 886 3232 αὐτῶν
910 3176 1104 3245 ὀλίγων
1129 3174 1638 3246 ἐμνημονεύσαμεν,
1665 3174 1734 3226 τὰ
1756 3171 1921 3224 λοιπά

340 3278 462 3339 τοῖς
510 3271 856 3344 βουλομένοις
905 3270 1033 3338 περὶ
1094 3267 1259 3321 αὑτοῦ
1313 3266 1495 3337 ζητεῖν
1539 3265 1636 3319 καὶ
1686 3263 1920 3334 γράφειν

342 3366 696 3437 ὑψηλοτέρως
743 3362 1261 3432 παραχωρήσαντες.
1324 3358 1518 3423 Ἀξιον
1567 3358 1624 3410 δὲ
1673 3358 1735 3410 τὺ
1784 3354 1921 3426 μηδέ

343 3460 435 3519 είς
460 3455 623 3509 αὑτὸν
647 3453 868 3521 γεγονὸς
904 3451 1088 3521 θαῦμα
1115 3450 1495 3520 παραδραμεῖν
1540 3447 1918 3511 ἀνεξέταστον.

346 3549 512 3601 Ποῖον
546 3544 612 3616 δὴ
661 3542 823 3596 τοῦτο
856 3536 965 3613 ἧνς
1000 3540 1075 3593 Τδ
1122 3540 1223 3609 τῆς
1282 3538 1542 3590 ἐπανόδου
1600 3536 1765 3607 φημὶ,
1799 3536 1918 3605 ἦτοι

346 3636 848 3697 ἀποκαταστάσεως
880 3633 979 3702 τῆς
1017 3632 1096 3695 είς
1120 3630 1211 3684 τὸν
1241 3631 1439 3684 οἰκεῖον
1466 3629 1678 3700 θρόνον,
1706 3628 1764 3681 ὃν
1792 3626 1917 3680 οὔτε

344 3728 631 3786 ἀπολιπὼν
674 3726 1021 3780 παντάπασιν
1064 3721 1435 3777 ἀπολέλοιπεν.
1463 3722 1672 3783 Μείνας
1704 3715 1799 3773 οὖν
1830 3720 1920 3772 τὸν

345 3822 654 3891 δωδεκαέτη
686 3819 782 3872 καὶ
813 3819 946 3888 πρὸς
966 3816 1158 3889 χρόνον
1189 3817 1253 3869 ἐν
1282 3814 1360 3883 τῷ
1384 3814 1474 3867 ὑπ’
1494 3811 1662 3866 αὑτοῦ
1690 3810 1921 3865 συστάν-

347 3932 406 3968 τι
446 3912 805 3983 μοναστηρίῳ,
829 3912 927 3974 τάς
958 3928 1016 3963 τε
1048 3908 1439 3982 προλεχθείσας
1472 3904 1921 3976 θαυματουργίας

348 4006 487 4058 ἄλλα
514 4022 571 4057 τε
600 4003 894 4073 πάμπολλα
926 4002 1216 4073 συνεργείᾳ
1248 3999 1383 4055 Θεοῦ
1412 3997 1833 4058 ἐπιτελέσαντος
1860 3996 1919 4046 ἐν

346 4094 502 4164 αὗτῷ
551 4094 707 4164 ἔργα,
738 4093 1030 4161 κεφάλαιον
1060 4093 1152 4145 ἐπὶ
1171 4093 1282 4154 τοῖς
1318 4089 1633 4167 λεγομένοις
1663 4085 1757 4139 καὶ
1786 4082 1918 4153 παρ’

349 4176 519 4238 αὐτοῦ
576 4186 864 4254 πραχθεῖσι
910 4183 1177 4237 δείκνυσιν
1209 4183 1238 4235 6
1264 4180 1397 4245 Θεὸς
1457 4180 1557 4251 τὴν
1591 4177 1755 4232 αὑτοῦ
1787 4177 1919 4231 θαυ-

353 4277 691 4344 ματουργίαν
742 4276 834 4327 καὶ⁹
885 4276 963 4337 είς
1020 4273 1202 4328 αὐτόν.
1243 4272 1318 4327 Οὐ
1355 4270 1465 4341 γὰρ
1521 4268 1787 4342 πρέσϐυς,
1820 4268 1920 4321 οὐκ

347 4367 603 4434 ἄγγελος,
632 4364 747 4418 ἀλλ’
773 4365 934 4427 αὐτὸς
966 4366 994 4417 6
1022 4362 1224 4463 Κύριος
1248 4402 1263 4426 ,
1300 4364 1328 4415 6
1346 4360 1478 4463 fta-
1504 4359 1775 4463 λαίλαπος
1820 4358 1917 4411 καλ⁸
1953 4408 1997 4463 Ι)

349 4455 534 4525 νεφῶν
591 4454 935 4525 χρηματίσας
968 4453 1046 4521 τῷ
1088 4452 1231 4515 Ἰὼϐ,
1257 4453 1286 4504 6
1344 4451 1543 4521 βραδὺς
1576 4451 1655 4512 εἰς
1694 4448 1914 4502 κόλασιν

352 4549 447 4600 καί
465 4548 634 4615 ταχὺς
666 4548 748 4607 είς
774 4544 1075 4614 ἀντίληψιν,
1101 4546 1129 4597 6
1162 4544 1236 4614 μὴ
1276 4540 1553 4605 παντελῶς
1609 4540 1788 4608 ἀφιεὶς
1821 4539 1915 4609 ρά-

353 4636 476 4688 6δον
500 4634 838 4705 ἁμαρτωλῶν
864 4634 955 4685 ἐπὶ
980 4634 1071 4686 τὸν
1101 4633 1300 4703 κλῆρον
1325 4632 1567 4695 δικαίων,
1591 4631 1678 4684 ἵνα
1711 4630 1786 4701 μή
1818 4646 1919 4682 κα-

350 4729 471 4782 κίαν
504 4728 699 4780 δίκαιοι
733 4724 975 4795 μάθωσιν
1008 4740 1021 4755 ο
1052 4725 1143 4777 ἐπὶ
1172 4724 1313 4776 τέλει
1340 4722 1447 4775 τῶν
1496 4722 1673 4776 ἄθλων
1714 4722 1917 4788 ἀναγο-

353 4818 502 4888 ρεύει
545 4816 636 4869 τὸν
673 4814 929 4884 ἀθλητὴν,
967 4813 1203 4883 λαμπρῷ
1235 4812 1315 4882 τῷ
1357 4811 1913 4883 κηρύγματιλέγων·

351 4925 373 4958 ε
409 4906 588 4958 Ζῶσαι
644 4903 829 4972 ὣσπερ
876 4902 1016 4972 ἀνὴρ
1060 4900 1155 4971 τὴν
1203 4900 1374 4969 ὀσφύν
1414 4918 1529 4964 σου,
1569 4902 1831 4969 ἐρωτήσω
1856 4898 1913 4951 δέ

348 5013 430 5061 σε,
456 4996 523 5046 σὺ
550 4994 603 5047 δὲ
640 4994 928 5064 ἀπόκριναι
946 5009 959 5021 ’
992 4992 1099 5046 οἴει
1119 4992 1175 5044 δέ
1211 5009 1279 5062 με
1304 4992 1481 5054 άλλως
1520 5009 1602 5044 σοι
1629 5007 1913 5061 κεχρημα-

346 5086 577 5147 τικέναι,
602 5084 635 5154 ἢ
663 5086 749 5136 ἵνα
790 5086 1069 5155 ἀναφανῇς
1098 5083 1306 5145 δίκαιος
1330 5101 1344 5147 ;
1378 5101 1395 5132 ι
1426 5083 1597 5136 Τοῦτο
1622 5084 1730 5136 τῶν
1758 5100 1917 5153 τραυ-

2005 440 2135 495 fecit
2157 440 2209 492 in
2231 440 2401 503 arcis,
2426 448 2621 508 etspes
2656 440 2830 495 victus
2876 440 3035 495 nobis
3075 442 3357 498 adimitur.
3395 446 3462 497 At
3494 446 3583 499 ille

2012 529 2161 582 nulla
2202 530 2529 597 interposita
2561 546 2709 609 mora
2751 530 3003 599 nihilque
3063 529 3347 595 dubitans,
3377 531 3473 584 sed
3515 532 3581 584 li-

2009 619 2146 674 dens
2175 620 2455 689 opulenta:
2484 620 2879 675 misericordize
2907 621 3027 682 Dei,
3064 621 3348 689 ingressus
3379 620 3433 674 in
3454 636 3583 676 eum

2010 711 2191 766 locum
2214 712 2268 765 in
2300 727 2410 781 quo
2439 720 2774 776 erantarcae,
2806 713 2917 782 jam
2950 712 3355 781 propemodum
3399 711 3575 766 farina

2010 819 2221 863 vacuae,
2252 812 2374 872 post
2404 803 2549 857 fusas
2574 804 2641 857 ad
2673 804 2844 857 Deum
2877 818 3069 873 preces
3122 803 3335 858 solatus
3361 811 3447 857 est
3473 804 3578 856 mi-

2012 895 2237 959 nistros,
2270 894 2441 957 Bono,
2479 894 2758 963 inquiens,
2781 903 2958 948 estote
2990 894 3176 947 animo
3205 912 3216 947 :
3250 893 3397 963 quod
3430 892 3580 947 enim

2011 987 2304 1058 egentibus
2332 985 2646 1057 impartitis,
2685 985 2952 1039 Dominus
3002 986 3146 1039 Deus
3192 994 3379 1039 noster
3419 985 3584 1039 resti-

2016 1088 2130 1134 tuet
2164 1080 2530 1149 duplicatum.
2567 1080 2743 1149 Spero
2766 1079 2935 1143 enim,
2966 1077 3429 1147 quemadmodum
3451 1078 3583 1131 olim

2013 1184 2079 1220 ex
2106 1167 2299 1238 hydria
2324 1167 2498 1221 farina
2531 1183 2640 1221 non
2670 1166 2893 1231 defecit,
2928 1166 3002 1220 ita
3028 1182 3178 1219 nunc
3226 1166 3456 1221 minime
3485 1166 3586 1220 de-

2015 1246 2279 1313 futuram.
2318 1260 2454 1314 Nam
2500 1260 2629 1314 licet
2658 1258 3059 1313 inclinaveritis
3082 1274 3149 1312 ex
3174 1258 3278 1313 hoc
3330 1259 3385 1311 in
3422 1258 3580 1323 illud,

2013 1358 2075 1403 ut
2102 1358 2187 1405 est
2238 1350 2293 1403 in
2320 1350 2535 1403 Psalmo
2566 1350 2778 1403 dictum
2811 1349 2878 1414 ⁸³,
2916 1349 3022 1404 hoc
3053 1358 3138 1402 est
3185 1364 3215 1402 a
3253 1348 3414 1418 pleno
3437 1348 3504 1402 ad
3531 1348 3587 1404 id

2015 1442 2164 1513 quod
2195 1450 2280 1496 est
2303 1442 2501 1506 inane;
2532 1450 2712 1495 tamen
2754 1440 2855 1495 fzex
2875 1441 2996 1511 ejus
3020 1456 3129 1493 non
3152 1440 3259 1494 erit
3285 1439 3584 1505 exinanita,

2016 1536 2112 1590 sed
2157 1530 2327 1589 edent
2370 1549 2566 1588 omnes
2597 1542 2654 1588 et
2702 1533 3123 1596 saturabuntur,
3182 1540 3239 1586 et
3285 1532 3589 1588 laudabunt

2023 1625 2313 1679 Dominum
2342 1624 2515 1677 Deum
2562 1632 2833 1678 nostrum.
2864 1623 2960 1678 His
3019 1623 3205 1678 verbis
3257 1623 3457 1693 gaudio
3498 1638 3589 1678 re-

2016 1717 2148 1787 pleti
2174 1714 2573 1787 religiosissimi
2611 1714 2868 1771 monachi
2918 1714 3179 1770 alacriter
3207 1714 3589 1784 exsequeban-

2019 1816 2109 1861 tur
2161 1807 2452 1871 mandata,
2512 1822 2718 1876 panem
2782 1805 3121 1860 suﬂicienter
3193 1806 3587 1860 distribuentes

2016 1900 2271 1954 o'nnibus
2297 1899 2720 1964 accedentibus;
2745 1912 2923 1968 eoque
2944 1898 3106 1952 modo
3125 1914 3373 1967 magnam
3396 1898 3587 1968 populi

2029 1993 2271 2053 turbam,
2304 1992 2449 2045 fame
2480 1991 2847 2055 laborantem,
2880 1990 2974 2046 diu
3020 1992 3399 2054 nutriveruut;
3435 1999 3589 2044 tanto

2017 2080 2210 2151 majori
2239 2080 2531 2143 miraculo,
2563 2080 2712 2149 quod
2745 2096 2870 2134 cum
2906 2080 3096 2135 farinae
3145 2080 3201 2134 in
3251 2096 3457 2135 annum
3494 2095 3590 2149 pa-

2022 2182 2151 2226 ratae
2180 2173 2319 2226 nihil
2342 2172 2664 2237 adderetur,
2686 2180 2742 2226 et
2765 2178 2978 2225 tantum
3009 2172 3263 2242 quotidie
3292 2187 3590 2227 consume-

2020 2272 2176 2318 retur
2196 2306 2210 2329 ,
2249 2272 2433 2318 tamen
2460 2280 2571 2319 non
2598 2264 2777 2318 solum
2814 2278 2923 2318 non
2958 2262 3180 2327 defecit,
3208 2278 3402 2318 verum
3425 2264 3589 2316 etiam

2020 2362 2307 2423 postquam
2336 2368 2476 2408 nova
2506 2352 2682 2407 farina
2710 2361 2859 2407 esset
2888 2352 3059 2415 illata,
3090 2351 3265 2407 farina
3283 2363 3443 2407 vetus
3468 2352 3587 2416 diu,

2021 2449 2133 2505 imo
2158 2465 2378 2521 semper
2398 2444 2533 2504 satis
2557 2447 2661 2503 fuit
2685 2450 2866 2514 ,sicut
2889 2449 3159 2519 scriptum
3194 2458 3310 2504 est:
3348 2468 3365 2500 ‹
3389 2449 3587 2505 Come-

2021 2543 2168 2598 detis
2198 2542 2579 2598 vetustissima
2598 2550 2873 2605 veterum,
2898 2551 2955 2596 et
2982 2550 3172 2597 vetera
3202 2542 3363 2597 novis
3391 2557 3588 2612 super—

2022 2636 2375 2692 venientibus
2406 2635 2715 2706 projicietis
2744 2636 2829 2701 6*;
2860 2653 2877 2684 ι
2926 2633 3046 2689 sine
3085 2635 3411 2704 pmnitentia
3442 2634 3592 2690 enim

2022 2736 2153 2783 sunt
2188 2728 2334 2783 dona
2364 2727 2481 2781 Dei.

2093 2994 2180 3049 65.
2229 2996 2307 3048 Ae
2346 2994 2413 3048 de
2444 2994 2725 3049 miraculis
2749 2994 2997 3063 quidem,
3036 3009 3158 3064 quas
3187 3008 3218 3049 a
3252 3004 3442 3049 sancto
3472 2993 3591 3049 viro

2025 3095 2174 3155 gesta
2205 3093 2350 3149 sunt,
2396 3085 2531 3139 satis
2560 3085 2633 3139 sit
2676 3085 2936 3139 retulisse
2971 3086 3086 3140 hare
3127 3101 3320 3153 pauca,
3379 3086 3592 3155 reliqua

2025 3174 2370 3229 dimittentes
2418 3174 2486 3227 iis
2534 3174 2630 3243 qui
2675 3174 2744 3229 de
2794 3174 2913 3244 ipso
2944 3174 3241 3229 sublimius
3276 3176 3594 3230 scrutariet

2024 3266 2266 3325 scribere
2314 3267 2637 3320 voluerint:
2714 3282 2824 3321 non
2875 3275 3059 3321 tamen
3104 3268 3215 3321 erit
3256 3267 3498 3321 alienum
3545 3266 3591 3321 si

2022 3358 2168 3427 quod
2194 3358 2248 3411 in
2295 3357 2531 3427 ipsomet
2561 3358 2766 3414 factum
2800 3368 2885 3415 est
2918 3373 3330 3414 recenseamus.
3363 3358 3592 3429 Eequod

2023 3456 2209 3503 autem
2279 3448 2428 3503 istud
2482 3451 2609 3504 est?
2660 3450 2799 3504 lllud
2858 3450 3148 3514 nimirum,
3204 3449 3354 3519 quod
3416 3450 3591 3520 perti-

2023 3550 2117 3595 net
2144 3542 2212 3596 ad
2239 3542 2359 3612 ejus
2380 3541 2621 3595 reditum
2644 3541 2699 3595 in
2727 3540 3001 3611 pr0priam
3023 3540 3233 3605 sedem,
3258 3556 3423 3609 quam
3452 3557 3593 3595 nun-

2023 3649 2185 3705 quam
2218 3632 2447 3687 omnino
2499 3632 2891 3702 dereliquerat.
2936 3632 3074 3688 Cum
3099 3633 3269 3703 igitur
3299 3632 3590 3688 duodecim

2022 3738 2295 3777 annorum
2322 3722 2434 3793 (46)
2468 3722 2647 3792 spatio
2672 3731 2837 3791 atque
2866 3736 2934 3775 eo
2949 3721 3188 3791 amplius
3210 3722 3266 3775 in
3309 3730 3593 3777 monaste-

2027 3814 2110 3867 rio
2142 3830 2172 3867 a
2225 3828 2284 3868 se
2330 3815 2635 3867 constituto
2680 3814 2992 3877 mansisset,
3022 3821 3077 3868 et
3106 3827 3195 3866 res
3239 3812 3593 3869 admirabiles

2024 3906 2292 3959 hactenus
2344 3912 2802 3959 commemoratas
2837 3912 3003 3973 atque
3055 3904 3194 3958 alias
3246 3904 3449 3959 multas
3490 3905 3591 3961 Dci

2022 3998 2226 4053 auxilio
2272 3996 2620 4067 perfecisset,
2671 4010 2886 4050 summa
2942 3994 3337 4050 miraculorum
3394 3996 3463 4051 ab
3522 4011 3592 4051 eo

2023 4099 2301 4159 gestorum
2337 4103 2401 4141 ea
2443 4086 2549 4141 fuit
2586 4087 2780 4157 gratia,
2813 4100 2978 4155 quam
3006 4087 3157 4141 circa
3215 4086 3394 4156 ipsum
3442 4088 3589 4141 Deus

2022 4179 2426 4235 ostendit.Non
2461 4178 2613 4233 enim
2636 4180 2873 4247 legatus,
2914 4193 3026 4232 non
3048 4178 3301 4248 angelus,
3324 4178 3420 4232 sed
3472 4179 3589 4249 ipse

2023 4271 2192 4333 Deus,
2221 4268 2313 4340 qui
2345 4284 2444 4339 per
2476 4268 2734 4323 nebulam
2755 4277 2812 4323 et
2868 4268 3152 4323 turbinem
3178 4267 3281 4323 Job
3317 4268 3591 4323 fueratal-

2026 4365 2261 4425 locutus,
2287 4361 2382 4431 qui
2430 4360 2622 4416 tardus
2675 4368 2763 4415 est
2805 4359 2872 4414 ad
2906 4360 3208 4415 vindictam
3236 4368 3293 4414 et
3331 4360 3480 4414 celer
3520 4359 3589 4413 ad

2024 4456 2552 4517 remunerationem,
2588 4453 2685 4522 qui
2734 4467 2845 4507 non
2880 4452 3147 4522 relinquit
3200 4452 3431 4508 omnino
3478 4453 3592 4507 vir-

2020 4561 2141 4615 gam
2198 4553 2550 4614 peccatorum
2588 4560 2755 4613 super
2788 4553 2993 4598 sortem
3021 4544 3324 4614 justorum,
3367 4552 3429 4597 ut
3477 4558 3590 4596 non

2018 4636 2234 4690 discant
2270 4635 2537 4690 malitiam
2574 4636 2729 4705 justi,
2763 4635 2820 4688 in
2868 4634 2975 4690 fine
3008 4635 3375 4689 certaminum
3428 4632 3589 4702 pugi-

2020 4726 2127 4779 lem
2190 4742 2349 4780 suum
2399 4727 2546 4780 clare
2594 4726 2926 4794 alloquitur:
2969 4724 3251 4795 «Accinge
3300 4723 3443 4777 sicut
3503 4722 3589 4775 vir

2021 4815 2238 4869 lumbos
2270 4816 2779 4884 tuos,interrogabo
2813 4826 2889 4882 te,
2919 4824 2975 4868 tu
2999 4823 3178 4868 autem
3204 4814 3335 4867 mihi
3358 4796 3593 4881 respon¥

2022 4906 2201 4960 dcbis.
2232 4906 2559 4976 Opinarisne
2597 4921 2683 4960 me
2712 4906 2872 4959 aliter
2903 4915 3085 4959 tecum
3120 4904 3293 4972 loqui,
3333 4917 3495 4971 quam
3529 4910 3586 4956 ut

2018 4997 2206 5064 justus
2239 5011 2505 5065 appareas
2527 4996 2655 5049 "1h
2712 4995 2826 5050 Hoc
2867 5004 2951 5049 est
2998 4994 3289 5049 vulnerum
3342 4992 3588 5046 medica-

2026 5094 2293 5148 mentum,
2328 5085 2443 5139 haec
2488 5085 2809 5139 certaminis
2868 5100 3093 5146 corona,
3154 5082 3268 5137 haec
3310 5080 3590 5151 patientiae

416 5240 462 5270 “
490 5242 608 5295 Act.
631 5256 740 5303 xvr,
762 5239 813 5293 9.
891 5237 936 5270 ⁸³
959 5236 1100 5291 Psal.
1154 5252 1330 5302 Lxxw,
1417 5236 1477 5294 9.
1549 5237 1593 5267 “
1622 5236 1796 5290 Levit.
1830 5253 1919 5291 χχι

2019 5238 2089 5289 ll).
2171 5238 2215 5267 “
2253 5237 2356 5292 Job
2388 5254 2474 5303 XL,
2499 5238 2554 5305 2,
2585 5239 2641 5292 5.

423 5399 504 5472 (ά.)
546 5397 931 5472 νὶἀεηιυιχὴίε
968 5399 1346 5472 Macedoniam
1368 5400 1656 5472 nominare
1726 5413 1826 5467 pro
1861 5400 2182 5472 regionibus
2220 5401 2454 5471 Europa:
2480 5408 2640 5457 trans
2665 5399 2919 5464 Pontum,
2948 5390 3002 5450 in
3034 5395 3238 5466 quibus
3272 5395 3461 5466 procul
3523 5400 3586 5452 an

352 5470 587 5524 hostium
618 5478 767 5522 metu
800 5468 984 5540 fruges
1005 5479 1134 5524 tunc
1164 5469 1447 5525 abundare
1476 5469 1864 5525 credebantur.

447 5626 533 5697 ιδ)
567 5628 646 5682 Ab
669 5644 815 5683 anno
846 5629 947 5682 565
985 5629 1051 5681 ad
1080 5629 1200 5681 577.
1510 5680 1520 5691 _

744 5719 1004 5780 PATRUL.
1051 5721 1096 5778 (ἱ
1109 5740 1167 5779 ιι.
1217 5720 1322 5781 LX
1334 5722 1383 5780 Χ
1396 5723 1449 5780 Χ
1464 5722 1559 5781 Η.
