4042 6156
414 181 580 245 ’ἒ3ῑ7

1500 180 1561 241 S.
1602 180 1967 241 EUTYCHII
2006 181 2515 240 PATRlARCll/E
2561 181 2670 243 ΟΡ.

3553 183 3689 246 2348

444 290 836 353 remuneratio,
865 291 971 346 hoc
1006 292 1205 362 pignus
1253 294 1522 348 mercedis
1575 295 1804 350 futurre:
1860 295 2003 349 idem

2120 297 2304 366 μάτων
2358 295 2417 347 τὸ
2457 296 2767 366 φάρμακον,
2798 288 2952 357 οὖτος
3002 296 3098 364 τῆς
3165 296 3399 364 ἀγωνίας
3429 299 3455 348 ὁ
3494 300 3689 366 3:57a-

448 386 538 456 qui
569 385 756 440 dolere
790 384 939 449 facit,
962 400 1183 440 rursum
1208 393 1436 440 recreat.

508 656 594 710 (ιρι.
637 655 812 710 Nemo
862 661 1021 724 putet
1068 668 1195 707 eum
1232 653 1354 707 sine
1387 654 1791 708 tentationibus
1827 664 1882 709 et
1929 655 2012 710 af-

441 748 780 803 ﬂictionibus
820 747 1193 816 gravibusque
1251 746 1514 816 periculis
1569 758 1744 801 totum
1797 757 2013 818 tempus

439 840 773 908 transegisse
817 838 870 891 in
906 837 1244 892 monasterio
1296 853 1426 891 suo:
1458 855 1569 892 non
1601 840 1753 893 enim
1782 839 2012 894 deerant

436 934 623 987 hostes
658 932 909 986 visibiles
939 941 996 987 et
1022 931 1355 995 invisibiles,
1389 931 1482 1001 qui
1514 933 1857 1001 conjicerent
1882 947 2009 986 eum

434 1027 490 1080 in
578 1026 856 1080 caminum
938 1024 1345 1086 tentationum,
1419 1014 2010 1093 perturbationumque

435 1117 710 1172 ﬂammam
741 1116 1124 1178 incenderent,
1151 1122 1206 1169 et
1245 1115 1536 1168 doloribus
1569 1115 1691 1184 ejus
1738 1114 2011 1168 adderent

437 1209 863 1270 incrementum,
892 1214 951 1259 ut
1000 1206 1154 1260 illum
1190 1206 1394 1259 Psalmi
1424 1220 1644 1258 versum
1693 1214 1879 1274 posset
1927 1205 2011 1259 di-

435 1314 478 1353 e:
503 1314 559 1352 re
594 1316 606 1351 :
642 1317 659 1348 ι
686 1298 865 1366 Super
888 1297 1134 1351 dolorem
1162 1297 1459 1350 vulnerum
1494 1308 1741 1351 meorum
1775 1294 2007 1350 addide-

436 1399 567 1443 runt
593 1390 657 1444 ⁸⁸.
688 1409 706 1441 ι
734 1388 939 1445 Omnes
975 1399 1156 1443 autem
1203 1398 1457 1443 sanctum
1506 1387 1906 1443 monasterium
1932 1387 2005 1442 ita

435 1482 730 1545 vexabant,
758 1464 819 1535 ut
847 1480 1075 1535 taederet
1103 1496 1203 1535 nos
1223 1481 1390 1534 etiam
1416 1480 1622 1545 vivere,
1653 1479 1758 1534 nisi
1777 1480 2006 1550 angelus

438 1571 652 1626 Domini
684 1571 1093 1635 descendisset,
1125 1579 1181 1625 et
1208 1570 1480 1624 ﬂammam
1540 1570 1679 1641 ignis
1713 1569 2005 1625 discussis-

2123 405 2231 449 νος,
2269 386 2407 458 αὕτη
2461 387 2561 456 τῆς
2605 388 2881 458 ὑπομονῆς
2912 390 2944 457 ῆ
2972 388 3259 451 ἀντίδοσις,
3291 392 3382 442 καὶ
3435 391 3689 461 aptatum

2120 481 2218 545 τῆς
2280 478 2580 550 μελλούσης
2638 478 3083 549 μισθαποδοσίας,
3149 479 3232 532 ὅτι
3291 481 3453 543 αὐτὸς
3511 482 3687 549 ἀλγεῖν

2120 575 2284 636 ποιεῖ,
2316 571 2410 624 καὶ
2435 572 2598 625 πάλιν
2629 570 3083 641 ἀποκαθίστησιν.

2190 662 2279 726 εἷ’.
2314 663 2404 734 Μὴ
2434 663 2543 733 γάρ
2582 680 2663 725 τις
2724 661 2989 716 ὑπολάϐοι
3038 664 3119 716 ὅτι
3161 663 3317 727 ἐκτὸς
3348 667 3688 735 πειρασμῶν,

2117 755 2149 825 ἢ
2184 754 2435 824 θλίψεων,
2469 756 2502 826 ἦ
2527 755 2787 808 κινδύνων
2812 755 2937 824 χαλε
2948 756 3064 808 πῶν
3089 756 3277 825 διῆγεν
3301 759 3358 809 ἐν
3383 758 3460 827 τῷ
3495 760 3689 812 ἑαυτοῦ

2121 844 2470 916 μοναστηρίῳ
2505 844 2597 897 τὸν
2622 844 2837 897 ἅπαντα
2860 845 3048 914 χρόνον
3089 861 3102 874 ⁸
3137 846 3197 898 ού
3225 846 3333 917 γάρ
3374 848 3610 902 διέλιπον
3640 851 3688 902 οἱ

2119 935 2479 1004 ἐμϐάλλοντες
2508 934 2670 988 αὑτὸν
2704 936 2782 998 είς
2804 936 2902 1006 τὴν
2927 936 3157 1015 κάμινον
3191 939 3299 991 τῶν
3329 943 3651 1008 πειρασμῶν
3674 982 3687 1002 ,

2114 1024 2299 1095 ὁρατοί
2338 1042 2399 1078 τε
2452 1026 2545 1078 καὶ
2595 1025 2818 1097 ἀόρατοι
2848 1026 3054 1096 ἐχθροὶ,
3086 1028 3335 1091 καίοντες
3391 1029 3492 1099 τὴν
3522 1031 3690 1099 φλόγα

2113 1110 2224 1164 τῶν
2278 1112 2646 1182 παθημάτων,
2701 1115 2793 1165 καὶ
2846 1114 3161 1183 προσθήκας
3216 1116 3523 1186 ἀλγηδόνων
3545 1121 3733 1189 αύτῴε

2112 1202 2465 1273 παρέχοντες,
2496 1203 2638 1256 κατὰ
2663 1205 2721 1258 τὸ
2755 1204 3026 1276 ψαλμικδν
3047 1204 3249 1273 λόγιον,
3289 1223 3308 1257 α
3348 1209 3457 1260 Καὶ
3494 1209 3589 1260 ἐπὶ
3631 1210 3691 1260 cs
3720 1190 3731 1197 ’

2110 1293 2277 1361 ἄλγος
2307 1293 2417 1346 τῶν
2442 1294 2775 1363 τραυμάτων
2803 1312 2906 1364 μου
2935 1294 3283 1366 προσέθηκαν
3315 1310 3328 1323 ·
3370 1315 3388 1348 ι
3424 1297 3689 1366 πολυτρό-

2108 1402 2227 1448 πως
2255 1385 2439 1439 αὑτῶν
2472 1402 2529 1438 τε
2554 1385 2649 1438 καὶ
2680 1385 2750 1437 δι’
2785 1387 2967 1440 αὐτῶν
2999 1386 3060 1439 τὸ
3096 1386 3291 1453 εὐαγὲς
3338 1388 3689 1449 κακώσαντες

2111 1480 2487 1546 μοναστήριον,
2521 1477 2661 1531 ὥστε
2688 1478 3090 1548 ἐξαπορηθῆναι
3144 1479 3290 1549 ἡμᾶς
3313 1478 3408 1530 καὶ
3431 1477 3525 1530 τοῦ
3568 1480 3686 1547 ζῇν.

2106 1569 2155 1619 εἰ
2185 1567 2261 1639 μὴ
2282 1571 2309 1620 ὁ
2327 1568 2557 1636 ἅγγελος
2586 1570 2788 1640 Κυρίου
2821 1568 3151 1640 συγκατέϐη,
3183 1569 3276 1622 καὶ
3298 1567 3565 1634 ἐξετίναξε
3593 1570 3688 1640 τὴν

434 1673 537 1727 set,
590 1663 921 1733 fecissetque.
950 1662 1195 1717 medium
1252 1661 1500 1741 fornacis
1551 1663 1707 1732 quasi
1769 1674 1996 1717 ventum

2113 1658 2274 1728 ρλόγα
2302 1660 2394 1712 τοῦ
2423 1660 2612 1732 πυρὸς,
2645 1661 2737 1713 καὶ
2769 1661 2987 1725 ἐποίησε
3014 1660 3075 1713 τὸ
3106 1660 3268 1729 μέσον
3316 1660 3415 1729 τῆς
3454 1662 3687 1730 καμίνου

437 1757 581 1810 roris
625 1754 869 1810 ﬂantem.
905 1753 1176 1821 Quoniam
1226 1753 1393 1824 igitur
1448 1755 1742 1824 oportebat
1807 1771 2005 1810 aurum

434 1847 726 1916 probatum
754 1862 783 1900 e
823 1846 1043 1901 fornace
1072 1848 1262 1910 eximi,
1317 1856 1378 1901 ut
1410 1848 1757 1917 splendidius
1789 1852 2008 1906 videre—

439 1947 528 1991 tur
585 1938 806 2007 (taliter
850 1939 998 1993 enim
1054 1946 1183 1993 sunt
1216 1938 1414 2005 sancti,
1448 1940 1546 2009 qui
1596 1949 1881 1997 transeunt
1911 1959 2009 2012 per

441 2029 790 2095 tentationes,
846 2046 1081 2099 quorum
1148 2030 1251 2083 sub
1308 2046 1547 2100 persona
1608 2032 1745 2087 dicit
1798 2033 2006 2088 David:

448 2120 863 2174 «Transivimus
886 2137 984 2190 per
1016 2122 1194 2191 ignem
1227 2129 1283 2176 et
1317 2137 1538 2191 aquam,
1561 2133 1617 2177 et
1638 2123 1875 2177 cduxisti
1911 2139 2009 2179 nos

441 2213 496 2267 in
530 2211 873 2282 refrigerium
923 2214 964 2245 ⁸⁷
994 2232 1011 2264 ι
1041 2214 1080 2282 ),
1117 2213 1281 2267 etiam
1334 2222 1695 2287 pugnatorem
1725 2218 2005 2286 egregium

436 2303 710 2358 ednxitin
746 2304 1095 2373 refrigerium
1141 2304 1310 2369 Deus,
1348 2306 1444 2375 qui
1502 2306 1835 2360 tentationes
1888 2306 2008 2360 dis-

439 2396 634 2450 solvit:
672 2395 831 2450 cNon
868 2403 944 2459 te,
988 2396 1265 2465 inquiens,
1305 2395 1560 2451 deseram
1612 2412 1792 2465 neque
1841 2395 2007 2450 dere-

440 2489 684 2557 linquam
732 2485 806 2538 ":
844 2505 861 2537 ι
925 2486 1391 2555 quemadmodum
1439 2496 1496 2540 et
1545 2486 1842 2554 Apostolus
1893 2484 2005 2539 ait:

447 2598 462 2628 ι
491 2577 695 2632 Fidelis
720 2585 802 2631 est
834 2584 1017 2630 autem
1037 2576 1202 2637 Deus,
1244 2576 1337 2645 qui
1364 2593 1468 2629 non
1492 2576 1735 2645 patietur
1767 2590 1864 2629 vos
1887 2584 2008 2628 ten-

443 2669 541 2723 tari
581 2683 750 2738 supra
783 2667 836 2721 id
867 2667 1011 2737 quod
1045 2666 1297 2737 potestis,
1330 2668 1425 2722 sed
1460 2667 1626 2721 faciet
1675 2683 1798 2721 eum
1832 2674 2009 2720 tenta-

439 2764 588 2816 tione
611 2768 941 2827 proventum
970 2758 1036 2813 ‘9.
1071 2778 1088 2810 ι
1124 2759 1325 2814 Verum
1358 2757 1536 2827 qualis
1579 2757 1831 2812 liberatio
1860 2759 2000 2829 ejus,

430 2853 562 2920 quis
584 2851 794 2905 reditus
816 2850 1002 2914 fuerit,
1040 2849 1285 2904 breviter
1327 2848 1629 2903 videamus.

2108 1751 2186 1814 ὡς
2217 1749 2433 1819 πνεῦμα
2466 1750 2657 1819 δρόσου
2685 1749 3016 1817 διασυρίζον.
3071 1750 3221 1802 Ἐπεὶ
3252 1743 3343 1802 οὖν
3366 1748 3473 1801 ἔδει
3502 1749 3687 1801 λοιπὸν

2108 1841 2201 1894 τὸν
2223 1841 2562 1911 χωνευθέντα
2608 1840 2807 1910 χρυσὸν
2828 1839 3173 1910 ἐξαιρεθῆναι
3199 1839 3297 1907 τῆς
3323 1841 3573 1909 χωνείας,
3600 1841 3686 1893 ἵνα

2112 1937 2252 2004 φανῇ
2307 1933 2688 2005 λαμπρότερος
2715 1932 2968 2003 (τοιοῦτοι
3009 1932 3117 2003 γὰρ
3153 1932 3201 1984 οἱ
3244 1931 3332 1985 διὰ
3364 1932 3688 2002 πειρασμῶν

2107 2026 2439 2097 διερχόμενοι
2489 2025 2655 2094 ἅγιοι,
2681 2018 2756 2077 ὧν
2786 2025 2880 2076 καὶ
2914 2022 2973 2076 τὸ
3017 2022 3309 2092 πρόσωπον
3341 2021 3626 2076 ἀναλαϐὼν
3658 2024 3687 2074 ὁ

2109 2114 2341 2168 Ψάλλων
2389 2115 2596 2184 ἔλεγεν,
2628 2134 2645 2165 ι
2686 2114 2986 2185 Διήλθομεν
3014 2115 3101 2168 διὰ
3131 2115 3301 2186 πυρὸς
3328 2120 3421 2168 καὶ⁵
3472 2115 3685 2180 ὓδατος,

2109 2202 2204 2254 καὶ
2239 2202 2501 2270 ἐξήγαγες
2526 2203 2675 2272 ἡμᾶς
2715 2205 2803 2266 εἰς
2824 2201 3104 2272 ἀναψυχὴν
3139 2222 3157 2254 ι
3185 2203 3230 2273 ),
3254 2203 3439 2272 ἐξάγει
3472 2207 3565 2257 κα)⁵
3594 2205 3686 2258 τὸν

2112 2292 2278 2345 καλὸν
2324 2291 2562 2363 ἀθλητὴν
2592 2294 2671 2355 εἰς
2702 2292 2986 2364 ἀναψυχὴν
3015 2295 3042 2346 ὁ
3074 2293 3180 2347 τῶν
3208 2294 3534 2366 πειρασμῶν
3585 2313 3685 2349 κι-

2109 2383 2345 2453 ταλυτὴε
2372 2383 2524 2447 Θεὸς,
2563 2384 2590 2436 ὁ
2624 2384 2818 2451 λέγων,
2850 2403 2868 2436 ι
2913 2384 2987 2437 Ού
3018 2385 3094 2456 μή
3126 2401 3183 2437 σε
3213 2385 3417 2456 ἀνήσω,
3476 2372 3596 2438 οὐδ’Δ
3621 2388 3685 2439 οὐ

2113 2473 2186 2541 μή
2246 2490 2304 2524 σε
2337 2472 2405 2541 (e)
2455 2473 2829 2541 ἐγκαταλίπω,
2875 2492 2893 2524 ι
2927 2473 3111 2538 καθὼς
3157 2476 3248 2528 καὶ
3292 2476 3320 2527 ὁ
3364 2457 3687 2539 Ἀπόστολός

2110 2580 2295 2633 φησιν,
2337 2584 2355 2614 ι
2398 2564 2591 2627 Πιστὸς
2625 2565 2682 2617 δέ
2710 2566 2857 2619 ἐστιν
2887 2568 2915 2618 ὀ
2948 2566 3103 2629 Θεὸς,
3134 2566 3193 2631 ὃς
3226 2566 3325 2620 οὐκ
3365 2560 3513 2621 ἐάσει
3542 2569 3685 2639 ὑμᾶς

2112 2654 2475 2723 πειρασθῆναι
2502 2653 2645 2725 ὑπὲρ
2666 2654 2693 2706 ὃ
2724 2653 2953 2708 δύνασθε
2988 2656 3331 2725 ὑπενεγκεῖν,
3364 2657 3504 2711 ἀλλὰ
3532 2658 3688 2733 ποιή-

2114 2760 2195 2795 σει
2227 2745 2322 2796 σὺν
2343 2743 2421 2813 τῷ
2445 2744 2742 2814 πειρασμῷ
2768 2745 2861 2798 καὶ
2891 2745 2987 2816 τὴν
3017 2747 3241 2800 ἑκϐασιν
3267 2749 3329 2800 ἐκ
3358 2748 3453 2801 τοῦ
3487 2765 3684 2820 πειρα-

2114 2834 2274 2902 σμοῦ.
2300 2855 2318 2886 ι
2356 2835 2450 2897 Τίς
2476 2834 2532 2887 δὲ
2556 2837 2648 2889 καὶ
2679 2835 2806 2888 ποία
2842 2837 2874 2906 ἡ
2905 2836 3093 2891 τούτου
3122 2837 3366 2904 ἔκϐασις,
3400 2840 3519 2910 ἦτοι
3548 2839 3683 2892 καθ-

2111 2927 2341 2997 αίρεσις,
2366 2926 2686 2999 ἀκούσωμεν
2712 2930 2777 2982 δι’
2807 2929 3021 2999 ὀλίγων.

499 3032 596 3085 ’63.
628 3030 764 3085 Cum
792 3030 860 3093 is,
893 3029 985 3099 qui
1017 3028 1072 3083 in
1095 3027 1282 3083 sedem
1312 3027 1478 3099 hujus
1511 3024 1762 3097 generosi
1794 3024 2007 3095 magni-

2187 3017 2277 3083 ξε’.
2321 3020 2611 3083 Μεταστάς
2640 3019 2791 3073 τοῦδε
2819 3021 2912 3073 τοῦ
2943 3021 3056 3090 βίου
3083 3022 3110 3074 ὁ
3142 3021 3456 3075 ύπεσελθὼν
3483 3023 3565 3086 είς
3591 3023 3684 3076 τὸν

438 3138 545 3191 que
572 3122 674 3174 viri
730 3122 1047 3190 irrepserat,
1094 3119 1385 3189 migrasset
1444 3115 1554 3187 (l7)
1610 3131 1679 3170 ex
1736 3114 1841 3169 hac
1900 3113 2008 3167 vita

440 3227 622 3283 (quem
656 3212 710 3264 in
741 3212 945 3271 locum,
980 3208 1201 3263 noritis
1224 3209 1316 3278 qui
1342 3202 1394 3261 id
1422 3206 1642 3261 arcanis
1677 3205 2007 3276 quibusdam

437 3304 505 3357 de
535 3302 717 3356 causis
767 3301 1018 3371 permisit
1062 3299 1236 3367 ﬁeri),
1269 3299 1393 3367 pius
1446 3297 1688 3368 pepulus
1730 3304 2007 3367 pastorem

438 3395 837 3462 doctoremque
876 3406 1033 3445 suum
1064 3403 1383 3459 reposcens,
1410 3387 1477 3441 ad
1517 3387 1879 3456 imperatores
1916 3386 2012 3441 Ju-

440 3487 645 3542 stinum
676 3492 731 3538 et
757 3481 1061 3542 Tiberium,
1088 3479 1468 3549 imprimisque
1510 3477 1577 3532 ad
1614 3479 2007 3548 imperatorum

440 3592 505 3630 ac
542 3589 729 3646 regum
786 3572 1031 3627 omnium
1060 3587 1252 3626 verum
1284 3570 1707 3639 imperatorem!
1728 3584 1792 3623 ac
1825 3583 2007 3638 regem

436 3668 609 3720 Deum
636 3672 884 3719 nostrum
917 3663 1226 3718 exclamare
1257 3661 1447 3731 erepit,
1498 3668 1562 3715 ut
1594 3659 1700 3715 sibi
1743 3659 2007 3714 reddere-

439 3770 530 3813 tur
567 3757 692 3812 ﬂdei
738 3767 946 3820 custos,
984 3753 1273 3808 Trinitatis
1320 3752 1673 3816 buccinator,
1738 3759 2010 3821 rectaeque

442 3848 726 3918 religionis
746 3847 1025 3909 defensor,
1058 3845 1150 3914 qui
1184 3843 1370 3897 omnia
1437 3843 1695 3897 omnibus
1735 3842 1901 3897 ﬂebat
1950 3852 2010 3897 ut

439 3940 627 4011 plures
655 3938 1025 3992 lucrifaccrct.
1074 3936 1156 3990 llli
1201 3944 1411 3999 autem,
1447 3950 1588 4005 quos
1638 3951 1786 3990 nunc
1844 3935 2003 3989 beata

438 4012 687 4085 continet
712 4030 955 4098 requies,
984 4044 1107 4082 cum
1139 4026 1334 4081 eadem
1376 4026 1673 4090 sentirent,
1707 4026 2011 4096 suscipien-

441 4130 521 4171 tes
541 4117 786 4171 divinum
819 4115 1012 4185 populi
1073 4113 1377 4167 ﬁdelissimi
1412 4113 1656 4169 studium
1688 4124 1744 4170 et
1773 4115 2009 4169 Charita-

416 4206 512 4259 ~tis
536 4206 813 4267 ardorem,
836 4203 1063 4273 quoipsi
1091 4218 1310 4273 quoque
1334 4205 1444 4274 jam
1481 4203 1691 4274 pridem
1722 4220 1847 4273 erga
1879 4220 2007 4257 san-

440 4288 590 4351 etum
604 4298 785 4351 virum
810 4295 1137 4366 ﬂagrabant,
1158 4304 1553 4350 concesserunt
1575 4295 1720 4366 quod
1735 4295 2005 4365 rogaban-

443 4400 553 4451 tur,
613 4389 872 4458 quodque
922 4386 1143 4456 ipsimet
1196 4395 1518 4458 aptaverant
1583 4402 1834 4455 semper,
1891 4394 2006 4439 tum

442 4481 629 4535 multis
654 4481 777 4533 aliis
800 4478 866 4533 de
897 4477 1097 4541 causis,
1132 4486 1246 4532 tum
1285 4478 1354 4532 oh
1392 4492 1511 4531 eam
1540 4476 1832 4546 praecipue,
1862 4476 2008 4544 quod

440 4588 535 4628 eos
592 4573 950 4642 imperatores
1010 4570 1229 4625 futuros
1279 4569 1627 4640 prmdixerat.
1656 4568 1732 4621 De
1783 4568 2006 4637 quibus,

362 4712 377 4729 ,
442 4660 690 4732 quamvis
721 4676 749 4715 a
783 4676 1072 4731 progressu
1104 4658 1354 4713 cohiberi
1406 4656 1532 4710 ideo
1585 4670 1686 4710 nos
1732 4665 2002 4725 Oporteat,

382 4774 385 4779 ·
442 4763 625 4808 tamen
687 4768 811 4807 cum
863 4762 1079 4821 tempus
1140 4751 1245 4804 hoe
1309 4748 1511 4817 exigat,
1560 4762 1732 4817 pauca
1769 4747 2005 4802 dicenda

441 4853 699 4899 suntzne
721 4842 869 4897 illius
890 4841 1199 4911 perieulum
1235 4839 1329 4908 qui
1369 4839 1634 4892 talentum
1692 4836 2000 4904 defoderat,

510 5023 556 5056 “
611 5021 751 5075 Psal.
780 5033 963 5081 uvm,
1002 5016 1092 5070 27.
1169 5015 1215 5045 "
1252 5016 1395 5070 Psal.
1437 5033 1556 5081 lxv,
1602 5014 1685 5067 1'2.
1764 5015 1808 5045 "'
1837 5015 1998 5069 Iosue

2120 5015 2180 5077 5;
2222 5014 2388 5068 llebr.
2433 5031 2548 5079 xm,
2620 5016 2672 5070 5.

512 5197 582 5266 (ε’)
623 5194 903 5266 Scriptum
936 5201 1075 5253 erat,
1127 5190 1237 5266 άνῶ
1274 5191 1397 5266 *καὶ
1453 5188 1851 5266 ἐγκαταλείποι),
1906 5186 1998 5266 δολί

439 5257 908 5338 ῃπιιίιοιιττῇριιιι
938 5278 1004 5315 ex
1041 5261 1176 5338 verb
1201 5277 1226 5312 s
1259 5259 1687 5338 _Deuteronomii
1739 5273 1881 5338 κδξι,
1946 5257 2000 5337 β,

442 5327 537 5389 ian
576 5336 638 5387 de
673 5327 782 5387 Dea
804 5333 1011 5384 dicitur
1059 5331 1113 5399 in
1150 5331 1305 5385 tertia
1338 5344 1595 5399 persona,
1632 5328 1777 5397 quod
1828 5327 1915 5379 hic
1949 5327 2002 5378 in

446 5512 463 5532 ’
510 5507 618 5559 liii
644 5505 918 5561 Morinum
950 5523 1070 5562 esse
1103 5507 1160 5559 5|
1192 5504 1448 5573 Augusti.
1485 5504 1682 5557 imliet.
1734 5503 1815 5567 l0,
1860 5520 2006 5557 anno

435 5576 558 5637 5M,
591 5580 864 5630 Joannem
918 5579 1245 5648 episcopum
1286 5577 1389 5630 (ΣΙ).
1430 5575 1597 5629 tradit
1628 5574 2012 5644 Theophanes.

2114 3110 2302 3180 θρόνον
2334 3111 2426 3164 τού
2456 3112 2760 3165 πολυάθλου
2791 3114 2884 3165 καὶ
2919 3114 3156 3183 μεγάλου
3190 3114 3380 3185 ἀνδρὸς
3413 3116 3492 3186 (ἐν
3522 3109 3567 3183 ᾧ
3595 3116 3683 3169 τό-

2114 3218 2201 3269 πῳ
2234 3197 2374 3253 οἶδεν
2413 3202 2440 3254 ὁ
2484 3202 2571 3255 διά
2599 3220 2749 3265 τινας
2778 3205 3124 3275 ἀπορρήτους
3175 3206 3308 3275 ἡμῖν
3346 3208 3524 3270 αίτίας
3555 3224 3683 3275 συγ-

2114 3291 2309 3362 χωρῶν
2329 3293 2555 3347 τοιαῦτα
2588 3294 2837 3363 γίνεσθαι
2870 3295 3058 3366 Θεὸς),
3090 3296 3184 3349 καὶ
3211 3297 3303 3349 τοῦ
3340 3299 3683 3369 φιλοχρίστου

2112 3383 2242 3436 λαοῦ
2274 3383 2563 3455 ζητοῦντος
2587 3387 2679 3440 τὸν
2705 3387 2913 3440 ἑαυτῶν
2947 3389 3177 3458 ποιμένα
3208 3389 3302 3441 καὶ
3324 3389 3645 3444 διδάσκαλον
3666 3433 3681 3452 ,

2114 3474 2206 3526 καὶ
2230 3475 2329 3537 τάς
2361 3475 2646 3544 ἐκϐοήσεις
2690 3475 3025 3544 ποιουμένου
3062 3476 3219 3548 [πρὸς
3251 3477 3399 3549 τοὺς]
3435 3479 3498 3550 (f)
3531 3480 3687 3549 βασις

2113 3565 2226 3628 λεῖς
2270 3565 2555 3620 ’1ουστίνον
2621 3568 2717 3620 καὶ
2769 3566 3161 3637 Τιϐέριον,καὶ
3213 3569 3317 3638 πρό
3368 3586 3431 3637 γε
3467 3570 3686 3622 πάντωΰ

2112 3655 2204 3708 τὸν
2234 3656 2466 3710 Βασιλέα
2494 3657 2601 3711 τῶν
2642 3656 3035 3728 βασιλευόντων
3057 3699 3071 3724 ,
3099 3660 3189 3713 καὶ
3216 3660 3420 3732 Κύριον
3453 3660 3559 3714 τῶν
3585 3680 3683 3713 κυ-

2117 3749 2400 3818 ριευόντων
2426 3749 2661 3819 Χριστὸν
2686 3749 2776 3802 τὸν
2818 3749 3068 3819 ἀληθινὸν
3106 3751 3234 3804 Θεὸν
3272 3752 3456 3822 ἡμῶν,
3488 3754 3687 3806 ἀποδο-

2113 3838 2271 3909 θῆναι
2303 3839 2500 3903 αὐτοῖς
2531 3839 2621 3892 τὸν
2650 3838 2865 3909 φύλακα
2889 3840 2987 3910 τῆς
3036 3841 3289 3906 πίστεως,
3322 3843 3410 3895 τὸν
3462 3844 3689 3914 κήρυκα

2112 3929 2211 3998 τῆς
2271 3929 2519 4000 Τριάδος,
2550 3930 2641 3984 τὸν
2688 3924 3009 4004 ύπέρμαγζον
3052 3934 3151 4002 τῆς
3202 3933 3530 4003 ὀρθοδοξίας,
3593 3936 3687 3986 τὸν

2115 4021 2290 4073 πάντα
2319 4022 2485 4073 πᾶσιν
2510 4021 2801 4091 γενόμενον
2833 4023 2919 4074 ἴνα
2944 4022 3071 4085 τοὺς
3113 4022 3363 4087 πλείονας
3420 4023 3683 4096 κερδήσῃ.

2113 4110 2296 4163 Ταυτά
2318 4110 2581 4174 παθόντες
2608 4112 2657 4163 οἱ
2684 4114 2740 4164 ἐν
2772 4111 2987 4164 εὐσεϐεῖ
3017 4114 3082 4182 τῇ
3112 4112 3318 4184 μνήμῃ,
3350 4111 3687 4180 ἀποδεξάμε-

2113 4218 2192 4253 νοι
2221 4202 2313 4254 τὸν
2342 4201 2522 4255 ἔνθεον
2557 4203 2738 4273 ζῆλον,
2777 4203 2871 4258 καὶ
2904 4205 2964 4258 τὸ
2995 4204 3197 4275 θερμὸν
3221 4206 3320 4274 τῆς
3349 4207 3569 4277 ἀγάπης
3592 4207 3688 4259 τοῦ

2114 4293 2439 4346 πιστοτάτου
2468 4293 2621 4360 λαοῦ,
2655 4295 2713 4348 ὃν
2739 4295 2897 4365 ἔσχον
2933 4296 3028 4349 καὶ
3053 4296 3208 4349 αὐτοὶ
3248 4296 3483 4350 ἔκπαλαι
3523 4298 3688 4349 πόθον

2115 4383 2195 4444 εἰς
2254 4382 2346 4435 τὸν
2398 4383 2543 4436 ὅσιον
2598 4384 2767 4455 ἄνδρα
2806 4385 3176 4456 ἐφανέρωσαν,
3229 4385 3308 4457 τῷ
3358 4386 3692 4457 φιλοχρίστῳ

2116 4472 2229 4542 λαῷ
2279 4474 2651 4543 παρασχόντες
2703 4474 2802 4545 τὴν
2852 4475 3011 4546 χάριν
3045 4492 3059 4508 ·
3107 4477 3192 4529 ἀεὶ
3239 4477 3347 4547 γὰρ
3394 4478 3692 4547 ἠϐούλοντο

2115 4562 2368 4629 γενέσθαι
2403 4561 2585 4627 τούτοζ
2619 4563 2707 4617 διὰ
2760 4563 2929 4617 πολλὰ
2986 4565 3103 4635 μὲν,
3136 4566 3430 4635 ἐξεραίτως
3481 4566 3537 4619 δὲ
3599 4568 3693 4620 διὰ

2113 4655 2174 4707 τὸ
2206 4657 2523 4722 προσειπεῖν
2581 4653 2743 4707 αὐτὸν
2797 4656 2978 4719 αὺτοῖς
3006 4655 3073 4709 τὰ
3132 4659 3226 4727 τῆς
3271 4658 3549 4727 βασιλείας
3582 4660 3696 4728 πρὸ

2111 4752 2210 4820 τῆς
2244 4747 2537 4817 βασιλείας.
2585 4747 2722 4817 Περὶ
2770 4741 2843 4801 ὧν
2883 4748 3032 4811 ἄξιόν
3080 4750 3246 4812 ἐστιν,
3295 4749 3487 4820 καιροῦ
3529 4749 3695 4803 καλὲ-

2112 4854 2325 4900 σαντος,
2354 4834 2423 4888 δι’
2453 4836 2649 4904 ὀλίγων
2691 4836 3080 4907 ἐξηγήσασθαι,
3113 4836 3213 4891 κᾶν
3244 4838 3291 4889 εἰ
3342 4830 3442 4891 τοῦ
3501 4841 3695 4909 πρόσω

2758 5015 2800 5047 ‘9
2839 5014 3006 5072 lCor.
3043 5034 3096 5081 ι,
3140 5017 3226 5071 15.

2108 5187 2438 5265 primasz
2474 5190 2662 5265 ἀνήσει
2686 5207 2767 5253 σε,
2799 5192 2929 5265 ούδέλ
2952 5194 3026 5263 μή
3085 5210 3145 5246 σε
3172 5194 3532 5265 ἐγκαταλίπῃ.

2118 5327 2146 5396 β
2182 5258 2264 5339 (Ῑ)
2305 5259 2539 5343 [tersum
2604 5259 2661 5314 in
2714 5258 2990 5333 ecgrapho
3015 5258 3283 5329 erratum,
3330 5258 3697 5332 ποιουμένους

2152 5340 2382 5390 ασελεις.

2152 5340 2382 5390 ασελεῐς.

2117 5504 2192 5644 Bc
2246 5503 2565 5629 οιρζιςὶηιιιε
2609 5504 2669 5557 21
2709 5505 2994 5562 Februarii
3070 5509 3216 5564 inter
3262 5507 3699 5577 Praetermissos,

2162 5591 2246 5643 ag.
2278 5596 2341 5627 ιο
2383 5613 2398 5629 .
2703 5609 2712 5620 -

2162 5591 2246 5643 ag.
2275 5591 2398 5629 κοῦ.
2703 5609 2712 5620 ·
