4042 6156
287 235 390 300 ἓὲξ

1819 222 2011 281 νιΤΑ.

3391 225 3530 288 2350

289 347 608 418 εἱργώμεθα
647 357 662 373 ⁶
695 343 754 396 οὐ
780 341 890 414 γΞιρ
925 341 1082 410 θέμις
1115 340 1216 410 τὴν
1247 335 1340 391 τοῦ
1375 334 1510 389 Θεοῦ
1535 335 1694 405 χάριν
1721 334 1854 406 λήθῃ

1962 333 2016 386 in
2049 331 2210 386 nobis
2238 345 2460 402 quoque
2515 331 2700 386 locum
2727 329 2948 386 habeat.
3001 332 3132 400 Quae
3187 335 3353 406 igitur
3419 341 3528 396 illis

289 439 690 512 παραδραμεῖν,
723 437 808 489 ἵνα
861 435 934 502 μὴ
976 435 1004 484 6
1049 431 1294 493 κίνδυνος
1349 429 1440 481 τοῦ
1491 429 1767 498 χώσαντος
1801 427 1860 480 τὸ

287 533 574 593 τάλαντον,
599 529 742 601 λάϐῃ
775 528 896 582 καθ’
931 525 1089 596 ἡμῶν
1113 524 1320 596 χώραν.
1365 523 1518 586 Λέξω
1545 521 1638 574 οὖν
1669 521 1738 574 τὰ
1765 537 1860 574 κα-

287 625 358 678 τὰ
389 624 698 694 πρόγνωσιν
723 621 907 682 αὐτοῖς
932 617 1224 688 εἰρημένα.

365 717 468 780 ξιξ.
491 713 602 784 Πρὸ
643 710 868 780 τριῶνῆ
905 711 998 762 καὶ
1033 708 1166 778 πρὸς
1213 706 1424 776 χρόνων
1449 705 1546 775 τῆς
1581 703 1860 772 βασιλείας

299 805 610 864 Ίουστίνου,
645 797 1003 869 ἀπεκαλύφθη
1063 797 1141 866 τῷ
1192 796 1444 864 βλέποντι
1500 795 1596 848 καὶ
1639 794 1860 863 μεγάλῳ

288 897 554 967 ἀρχιερεῖ,
601 897 683 948 ὅτι
733 892 914 962 μέλλει
951 888 1290 960 βασιλεύειν.
1319 889 1414 949 Ὃς
1447 887 1610 956 μηδὲν
1669 885 1864 956 μελλή-

291 1009 410 1052 σας,
446 989 611 1042 θέλων
636 986 798 1039 αὐτὸν
829 982 1078 1054 στηρίξαι
1103 983 1182 1044 εἰς
1217 981 1308 1033 τὸν
1349 979 1512 1048 φόϐον
1554 979 1648 1030 τοῦ
1699 977 1856 1042 Θεοῦ,

289 1083 384 1134 καὶ
430 1079 828 1148 ἀσσαλέστερον
891 1076 1114 1145 ποιῆσαι
1154 1076 1250 1128 τοῦ
1319 1075 1698 1146 ἐπιμελεῖσθαι
1759 1073 1860 1144 τῆς

291 1172 481 1225 ἑαυτοῦ
537 1169 678 1223 κατὰ
705 1169 840 1222 Θεὸν
885 1169 1052 1236 ζωῆς,
1087 1168 1144 1219 ἐν
1201 1169 1300 1237 μιᾷ
1337 1166 1520 1236 ἡμέρᾳ
1560 1165 1857 1234 προκένσου

289 1267 440 1326 ὄντος
467 1265 522 1314 ὲν
555 1265 675 1324 ταῖς
715 1261 1162 1322 Ίουκουνδιαναῖς
1187 1259 1286 1330 (g),
1318 1257 1508 1310 ἔλασεν
1539 1255 1626 1308 τὸν
1645 1257 1861 1308 ’ἰουστῖη

289 1373 380 1408 νον
409 1358 464 1408 ἐν
496 1353 748 1418 ἰδιάζοντι
773 1353 924 1422 τόπῳ
948 1353 976 1404 ὁ
1009 1350 1102 1404 τοῦ
1123 1349 1260 1403 Θεοῦ
1296 1349 1548 1420 θεράπων
1575 1345 1858 1416 Εύτύχιος,

289 1451 348 1500 ἐν
445 1447 535 1498 καὶ
573 1445 732 1516 θυρὶς
751 1441 818 1515 ἦν
851 1443 1032 1514 (τοῦτο
1059 1442 1168 1512 γὰρ
1203 1441 1262 1494 τὸ
1307 1443 1554 1510 σημεῖον,
1585 1440 1659 1500 ὡς
1689 1439 1857 1491 πάλαι

291 1539 418 1590 ποτὲ
463 1539 490 1589 6
523 1535 708 1604 βουνὸς
756 1534 986 1604 μάρτυς,
1041 1531 1517 1605 παρελαμϐἁνετο)
1559 1533 1654 1584 καὶ
1710 1530 1858 1598 λέγει

289 1626 456 1695 αὐτῷ’
499 1627 786 1686 Ἄκουσον,
815 1625 940 1694 κῦρι
987 1627 1015 1676 6
1057 1621 1495 1692 κουροπαλάτης,
1529 1623 1577 1673 εἰ
1622 1619 1716 1672 καὶ
1761 1637 1860 1671 τα-

291 1718 488 1780 πεινὸς,
517 1717 702 1779 δοῦλος
733 1715 829 1770 καὶ
898 1716 1078 1785 ἱερεύς
1105 1717 1218 1784 εἰμι
1245 1713 1341 1767 τοῦ
1373 1711 1507 1766 Θεοῦ
1530 1729 1544 1744 ο
1577 1713 1856 1766 ἀπεκάλυ-

287 1809 386 1876 ψέν
420 1827 505 1877 μοι
527 1809 611 1860 ὅτι
645 1825 727 1861 σοι
769 1807 916 1878 μένει
939 1810 973 1878 ἡ
1007 1807 1254 1876 βασιλεία
1289 1805 1425 1876 μετὰ
1471 1803 1567 1875 τὴν
1595 1805 1858 1874 κοίμησε-ι

291 1901 384 1953 τοῦ
411 1901 551 1953 θείου
581 1917 674 1953 σου
707 1919 722 1931 ·
752 1901 846 1954 καὶ
881 1899 1044 1970 βλέπε
1081 1899 1154 1968 μὴ
1186 1897 1492 1968 ἀσχοληθῇς
1521 1891 1622 1949 ὧδε
1651 1897 1813 1950 κάκεῖ
1838 1939 1854 1962 ,

293 1991 422 2044 ἀλλὰ
451 1994 682 2064 πρόσεχε
709 1993 940 2062 σεαυτῷ,
975 1993 1069 2046 καὶ
1107 1991 1266 2060 γενοῦ
1297 1992 1446 2056 ἄξιος
1481 1993 1560 2053 εἰς
1588 1991 1647 2044 τὸ
1683 1993 1857 2044 ποιεῖν

291 2087 348 2137 τ’)
378 2085 582 2154 θέλημα
617 2085 708 2138 τοῦ
731 2084 887 2138 θεοῦ.
918 2085 1136 2137 Τούτων
1188 2083 1425 2146 ἀκούσας
1477 2083 1586 2134 τῶν
1633 2081 1807 2147 λόγων
1828 2083 1857 2134 6

305 2179 594 2240 Ἰούστίνος,
627 2177 1030 2248 ηὖχαρξστησεν
1060 2175 1136 2244 τῷ
1165 2175 1304 2242 Θεῷ,
1337 2176 1430 2227 καὶ
1465 2171 1617 2226 εἶπεν
1645 2173 1722 2244 τῷ
1753 2191 1849 2242 μευ

292 2272 454 2340 γάλῳ,
483 2271 538 2322 'U
553 2271 684 2334 Θεὸς
701 2269 920 2333 ἀξιώσει
945 2286 1010 2338 με
1037 2265 1178 2320 κατὰ
1197 2267 1256 2318 τὸ
1281 2267 1493 2335 θέλημα
1515 2265 1678 2319 αὐτοῦ
1703 2265 1856 2317 πολι-

291 2363 598 2426 τεύσασθαι,
635 2363 728 2415 καὶ
761 2362 864 2414 ὑπὸ
896 2361 988 2414 σοῦ
1009 2359 1350 2414 διοικεῖσθαι.
1387 2359 1498 2412 Καὶ
1541 2360 1714 2413 ταῦτα
1758 2361 1855 2428 μὲν

291 2453 348 2504 ὲν
389 2452 614 2513 τούτοις.
647 2452 816 2503 Ὅταν
842 2449 896 2502 δὲ
924 2445 992 2520 ἦν
1029 2449 1058 2500 ὁ
1089 2449 1260 2518 μέγας
1307 2449 1364 2500 ὲν
1402 2451 1468 2518 τῇ
1503 2450 1650 2518 νήσῳ
1678 2451 1744 2518 τῇ
1769 2449 1852 2500 λε-

289 2541 488 2612 γομένῃ
519 2542 870 2611 Πριγκίππῳ,
915 2541 1210 2612 διηγήσατο
1253 2541 1384 2608 ἡμῖν
1419 2542 1476 2591 ἐν
1514 2541 1612 2610 μιᾷ
1665 2541 1850 2610 ἡμέρα

289 2634 478 2701 λέγων,
503 2635 582 2686 ὅτι
627 2635 718 2686 Ἐν
743 2635 978 2704 ὁράματι
1007 2637 1104 2703 τῆς
1129 2631 1323 2694 νυκτὸς
1375 2632 1590 2701 σπάθην
1641 2649 1730 2702 μοι
1771 2633 1854 2684 δέ-

289 2723 455 2777 ὃωκέν
505 2741 609 2788 τις,
659 2725 887 2795 ἔχουσαν
935 2725 1203 2794 στηθάρια
1253 2725 1362 2776 τῶν
1412 2724 1503 2776 δύο
1566 2723 1852 2776 Ἰουστίνου

289 2818 385 2872 καί
423 2817 620 2886 Σοφίσς
679 2819 777 2888 τῆς
821 2817 984 2870 αὐτοῦ
1028 2815 1261 2882 συζύγου
1288 2833 1300 2845 ·
1352 2817 1446 2868 καὶ
1499 2815 1854 2886 προσεγέλων

293 2925 408 2978 μοι,
431 2907 523 2960 καὶ
549 2905 602 2958 τί
634 2906 744 2976 ἄρα
771 2906 1022 2975 σημαίνει
1050 2907 1243 2970 τοῦτο;
1275 2907 1385 2958 Καί
1407 2923 1492 2968 τις
1543 2905 1654 2957 τῶν
1704 2922 1849 2975 παρ-

1967 425 2328 493 prtcnuntiata
2349 423 2574 486 fuerint,
2629 425 3092 480 commemorabo.

2035 713 2121 768 66.
2159 713 2334 767 Annis
2368 713 2587 768 circiter
2627 713 2805 768 tribus
2835 723 2962 768 ante
3023 713 3318 784 imperium
3356 715 3531 770 Justi-

1963 805 2016 858 ni
2056 804 2189 875 (.58),
2225 819 2423 874 magno
2451 813 2505 858 et
2531 803 2716 858 futura
2749 804 3106 874 prospicienti
3151 804 3398 873 pontifici
3431 822 3530 875 pa-

1963 895 2224 950 tefactum
2261 895 2384 957 fuit,
2431 896 2608 964 ipsum
2643 897 3063 965 imperaturum.
3101 895 3204 962 Qui
3259 897 3406 950 nulla
3438 897 3526 950 in-

1963 987 2224 1056 terposita
2251 1003 2422 1050 mora,
2463 997 2522 1041 ut
2549 1003 2674 1041 eum
2703 987 2756 1040 iu
2781 988 2878 1042 Dei
2905 988 3108 1042 timore
3155 986 3526 1050 confirmaret,

1963 1079 2276 1148 faceretque
2328 1094 2454 1133 eum
2487 1079 2786 1132 sollicitius
2816 1079 2984 1134 vitam
3019 1095 3084 1134 ex
3107 1081 3312 1149 pietate
3371 1081 3530 1134 insti-

1963 1179 2141 1234 tuere,
2201 1186 2326 1224 cnm
2375 1171 2430 1224 in
2483 1170 2844 1224 Jucundianis
2896 1185 3190 1240 processus
3236 1180 3526 1240 ageretur,

1964 1261 2198 1330 quodam
2251 1261 2360 1322 die,
2423 1261 2600 1329 ipsum
2658 1263 2712 1315 in
2754 1271 3030 1316 secretum
3095 1262 3394 1325 sevocavit,
3433 1263 3528 1316 ttbi

1961 1351 2340 1407 eratfencstra
2372 1353 2498 1420 (hoc
2535 1353 2681 1406 enim
2718 1354 2931 1422 signum
2989 1353 3393 1416 assumebatur,
3447 1355 3526 1408 uti

1963 1443 2206 1511 lapidum
2239 1445 2494 1497 cumulus
2513 1443 2640 1496 olim
2671 1443 3046 1497 testimonium
3071 1443 3286 1512 fuit),et
3315 1464 3327 1496 :
3363 1443 3526 1508 Audi,

1965 1534 2166 1604 inquit,
2208 1534 2430 1588 domine
2465 1533 2829 1602 curepalates,
2858 1533 3110 1604 quamvis
3135 1536 3360 1589 humilis
3403 1552 3528 1606 ego,

1963 1641 2154 1680 servus
2189 1635 2369 1678 tamen
2403 1633 2458 1678 et
2485 1625 2744 1678 sacerdos
2766 1625 2860 1679 Dei
2895 1641 3038 1688 sum,
3076 1625 3164 1680 cui
3200 1627 3316 1696 ipse
3363 1627 3532 1698 signi-

1963 1714 2166 1776 ficavit,
2207 1724 2258 1768 tc
2285 1714 2758 1783 postavnnculmn
2819 1723 2970 1767 tuum
2995 1715 3398 1784 imperatorem
3441 1719 3530 1770 fu-

1961 1817 2166 1860 turum.
2203 1807 2380 1872 Quare
2409 1805 2534 1859 vide
2563 1821 2634 1859 ne
2667 1807 2774 1859 huc
2825 1807 3308 1862 illncdistraharis
3355 1825 3526 1862 oecu-

1959 1899 2316 1968 pationibus;
2351 1898 2444 1952 sed
2498 1899 2720 1952 attende
2773 1899 2890 1958 tibi,
2932 1908 2988 1952 et
3045 1915 3268 1968 operam
3324 1901 3412 1958 da.
3471 1913 3530 1954 ut

1957 1991 2157 2061 dignus
2182 1991 2384 2044 evadas
2424 1991 2516 2058 qui
2557 1991 2814 2060 perficias
2851 1991 2944 2044 Dei
3003 1991 3368 2046 voluntatem.
3434 1995 3529 2046 llis

1957 2084 2184 2146 auditis,
2221 2085 2424 2152 gratias
2454 2084 2566 2154 egit
2599 2083 2710 2137 Deo
2734 2083 3009 2146 Justinus,
3067 2093 3124 2138 et
3165 2085 3283 2138 viro
3331 2101 3526 2156 magno

1959 2175 2012 2227 in
2049 2175 2197 2228 lnmc
2235 2175 2459 2228 modum
2499 2175 2786 2244 respondit
2819 2194 2830 2228 :
2891 2177 3034 2230 Deus
3067 2193 3153 2231 me.
3188 2178 3412 2247 dignum
3444 2177 3524 2230 fa-

1956 2267 2084 2322 ciat.
2121 2277 2180 2320 ut
2209 2267 2474 2322 voluntati
2499 2268 2619 2337 ejus
2653 2267 3054 2338 obtemperent,
3090 2287 3286 2340 meque
3319 2272 3521 2340 guber-

1955 2373 2080 2410 nem
2106 2367 2158 2410 et
2187 2373 2368 2426 regam
2391 2357 2622 2410 arbitrio
2651 2367 2762 2412 lno.
2793 2359 2966 2428 Atque
3007 2361 3122 2416 hanc
3169 2363 3396 2430 quidem
3443 2365 3524 2418 sic

1957 2457 2077 2502 acta
2101 2457 2249 2503 sunt.
2291 2447 2425 2504 Cum
2449 2459 2635 2503 autem
2673 2451 2758 2504 vir
2787 2467 3014 2521 magnus
3053 2463 3200 2508 esset
3247 2455 3300 2508 in
3349 2455 3526 2509 insula

1955 2556 2078 2609 qum
2109 2539 2384 2609 Principis
2411 2540 2637 2602 dicitur,
2663 2541 2900 2610 quodam
2936 2543 3024 2597 die
3064 2546 3384 2615 colloquens
3433 2565 3554 2632 ηιμ.

1955 2633 2072 2686 bis:
2109 2633 2164 2686 In
2199 2633 2432 2694 visione,
2455 2633 2654 2702 inquit,
2675 2635 2850 2688 noctis
2882 2636 3102 2703 quidam
3129 2639 3262 2692 mihi
3288 2639 3526 2709 gladium

1955 2723 2132 2789 dedit,
2192 2726 2567 2778 continentem
2623 2725 2890 2796 imagines
2940 2727 3140 2782 Justini
3194 2741 3249 2784 et
3310 2731 3529 2802 Sophia:

1957 2816 2204 2886 conjugis
2237 2817 2377 2886 ejus,
2414 2815 2506 2884 qui
2569 2817 2704 2871 mihi
2755 2819 3116 2873 arridebant:
3160 2821 3290 2891 quid
3341 2835 3525 2878 autem

1955 2906 2062 2962 hoc
2109 2907 2286 2960 dicam
2341 2907 2690 2976 significare?
2735 2909 2970 2974 Quidam
3025 2927 3160 2966 vero
3225 2916 3526 2968 astantium

292 2997 590 3068 ισταμένων
623 2995 942 3065 ἀποκριθεὶς
993 2991 1172 3058 εἶπεν,
1220 2995 1330 3064 Τὴν
1384 2995 1558 3066 τομὴν
1622 2997 1740 3064 ἦτοι
1793 2995 1853 3046 τὸ

1959 2997 2297 3066 respondens
2321 2997 2458 3052 dixit
2481 3017 2492 3051 :
2525 2997 2870 3055 Decisionem
2901 3003 3016 3056 sive
3041 3003 3202 3058 finem
3235 3007 3354 3074 cjtts
3377 3008 3526 3074 quod

287 3092 438 3152 τέλος
461 3091 554 3160 τῆς
573 3087 920 3154 κατασκευῆς
947 3085 1041 3138 τοῦ
1065 3087 1388 3157 πράγματος
1421 3083 1755 3157 ἐθεώρησας.
1799 3084 1856 3136 ὐ

287 3183 344 3236 δὲ
367 3177 534 3246 εἶπεν,
563 3181 677 3235 Οὐκ
703 3179 848 3232 ἔστιν
871 3177 1062 3240 οὕτως,
1081 3179 1215 3232 ἀλλὰ
1245 3179 1400 3231 αὐτοὶ
1422 3177 1854 3247 βασιλεύσουσιν,

287 3274 388 3327 καὶ
434 3271 732 3326 ὲκδικοῦσίν
776 3287 879 3336 με·
920 3269 1206 3338 βασιλικὴν
1255 3267 1362 3340 γὰρ
1413 3269 1682 3338 ἀμφίασιν
1719 3264 1855 3320 εἶδον

287 3365 484 3427 αὐτοὺς
504 3365 664 3434 φοροῦ
675 3380 818 3423 ντας.
833 3363 943 3415 Καὶ
957 3361 1039 3414 ὅτι
1068 3362 1164 3430 μὲν
1183 3361 1556 3425 ἐϐασίλευσαν,
1577 3359 1754 3428 δῆλον·
1775 3359 1855 3412 ὅτι

285 3459 346 3512 δὲ
409 3459 498 3509 καὶ
551 3455 868 3524 ὲξεδῖκησαν
923 3455 1120 3507 αύτὸν·
1188 3453 1414 3515 πολλοὺς
1477 3453 1584 3524 γὰρ
1633 3451 1854 3514 ἐπεξελ-

289 3549 406 3602 θεῖν
435 3549 504 3618 (Ιι)
527 3547 634 3599 τῶν
663 3547 778 3599 κατ’
804 3545 965 3598 αὑτοῦ
1000 3547 1328 3614 γενομένων,
1361 3547 1452 3599 ἐπὶ
1483 3547 1549 3616 τῇ
1582 3543 1745 3596 αὑτοῦ
1772 3545 1856 3596 ἐκ·

291 3639 442 3708 ϐολῇ,
461 3639 552 3691 καὶ
579 3639 776 3700 πάντες
793 3637 1032 3706 οἴδαμεν.
1052 3638 1210 3690 Ἀλλὰ
1237 3653 1302 3689 πε
1315 3637 1368 3706 pi.
1397 3639 1604 3690 τούτων
1627 3633 1855 3688 τοιαῦτα

289 3735 390 3786 καὶ
427 3730 772 3802 προεμηνύθη
831 3729 926 3782 καὶ
981 3729 1430 3798 ἁπετελέσθη.Τί
1471 3729 1526 3781 δὲ
1578 3729 1672 3782 καὶ
1724 3729 1853 3798 περὶ

289 3825 558 3894 Τιϐερίου,
609 3823 700 3876 τοῦ
741 3825 798 3874 ἐν
854 3822 1068 3875 εὐσεϐεῖ
1123 3824 1188 3892 τῇ
1262 3823 1474 3894 μνήμῃ,
1532 3822 1851 3890 προεῖπενό

289 3919 456 3977 ὅσιος,
481 3915 694 3984 ἴδωμεν.

365 4007 458 4074 ξζν.
489 4009 704 4078 Πρῶτον
737 4007 830 4078 μὲν
861 4007 940 4058 ὅτι
975 4008 1133 4060 αὑτὸν
1163 4007 1251 4059 τὸν
1297 4009 1570 4079 Τιϐέριον,
1606 4009 1852 4080 νοτὰριον

287 4105 439 4167 ὄντα,
493 4103 754 4172 παρέθετο
787 4098 864 4169 τῷ
919 4099 1191 4169 Ἰουστίνῳ
1239 4099 1344 4166 πρὸ
1377 4103 1474 4168 τῆς
1505 4099 1668 4152 αὑτοῦ
1699 4099 1852 4168 βασι-

289 4195 456 4256 λείας.
495 4193 686 4245 Λοιπὶν
719 4193 774 4244 δὲ
821 4185 1093 4258 διάγοντος
1142 4191 1394 4258 Τιϐερῖου
1445 4193 1501 4242 ἐν
1543 4190 1852 4260 τῷΣιρμίῳ

287 4283 472 4332 ἕνεκεν
513 4279 602 4331 τοῦ
657 4277 940 4348 Ἄϐαρικοῦ
993 4278 1252 4347 πολέμου,
1310 4279 1548 4348 ἔγραψεν
1614 4280 1762 4347 αὐτῷ
1823 4281 1850 4332 ὁ

1960 3105 2110 3144 nunc
2140 3089 2374 3144 struitur
2406 3091 2613 3162 negotii
2637 3092 2845 3148 vidisti.
2875 3095 2944 3148 At
2975 3097 3068 3151 ille
3095 3116 3108 3150 :
3163 3097 3407 3162 Minime,
3443 3102 3530 3154 in-

1959 3179 2120 3250 quit,
2169 3180 2265 3236 sed
2319 3179 2375 3236 bi
2427 3181 2532 3252 ipsi
2597 3183 2928 3253 regnabunt,
2959 3189 3526 3254 etmevindieabunt;

1959 3271 2315 3340 imperatorio
2337 3271 2482 3326 enim
2499 3255 2690 3328 babitu
2713 3274 2936 3330 indutos
2952 3279 3232 3348 conspexi.
3249 3281 3404 3348 Quod
3433 3283 3504 3334 im
3519 3312 3533 3321 -

1959 3363 2276 3432 peraverint
2316 3365 2670 3436 perspicuum
2729 3374 2836 3426 est.
2883 3378 2938 3423 et
2985 3371 3130 3438 quod
3185 3373 3360 3442 ipsum
3419 3374 3530 3426 sint

1959 3451 2060 3504 ttlti
2083 3468 2094 3503 :
2125 3467 2250 3506 nam
2278 3454 2736 3510 condemnavisse
2764 3457 2968 3512 multos
2985 3475 3177 3514 eorum
3204 3463 3298 3530 qui
3327 3463 3380 3518 in
3408 3464 3527 3534 ejus

1957 3543 2226 3612 cjectione
2269 3553 2460 3598 contra
2493 3545 2673 3614 ipsum
2714 3547 2953 3612 fuerant,
3001 3565 3193 3606 omnes
3247 3554 3525 3608 novimus.

1957 3636 2146 3706 Itaque
2169 3635 2284 3690 haec
2315 3636 2384 3690 ab
2419 3635 2512 3689 illo
2547 3639 3012 3706 utpraenuntiata,
3059 3641 3140 3693 sic
3189 3651 3244 3696 et
3286 3645 3528 3712 perfecta

1958 3735 2108 3781 sunt.
2136 3726 2276 3793 Quid
2307 3742 2480 3795 porro
2519 3727 2586 3780 de
2613 3729 2718 3796 piae
2768 3730 3044 3784 memoria:
3068 3731 3294 3786 Tiberio
3323 3735 3525 3802 praedi-

1960 3819 2122 3882 xerit,
2161 3818 2472 3878 videamus.

2027 3999 2114 4054 67.
2141 3999 2384 4053 Primum
2407 3998 2630 4068 quidem
2659 3999 2836 4068 ipsum
2862 3999 3170 4062 Tiberium.
3207 4011 3337 4058 tunc
3371 4011 3529 4059 nota-

1955 4093 2122 4156 rium,
2146 4089 2290 4160 apud
2321 4087 2621 4152 Justinum,
2648 4101 2943 4159 antequam
3002 4101 3148 4148 esset
3203 4093 3524 4162 imperator,

1955 4183 2248 4238 collocavit
2274 4200 2286 4236 :
2313 4181 2513 4236 deinde
2553 4197 2676 4235 cum
2705 4183 2846 4250 apud
2881 4182 3140 4238 Sirmium
3170 4187 3280 4256 (49)
3311 4188 3526 4244 Avarici

1955 4277 2084 4330 belli
2114 4291 2278 4330 causa
2303 4283 2516 4345 ageret,
2545 4274 2770 4344 scripsit
2794 4274 2859 4326 ad
2904 4291 3030 4330 cum
3085 4279 3168 4342 vir
3224 4279 3528 4336 admirabi-

289 4372 585 4440 θαυμάσιος
619 4370 942 4440 προφάσεως
980 4369 1352 4438 ἀνακυψάσης·
1421 4371 1452 4438 ἡ
1485 4369 1540 4421 δὲ
1576 4371 1849 4438 πρόφασις

1959 4371 2063 4426 lis:
2131 4367 2411 4424 scribendi
2471 4377 2658 4420 autem
2699 4367 3050 4421 occasionem
3101 4369 3246 4424 hanc
3289 4372 3524 4428 habuit:

289 4463 358 4534 ἦν
391 4467 556 4533 αύτη’
609 4465 886 4534 τριϐοὖνὸς
929 4481 1010 4526 τις
1053 4463 1146 4516 τοῦ
1198 4463 1570 4530 καθεζομένου
1613 4462 1848 4532 ἀριθμοῦ

293 4559 348 4606 ἐν
367 4556 647 4626 Ἃμασείᾳ,
682 4553 850 4606 θέλων
878 4553 964 4605 διὰ
997 4553 1358 4623 συγκρότησιν
1397 4555 1491 4605 καὶ
1515 4553 1850 4622 προστασίαν

293 4647 628 4716 οἱκειωθῆναι
657 4645 732 4714 τῷ
763 4644 1016 4714 Τιϐερίῳ,
1048 4647 1348 4715 γράμματα
1379 4644 1558 4696 λαϐὼν
1611 4645 1718 4694 ἀπὸ
1754 4643 1848 4696 τοῦ

291 4739 457 4798 ὁσίου,
497 4735 786 4806 προθύμως
821 4736 1060 4804 ἀπῆλθεν
1111 4737 1246 4806 πρὸς
1301 4735 1464 4787 αὑτὸν
1501 4737 1580 4797 εἰς
1613 4735 1673 4786 τδ
1721 4735 1848 4802 Σίρ-

295 4847 430 4896 μιον.
455 4829 562 4880 Καὶ
591 4831 618 4879 ὁ
648 4829 745 4896 μὲν
773 4829 966 4890 σκοπὸς
996 4827 1094 4894 τῆς
1132 4827 1412 4898 ὀρωμένης
1461 4827 1753 4893 ἐπιστολῆς
1783 4823 1850 4897 ἦν

291 4913 440 4982 οὗτος
463 4937 476 4948 ·
511 4913 614 4987 εἶχε
639 4919 696 4970 δὲ
713 4919 770 4970 ἐν
801 4919 937 4987 αὐτῇ
964 4918 1058 4969 καὶ
1092 4916 1186 4986 τὴν
1221 4917 1526 4988 πρόρρησιν
1561 4917 1660 4984 τῆς
1693 4917 1850 4984 βασι-

291 5009 458 5072 ἰεξας·
487 5011 784 5079 περιείχετο
799 5009 906 5078 γὰρ
931 5008 1067 5077 μετὰ
1097 5009 1156 5060 τὸ
1187 5009 1468 5078 προοίμιον
1505 5009 1605 5077 τῆς
1633 5009 1850 5060 ἐπιστο-

364 5153 444 5220 (g)
483 5151 857 5212 Jucundiante,
893 5161 1030 5208 teste
1073 5153 1340 5222 Procopio
1389 5167 1509 5223 cap.
1538 5154 1662 5208 ult...
1689 5153 1846 5208 locus

297 5233 442 5274 extra
463 5223 672 5280 urbem.
709 5223 1096 5291 augustissimo
1119 5225 1320 5292 palatio
1345 5239 1442 5293 per
1469 5223 1844 5278 Justinianum

299 5301 570 5346 EXSU’UCIO
599 5301 844 5346 ornatur.

363 5423 634 5492 (5,8)Ergo
671 5425 816 5478 circa
847 5443 976 5478 ann.
1029 5425 1163 5490 565;
1203 5435 1422 5480 mortuo
1472 5427 1620 5482 enim
1666 5427 1838 5480 Justi-

299 5491 722 5562 nizmoangfjtiti,
757 5497 820 5548 tt
843 5497 1182 5562 Novembris,
1229 5497 1480 5551 Justinus
1533 5513 1600 5552 ex
1656 5513 1846 5550 sorore

305 5557 574 5624 Vi;.-sl.mtia
609 5581 800 5632 nepos.
825 5569 1108 5620 sum-estsit.

377 5633 476 5690 iiii}
515 5635 870 5698 'l'ln-oplaaues
922 5637 988 5690 ad
1039 5653 1240 5690 annum
1290 5637 1488 5692 Justini
1526 5639 1576 5702 9,
1639 5637 1840 5692 Christi

1960 4463 2217 4516 tribunus
2249 4460 2467 4530 quidam
2510 4459 2742 4512 militum
2767 4459 3010 4514 Amasene
3042 4469 3526 4528 commorantium,

1957 4555 2187 4623 cupiens
2238 4551 2381 4622 apud
2415 4549 2696 4605 Tiberium
2746 4551 2884 4605 inire
2937 4554 3190 4622 gratiam,
3225 4562 3466 4628 acceptis
3497 4577 3526 4614 a

1955 4653 2148 4698 sancto
2173 4645 2293 4697 viro
2323 4641 2788 4696 commendatitiis
2845 4643 3070 4708 litteris,
3099 4647 3358 4704 Sirmium
3399 4651 3526 4706 'ala-

1960 4736 2128 4790 criter
2174 4745 2260 4790 est
2291 4733 2592 4804 profectus.
2643 4734 2902 4803 Epistolas
2957 4751 3090 4791 vero
3137 4753 3524 4810 argumentum

1956 4824 2425 4894 eratllujusmodi,
2451 4833 2508 4876 ut
2527 4823 2742 4892 imperii
2770 4840 2988 4894 quoque
3009 4831 3524 4896 prmnuntiationem

1956 4917 2297 4978 contineret;
2333 4923 2454 4984 post
2487 4915 2814 4981 prommium
2839 4915 2984 4968 enim
3014 4919 3388 4985 sequebantur
3413 4923 3524 4974 lucc

1957 5007 2122 5062 verba
2151 5025 2163 5060 :
2197 5006 2356 5060 Nunc
2379 5005 2598 5074 quidem
2633 5005 2684 5057 in
2706 4993 2860 5073 parte
2890 5007 3204 5076 reipublicae
3252 4993 3522 5082 guberna-

1995 5151 2100 5276 ὰυιξ
2133 5153 2210 5206 lta
2243 5152 2482 5273 ctarrcxi,
2507 5167 2609 5222 pro
2631 5165 2698 5206 co
2714 5151 2858 5223 quod
2874 5153 3362 5222 scriptumeratﬁrr
3379 5151 3522 5222 λλοῖς

2033 5241 2060 5276 ο
2087 5224 2279 5276 επεΞελ
2320 5221 2414 5276 ὡν.

1953 5221 2060 5294 γὰρ
2087 5221 2414 5289 ἐπεξελθών.

1949 5427 2072 5486 ὅτι.
2104 5423 2180 5478 ait
2201 5427 2434 5506 Avarcs-
2454 5431 2732 5506 grassatos
2763 5425 2854 5506 .in
2905 5425 3534 5506 provincias"Danubio

1955 5498 2330 5550 conterminas
2360 5495 2476 5564 (ubi
2501 5505 2585 5550 est
2611 5495 2874 5548 Sirmium
2903 5496 3116 5564 situm),
3152 5509 3206 5552 et.
3240 5497 3526 5549 Tiberium

1952 5566 2341 5620 excubitorum
2373 5567 2631 5620 comitem
2659 5565 2927 5620 adversus
2955 5581 3050 5620 eos
3097 5570 3170 5626 ab
3199 5569 3450 5636 illtpt'l‘alt
3475 5581 3536 5620 re

1953 5636 2202 5692 missum.
