3982 6206
423 293 566 358 2351

1486 291 1544 348 S.
1587 287 1946 348 EUTYCHII
1991 286 2490 346 PATRIARCILE
2530 287 2636 348 (ΣΡ.

3539 283 3694 348 231.9.

428 405 613 458 culum
646 403 739 457 tibi
781 401 1055 456 commisit
1086 402 1248 465 Deus,
1283 417 1406 454 mox
1437 409 1623 453 autem
1672 397 1804 450 illud
1861 412 1989 451 cono

2113 397 2190 458 ιῆς
2213 396 2405 459 οὑτως,
2443 395 2556 446 Νῦν
2583 389 2767 446 οὖν’ἐν
2818 394 2970 462 μέρει
2999 393 3120 455 τοὺς
3155 393 3341 453 οἴακας
3382 395 3479 464 τῆς
3532 395 3688 448 πολι-

371 544 375 549 .
427 493 586 546 cedet
619 492 675 544 in
703 491 933 560 integro.
960 489 1131 544 Nemo
1166 497 1414 543 nostrum
1449 487 1502 540 id
1553 494 1684 538 tunc
1741 483 1996 538 animad-

428 582 634 637 vertit:
676 581 770 636 sed
797 581 889 635 ubi
911 579 1091 635 Caesar
1125 580 1234 650 (ὕο)
1268 590 1486 634 creatus
1519 582 1602 633 est
1633 578 1872 646 primum
1909 576 1996 628 in-

434 672 774 727 telleximus:
821 670 1111 740 epistolam
1151 670 1298 722 enim
1346 667 1624 736 accipiens
1671 667 1997 727 asservavit,

435 772 492 816 ut
521 769 707 832 postea
733 760 1110 831 cognovimus.
1141 760 1218 814 Ac
1257 759 1327 812 de
1365 759 1602 812 duorum
1626 757 1852 827 quidem
1891 757 2002 810 im-

435 861 749 923 peratorum
779 849 1138 920 praedictione
1171 849 1311 904 satis
1335 849 1546 902 dictum
1581 848 1686 902 sit:
1721 846 1854 916 quid
1900 861 2001 899 au-

435 953 541 1000 tem
577 951 633 998 et
665 942 732 996 de
762 942 1015 1012 praesenti
1047 940 1302 995 Mauritio
1330 940 1536 994 Christi
1598 938 2002 993 studiosissimo

433 1033 840 1104 praenuntiarit,
886 1033 1251 1102 explicemus.

501 1212 591 1267 68.
643 1213 782 1265 Ante
826 1223 1002 1264 annos
1055 1207 1363 1262 octodecim
1409 1217 1465 1261 et
1525 1207 1851 1276 priusquam
1908 1204 1999 1259 ille

435 1310 711 1375 regnaret,
736 1315 860 1356 eum
885 1300 1098 1354 viveret
1125 1308 1350 1353 sanctus
1398 1298 1452 1351 in
1511 1301 1875 1360 monasterio,
1927 1299 2001 1350 ita

433 1396 646 1449 ferente
679 1408 863 1448 rerum
884 1399 1347 1446 commutaturum
1385 1389 1808 1455 vicissitudine;
1857 1390 2002 1444 acei-

437 1482 522 1536 dit
554 1489 616 1535 ut
643 1481 680 1535 ii
707 1495 899 1534 omnes
924 1479 1017 1548 qui
1054 1479 1211 1532 Ponti
1261 1477 1602 1547 provinciam
1651 1477 2002 1532 administra-

437 1574 591 1638 bant,
623 1582 927 1642 quaastores
952 1572 1086 1641 (5i),
1124 1571 1368 1639 inquam.
1399 1577 1456 1623 et
1487 1577 1873 1638 procuratores
1904 1583 2003 1638 pe-

430 1663 613 1721 cunia:
652 1661 906 1732 publicae,
947 1676 1051 1716 nec
1093 1676 1205 1715 non
1259 1661 1297 1714 ii
1355 1659 1560 1730 quibus
1614 1659 2004 1716 Moderatianze

433 1755 670 1826 legionis
695 1752 984 1808 commissa
1017 1759 1133 1806 erat
1183 1767 1336 1816 cura,
1383 1752 1637 1806 venirent
1660 1767 1727 1806 ex
1777 1751 2004 1806 Arabis-

432 1863 499 1901 so
523 1846 658 1917 (52),
684 1844 832 1900 unde
864 1859 1056 1900 eorum
1084 1843 1307 1914 quidam
1342 1843 1561 1899 oriundi
1608 1851 1790 1907 erant,
1853 1842 2002 1912 iique

439 1938 626 1994 aﬂines
663 1945 723 1992 et
779 1935 1075 2007 propinqui
1132 1935 1298 1990 modo
1349 1935 1633 2004 regnantis
1685 1933 1997 1988 ﬁdelissimi

441 2029 812 2100 imperatoris.
846 2029 908 2082 lli
965 2028 1137 2098 igitur
1165 2042 1378 2090 omnes,
1411 2035 1472 2080 ut
1513 2026 1767 2089 decebat,
1809 2026 2003 2080 venie-

439 2123 573 2176 bant
601 2121 668 2176 ad
691 2121 934 2184 beatum,
985 2119 1211 2172 multam
1238 2134 1306 2172 ex
1330 2133 1398 2172 eo
1426 2119 1639 2188 capturi
1664 2119 1962 2173 utilitatem
1985 2158 2000 2174 .

442 2215 510 2271 Ut
544 2223 728 2268 autem
751 2213 806 2266 in
839 2209 1133 2280 colloquiis
1154 2209 1480 2279 plerumque
1499 2211 1638 2264 solet
1659 2211 2001 2280 contingere,

439 2305 534 2358 alii
569 2303 792 2373 quidem
815 2303 986 2372 ipsam
1015 2299 1314 2355 laudabant
1337 2301 1704 2370 provinciam,
1724 2301 1816 2355 alii
1838 2301 2003 2355 aliam

442 2397 742 2466 regionem.
778 2393 930 2448 Talia
984 2407 1108 2447 cum
1141 2392 1270 2446 hinc
1303 2392 1432 2446 inde
1481 2400 1859 2456 moverentur,
1922 2393 2006 2446 vir

443 2486 539 2542 Dei
570 2501 799 2556 magnus
823 2484 995 2543 facete
1021 2482 1268 2554 quidem,
1303 2482 1383 2538 sic
1415 2493 1596 2538 tamen
1625 2492 1688 2538 ut
1715 2491 2007 2554 appareret

445 2578 670 2632 minime
704 2573 1061 2642 contemptim
1091 2588 1218 2628 eum
1255 2573 1430 2641 loqui,
1465 2572 1534 2628 de
1578 2574 1696 2642 ipsa
1744 2575 2006 2628 Arabisso

445 2682 755 2724 sermonem
791 2665 996 2729 intulit,
1023 2665 1255 2736 ejusque
1276 2664 1468 2720 laudes
1495 2667 1770 2735 exposuit.
1803 2667 1870 2722 Et
1915 2668 2006 2722 ille

445 2758 666 2829 quidem
698 2757 858 2812 nobis
887 2764 1052 2826 atque
1089 2755 1215 2811 aliis
1257 2753 1503 2809 indidem
1551 2756 1808 2812 oriundis
1839 2757 2005 2813 urba-

445 2850 636 2906 nitatis
659 2858 824 2919 atque
848 2847 1129 2902 societatis
1147 2861 1313 2902 causa
1340 2847 1469 2902 talia
1489 2847 1676 2904 dicere
1691 2849 2003 2904 videbatur:

447 2944 541 2999 sed
577 2943 700 2998 linis
725 2939 970 2996 ostendit
997 2935 1291 2992 verborum
1320 2944 1603 2991 eventum.
1631 2935 1887 3002 Quamam
1914 2954 2008 2990 au-

449 3045 558 3090 tem
582 3043 638 3090 et
667 3032 848 3104 qualia
883 3039 1014 3086 sunt
1039 3026 1259 3098 quaede
1305 3042 1370 3081 ea
1401 3027 1484 3080 vir
1517 3035 1742 3082 sanctus
1767 3025 2004 3096 prophe-

450 3127 624 3181 tavit?
655 3123 880 3190 Quoties
904 3120 1241 3176 mentionem
1282 3117 1515 3172 fat-iebat
1561 3117 1828 3181 Arabissi,
1861 3116 2012 3172 dice-

449 3215 542 3269 bat
589 3214 848 3284 gratiose,
897 3211 1056 3266 nobis
1113 3208 1372 3262 omnibus
1429 3215 1486 3262 et
1537 3207 1882 3277 principibus
1915 3207 2011 3276 qui

455 3304 582 3358 inde
606 3311 763 3357 erant
783 3301 1005 3356 oriundi
1031 3299 1417 3354 audientibus:
1438 3298 1626 3367 Magna
1664 3308 1748 3353 est
1772 3299 1904 3354 urbs
1922 3315 2015 3354 ve-

450 3403 596 3448 stra:
627 3393 860 3462 ideoque
882 3391 950 3446 de
975 3391 1089 3462 ipsa
1117 3390 1320 3445 dicitur
1345 3407 1360 3442 :
1397 3409 1414 3439 ι
1437 3389 1516 3443 Ex
1542 3388 1811 3444 Nazaretb
1835 3399 2014 3460 potest

452 3486 658 3555 aliquid
690 3485 814 3538 boni
846 3499 970 3538 esse
1006 3481 1088 3533 ὀἳ
1117 3501 1134 3532 ι
1160 3481 1278 3535 Νοη
1305 3481 1448 3536 dixit
1472 3489 1679 3544 autem,
1714 3482 1827 3552 Ego
1859 3483 2008 3546 dico,

453 3594 521 3631 ne
547 3592 606 3631 se
631 3575 922 3630 sublimem
941 3572 1285 3634 ostenderet,
1337 3570 1432 3625 sed
1486 3571 1790 3625 humilem:
1832 3591 1850 3623 ι
1885 3571 2014 3626 Οιιι-

453 3666 543 3719 nis
597 3664 742 3718 enim
780 3663 872 3732 qui
901 3677 960 3716 se
1007 3661 1210 3718 exaltat
1258 3659 1668 3724 humiliabitur,
1713 3670 1770 3715 et
1813 3662 1909 3731 qui
1951 3677 2012 3716 se

454 3755 706 3810 humiliat
726 3751 1059 3808 exaltabitur
1101 3751 1171 3804 τ’.
1193 3769 1212 3802 ι

523 3931 611 3985 (i9.
639 3930 704 3983 Et
727 3928 843 3983 hzec
872 3927 1093 3997 quidem
1128 3927 1370 3980 Amaseze
1397 3924 1657 3995 praedicta
1691 3935 1837 3980 sunt.
1876 3924 2014 3981 Cum

454 4032 637 4077 autem
661 4020 956 4090 placuisset
977 4019 1112 4082 Deo,
1139 4027 1200 4072 ut
1224 4017 1278 4071 in
1312 4033 1469 4072 suam
1511 4018 1697 4072 sedem
1754 4017 2016 4074 restitue-

461 4121 634 4175 retur,
665 4110 894 4166 biennio
921 4108 1033 4180 (55)
1068 4117 1196 4162 ante
1223 4107 1434 4162 obitum
1462 4106 1671 4161 Tiberii
1719 4107 2014 4177 imperato-

459 4203 556 4264 ris.
580 4201 812 4271 contigit
841 4209 904 4254 ut
923 4198 1039 4268 ipse
1070 4197 1330 4252 Tiberius
1353 4196 1408 4250 in
1439 4195 1692 4251 morbum
1715 4196 2013 4251 incideret:

455 4303 512 4347 et
536 4293 725 4346 invisit
767 4306 894 4346 eum
925 4291 1018 4344 Dei
1075 4303 1289 4353 servus,
1338 4296 1502 4357 atque
1559 4288 1879 4342 convaluit:
1920 4305 2019 4359 per

2100 492 2251 552 τείας
2277 490 2658 542 ἑνεπίττευσέν
2693 507 2772 541 σοι
2801 491 2828 541 6
2850 489 3005 552 Θεὸς,
3038 489 3267 559 παρέξει
3290 489 3346 541 δὲ
3374 491 3469 542 καὶ
3499 491 3560 543 τό
3594 492 3689 544 τέ-

2102 583 2264 636 λειον.
2297 581 2457 634 Ἀλλὰ
2487 582 2608 633 τότε
2657 582 2755 650 μὲν
2781 581 2956 643 οὐδεὶς
2993 581 3051 644 ἐξ
3100 580 3258 652 ήμῶν
3301 581 3594 649 ἐγίνωσκεν
3627 583 3687 636 τί

2104 673 2357 742 σημαίνει
2386 675 2446 724 τὸ
2472 673 2654 743 ῥῆμαο
2687 673 2773 724 ὅτε
2805 673 2860 724 δὲ
2892 673 3112 740 γέγονεν
3155 675 3388 743 Καῖσαρ,
3432 675 3492 727 τὸ
3532 692 3686 744 τηνιο

2103 764 2231 816 κάδε
2257 763 2418 817 πάλιν
2445 764 2690 832 ἐγνώσθη
2711 781 2723 793 ο
2759 766 2854 815 καὶ
2885 764 2991 833 γὰρ
3011 763 3110 834 τὴν
3151 765 3436 832 ἐπιστολήν
3466 766 3684 836 ἐκείνην

2102 854 2391 923 δεξάμενος
2417 855 2749 922 ἐφύλαττεν,
2774 855 2848 916 ὡς
2888 853 3135 923 ἔγνωμεν
3190 854 3437 924 ὕστερον.
3474 857 3577 908 Καὶ
3608 857 3679 909 τὰ

2108 945 2206 1013 μὲν
2235 944 2332 1014 τῆς
2360 946 2714 1015 προρρήσεως
2750 944 2858 996 τῶν
2896 945 3288 1015 δύο-βασιλέων
3343 947 3538 1011 ἱκανῶς
3602 949 3679 1000 εῐο

2108 1053 2266 1107 ρηται
2286 1052 2298 1064 ·
2319 1036 2443 1088 τίδὲ
2471 1037 2562 1088 καὶ
2581 1035 2818 1106 περὶτοῦ
2843 1037 2958 1088 νυνὶ
2987 1037 3337 1107 φιλοχρίστου
3363 1039 3685 1110 Μαυρικίου

2106 1130 2388 1198 προεῖπεν,
2420 1127 2698 1196 μάθωμεν.

2178 1216 2280 1288 ξη’.
2315 1217 2428 1287 Πρὸ
2447 1215 2728 1270 δεκαοκτὼ
2755 1221 2964 1286 χρόνων
2997 1219 3093 1270 καλ⁵
3125 1219 3230 1288 πρὸ
3256 1219 3354 1288 τῆς
3393 1219 3556 1273 αὑτοῦ
3581 1221 3688 1291 βα-

2107 1307 2331 1370 σιλείας,
2388 1308 2666 1375 διάγοντος
2712 1309 2808 1361 τοῦ
2867 1308 3012 1361 ὁσίου
3062 1311 3120 1362 ὲν
3169 1297 3250 1380 τῷ
3311 1313 3685 1382 μοναστηρίῳ,

2107 1401 2202 1451 καὶ
2226 1398 2338 1452 τῶν
2368 1398 2709 1468 πραγμάτων
2743 1398 3062 1467 ὑπαλλαγῆς
3107 1398 3280 1461 οὑτως
3319 1401 3686 1470 μεταϐληθεί-

2108 1503 2230 1557 σης,
2267 1486 2464 1556 συνέϐη
2519 1487 2729 1550 πάντας
2774 1486 2901 1550 τοὺς
2925 1487 3024 1558 τήν
3050 1488 3320 1558 ἐπαρχίαν
3345 1488 3440 1541 τοῦ
3483 1491 3688 1543 Πόντου

2103 1577 2458 1644 διοικοῦντας,
2510 1578 2848 1648 τρακτευτάς
2903 1595 3044 1649 φημι
3075 1579 3167 1631 καὶ
3208 1580 3408 1642 ama;
3438 1580 3544 1633 τῶν
3580 1581 3681 1652 δη-

2109 1670 2332 1740 μοσίων,
2365 1669 2445 1722 ἔτι
2473 1685 2538 1737 γε
2572 1670 2678 1738 μὴν
2705 1671 2801 1723 καὶ
2829 1669 2896 1722 τὰ
2927 1670 3027 1740 τῆς
3055 1670 3459 1742 Μοδερατιανῆς
3479 1673 3692 1737 τάξεως

2102 1760 2658 1830 ὲμπεπιστευμένους,
2677 1757 2948 1827 ὁρμᾶσθαι
2966 1759 3089 1820 τοὺς
3110 1759 3318 1820 πάντας
3333 1759 3398 1811 ὲκ
3411 1760 3507 1829 τῆς
3523 1760 3578 1812 Ἀ
3588 1777 3690 1830 ρα-

2103 1848 2372 1919 ϐισσηνῶν
2404 1848 2634 1914 πόλεως,
2657 1847 2714 1913 ἐξ
2733 1840 2809 1903 ὧν
2832 1847 3173 1912 τινεςάὑτῶν
3201 1849 3296 1903 καὶ
3318 1851 3678 1918 ἀγχιστεύον-

2101 1956 2193 2004 τες
2253 1939 2496 2010 ὑπῆρχον
2527 1938 2625 1992 καὶ
2688 1939 2824 1992 είσὶν
2877 1939 2970 1991 τοὺ
3019 1938 3114 1992 νῦν
3167 1942 3491 1994 πιστοτάτου
3525 1942 3692 2012 βασι-

2102 2031 2257 2095 λέως.
2289 2031 2521 2092 Εἰκότως
2553 2025 2648 2084 οὖν
2695 2023 2859 2100 οὗτοι,
2891 2031 3094 2092 πάντες
3139 2031 3368 2101 ήρχοντο
3415 2033 3550 2102 πρὸς
3581 2033 3680 2084 τὸν

2106 2120 2406 2191 μακάριον,
2457 2119 2528 2173 τὰ
2575 2119 2787 2190 μεγάλα
2833 2105 3412 2190 εὑεργετηθησόμενοι.
3445 2121 3553 2175 Kal
3595 2117 3691 2176 οἷα

2103 2211 2306 2280 ὀφείλει
2334 2211 2576 2278 γίνεσθαι
2594 2211 2850 2272 πολλάκις
2877 2211 2936 2263 ὲν
2971 2210 3304 2280 συντυχίαις,
3335 2213 3384 2265 oi
3434 2213 3530 2282 μὲν
3577 2216 3684 2267 έπ-

2106 2303 2266 2374 ῄνουν
2301 2301 2462 2371 τήνδε
2489 2303 2586 2371 τὴν
2625 2301 2915 2372 ἐπαρχίαν,
2943 2300 3090 2354 ἄλλοι
3124 2301 3290 2372 ἄλλην
3322 2301 3534 2372 χώραν.
3562 2305 3691 2357 Τοι-

2104 2393 2275 2446 ούτων
2300 2392 2430 2461 γοῦν
2488 2393 2758 2463 διαφόρων
2811 2391 2984 2460 λόγων
3039 2395 3394 2464 κινουμένων,
3445 2395 3474 2446 6
3509 2396 3689 2465 μέγας

2106 2480 2394 2552 ἄνθρωπος
2446 2480 2542 2534 τοῦ
2577 2481 2736 2544 Θεοῦ,
2792 2482 3286 2552 χαριεντιζόμενος,
3347 2479 3500 2536 εἶπεν
3547 2486 3691 2554 πρὸς

2106 2573 2322 2636 αὑτοὺς,
2382 2573 2470 2625 καὶ
2502 2572 2590 2626 ἵνα
2635 2574 2709 2642 μή
2743 2590 2827 2635 τις
2877 2573 3260 2642 ὑπεροπτικῶς
3319 2575 3481 2628 αὑτὸν
3515 2577 3689 2644 φθέγ-

2106 2664 2296 2732 γεσθαι
2331 2665 2623 2734 νομίσειεν,
2654 2665 2778 2725 τοὺς
2807 2665 2935 2736 περὶ
2991 2665 3090 2734 τῆς
3121 2664 3324 2727 πόλεως
3354 2667 3688 2736 Ἀραϐισσοῦ

2106 2753 2296 2821 λόγους
2345 2770 2403 2805 τε
2437 2755 2531 2806 καὶ
2565 2753 2820 2816 ἐπαίνους
2867 2753 3131 2822 διεξέστη.
3185 2755 3294 2807 Kal
3326 2755 3401 2818 ὡς
3431 2757 3528 2826 μὲν
3556 2758 3691 2827 ήμίν

2109 2846 2202 2898 καὶ
2224 2846 2335 2907 τοῖς
2357 2843 2416 2908 ἐξ
2432 2843 2600 2913 αὑτῆς
2623 2843 2964 2914 ὁρμωμένοις
2981 2843 3174 2905 ἐδόκει,
3193 2844 3259 2897 τὰ
3271 2844 3536 2915 λεγόμενα
3552 2847 3691 2916 πρὸς

2107 2935 2267 3005 χάριν
2319 2936 2411 2987 καὶ
2447 2935 2736 3004 συντυχίας
2790 2934 2952 2988 ἕνεκα
3014 2935 3252 3004 λέγεται,
3286 2937 3348 2988 τὸ
3403 2936 3458 2990 δὲ
3511 2938 3689 3006 πέρας

2037 3055 2084 3115 c
2113 3026 2310 3092 ἔδειξεν
2344 3025 2452 3077 τῶν
2484 3024 2744 3095 ῥημάτων
2764 3024 2862 3095 τὴν
2896 3024 3139 3081 ἔκϐασιν.
3171 3027 3305 3078 Ποῖα
3354 3026 3409 3079 δὲ
3439 3028 3531 3080 καὶ
3558 3028 3685 3080 τίνα

2116 3117 2266 3186 παρὰ
2293 3115 2385 3168 τοῦ
2427 3115 2573 3191 θεείου
2605 3116 2797 3186 ἀνδρὸς
2847 3115 3292 3188 προφητευθέντα
3319 3113 3422 3187 ἦνς
3461 3116 3688 3181 Ὁσάκις

2120 3207 2342 3276 μνήμην
2371 3206 2607 3258 ἐποιεῖτο
2639 3206 2739 3274 τῆς
2793 3207 3202 3277 Ἀραϐισσηνῶν
3231 3207 3459 3270 πόλεως,
3509 3207 3689 3271 οὕτως

2113 3298 2296 3364 ἔλεγεν
2327 3297 2641 3368 χαριέντως,
2676 3297 2982 3350 ἀκουόντων
3008 3299 3225 3351 πάντων
3252 3298 3431 3368 ήμῶν,
3460 3300 3553 3352 καὶ
3577 3299 3691 3351 τῶν

2115 3385 2326 3438 ἐκεῖθεν
2376 3386 2712 3456 ὁρμωμένων
2793 3385 3107 3456 ἀρχόντων·
3167 3387 3396 3458 Μεγάλη
3450 3390 3595 3442 ἐστὶν
3653 3392 3689 3460 ή

2115 3478 2268 3540 πόλις
2294 3476 2470 3546 ὑμῶν,
2497 3477 2585 3529 διὰ
2620 3475 2780 3529 τοῦτο
2809 3477 3023 3548 εἴρηται
3055 3479 3186 3548 περὶ
3207 3472 3398 3549 αὐτῆς,
3450 3479 3544 3532 Ἐκ
3569 3481 3690 3532 Να-

2119 3567 2284 3637 ζαρὲτ
2308 3564 2526 3618 δύναταί
2550 3582 2603 3616 τι
2635 3563 2836 3631 ἀγαθὸν
2867 3562 3047 3632 εἷναι;
3081 3567 3176 3620 καὶ
3236 3568 3336 3620 οὑκ
3364 3567 3570 3634 ἔλεγεν,
3603 3567 3690 3621 ὅτι

2119 3656 2261 3724 Ἐγὼ
2288 3655 2450 3723 λέγω,
2484 3654 2572 3708 διὰ
2593 3657 2654 3708 τὸ
2688 3657 2765 3727 μὴ
2793 3656 3060 3711 δεικνύειν
3087 3659 3278 3711 ἑαυτὸν
3307 3658 3528 3729 ὑψηλὸν,
3553 3659 3691 3712 ἀλλὰ

2117 3745 2369 3801 ταπεινόν
2389 3761 2402 3776 ’
2433 3765 2452 3797 ι
2492 3747 2604 3808 Πᾶς
2622 3746 2729 3817 γὰρ
2749 3748 2776 3799 6
2806 3747 2954 3816 ὑψῶν
2975 3749 3165 3801 ἑαυτὸν
3192 3749 3690 3819 ταπεινωθήσεται,

2115 3841 2144 3890 6
2170 3837 2227 3890 δὲ
2249 3835 2520 3889 ταπεινῶν
2544 3837 2732 3889 ἑαυτὸν
2759 3837 3133 3910 ὑψωθήσεται.
3170 3847 3194 3888 »κ

2187 3926 2282 3990 ξθθ.
2303 3927 2408 3980 Kal
2432 3926 2602 3978 ταῦτα
2633 3926 2732 3995 μὲν
2755 3928 2813 3978 ὲν
2849 3929 3111 3997 Ἀμασείᾳ
3147 3928 3527 3998 προλεχθέντα.
3557 3931 3692 3983 Ὅτε

2117 4017 2173 4071 δὲ
2193 4015 2492 4088 ηὐδόκησεν
2527 4017 2556 4068 6
2579 4015 2712 4079 Θεὸς
2748 4017 2841 4068 καὶ
2870 4017 3216 4086 ἀπεκατέστη
3251 4018 3332 4079 εἰς
3358 4017 3449 4068 τὸν
3489 4018 3691 4072 ἑαυτοῦ

2119 4107 2328 4177 θρόνον,
2360 4107 2464 4177 πρὸ
2505 4105 2600 4159 δύο
2646 4106 2786 4159 ἐτῶν
2818 4107 2918 4176 τῆς
2941 4106 3202 4175 τελευτῆς
3241 4106 3336 4160 τοῦ
3384 4110 3442 4159 ἐν
3471 4109 3695 4161 εὐσεϐεῖ

2117 4201 2183 4269 τῇ
2218 4199 2406 4270 μνήμῃ
2430 4198 2704 4266 Τιϐερίου,
2739 4197 2933 4268 συνέϐη
2967 4197 3221 4269 ἀσθενείᾳ
3253 4202 3572 4271 περιπεσεῖν
3597 4199 3694 4253 τὸν

2119 4290 2279 4343 αὑτὸν
2309 4289 2578 4360 Τιϐέριον,
2611 4289 2705 4342 καὶ
2731 4289 2796 4357 δὴ
2824 4289 3164 4357 ἐπεσκέψατο
3189 4290 3351 4343 αὑτὸν
3384 4292 3412 4342 ό
3435 4289 3694 4358 θεράπων

457 4385 634 4438 visum
657 4383 803 4438 enim
835 4381 1200 4443 intellexerat,
1229 4394 1354 4434 eum
1381 4387 1512 4433 tunc
1547 4395 1655 4434 non
1680 4394 1801 4434 esse
1848 4381 2008 4435 mori-

2117 4379 2211 4432 τοῦ
2236 4378 2393 4442 Θεοῦ,
2425 4380 2519 4432 καὶ
2553 4377 2734 4440 καλῶς
2762 4377 2948 4448 ἔσχενο
2980 4372 3050 4449 ἦν
3085 4378 3195 4449 γὰρ
3228 4379 3323 4432 καὶ
3351 4381 3533 4451 ὅραμα
3563 4379 3694 4432 θεα-

433 4483 649 4534 ,ιιιι-ιιιιι
671 4489 686 4537 ;
711 4482 767 4525 et
786 4471 973 4524 multis
995 4466 1367 4537 quaerentibus
1389 4465 1457 4520 de
1471 4480 1810 4531 successore,
1831 4469 1873 4521 si
1887 4470 2018 4537 quid

457 4566 508 4618 ei
563 4562 881 4620 humanitus
933 4558 1284 4629 contigisset,
1336 4557 1555 4612 dicebat
1604 4559 1691 4610 vir
1736 4573 2008 4630 magnus:

524 4701 569 4732 ⁷⁸
599 4699 820 4765 Joan.r,
860 4696 948 4750 46.
1027 4695 1069 4726 ⁷¹
1118 4694 1306 4750 Matth.
1364 4707 1510 4757 χχιιι,
1549 4692 1635 4748 1‘2.

532 4854 644 4922 (50)
693 4850 987 4922 Tiberium
1027 4847 1344 4916 adoptatum
1375 4862 1429 4922 _a
1457 4843 1690 4922 ⁸,Ιιιειὶιιο
1737 4843 1906 4899 ﬁlium
1963 4852 2019 4898 et

460 4915 728 4979 (laésarem
772 4915 1165 4976 renuntiatum.
1193 4925 1247 4970 et
1274 4916 1420 4979 paris
1457 4915 1684 4968 honoris
1707 4924 2015 4968 consortem

465 4995 720 5048 etl‘ectum
752 4988 1130 5059 annoimperii
1156 4988 1242 5052 ιθ,
1263 4983 1467 5041 Christi
1493 4985 1616 5050 575,
1651 4983 1816 5038 tradit
1837 4984 2018 5040 Theo-

504 5065 690 5117 habes.

462 5079 872 5202 pné‘illltisoGrmca
920 5127 1261 5198 τρακτευτάς
1290 5123 1458 5202 ’φημι
1518 5126 1612 5176 καὶ
1663 5122 1864 5202 ἀνυτᾲς
1914 5123 2023 5202 τῶν

464 5193 1021 5272 δημοσίων-ιιιιθιιιίιι·
1064 5213 1163 5266 per
1217 5193 1590 5272 conjecturam
1634 5209 1668 5272 a
1722 5193 1882 5246 nobis
1922 5193 2025 5247 La»

468 5264 581 5324 tiiie
638 5269 848 5323 reddita
891 5283 1010 5323 esse
1037 5264 1227 5332 {sunt
1265 5267 1410 5320 enim
1441 5264 1705 5317 vocabula
1740 5279 1848 5316 non
1891 5278 2026 5331 pure

467 5339 672 5393 Graeca.
721 5338 988 5392 Meursius
1046 5338 1101 5390 in
1160 5334 1634 5391 Gram-barbaris
1687 5334 2021 5401 τρακτευτάς

379 5455 388 5466 η
470 5417 780 5462 tractator-es
804 5407 990 5470 vertit,
1013 5407 1166 5476 quasi
1190 5421 1222 5476 ar
1254 5414 1421 5458 tracto
1440 5402 1840 5476 :_‘A‘:o:ai\'ero
1870 5403 2019 5476 ducti

473 5477 729 5529 videntur
755 5476 821 5529 ab
853 5472 1045 5537 ἀνύω(
1064 5475 1275 5544 expedio
1297 5514 1310 5536 ,
1337 5474 1571 5540 conﬁcio.
1615 5472 1782 5544 Zinus
1811 5472 2016 5532 omnia,

469 5547 594 5613 quia
643 5546 746 5598 sibi
780 5547 1035 5606 obscura,
1075 5542 1260 5599 sie‘in
1293 5559 1460 5612 pauca
1512 5542 1804 5602 contraxit,
1854 5555 2016 5613 sensu

470 5609 612 5667 haud
648 5615 840 5667 leviter
862 5617 1114 5668 turbato:
1166 5634 1182 5664 ι
1207 5609 1341 5668 Cum
1374 5624 1557 5682 ageret
1577 5613 1661 5664 vir
1691 5620 1912 5682 sanctus
1944 5609 2004 5682 in

469 5685 822 5749 monasterio,
858 5684 911 5736 in
946 5700 1008 5738 ea
1056 5698 1238 5736 rerum
1298 5679 1709 5751 perturbatione
1754 5679 2002 5749 contigit,

2121 4471 2373 4538 σάμενος,
2401 4470 2483 4522 δτι
2512 4470 2610 4522 οὑκ
2639 4467 2974 4537 ἀποθνήσκει
3005 4468 3123 4524 νῦν.
3156 4469 3372 4522 Πολλῶν
3415 4465 3508 4523 οὖν
3533 4487 3692 4537 τηνιο

2121 4560 2295 4614 καῦτα
2327 4559 2630 4616 λαλούντων
2647 4575 2704 4611 τε
2734 4559 2830 4611 καὶ
2845 4558 3212 4627 λαλουμένων,
3237 4561 3320 4615 ὃτι
3354 4559 3478 4613 Ἐὰν
3503 4560 3692 4630 συμϐῇ

2125 4855 2186 4900 ut
2223 4861 2417 4901 omnes
2443 4846 2538 4915 qui
2571 4846 2731 4901 Ponti
2776 4846 3115 4916 provinciam
3147 4847 3482 4908 incoieoant.
3526 4849 3691 4902 veni-

2126 4924 2248 4970 rent
2289 4917 2355 4969 ad
2387 4927 2635 4988 sanetum
2685 4916 2832 4970 hunc
2879 4918 3080 4979 virum,
3118 4933 3364 4988 magnam
3418 4934 3483 4972 ex
3541 4919 3694 4973 illius

2127 5001 2379 5040 sermone
2428 4987 2721 5040 utilitatem
2780 4988 3117 5055 percepturi.
3149 5005 3166 5037 ι
3212 4987 3317 5041 Sed
3367 4998 3422 5041 et
3475 4989 3688 5056 reliqua

2127 5071 2255 5124 pars
2285 5056 2447 5124 hujus
2472 5057 2684 5109 numeri
2713 5064 2824 5110 tota
2851 5065 3134 5112 contracta
3159 5066 3262 5111 est.

2199 5126 2307 5196 (5'?)
2339 5125 2588 5179 Arabiam
2616 5125 2731 5178 sive
2780 5126 3095 5196 Arabyssus,
3122 5125 3394 5180 Armeniae
3449 5125 3687 5178 minoris

2130 5195 2261 5248 urbs
2286 5195 2616 5265 episcopalis
2644 5197 2747 5250 sub
2772 5195 3026 5250 Melitena
3056 5197 3379 5264 metropoli.
3401 5195 3690 5265 Cappadoo

2127 5265 2224 5318 cia:
2251 5264 2786 5334 ascribit’Evagrius,
2819 5265 2919 5319 lib.
2952 5281 3004 5331 v,
3039 5281 3160 5334 cap.
3208 5265 3294 5328 i9,
3343 5265 3435 5319 ubi
3494 5264 3692 5318 scribit

2126 5334 2435 5388 Mauritium
2470 5334 2544 5386 ibi
2576 5349 2762 5387 natum
2797 5335 2987 5388 fuisse.

2197 5405 2306 5472 (55)
2337 5405 2474 5471 Ergo
2513 5419 2661 5456 anno
2688 5405 2809 5457 580.
2844 5405 2976 5457 Nam
3021 5421 3164 5459 anno
3189 5405 3311 5467 582,
3361 5402 3559 5456 indict.
3598 5402 3688 5459 15.

2126 5471 2192 5525 14
2221 5473 2473 5542 Augusti,
2505 5474 2558 5526 in
2608 5474 2789 5527 tabem
2822 5474 3009 5542 lapsus
3040 5475 3316 5536 Tiberius,
3369 5473 3690 5525 Mauritium

2121 5557 2384 5610 generum
2412 5544 2748 5596 renuntiavit
2785 5544 3198 5611 imperatorem,
3248 5553 3303 5597 et
3350 5544 3500 5597 intro
3543 5545 3693 5594 rela-

2127 5619 2212 5665 tus
2253 5613 2575 5682 exspiravit.
2609 5613 2686 5666 Ita
2708 5613 3090 5682 Theophanes.
