4042 6156
1187 158 1247 175 \-

352 278 497 340 2.353

1887 280 2077 338 VITA.

3463 276 3604 340 2354

354 388 700 460 ἀνθρώπινόν
750 406 799 441 τι
827 389 903 458 τῷ
949 389 1175 458 βασιλεῖ,
1214 390 1291 453 τίς
1348 392 1460 459 ἀρα
1510 390 1809 460 διαδέχεται
1839 393 1931 461 τὴν

2044 391 2162 444 Νοιι
2199 392 2500 455 morietur;
2539 387 2956 442 nominantibus
2998 397 3180 442 autem
3227 390 3494 452 diversos,
3522 395 3605 443 ni-

268 504 283 515 κ
357 480 672 549 βασιλείαν;
702 478 849 547 λέγει
879 480 907 531 6
954 478 1147 549 μέγαςο
1207 480 1319 533 Οὐκ
1349 479 1683 549 ἀποθνήσκει
1716 482 1744 532 6
1779 482 1933 550 βασι-

353 570 502 633 λεύς.
547 569 831 640 Διαφόρων
855 571 1033 623 τοίνυν
1084 570 1363 641 ὀνομάτων
1408 572 1682 643 ἀρχόντων
1715 574 1933 643 μνήμης

352 663 669 730 γεγονυίας,
696 663 853 717 οὐδὲν
880 663 1213 733 ἀπεκρίνατο
1231 666 1258 717 6
1289 664 1557 733 μακάριος
1592 680 1606 693 ο
1638 665 1726 718 ὅτε
1755 665 1811 717 δὲ
1840 665 1934 718 τοῦ

350 752 453 807 νῦν
486 753 877 807 εὐσεϐεστάτου
901 753 1281 823 ἐμνημονεύθη
1310 754 1370 806 τὸ
1396 754 1702 824 Μαυρίκιος
1735 754 1928 823 ὄνομα,

357 846 420 898 ἐν
456 844 634 913 ἐαυτῷ
663 844 923 912 γεγονὼς,
968 844 1035 897 τά
1067 843 1165 913 ἤδη
1210 844 1634 914 προεγνωσμένα
1664 844 1813 916 αὐτῷ
1840 846 1936 898 καὶ

356 934 726 1005 προλεχθέντα
751 934 1118 1005 ἐφανέρωσεν,
1147 932 1318 993 οὓτως
1341 933 1532 999 εἰπὼν,
1572 936 1777 997 Ὄντως
1808 936 1934 990 οὐτε

354 1026 505 1094 ἔχεις
526 1024 709 1087 ἀλλον,
740 1024 802 1077 τὸ
830 1023 1020 1076 πιστὸν
1046 1024 1139 1076 τοῦ
1167 1024 1487 1094 πράγματος
1508 1023 1595 1078 διά
1644 1024 1737 1077 τοῦ
1767 1027 1931 1093 ὅρκου

358 1114 690 1182 βεϐαιώσας.
727 1112 1044 1184 Τηνικαῦτα
1069 1111 1163 1167 οὖν
1181 1115 1604 1185 ἐπεμνήσθημεν
1627 1116 1721 1169 καὶ
1746 1116 1855 1169 τῶν
1875 1118 1933 1169 ἐν

369 1205 640 1275 ’Δμασεία⁵
654 1205 1181 1275 λεχθέντων.Μηδεὶς
1196 1206 1251 1258 δὲ
1274 1206 1599 1275 ἀμφιβολίαν
1616 1209 1785 1277 ἐχέτω
1802 1210 1929 1277 περὶ

354 1295 596 1347 τούτων·
628 1294 717 1347 διὰ
742 1295 853 1365 γάρ
890 1294 1049 1348 τοῦτο
1097 1295 1382 1365 πρόσωπα,
1434 1297 1526 1350 καὶ
1556 1297 1803 1366 χρόνους,
1835 1298 1928 1350 καὶ

354 1387 575 1451 τόπους,
602 1385 697 1439 καὶ
713 1385 1014 1456 προφάσεις
1054 1386 1307 1454 εὐλόγους
1339 1387 1679 1457 ἐγράψαμεν,
1725 1389 1812 1440 ἵνα
1848 1389 1924 1459 μή

354 1493 441 1539 τις
474 1477 621 1545 ὑμᾶς
650 1476 937 1546 λογίσηται
972 1476 1107 1546 πρὸς
1136 1476 1196 1529 τὺ
1216 1477 1612 1548 κεχαρισμένον
1640 1477 1719 1548 τῷ
1773 1478 1927 1547 ἀνδρὶ

355 1566 697 1635 φθέγξασθαι
717 1584 731 1597 ο
765 1570 794 1620 6
834 1567 943 1637 γὰρ
975 1567 1169 1637 χωρῶν
1195 1568 1461 1637 χωρείτω,
1501 1569 1596 1623 καλ⁵
1621 1570 1650 1621 6
1677 1569 1925 1622 ἀπιστῶν

2039 481 2115 534 hil
2136 480 2503 550 respondebat
2544 480 2739 533 beatus
2767 496 2781 545 ;
2812 479 2905 533 ubi
2942 492 3071 533 vero
3099 477 3409 547 piissimum
3459 479 3607 534 hunc

2038 573 2428 641 imperatorem
2458 571 2772 625 Mauritium
2801 570 3104 625 nominavit
3126 569 3350 639 aliquis,
3403 570 3518 640 ipse
3547 588 3605 625 se

2036 664 2319 731 colligens,
2341 662 2557 731 aperuit
2578 661 2753 731 palam
2778 677 2898 731 quae
2920 670 3045 715 ante
3070 668 3402 730 cognoverat
3443 671 3606 729 atque

2036 753 2367 823 przedixerat
2392 771 2404 805 :
2430 753 2572 807 Vere
2606 768 2716 806 non
2759 753 2928 807 habes
2957 752 3150 817 alium,
3210 752 3489 821 inquiens,
3518 751 3603 805 id-

2035 858 2142 912 que
2196 842 2560 912 jurejurando
2621 841 2914 896 aﬂirmans.
2956 842 3111 897 Tunc
3160 842 3326 913 igitur
3373 851 3431 897 et
3484 858 3605 911 qua:

2039 931 2286 985 Amasea:
2319 931 2469 986 dicta
2507 931 2728 985 fuerant
2754 933 3123 999 meminimus;
3157 949 3326 1002 quare
3350 949 3514 988 nemo
3536 935 3604 988 de

2034 1024 2123 1079 bis
2151 1023 2370 1078 dubitet
2416 1041 2431 1079 :
2494 1032 2550 1078 et
2590 1024 2713 1078 ideo
2766 1039 3050 1093 personas,
3104 1034 3372 1101 tempora,
3396 1025 3515 1080 loca
3548 1032 3605 1080 et

2032 1115 2353 1171 occasiones
2384 1115 2777 1185 expressimus,
2797 1131 2866 1170 ne
2896 1117 3023 1185 quis
3072 1132 3173 1170 nos
3222 1124 3443 1185 putaret
3486 1117 3605 1172 haec

2036 1206 2091 1259 in
2120 1207 2239 1276 ejus
2260 1205 2492 1275 gratiam
2530 1204 2891 1263 conﬁnxisse.
2920 1205 3025 1271 Qui
3055 1208 3222 1276 capit,
3270 1207 3449 1275 capiat
3477 1223 3491 1271 ;
3540 1215 3593 1262 et

2032 1297 2125 1366 qui
2155 1310 2266 1350 non
2296 1297 2413 1350 vult
2436 1295 2687 1361 credere,
2720 1312 2790 1351 ne
2822 1296 3045 1352 credat:
3084 1297 3215 1367 quid
3266 1298 3414 1352 enim
3461 1296 3597 1350 mihi

2033 1388 2100 1443 de
2120 1386 2207 1442 bis
2233 1387 2329 1457 qui
2362 1387 2498 1441 foris
2540 1387 2990 1458 sunt‘judicare?
3026 1386 3133 1443 Sed
3167 1404 3234 1442 eo
3262 1396 3603 1443 revertamur

2033 1479 2179 1534 unde
2206 1478 2436 1549 digressi
2462 1494 2676 1545 sumus,
2700 1494 2825 1533 cum
2842 1479 2909 1535 de
2930 1480 3034 1535 viri
3060 1481 3236 1535 sancti
3258 1479 3605 1535 revocatione

2035 1569 2413 1638 loqueremur.

355 1656 674 1708 ἀπιστείτω·
708 1654 760 1707 τί
811 1655 920 1726 γάρ
952 1672 1041 1725 μοι
1090 1656 1331 1720 καὶτοὺς
1359 1654 1462 1721 ἔξω
1489 1657 1896 1728 κρίνειν;Ἀλλ’
1936 1657 2314 1727 ἐπανέλθωμεν
2364 1657 2485 1711 ὅθεν
2519 1657 2587 1711 τά
2636 1658 2736 1728 τῆς
2771 1658 3265 1721 ἀποκαταστάσεως
3323 1655 3603 1731 ἠρξάμεθα

353 1746 664 1818 διηγεῖσθαι
698 1746 794 1801 τοῦ
822 1747 972 1801 ὁσίου
996 1747 1209 1818 ἀνδρός.

426 1848 489 1894 o’.
532 1840 620 1903 Ὠς
647 1836 741 1893 οὖν
794 1840 893 1904 τὰς
928 1841 1217 1910 ἐκϐοήσεις
1265 1840 1359 1894 τοῦ
1410 1842 1757 1913 φιλοχρίστου
1795 1841 1924 1896 λαοῦ

2098 1838 2183 1893 70.
2224 1838 2524 1908 Postquam
2553 1838 2722 1908 igitur
2771 1836 3229 1893 Christianissimi
3270 1839 3456 1909 populi
3484 1840 3599 1893 cla-

357 1931 610 1994 ἐδέξαντο
653 1931 701 1983 οἱ
746 1929 987 1999 βασιλεῖς
1022 1929 1299 1993 Ἰουστίνος
1346 1933 1441 1983 καὶ
1472 1932 1742 2002 Τιϐέριος,
1774 1932 1933 1994 εὐθὺς

352 2020 449 2074 καὶ
485 2020 827 2089 παραχρῆμα
866 2019 963 2072 σὺν
1001 2019 1181 2088 πολλῷ
1210 2019 1289 2089 τῷ
1322 2020 1477 2090 τάχει
1524 2022 1619 2074 καὶ
1661 2023 1805 2093 χαρᾷ
1838 2039 1935 2090 με-

352 2112 494 2181 γάλῃ
519 2110 797 2163 ἐστείλατο
824 2110 952 2171 τοὺς
1000 2112 1411 2177 γενναιοτάτους
1457 2112 1763 2183 σκρίϐωνας
1792 2113 1929 2183 πρὸς

350 2203 445 2254 τὸν
492 2203 664 2263 ὅσιον,
713 2200 799 2252 ἴνα
828 2199 934 2252 κᾶν
961 2198 1034 2269 μὴ
1058 2200 1292 2272 βουληθῇ
1320 2202 1580 2265 ἑκουσίως
1604 2202 1930 2269 ὑπακοῦσαι,

352 2294 448 2346 καὶ
474 2294 549 2363 μὴ
587 2291 914 2360 βουλόμενον
946 2291 1111 2343 αὐτὸν
1141 2293 1423 2360 ἀγάγωσιν
1444 2294 1525 2356 εἰς
1557 2295 1656 2363 τὴν
1687 2294 1933 2363 βασιλίδα

348 2384 461 2436 τῶν
494 2384 720 2436 πόλεων.
746 2382 809 2434 Οἳ
841 2381 935 2435 κοιλ⁸
963 2382 1397 2453 παραγενόμενοι
1430 2384 1568 2455 πρὸς
1613 2385 1795 2445 αὐτὸν,
1824 2385 1932 2436 ἀπ-

348 2478 569 2530 έδωκαν
628 2473 776 2542 αὐτῷ
810 2474 872 2526 τὸ
912 2473 1190 2543 βασιλικὸν
1230 2475 1486 2546 γράμμα.
1545 2476 1714 2530 Τοῦτο
1755 2476 1933 2528 λαϐὼν

349 2567 492 2637 μετὰ
516 2568 722 2635 χεῖρας,
757 2564 1063 2633 ἀναϐλέψας
1092 2582 1151 2617 τε
1185 2566 1325 2635 πρὸς
1365 2566 1458 2619 τὸν
1486 2565 1644 2627 Θεὸν,
1674 2565 1769 2618 καὶ
1797 2566 1925 2619 σύν-

342 2658 556 2724 δακρυς
582 2658 894 2724 γενόμενος,
918 2656 1320 2725 ηὐχαρίστησεν
1345 2655 1440 2707 καὶ
1473 2653 1681 2708 εἶπενί
1704 2657 1836 2710 Ἰδοὺ
1865 2656 1933 2709 τά

344 2747 504 2817 χεΰιη
546 2764 647 2816 μου
673 2748 734 2799 οὐ
769 2746 841 2817 μὴ
873 2747 1120 2811 κωλύσω,
1148 2748 1230 2800 ὅτι
1282 2747 1345 2800 σὺ
1376 2748 1548 2815 ἔγνως
1577 2747 1703 2810 τοὺς
1759 2746 1934 2800 διαλο-

347 2838 589 2909 γισμούς
622 2855 723 2908 μου
758 2838 865 2890 ἀπὸ
898 2839 1201 2909 μακρόθεν
1236 2839 1333 2908 τὴν
1362 2838 1549 2909 τρίϐον
1582 2856 1682 2908 μου
1712 2839 1803 2891 καὶ
1834 2838 1933 2909 τὴν

349 2930 567 3001 σχοῖνόν
600 2946 702 2999 μου
737 2928 802 2980 σὺ
835 2928 1162 2999 ἐξιχνίασας,
1189 2930 1284 2982 καὶ
1316 2929 1496 2991 πάσας
1528 2930 1624 2991 τὰς
1648 2928 1799 2991 ὁδούς
1830 2947 1930 2999 μου

348 3021 602 3090 προεῖδες
622 3036 636 3049 ·
681 3020 1077 3091 ἐθαυμαστώθη
1109 3021 1203 3073 καὶ
1242 3020 1301 3084 ἐξ
1358 3018 1492 3089 ἐμοῦ
1525 3019 1556 3087 ἡ
1584 3017 1784 3086 γνῶσίς
1817 3035 1932 3083 σου,

2036 1948 2216 1988 mores
2260 1931 2680 1987 exaudivissent
2723 1931 2977 1987 Justinus
3008 1941 3067 1986 et
3113 1931 3372 1985 Tiberius
3423 1932 3599 2001 impe-

2035 2034 2248 2080 ratores
2270 2026 2404 2093 (54),
2439 2040 2633 2094 magna
2654 2024 2839 2078 statim
2865 2040 2989 2078 cum
3012 2024 3297 2079 celeritate
3321 2033 3376 2078 et
3401 2024 3600 2095 gaudio

2035 2118 2304 2171 miserunt
2328 2115 2780 2186 generosissimos
2801 2116 3092 2169 scribones
3115 2116 3224 2183 (55)
3251 2115 3318 2169 ad
3352 2125 3599 2170 sanctum

2033 2207 2235 2272 virum,
2278 2216 2339 2260 ut
2392 2222 2520 2261 eum
2552 2206 2639 2261 vel
2672 2206 2905 2260 invitum
2937 2222 3001 2261 ac
3046 2217 3395 2261 recusantem
3430 2206 3597 2261 redu-

2034 2309 2224 2352 cerent
2266 2298 2335 2351 ad
2374 2298 2578 2367 regiam
2628 2296 2930 2351 civitatem.
2977 2295 3042 2350 lli
3098 2297 3165 2350 ad
3220 2312 3349 2351 eum
3398 2311 3597 2365 perva-

2033 2388 2252 2441 nientes
2287 2386 2650 2441 reddiderunt
2685 2386 2897 2441 litteras
2925 2388 3319 2456 imperatorum
3354 2406 3368 2440 :
3397 2386 3599 2457 quibus

2036 2476 2127 2531 ille
2169 2476 2450 2546 perlectis,
2487 2476 2796 2546 suspiciens
2840 2475 2895 2529 in
2937 2477 3137 2530 (uelum
3179 2487 3235 2530 et
3274 2476 3598 2547 lacrymans,

2033 2567 2143 2637 egit
2190 2566 2396 2638 gratias
2442 2567 2805 2631 DeoHEcce,
2840 2566 3118 2635 inquiens,
3166 2566 3417 2629 Domine,
3457 2554 3601 2621 labia

2034 2674 2153 2713 mea
2205 2674 2314 2711 non
2366 2656 2700 2727 prohibebo,
2732 2658 2992 2725 quoniam
3046 2666 3101 2711 tu
3160 2656 3476 2713 intellexisti
3507 2674 3601 2713 σοι

2034 2748 2332 2819 gitationes
2376 2762 2529 2801 meas
2571 2746 2639 2801 de
2675 2747 2858 2817 longe,
2917 2748 3170 2802 semitam
3220 2763 3393 2802 meam
3425 2756 3481 2803 et
3513 2749 3598 2803 fu—

2034 2838 2283 2891 niculum
2322 2852 2506 2891 meum
2554 2836 2919 2906 investigasti,
2961 2846 3017 2891 et
3061 2853 3255 2892 omnes
3293 2839 3411 2893 vias
3453 2855 3603 2893 meas

2034 2928 2335 2997 praevidisti
2370 2944 2384 2981 :
2413 2928 2685 2981 mirabilis
2719 2927 2861 2981 facta
2892 2937 2976 2983 est
2999 2928 3232 2983 scientia
3271 2939 3359 2983 tua
3393 2945 3457 2984 ex
3492 2945 3599 2991 me.

2026 3013 2347 3069 confirmata
2398 3019 2501 3074 est,
2529 3017 2585 3064 et
2632 3023 2738 3062 non
2774 3018 2964 3079 potero
2994 3009 3060 3063 ad
3086 3025 3229 3067 eam.
3264 3009 3399 3076 Quis
3454 3013 3603 3065 novit

345 3110 725 3181 ἐκραταιώθη,
754 3111 814 3163 οὐ
843 3111 916 3181 μὴ
941 3111 1183 3182 δύνωμαι
1222 3110 1357 3178 πρὸς
1396 3110 1594 3180 αὑτήν
1629 3127 1648 3160 ι
1689 3109 1786 3171 Τίς
1817 3109 1926 3179 γάρ

2035 3113 2264 3160 mentem
2310 3101 2549 3168 Domini,
2603 3113 2699 3156 aut
2739 3102 2875 3173 quis
2908 3102 3265 3158 consiliarius"
3299 3106 3416 3171 ejus
3449 3104 3601 3159 fuit?

343 3170 493 3270 ἔγνω
518 3202 645 3255 νοῦν
671 3170 961 3273 ᾖυρίούίῆ
985 3203 1067 3265 τίς
1086 3170 1403 3272 ’σύμϐουλος
1431 3170 1594 3255 αὐτοῦ
1629 3170 1843 3269 ἐγένετο
1863 3216 1878 3266 ;
1898 3170 1926 3252 ἰ

2035 3198 2164 3265 Quis
2202 3196 2492 3266 dissipabit
2532 3211 2596 3251 ea
2621 3170 3026 3265 quaévdecrevit
3073 3170 3434 3251 Altissimus?
3464 3196 3600 3254 Num

342 3295 385 3348 ἃ
413 3295 521 3363 γάρ
555 3295 583 3345 ό
611 3293 746 3356 Θεὸς
781 3294 810 3343 6
840 3292 991 3360 ἆγιος
1026 3292 1371 3362 βεϐούλευται
1436 3293 1517 3355 τίς
1548 3292 1929 3359 διασκεδάσει;

350 3390 431 3459 μὴ
462 3388 580 3458 ἐρεῖ
600 3387 661 3439 τὸ
682 3386 908 3454 πλάσμα
930 3384 1008 3453 τῷ
1034 3385 1322 3448 πλάσαντι,
1354 3384 1421 3436 Τί
1448 3401 1518 3453 με
1541 3382 1714 3447 οὕτως
1738 3383 1928 3452 ἐποξη.

351 3496 493 3545 aug;
535 3479 773 3550 Ἀκήκοα
807 3477 904 3547 τὴν
933 3477 1104 3547 ἀκοήν
1125 3494 1240 3539 σου,
1272 3475 1467 3546 Κύριε,
1518 3475 1611 3527 καὶ
1638 3473 1933 3545 ἐφοϐήθην,

352 3572 667 3638 κατενόησα
696 3570 763 3621 τά
784 3567 918 3638 ἔργα
949 3585 1043 3620 σου
1070 3568 1163 3621 καὶ
1190 3567 1438 3635 ἐξέστην,
1474 3565 1556 3618 ὄτι
1599 3564 1827 3633 φοϐερὸς
1861 3557 1931 3629 εἷ,

352 3662 450 3715 καὶ
488 3661 573 3723 τίς
621 3656 1006 3727 ἀντιστήσεται
1046 3654 1486 3721 σοι;ιΤοιούτοις
1542 3653 1633 3707 καὶ
1691 3652 1934 3705 πλείοσιν

351 3750 792 3823 εὐχαριστηρίοις
812 3748 1159 3819 χρησάμενος
1181 3744 1382 3813 λόγοις,
1408 3743 1502 3796 καὶ
1523 3742 1815 3805 ἐκτελέσας
1836 3742 1934 3811 τὴν

352 3845 505 3898 θείαν
529 3841 894 3913 λειτουργίαν,
925 3840 1004 3901 είς
1027 3837 1087 3891 τὸ
1122 3836 1319 3904 εὐαγὲς
1351 3836 1738 3905 μοναστήριον,
1799 3832 1935 3886 καθ-

351 3932 540 3995 εσθεὶς
562 3931 657 3983 καὶ
682 3930 741 3983 ἐν
764 3927 841 3999 τῷ
868 3927 1044 3998 θρόνῳ
1069 3924 1427 3995 (συνέφθασεν
1448 3922 1555 3992 γὰρ
1584 3923 1677 3975 καὶ
1698 3922 1730 3991 ἡ
1756 3921 1937 3991 ἡμέρα

352 4021 627 4091 Κυριακὴ.
651 4018 769 4089 μεθ’
789 4018 857 4087 ἢν
879 4017 976 4070 καὶ
998 4017 1097 4085 τὴν
1128 4016 1347 4085 μνήμην
1368 4012 1463 4066 τοῦ
1487 4010 1752 4075 ζωοποιοῦ
1777 4027 1939 4064 σταυ-

356 4110 454 4181 ροῦ
514 4113 582 4180 τῇ
612 4106 1189 4176 τεσσαρεσκαιδεκάτῃ
1221 4102 1316 4156 τοῦ
1364 4100 1741 4171 Σεπτεμϐρίου
1772 4099 1939 4169 μηνὸς

2028 3292 2174 3345 dicet
2205 3289 2524 3360 ﬁgmentum
2551 3290 2599 3344 ei
2628 3289 2720 3359 qui
2739 3303 2796 3345 se
2819 3289 2993 3353 ﬁnxit,
3019 3286 3131 3343 Cur
3151 3306 3237 3345 me
3277 3290 3447 3345 fecisti
3470 3291 3550 3347 sic
3579 3292 3603 3346 ἲ

2029 3384 2227 3438 Audivi
2257 3382 2592 3437 auditionem
2621 3391 2793 3439 tuam.
2822 3391 2877 3436 et
2906 3383 3061 3437 tinmi
3090 3402 3104 3448 ;
3156 3384 3387 3449 cogitavi
3438 3401 3521 3451 ιιιιι
3545 3398 3601 3438 ra

2044 3478 2161 3533 tua,
2200 3481 2252 3525 et
2295 3473 2487 3541 expavi
2527 3474 2595 3526 ".
2632 3494 2649 3525 ι
2706 3474 2799 3529 llis
2849 3484 2903 3530 et
2947 3472 3069 3527 aliis
3114 3471 3298 3526 verbis
3340 3471 3617 3526 similibus

2042 3560 2228 3615 multis
2254 3576 2375 3615 cum
2404 3563 2607 3629 gratias
2630 3565 2850 3632 egisset,
2881 3574 2936 3616 et
2967 3563 3019 3613 in
3053 3572 3244 3615 sancto
3281 3562 3574 3616 monasteri
3602 3581 3614 3611 ι

2038 3664 2205 3719 supra
2253 3648 2515 3702 thronum
2563 3646 2834 3708 residens,
2862 3642 3109 3697 divinum
3139 3641 3469 3696 sacriﬁcium
3507 3638 3608 3692 ob-

2039 3737 2256 3791 tulisset
2286 3735 2429 3806 (dies
2454 3734 2603 3789 enim
2628 3731 2911 3786 Dominica
2946 3739 3068 3784 erat
3100 3739 3409 3799 postquam
3442 3728 3619 3781 etiam.

2037 3826 2333 3881 salutiferae
2375 3823 2558 3879 crucis
2584 3821 2905 3877 memoriam
2942 3818 3053 3889 (56)
3084 3817 3426 3888 Septembris
3456 3831 3611 3868 meu-

2038 3920 2116 3975 sis
2130 3919 2221 3974 die
2241 3916 2455 3972 decima
2476 3924 2673 3984 quarta
2691 3911 2975 3982 splendide
3019 3908 3465 3973 celebravimus),
3489 3920 3607 3958 mo-

2040 4007 2285 4064 nasterio
2319 4015 2375 4061 et
2404 4003 2667 4059 omnibus
2701 4001 2754 4055 in
2795 4017 2863 4055 eo
2898 3999 3277 4054 habitantibus
3303 3994 3609 4058 benedixit,

2042 4100 2425 4167 universaque
2468 4094 2711 4159 civitati;
2742 4101 2798 4147 et
2834 4105 3029 4145 omnes
3052 4090 3163 4144 Deo
3192 4085 3610 4147 commendans,

353 4176 599 4274 ipaLGpE-i;
626 4198 1009 4271 ἐορτάσαμεν),
1036 4196 1339 4265 εὐλογήσας
1358 4193 1421 4247 τὸ
1453 4193 1819 4262 μοναστήριον
1847 4191 1931 4243 καὶ

2042 4194 2151 4246 iter
2199 4191 2465 4258 suscepit,
2495 4185 2918 4256 archiepiscopo
2966 4182 3035 4237 ad
3077 4196 3249 4251 usque
3298 4178 3500 4248 regiam
3529 4176 3611 4231 ci-

354 4294 483 4357 τούς
502 4294 560 4344 ἐν
580 4290 751 4360 αὐτῷ,
783 4288 864 4341 ἔτι
892 4304 958 4357 γε
1016 4287 1123 4358 μὴν
1154 4286 1250 4339 καὶ
1282 4286 1466 4339 πᾶσαν
1503 4284 1603 4355 τὴν
1634 4282 1811 4345 πόλιν,
1845 4284 1931 4335 καὶ

2041 4282 2268 4336 vitalem
2320 4278 2636 4333 comitante.

355 4384 738 4455 παραθέμενος
779 4381 987 4444 πάντας
1023 4378 1159 4449 ὁμοῦ
1218 4377 1297 4449 τῷ
1341 4375 1483 4447 Θεῷ,
1519 4374 1801 4446 ἀπήρξατο
1828 4377 1927 4445 τῆς
1963 4374 2117 4428 ὀδοῦ·
2182 4370 2466 4426 συνείπετο
2522 4370 2579 4422 δὲ
2610 4367 2759 4438 αὐτῷ
2792 4368 2885 4421 καὶ
2915 4365 2943 4417 6
2970 4365 3068 4437 τῆς
3098 4364 3267 4433 αὐτῆς
3288 4362 3494 4424 πόλεως
3516 4360 3613 4430 ἀρ-

356 4478 715 4553 χιεπίσκοπος
749 4474 911 4545 μέχρι
937 4473 1039 4543 τῆς
1063 4470 1477 4542 βασιλευούσης.

425 4571 529 4625 οα⁹.
561 4570 671 4622 Καὶ
781 4568 909 4620 ἰδεῖν
940 4566 1109 4629 ὅντως
1157 4564 1309 4635 ξένον
1338 4562 1519 4632 θέαμα
1572 4562 1669 4615 καὶ
1724 4558 1931 4630 πρέπον

2107 4554 2195 4607 71.
2239 4553 2437 4608 Videre
2471 4561 2601 4605 tunc
2621 4550 2777 4607 licuit
2801 4563 3003 4604 novum
3038 4547 3202 4617 plane
3240 4544 3615 4615 spectaculum

355 4666 421 4731 τῇ
452 4661 576 4732 θεία
598 4635 784 4731 ἐκείνῃ
817 4658 985 4728 ψυχῇ,
1017 4655 1334 4725 μεμιγμένα
1360 4654 1431 4706 τά
1460 4654 1701 4717 ἐναντία,
1754 4651 1931 4721 λύπην

2041 4653 2097 4700 et
2127 4644 2315 4699 divina
2371 4644 2519 4699 illius
2550 4644 2733 4697 anima
2760 4641 3023 4713 dignum;
3078 4639 3243 4693 mista
3282 4636 3495 4693 scilicet
3527 4635 3614 4689 iu-

355 4730 451 4808 καὶ
470 4730 670 4823 χαράν,
696 4730 907 4820 δάκρυα
935 4748 1028 4801 καὶ
1049 4745 1412 4818 εὐφροσύνην,
1444 4744 1554 4797 τῶν
1582 4746 1680 4815 μὲν
1704 4743 1797 4795 τὸν
1836 4742 1931 4794 ἀπ’

2043 4744 2127 4791 ter
2168 4751 2226 4791 se
2256 4735 2560 4799 contraria,
2601 4734 2847 4789 dolorem
2893 4741 2949 4787 et
2991 4730 3275 4801 gaudium,
3326 4730 3535 4782 luctum
3560 4734 3617 4779 et

354 4819 523 4897 αὐτού
551 4819 863 4911 σωματικδν
898 4840 1179 4909 χωρισμὸν
1205 4838 1565 4906 ὀδυρομένων,
1618 4835 1725 4887 τῶν
1756 4834 1813 4886 δέ
1836 4832 1931 4901 τὴν

2042 4828 2308 4883 laetitiam.
2356 4828 2493 4883 Cum
2540 4827 2688 4881 enim
2735 4826 2825 4880 alii
2876 4824 3100 4895 quidem
3151 4824 3222 4877 ob
3254 4824 3373 4892 ejus
3404 4819 3613 4875 disces-

352 4909 646 4987 ἐπάνοδον-
674 4929 1079 4999 ἑορταζόντων·
1121 4929 1169 4980 oi
1230 4927 1511 4996 ἑκατέρων
1562 4925 1618 4978 δέ
1664 4922 1931 4993 ὀφθαλμοὶ

2043 4936 2164 4976 sum
2218 4919 2492 4982 dolerent,
2541 4918 2633 4971 alii
2706 4925 2933 4985 prepter
2982 4916 3156 4983 ipsius
3207 4909 3613 4968 revocationem

436 5098 483 5129 "
513 5097 654 5152 Psal.
692 5112 880 5163 sunt,
919 5097 1017 5166 l0;
1053 5110 1289 5154 cxxxvm
1326 5097 1359 5151 3
1388 5094 1459 5159 6;
1493 5092 1535 5145 ll
1568 5091 1691 5145 Cor.
1729 5088 1878 5152 ",16
1908 5103 1923 5153 ;
1960 5085 2117 5140 Rom.
2156 5101 2229 5151 Ix,
2264 5084 2358 5149 ‘20;
2402 5084 2603 5141 llabac.
2638 5102 2719 5147 III,
2749 5087 2804 5139 Ξ.
3639 5115 3690 5191 ἢ

433 5291 544 5360 (54)
576 5288 693 5344 lmo
746 5281 1367 5360 Justinus_imperator,
1416 5286 1471 5333 et
1504 5274 1762 5331 Tiberius
1806 5282 1931 5329 tunc

2037 5272 2428 5360 (δινίιιιησιξρίϐοιξ
2485 5272 2625 5352 idem
2663 5271 2881 5360 scilicet;
2928 5272 3331 5360 qtli.y_pae'eb;_,
3368 5271 3611 5349 scriptor.

362 5342 764 5418 ωἱὰιῖίιὶάιέπζ
807 5366 992 5427 postea
1019 5342 1362 5415 imp-cratem
1516 5417 1549 5427 __
1604 5417 1613 5427 _
1905 5415 1936 5425 μ
2112 5344 2221 5409 (56)
2260 5343 2353 5422 Est
2391 5342 2815 5427 Graecis'adliuc
2845 5342 3448 5427 _f_estumpExaltationis
3476 5357 3612 5427 san-

574 5410 911 5498 νέκρίϐωιῖας,
964 5410 1258 5498 praefectos
1313 5417 1565 5498 satellitii.
1603 5415 1938 5498 imperatorii
2043 5424 2143 5467 cui:
2174 5413 2417 5498 crucisa
2441 5413 2801 5498 Constantino
2842 5414 3033 5498 Magno
3061 5412 3233 5498 iaculo,
3276 5410 3602 5498 etninuidc-

362 5481 553 5557 Laline
580 5481 687 5553 ίιιὲι
718 5481 911 5552 auctor
940 5481 1024 5547 e'st
1081 5490 1306 5553 Suidas,
1337 5499 1393 5542 et
1424 5481 1769 5557 conﬁrmant
1810 5486 1929 5557 loca
2044 5492 2125 5535 rat
2181 5482 2253 5557 in_
2289 5481 2479 5535 feriam
2537 5482 2787 5557 tertiam:
2851 5482 3098 5549 adeoque
3154 5483 3270 5557 (lies
3326 5481 3609 5557 Durnium-:3

368 5548 906 5631 §ﬁ5’i§'a"iiefn}s'id;
957 5572 1013 5618 et
1039 5561 1132 5631 qui
1186 5548 1301 5614 hin
1329 5559 1463 5631 ipsis
1508 5558 1670 5631 datur
1711 5555 1931 5631 __titulus
2048 5550 2379 5631 przeeedens,
2404 5566 2524 5631 quze
2557 5551 2643 5603 hic
2663 5548 3167 5631 coniuxtenim'atiir,
3212 5554 3391 5606 mch
3426 5549 3514 5606 die
3556 5548 3617 5601 12

370 5620 771 5713 ξῖιῖέῖοξῦδξῖἦιὲξ
796 5620 988 5690 “Linus
1039 5620 1203 5687 vertit
1264 5620 1457 5683 scribas
1500 5645 1515 5682 :
1564 5626 1657 5681 sed
1696 5625 1941 5679 diversm
2050 5621 2406 5691 Septembris,
2446 5620 2626 5675 littera
2663 5620 2986 5677 Dominicali
3022 5622 3081 5675 0.
