3982 6206
415 272 557 337 2359

1483 276 1543 335 S.
1586 274 1946 335 EUTYCHII
1985 273 2486 333 I’ATRIARCIL’E
2523 273 2631 334 ΟΡ.

3511 268 3654 334 2300

416 392 568 438 retro
598 392 848 454 tempore
903 383 1090 438 multa!
1123 393 1423 438 multorum
1463 384 1784 439 honoriﬁcae
1824 399 1977 438 exce-

2088 383 2441 451 ὑπαντήσεων
2467 420 2482 445 ,
2513 383 2611 434 οὐκ
2660 381 2882 452 ἄρχουσι
2943 380 3100 450 μόνον
3148 381 3464 452 δημοσίοις,
3512 383 3652 439 ἀλλά

412 473 631 544 ptioncs
651 473 805 532 factae
821 475 952 540 sint,
971 489 1082 530 non
1105 475 1280 530 solum
1306 475 1674 546 principibus,
1698 476 1792 530 sed
1815 475 1980 530 etiam

411 565 801 621 sacerdotibus
832 574 888 621 et
917 566 1176 636 palatinis
1213 567 1634 633 illustrioribus,
1680 567 1830 620 nulla
1865 565 1981 620 fre-

411 655 676 726 quentior
709 664 806 710 aut
835 657 1129 725 gloriosior
1150 655 1322 710 fuisse
1351 663 1711 718 memoretur,
1736 653 1831 708 sed
1861 653 1980 722 ipsa

414 749 530 801 sola
554 747 832 817 praecellat
856 755 913 801 et
940 747 1286 817 superaverit
1319 762 1549 802 omnes:
1574 746 1716 801 adeo
1736 754 1798 800 ut
1845 744 1980 799 illud

413 835 749 904 magniloqui
774 834 927 889 Isaia:
957 835 1159 889 merito
1193 834 1325 890 huic
1347 834 1471 890 loco
1496 849 1800 904 congruere
1828 832 1982 887 dixe-

411 926 508 979 ris.
548 926 619 979 Et
654 925 930 980 adducent
953 925 1150 981 fratres
1171 941 1366 981 eorum
1399 924 1475 992 (id
1525 935 1611 980 est
1664 926 1856 981 ﬁdeles
1881 923 1983 978 Le-

408 1015 537 1069 vitae
563 1023 618 1068 et
659 1015 1002 1086 sacerdotes)
1029 1016 1237 1070 donum
1273 1016 1527 1081 Domino,
1559 1026 1617 1071 et
1656 1018 1711 1072 iu
1764 1016 1982 1072 lecticis

410 1107 690 1161 mulorum
722 1124 847 1162 cum
897 1108 1237 1164 umbraculis
1291 1108 1360 1162 ad
1406 1109 1686 1163 civitatem
1732 1117 1978 1164 sanctam

409 1199 714 1254 Jerusalem
736 1200 803 1253 ⁷⁸.
822 1199 1098 1268 Numquid
1129 1199 1276 1254 enim
1300 1216 1410 1256 non
1438 1201 1514 1255 ita
1546 1200 1683 1257 fuit?
1705 1201 1820 1254 [mo
1849 1216 1981 1255 vero

417 1288 635 1343 Patrem
662 1302 726 1342 ac
759 1299 1031 1358 pastorem
1052 1297 1108 1345 et
1132 1291 1455 1360 magistrum
1484 1306 1645 1346 suum
1679 1290 1858 1346 ﬁdelis
1882 1306 1979 1359 po-

411 1380 578 1450 pulus
598 1379 755 1434 duxit
781 1381 838 1435 in
862 1390 1105 1437 sanctam
1133 1382 1435 1448 civitatein,
1458 1397 1655 1436 novam
1675 1381 1978 1436 Jerusalem

411 1480 575 1540 atque
596 1470 815 1525 urbium
844 1471 1258 1542 reginam.Quis
1289 1471 1525 1526 dicendo
1540 1481 1726 1541 posset
1758 1471 1978 1541 assequi

411 1576 500 1617 res
532 1561 902 1626 admirandas,
931 1563 1069 1616 mari
1093 1572 1352 1632 terraque
1391 1571 1529 1617 tunc
1584 1563 1812 1630 gestas?
1841 1577 1979 1631 quo-

409 1650 578 1704 modo
595 1651 810 1706 scilicet
841 1661 1160 1706 constratas
1188 1650 1262 1707 sit
1306 1661 1534 1722 pontus,
1571 1661 1830 1722 tergaque
1881 1667 1978 1705 sua

366 1742 648 1799 'navibus
701 1741 1005 1811 subjiciens
1061 1742 1243 1796 telluri
1295 1741 1472 1797 factus
1526 1741 1692 1796 fuerit
1753 1742 1976 1806 similis,

410 1832 552 1887 adeo
595 1841 655 1886 ut
690 1832 811 1886 sine
866 1831 1264 1902 impedimento
1294 1841 1518 1903 possent
1560 1847 1755 1887 omnes
1812 1847 1980 1901 super

410 1922 591 1992 ipsum
623 1921 902 1987 incedere,
927 1933 984 1978 et
1011 1938 1173 1978 nemo
1223 1939 1336 1994 prae
1394 1924 1749 1979 multitudine
1804 1924 1980 1980 homi-

411 2029 544 2068 num
571 2029 770 2082 aquam
803 2013 1078 2068 ab-humo
1113 2014 1478 2077 discerneret.
1529 2025 1761 2084 utraque
1791 2023 1976 2069 autem

409 2113 557 2162 esset
582 2105 789 2160 labium
826 2120 996 2160 unum
1022 2119 1237 2174 voxque
1267 2105 1457 2160 divina
1485 2116 1541 2162 et
1585 2106 1830 2162 caelestis
1857 2122 1978 2161 om-

411 2197 588 2263 nium,
619 2196 839 2256 Domini
862 2205 919 2255 et
950 2195 1232 2253 Creatoris
1263 2196 1350 2253 sui
1400 2197 1630 2267 gloriam
1681 2197 1975 2254 celebran-

410 2289 572 2346 tium.

481 2465 570 2520 75.
603 2468 786 2534 Atque
809 2466 926 2520 haec
953 2481 1022 2521 eo
1041 2465 1190 2521 dicta
1224 2466 1357 2530 sint,
1395 2473 1456 2519 ut
1484 2465 1853 2520 recordentur
1878 2466 1973 2535 qui

407 2558 614 2623 sciunt,
663 2567 722 2612 et
757 2557 973 2611 discant
1030 2557 1126 2626 qui
1155 2556 1430 2612 nesciunt.
1468 2555 1609 2622 Quid
1652 2572 1841 2626 porro,
1900 2573 1970 2611 an

407 2656 604 2703 caetera
625 2647 1151 2716 praetermittemus?
1171 2647 1395 2702 Minime
1416 2662 1564 2701 vero.
1592 2646 1701 2701 Sed
1726 2662 1975 2724 quamam

408 2740 558 2794 ista?
589 2739 786 2794 Divino
809 2738 1043 2794 consilio
1071 2739 1275 2795 factum
1303 2747 1406 2804 est,
1437 2748 1499 2792 ut
1519 2738 1665 2793 unde
1697 2739 1980 2794 discessus

409 2831 744 2901 principium
774 2831 897 2897 fuit,
919 2831 1048 2887 inde
1073 2832 1240 2886 etiam
1272 2830 1535 2886 habuerit
1585 2831 1804 2886 initium
1831 2831 1979 2886 redi-

409 2934 518 2981 tus.
551 2924 688 2980 Cum
739 2925 887 2979 enim
942 2924 1063 2980 dies
1105 2923 1281 2979 festus
1329 2923 1505 2979 sancti
1557 2924 1866 2985 Timothei,
1920 2925 1975 2979 in

2086 474 2180 526 καὶ
2204 473 2405 544 ἱερεῦσι
2435 473 2530 526 καὶ
2551 472 2657 526 τῶν
2679 473 2894 526 οἰκείων
2915 475 3025 536 τοῖς
3047 472 3522 547 ἐπιφανεστάτοις,
3549 492 3655 546 μη-

2085 566 2278 635 δεμίαν
2326 566 2532 636 ταύτης
2595 565 3030 636 μνημονεύεσθαι
3091 567 3656 638 πολυανθρωποτέραν

2085 659 2177 712 καὶ
2224 658 2643 730 λαμπροτέραν*
2674 657 2792 712 ἀλλ’
2825 658 2960 729 αὕτη
3007 659 3144 730 μόνη
3193 659 3523 730 ὑπέρκειται
3557 664 3653 713 καὶ

2086 748 2358 820 ὑπερῆρεν
2405 749 2606 811 πάσας.
2664 748 2980 818 Ἀρμόσειεν
3033 748 3080 801 δ’
3143 749 3207 804 ἄν
3255 767 3341 812 τις
3413 751 3655 818 εὐλόγως

2085 839 2316 892 ἐνταῦθα
2359 838 2454 892 καὶ
2487 838 2548 890 τὸ
2567 836 2674 890 ὑπὸ
2717 838 2909 890 ἰσαῖου
2941 839 3036 891 τοῦ
3073 838 3462 907 μεγαλοφώνου
3502 843 3650 910 είρη-

2087 932 2246 1002 μένον
2278 970 2294 996 ,
2319 931 2400 983 ὅτι
2441 927 2808 1000 Προσάξουσιν
2837 928 2916 1001 (η)
2945 931 2995 982 oi.
3031 929 3251 999 ἀδελφοὶ
3275 930 3476 996 αὐτῶν,
3499 949 3651 984 τουτ-

2083 1023 2230 1075 έστιν
2263 1023 2313 1074 οἱ
2356 1021 2542 1073 πιστοὶ
2569 1019 2826 1084 Λευῖται,
2877 1019 2973 1074 καὶ
3024 1021 3191 1090 ἱερεῖς
3236 1023 3294 1074 ὲν
3342 1021 3654 1092 λαμπήναις

2082 1114 2322 1184 ἡμιόνων
2364 1114 2501 1182 μετά
2557 1113 2814 1167 σκιαδίων
2842 1114 2924 1175 είς
2957 1112 3055 1182 τὴν
3091 1113 3254 1180 ἁγίαν
3287 1113 3441 1167 πόλιν
3480 1115 3655 1184 δῶρον

2081 1205 2158 1274 τῷ
2194 1205 2406 1275 Κυρίῳ.
2441 1205 2510 1256 Ἢ
2539 1204 2640 1274 οὑχ
2685 1203 2857 1266 οὑτως
2889 1220 2904 1269 ;
2940 1203 3142 1273 μᾶλλον
3180 1202 3239 1255 δὲ
3290 1203 3384 1256 καὶ
3425 1205 3566 1276 ὑπὲρ
3588 1207 3658 1259 τὸ

2081 1300 2241 1351 πλέον
2293 1297 2385 1351 τὸν
2440 1297 2649 1350 ἑαυτῶν
2705 1297 2936 1367 πατέρα,
2970 1297 3203 1367 ποιμένα
3235 1315 3295 1349 τε
3344 1299 3440 1350 καὶ
3508 1298 3658 1352 διδά-

2083 1389 2306 1452 σκαλον,
2321 1390 2350 1441 ό
2369 1388 2555 1450 πιστὸς
2574 1387 2703 1449 λαὸς
2729 1389 3025 1457 εἰσήγαγεν
3049 1388 3132 1450 είς
3161 1387 3262 1458 τὴν
3286 1389 3447 1454 ἁγίαν
3474 1389 3656 1452 πόλιν,

2079 1480 2180 1549 τὴν
2205 1479 2330 1532 νέαν
2363 1478 2720 1550 Ἰερουσαλὴμ
2746 1479 2842 1532 καὶ
2866 1478 3111 1548 βασιλίδα
3134 1479 3243 1531 τῶν
3274 1479 3507 1532 πόλεων,
3529 1479 3660 1543 Πῶς

2081 1572 2146 1625 ἄν
2176 1587 2261 1633 τις
2288 1569 2432 1624 κατά
2476 1570 2634 1638 λόγον
2661 1569 2984 1640 διηγήσεται
3027 1570 3095 1623 τά
3136 1571 3256 1624 τότε
3308 1572 3660 1640 γεγενημένα

2083 1661 2365 1732 θαυμάσια
2423 1660 2564 1714 κατά
2615 1661 2720 1731 γῆν
2765 1677 2824 1713 τε
2854 1661 2947 1714 καὶ
2985 1661 3306 1728 θάλασσαν;
3343 1662 3461 1725 πῶς
3491 1663 3524 1732 ἠ
3555 1662 3660 1718 θά-

2081 1755 2255 1808 λασσα
2279 1753 2618 1825 χερσωθεϊσα
2647 1753 2849 1824 τρόπον
2894 1751 3018 1806 τινὰ
3045 1752 3141 1807 καὶ
3171 1753 3272 1824 τὴν
3305 1755 3521 1822 γείτονα
3549 1754 3661 1825 γῆν

2083 1845 2464 1916 μιμησαμένη,
2495 1843 2640 1898 νῶτα
2692 1847 2818 1902 ταῖς
2859 1845 3052 1900 ὁλκάσι
3095 1846 3334 1908 καὶτοῖς
3365 1844 3660 1916 πορθμίως

2080 1935 2374 2000 ἀκωλύτως
2423 1936 2706 2001 ὑποθεῖσα,
2732 1937 2849 2000 τοῖς
2880 1935 3187 2006 ἀνθρώποις
3218 1937 3455 2006 βαδίζειν
3505 1955 3660 2007 παρ-

2081 2029 2300 2098 είχετο;
2343 2028 2478 2082 Οὐδὲ
2511 2028 2621 2098 γὰρ
2670 2024 2739 2098 ἦν
2767 2030 2796 2082 δ
2847 2028 3139 2098 διακρίνων
3171 2029 3271 2097 τὴν
3325 2029 3495 2098 ὑγρὰν
3543 2029 3662 2080 ἀπὸ

2079 2123 2178 2190 τῆς
2215 2120 2386 2191 ξηρᾶς
2441 2120 2507 2172 ὲκ
2548 2119 2643 2172 τοῦ
2671 2118 2908 2189 πλήθους
2930 2119 3038 2171 τῶν
3065 2118 3366 2188 ἀνθρώπων
3394 2134 3409 2148 ·
3435 2115 3550 2170 ἀλλ’
3581 2111 3660 2186 ἦν

2078 2211 2150 2282 γῆ
2201 2228 2264 2264 τε
2293 2212 2442 2263 πᾶσα
2478 2212 2653 2280 χεῖλος
2684 2209 2765 2273 ἓν,
2793 2209 2946 2278 φωνὴ
2978 2208 3099 2279 μία,
3131 2207 3252 2262 θεία
3280 2224 3339 2260 τε
3369 2207 3462 2260 καί⁵
3487 2207 3657 2274 οὐρα-

2078 2303 2190 2365 νία,
2227 2301 2445 2355 πάντων
2464 2300 2602 2370 ὁμυῦ
2630 2299 2966 2366 δοξαζόντων
2992 2299 3084 2354 τὸν
3131 2298 3340 2353 ἑαυτῶν
3369 2297 3658 2368 Δεσπότην

2079 2395 2173 2445 καὶ
2199 2393 2541 2464 Δημιουργδν
2569 2391 2725 2446 Θεόν.

2147 2491 2239 2539 οε⁸.
2305 2483 2488 2538 Ταῦτα
2542 2483 2640 2552 μὲν
2691 2484 2804 2545 τοῖς
2872 2481 2971 2552 μὲν
3024 2480 3218 2534 εἰδόσιν
3263 2478 3654 2550 ὑπομνήματα,

2076 2577 2188 2637 τοῖς
2213 2575 2496 2642 ἀγνοοῦσιν
2522 2574 2578 2627 δὲ
2620 2571 2938 2627 διδασκαλία
2967 2573 3196 2640 γίνεται.
3227 2570 3292 2623 Τί
3316 2569 3436 2635 οὐν;
3469 2570 3527 2622 τὸ
3555 2570 3658 2637 ὲφ-

2077 2668 2245 2735 εξῆς;
2295 2665 2647 2732 ἀνεξέταστον
2691 2664 3089 2734 καταλείψομεν
3119 2679 3134 2727 ;
3169 2662 3450 2730 Οὐδαμῶς.
3482 2660 3547 2713 Τί
3591 2659 3657 2712 δὲ

2075 2757 2235 2812 τοῦτό
2265 2758 2444 2823 έστινς
2475 2757 2662 2833 Ὅπως
2689 2755 2753 2808 ἐκ
2779 2773 2922 2818 τινος
2943 2753 3270 2824 οἰκονομίας,
3294 2752 3414 2805 ὅθεν
3449 2753 3483 2821 ἠ
3549 2752 3658 2820 ἀρ-

2077 2851 2148 2919 χὴ
2201 2849 2303 2918 τῆς
2363 2847 2631 2918 ἐκδημίας
2685 2844 2780 2898 τοῦ
2819 2845 2964 2899 Θείου
3007 2844 3218 2914 ἀνδρὸς,
3251 2843 3460 2896 ἐκεῖθεν
3483 2843 3577 2894 καὶ
3615 2843 3654 2910 ἠ

2078 2938 2526 3001 ἀποκατάστασις
2581 2938 2814 3008 γίνεται.
2870 2935 3152 3010 Συνάξεως
3203 2935 3310 3005 γὰρ
3354 2934 3522 3004 οὔσης
3553 2933 3658 2986 τοῦ

408 3016 614 3087 palatio
659 3016 985 3080 ilormisdze,
1031 3025 1093 3070 ut
1127 3026 1254 3072 ante
1285 3016 1547 3081 diximus,
1575 3016 1973 3081 celebraretur,

2083 3035 2234 3102 ἁγίου
2271 3022 2538 3102 Τιμοθέου
2563 3033 2622 3085 ἐν
2675 3034 2788 3094 τοῖς
2830 3030 3114 3102 Ὀρμισδᾶ,
3139 3028 3317 3091 καθὼς
3353 3028 3452 3098 ἤδη
3516 3044 3659 3098 προ-

409 3109 564 3165 illine
592 3108 675 3162 vir
699 3108 822 3177 pius
860 3109 1111 3163 sublatus
1146 3119 1232 3164 est
1276 3108 1608 3163 sacriﬁcium
1636 3107 1866 3172 faciens,
1919 3119 1976 3162 et

409 3215 478 3254 ea
509 3214 633 3268 qua;
655 3198 1053 3267 descripsimus
1074 3199 1371 3254 toleravit:
1427 3215 1553 3254 cum
1608 3206 1793 3254 autem
1849 3215 1978 3253 cura

411 3302 534 3342 sum
570 3303 733 3342 suum
783 3288 1076 3356 explesset,
1130 3295 1390 3358 tanquam
1437 3289 1542 3353 sol,
1581 3290 1878 3344 exsultavit
1918 3299 1978 3344 ut

410 3378 584 3448 gigas.
606 3392 838 3432 currens
869 3377 1010 3430 viam
1043 3391 1247 3432 suama
1279 3392 1497 3431 summo
1519 3377 1644 3432 caeli
1686 3384 1744 3432 et
1783 3393 1978 3432 oecur-

413 3485 544 3524 rens
575 3484 747 3538 usque
785 3469 852 3522 ad
873 3475 1181 3522 extremum
1212 3469 1350 3537 ejus.
1380 3468 1666 3538 Siquidem
1693 3469 1750 3522 in
1779 3468 1974 3524 iisdem

412 3561 718 3633 llormisdaa
749 3560 967 3631 palatiis
992 3559 1287 3616 restitutus
1309 3568 1395 3616 est
1446 3569 1706 3630 tanquam
1743 3576 1978 3631 sponsus

411 3653 718 3723 procedens
750 3655 805 3707 in
829 3653 1130 3709 thalamum
1159 3669 1341 3718 suum,
1367 3669 1472 3710 nec
1501 3653 1606 3708 fuit
1629 3655 1724 3723 qui
1772 3669 1830 3708 se
1852 3653 1979 3708 abs-

411 3745 681 3800 conderet
705 3761 735 3800 a
766 3745 949 3799 calore
981 3746 1123 3816 ejus,
1147 3760 1326 3813 eoque
1361 3761 1470 3799 non
1506 3745 1809 3801 frueretur.
1847 3743 1976 3800 Om-

411 3851 513 3891 nes
537 3850 773 3904 namque
806 3833 996 3890 ﬁdeles
1029 3834 1341 3890 sanctitatis
1361 3843 1419 3889 et
1467 3834 1659 3904 gratiae
1698 3835 1819 3905 ejus
1847 3851 1977 3904 par-

413 3926 610 3995 ticipes
633 3925 969 3982 exstiterunt
1009 3940 1109 3994 per
1164 3925 1343 3979 visum
1402 3925 1488 3979 vel
1545 3941 1645 3994 per
1727 3934 1974 3991 tactum,

413 4017 574 4072 multi
599 4017 765 4071 etiam
795 4032 894 4085 per
938 4015 1322 4070 salutationem
1359 4026 1416 4070 et
1463 4015 1681 4069 dulcem
1720 4030 1977 4081 congres-

410 4125 568 4175 sum;
595 4108 688 4162 alii
725 4123 820 4176 per
869 4107 1118 4163 auditum
1175 4105 1615 4170 delectabantur,
1657 4106 1788 4175 quia
1832 4106 1978 4160 fama

411 4202 532 4270 ejus
564 4199 643 4254 rei
673 4199 836 4274 paulo
891 4207 1017 4269 post
1064 4213 1166 4268 per
1205 4213 1425 4254 omnem
1455 4207 1660 4252 terram
1688 4208 1774 4254 est
1817 4198 1974 4254 diva-

411 4301 532 4360 gata
553 4342 568 4360 ,

485 4402 574 4456 76.
588 4402 759 4457 Nocte
805 4399 1062 4469 posthaec
1083 4398 1136 4452 in
1164 4399 1369 4467 templo
1399 4397 1660 4467 praedicto
1677 4406 1978 4464 transacta,

413 4492 651 4560 sumpsit
679 4489 1155 4559 superhunierale,
1190 4489 1337 4558 quod
1370 4490 1488 4557 ipse
1533 4504 1751 4558 semper
1790 4504 1978 4545 secum

412 4581 695 4655 gestabat;
727 4589 782 4634 et
818 4596 945 4634 cum
1004 4587 1195 4634 sancto
1245 4579 1396 4634 clero
1437 4594 1536 4632 suo
1580 4579 1648 4633 ad
1689 4576 1976 4650 augustam

410 4673 588 4730 aedem
621 4680 825 4726 sancta:
858 4680 914 4725 et
936 4670 1297 4727 immaculata;
1329 4669 1574 4724 Domina:
1629 4681 1834 4724 nostrae
1879 4673 1978 4727 Dei

413 4762 714 4818 Genitricis
738 4771 793 4818 et
815 4777 1033 4831 semper
1071 4749 1307 4831 virginis
1343 4763 1522 4817 Maria:
1555 4763 1609 4815 in
1656 4763 1979 4818 Blachernis

413 4869 471 4907 se
496 4853 761 4906 contulit:
796 4867 921 4906 nam
970 4851 1082 4906 illic
1110 4863 1268 4905 erant
1315 4851 1681 4921 imperatores
1729 4853 1981 4908 Justinus

405 4954 468 5000 ct
523 4941 802 5008 Tiberius,
860 4944 953 5013 qui
995 4951 1245 4998 sanctum
1293 4943 1478 4997 virum
1533 4943 1697 4997 hilari
1739 4947 1888 4998 vultu
1925 4953 1982 4998 et

410 5053 612 5107 magno
645 5053 770 5092 cum
826 5037 1036 5092 honore
1071 5037 1434 5106 excipientes,
1484 5052 1548 5089 ac
1595 5037 1827 5104 tempori
1884 5040 1978 5091 tali

414 5145 660 5199 congrua
689 5129 880 5190 locuti,
913 5129 1244 5184 dimiserunt
1289 5144 1438 5193 eum,
1469 5127 1598 5196 quia
1650 5127 1771 5181 dies
1792 5129 1977 5184 Domi-

417 5220 541 5275 nica
571 5231 714 5286 erat,
737 5221 1056 5276 etdivinum
1089 5220 1421 5276 sacriﬁcium
1451 5221 1667 5274 volebat
1693 5234 1974 5289 peragere.

418 5309 556 5374 Quis
577 5310 668 5364 hic
701 5327 809 5366 non
841 5321 1152 5382 opportune
1191 5319 1420 5379 usurpet
1447 5310 1536 5363 illa
1566 5309 1764 5362 Psalmi
1787 5309 1975 5373 verba,

487 5421 533 5451 "
562 5422 664 5476 lsa.
705 5440 845 5483 val,
880 5425 970 5478 20.

493 5535 571 5608 (ii)
605 5537 876 5601 Κίμωνι,
916 5538 1006 5599 ει),
1058 5538 1130 5592 ita
1191 5539 1414 5608 legitur,
1475 5538 1587 5608 xa‘t
1625 5538 1811 5602 eam:
1852 5539 1976 5608 τοὺς

421 5604 681 5689 ἀδελφοὺς
707 5608 862 5674 ἡμῶν
896 5610 958 5659 ὲκ
996 5610 1211 5661 πάντων
1239 5604 1347 5660 {div
1373 5607 1743 5674 εθνῶν,δῶρον
1765 5607 1976 5689 Κυρίῳ,

426 5675 543 5744 μεθ’
580 5661 757 5728 ἵππων
789 5681 878 5728 καὶ
909 5679 1164 5746 ἁρμάτων
1191 5681 1244 5729 ἐν
1285 5677 1596 5748 λσμπήναις
1631 5661 1976 5745 nutri-nov:qu

2079 3124 2394 3195 δεδήλωται,
2426 3126 2544 3177 ἐκεῖ
2589 3123 2690 3194 τὴν
2735 3123 2886 3177 θείαν
2943 3121 3281 3192 λειτουργίαν
3329 3119 3521 3180 ποιῶν,
3547 3119 3660 3170 κά-

2080 3217 2262 3271 κεῖθεν
2291 3216 2553 3286 ἐπαρθεὶς
2583 3219 2613 3269 ὁ
2645 3217 2794 3278 ὅσιος
2818 3258 2833 3280 ,
2884 3214 3093 3284 ὑπέστη
3141 3213 3284 3283 ἆπερ
3317 3211 3612 3279 ὑπέμεινεν
3639 3227 3656 3240 ⁸

2081 3309 2377 3380 πληρώσας
2401 3308 2458 3362 δὲ
2483 3308 2576 3361 τὸν
2603 3307 2822 3378 δρόμον,
2847 3306 3036 3377 ὥσπερ
3065 3309 3093 3360 ὁ
3119 3304 3290 3376 ἥλιος,
3320 3303 3662 3374 ἠγαλλιάσα-

2079 3421 2141 3456 το
2186 3401 2410 3470 δραμὼν
2458 3400 2535 3463 ὡς
2577 3399 2744 3467 γίγας
2770 3399 2910 3462 ὁδὸν,
2939 3399 3032 3451 ἀπ’
3061 3398 3231 3468 ἄκρου
3275 3397 3370 3449 τοῦ
3399 3395 3664 3466 οὐρανοῦ,

2080 3493 2175 3545 καὶ
2224 3491 2286 3544 τὸ
2339 3489 2668 3558 κατάντημα
2713 3486 2878 3539 αὑτοῦ
2909 3485 3014 3548 ἕως
3039 3483 3210 3555 ἄκρου
3245 3482 3409 3536 αὐτοῦ
3447 3497 3459 3511 ·
3490 3481 3664 3534 πάλιν

2080 3582 2191 3652 γὰρ
2249 3583 2306 3634 ἐν
2346 3583 2461 3642 τοῖς
2503 3577 2771 3649 Ὀρμισδᾶ
2793 3576 3142 3644 ἀπεκατέστη
3178 3574 3253 3638 ὡς
3277 3573 3508 3644 νυμφίος
3538 3573 3664 3623 εἰσ-

2081 3671 2446 3741 πορευόμενος
2469 3669 2561 3721 τὸν
2588 3666 2791 3722 παστὸν
2819 3665 3004 3732 αὐτοῦ,
3031 3668 3124 3719 καὶ
3146 3659 3332 3736 οὐκῆν
3358 3664 3387 3715 ὁ
3409 3663 3662 3731 ἀποκρυ-

2080 3765 2214 3831 6εὶς,
2247 3765 2339 3817 καὶ
2373 3764 2447 3834 μὴ
2477 3761 2789 3823 ἀπολαύσας
2820 3758 2985 3814 αὐτοῦ
3011 3757 3110 3827 τῆς
3135 3757 3363 3827 θέρμης.
3392 3756 3665 3816 Ἕκαστος

2080 3859 2187 3928 γὰρ
2249 3857 2357 3910 τῶν
2389 3855 2593 3908 πιστῶν
2621 3853 2717 3907 τοῦ
2758 3850 3032 3922 ἀγιασμοῦ
3067 3849 3160 3902 καὶ
3183 3849 3280 3918 τῆς
3314 3847 3531 3918 χάριτος
3553 3846 3662 3897 αὐ-

2078 3948 2171 4002 τοῦ
2221 3945 2646 4017 μετελάμϐανον,
2675 3945 2783 3996 εἴτε
2829 3943 2916 3996 διὰ
2974 3942 3074 4010 τῆς
3117 3939 3380 4010 ὁράσεως,
3430 3937 3539 3989 εἴτε
3566 3936 3664 3988 διά

2077 4039 2178 4108 τῆς
2213 4039 2376 4107 ἁφῆς,
2420 4036 2605 4089 πολλοὶ
2633 4035 2689 4088 δὲ
2716 4035 2809 4087 καὶ
2837 4033 2924 4086 διὰ
2948 4032 3043 4085 τοῦ
3074 4029 3312 4100 μήκοθεν
3337 4025 3662 4095 ἀσπασμοῦ,

2080 4130 2295 4199 καὶτῆς
2325 4129 2580 4198 γλυκείας
2608 4125 2900 4190 ἐντεύξεως
2925 4122 3090 4177 αὐτοῦ
3116 4121 3484 4191 ὼσιρραίνοντο
3509 4134 3524 4148 ο
3556 4117 3661 4170 άλη-

2077 4222 2159 4275 λοι
2177 4221 2234 4275 δὲ
2250 4221 2338 4273 διὰ
2361 4220 2459 4288 τῆς
2487 4217 2656 4286 ἀκοῆς
2685 4209 3021 4284 ὴγαλλιῶντο
3051 4211 3302 4282 μεγάλως
3328 4227 3343 4240 ο
3364 4211 3442 4270 είς
3472 4210 3663 4260 πᾶσαν

2083 4313 2190 4383 γὰρ
2209 4313 2307 4382 τήν
2340 4311 2444 4380 γῆν
2473 4309 2694 4378 ἐξῆλθεν
2717 4305 2918 4376 μικρὸν
2951 4303 3177 4373 ὕστερον
3205 4303 3238 4370 ὴ
3273 4303 3430 4370 φήμη
3465 4297 3658 4364 αὐτοῦ.

2155 4399 2259 4466 ος’,
2283 4397 2746 4468 Διανυκτερεύσας
2771 4396 2952 4449 τοίνυν
2985 4396 3043 4446 ὲν
3069 4393 3147 4462 τῷ
3174 4391 3322 4460 αὐτῷ
3349 4392 3484 4459 οἴκῳ
3507 4429 3520 4448 ,
3558 4390 3660 4441 καὶ

2078 4489 2316 4560 φορέσας
2345 4489 2513 4542 ἔωθεν
2530 4489 2592 4540 τὸ
2621 4487 2948 4557 ὡμοφόριον,
2979 4486 3116 4555 ὅπερ
3169 4485 3261 4536 καὶ
3316 4481 3434 4550 μεθ’
3459 4479 3661 4533 ἑαυτοῦ

2078 4583 2257 4635 λαϐὼν
2287 4578 2432 4651 εἶχεν
2455 4580 2562 4642 ἀεὶ,
2586 4578 2916 4649 παρεγένετο
2955 4577 3092 4647 μετά
3116 4576 3207 4628 τοῦ
3232 4572 3462 4640 εὐαγοὺς
3487 4571 3660 4624 αὐτοῦ

2076 4672 2180 4740 πλή
2191 4688 2285 4740 ρου
2320 4670 2401 4732 εἰς
2423 4669 2513 4722 τὸν
2534 4669 2843 4721 πάνσεπτον
2863 4662 3009 4718 οἷκον
3025 4668 3124 4735 τῆς
3151 4665 3424 4731 παναγίας
3451 4663 3520 4730 ἀχ
3531 4661 3664 4730 ράνο

2081 4779 2178 4815 του
2199 4761 2500 4836 Δεσποίνης
2523 4759 2681 4828 ήμῶν
2705 4759 2976 4811 Θεοτόκου
3001 4757 3096 4808 καὶ
3115 4756 3200 4808 ἀεὶ
3236 4753 3506 4824 παρθένου
3529 4753 3660 4805 Μα-

2086 4854 2228 4923 ρίας,
2258 4851 2350 4904 τὸν
2377 4852 2684 4920 τιμώμενον
2707 4851 2764 4902 ὲν
2799 4849 3131 4919 Βλαχέρναις
3153 4864 3168 4878 ·
3198 4847 3317 4898 ἐκεῖ
3337 4845 3446 4913 γὰρ
3469 4844 3663 4912 διῆγον

2083 4948 2133 4999 οί
2169 4948 2226 4997 ὲν
2259 4943 2472 4996 εὐσεϐεῖ
2506 4945 2571 5012 τῇ
2607 4943 2795 5012 μνήμῃ
2841 4941 3122 5000 Ἰουστίνος
3151 4939 3242 4989 καὶ
3273 4937 3526 5005 Τιϐέριος
3549 4949 3561 4960 ·
3605 4933 3661 4986 οἳ

2084 5035 2178 5087 καὶ
2208 5033 2490 5101 δεξάμενοι
2537 5033 2627 5084 τὸν
2664 5032 2829 5092 ὅσιον,
2869 5029 3008 5098 μετά
3037 5025 3241 5094 πολλῆς
3295 5023 3660 5092 φαιδρότητος

2088 5126 2182 5179 καὶ
2207 5127 2306 5194 τῆς
2330 5121 2649 5193 πρεπούσης
2681 5121 2867 5189 τιμῆς,
2899 5120 2968 5172 τά
3002 5119 3285 5190 πρόσφορα
3310 5121 3403 5170 καὶ
3433 5115 3507 5185 τῷ
3538 5132 3658 5166 και-

2091 5214 2168 5284 pq)
2226 5217 2508 5284 πρέποντα
2569 5213 3070 5280 συντετυχηκότες,
3142 5210 3424 5263 ἀπέλυσαν
3495 5206 3660 5260 αὐτὸν

2085 5307 2367 5376 ὀφείλοντα
2421 5306 2521 5375 τὴν
2558 5305 2706 5358 θείαν
2746 5304 3026 5356 ἐκτελέσαι
3050 5301 3391 5373 λειτουργίαν
3416 5319 3430 5332 ο
3485 5303 3517 5370 η
3548 5300 3661 5370 γὰρ

2087 5538 2346 5589 adducent
2375 5537 2569 5603 fratrea
2607 5545 2802 5590 vestros
2861 5552 2922 5588 ea:
2957 5535 3193 5589 omnibus
3251 5530 3510 5603 gentibus,
3568 5530 3666 5603 do-

2085 5624 2210 5659 num
2237 5600 2605 5674 Domino,cnm
2657 5609 2797 5678 equis
2824 5615 2868 5660 et
2895 5605 3135 5660 rurribm
3169 5605 3221 5659 in
3257 5602 3446 5656 lecticis
3480 5600 3663 5655 mulo—

2089 5693 2227 5740 rum,
2264 5684 2366 5729 etc.
