4042 6156
342 252 476 320 2351

1877 265 2074 323 VITA.

3449 268 3592 333 2362

347 367 524 437 ἡμέρα
570 360 640 438 ἦν
667 367 948 438 Κυριακή.
982 369 1078 433 Τίς
1111 368 1212 424 οὐκ
1261 372 1325 425 ἂν
1377 359 1651 443 εὐκαίρως
1684 376 1778 428 καὶ
1825 376 1918 427 νῦν

2034 378 2202 430 10108
2251 376 2360 430 diei
2397 384 2615 430 eructat
2647 375 2899 440 verbum,
2942 382 2999 430 et
3024 391 3154 430 ηοκ·
3183 376 3330 440 nocti
3385 378 3592 440 indicat

353 458 777 528 μνημονεύσειεν
821 461 885 513 τὸ
939 461 1216 531 ψαλμικδν
1265 463 1444 532 λόγιον
1478 506 1492 530 ,
1544 484 1562 516 ι
1613 465 1824 534 Ἡμέρα
1859 469 1923 535 τῇ

350 551 531 623 ήμέρᾳ
547 551 831 621 ἐρεύγεται
856 553 1028 623 ῥῆμα,
1056 554 1146 607 καὶ
1168 553 1266 619 νὺξ
1284 557 1439 607 νυκτὶ⁸
1455 556 1776 624 ἀναγγέλλει
1788 556 1927 625 γνῶ-

353 660 481 709 σιν;
517 663 537 696 ι
575 643 638 698 Ei
675 644 781 715 γάρ
810 663 895 709 τις
943 645 1004 699 τὸ
1033 645 1429 718 ήμερονύκτιον
1487 649 1584 718 τῆς
1636 649 1924 718 χειμασίας

353 733 445 786 καὶ
480 733 576 786 τοῦ
627 734 935 804 πειρασμοῦ
985 736 1107 806 ήτοι
1143 737 1409 807 διωγμοῦ,
1439 737 1516 807 τῷ
1548 740 1927 808 ήμερονυκτίῳ

352 824 450 892 τῆς
475 825 969 890 ἀποκαταστάσεως
1005 827 1098 881 καὶ
1145 827 1244 897 τῆς
1288 827 1508 898 βαθείας
1551 831 1776 899 εἰρήνης
1832 832 1928 884 καὶ

354 912 599 982 γαλήνης
631 916 934 985 συγκρίνει,
957 916 1158 988 πολλὴν
1193 919 1386 987 σοφίαν
1413 936 1473 972 τε
1501 921 1596 972 καὶ
1625 921 1828 987 γνῶσιν
1861 923 1927 974 ὲν

354 1002 684 1072 ἀμφοτέροις
725 1005 837 1067 τοῖς
876 1009 1085 1076 καιροῖς
1120 1007 1214 1059 καὶ
1265 1010 1380 1072 τοῖς
1416 1011 1735 1078 πράγμασιν
1765 1012 1926 1080 εὑρή-

357 1108 440 1144 σοι
460 1109 474 1123 ·
518 1092 637 1155 πῶς
659 1094 718 1146 ἐν
745 1093 823 1164 τῷ
855 1097 1034 1168 καιρῷ
1064 1097 1162 1168 μὲν
1183 1099 1277 1153 τοῦ
1309 1101 1618 1171 πειρασμοῦ
1650 1102 1926 1156 Σάὗόατον

353 1177 423 1250 ἦν
449 1185 545 1236 καὶ
582 1184 787 1254 χειμών
809 1202 823 1216 ·
897 1188 1224 1260 ἰανουαρίου
1266 1192 1375 1260 γὰρ
1423 1192 1688 1264 [εἰκοστῇ]
1715 1194 1787 1263 (ο)
1811 1195 1929 1247 δευ-

353 1273 489 1343 τέρᾳ
514 1276 543 1326 6
575 1277 901 1346 πειρασμὸς,
934 1279 1054 1348 ἦτοι
1077 1283 1110 1350 ή
1132 1282 1326 1353 ὲκὸολή
1380 1283 1470 1336 τοῦ
1494 1284 1685 1354 ἀνδρὸς
1704 1286 1927 1355 γεγένη-

355 1379 446 1418 ται
464 1380 479 1392 ·
516 1363 634 1428 πῶς
654 1366 701 1420 δ’
730 1363 796 1420 αὖ
822 1367 984 1422 πάλιν
1007 1372 1040 1440 ή
1069 1372 1549 1441 ἀποκατάστασις;
1601 1375 1688 1427 Ἐν
1743 1377 1928 1447 ἡμέρᾳ

357 1454 635 1526 κυριακῇ,
660 1459 754 1510 καὶ¹
779 1460 910 1530 μηνὶ
930 1461 1247 1534 Ὀκτωὸρίῳ
1267 1465 1426 1535 τρίτῃ
1450 1466 1767 1537 γεγένηται,
1811 1469 1868 1520 ἐν

356 1545 450 1597 καὶ
480 1547 532 1598 oi.
561 1548 659 1618 τήν
703 1550 824 1602 κατ’
855 1551 1021 1604 αὑτοῦ
1081 1555 1354 1624 συσκευήν
1417 1558 1784 1626 τυρεύσαντες
1822 1559 1927 1610 ἁπ-

356 1637 698 1707 ετμήθησαν,
721 1640 988 1712 Αίθέριος,
1016 1646 1182 1716 φημὶ,
1203 1646 1300 1698 καὶ
1327 1647 1584 1711 Ἀδδαῖος.
1613 1649 1670 1702 '0
1694 1649 1790 1718 μὲν
1819 1649 1928 1720 γὰρ

2027 466 2317 520 scientiam
2349 466 2418 519 ".
2447 484 2465 516 ι
2495 465 2550 519 Si
2575 467 2703 535 quis
2726 466 2874 520 enim
2915 466 3062 520 illam
3124 471 3465 538 tempestatis
3492 487 3591 526 seu

2029 557 2352 612 tentationis
2378 557 2525 612 diem
2553 573 2618 612 ac
2651 567 2892 623 noctem,
2915 574 3040 612 cum
3068 558 3173 614 hac
3221 563 3590 618 revocationis

2027 663 2092 702 ac
2120 647 2334 702 reditus
2357 649 2499 719 ejus,
2535 663 2875 719 summaeque
2899 650 3051 719 pacis
3083 665 3150 704 ac
3177 653 3594 722 tranquillitatis

2026 748 2327 808 comparet,
2385 755 2634 810 magnam
2694 741 3022 809 sapientiam
3081 750 3138 796 et
3189 742 3478 796 scientiam
3536 743 3592 798 in

2029 836 2262 894 utroque
2291 812 2538 894 tempore
2558 837 2614 881 et
2639 828 2860 897 negotio
2892 828 3154 895 reperiet.
3174 828 3308 882 Nam
3345 838 3592 898 tempore

2029 917 2122 970 illo
2156 917 2454 971 Sabbatum
2490 927 2547 972 et
2589 917 2768 971 hiems
2808 925 2926 971 erat
2947 917 3082 987 (59),
3129 917 3406 986 siquidem
3445 920 3592 972 vice-

2028 1006 2164 1061 sima
2194 1007 2436 1062 secunda
2463 1007 2709 1062 Januarii
2747 1016 2989 1062 tentatus
3021 1009 3105 1062 vir
3129 1017 3361 1064 sanctus
3387 1018 3443 1063 ct
3477 1011 3592 1080 eje-

2029 1112 2153 1153 ctus
2175 1099 2310 1153 fuit:
2338 1100 2624 1154 restitutus
2649 1107 2732 1153 est
2747 1110 2930 1153 autem
2960 1099 3122 1153 tertia
3157 1099 3440 1165 Octobris,
3470 1116 3593 1173 qua:

2029 1191 2311 1246 Dominica
2373 1200 2494 1246 erat
2527 1209 2540 1245 :
2579 1208 2686 1260 qua
2717 1192 2938 1260 quidem
2997 1195 3087 1248 die
3116 1201 3172 1248 et
3227 1193 3308 1246 illi
3365 1193 3458 1262 qui
3489 1192 3594 1261 ipsi

2031 1282 2258 1336 insidias
2280 1289 2618 1346 struxerant,
2651 1297 2888 1351 cumque
2913 1284 3190 1352 ejecerant
3226 1280 3284 1334 in
3311 1281 3593 1344 exsilium,

2027 1372 2311 1428 Etherius
2335 1384 2390 1427 et
2417 1373 2673 1436 Addaaus,
2706 1373 2797 1428 hic
2824 1373 2978 1428 urbis
3003 1373 3315 1443 praafectus,
3373 1373 3470 1426 ille
3501 1387 3598 1442 pa-

2030 1466 2289 1519 latiorum
2337 1465 2592 1519 Antiochi
2625 1465 2897 1525 dictorum
2956 1475 3182 1519 curator
3207 1464 3343 1532 (60),
3388 1464 3590 1517 mortui

2030 1563 2206 1609 sunt:
2262 1565 2314 1608 el
2357 1547 2820 1622 quemadmodum
2875 1552 3039 1606 ambo
3088 1551 3267 1603 virum
3341 1560 3594 1604 sanctum

2033 1645 2345 1716 pellendum
2366 1644 2809 1699 etadulterinam
2841 1640 3249 1696 ordinationem
3283 1639 3591 1694 faciendam

367 1728 606 1792 ’Δδδαῖος
658 1729 902 1803 ἔπαρχος
940 1734 1150 1798 πόλεως
1181 1731 1273 1806 ἦν,
1299 1736 1546 1808 Αίθέριος
1583 1738 1640 1791 δὲ
1663 1740 1770 1792 τῶν
1808 1741 1924 1793 Ἀν-

2034 1745 2380 1801 curaverant,
2414 1736 2488 1790 ita
2514 1734 2768 1789 meritam
2796 1735 2960 1788 ambo
3021 1729 3334 1786 mercedem
3370 1745 3598 1798 accepe-

253 1877 260 1881 _
353 1820 534 1890 τιόχου
554 1823 864 1894 κουράτωρο
915 1825 1010 1879 καὶ
1043 1825 1232 1899 ὥσπερ
1261 1829 1562 1900 ἀμφότεροι
1590 1829 1691 1900 τήν
1719 1847 1923 1884 σκαιωο

358 1910 503 1979 ρίαν,
532 1912 653 1982 ἦτοι
686 1913 936 1986 ἐκϐολὴν,
964 1915 1060 1968 τοῦ
1093 1917 1245 1970 ὁσίου
1285 1920 1379 1971 καὶ
1405 1921 1507 1989 τήν
1548 1919 1783 1974 ἄτακτον
1810 1938 1923 1990 χει-

354 2003 595 2071 ροτονίαν
650 2009 1033 2078 πεποιήκασιν,
1065 2007 1239 2073 οὕτως
1270 2011 1437 2080 ἄμφω
1471 2012 1597 2081 περὶ
1632 2004 1706 2064 ὧν
1734 2013 1923 2082 εἰργά-

354 2108 517 2147 σαντο
559 2097 651 2148 καὶ
694 2099 822 2160 τοὺς
875 2098 1102 2168 μισθοὺς
1152 2101 1568 2172 ἐκαρπώσαντο.
1614 2103 1703 2156 Ἐν
1753 2104 1926 2177 ταύτῃ

351 2182 481 2250 γοῦν
504 2188 570 2257 τῇ
600 2186 783 2258 ήμέρᾳ
798 2183 952 2253 οὗτος
972 2194 1068 2260 μὲν
1086 2192 1116 2243 6
1148 2191 1478 2263 πανάριστος
1500 2193 1591 2246 τὸν
1618 2193 1804 2264 θρόνον
1831 2195 1926 2246 καὶ

351 2273 449 2346 τήν
476 2276 672 2330 ἑαυτοῦ
693 2279 992 2334 κατέλαϐεν
1013 2282 1360 2352 Ἐκκλησίαν,
1392 2286 1545 2338 αὐτοὶ
1556 2285 1612 2338 δὲ
1644 2285 1743 2354 τῆς
1780 2284 1927 2355 ζωῆς

350 2366 723 2439 ἐστερήθησαν
770 2373 877 2442 πρὸ
908 2373 1119 2428 πολλῶν
1148 2377 1356 2444 χρόνων
1391 2377 1490 2447 τῆς
1537 2378 1924 2431 ἀποκαταστά-

352 2474 492 2522 σεως
516 2460 611 2513 τοῦ
646 2461 795 2514 ὁσίου
819 2478 834 2493 ·
864 2465 1086 2518 κάκεῖνο
1112 2466 1170 2518 δὲ
1193 2467 1253 2519 τὸ
1275 2467 1610 2537 προφητικὸν
1631 2467 1810 2535 λόγιον
1826 2467 1926 2520 ούκ

350 2550 598 2614 ἁπεικῶς
631 2555 1086 2623 μνημονεύσαιτο·
1123 2575 1140 2604 ι
1171 2558 1280 2611 Καὶ
1311 2557 1465 2610 ἔσται
1497 2559 1554 2610 ὲν
1580 2557 1657 2628 τῷ
1683 2559 1836 2628 τόπῳ
1865 2554 1926 2612 οὗ

349 2638 574 2710 ιρρέθη.
598 2642 674 2694 Ού
694 2641 822 2704 λαός
848 2660 948 2712 μου
974 2645 1151 2710 ὑμεῖς,
1167 2663 1185 2696 δ
1216 2645 1356 2698 κατὰ
1377 2646 1436 2698 τὸ
1453 2646 1609 2709 δόξαν
1625 2646 1929 2716 τηνικαῦτά

351 2747 517 2793 τισιν,
547 2750 566 2782 ι
600 2735 718 2786 ἐκεῖ
747 2735 1085 2804 κληθήσεσθε
1156 2739 1262 2790 υίοὶ
1315 2737 1450 2793 θεοῦ
1503 2737 1731 2801 ζῶντος.
1772 2759 1790 2790 ι
1838 2739 1926 2792 Ἐν

351 2824 466 2885 τοῖς
501 2821 766 2892 Ὀρμισδᾶ
793 2826 922 2898 γὰρ,
955 2826 1028 2889 ὼς
1059 2828 1292 2899 εἴρηται,
1317 2831 1542 2897 γέγονεν
1575 2831 1608 2900 ή
1645 2831 1928 2884 ἀποκατά-

355 2931 684 2978 στασις......
717 2918 780 2970 ού
797 2920 904 2989 γὰρ
929 2920 1150 2991 ᾔδεισαν
1179 2923 1229 2974 οἱ
1255 2924 1325 2974 τὰ
1343 2923 1534 2977 στάδια
1563 2923 1925 2993 λογιζόμενοι,

353 3004 436 3070 τὸ,
469 3024 490 3058 ι
521 3008 797 3078 Μακάριοι
828 3012 879 3064 οἱ
919 3013 1269 3084 δεδιωγμένοι
1322 3015 1509 3068 ἕνεκεν
1562 3015 1925 3085 δικαιοσύνης,

352 3097 439 3149 ὅτι
466 3100 646 3154 αὐτῶν
672 3104 821 3155 ἐστιν
847 3106 880 3174 ή
901 3104 1145 3174 βασιλεία
1167 3101 1274 3160 τῶν
1298 3108 1568 3178 οὐρανῶν.
1601 3127 1619 3159 ι
1656 3107 1933 3179 Μακάριοί

2030 1839 2178 1886 runt.
2206 1830 2263 1883 In
2293 1829 2397 1883 hac
2425 1827 2594 1898 igitur
2612 1826 2702 1881 die
2729 1835 2785 1881 et
2823 1827 2908 1879 vir
2929 1824 3172 1894 optimus
3190 1837 3344 1877 suam
3386 1821 3597 1891 recepit

2028 1921 2355 1984 Ecclesiam,
2387 1927 2443 1973 et
2479 1917 2581 1986 ipsi
2634 1917 2744 1971 vita
2793 1915 2993 1985 privati
3031 1921 3160 1967 sunt
3185 1910 3375 1965 multis
3435 1910 3598 1964 annis

2032 2014 2349 2083 priusquam
2404 2009 2520 2078 ipse
2566 2017 2923 2062 revocaretur
2979 2003 3113 2073 (6|).
3170 1999 3590 2057 Accommodari

2032 2106 2140 2159 huc
2167 2103 2329 2156 etiam
2349 2107 2582 2170 possunt
2608 2098 2774 2152 verba
2801 2097 2893 2151 illa
2927 2093 3250 2165 prophetica
3288 2110 3300 2145 :
3337 2111 3355 2143 ι
3397 2093 3464 2146 Et
3487 2090 3598 2144 erit

2031 2195 2084 2248 in
2113 2194 2234 2247 loco
2268 2191 2359 2245 ubi
2397 2189 2613 2244 dicetur
2661 2204 2676 2241 :
2724 2187 2842 2241 Non
2889 2184 3122 2255 populus
3155 2197 3311 2236 meus
3331 2181 3435 2250 (uti
3474 2179 3596 2248 qui-

2030 2285 2259 2340 busdam
2291 2279 2879 2350 videbatur),dicctur:
2918 2276 3039 2331 Filii
3065 2275 3158 2329 Dei
3205 2272 3446 2328 viventis
3477 2271 3546 2323 ⁷⁸.
3571 2288 3588 2322 ›

2029 2379 2088 2432 lu
2108 2374 2415 2431 Hormisdae
2434 2373 2580 2427 enim
2607 2372 2831 2441 palatio,
2857 2381 2923 2424 ut
2958 2369 3165 2424 dictum
3188 2375 3295 2430 est,
3335 2365 3478 2419 facta
3507 2373 3594 2417 est

2032 2466 2427 2522 restitutio.....
2487 2463 2606 2517 Non
2667 2461 2815 2515 enim
2873 2459 2966 2528 qui
2997 2456 3432 2512 considerabant
3489 2461 3597 2506 sta-

2031 2561 2122 2615 dia
2161 2556 2294 2626 (62),
2349 2553 2732 2624 iutelligebaut
2761 2551 2920 2615 illud,
2958 2567 2976 2600 ι
3001 2548 3154 2602 Beati
3186 2547 3281 2615 qui
3335 2556 3597 2613 persecu-

2033 2654 2237 2705 tionem
2262 2647 2548 2718 patiuntur
2570 2641 3103 2714 propterjustitiam,
3141 2637 3401 2707 quoniam
3446 2634 3596 2702 ipso-

2035 2757 2157 2796 rum
2181 2747 2267 2794 est
2293 2752 2522 2807 regnum
2572 2734 2864 2789 cwlorum.
2890 2731 3039 2786 Beati
3067 2731 3205 2783 estis
3261 2742 3385 2781 cum
3432 2722 3600 2777 male-

2031 2831 2272 2895 dixerint
2297 2828 2458 2882 vobis
2495 2825 2773 2889 homines,
2817 2835 2875 2878 et
2929 2821 3204 2892 persecuti
3234 2835 3332 2873 vos
3362 2816 3594 2876 fuerint,

2031 2933 2087 2979 ct
2114 2921 2358 2977 dixerint
2382 2933 2545 2972 omne
2577 2917 2778 2971 malum
2814 2914 3109 2969 adversum
3161 2926 3282 2976 vos,
3323 2905 3596 2961 mentien-

2037 3027 2141 3080 tes,
2177 3019 2407 3083 pr0pter
2432 3025 2553 3064 me:
2602 3008 2835 3078 gaudete
2881 3014 2939 3061 et
2988 3004 3281 3066 exsultate,
3340 2996 3600 3068 quoniam

2035 3123 2246 3163 merces
2264 3113 2449 3159 vestra
2469 3103 2689 3171 copiosa
2715 3101 2873 3154 estin
2896 3097 3053 3152 cmlis
3087 3098 3158 3151 "’.
3186 3115 3205 3146 ι

355 3192 482 3243 ἐστε
535 3193 661 3246 ὅταν
708 3194 1040 3251 ὀνειδίσωσιν
1088 3200 1234 3269 ὑμᾶς
1287 3203 1382 3254 καὶ
1445 3200 1732 3267 διώξωσιν,
1805 3201 1899 3254 καὶ
1938 3200 2165 3254 εἴπωσιν
2226 3201 2335 3253 πᾶν
2402 3197 2638 3269 πονηρὸν
2707 3194 2858 3265 ῥῆμα
2901 3191 3022 3245 καθ’
3087 3187 3238 3258 ὑμῶν
3285 3182 3608 3254 ψευδόμενοι

355 3285 543 3362 Evasi:
565 3288 721 3356 ὲμοῦο
751 3289 968 3357 χαίρετε
1022 3293 1120 3344 καὶ
1149 3291 1501 3356 ἀγαλλιᾶσθε,
1531 3293 1612 3347 δτι
1639 3296 1668 3347 6
1718 3293 1908 3364 μισθὸς
1948 3291 2103 3362 ὑμῶν
2133 3294 2190 3344 ὲν
2211 3295 2320 3355 τοῖς
2353 3292 2622 3360 οὐρανοῖς.
2663 3307 2680 3338 ι

429 3378 526 3443 oC'.
559 3376 728 3448 Οἶμαι
781 3381 837 3433 δὲ
869 3385 1164 3450 ἀναγκαῖον
1195 3380 1334 3439 εἶναι
1365 3386 1521 3453 ὀλίγα
1564 3387 1930 3456 διηγήσασθαι

359 3471 457 3522 καὶ
485 3473 613 3540 περὶ
633 3472 728 3525 τοῦ
753 3473 1087 3543 ὼμοφορίου,
1126 3477 1275 3540 ὅπως
1315 3479 1414 3530 ούκ
1458 3478 1672 3549 ἐπήρθη
1704 3480 1798 3532 ἀπ’
1836 3480 1932 3532 αύ-

359 3563 454 3616 τοῦ
488 3565 567 3627 είς
588 3563 688 3634 τήν
713 3566 970 3635 τοιαύτην
1015 3568 1380 3639 κατασκευήν,
1412 3569 1527 3622 ἀλλ’
1557 3569 1772 3640 ἔμεινεν
1802 3571 1930 3640 παρ’

365 3655 534 3723 αὐτῷ.
557 3656 718 3717 τινὲς
735 3657 846 3728 γὰρ
877 3659 984 3711 τῶν
1012 3658 1287 3730 κληρικῶν
1317 3661 1636 3728 εἰσηγοῦντο
1663 3661 1741 3731 τῷ
1777 3661 1935 3714 Alea-

367 3745 470 3816 ρίῳ
501 3748 706 3818 ἐπᾶραι
733 3749 864 3802 αὐτὸ
893 3749 1001 3802 ἀπὸ
1048 3749 1144 3803 τοῦ
1174 3751 1320 3803 ὁσίου
1348 3769 1361 3782 ·
1395 3754 1422 3804 ὁ
1443 3752 1498 3805 δὲ
1523 3753 1932 3823 περιφρονήσας

362 3836 474 3891 τῶν
505 3839 930 3909 εἰσηγουμένων,
957 3840 1109 3893 οὐδὲν
1135 3833 1209 3893 ὧν
1237 3841 1422 3909 ἔλεγον
1447 3843 1723 3912 ἐποίησεν.
1762 3843 1932 3895 Ὅταν

363 3923 458 3983 οὖν
503 3924 571 4000 ἦν
632 3930 742 3984 ὑπὸ
799 3931 1170 4001 ἀγανάκτησιν
1202 3934 1230 3985 ὁ
1265 3933 1532 4003 Αίθέριος,
1599 3933 1782 4002 ἔλεγεν
1825 3935 1936 3996 τοῖς

365 4021 763 4092 ἀπερχομένοις
784 4024 864 4088 είς
898 4024 1186 4093 ἐπίσκεψιν
1217 4025 1383 4079 αὐτοῦ
1423 4025 1933 4095 ἐξομολογούμενος,

365 4115 448 4168 ὅτι
464 4114 610 4168 Ὅσα
629 4117 866 4186 ἐποίησα
885 4117 964 4188 τῷ
990 4119 1146 4190 κυρῷ
1166 4118 1431 4189 Εὑτυχίῳ.
1455 4118 1595 4186 μετὰ
1617 4118 1938 4188 προσθήκης

366 4206 672 4260 ἀπέλαϐον
710 4208 801 4262 διὰ
847 4211 956 4262 τῶν
984 4209 1290 4281 ἀνθρώπων
1342 4211 1510 4264 αὐτοῦ
1555 4209 1937 4278 κατεσκεύασα

365 4297 539 4369 αὐτῷ,
586 4299 673 4355 διὰ
715 4300 825 4353 τῶν
856 4302 1158 4372 ἀνθρώπων
1217 4320 1320 4372 μου
1356 4300 1837 4370 κατεσκευάσθην·
1867 4301 1939 4354 τὰ

368 4390 560 4460 ἱμάτια
582 4391 745 4444 αὐτοῦ
783 4394 983 4464 ὲπήρα.
1013 4393 1082 4445 τὰ
1109 4393 1408 4464 πράγματά
1441 4410 1543 4462 μου
1564 4393 1739 4446 πάντα
1763 4393 1938 4463 ἐπήρ-

2105 3387 2192 3439 77.
2233 3387 2352 3441 Jam
2384 3383 2528 3439 etde
2550 3377 2992 3451 superhumerali
3053 3371 3350 3429 dicendmn
3391 3376 3478 3422 est
3501 3367 3602 3422 ali-

2033 3477 2191 3548 quid,
2227 3475 2372 3545 quod
2402 3473 2482 3527 illi
2518 3473 2574 3526 in
2596 3475 2694 3526 sua
2730 3470 3037 3541 dejectione
3063 3473 3314 3534 ereptum
3344 3459 3602 3520 nonfuit,

2033 3571 2131 3624 sed
2157 3567 2302 3638 apud
2337 3583 2464 3621 eum
2499 3564 2720 3620 mansit.
2746 3563 2883 3617 Cum
2903 3560 3060 3615 enim
3103 3572 3171 3611 ex
3201 3553 3425 3608 clericis
3474 3552 3601 3621 qui-

2035 3660 2159 3714 dam
2189 3657 2486 3713 suaderent
2514 3653 2763 3708 [Etherio
2787 3662 2848 3707 ut
2881 3651 3062 3719 ipsum
3093 3653 3286 3701 sancto
3337 3643 3458 3696 viro
3485 3639 3606 3695 adi-

2039 3757 2234 3812 meret,
2268 3748 2384 3809 ille,
2411 3745 2680 3815 neglectis
2708 3755 2902 3796 eorum
2923 3736 3129 3800 verbis,
3155 3736 3335 3788 facere
3360 3730 3416 3784 id
3444 3743 3607 3783 recu-

2039 3842 2201 3898 savit.
2227 3841 2419 3908 Itaque
2451 3837 2567 3906 ipse
2607 3849 2732 3890 eum
2774 3827 3209 3900 indignationem
3257 3819 3610 3890 imperatoris

2042 3929 2394 3994 incurrisset,
2424 3927 2494 3982 ad
2528 3940 2587 3980 se
2608 3922 2898 3978 visendum
2934 3914 3288 3972 venientibus
3323 3908 3610 3964 confessus

2043 4033 2149 4092 est,
2180 4024 2403 4078 dicens:
2438 4019 2572 4086 Quae
2628 4015 2735 4071 feci
2785 4013 3014 4067 domino
3051 4003 3346 4077 Eutychio,
3417 3999 3604 4055 omnia

2043 4117 2098 4171 in
2130 4130 2218 4170 me
2244 4111 2522 4168 cumulate
2547 4107 2900 4164 reciderunt:
2936 4117 3035 4172 per
3075 4098 3330 4154 homines
3358 4095 3478 4164 ejus
3504 4106 3607 4159 op—

2043 4205 2278 4276 pugnavi
2296 4219 2446 4267 eum,
2477 4217 2577 4272 per
2599 4201 2853 4254 homines
2889 4207 3042 4248 meos
3073 4195 3425 4261 oppugnatus
3446 4198 3607 4238 sum:

2041 4297 2374 4352 vestimenta
2422 4295 2546 4365 ejus
2571 4289 2801 4360 diripui,
2834 4284 3015 4342 omnia
3048 4298 3166 4337 mea
3205 4281 3420 4349 direpta
3446 4283 3607 4330 sunt:

2042 4405 2216 4445 unum
2249 4395 2464 4442 tantum
2493 4400 2605 4440 non
2642 4380 2844 4445 ademi,
2871 4378 2926 4433 id
2962 4375 3099 4431 mihi
3139 4387 3361 4444 quoque
3401 4377 3488 4424 est
3524 4383 3612 4421 re-

365 4482 571 4550 θησαν·
607 4483 666 4538 ἓν
697 4484 857 4554 μόνον
920 4485 982 4538 οὐ
1017 4485 1294 4556 πεποίηκα
1347 4485 1517 4556 αύτῷ,
1567 4485 1725 4548 τοῦτο
1774 4485 1932 4553 κάμοῖ

2047 4484 2280 4546 lictum;
2311 4476 2660 4534 hortantibus
2677 4474 2824 4530 enim
2861 4485 2948 4526 me
2976 4466 3194 4524 clericis
3223 4472 3283 4519 ut
3339 4459 3615 4532 superbu-

443 4642 653 4698 "Psal.
694 4645 922 4708 xvtu,3.
993 4645 1037 4675 ’⁸
1065 4645 1203 4699 Osce
1239 4659 1275 4708 ι,
1321 4641 1406 4695 10.
1485 4643 1527 4673 ⁷³
1552 4641 1742 4696 Matth.
1775 4659 1826 4706 v,
1853 4641 1939 4708 lO,
1998 4643 2083 4696 ll.

509 4797 581 4863 (ο)
611 4797 686 4851 Ita
720 4798 774 4851 in
801 4815 904 4852 ms.
930 4799 1134 4853 Veneto
1159 4795 1340 4854 Zinus'
1369 4799 1593 4867 reperit,
1623 4814 1726 4852 nec
1782 4797 1944 4852 dubi-

2050 4815 2214 4866 supra
2243 4797 2451 4866 dicitur?
2479 4801 2662 4866 tc_n_tu_s
2707 4785 2938 4866 Sanctus
2972 4787 3025 4866 in
3053 4785 3193 4866 festo
3223 4781 3280 4836 S.
3316 4773 3614 4839 Timothei,

367 4856 549 4921 tamus
569 4856 861 4922 restituere
881 4870 1027 4938 quod
1048 4869 1238 4925 deerat
1269 4856 1771 4939 ecgraphonostro,
1816 4869 1947 4938 quia
2054 4856 2199 4938 qu'od
2226 4884 2257 4921 a
2286 4865 2485 4922 Grmcis
2516 4864 2586 4917 2‘2
2615 4863 2736 4917 Jan.
2778 4856 3176 4915 celebrabatur.

442 5023 553 5091 (59)
599 5021 831 5088 Quando
878 5023 1090 5078 scilicet
1124 5023 1189 5076 ad
1226 5023 1460 5078 insulam
1510 5022 1828 5092 Principcm
1858 5032 1943 5077 est

365 5101 616 5152 avectus,
656 5101 715 5145 ut
755 5108 920 5161 supra
959 5109 1113 5148 num.
1140 5093 1208 5146 60
1234 5093 1544 5158 indicatur;
1594 5093 1676 5146 vel
1719 5095 1940 5161 quando

407 5172 495 5214 ost
521 5171 631 5216 tres
657 5161 994 5216 hebomadas
1015 5163 1216 5216 missus
1241 5170 1326 5216 est
1346 5163 1655 5227 Amaseam,
1682 5162 1772 5216 die
1798 5162 1830 5215 6
1853 5165 1937 5217 vel

425 5231 745 5298 iFebruarii
770 5250 783 5284 :
812 5231 932 5285 dies
960 5241 1144 5285 autem
1169 5232 1238 5284 29.
1258 5231 1524 5296 Januarii,
1553 5248 1659 5300 qua
1679 5231 1940 5286 detentus

367 5308 475 5364 est,
512 5302 796 5355 utdicitur
829 5301 1091 5362 num.37,
1122 5318 1268 5354 anno
1297 5301 1418 5364 565,
1449 5317 1557 5354 non
1577 5312 1698 5355 erat
1724 5301 1935 5356 Sabba-

365 5382 507 5430 tum.
542 5372 634 5424 sed
656 5371 794 5426 feria
810 5370 1022 5438 quinta,
1052 5370 1236 5424 littera
1272 5371 1592 5424 Dominicali
1625 5371 1687 5425 C.

441 5440 552 5507 (60)
586 5442 756 5494 Zinus
769 5450 928 5496 vocat
947 5450 1243 5493 curatorem
1263 5441 1588 5494 Antiochiae:
1629 5441 1722 5494 sed
1749 5439 1934 5494 Gragee

367 5518 457 5579 est
506 5510 615 5562 τῶν
652 5510 946 5579 Ἀντιόχου,
981 5525 1080 5579 per
1112 5526 1234 5578 quae
1291 5526 1396 5562 non
1445 5526 1740 5578 possumus
1786 5511 1933 5563 aliud

369 5578 680 5650 intelligere
705 5578 867 5650 quam
895 5578 1009 5647 ipsa
1038 5581 1125 5633 illa
1157 5579 1375 5648 palatia,
1402 5579 1453 5650 in
1492 5581 1692 5647 quibus
1731 5583 1934 5650 positas

367 5649 568 5704 sancto
594 5649 826 5706 insidias
845 5649 1048 5704 dictum
1073 5658 1210 5715 erat,
1243 5665 1394 5702 num.
1424 5649 1487 5701 57

2118 5020 2229 5090 (61)
2268 5013 2704 5090 Utpotemortui
2742 5026 2886 5090 anno
2926 5007 3086 5090 569,.
3126 5005 3178 5058 id
3205 5001 3612 5090 ⁸(εειψρςίςξιξίξιιιῗ

2044 5072 2302 5159 sequehti
2322 5072 2583 5159 Exsilium
2609 5082 2782 5159 sancti
2834 5076 3112 5159 Eutychii,
3163 5082 3222 5126 ut
3254 5072 3612 5159 “manifestior

2042 5141 2526 5228 sb'iléiéiet'unio,
2562 5169 2672 5221 quo
2705 5141 3327 5228 (ιυιει-ίοτέ,εριιιεοιμλιῃ
3349 5227 3367 5228 η
3507 5157 3609 5228 ξὶὶιξ·

2042 5210 2525 5283 ἦῖιξῖκμο-ιιιιιὶὶιυέ
2578 5210 2698 5292 post
2729 5219 2936 5292 secutis
2983 5215 3191 5292 hanbuit_
3223 5212 3462 5292 litterarii
3513 5210 3610 5288 llo-

2040 5279 2352 5353 in‘ini'calem
2385 5296 2448 5361 C,
2473 5279 2721 5360 adeoque
2754 5289 2968 5342 tertiam
3029 5283 3284 5339 Octobris
3334 5279 3388 5332 in
3423 5279 3609 5332 Domi-

2045 5385 2186 5422 nica.
2836 5427 2843 5428 κ
3209 5423 3219 5428 ,
3297 5421 3306 5428 .
3448 5426 3456 5428 ,
3517 5419 3550 5428 ..

2117 5419 2227 5504 id?)
2272 5437 2440 5489 linus
2500 5427 2880 5504 explicationis
2921 5421 3337 5504 causa_scripsit
3369 5438 3387 5468 ‹
3413 5419 3612 5499 stadia,

2043 5493 2328 5574 equitatus
2367 5509 2422 5555 et
2453 5493 2760 5574 huiusmodi
2792 5513 2912 5574 res:
2938 5516 2965 5574 ,ι
3008 5493 3104 5548 sed
3163 5493 3410 5574 arbitror
3456 5493 3614 5574 ‘exci-

2044 5566 2190 5630 disse
2215 5574 2462 5641 aliquid,
2514 5572 2742 5641 ideoque
2783 5566 3066 5620 malui.....
3123 5573 3324 5634 puncta
3375 5568 3614 5614 notare:

2043 5664 2142 5699 nec
2173 5639 2327 5700 enini
2349 5652 2473 5714 apta
2505 5639 2766 5695 connexio
2793 5646 2895 5692 est.
