3940 6202
464 291 605 357 2363

1532 296 1589 353 S.
1629 295 1987 356 EUTYCI-lll
2033 294 2533 354 PATHIARCIIE
2571 295 2677 352 (ΖΡ.

3538 294 3657 356 2⁸301

465 402 670 457 mei-ale
695 402 987 466 auferrem,
1030 402 1081 456 id
1114 420 1223 457 non
1278 402 1417 459 feci:
1467 416 1524 457 et
1573 420 1703 459 ecce
1758 405 1926 458 etiam
1975 404 2028 456 in

2133 403 2405 473 ἐφυλάχθη
2429 421 2441 433 ·
2474 402 2582 455 τῶν
2611 402 2716 470 γὰρ
2746 397 3022 469 κληρικῶν
3042 397 3315 464 λεγόντων,
3338 399 3472 462 ὅπως
3487 403 3653 468 incipio

466 490 569 545 hac
606 492 914 546 calamitate
942 494 1204 548 remansit
1224 493 1360 547 mihi
1392 509 1528 548 zona
1560 508 1685 547 eum
1722 493 2033 563 insignibus

463 581 813 649 dignitatum.
879 582 1004 637 llzec
1054 584 1145 638 ille
1197 584 1418 653 quidem
1478 584 1700 639 dicebat
1749 600 2029 649 maerens;

468 680 682 740 tempus
742 681 926 729 tamen
957 675 1294 743 poenitentia:
1350 690 1462 729 non
1509 676 1743 741 invenit,
1775 675 2033 745 quamvis

467 748 593 817 cuin
619 765 872 835 lacrymis
923 775 1195 835 quaereret
1228 782 1369 821 eam.
1411 766 1490 821 Ac
1525 767 1594 822 de
1660 768 1749 821 his
1792 768 2028 836 quidem

469 855 641 909 satis:
671 855 738 909 ad
778 857 1149 911 narrationem
1176 857 1482 912 institutam
1518 869 1890 913 revertamur.

538 1123 626 1176 78.
652 1124 945 1193 Postquam
977 1126 1063 1179 vir
1095 1134 1337 1191 sanctus,
1370 1133 1431 1179 ut
1483 1126 1687 1180 dictum
1717 1134 1822 1190 est,
1891 1139 2025 1178 cou-

464 1228 684 1281 gressus
713 1228 837 1267 eum
865 1214 1311 1283 imperatoribus,
1336 1216 1404 1270 ab
1432 1216 1627 1270 iisdem
1654 1231 1797 1286 aegre
1849 1215 2029 1269 divul-

466 1320 561 1357 sus
592 1313 765 1369 esset;
801 1305 994 1359 videns
1020 1308 1302 1376 populum,
1325 1308 1532 1363 Christi
1572 1309 1768 1379 suique
1793 1307 2027 1377 pastoris

467 1394 795 1458 studiosum,
828 1396 1028 1465 gratias
1050 1398 1161 1451 Deo
1196 1399 1538 1453 incessanter
1560 1414 1743 1469 agere,
1768 1409 2027 1467 precatus

464 1492 552 1536 est
580 1499 921 1539 communem
954 1488 1263 1552 Dominum,
1287 1497 1347 1542 ut
1367 1489 1481 1558 ipse
1508 1504 1701 1543 eorum
1723 1489 1886 1542 vellet
1906 1504 2026 1543 esse

464 1586 896 1630 remunerator:
943 1587 1106 1647 atque
1164 1580 1244 1633 ita
1305 1594 1429 1632 cum
1480 1579 1738 1633 universa
1779 1579 2024 1633 ﬁdelium

464 1667 629 1721 turba
659 1667 941 1735 ingressus
976 1679 1062 1722 est
1104 1669 1160 1722 iu
1205 1670 1517 1734 ecclesiam,
1569 1670 1734 1740 idque
1768 1679 2023 1739 tanquam

406 1743 410 1746 ⁴
464 1757 520 1810 in
558 1772 783 1825 regnum
833 1757 951 1813 Dei.
1011 1774 1118 1812 non
1175 1760 1294 1813 sine
1358 1760 1545 1813 labore

464 1945 645 2005 parat.
702 1937 1185 1995 Ascenditdcinde
1231 1942 1284 1994 in
1316 1942 1630 2006 ambonem,
1687 1942 1832 1996 sicut
1893 1944 2021 1997 olim

461 2028 676 2099 Moyses
710 2030 765 2083 in
798 2040 1037 2084 montem
1066 2030 1253 2095 Sinai;
1290 2031 1476 2100 ibique
1505 2032 1734 2086 sublatis
1759 2032 1826 2086 ad
1854 2033 2022 2087 Deum

462 2119 718 2172 manibus
766 2121 953 2188 populi
1013 2136 1203 2188 preces
1245 2130 1302 2175 et
1333 2122 1766 2190 supplicationes
1810 2124 2022 2177 emlesti

461 2208 575 2262 Deo
626 2225 691 2263 ac
738 2211 884 2264 Patri
949 2210 1173 2276 olIerre,
1206 2212 1436 2280 ejusque
1482 2212 1917 2268 misericordiam
1956 2212 2024 2266 ad

401 2360 407 2366 ,
462 2300 679 2369 plebem
714 2301 1005 2355 videbatur
1030 2302 1342 2367 deducere;
1397 2318 1578 2371 neque
1607 2302 1755 2357 enim
1799 2312 2023 2371 propter

461 2392 876 2446 multitudinem
910 2394 1073 2447 aliter
1100 2393 1216 2448 ﬁeri
1243 2402 1483 2463 poterat.
1517 2394 1786 2450 Touitrua
1837 2405 2023 2449 autem

461 2497 517 2542 et
548 2503 804 2542 crescens
828 2488 1184 2541 buccinarum
1206 2504 1393 2550 sonus,
1428 2488 1480 2542 id
1502 2498 1587 2543 est
1637 2497 1778 2558 aptae
1804 2489 2026 2544 divino-

461 2592 586 2630 rum
617 2577 963 2630 oraculorum
982 2578 1267 2640 lectiones,
1296 2578 1501 2631 clarius
1532 2587 1589 2633 et
1641 2579 2025 2633 vehementius

461 2666 851 2735 pronuntiatus,
876 2682 1000 2719 eum
1033 2666 1229 2720 timore
1260 2674 1317 2720 et
1358 2682 1552 2736 magna
1601 2669 2026 2736 compunctione

461 2755 888 2821 peragebantur.
960 2754 1206 2823 Denique
1278 2755 1466 2808 divina
1520 2756 1696 2825 caligo
1762 2765 2014 2811 sanctum

463 2843 640 2895 altare
688 2844 939 2911 cperuit:
972 2859 1137 2913 super
1189 2861 1298 2914 quo
1350 2862 1474 2901 eum
1524 2846 1879 2900 incruentum
1929 2863 2020 2902 sa-

462 2932 732 2985 crificium
765 2933 1075 2999 obtulisset,
1105 2938 1225 3004 ejus
1246 2937 1693 2999 communionem
1740 2937 2027 2993 distribuit

465 3020 610 3073 ti.leli
643 3022 866 3091 populo,
912 3025 982 3079 ab
1010 3025 1145 3079 liora
1178 3028 1340 3082 tertia
1366 3044 1539 3097 usque
1574 3029 1640 3083 ad
1676 3044 1914 3083 nonam:
1956 3046 2023 3085 eo

464 3113 612 3180 quod
669 3114 837 3183 ipsam
885 3131 1075 3173 omnes
1127 3119 1331 3174 vellent
1385 3121 1453 3175 de
1505 3123 1756 3178 manibus
1784 3124 1903 3194 ejus
1928 3139 2016 3178 ae~

462 3205 669 3271 cipere.

534 3293 619 3345 79.
660 3293 790 3347 Nam
861 3296 1296 3368 quotiescunque
1361 3301 1729 3360 distribuebat
1780 3324 2026 3366 commu-

462 3383 707 3447 nionem,
732 3400 921 3440 omnes
948 3387 1012 3441 ad
1040 3404 1187 3452 eum,
1222 3391 1366 3445 sicut
1400 3393 1455 3446 in
1490 3394 1783 3466 principio,
1819 3400 2027 3471 absque

462 3476 713 3529 satietate
761 3482 1162 3535 concurrebant
1192 3500 1204 3535 :
1237 3484 1365 3552 quia
1402 3484 1605 3542 intuitu
1637 3492 1757 3559 ejus
1780 3508 1890 3547 non
1926 3511 2025 3563 po-

463 3569 899 3622 terautsaturari
944 3571 1258 3642 quicunque
1305 3576 1557 3631 solebant
1602 3590 1749 3635 recte
1777 3584 2024 3640 sentire:

462 3656 557 3709 sed
593 3666 859 3725 quantum
901 3661 1025 3729 quis
1055 3662 1106 3715 ei
1156 3663 1403 3719 haerebat
1453 3669 1641 3738 magis,
1679 3681 1829 3726 tanto
1859 3674 2027 3729 vehe-

461 3749 702 3802 mentius
753 3750 1157 3815 attrabebatur,
1201 3756 1396 3811 eodem
1433 3774 1562 3828 erga
1606 3760 1759 3815 illum
1798 3764 2029 3821 allectus
2055 3792 2071 3804 ο

462 3836 646 3900 modo,
682 3853 791 3906 quo
825 3854 950 3908 erga
984 3853 1288 3911 magnetem
1321 3846 1559 3915 lapidem
1611 3850 1841 3916 lerrum,
1880 3857 2027 3922 quod

462 3940 659 3979 arcana
685 3928 915 3996 quadam
938 3930 990 3983 vi
1026 3933 1351 3989 naturaliter
1381 3937 1617 3992 trahitur
1642 3956 1655 3992 :
1686 3940 1760 3995 ita
1789 3957 2027 4013 namque

463 4018 546 4069 vir
580 4017 918 4074 admirabilis
976 4037 1171 4078 oumes
1224 4041 1344 4080 sese
1385 4030 1735 4098 aspicientes,
1781 4045 2030 4090 amanter

461 4108 753 4163 alliciebat.
778 4110 908 4165 Erat
934 4112 1081 4166 enim
1106 4123 1219 4169 toto
1246 4117 1434 4173 habitu
1465 4124 1758 4191 gratiosus,
1784 4133 1840 4180 et
1859 4126 2027 4181 animi

462 4212 527 4251 ac
560 4200 808 4265 corporis
836 4202 1245 4270 pulchritudine
1274 4207 1535 4276 decorus;
1567 4215 1818 4269 sublimis
1837 4232 2025 4286 opere,

463 4303 628 4341 sensu
666 4290 910 4356 humilis,
942 4293 1144 4349 virtute
1184 4300 1547 4364 venerandus.
1592 4318 1890 4373 congressu
1927 4307 2023 4361 be-

463 4377 660 4447 nignus
711 4389 875 4450 atque
927 4384 1205 4449 alfabilis,
1256 4400 1612 4455 mansuetus,
1666 4394 2021 4477 misericors;
2058 4427 2101 4481 υ

413 4520 417 4525 ,
465 4482 715 4525 sermone
749 4470 945 4534 dulcis,
987 4474 1082 4542 sed
1114 4477 1357 4533 moribus
1390 4479 1629 4549 dulcior;
1670 4470 1893 4554 aspectu
1927 4501 2025 4541 an-

464 4558 690 4624 gelieus,
738 4561 833 4614 sed
886 4563 1067 4617 animo
1102 4568 1292 4637 magis.

535 4650 622 4704 80.
663 4652 888 4723 Nequeo
935 4672 1125 4713 omnes
1175 4660 1322 4715 illius
1371 4673 1481 4717 tum
1531 4666 1846 4735 spirituales
1901 4687 2025 4726 eum
2086 4694 2093 4697 λ

464 4756 756 4810 corporeus
808 4743 965 4801 dotes
1012 4749 1309 4817 explicare,
1355 4755 1721 4810 membrorum
1781 4761 2027 4814 onmium

465 4828 953 4886 conformationem
1008 4843 1208 4904 aptam,
1248 4840 1391 4894 unde
1436 4842 1670 4899 interior
1708 4846 1872 4902 homo
1908 4850 2025 4918 ple-

469 4933 697 4988 rumque
725 4921 1090 4991 dignoscitur;
1128 4928 1312 4984 vultus
1342 4931 1670 4989 hilaritatem
1692 4947 1746 4991 et
1775 4940 2027 5007 gratiam,

468 5009 535 5063 de
568 5027 677 5079 quo
709 5011 960 5069 Salomon
993 5017 1071 5070 ait
1102 5034 1116 5071 :
1149 5037 1166 5068 ι
1202 5020 1308 5073 Cor
1341 5022 1582 5092 gaudens
1615 5028 1746 5095 (Deo
1798 5030 2028 5101 scilicet)

467 5101 735 5157 eahilarat
758 5105 949 5159 faciem
976 5108 1023 5139 3"
1051 5125 1066 5173 ;
1106 5128 1124 5161 ι
1156 5112 1346 5166 oculos
1368 5114 1519 5169 laetos
1541 5125 1597 5170 et
1626 5120 1858 5187 pupillas
1888 5122 2028 5178 bene

468 5188 792 5252 custoditus,
832 5193 966 5248 tales
998 5196 1145 5249 enim
1176 5201 1452 5268 aspiciunt
1504 5213 1649 5260 recta
1689 5216 1745 5261 et
1778 5219 2029 5264 annuunt

466 5274 639 5343 justa;
683 5280 877 5337 dentes
938 5286 1222 5352 candidos,
1277 5292 1405 5360 quia
1463 5310 1635 5363 purus
1681 5306 1737 5351 et
1789 5300 2030 5355 emlcstis

471 5374 554 5418 est
594 5370 863 5435 justorum
899 5376 1077 5442 cibus,
1110 5378 1278 5449 ignita
1307 5382 1475 5449 labra,
1511 5402 1540 5439 a
1576 5389 1778 5457 quibus
1808 5406 1945 5459 pura
1976 5399 2030 5446 et

544 5507 588 5536 δ”
621 5507 777 5563 Prov.
817 5528 902 5577 xv,
935 5515 1020 5570 15.

2131 496 2192 548 τὸ
2210 496 2516 565 ὠμοφὸριον
2546 496 2637 547 ἀπ’
2670 492 2859 560 αὑτοῦ,
2891 491 3049 543 τοῦτο
3073 490 3131 543 οὐ
3165 491 3428 561 πέπραχα,
3452 497 3537 545 καὶ
3560 498 3653 548 iaci;

2132 589 2190 640 ὲν
2218 587 2346 656 ποίᾳ
2378 587 2494 656 εἰμὶ
2537 586 2875 657 περιστάσει,
2933 583 3027 636 καὶ
3058 582 3157 651 τῆς
3209 581 3393 651 ζώνης,
3431 586 3538 652 ἦτοι
3563 587 3655 638 τῶν

2132 679 2457 746 ἀξιωμάτων
2503 696 2625 748 μου,
2667 679 2958 746 ἀφαίρεσις
2983 675 3045 726 οὐ
3072 674 3310 742 γέγονεν,
3350 676 3550 728 κλαίων
3578 675 3659 730 οὖν

2129 766 2299 819 ταῦτα
2354 766 2608 835 διηγεῖτο,
2660 765 2775 817 ἀλλ’
2802 766 2901 833 οὐχ
2960 757 3117 833 εὗρεν
3158 763 3343 833 καιρὶν
3383 766 3654 830 μετανοίας.

2130 858 2330 927 καίπερ
2378 858 2515 927 μετά
2545 856 2792 927 δακρύων
2848 855 3052 924 ταύτην
3083 855 3337 924 ζητήσας.
3368 856 3472 906 Καὶ
3513 856 3659 907 ταῦτα

2133 948 2233 1015 μὲν
2263 949 2391 1017 περὶ
2427 948 2633 1001 τούτων
2655 963 2669 977 ⁶
2701 946 2818 1001 ἀλλ’
2849 944 3230 1013 ἐπανέλθωμεν
3257 945 3349 997 ἐπὶ
3371 945 3437 995 τὰ
3462 947 3659 1013 προκείο

2136 1053 2296 1105 μενα.
3030 1055 3045 1063 ·
3530 1086 3537 1091 .

2198 1135 2297 1197 oq’.
2316 1125 2731 1197 Συντετνχηκὼς
2757 1130 2784 1179 ὁ
2809 1128 2953 1190 ὅσιος
2976 1129 3086 1188 τοῖς
3113 1124 3433 1195 βασιλεῦσιν,
3454 1126 3522 1186 ὡς
3538 1126 3667 1194 εἴρη-

2127 1237 2238 1284 ται,
2254 1220 2346 1272 καὶ
2358 1219 2508 1288 μόλις
2522 1219 2914 1282 ἀποσπασθεὶς,
2930 1218 3152 1287 ἐξῆλθεν
3173 1218 3264 1270 ἀπ’
3276 1216 3467 1279 αὐτῶν,
3482 1216 3667 1285 βλέπων

2127 1312 2384 1381 χαίροντα
2410 1311 2497 1363 τὸν
2518 1309 2858 1379 φιλόχριστον
2892 1312 2986 1362 καὶ⁹
3035 1309 3389 1378 φιλοποίμενα
3412 1306 3549 1365 λαὸν,
3588 1310 3669 1359 καὶ.

2127 1402 2224 1470 τὴν
2241 1401 2529 1454 ἁδιάκοπον
2550 1400 2901 1469 εὐχαριστίαν
2929 1400 3307 1469 προσφέροντα
3323 1398 3397 1466 τῷ
3424 1398 3553 1465 Θεῷ,
3579 1413 3670 1448 πα·

2128 1492 2346 1562 ρεκάλει
2374 1492 2534 1543 αὐτὸν
2556 1490 2808 1558 γενέσθαι
2837 1491 3019 1552 αὐτοῖς
3041 1489 3246 1558 ἀγαθὸν
3273 1488 3669 1557 μισθαποδόττλν.

2127 1582 2310 1644 Οὕτως
2327 1578 2417 1635 οὖν
2441 1584 2536 1634 σὺν
2558 1582 2719 1634 παντὶ
2747 1582 2826 1651 τῷ
2856 1581 2969 1650 λαῷ
2998 1581 3075 1652 τῷ
3110 1580 3289 1649 πιστῷ
3317 1583 3401 1641 είς
3421 1579 3513 1648 τὴν
3532 1580 3674 1644 ἁγίαν

2128 1673 2224 1726 τοῦ
2257 1673 2390 1726 Θεοῦ
2421 1675 2677 1743 Μεγάλην
2735 1674 3030 1742 ἐκκλησίαν
3052 1672 3322 1741 εἰσῆλθεν,
3351 1672 3446 1723 οὐκ
3464 1671 3677 1739 ἀμογητὶ

1589 1779 1602 1813 ι
1645 1759 1776 1827 quia
1830 1773 2022 1827 magna
2052 1747 2099 1805 Β
2130 1765 2225 1833 μὲν
2263 1764 2422 1834 [πλὴν
2441 1765 2513 1827 ὡς
2536 1768 2612 1827 είς
2629 1765 2903 1834 βασιλείαν
2923 1754 3363 1835 Θεοῦιοὴδυνήθη
3385 1763 3467 1816 διὰ
3489 1761 3677 1814 πολλῶν

376 1878 381 1883 -
462 1848 748 1917 premebat
780 1848 1096 1912 multitudo,
1120 1866 1240 1918 qua:
1266 1850 1514 1904 divinum
1549 1851 1816 1920 templum
1853 1866 2023 1905 oceu-

2128 1856 2361 1921 θλίψεων
2388 1857 2536 1916 ἐντος
2570 1856 2822 1923 γενέσθαι
2847 1856 2939 1909 τοῦ
2964 1856 3110 1909 Beloe
3141 1854 3304 1907 ναοῦ·
3337 1854 3430 1906 καὶ
3463 1852 3676 1906 ἀνελθὼν

2118 1950 2204 2011 είς
2229 1949 2317 2000 τὸν
2343 1948 2589 2017 ἇμΰωνα,
2639 1950 2714 2011 ὡς
2770 1950 2938 2002 πάλαι
3001 1950 3233 2018 Μωσῆς,
3267 1951 3345 2009 εἰς
3383 1948 3443 2000 τὸ
3478 1949 3672 1999 Σιναῖον

2124 2042 2267 2109 ὅρος,
2296 2042 2393 2104 τὰς
2424 2045 2608 2111 χεῖρας
2645 2042 2781 2110 πρὸς
2808 2042 2897 2093 τὸν
2952 2042 3083 2095 Θεὸν
3112 2040 3422 2103 ἀνατείνας,
3454 2040 3681 2106 ἐφαίνετο

2124 2131 2202 2200 ’τῷ
2232 2132 2364 2201 λαῷ,
2402 2134 2497 2195 τὰς
2534 2133 2629 2200 μὲν
2658 2132 2819 2200 εὐχὰς
2852 2132 2943 2184 τοῦ
2970 2131 3100 2184 λαοῦ
3162 2132 3267 2185 καὶ
3320 2129 3523 2188 ἱκεσίας
3565 2129 3680 2179 ἀνα·

2125 2222 2357 2289 πέμπων
2390 2222 2524 2290 πρὸς
2548 2224 2636 2273 τὸν
2672 2224 2729 2275 ὲν
2761 2221 3012 2292 οὐρανοῖς
3050 2220 3281 2291 Πατέρα
3312 2220 3407 2272 καὶ
3438 2219 3580 2279 θεὸν,
3626 2215 3678 2267 τὸ

2123 2314 2179 2365 δὲ
2210 2313 2355 2375 ἔλεος
2399 2311 2564 2365 αὑτοῦ
2598 2313 2766 2366 αἰτῶν
2800 2311 3157 2380 καταπέμψαι
3194 2312 3289 2363 ἐπὶ
3317 2310 3407 2362 τὸν
3450 2308 3569 2360 λαὸν
3594 2306 3678 2359 αὐ-

2124 2403 2216 2455 τοῦ
2243 2403 2380 2471 (οὐδὲ
2430 2402 2537 2473 γὰρ
2596 2402 2836 2472 ἡδυειὴοη
2871 2401 2958 2454 διὰ
2994 2402 3053 2454 τὸ
3108 2401 3321 2470 πλῆθος
3359 2399 3524 2457 ἄλλως
3548 2395 3680 2456 ὲντδς

2126 2493 2374 2556 γενέσθαι
2403 2495 2495 2545 τοῦ
2521 2492 2835 2561 ίερατείου)·
2870 2492 2924 2542 al
2959 2490 3015 2542 δὲ
3047 2490 3276 2558 βρονταὶ⁵
3297 2490 3390 2540 καὶ
3411 2487 3680 2550 σάλπιγγες

2126 2584 2540 2654 προϐαίνονσαι,
2600 2584 2898 2644 τουτέστιν,
2958 2583 3013 2635 αί
3061 2581 3171 2633 τῶν
3231 2580 3443 2633 σεπτῶν
3493 2577 3680 2642 Λογίων

2125 2676 2425 2745 πρόσφοροι
2453 2675 2811 2741 ἀναγνώσεις,
2867 2672 3221 2743 ἰσχυρότεραι
3260 2671 3396 2740 μετὰ
3435 2686 3569 2730 τινος
3595 2667 3680 2735 φό-

2127 2764 2221 2817 6ου
2253 2765 2346 2817 καὶ
2381 2764 2577 2835 πολλῆς
2598 2765 2941 2828 κατανύξεως
2981 2763 3360 2816 ἐπετελοῦντο.
3395 2762 3457 2813 Ti
3499 2760 3552 2811 δὲ
3581 2760 3680 2809 λοι·-

2126 2854 2259 2918 πὸν;
2307 2854 2363 2906 Ὁ
2385 2855 2525 2916 Οεῖος
2551 2854 2749 2922 γνόφος
2774 2855 2934 2907 αὐτὸν
2968 2854 3291 2920 ὑπεδέξατο,
3335 2854 3395 2905 τὸ
3423 2854 3569 2918 ἅγιον
3604 2850 3684 2900 ϐυ-

2127 2946 2458 3015 σιαστήριον,
2493 2948 2550 3000 ὲν
2574 2940 2619 3014 ᾧ
2648 2946 2741 3000 καὶ
2771 2946 2871 3016 τὴν
2900 2946 3244 3013 ἀναίμακτον
3273 2943 3580 3014 ἐπιτελέσας
3604 2941 3686 2993 θυ-

2129 3035 2265 3100 σίαν,
2296 3036 2595 3105 μετέδωκεν
2625 3034 2828 3104 ταύτην
2876 3036 2954 3104 τῷ
3004 3035 3181 3104 πιστῷ
3237 3034 3373 3104 λαῷ,
3403 3033 3688 3103 ἀρξάμενος

2126 3126 2236 3179 ἀπὸ
2264 3126 2452 3196 τρίτης
2482 3126 2627 3196 ὥρας
2655 3127 2845 3196 μέχρις
2875 3127 3123 3194 ἐννάτης,
3148 3125 3248 3178 διὰ
3267 3127 3328 3178 τὸ
3361 3125 3558 3188 πάντας
3583 3123 3689 3175 ὲπιο

2130 3218 2319 3287 θυμεῖν
2354 3218 2481 3287 παρ’
2505 3216 2670 3270 αὐτοῦ
2700 3217 3157 3286 μεταλαμϐάνειν.

2199 3306 2294 3360 οο’.
2343 3304 2562 3369 Ὁσάκις
2602 3306 2708 3375 γὰρ
2753 3307 2817 3359 ἂν
2863 3307 3160 3376 μετεδίδου,
3224 3310 3300 3371 ὡς
3348 3311 3404 3361 ὲν
3451 3305 3687 3375 πρώτοις,

2128 3396 2274 3467 αὐτῷ
2303 3397 2614 3463 ἀκορέστως
2658 3396 2854 3458 πάντες
2890 3396 3265 3466 προσέτρεχον
3286 3415 3300 3429 ο
3350 3396 3472 3450 οὔτε
3500 3396 3601 3464 γὰρ
3618 3388 3690 3445 εί-

2084 3524 2095 3534 .
2129 3504 2223 3557 χεν
2252 3488 2410 3557 κόρον
2434 3485 2810 3557 Οεωρούμενος
2843 3490 2992 3553 παρὰ
3022 3487 3130 3539 τῶν
3165 3488 3313 3559 ὀρθὰ
3347 3489 3561 3558 φρονεῖν
3579 3487 3690 3538 elui—

2129 3578 2318 3641 οότων,
2358 3577 2472 3630 ἀλλ’
2499 3578 2621 3630 ὅσον
2657 3577 2720 3628 ἄν
2759 3594 2841 3639 τις
2876 3576 3023 3648 αὐτῷ
3083 3580 3405 3647 προσεῖχεν,
3459 3574 3693 3628 τοσοῦτον

2131 3669 2289 3721 πλέον
2318 3668 2410 3721 ὑπ’
2462 3667 2625 3721 αὐτοῦ
2671 3669 2981 3720 ἐπεσπᾶτο·
3039 3668 3211 3721 ταυτὸ
3249 3668 3494 3737 πάσχων,
3536 3660 3640 3717 οἷον
3669 3664 3695 3715 ὁ

2130 3757 2343 3827 σίδηρος
2377 3756 2513 3825 πρὸς
2533 3757 2632 3827 τὴν
2667 3756 2933 3825 μαγνῆτιν
2953 3757 3121 3817 λίθον,
3153 3759 3283 3828 ἥτις
3340 3760 3560 3829 ἀρρήτῳ
3604 3753 3701 3821 φύε

2130 3864 2265 3910 σεως
2323 3846 2413 3916 βίᾳ
2444 3845 2629 3900 τοῦτον
2674 3847 2906 3901 ἕλκουσα
2949 3848 3267 3902 δείκνυται·
3302 3849 3505 3918 ὁμοίως
3547 3845 3635 3898 καὶ
3669 3843 3696 3895 ὀ

2130 3938 2428 4007 Θαυμάσιος
2458 3938 2660 3999 πάντας
2696 3938 2819 3997 τοὺς
2844 3937 3095 4007 Οέλοντας
3138 3940 3282 4009 ὀρᾷν
3309 3938 3472 3990 αὑτὸν
3500 3937 3699 4003 ἀγαπη-

2126 4029 2292 4090 τικῶς
2322 4022 2501 4082 εἷλκεν
2530 4030 2667 4098 πρὶς
2695 4028 2909 4082 ἑαυτόν.
2948 4029 3107 4091 Ὅλος
3136 4030 3252 4101 γὰρ
3285 4026 3355 4100 ἦν
3414 4042 3697 4097 κεχαριτωο

2131 4121 2289 4191 μένος
2317 4122 2372 4173 ὲν
2406 4120 2586 4190 στολῇ,
2612 4119 2807 4189 ὡραῖος
2839 4120 3022 4173 κάλλει
3047 4120 3272 4192 ψυχικῷ
3325 4138 3385 4173 τε
3412 4120 3505 4173 καὶ
3538 4131 3703 4186 σωμα-

2128 4210 2527 4281 τικῷ,’ὑψηλὸς
2553 4213 2665 4272 τοῖς
2699 4209 2902 4279 ἔργοις,
2952 4212 3212 4273 ταπεινὸς
3258 4211 3340 4281 τῷ
3378 4209 3698 4279 φρονήματι.

2129 4300 2223 4353 καὶ
2250 4299 2347 4370 τὴν
2382 4300 2479 4369 μὲν
2504 4300 2701 4370 ἀρετὴν
2731 4300 3042 4370 ἀπρόσιτος,
3076 4300 3175 4370 τὴν
3225 4301 3515 4370 συντυχίαν
3542 4297 3596 4350 δὲ
3619 4295 3704 4348 καὶ

2127 4389 2247 4444 λίαν
2267 4390 2607 4465 εὐπρόσιτος,
2633 4389 2828 4459 πρᾶος,
2874 4388 3162 4459 ἀόργητος,
3204 4386 3524 4458 συμπαθὴς,
3586 4384 3704 4453 ἡδὺς

2132 4482 2225 4534 τὸν
2260 4483 2438 4549 λόγον,
2481 4482 2740 4552 ἡδύτερος
2764 4481 2855 4533 τὸν
2884 4482 3105 4551 τρόπον,
3137 4479 3441 4549 ἁγγελικὸς
3471 4475 3529 4529 τὸ
3552 4470 3703 4539 εἶδος,

2132 4570 2465 4640 ἀγγελικώτε
2475 4588 2565 4641 ρος
2595 4570 2691 4642 τὴν
2725 4571 2979 4623 διάνοιαν.

2202 4671 2275 4719 π’.
2301 4666 2374 4718 Οὐ
2404 4666 2511 4735 γὰρ
2543 4665 2726 4728 ἱκανός
2755 4666 2871 4734 ειμι
2901 4663 3020 4717 κατ’
3050 4663 3214 4730 ἀξίαν
3257 4660 3623 4734 διηγήσασθαι
3645 4656 3707 4709 τὰ

2135 4757 2317 4810 πάντα
2336 4755 2428 4809 τοῦ
2465 4755 2656 4827 ἀνδρὸς
2682 4756 2892 4826 ψυχικά
2925 4773 2983 4809 τε
3019 4755 3114 4808 καὶ
3171 4754 3470 4825 σωματικά
3515 4748 3705 4819 γνωρί-

2137 4866 2337 4919 σματα,
2365 4848 2463 4917 τὴν
2488 4846 2656 4912 θέσιν,
2687 4847 2783 4917 τὴν
2804 4846 3091 4900 διάπλασιν
3118 4845 3229 4898 τῶν
3256 4844 3442 4914 μελῶν
3471 4843 3591 4894 ὅλου
3620 4835 3708 4890 τοῦ

2138 4938 2405 5008 σώματος,
2422 4938 2480 5002 ἐξ
2504 4932 2576 4990 ὧν
2601 4938 2630 4989 ὁ
2652 4937 2818 5000 ·ὲντὸς
2833 4935 3120 5007 ἄνθρωπος
3145 4935 3223 4997 ὡς
3246 4936 3317 4987 τὰ
3343 4934 3519 4987 πολλὰ
3546 4946 3706 5001 χαρα-

2138 5030 2473 5101 κτηρίζεται·
2502 5030 2561 5083 τὸ
2586 5029 2790 5101 ἱλαρὸν,
2812 5029 2871 5082 τὸ
2890 5028 3080 5100 χαρίεν
3100 5027 3195 5081 τοῦ
3219 5025 3552 5100 προσώπου,
3584 5017 3703 5088 περὶ

2134 5114 2197 5173 οὗ
2224 5122 2315 5173 καὶ
2336 5118 2583 5189 Σολομὼν
2623 5135 2808 5189 φησιν,
2852 5138 2872 5169 ι
2921 5118 3160 5189 Καρδίας
3190 5116 3651 5185 εὐφραινομένης.
3680 5127 3701 5157 θ

2128 5212 2285 5281 δῆλον
2315 5210 2395 5265 ὅτι
2426 5212 2524 5281 τῆς
2548 5213 2691 5265 κατά
2718 5210 2872 5278 Θεὸν,
2903 5230 2921 5261 ι
2953 5211 3245 5282 πρόσωπον
3277 5207 3469 5261 θάλλει
3491 5224 3505 5238 ο
3539 5223 3560 5256 ι
3591 5202 3705 5260 τοὺς

2130 5304 2455 5373 χαροποιοὺς
2512 5302 2846 5373 ὀφθαλμοὺς,
2885 5302 2982 5365 τὰς
3033 5300 3224 5354 τούτου
3286 5294 3707 5367 πεφυλαγμένας

2133 5395 2318 5464 κόρας,
2342 5395 2576 5448 τοιοῦτοι
2606 5396 2713 5465 γὰρ
2740 5396 2789 5448 οἱ
2815 5393 3101 5465 βλέποντες
3123 5391 3262 5464 ὀρθὰ
3290 5391 3389 5444 καὶ
3412 5386 3707 5443 ἐννείοντες

553 5620 664 5687 (65)
695 5622 897 5679 Textus
918 5627 1140 5685 (ἰτιρρυε
1176 5634 1476 5688 secundum
1510 5635 1645 5688 LXX
1674 5654 1684 5689 :
1714 5638 1869 5691 Cordi
1915 5636 2021 5691 thi
2060 5638 2219 5707 [acies
2248 5638 2419 5709 ﬂoret-
