3940 6202
261 327 389 389 2369

1802 331 1992 392 Vl'l‘A.

3365 343 3505 406 2370

258 437 442 490 ταυτὸν
470 437 578 497 τοῖς
615 436 688 486 δι’
727 437 1002 506 ἀμετρίαν
1033 437 1200 506 ὀργῆς
1255 436 1630 505 τυφλώττουσι
1686 441 1778 492 καὶ
1818 442 1844 492 ὃ

1955 441 2082 494 siam
2111 441 2363 509 pervenit
2397 441 2538 510 (non
2573 443 2648 496 ita
2679 443 2912 499 aﬂ‘ectus
2941 457 3058 502 erat
3093 457 3150 501 ut
3180 451 3379 516 solent,
3412 456 3508 522 qui

255 547 301 582 τι
321 527 382 580 ἂν
412 529 716 598 παραπέσῃ
739 528 904 580 τοῦτο
934 527 1150 598 πρῶτον
1174 528 1501 597 περιωθοῦσι
1531 529 1562 594 ἧ
1586 532 1799 584 παίουσι
1820 571 1836 592 ,
1857 561 1861 566 -

255 621 408 672 κᾶντι
429 618 536 670 τῶν
565 618 795 684 φειδοῦς
833 619 999 684 ἀξίων
1031 619 1090 668 ὃν
1119 617 1288 686 τύχοι.
1331 620 1490 670 Ἀλλὰ
1522 621 1708 672 τοῦτον
1739 622 1840 690 μά-

252 709 397 761 λιστα
462 708 894 778 εὐδοκιμήσεως
947 709 1098 778 αὑτῷ
1158 712 1350 782 καιρὸν
1405 709 1544 765 εἶναι
1591 717 1836 784 νομίσας,

255 800 428 870 ἐπειδὴ
456 802 518 851 τὸ
545 802 651 870 μὲν
683 802 908 871 πάσχον
942 804 1132 864 κακῶς
1160 804 1247 856 ἀεὶ
1285 804 1672 876 μετριώτερον,
1697 807 1756 858 τὸ
1783 809 1838 858 δὲ

257 895 306 943 ἐν
377 891 595 958 ἐξουσία
691 893 802 946 τοῦ
877 893 1132 965 άντιδρᾷν
1204 881 1608 966 ἀκρατέστερον
1669 897 1837 969 (ιι),]

257 979 384 1031 οὕτω
405 981 631 1050 πραέως
661 982 772 1034 καὶ
806 983 982 1050 ἠπίως
1009 983 1078 1036 τὰ
1109 983 1218 1036 τῶν
1253 983 1640 1054 λελυπηκότων
1671 1005 1838 1056 μετα-

259 1067 561 1136 χειρίζεται,
614 1069 694 1132 ὡς
755 1071 899 1139 μηδὲ
969 1074 1152 1136 αὐτοῖς
1194 1073 1445 1136 ἐκείνοις,
1505 1077 1555 1128 εί
1602 1071 1714 1128 οἷόν
1781 1095 1838 1129 τε

267 1159 400 1212 τοῦτο
447 1160 624 1212 εἰπεῖν
651 1200 666 1222 ,
696 1163 856 1234 ἀηδῆ
884 1163 1138 1230 γενέσθαι
1181 1164 1275 1217 τοῦ
1304 1165 1498 1236 ἀνδρὸς
1531 1167 1631 1236 τὴν
1677 1168 1842 1220 ἐπάν-

261 1250 382 1301 va.
400 1250 559 1302 Ἀλλὰ
584 1251 780 1304 ταῦτα.
807 1255 901 1322 μὲν
925 1253 1076 1308 ἄλλοι
1094 1254 1525 1325 θαυμαζέτωσάν
1548 1275 1606 1310 τε
1633 1258 1725 1310 καὶ
1751 1259 1846 1328 ὑμ-

264 1340 524 1406 νείτωσαν,
549 1336 632 1405 οἷς
659 1345 846 1416 σχολὴ
867 1345 933 1398 τὰ
963 1346 1137 1417 μικρὰ
1159 1347 1266 1400 τῶν
1289 1348 1498 1401 ἐκείνου
1521 1347 1840 1420 θαυμάζειν,

261 1433 420 1502 μικρά
475 1433 530 1486 δὲ
571 1435 710 1488 ὅταν
751 1440 915 1500 εἴπω,
947 1438 1110 1490 αὐτὸν
1141 1438 1315 1507 ἐαυτῷ
1345 1441 1650 1510 συγκρίνων
1679 1441 1840 1508 λέγω,

261 1523 342 1574 καὶ
363 1521 428 1575 τά
453 1523 665 1576 ἐκείνου
722 1527 843 1588 τοῖς
875 1524 1082 1578 ἐκείνου
1115 1527 1470 1596 παρεξετάξω
1496 1545 1509 1558 ’
1537 1533 1596 1583 οὐ
1623 1531 1732 1602 γάρ
1759 1531 1846 1583 δε-

258 1609 486 1678 δόξασται
515 1611 590 1683 τῷ
609 1613 1037 1684 δεδοξασμένῳ,
1069 1615 1174 1668 xiv
1203 1611 1236 1690 ᾗ
1272 1618 1388 1671 λίαν
1426 1620 1842 1692 ὑπέρλαμπρον,

256 1709 424 1758 ἕνεκεν
461 1705 560 1776 τῆς
587 1705 1060 1776 ὑπερϐαλλούσης
1092 1708 1270 1778 δόξης,
1289 1709 1478 1779 ὥσπερ
1504 1712 1840 1782 ἠκούσαμεν,

262 1798 366 1850 ἐπεὶ
425 1797 516 1851 καὶ
559 1797 747 1866 ὀλίγα
790 1797 899 1851 τῶν
936 1798 1128 1852 τούτου
1177 1801 1386 1870 ἑτέροις
1418 1801 1670 1874 αὐτάρκη
1703 1805 1839 1875 πρὸς

261 1891 494 1961 ιύδοκίμη
503 1907 604 1945 σιν.
627 1891 793 1945 Τίνα
814 1886 906 1944 οὖν
923 1892 1025 1944 Ξιπε
1033 1909 1064 1962 ρ
1085 1891 1178 1945 καὶ
1203 1892 1341 1962 μετὰ
1356 1893 1454 1962 τὴν
1473 1895 1728 1948 ἐπάνοδον
1744 1894 1839 1949 τοῦ

263 1981 365 2034 νέου
405 1981 756 2036 ’Λθανασίου
784 1981 1077 2056 είργάσατο
1104 1985 1132 2036 ὁ
1160 1982 1288 2047 Θεὸς
1313 1984 1378 2037 δι’
1405 1984 1595 2048 αὐτοῦ,
1618 1987 1838 2056 ἴδωμεν.

264 2067 394 2144 ’Δρα
419 2075 490 2143 μή
519 2092 608 2138 τις
657 2071 902 2145 μείωσις
933 2075 1154 2143 γέγονεν
1185 2075 1291 2128 τῶν
1325 2077 1711 2145 πνευματικῶν
1739 2097 1840 2148 χαο

265 2165 541 2234 ρισμάτων,
574 2166 618 2237 ἢ
652 2165 1037 2236 ὲλαττόνησαν
1080 2161 1242 2220 αὗται
1294 2169 1358 2220 ἐκ
1405 2168 1506 2239 τῆς
1556 2169 1843 2240 συμϐάσης

263 2255 356 2308 τῶν
409 2259 785 2329 πραγμάτων
836 2258 1187 2328 συγχύσεως;
1230 2259 1523 2330 Οὐδαμῶς’
1559 2261 1706 2324 εἰκὸς
1735 2261 1843 2331 γάρ

264 2345 670 2418 διενθυμεῖσθαι
722 2346 884 2400 τοῦτό
931 2365 1104 2410 τινας.
1153 2347 1472 2400 Τούναντίον
1499 2349 1598 2418 μὲν
1622 2344 1715 2402 οὖν
1751 2352 1844 2402 καὶ

265 2439 550 2509 προσθῆκαι
616 2438 847 2493 τούτων
901 2437 1203 2508 γεγόνασιν,
1233 2437 1309 2501 ὥς
1377 2441 1572 2509 φησιὸ
1615 2439 1842 2510 Κύριος,

263 2527 332 2580 ὅτι
367 2547 384 2581 ι
416 2529 520 2582 Καὶ
561 2529 820 2600 μείζονα
861 2529 1109 2600 ποιήσετε
1131 2527 1356 2596 τούτων,
1393 2547 1412 2580 ι
1453 2529 1571 2594 ἐξὸν
1599 2533 1746 2601 ἡμᾶς
1781 2531 1844 2582 ἐκ

263 2621 450 2674 πολλῶν
477 2621 714 2690 γνῶναι
755 2618 911 2688 ὀλίγα
929 2619 1119 2686 καλὸν,
1194 2621 1230 2674 ά
1256 2621 1354 2693 τὴν
1378 2623 1719 2693 συμμετρίαν
1749 2621 1842 2673 τοῦ

263 2711 420 2779 λόγου.

265 2805 352 2860 ait:
381 2827 398 2859 ι
439 2809 506 2864 Ει
557 2810 798 2879 majora
865 2805 972 2860 illis
1004 2800 1317 2868 facietis";

323 2899 415 2951 πᾶ.
447 2901 684 2962 Πάντες
719 2900 836 2951 ὅσοι
869 2895 965 2966 την
990 2893 1246 2948 ἐπάνοδον
1278 2891 1556 2962 μέμνησθε
1581 2891 1675 2944 τοῦ
1696 2891 1841 2945 ὁσίου

261 2989 450 3060 ἀνδρὸς,
481 2993 601 3045 οὐκ
649 2991 906 3056 ἀγνοεῖτε
953 2986 1168 3047 πάντως
1214 2983 1310 3054 τὴν
1339 2977 1504 3036 οὖσαν
1545 2979 1844 3052 τηνικαῦτα

1944 531 2234 585 immodica
2316 533 2504 586 caecati
2557 531 2884 600 iracundia,
2941 537 3215 608 quidquid
3267 542 3510 610 primum

1942 623 2248 677 occurrerit
2269 624 2606 692 protrudunt
2639 635 2738 680 aut
2765 629 3109 696 percutiunt,
3155 635 3512 699 quantumvis

1942 713 2168 782 dignum
2187 729 2216 765 a
2235 729 2346 781 quo
2361 729 2558 769 manus
2574 715 2909 784 abstineant,
2931 718 3120 774 furore
3137 721 3352 778 scilicet
3371 739 3512 793 prte-

1943 801 2279 858 dominante.
2301 803 2408 858 Sed
2425 805 2529 860 hoc
2541 805 2888 874 potissimum
2911 817 3128 878 tempus
3140 812 3226 864 sui
3243 812 3512 881 probandi

1942 909 2062 948 esse
2090 894 2306 948 censuit
2337 895 2356 966 (
2380 895 2438 948 fit
2475 897 2623 950 enim
2657 899 2984 969 plerumque
3016 909 3077 954 ut
3125 902 3356 958 adversa
3383 904 3514 973 quis

1943 985 2156 1054 patiens
2181 987 2517 1042 moderatior
2537 987 2630 1052 sit,
2653 997 2984 1058 potestatem
3009 1001 3192 1048 autem
3211 994 3515 1050 referendae

1945 1079 2156 1148 injuriae
2206 1085 2400 1132 nactus
2447 1079 2775 1136 insolentius
2831 1087 3126 1152 se‘gerat),
3178 1091 3286 1138 tam
3313 1085 3513 1144 leniter

1945 1180 2164 1240 tamque
2196 1181 2484 1226 mansuete
2515 1173 2662 1228 circa
2689 1188 2786 1228 eos
2814 1175 2928 1246 egit
2977 1191 3009 1230 a
3043 1177 3247 1246 quibus
3279 1178 3515 1233 afﬂictus

1943 1274 2083 1328 erat,
2109 1275 2168 1319 ut
2193 1281 2262 1319 ne
2289 1265 2398 1319 illis
2427 1265 2562 1334 ipsis
2584 1265 2836 1336 quidem,
2865 1274 2928 1320 ιιι
2956 1268 3039 1322 sic
3072 1267 3290 1338 loquar,
3321 1271 3512 1324 insua-
3563 1309 3570 1330 ε

1945 1359 2028 1412 vis
2056 1367 2202 1411 esset
2229 1357 2332 1410 viri
2367 1357 2600 1412 reditus.
2642 1359 2844 1412 Verum
2873 1358 2991 1414 haec
3019 1359 3113 1414 alii
3169 1361 3516 1415 admirentur

1944 1457 1999 1502 et
2022 1448 2246 1503 laudent
2285 1449 2491 1518 quibus
2519 1449 2694 1504 otium
2717 1457 2804 1503 est
2831 1463 2920 1504 res
2945 1450 3112 1504 etiam
3131 1465 3328 1519 parvas
3356 1450 3425 1504 ab
3447 1466 3516 1504 eo

1944 1550 2124 1610 gestas
2155 1541 2495 1610 praedicare:
2530 1555 2658 1594 cum
2688 1549 2874 1595 autem
2911 1557 3114 1610 parvas
3154 1541 3300 1606 dico,
3333 1541 3514 1610 ipsum

1945 1647 2069 1684 cum
2109 1647 2168 1685 se
2203 1631 2579 1700 ipso,.resque
2607 1630 2781 1700 ipsius
2804 1632 2952 1687 inter
2976 1647 3035 1687 se
3069 1647 3366 1700 comparo;
3403 1647 3515 1686 non

1945 1723 2092 1775 enim
2127 1723 2370 1790 glorioso
2403 1721 2482 1774 illi
2517 1723 2639 1777 viro
2693 1724 2890 1778 cedere
2929 1723 2996 1776 ad
3053 1723 3282 1793 gloriam
3337 1724 3518 1792 pot’uit

1945 1813 2288 1888 quidquam,_
2308 1822 2802 1884 quantumcunque
2830 1814 3042 1869 illustre
3079 1813 3134 1868 id
3171 1823 3344 1877 esset,
3389 1829 3518 1883 pro-

1949 1915 2067 1973 pter
2119 1904 2653 1973 superexcellentem
2715 1904 2865 1959 illius
2911 1904 3178 1974 gloriam,
3227 1905 3513 1973 quoniam,

1949 1993 2091 2048 sicut
2139 1993 2475 2057 audivimus,
2524 1995 2692 2049 etiam
2751 1993 2978 2048 minima
3027 2003 3083 2048 et
3133 1995 3320 2048 tenuia
3367 1993 3517 2048 illius

1949 2083 2082 2137 satis
2143 2093 2332 2138 essent
2379 2083 2542 2138 alteri
2576 2100 2686 2139 non
2732 2100 2926 2154 parum
2983 2084 3330 2140 illustrando.
3387 2083 3518 2151 Quae

1951 2173 2118 2243 igitur
2147 2188 2243 2242 per
2267 2189 2468 2227 novum
2505 2173 2653 2230 hunc
2681 2175 3066 2240 Athanasium,
3097 2184 3222 2244 post
3249 2175 3520 2230 reversio-

1951 2278 2072 2318 nem
2105 2263 2252 2332 ejusq
2281 2261 2476 2318 fecerit
2507 2264 2675 2330 Deus,
2735 2265 3040 2320 videamus.
3085 2265 3228 2319 Num
3279 2265 3417 2318 forte
3451 2279 3517 2318 ex

1949 2354 2226 2422 praeterita
2255 2355 2682 2408 conturbatione
2726 2369 2914 2409 rerum
2962 2355 3203 2423 aliquam
3251 2355 3515 2422 spiritua-

1950 2443 2080 2496 lium
2111 2443 2382 2496 bonorum
2411 2443 2544 2497 fecit
2562 2444 2834 2513 jacturam
2861 2455 2957 2500 aut
2979 2446 3154 2512 gratia
3177 2445 3227 2498 ei
3257 2460 3517 2500 concessa

1951 2532 2238 2594 divinitus,
2298 2531 2406 2588 fuit
2451 2533 2633 2602 aliqua
2685 2535 2896 2588 ratione
2926 2535 3261 2588 imminuta?
3296 2534 3517 2603 Nequa-
3567 2600 3572 2604 ἢ

1954 2639 2141 2691 quam,
2191 2631 2252 2676 ut
2317 2621 2484 2692 aliqui
2541 2633 2765 2692 possent
2822 2623 3098 2692 cogitare:
3152 2623 3245 2677 sed
3276 2631 3520 2677 econtra

1957 2722 2117 2767 aucta
2153 2715 2541 2784 cumulataque
2578 2714 2629 2768 ci
2656 2713 2883 2766 fuerunt
2913 2713 3199 2776 ista,sicut
3259 2713 3522 2766 Dominus

1361 2821 1378 2850 ι
1419 2807 1480 2854 ιιι
1535 2815 1603 2853 ex
1631 2799 1698 2852 iis
1729 2815 1851 2868 qua:
1880 2816 2054 2872 pauca
2081 2803 2149 2857 de
2179 2805 2369 2860 multis
2391 2801 2974 2866 Commemorabimus,
3006 2817 3170 2856 nosse
3195 2802 3346 2856 licet.

2028 2895 2114 2950 8L
2144 2895 2261 2950 Non
2287 2895 2570 2965 ignoratis,
2595 2903 2864 2964 quotquot
2890 2893 3126 2946 reditum
3169 2893 3290 2963 ejus
3323 2895 3522 2947 tenetis

1955 2987 2252 3053 memoria,
2307 2986 2697 3040 mortalitatem
2757 2998 3008 3054 magnam
3077 2991 3134 3036 et
3200 2981 3521 3036 diuturnam

266 3083 488 3152 μεγάλην
537 3075 1050 3151 ἀνθρωποθνησίαν
1070 3116 1086 3140 ,
1125 3075 1248 3144 ἦτις
1277 3073 1442 3125 πολὺν
1470 3072 1844 3142 ἐπεκράτησεν

1955 3081 2122 3134 fuisse
2147 3087 2444 3148 antequam
2477 3085 2871 3140 reverteretur,
2901 3092 3022 3145 qua:
3051 3090 3268 3128 omnem
3313 3076 3523 3142 promi-

261 3174 432 3240 χρόνον
463 3173 592 3245 πρὸ
651 3171 762 3239 τῆς
795 3166 960 3221 αὐτοῦ
994 3165 1314 3236 παρουσίας,
1357 3163 1432 3226 ὡς
1484 3163 1664 3215 πᾶσαν
1716 3159 1850 3230 ὁμοῦ

261 3263 459 3332 ἠλικίαν
509 3263 894 3332 ἀνάρπαστον
948 3257 1295 3326 ἐπαίρεσθαι,
1349 3256 1400 3307 εἰ
1459 3253 1535 3324 μὴ
1585 3254 1792 3323 φθάσας
1825 3255 1854 3307 ὁ

259 3351 492 3417 ἐκλεκτὸς
562 3347 679 3403 τοῦ
743 3347 876 3400 Θεοῦ
903 3347 1054 3416 ἔστη,
1080 3346 1154 3408 ὡς
1184 3344 1350 3398 πάλαι
1377 3345 1505 3396 ποτὲ
1529 3343 1736 3406 Φινεὲς,
1761 3343 1854 3396 καὶ

263 3445 563 3510 ἐξιλάσατο,
597 3443 707 3495 καὶ
737 3439 1002 3494 ἐκόπασεν
1031 3439 1064 3508 ἡ
1097 3435 1344 3507 θραῦσις.
1381 3435 1477 3497 Τίς
1505 3433 1561 3486 δὲ
1593 3434 1684 3487 καὶ
1705 3437 1854 3496 ποῖος

263 3535 594 3606 ἑξιλασμὸς;
677 3531 750 3584 Ἦ
795 3529 1052 3598 γεγονυῖα
1109 3525 1232 3596 λιτὴ
1287 3525 1418 3596 παρ’
1453 3523 1618 3576 αὐτοῦ
1665 3541 1724 3576 τε
1762 3525 1856 3576 καὶ

263 3629 346 3682 τοῦ
367 3625 750 3696 φιλοχρίστου
771 3621 900 3673 λαοῦ
953 3618 1158 3688 ταύτης
1189 3617 1352 3668 ’ἑνεκα
1379 3616 1476 3685 τῆς
1507 3615 1855 3686 προφάσεως,

267 3719 360 3771 ἀπὸ
380 3719 480 3788 τῆς
515 3712 848 3784 ἁγιωτάτης
871 3709 1134 3778 Μεγάλης
1177 3707 1469 3777 ἐκκλησίας
1495 3705 1602 3768 ἕως
1655 3705 1750 3758 τοῦ
1777 3705 1856 3758 οἶ-

269 3828 353 3864 κου
389 3811 494 3880 τῆς
557 3806 738 3874 ἁγίας
783 3805 1046 3874 ἀχράντου
1077 3799 1373 3868 Δεσποίνης
1400 3798 1556 3868 ἡμῶν
1587 3797 1852 3850 Θεοτόκου

273 3905 356 3955 καὶ
387 3903 478 3956 ἀεὶ
514 3897 804 3970 παρθένου
831 3895 1069 3966 Μαρίας,
1093 3891 1186 3945 τοῦ
1212 3893 1520 3960 τιμωμένου
1544 3892 1600 3942 ἐν
1622 3890 1860 3960 Βλαχέρ-

271 4009 410 4054 ναις.
459 3989 676 4043 Ἦνίκα
709 3981 800 4038 οὖν
833 3985 890 4038 αί
943 3986 1145 4038 ἱκεσὶαι
1193 3986 1328 4056 πρὸς
1363 3986 1452 4038 τὸν
1474 3985 1531 4051 ἐξ
1575 3986 1741 4054 αὐτῆς
1767 3985 1860 4036 καὶ

277 4081 600 4150 Πνεὺματος
628 4075 792 4146 ,ἁγίου
825 4073 1174 4146 σαρκωθέντα
1223 4075 1318 4128 καὶ
1367 4073 1859 4144 ἐνανθρωπήσαντα

277 4172 514 4242 Χριστὸν
547 4169 646 4222 τὸν
683 4167 816 4220 Θεδν
872 4165 1028 4236 ἡμῶν
1085 4165 1540 4235 ἀνεπέμφθησαν,
1596 4165 1859 4232 ἐφείσατο

281 4263 372 4316 τοῦ
405 4261 566 4325 λαοῦ,
605 4258 811 4329 στήσας
837 4258 926 4310 τὸν
953 4256 1142 4328 ἔχοντα
1167 4257 1267 4326 τὴν
1289 4258 1564 4326 ῥομφαίαν
1607 4256 1857 4324 ἄγγελον,

283 4356 558 4407 γνέπτοντα
583 4351 682 4404 καὶ
706 4349 780 4422 μὴ
805 4349 1116 4419 φειδόμενον
1141 4349 1238 4419 τῆς
1268 4349 1492 4410 πόλεως.
1553 4347 1860 4418 Ἐμιμὴσα-

1957 3186 2085 3226 scue
2109 3170 2420 3224 sustulisset
2448 3176 2690 3232 aetatem,
2712 3166 2818 3220 nisi
2852 3167 3167 3220 advenisset
3198 3165 3294 3220 Dei
3315 3165 3524 3220 electus

1955 3264 2097 3317 sicut
2123 3262 2259 3318 aiter
2288 3261 2545 3323 Pbinees,
2568 3259 2662 3328 qui
2693 3258 2850 3312 stetit
2882 3268 2938 3311 et
2967 3257 3228 3326 placavit.
3259 3265 3315 3310 et
3338 3273 3522 3310 cessa-

1954 3353 2034 3408 vit
2062 3353 2357 3422 quassatio.
2392 3349 2678 3417 Quomodo
2710 3359 2894 3403 autem
2934 3349 3182 3418 placatus
3219 3356 3305 3402 est
3341 3348 3525 3401 Deus?

1956 3441 2364 3512 Supplicatione
2417 3443 2530 3506 illa,
2571 3457 2736 3511 quam
2795 3441 2912 3509 ipse
2935 3455 3058 3492 cum
3109 3439 3314 3508 populo
3365 3437 3526 3492 Chri-

1956 3532 2133 3585 stiano
2194 3530 2472 3592 instituit,
2525 3546 2556 3582 a
2603 3527 2950 3582 sanctissima
3021 3527 3212 3596 Magna
3283 3527 3520 3580 ecclesia

1959 3637 2132 3691 usque
2180 3621 2250 3675 ad
2303 3619 2474 3674 aedem
2522 3629 2727 3673 sancire
2757 3626 2813 3672 et
2861 3619 3226 3671 immaculata:
3281 3617 3527 3672 Dominae

1959 3723 2157 3766 nostra:
2181 3711 2276 3765 Dei
2306 3709 2604 3765 Gcnitricis
2636 3725 2968 3778 semperque
2995 3711 3224 3779 virginis
3257 3711 3439 3764 Mariae
3470 3711 3526 3762 in

1959 3804 2294 3858 Blachcrnis.
2321 3803 2454 3856 Dum
2477 3801 2624 3855 enim
2655 3801 2736 3853 sic
2765 3809 3055 3870 rogaretur
3079 3799 3334 3854 Christus
3382 3803 3527 3854 Deus

1959 3905 2172 3958 noster,
2233 3909 2396 3964 quem
2459 3893 2574 3961 ipsa
2615 3892 2962 3945 incarnatum
2988 3889 3057 3944 de
3097 3890 3304 3958 Spiritu
3337 3901 3554 3945 sancto.

1961 3986 2191 4054 peperit,
2223 3985 2467 4054 pepercit
2486 3983 2574 4038 ille
2607 3981 2832 4052 populo,
2861 3981 3226 4050 angelumque
3256 3981 3526 4045 cohibuit,

1960 4077 2052 4145 qui
2077 4076 2195 4130 sine
2224 4074 2631 4128 intermissione
2659 4071 3010 4142 percutiebat
3063 4073 3366 4126 civitatem.
3401 4073 3530 4126 lmi-

1963 4177 2108 4222 tatus
2128 4175 2214 4220 est
2243 4173 2424 4218 autem
2457 4163 2560 4218 hac
2600 4165 2654 4218 in
2687 4180 2748 4217 re
2783 4164 2867 4218 vir
2894 4163 3238 4218 admirabilis
3289 4163 3531 4232 prophe-

1964 4271 2072 4315 tam
2106 4257 2300 4319 David,
2321 4256 2439 4325 qui,
2467 4272 2590 4310 cum
2621 4265 2850 4326 propter
2877 4255 3311 4309 numerationem
3343 4255 3529 4324 populi

1963 4355 2304 4421 grassaretur
2334 4347 2530 4417 pestis,
2562 4347 2781 4400 dicebat
2804 4349 2873 4400 ad
2919 4347 3128 4400 Deum:
3179 4346 3290 4415 Ego
3346 4355 3534 4416 pastor

285 4461 351 4496 το
379 4445 470 4497 καὶ
491 4445 552 4494 ἐν
579 4440 756 4508 τούτῳ
777 4439 868 4493 τὸν
898 4441 1182 4510 προφήτην
1218 4437 1377 4490 Δαυῒδ
1395 4440 1422 4490 ὁ
1450 4437 1769 4508 θαυμάσιος,
1798 4437 1849 4500 ὃς

1966 4441 2206 4513 peccavi,
2237 4440 2362 4495 dem
2385 4455 2488 4510 ego
2523 4455 2750 4509 punias:
2782 4439 2885 4493 .isti
2931 4438 3064 4508 quid
3103 4447 3428 4492 meruerunt
3451 4437 3536 4490 ⁸³⁴ί

288 4535 380 4587 διὰ
403 4535 498 4604 τὴν
543 4530 902 4602 ἐξαρίθμησιν
931 4529 1022 4581 τοῦ
1056 4529 1184 4582 λαοῦ
1217 4529 1422 4599 φθορᾶς
1449 4527 1856 4598 ἑπενεχθείσης,

299 4627 478 4694 ἔλεγεν
526 4624 666 4696 πρὶς
717 4624 809 4676 τὸν
869 4621 1022 4684 Θεὸν,
1066 4619 1207 4688 Ἐγὼ
1237 4623 1265 4673 ὁ
1323 4619 1524 4690 ποιμὴν
1588 4621 1856 4690 ἥμαρτον,

303 4713 406 4783 ἐγὼ
432 4713 713 4772 ἀπολαύω,
753 4707 898 4766 οὗτοι
923 4711 980 4764 δὲ
1004 4711 1055 4763 τί
1080 4711 1332 4781 ἥμαρτον
1365 4727 1379 4776 ;
1416 4709 1604 4763 Ταῦτα
1637 4726 1860 4779 προσευ-

305 4812 518 4878 χόμενος
539 4809 570 4862 ὁ
599 4807 764 4861 Δαυῖδ
817 4807 908 4858 καὶ
935 4803 1330 4866 εἰσακουσθεὶς,
1357 4798 1496 4855 εἶδεν
1525 4803 1616 4854 τὸν
1687 4802 1858 4869 ἄγγε-

305 4903 384 4953 λον
411 4901 616 4954 ἐστῶτα
651 4899 782 4968 πρὸς
827 4897 925 4966 τὴν
953 4895 1064 4947 ἅλω
1101 4895 1264 4964 Ὀρνᾶ
1289 4891 1382 4946 τοῦ
1435 4892 1776 4956 Ἰεϐουσαίου,
1807 4891 1864 4943 ὃν

303 4993 390 5044 καὶ
439 4989 848 5061 παρακαλέσας,
877 4988 1074 5058 μᾶλλον
1104 4986 1161 5038 δὲ
1193 4985 1280 5038 τὸν
1335 4984 1512 5036 κοινὸν
1563 4985 1860 5054 Δεσπότην,

305 5080 480 5133 ἔπεισε
539 5079 616 5150 μὴ
659 5077 911 5131 ἐπιὸάλαι
951 5077 1048 5144 τὴν
1077 5080 1234 5146 χεῖρα
1289 5078 1382 5128 ἐπὶ
1425 5075 1524 5144 τὴν
1576 5075 1730 5127 πόλιν
1770 5074 1862 5127 Ἱε-

312 5173 597 5241 ρουσαλὴμ,
639 5169 757 5224 ὅθεν
809 5170 903 5222 καὶ
950 5169 1330 5240 θυσιαστήριον
1385 5168 1608 5237 ἔστησεν
1663 5171 1720 5221 ἐν
1764 5169 1862 5220 αὺ-

307 5265 370 5331 τῇ
399 5265 462 5332 τῇ
495 5263 628 5332 ἅλῳ,
657 5259 860 5330 ταύτην
895 5261 1381 5329 άνταλλαξᾶμενος,
1429 5261 1527 5313 καὶ
1568 5260 1695 5322 τοὺς
1737 5259 1863 5329 βόας

375 5417 418 5448 ⁸¹
443 5419 598 5476 Joau.
642 5433 748 5482 xw,
785 5416 874 5470 12.
947 5413 994 5446 ⁸⁸
1031 5414 1074 5468 ll
1094 5413 1228 5484 Reg.
1263 5427 1406 5478 xxiv,
1438 5413 1523 5466 17.

377 5573 452 5642 (ιι)
483 5573 640 5627 Hunc
678 5585 898 5642 quoque
949 5569 1130 5622 locum
1196 5577 1545 5642 truncaverat
1571 5565 1854 5642 librario—

313 5637 444 5720 tum
475 5637 840 5720 negligentia}
889 5640 1158 5720 integrum
1185 5637 1426 5718 exhibeo
1468 5637 1688 5720 exipso
1714 5637 1854 5720 Gre-

311 5713 480 5780 gorio,
521 5711 588 5768 ei:
639 5711 942 5779 eodemque
1005 5711 1058 5762 in
1117 5711 1388 5776 principio
1455 5711 1685 5762 restituo
1731 5711 1856 5770 τοὺς

1959 4535 2252 4602 Postquam
2271 4547 2403 4586 vero
2431 4530 2836 4600 viditangelum
2861 4529 2915 4582 in
2937 4544 3064 4583 area
3077 4526 3258 4582 Ornan
3273 4528 3532 4590 Jebusaei,

1961 4624 2247 4692 oravitque
2287 4637 2438 4686 eum,
2503 4621 2614 4674 imo
2666 4635 2798 4676 vero
2833 4633 3185 4674 communem
3239 4620 3534 4674 Dominum

1969 4716 2023 4770 in
2042 4731 2129 4780 eo,
2159 4732 2224 4770 ne
2237 4713 2558 4769 extenderet
2581 4727 2749 4782 porro
2773 4725 2997 4766 manum
3029 4711 3083 4764 in
3105 4711 3536 4772 Jerusalem,“-

1968 4806 2192 4860 auditus
2219 4813 2338 4860 est:
2376 4805 2744 4874 quamobrem
2759 4801 3310 4873 etialtareconstituit
3345 4801 3398 4852 in
3423 4800 3538 4868 ipsa

1968 4913 2114 4960 area,
2130 4905 2183 4951 et
2208 4897 2436 4950 Domino
2459 4897 2625 4949 boves
2651 4894 2978 4956 immolavit,
3001 4901 3056 4946 et
3073 4891 3287 4961 placato
3307 4904 3373 4944 eo
3391 4904 3540 4944 mors

1967 4989 2160 5044 saevire
2210 4987 2392 5041 desiit.
2435 4984 2708 5054 Numquid
2765 4993 2950 5038 autem
3001 4995 3231 5051 magnus
3267 4995 3333 5032 ac
3375 4993 3532 5032 man-

1962 5075 2726 5146 suetusEutychius,aﬂ‘erens
2755 5073 3080 5127 rationabile
3109 5081 3166 5126 et
3183 5072 3534 5125 incruentum

1963 5169 2290 5222 sacriﬁcium
2319 5167 2454 5230 Deo,
2489 5166 2636 5219 idem
2665 5181 2771 5218 non
2823 5164 3042 5219 eﬂ‘ecit?
3099 5161 3376 5226 Profecto,
3425 5161 3534 5214 nisi

1966 5260 2168 5329 populo
2195 5257 2426 5312 salutem
2451 5257 2822 5327 impetrasset,
2839 5272 2948 5310 non
2968 5254 3269 5310 dimisisset
3283 5262 3541 5308 extensas

1963 5567 2470 5634 προστησομένους,
2495 5567 2589 5620 ubi
2625 5565 2679 5619 in
2709 5564 2983 5636 ecgrapho
3033 5577 3226 5621 nostro
3261 5576 3394 5636 erat
3445 5563 3542 5617 τοῦ

1964 5638 2434 5706 προστησοαένου.
2454 5647 2512 5690 et
2539 5653 2756 5690 rursum
2785 5635 2883 5706 pro
2911 5637 3000 5688 ἀεὶ
3033 5635 3363 5706 διηγεῖσθαι,
3391 5651 3536 5689 sem-

1965 5725 2056 5777 per
2079 5710 2316 5772 narrari,
2353 5708 2614 5778 rescripsi
2645 5707 2782 5778 ἀηδῆ
2809 5707 3082 5774 γενέσθαι.
