3940 6202
3405 230 3504 292 23ῖ

298 247 431 312 2371
1074 284 1081 290 -
1354 240 1410 299 S.
1452 237 1813 297 EUTYCHII
1854 237 1878 294 Ῑ

1990 236 2355 295 'RlARCiLE
2395 235 2500 294 CP-

299 376 514 418 manus.
550 359 629 414 Ab
663 371 729 411 co
778 354 943 425 igitur
976 349 1088 415 die,
1150 348 1394 419 quandiu
1436 348 1631 400 beatus
1678 345 1761 397 vir
1808 345 1861 397 in

1990 345 2154 396 ‘usiav
2188 342 2557 413 προσενέγκας
2580 340 2823 409 τῷθεῷ,
2857 340 3201 393 κατέπαυσεν
3237 340 3323 394 τὸν
3371 341 3544 412 θυμὸν

297 455 437 509 vivis
468 452 591 513 fuit,
618 448 871 503 Christus
897 447 1040 499 Deus
1072 453 1263 497 noster
1291 439 1541 495 cohibuit
1573 453 1603 490 a
1654 435 1861 505 [Hlplllu

1990 437 2061 487 ta't
2103 434 2194 487 τὸν
2243 435 2493 485 θάνατον.
2520 428 2644 501 Ἃρ*
2677 427 2769 485 οῦν
2818 427 2914 501 οὐχ
2945 431 3116 494 οὕτως
3143 433 3171 483 6
3210 434 3382 502 μέγας
3403 474 3418 495 ,
3452 441 3547 488 καὶ

296 545 549 614 angelum
576 539 996 611 percutientcm.
1045 536 1224 604 Atque
1267 533 1372 586 hoc
1424 530 1647 599 quidem
1693 527 1866 596 ipsius

1990 530 2145 598 τρᾶος
2177 526 2434 596 Εύτύχιος
2457 526 2775 595 πεποίηκεν,
2804 524 3173 595 προσενέγκας
3199 525 3296 597 τὴν
3325 526 3548 594 λογκὴν

298 651 437 705 opus
468 634 593 695 fuit,
621 646 732 701 quo
761 641 1109 684 communem
1136 625 1396 678 omnibus
1420 622 1651 676 salutem
1688 620 1865 687 impe—

1990 622 2070 673 ιαὶ
2104 618 2442 687 ἀναίμακτον
2471 616 2661 671 θυσίαν
2700 616 2779 688 τῷ
2802 617 2953 687 Θεῷς
2980 617 3231 686 οὐδαμῶς
3253 618 3461 686 γὰράλ)
3475 636 3551 680 ως

298 702 496 779 travit:
549 735 699 776 nunc
748 717 916 782 aliud,
954 715 1101 785 quod
1154 729 1253 784 per
1294 713 1548 768 eumdem
1601 710 1868 765 Dominus

1990 706 2345 778 εκτεταμένας
2380 706 2517 776 ἔχων
2548 706 2647 769 τὰς
2676 709 2867 776 χεῖρας
2910 702 3174 772 καθῆκεν,
3198 706 3245 757 εί
3277 705 3548 775 δραξάμερ

298 818 452 880 fecit,
480 816 793 869 videamus.
1822 818 1833 824 ’

1990 814 2063 860 θος
2113 797 2318 850 ἄνωθεν
2346 796 2642 849 ἀντέλαόεν
2684 796 2782 865 τὴν
2804 794 2897 848 τοῦ
2936 795 3066 847 λαοῦ
3121 798 3416 863 σωτηρίαν.
3460 795 3546 861 Ἐξ

298 909 470 977 αὐτῆς
493 907 670 961 τοίνυν
691 908 790 975 τῆς
821 906 1034 977 ἡμέρας
1066 904 1223 974 μέχρι
1271 900 1372 967 τῆς
1408 894 1749 955 τελειώσεως
1806 890 1900 945 τοῦ
1962 890 2134 955 ὁσίου,
2203 889 2484 959 ἄπρακτον
2537 886 2872 977 κατέστησεν
2892 886 2983 937 τὸν
3012 886 3368 977 ὀλοθρεύοντα
3393 889 3420 938 6
3458 880 3545 937 ὑπ’

300 975 464 1053 αὐτοῦ
504 975 917 1067 δυσωπούμενος
937 975 944 977 ⁷
965 995 1205 1067 Χριστὸς
1234 994 1261 1045 6
1301 990 1431 1052 Θεὸς
1474 987 1651 1058 ἡμῶν.
1686 984 1854 1037 Τοῦτο
1896 981 1994 1051 μὲν
2015 981 2079 1051 δὴ
2118 980 2178 1033 τὸ
2211 979 2268 1032 ἓν
2297 979 2391 1032 κα)⁴
2422 978 2636 1046 πρῶτον
2664 975 2824 1048 ἔργον
2853 977 2951 1045 τῆς
2977 975 3143 1029 αὑτοῦ
3171 976 3456 1037 ἐπανόδου,
3493 977 3552 1027 τδ

306 1090 490 1157 κοινὴν
526 1088 799 1161 σωτηρίαν
831 1087 1037 1141 ἅπασιν
1066 1081 1528 1158 πρεσϐεύσασθαι.
1557 1080 1623 1132 Τί
1642 1079 1697 1131 δὲ
1723 1076 1815 1128 καὶ
1843 1075 2028 1144 ἕτερον
2058 1072 2358 1139 πεποίηκεν
2387 1072 2415 1123 6
2448 1067 2851 1138 παντοδύναμος
2873 1067 3005 1129 Θεὸς
3030 1067 3097 1120 δι’
3118 1067 3305 1132 αὐτοῦ,
3330 1068 3554 1137 ἴδωμεν.

370 1182 461 1236 85.
508 1183 653 1236 Puer
673 1181 894 1251 quidam
926 1196 991 1234 ex
1026 1177 1417 1238 nobilioribus,
1448 1174 1542 1244 qui
1574 1171 1721 1245 apud
1767 1168 1871 1224 Ca-

301 1274 607 1344 lopodium,
643 1273 1023 1343 primicerium
1074 1270 1356 1350 Augustae,
1407 1265 1713 1327 habitabat,
1755 1262 1868 1315 imo

303 1368 371 1421 ab
423 1367 543 1436 ipso
590 1366 867 1419 enutritus
922 1373 1072 1427 erat,
1136 1360 1371 1416 adverso
1429 1357 1667 1429 quodam
1736 1369 1865 1409 casu

304 1457 559 1526 iniuriam
588 1457 642 1509 in
668 1456 828 1510 oculo
862 1464 1150 1523 acceperat
1179 1469 1208 1507 a
1237 1462 1483 1521 tempore
1527 1446 1782 1509 notabili,
1804 1460 1867 1499 ac

306 1550 529 1604 demum
568 1549 650 1603 sic
678 1547 1137 1625 periclitabatur,
1164 1554 1225 1598 ut
1256 1552 1431 1597 totum
1489 1537 1873 1593 invertendum

303 1641 577 1703 crederet,
612 1649 664 1694 ct
697 1640 883 1693 nullus
938 1637 1277 1692 medicorum
1314 1635 1363 1690 ei
1408 1641 1592 1703 posset
1649 1645 1876 1685 succur-

305 1747 456 1785 rere:
531 1738 799 1800 quantum
882 1728 1031 1782 enim
1099 1728 1177 1780 illi
1244 1725 1617 1779 medebantur
1674 1720 1872 1790 magis,

309 1829 461 1875 tanto
498 1821 720 1891 gravius
743 1820 940 1873 oculus
972 1817 1381 1873 oﬂ'endebatur.
1432 1813 1874 1870 Hucadductum

306 1926 429 1964 eum
453 1918 598 1964 esset
623 1910 850 1974 malum,
882 1908 1131 1979 confugit
1159 1908 1225 1961 ad
1271 1906 1547 1960 medicum
1602 1902 1877 1974 potentis-

305 2002 527 2065 simum,
562 2001 653 2070 qui
681 2003 794 2055 sola
820 2002 1075 2055 oratione
1122 2007 1340 2070 poterat
1392 2012 1590 2051 noxam
1646 2009 1873 2050 sanare:

307 2094 452 2147 sicut
475 2102 531 2147 et
564 2092 727 2146 fecit:
778 2107 903 2145 nam
954 2091 1096 2146 facta
1149 2106 1316 2159 super
1366 2090 1546 2159 ipsum
1602 2087 1874 2151 oratione,

309 2184 586 2239 inﬁrmum
623 2186 843 2239 oculum
871 2186 1025 2239 unxit
1048 2183 1368 2238 venerando
1409 2183 1565 2247 oleo;
1602 2189 1658 2235 et.
1697 2178 1878 2234 conti-

307 2290 419 2328 nuo
445 2277 696 2345 apparuit
745 2291 912 2329 sanus
965 2276 1109 2329 sicut
1162 2275 1321 2328 alius.
1389 2272 1682 2328 Videamus
1731 2283 1878 2325 nunc

308 2368 456 2421 aliud
484 2368 810 2423 admirabile
850 2368 1089 2437 signum.

380 2459 466 2512 86.
498 2459 701 2531 Cyrillo
749 2460 859 2529 (67)
894 2458 1116 2513 Cinario
1151 2457 1340 2512 multis
1372 2457 1535 2511 annis
1566 2471 1704 2509 uxor
1744 2468 1881 2508 con-

308 2549 542 2613 vixerat,
599 2565 722 2619 quae
783 2564 927 2617 aqua
980 2549 1255 2603 intercute
1316 2548 1573 2601 laborans
1629 2554 1878 2600 extremo

308 2642 635 2694 versabatur
662 2640 715 2693 in
758 2640 1103 2703 discrimine,
1138 2639 1275 2693 adeo
1306 2647 1365 2692 ut
1394 2638 1559 2691 etiam
1592 2637 1730 2706 ipsa,
1757 2643 1881 2704 post

310 2730 513 2783 multas
552 2730 606 2783 in
640 2731 882 2784 medicos
918 2730 1088 2785 factas
1118 2745 1409 2798 expensas,
1459 2729 1594 2782 nihil
1625 2728 1880 2782 utilitatis

2047 1172 2152 1218 πε’.
2173 1163 2451 1235 Νεώτερός
2467 1180 2548 1225 τις
2565 1161 2673 1214 τῶν
2701 1162 2937 1230 εὐγενῶν
2958 1161 3288 1232 παραμένων
3303 1160 3552 1213 Καλοπο-

1974 1256 2072 1325 δίῳ
2119 1254 2202 1325 τῷ
2256 1254 2608 1325 πριμικηρίῳ
2642 1252 2717 1323 (:r)
2750 1253 3065 1322 Αύγούστης
3087 1295 3102 1319 ,
3136 1253 3168 1322 ἦ
3209 1252 3414 1322 μᾶλλον
3438 1253 3553 1303 ὑπ’

1976 1345 2142 1398 αὑτοῦ
2180 1344 2534 1415 ἀνατραφεὶς,
2567 1342 2629 1396 ἐκ
2654 1360 2797 1405 τινος
2830 1326 3077 1405 ἐναντίας
3120 1344 3444 1412 προφάσεως
3465 1342 3558 1394 τὸν

1976 1435 2076 1486 ἕνα
2106 1434 2389 1504 ὀφθαλμὸν
2414 1432 2696 1504 ἀδικηθεὶς
2741 1434 2834 1487 ἐπὶ
2866 1432 3032 1486 πολὺν
3077 1433 3286 1502 χρόνον,
3313 1432 3562 1502 ἐσχάτως

1977 1526 2315 1579 ἐκινδύνευεν
2360 1524 2502 1578 ὥστε
2544 1524 2640 1578 καὶ
2678 1523 2967 1595 στέρεσθαι
3014 1523 3203 1577 τούτου
3250 1524 3558 1595 προσδοκᾷν

1980 1619 2164 1681 αὐτὸν,
2204 1618 2431 1689 μηδενὸς
2483 1617 2668 1688 ἰατροῦ
2702 1616 3022 1688 δυνηθέντος
3053 1616 3333 1687 ὠφελῆσαι
3366 1617 3555 1680 αὐτὴν,

1977 1709 2289 1761 τούναντίον
2322 1709 2422 1779 μὲν
2474 1705 2565 1763 οὖν
2598 1709 2757 1762 πλέον
2791 1709 3010 1780 ἠδίκουν
3038 1711 3130 1762 τὸν
3161 1708 3437 1778 ὀφθαλμὸν
3471 1710 3557 1761 ία-

1977 1801 2263 1868 τρεύοντες
2296 1800 2388 1854 τοῦ
2414 1802 2618 1864 παιδός.
2667 1800 2756 1864 Ὠς
2794 1796 2887 1854 οὖν
2921 1803 2979 1854 ἐν
3023 1799 3233 1863 τούτοις
3264 1797 3332 1872 ἦν
3361 1802 3427 1855 τὰ
3459 1798 3559 1853 τοῦ

1980 1895 2208 1960 πάθους,
2245 1893 2579 1963 καταφεύγει
2608 1894 2745 1965 πρὸς
2774 1894 2867 1946 τὸν
2890 1893 3192 1964 πανάρετον
3227 1894 3429 1964 ἰατρὸν,
3461 1893 3558 1946 τὸν

1979 1988 2044 2039 ἐκ
2074 1986 2238 2056 μόνης
2265 1986 2427 2055 εὐχῆς
2458 1985 2753 2055 δυνάμενον
2785 1986 2844 2037 τὸ
2876 1983 3043 2048 πάθος
3080 1983 3283 2039 ἰᾶσθαι·
3308 1986 3441 2054 ὅπερ
3459 1986 3564 2038 καὶ

1981 2078 2224 2146 γέγονεν.
2253 2078 2488 2146 Ποιήσας
2515 2077 2624 2145 γὰρ
2657 2077 2745 2129 ἐπ’
2775 2075 2923 2146 αύτῷ
2952 2075 3050 2145 τὴν
3112 2076 3315 2146 συνήθη
3365 2077 3555 2147 εὐχὴν.

1982 2171 2200 2241 ἔχρισεν
2230 2168 2307 2239 τῷ
2340 2168 2507 2239 τιμίῳ
2549 2167 2713 2238 ἐλαίῳ
2751 2166 2841 2220 τὸν
2895 2167 3225 2221 ἀσθενοῦντα
3255 2167 3557 2237 ὀφθαλμὸν,

1983 2262 2077 2314 καὶ
2100 2261 2442 2329 ἀπεκατέστη
2465 2260 2623 2328 ὑγιὴς
2646 2257 2722 2322 ὡς
2744 2260 2772 2310 6
2800 2258 2954 2322 ἄλλος
2977 2261 3041 2330 τῇ
3062 2259 3156 2311 τοῦ
3183 2259 3317 2312 Θεοῦ
3347 2260 3552 2330 χάριτι.

1985 2353 2208 2422 Ἷδωμεν
2232 2352 2289 2404 δέ
2318 2352 2410 2405 καὶ
2447 2352 2633 2421 ἓτερον
2670 2349 2970 2421 παράδοξον
2996 2349 3201 2419 Θαῦμα.
3394 2336 3411 2351 χ

2053 2448 2169 2505 πς’.
2206 2441 2458 2511 Κυρίλλῳ
2506 2442 2584 2511 τῷ
2615 2438 2856 2512 Κιναρίῳ
2887 2439 3115 2511 συνῴκει
3171 2440 3306 2511 γυνὴ
3336 2443 3398 2493 ἐκ
3420 2440 3555 2493 πολ-

1982 2532 2090 2584 λῶν
2111 2532 2218 2585 τῶν
2252 2532 2482 2602 χρόνω-ι’
2504 2531 2639 2602 αῦτη
2662 2529 3033 2601 περιπεσοῦσα
3070 2529 3230 2583 πάθει
3254 2529 3346 2583 τοῦ
3380 2529 3559 2601 ῦδρωι-

1985 2642 2084 2687 πος
2123 2626 2365 2693 ἐσχάτως
2416 2622 2775 2686 ἐκινδύνευεν,
2807 2622 2841 2691 ἢ
2874 2621 2968 2673 καὶ
3016 2621 3185 2673 πολλὰ
3227 2623 3307 2679 είς
3337 2622 3560 2693 ἰατροὺς

1982 2717 2361 2787 δαπανήσασα.
2413 2714 2508 2766 καὶ
2544 2713 2709 2784 μηδὲν
2737 2712 3099 2781 ὠφεληθεῖσα,
3145 2712 3243 2780 τῆς
3284 2712 3560 2783 σωτηρίας

309 2819 610 2887 accipiens,
682 2820 915 2874 salutem
967 2835 1121 2873 suam
1179 2820 1522 2887 desperaret.
1575 2818 1728 2871 lianc
1785 2833 1875 2872 ac-

1990 2806 2208 2875 ἀπέγνω
2254 2805 2351 2873 τῆς
2408 2796 2627 2872 ἑαυτῆς.
2687 2803 2905 2874 Ταύτην
2946 2800 3274 2871 παραλαϐὼν
3321 2805 3349 2856 6
3392 2802 3555 2873 ἀνὴρ,

309 2911 523 2980 cipiens
581 2911 667 2964 vir
694 2927 846 2972 suns,
889 2927 955 2964 ex
1010 2912 1118 2965 alio
1164 2911 1216 2964 in
1278 2911 1447 2963 alium
1501 2909 1879 2963 suburbanum

312 3003 493 3055 locum
554 3002 1025 3066 circumducebat,
1065 3018 1290 3071 sperans
1313 3003 1557 3057 levamen
1582 3000 1787 3070 aliquid
1814 3000 1882 3055 ab

311 3093 455 3147 aeris
484 3093 750 3147 bonitate.
786 3093 1032 3163 Contigit
1064 3103 1249 3147 autem
1286 3096 1431 3149 circa
1484 3093 1883 3163 illud‘tempus

314 3194 569 3239 sanctum
603 3185 806 3255 degere
849 3187 900 3238 in
935 3186 1213 3257 I’ylcatico
1264 3186 1398 3256 (68).
1452 3187 1607 3253 Quod
1666 3186 1758 3239 ubi
1801 3186 1882 3238 vir

312 3276 439 3346 pius
460 3278 720 3346 cognovit
753 3281 893 3341 (erat
938 3279 1086 3332 enim
1126 3278 1201 3331 illi
1247 3276 1459 3346 notus),
1504 3278 1710 3345 absque
1774 3276 1883 3329 ulla

313 3368 668 3421 cunctatione
707 3382 930 3421 uxorein
965 3367 1031 3421 ad
1064 3383 1190 3421 eum
1223 3366 1400 3430 duxit,
1446 3364 1788 3434 supplicans,
1824 3374 1883 3418 ut

311 3472 413 3525 pro
449 3456 538 3509 ilia
574 3472 604 3509 a
661 3457 854 3510 morbo
902 3456 1188 3510 liberanda
1243 3457 1414 3509 Deum
1458 3463 1661 3508 oraret.
1709 3454 1881 3519 Quam

313 3562 441 3599 eum
465 3545 816 3609 vidissemus,
849 3547 1238 3615 obstupuimus
1266 3561 1460 3600 omnes
1489 3554 1692 3599 tantam
1750 3561 1884 3614 pon-

313 3635 494 3688 derosi
526 3637 733 3689 ventris
762 3638 992 3690 molem:
1020 3645 1243 3691 sanctus
1265 3652 1394 3690 vero
1446 3650 1546 3705 pro
1604 3651 1667 3687 ea
1718 3650 1883 3687 orans

315 3726 470 3778 unxit
507 3741 624 3779 eam
658 3725 780 3778 oleo
805 3736 994 3780 sancto
1042 3736 1209 3795 atque
1242 3725 1472 3779 dimisit.
1494 3725 1624 3778 Post
1672 3725 1883 3793 aliquot

314 3830 480 3882 porro
503 3815 641 3879 dies,
661 3815 779 3869 viro
798 3823 987 3868 sancto
1012 3831 1229 3869 rursum
1245 3815 1299 3868 in
1323 3814 1597 3885 Pyleatico
1627 3813 1881 3882 degentc,

314 3906 400 3958 vir
455 3907 545 3960 ille
607 3906 1067 3961 denuoadduxit
1140 3920 1387 3967 uxorem,
1448 3904 1650 3974 gratias
1708 3917 1877 3972 agens

313 3997 446 4060 Deo,
504 3999 759 4067 illamque
846 3999 1087 4053 ostendit
1171 3998 1447 4060 omnibus,
1520 3996 1760 4065 pondere
1830 4002 1885 4046 et

314 4104 566 4157 pressura
599 4091 766 4159 priori
794 4090 1060 4144 levatam;
1090 4090 1162 4143 ita
1188 4090 1333 4143 enim
1390 4088 1738 4157 disparuerat
1763 4102 1883 4138 mo—

315 4180 394 4233 les
442 4182 671 4242 ventris,
715 4182 899 4248 itaque
972 4196 1103 4233 sana
1154 4181 1392 4233 astabat.
1456 4189 1517 4231 ut
1595 4192 1877 4246 nunquam

320 4281 615 4340 aegrotasse
648 4271 949 4325 \iderctur.
979 4272 1132 4324 Multi
1162 4271 1330 4339 igitur
1360 4270 1504 4338 quod
1536 4269 1735 4322 factum
1763 4276 1882 4321 erat

324 4360 645 4411 miraculum
676 4360 1063 4429 intelligentcs,
1089 4359 1465 4429 gloriﬁcabaut
1499 4359 1708 4422 Deum;
1753 4358 1881 4427 quia

323 4452 444 4517 plus
474 4467 633 4519 quam
672 4466 939 4505 annorum
991 4451 1350 4521 quadraginta
1406 4459 1522 4503 erat
1552 4451 1768 4514 mulier,
1828 4449 1882 4500 in

316 4559 421 4611 qua
449 4542 609 4595 istius
639 4543 941 4596 sanationis
965 4544 1179 4613 signum
1206 4544 1529 4613 contigerat.

384 4721 473 4775 87.
532 4722 739 4777 Verum
813 4739 881 4777 ne
953 4724 1228 4794 aliquibus
1280 4724 1471 4780 videar
1535 4724 1883 4780 incredibilia

316 4830 565 4879 narrare,
592 4830 895 4885 congruum
920 4824 1053 4885 puto
1082 4832 1189 4870 non
1216 4818 1359 4872 ultra
1390 4817 1444 4871 in
1477 4816 1564 4870 bis
1604 4832 1837 4888 pergere
1862 4833 1877 4880 ;

313 4920 493 4972 neque
524 4905 670 4958 enim
697 4906 838 4959 ultra
877 4904 1077 4969 Gades,
1109 4915 1169 4959 ut
1222 4906 1299 4960 ait
1351 4906 1511 4962 divus
1560 4905 1876 4975 Gregorius,

319 4994 715 5049 transeundum
743 5013 756 5049 :
785 4996 878 5051 sed
909 5007 964 5051 ct
996 4997 1292 5067 Gregorius
1320 4997 1619 5069 Nyssenus,
1675 4999 1881 5052 docens

316 5084 621 5138 orationem
652 5100 760 5139 non
812 5100 932 5140 esse
987 5086 1413 5155 protrahendum
1468 5088 1610 5141 ultra
1662 5104 1882 5141 mensu-

318 5187 430 5226 ram
464 5176 782 5245 gratiarum,
839 5178 907 5231 de
956 5178 1182 5248 propria
1231 5195 1327 5233 sua
1381 5195 1572 5233 sorore
1620 5180 1751 5251 (68‘)
1802 5180 1880 5233 sic

389 5306 463 5373 (ιτ)
490 5308 807 5381 Addebatur
832 5326 943 5381 vox
995 5310 1180 5379 μέρος,
1219 5327 1405 5381 quam,
1461 5322 1521 5366 ut
1558 5313 1740 5367 minus
1784 5329 1884 5367 ue-

316 5380 602 5430 cessariam
628 5395 803 5448 neque
830 5380 965 5432 Zino
1000 5382 1355 5447 intellectam,
1403 5382 1583 5437 omisi.

391 5448 466 5513 (ῃ)
511 5448 821 5517 Gregorius,
876 5450 1091 5504 scilicet
1143 5451 1539 5516 Nazianzenus,
1595 5453 1753 5524 cujus
1797 5454 1882 5507 vel

392 5562 501 5629 (67)
526 5565 696 5619 Zinus
713 5567 946 5619 catulum
985 5566 1179 5624 Latine
1235 5578 1516 5625 verterat:
1571 5570 1712 5625 forte
1744 5571 1880 5626 scri-

318 5641 471 5702 ptum
509 5636 721 5689 invenit
756 5637 1032 5705 Κυναρίῳ.

1983 2899 2092 2952 ἀπδ
2115 2900 2277 2950 τόπου
2318 2899 2396 2960 εἰς
2431 2896 2592 2949 τόπον
2619 2895 2728 2949 τῶν
2764 2895 3105 2966 προαστείων
3154 2896 3436 2966 περιῆγεν,
3469 2912 3561 2947 νο-

1984 2988 2158 3056 μίζων
2175 2990 2237 3040 ἐκ
2261 2986 2360 3056 τῆς
2383 2986 2637 3056 εὐαερίας
2660 2984 3104 3056 ὠφεληθήσεσθαι
3126 2984 3316 3055 αὐτήν.
3342 2983 3554 3055 Συνέϐη

1982 3081 2038 3133 δὲ
2078 3080 2219 3133 κατά
2238 3079 2329 3132 τὸν
2360 3078 2552 3149 καιρὸν
2586 3080 2794 3130 ἐκεῖνον
2827 3076 3033 3143 διάγειν
3058 3075 3150 3128 τὸν
3177 3076 3324 3129 ὅσιον
3366 3078 3423 3129 ἐν
3475 3075 3558 3148 τῷ

1984 3171 2320 3239 Πυλεατικῷ.
2365 3171 2530 3232 Γνοὺς
2558 3170 2615 3221 δὲ
2648 3169 2806 3221 τοῦτο
2836 3170 2865 3221 6
2919 3167 3258 3237 φιλόχριστος
3285 3167 3443 3238 ἀνὴρ,
3486 3164 3558 3238 ἦν

1985 3261 2093 3332 γὰρ
2113 3262 2207 3314 καὶ
2234 3261 2471 3329 γνωστὸς
2534 3260 2609 3330 τῷ
2662 3252 2907 3331 μεγάλῳ,
2949 3259 3115 3330 μηδὲν
3167 3260 3559 3331 ὑπερθέμενος,

1985 3354 2139 3423 φέρει
2161 3354 2257 3425 τὴν
2288 3354 2520 3421 γυναῖκα
2557 3352 2692 3423 πρὸς
2745 3354 2835 3405 τὸν
2890 3354 3055 3418 ὅσιον,
3098 3353 3430 3424 παρακαλῶν
3461 3355 3556 3407 εύ-

1985 3448 2085 3515 χὴν
2109 3446 2247 3516 αύτῇ
2275 3446 2607 3517 χαρίσασθαι
2636 3448 2783 3511 ὅπως
2802 3447 3083 3519 ἀπαλλαγῇ
3116 3449 3215 3519 τῆς
3244 3449 3417 3504 νόσου.
3453 3451 3560 3505 Ἤν

1985 3537 2079 3587 καὶ
2109 3536 2435 3607 θεασάμενοι
2491 3539 2713 3603 πάντες,
2751 3540 3133 3610 ἐξεπλάγημεν
3180 3542 3274 3593 ἐπὶ
3297 3542 3375 3613 τῷ
3406 3543 3558 3616 ὄγκῳ

1986 3627 2079 3677 καὶ
2108 3626 2184 3697 τῷ
2210 3627 2392 3696 φόρτῳ
2436 3628 2531 3697 τῆς
2558 3627 2764 3691 κοιλίας
2804 3628 2992 3699 αὐτῆς.
3027 3628 3334 3699 Εὐξάμενος
3365 3630 3420 3682 δὲ
3459 3632 3560 3682 αύ-

1984 3720 2048 3787 τῇ
2076 3717 2170 3770 καὶ
2190 3718 2381 3788 χρίσας
2408 3718 2577 3789 αὐτὴν
2625 3716 2701 3789 τῷ
2733 3718 2874 3789 ἁγίῳ
2901 3720 3088 3787 ἐλαίῳ,
3123 3720 3410 3773 ἀπέλυσεν.
3446 3723 3564 3773 Με-

1984 3808 2053 3859 τὰ
2072 3807 2127 3859 δέ
2154 3825 2309 3871 τινας
2328 3794 2559 3879 ἡμέρας,
2584 3811 2862 3879 διάγοντος
2922 3809 3018 3863 τοῦ
3043 3811 3192 3863 ὁσίου
3221 3811 3381 3864 πάλιν
3403 3813 3459 3864 ἐν
3481 3812 3561 3879 τῷ

1987 3899 2326 3970 Πυλεατικῷ,
2356 3901 2564 3969 ἤγαγεν
2596 3904 2624 3953 6
2653 3901 2791 3972 ἀνὴρ
2822 3902 2916 3971 τὴν
2943 3901 3139 3955 ἑαυτοῦ
3162 3905 3415 3969 γυναῖκα,
3456 3905 3559 3973 χά-

1988 4006 2140 4059 ριτας
2171 3991 2451 4059 ὁμολογῶν
2473 3992 2551 4061 τῷ
2574 3990 2713 4061 θεῷ,
2737 3993 2832 4044 καὶ
2866 3994 3032 4045 πᾶσιν
3066 3992 3433 4045 ὑποδεικνύων
3460 3996 3562 4045 a6-

1986 4080 2083 4151 τὴν
2108 4080 2514 4149 ἀπαλλαγεῖσαν
2540 4081 2633 4133 τοῦ
2666 4082 2867 4153 φόρτου
2898 4083 2993 4135 καὶ
3022 4083 3123 4151 τῆς
3150 4084 3395 4154 ἀνάγκης
3416 4085 3565 4136 ὲκεί-

1988 4189 2085 4242 νης
2106 4190 2118 4203 ·
2149 4172 2293 4226 οῦτω
2323 4172 2432 4243 γὰρ
2455 4173 2664 4244 ἀφανὴς
2698 4172 2726 4224 6
2759 4176 2854 4242 τῆς
2879 4172 3090 4236 κοιλίας
3119 4174 3340 4240 γέγονεν
3371 4175 3558 4242 ὄγκος,

1988 4266 2083 4317 καὶ
2112 4264 2457 4333 ἀπεκατέστη
2513 4264 2691 4334 ὑγιὴς,
2718 4265 2791 4328 ὼς
2826 4266 2960 4336 μηδέ
2988 4265 3269 4333 φαίνεσθαί
3301 4286 3427 4321 ποτε
3479 4272 3567 4322 ὃτι

1989 4350 2133 4423 εἶχεν
2180 4356 2491 4420 ἀσθένειαν,
2536 4355 2728 4407 Πολλοὶ
2779 4353 2871 4409 οὖν
2913 4358 3209 4424 ἐγνωκότες
3237 4360 3296 4409 τὸ
3335 4361 3564 4426 γεγονὸς

1994 4446 2198 4517 θαῦμα,
2224 4448 2483 4513 ἐδόξασαν
2509 4448 2600 4501 τὺν
2625 4448 2756 4502 Θεόν
2778 4465 2790 4477 ·
2814 4448 2950 4501 ἐτῶν
2966 4449 3073 4519 γὰρ
3095 4446 3163 4520 ἦν
3182 4451 3215 4518 ἡ
3242 4452 3375 4522 γυνὴ
3396 4451 3567 4503 πλείω

1979 4541 2086 4593 τῶν
2113 4544 2541 4613 τεσσαράκοντα,
2568 4542 2650 4612 ἐφ’
2682 4542 2747 4612 ἣν
2780 4542 3020 4610 ἐγεγόνει
3051 4543 3109 4595 τὸ
3152 4546 3373 4614 σημεῖον
3405 4547 3568 4601 τοῦτο

1992 4637 2090 4705 τῆς
2126 4636 2339 4698 ἰάσεως.

2062 4728 2168 4793 πζ’.
2210 4729 2349 4781 Ἀλλ’
2380 4730 2463 4781 ἵνα
2496 4728 2570 4799 μὴ
2599 4730 2733 4794 δόξω
2757 4732 2899 4782 τισὶν
2925 4730 3128 4785 ἄπιστα
3150 4731 3347 4800 λέγειν,
3371 4733 3567 4803 ἀρκεῖν

1989 4819 2226 4889 ἠγοῦμαι
2269 4818 2343 4890 μὴ
2383 4820 2691 4890 περαιτέρω
2749 4819 2878 4889 περὶ
2916 4820 3024 4872 τῶν
3077 4821 3334 4875 τοιούτων
3371 4823 3568 4894 διηγή-

1992 4910 2209 4963 σασθαι·
2236 4911 2294 4963 τὸ
2318 4910 2426 4980 γὰρ
2446 4911 2720 4976 ἐπέκεινα,
2750 4910 2825 4972 ὥς
2849 4927 3013 4981 φησιν
3036 4909 3109 4982 (y)
3142 4914 3171 4964 6
3216 4912 3426 4983 Πατὴρ,
3444 4914 3567 4967 Γα-

1989 5001 2183 5072 δείρων
2211 5002 2272 5054 οὐ
2300 5001 2584 5072 περατέον.
2607 5001 2768 5069 Λέγει
2791 5001 2847 5054 δέ
2867 5002 2961 5055 κα)⁸
2986 5003 3014 5054 6
3058 5001 3157 5070 τῆς
3174 5002 3435 5056 Νυσσέων
3464 5006 3565 5071 μέ-

1988 5109 2091 5159 γας
2118 5093 2435 5162 Γρηγόριος,
2471 5092 2705 5163 περὶτοῦ
2728 5092 2802 5164 μὴ
2832 5093 2940 5147 δεῖν
2969 5094 3119 5165 παρά
3141 5093 3201 5146 τὸ
3234 5094 3563 5164 ύπερόαἰνον

1994 5183 2191 5254 μέτρον
2247 5183 2356 5236 τῶν
2406 5184 2755 5254 χαρισμάτων
2817 5184 3138 5254 συγγραφὴν
3192 5184 3559 5255 ποιήσασθαι,

1992 5315 2081 5368 hic
2116 5330 2312 5388 nomen
2340 5314 2563 5388 excidit,
2593 5316 2677 5388 vel
2710 5314 2777 5368 dc
2808 5330 2907 5370 suo
2933 5316 3145 5371 addidit
3175 5317 3367 5383 Zinus;
3394 5333 3565 5388 quem

1989 5386 2296 5455 sequimur,
2327 5385 2455 5454 quia
2494 5386 2615 5453 ejus
2641 5386 2743 5439 hoc
2771 5396 2855 5440 est
2893 5388 3273 5455 proverbium,
3296 5385 3446 5443 orat.
3490 5391 3563 5443 20

1991 5454 2267 5508 laudantis
2293 5464 2542 5509 sanctum
2572 5455 2851 5509 Basilium.

2059 5568 2169 5637 (68)
2199 5569 2350 5623 idem
2386 5568 2711 5624 Paleaticum
2761 5570 2911 5639 legit.

2065 5640 2197 5709 (68‘)
2236 5639 2359 5694 Hasc
2394 5652 2477 5696 est
2511 5651 2697 5697 sancta
2719 5641 2958 5698 Maerina
2993 5642 3169 5714 virgo,
3212 5658 3334 5714 qua:
3358 5646 3567 5703 colitur
