4042 6156
418 188 425 197 ι
1268 172 1291 193 ὕ

376 208 479 271 3Ί3

342 314 565 369 τοιαῦτα
600 314 722 385 περὶ
756 313 849 383 τῆς
898 313 1033 375 ίδίας
1062 311 1299 379 ἀδελφῆς
1324 328 1337 341 υ

339 407 515 459 ταῦτα
546 404 1029 473 πεπραγμάτευτο,
1064 403 1177 463 τοῖς
1220 401 1317 469 μὲν
1345 400 1413 451 δι’
1453 400 1737 470 ἀκριϐείας
1761 402 1928 466 ἐγνωη

344 498 496 546 κάσιν
552 496 620 545 τά
668 494 798 564 περὶ
840 494 1012 561 αὐτῆς
1066 492 1241 562 ἀληθῆ
1283 488 1418 544 εἶναι
1458 492 1797 555 πιστεύεται,
1827 493 1928 545 κᾶν

345 587 484 654 ὑπὲρ
534 584 719 637 πίστιν
766 584 890 654 εἴη’
933 585 1024 637 ἐπὶ
1080 582 1134 634 δὲ
1165 584 1274 634 τῶν
1326 583 1787 653 σαρκωδεστέρων
1821 582 1926 646 ἔξω

342 675 439 729 τοῦ
490 676 840 743 ἐνδεχομένου
862 673 1167 742 νομίζεται,
1209 673 1259 724 οἰ1
1289 673 1387 725 οὐκ
1440 673 1642 735 ἴσασιν,
1673 673 1755 725 ὅτι
1785 674 1927 726 κατὰ

343 768 445 838 τὴν
473 766 762 833 ἀναλογίαν
796 765 895 831 τῆς
925 764 1162 828 πίστεως
1215 764 1309 815 καὶ
1339 765 1372 834 ἡ
1425 762 1535 815 τῶν
1569 765 1926 834 χαρισμάτων

344 859 578 929 διανομὴ
630 858 1015 928 παραγίνεται,
1050 858 1221 928 μικρά
1264 857 1361 926 μὲν
1394 859 1510 919 ’τοῖς
1536 857 1924 924 ὀλιγοπίστοις,

349 952 564 1021 μεγάλα
598 951 653 1002 δὲ
677 952 789 1011 τοῖς
824 949 1068 1017 μεγάλην
1098 948 1313 1017 ἔχουσιν
1338 949 1395 999 ἐν
1424 947 1606 1009 αὐτοῖς
1636 947 1735 1017 τὴν
1765 949 1925 1018 εὐρυ-

344 1042 555 1111 χωρίαν
613 1042 713 1110 τῆς
771 1040 1028 1101 πίστεως.
1068 1039 1155 1101 Ὠς
1210 1038 1275 1091 ἂν
1315 1037 1408 1090 οῦν
1464 1039 1539 1110 μὴ
1602 1038 1848 1108 βλαϐεῖεν
1873 1042 1922 1093 ei

345 1132 692 1200 ἀπιστότεροι
748 1133 868 1192 ταῖς
927 1128 1021 1180 τοῦ
1074 1128 1210 1180 Θεοῦ
1253 1128 1489 1198 δωρεαῖς
1540 1131 1920 1195 ἀπιστοῦντες,

344 1221 538 1274 τούτου
568 1222 753 1273 ἕνεκεν
792 1218 1027 1287 καθεξῆς
1060 1220 1295 1288 ἱστορεῖν
1334 1219 1474 1289 ὑπὲρ
1505 1219 1611 1272 τῶν
1663 1221 1923 1289 ὑψηλοτέ-

348 1331 459 1382 ρων
493 1312 788 1380 θαυμάτων
826 1311 1253 1382 παρῃτησάμην,
1274 1312 1463 1381 ἀρκεῖν
1494 1311 1793 1381 ἡγούμενος
1812 1315 1922 1374 τοῖς

344 1404 661 1472 εἰρημένοις
711 1401 1051 1471 περιγράψαι
1095 1401 1195 1469 τὴν
1248 1403 1375 1471 περὶ
1434 1403 1606 1472 αὐτῆς
1652 1402 1917 1473 ἱστορίαν.

359 1493 636 1556 Ὡσαύτως
665 1493 794 1560 γοῦν
827 1492 919 1544 καὶ
947 1493 1073 1562 περὶ
1120 1491 1217 1544 τοῦ
1250 1493 1489 1561 μεγάλου
1538 1494 1799 1564 Εὐτυχίου
1826 1496 1921 1547 καὶ

341 1584 589 1652 λεγέσθω
628 1585 722 1637 καὶ
740 1582 1058 1655 γραφέσθω.

421 1684 530 1745 πγ¹.
570 1677 660 1738 Ὠς
702 1676 793 1728 οὖν
823 1675 915 1727 τὸν
958 1674 1157 1744 δρόμον
1180 1674 1427 1745 ,τελέσας
1468 1676 1557 1728 καὶ
1608 1676 1708 1746 τὴν
1739 1677 1921 1728 πίστιν

337 1769 593 1838 τηρήσας
621 1768 649 1817 ὁ
682 1766 775 1818 τοῦ
805 1764 944 1817 Θεοῦ
982 1765 1256 1833 θεράπων.
1294 1764 1479 1817 λοιπὸν
1517 1766 1780 1835 ἀνέμενεν
1831 1767 1922 1818 τὸν

340 1860 708 1928 ἀποκείμενον
733 1855 881 1926 αὐτῷ
903 1856 1004 1924 τῆς
1035 1856 1383 1925 δικαιοσύνης
1419 1856 1708 1924 στέφανον,
1751 1857 1922 1926 ζήσας

341 1953 483 2021 μετὰ
514 1950 614 2020 τὴν
640 1948 897 2002 ἐπάνοδον
944 1947 1063 2016 ἦτοι
1124 1946 1223 2016 τὴν
1267 1947 1344 2009 εἰς
1394 1946 1492 2016 τὴν
1528 1946 1737 2017 ὑψηλὴν
1788 1949 1921 2000 καθ-

340 2044 504 2112 έδραν
538 2040 987 2094 ἀποκατάστασιν
1020 2037 1256 2107 τέσσαρα
1285 2035 1379 2106 ἔτη
1405 2042 1498 2089 καὶ
1537 2039 1710 2109 μῆνας
1738 2038 1798 2103 ἒξ
1828 2038 1922 2109 (ὡς

341 2126 595 2203 γενέσθαι
618 2133 684 2186 τὰ
707 2133 883 2184 πάντα
908 2130 999 2201 ἔτη
1020 2130 1119 2198 τῆς
1138 2130 1280 2196 ζωῆς
1306 2128 1467 2183 αὐτοῦ
1494 2130 1912 2202 ἐϐδομήκοντα),

338 2229 437 2278 καί
464 2208 593 2286 τοῦς
623 2222 709 2275 διὰ
762 2222 859 2289 τῆς
894 2219 1216 2287 συνεργείας
1264 2217 1358 2271 τοῦ
1411 2219 1567 2284 ἁγίου
1607 2219 1921 2289 Πνεύματος

339 2314 763 2384 συγγραφέντας
794 2310 941 2379 αὑτῷ
969 2310 1161 2375 λόγους
1195 2310 1253 2360 ἐν
1282 2312 1349 2379 τῇ
1409 2310 1610 2381 ἠσυχίᾳ
1637 2310 1778 2363 κατὰ
1812 2312 1920 2364 πὰ-

338 2423 442 2474 σης
468 2405 738 2473 αἱρέσεως
771 2399 1156 2469 δημοσιεύσας,
1183 2400 1595 2470 ἐξηγησάμενος
1638 2419 1695 2454 τε
1722 2402 1921 2465 αὐτοὺς

337 2496 480 2547 πᾶσι
514 2496 625 2555 τοῖς
674 2494 883 2553 πιστοῖς
912 2492 1007 2543 καὶ
1057 2490 1343 2560 τροφίμοις
1371 2492 1473 2560 τῆς
1496 2492 1775 2560 ὁρθοδόξου
1828 2493 1920 2546 καὶ

335 2582 701 2644 ἁποστολικῆς
749 2580 1078 2648 Ἑκκλησίας
1111 2580 1465 2651 πλατυτέρως
1515 2598 1577 2633 τε
1609 2584 1705 2635 καὶ
1755 2596 1921 2651 σαφε-

338 2673 575 2743 στέρως,
636 2672 783 2743 ἔργῳ
829 2672 1059 2737 ποιήσας
1104 2669 1175 2723 τὰ
1223 2672 1280 2723 ὲν
1312 2672 1516 2736 αὐτοῖς,
1557 2672 1796 2738 ἐδίδαξεν
1846 2672 1920 2742 μὴ

336 2764 633 2833 προσέχειν
664 2762 742 2830 τῷ
770 2761 938 2831 πηλῷ
972 2761 1062 2813 καὶ
1093 2764 1161 2830 τῇ
1187 2760 1458 2832 πλινθείᾳ,
1487 2762 1564 2831 τῷ
1600 2764 1921 2834 προσκαίρῳ

334 2852 519 2922 τούτῳ
543 2853 643 2922 βίῳ
659 2852 753 2904 καὶ
770 2853 879 2913 τοῖς
916 2852 990 2921 μὴ
1017 2850 1324 2920 ἱσταμένοις
1346 2854 1636 2922 πράγμασι
1654 2868 1668 2882 ’
1692 2854 1918 2922 τοιαύτη

335 2946 449 3014 γὰρ
482 2946 517 3014 ἡ
552 2943 933 3012 πλινθουργὶα,
966 2941 1317 3011 πληρουμένη
1345 2942 1432 2994 ἀεὶ
1469 2943 1561 2994 καὶ
1586 2943 1875 3012 κινουμένη
1899 2957 1912 2970 ·
1944 2989 1985 3045 c

334 3035 440 3104 τὴν
466 3035 576 3103 γάρ
599 3033 700 3100 τῆς
726 3032 952 3104 σελήνης
975 3030 1315 3100 πολύτροπον
1343 3032 1673 3101 μεταϐολὴν,
1722 3033 1916 3101 δηλού-

339 3142 441 3195 σης
466 3126 528 3177 τὸ
548 3124 779 3193 τρεπτὸν
809 3123 961 3176 τοῦδε
988 3122 1080 3176 τοῦ
1103 3122 1240 3191 βίου,
1262 3124 1375 3185 τοῖς
1400 3122 1742 3193 βουλομένοις
1775 3142 1916 3195 παρ-

342 3219 487 3285 ίημι.
535 3215 713 3269 Πολλά
778 3215 959 3268 τοίνυν
1040 3215 1174 3268 ἄλλα
1220 3214 1621 3285 κατορθώματα
1660 3217 1912 3286 ποιήσας,

338 3308 481 3360 ὥστε
508 3308 637 3375 ὅρον
672 3308 770 3378 μὲν
797 3307 1101 3376 ἐπισκοπῆς
1131 3302 1270 3360 εἶναι
1302 3308 1391 3360 τὸν
1419 3308 1631 3361 ἐκείνου
1684 3308 1798 3378 βίον
1823 3310 1918 3362 καὶ

335 3399 755 3468 τρόποι-νόμον
808 3398 864 3450 δὲ
915 3396 1221 3467 ὁρθοδοξίας
1275 3398 1343 3451 τὰ
1381 3399 1592 3451 ἐκείνου
1645 3398 1912 3468 δόγματα.

351 3488 569 3541 Ἔπόθει
596 3489 657 3540 τὸ
684 3487 869 3541 λοιπὸν
899 3486 1162 3541 ἀναλῦσαι
1216 3489 1309 3541 καὶ
1340 3490 1438 3541 σὺν
1488 3489 1712 3559 Χριστῷ
1754 3485 1915 3554 εἶναι,

340 3581 445 3634 κᾶν
468 3581 552 3633 ὅτι
582 3579 668 3633 διὰ
698 3578 797 3649 τὴν
819 3580 928 3632 τῶν
975 3579 1185 3632 πολλῶν
1220 3580 1496 3650 σωτηρίαν
1527 3580 1587 3632 τὸ
1633 3580 1916 3649 ἐπιμένειν

338 3678 405 3746 τῇ
441 3678 607 3745 σαρκὶ
635 3673 1058 3744 ἀναγκαιότερον
1087 3673 1318 3743 ἔκρινεν.
1348 3674 1495 3744 Πλὴν
1525 3672 1631 3725 ἔδει
1690 3676 1786 3725 καὶ
1820 3674 1917 3726 αὐ·-

336 3754 435 3818 τιν’
477 3765 800 3836 ἐλεγχθῆναι
831 3754 1118 3835 ἄνθρωπον
1146 3764 1296 3826 ὄντα,
1325 3765 1419 3817 καὶ
1457 3765 1749 3833 ὑπομεῖναι
1815 3764 1915 3833 τὴν

336 3857 607 3923 διάζευξιν
631 3860 727 3925 τῆς
757 3855 935 3925 ψυχῆς
962 3855 1068 3908 ἀπὸ
1100 3853 1195 3907 τοῦ
1228 3852 1499 3923 σώματος,
1538 3856 1666 3923 περὶ
1682 3848 1751 3925 ἧς
1779 3854 1916 3907 καθ-

336 3949 573 4016 εκάστην
626 3947 846 4015 ἡμέραν
897 3946 1121 4015 πάσχων
1175 3944 1508 4014 ἐφιλοσόφει,
1564 3945 1916 4014 συμφθεγγό-

337 4054 500 4102 μενος
559 4038 653 4089 aut
695 4035 1008 4088 ἀκολουθῶν
1058 4038 1171 4098 τοῖς
1219 4034 1412 4087 ἑαυτοῦ
1448 4036 1624 4103 ἁγίοις
1666 4038 1913 4106 Πατράσι

336 4127 600 4192 Βασιλείῳ
649 4127 743 4179 καὶ
774 4127 811 4177 Γ
816 4126 1112 4196 ρηγορίοις,
1141 4121 1213 4177 ὦν
1241 4127 1268 4178 ὁ
1307 4126 1405 4195 μὲν
1466 4127 1672 4195 ἔλεγεν,
1711 4127 1911 4197 ’Υπερ-

330 4219 434 4288 dp:
463 4221 563 4286 τῆς
608 4218 827 4287 σαρκὸς,
863 4215 1201 4286 παρέρχεται
1234 4218 1372 4287 γάρ-
1403 4218 1667 4285 ἐπιμελοῦ
1703 4216 1909 4286 ψυχῆς,

334 4308 660 4378 πράγματος
707 4306 977 4360 ἀθανάτου
1002 4323 1018 4338 °
1077 4311 1104 4361 ὁ
1156 4308 1232 4371 δὲ,
1260 4309 1321 4359 Εἰ
1352 4309 1459 4381 γὰρ
1493 4309 1584 4361 καὶ
1612 4309 1702 4360 τὸν
1728 4308 1903 4378 βαρὺν
1940 4332 1981 4383 ῃ

329 4396 535 4464 χιτῶνα
564 4398 750 4450 τοῦτον
782 4397 1086 4467 ἀπεθέμην,
1120 4398 1206 4451 ἵνα
1230 4399 1375 4452 λάθα)
1401 4399 1756 4468 κουφότερον.

399 4486 509 4540 πθ’.
560 4488 647 4538 Ἐν
666 4488 875 4548 τούτοις
903 4490 1266 4558 ἀναστραφεὶς
1296 4490 1389 4541 καὶ
1419 4489 1595 4543 ταῦτα
1658 4489 1901 4558 μελετῶν

332 4579 439 4643 ἀεὶ,
470 4580 498 4630 ὁ
532 4579 814 4647 συνομιλος
856 4580 960 4630 τῶν
998 4579 1248 4648 μεγάλων
1284 4580 1560 4649 Ματέρων,
1584 4582 1611 4632 ὁ
1640 4582 1733 4632 τὸν
1764 4580 1905 4650 ἀέρα

334 4670 412 4739 μὴ
443 4671 729 4724 ἀναπνέων
750 4670 920 4733 οὕτως
952 4671 1026 4733 ὡς
1053 4673 1179 4734 τοὺς
1218 4671 1409 4739 λόγους
1441 4674 1535 4725 καὶ
1559 4674 1627 4725 τά
1657 4672 1904 4742 δόγματα

332 4760 634 4824 Βασιλείου,
664 4761 758 4813 καὶ
817 4762 1155 4831 Γρηγορίων,
1191 4763 1284 4814 καὶ
1315 4762 1408 4815 τοῦ
1446 4764 1684 4832 μεγάλου
1723 4767 1907 4816 Διονυ-

335 4852 472 4915 σίου,
507 4852 587 4904 ἔτι
614 4869 679 4920 γε
716 4852 822 4923 μὴν
878 4854 969 4906 καὶ
1017 4853 1127 4905 τῶν
1174 4853 1377 4906 λοιπῶν
1412 4854 1581 4922 ἁγίων
1620 4854 1903 4923 Πατέρων,

334 4942 631 5011 προφητῶν
669 4959 751 4993 τε·
768 4944 861 4994 καὶ
921 4942 1255 5004 ἀποστόλων,
1289 4942 1572 4995 ὑπενοεῖτο
1602 4944 1755 5009 παρά
1798 4942 1905 4994 τῶν

336 5030 540 5083 ἁτελίῖιν
576 5031 677 5101 τὴν
714 5030 953 5083 διάνοιαν
996 5032 1257 5083 τάναντία
1295 5031 1503 5094 τούτοις
1566 5034 1783 5101 φρονεῖν
1813 5032 1907 5085 καὶ

340 5228 855 5309 {9_Julii,_in_eujus
888 5231 1007 5309 Vita
1047 5232 1148 5309 ista
1178 5231 1279 5309 sub
1302 5232 1464 5309 finem
1494 5232 1902 5309 legunturiuti

342 5301 496 5422 πέτὶἓέ
533 5302 802 5422 .iidagium
832 5301 1035 5370 legitur
1086 5303 1141 5355 in
1194 5303 1525 5356 Nazianzeni
1558 5311 1700 5357 orat.
1743 5302 1811 5355 20
1837 5303 1903 5355 de

385 5406 399 5420 .
502 5386 545 5424 si
571 5388 645 5424 ιο.

758 5449 814 5494 et
847 5439 966 5494 dies
997 5441 1137 5496 duos
1163 5456 1193 5494 a
1247 5440 1337 5495 die
1393 5441 1426 5495 5
1474 5441 1731 5497 Octobris
1771 5438 1900 5496 anui

346 5506 440 5564 577
468 5506 532 5562 ad
556 5512 588 5563 6
617 5510 824 5578 Aprilis
855 5512 1132 5566 exclusive
1156 5512 1283 5566 anni
1315 5513 1439 5567 582.

435 5580 516 5650 70;
540 5580 715 5635 Natus
737 5596 881 5634 anno
923 5582 1045 5637 512.

1851 202 2072 264 ".'l'l‘A.

1372 310 1521 363 Ἐπεὶ
1556 312 1730 363 τοίνυν
1761 312 1919 363 πάντα

2042 315 2334 382 loquitur:
2389 315 2512 370 H:cc
2574 319 2643 372 {Ill
2694 319 2787 372 illa
2841 331 2989 390 gesta
3041 332 3169 376 sunt
3219 327 3434 381 omnia:
3480 345 3604 398 qua:

3464 219 3601 282 2374

2035 406 2264 475 quidem
2302 408 2621 477 diligentius
2662 409 2779 479 ipsa
2823 413 3084 466 scrutatis
3130 429 3259 467 vera
3309 431 3431 471 esse
3476 434 3603 473 cre-

2034 496 2262 562 duntur,
2296 498 2426 551 licet
2453 514 2617 567 supra
2653 500 2811 553 ﬁdem
2847 501 2957 555 sint
2985 519 2998 567 ;
3034 503 3176 571 apud
3201 520 3297 558 eos
3352 520 3484 559 vero
3504 511 3600 576 qui

2034 588 2185 640 carni
2217 587 2459 642 nimium
2486 590 2690 644 addicti
2747 600 2894 654 sunt,
2932 602 3197 661 putantur
3223 603 3374 649 extra
3407 598 3606 651 verisi-

2032 678 2399 733 militudinem
2433 696 2575 734 esse.
2612 680 2717 735 Sed
2754 682 2808 735 bi
2836 698 2966 736 sane
3012 684 3267 752 ignorant
3295 702 3393 754 pro
3450 703 3606 740 men-

2032 787 2159 825 sura
2204 771 2328 826 lidei
2361 772 2808 826 distributionem
2849 789 3071 843 quoque
3112 791 3408 846 munerum
3460 777 3601 839 ﬁeri,

2032 872 2092 914 ut
2118 861 2223 915 ﬁde
2253 861 2468 930 pusillis
2527 862 2841 915 tribuantur
2884 877 3072 931 parva,
3121 879 3314 931 magna
3368 880 3499 919 vero
3534 865 3601 921 iis

2031 952 2124 1021 qui
2160 952 2283 1005 lidei
2309 951 2668 1020 amplitudine
2692 951 2919 1019 pollent.
2953 952 3147 1006 Verum
3173 968 3241 1006 ne
3304 954 3602 1008 incredulis

2030 1043 2192 1098 detur
2230 1043 2446 1097 occasio
2503 1042 2598 1095 Dei
2659 1057 2889 1095 munera
2936 1044 3221 1112 carpendi,
3277 1044 3600 1098 sublimiora

2031 1133 2295 1187 miracula
2354 1133 2825 1202 praetermisimus,
2893 1134 3011 1187 luce
3041 1148 3162 1201 qua:
3221 1138 3601 1188 recensuimus

2029 1213 2163 1279 satis
2200 1240 2322 1279 esse
2374 1214 2441 1278 ad
2500 1225 2789 1279 historiam
2849 1225 3205 1279 :estimantes.
3275 1226 3404 1292 Qtne
3451 1242 3583 1280 sane

2028 1318 2194 1372 verba
2228 1317 2297 1371 de
2322 1332 2521 1386 magno
2551 1332 2772 1386 quoque
2799 1317 3071 1386 Eutycliio
3100 1318 3247 1371 dicta
3286 1318 3601 1386 scriptaque

2030 1408 2426 1479 intelligantur.

1957 1657 1999 1711 Β
2094 1679 2183 1733 88.
2201 1677 2437 1731 Cursum
2464 1692 2597 1746 ergo
2621 1691 2780 1731 suum
2810 1677 3214 1730 consummavit
3232 1678 3325 1731 Dei
3341 1676 3598 1744 famulus,

2026 1767 2131 1821 ﬁde
2165 1775 2405 1828 servata,
2443 1774 2770 1834 exspectans
2795 1765 2866 1819 de
2899 1766 3114 1835 reliquo
3145 1765 3447 1835 repositam
3490 1767 3601 1821 sibi

2023 1872 2283 1911 coronam
2318 1856 2571 1926 justitiae,
2606 1864 2899 1923 postquam
2931 1870 2960 1907 a
3004 1855 3185 1909 reditu
3219 1872 3322 1909 suo
3371 1856 3599 1908 restitu-

2024 1950 2286 2018 tioneque
2348 1948 2403 2000 in
2454 1946 2775 2001 cathedram
2834 1947 3258 2015 patriarcbalem
3310 1945 3597 2001 transactis

2022 2049 2263 2109 quatuor
2285 2039 2446 2093 annis
2476 2038 2615 2108 (69),
2654 2052 2831 2090 annos
2883 2037 3190 2092 universim
3238 2038 3469 2093 vixisset
3510 2054 3596 2093 se-

2023 2126 2479 2201 ptuaginta(70);
2531 2135 2588 2182 et
2645 2142 2960 2190 sermones,
2997 2138 3329 2197 cooperante
3384 2129 3593 2198 Spiritu

2023 2230 2233 2284 saneto,
2266 2221 2535 2275 adversus
2585 2231 2946 2289 quascunque
2999 2218 3238 2274 haereses
3295 2220 3353 2274 in
3406 2220 3594 2291 quiete

2022 2309 2391 2378 conscriptos,
2421 2308 2794 2378 publicasset;
2840 2323 3048 2378 eosque
3079 2324 3363 2378 exponens
3413 2312 3596 2365 omni-

2021 2397 2127 2451 bus
2150 2397 2425 2466 germanis
2459 2404 2625 2465 atque
2661 2396 2917 2452 ﬁdelibus
2946 2398 3273 2453 orthodoxa:
3307 2401 3595 2455 catholicae

2021 2486 2280 2542 Ecclesia:
2340 2486 2506 2551 filiis,
2555 2496 2721 2556 atque
2762 2487 2840 2541 ibi
2886 2489 3206 2559 conscripta
3251 2506 3416 2559 Opere
3474 2492 3593 2561 ipso

1980 2619 1986 2625 -
2021 2581 2322 2649 complens,
2352 2580 2517 2649 plane
2550 2578 2810 2648 clareque
2830 2579 3118 2635 docuisset
3146 2597 3253 2635 non
3277 2597 3397 2636 esse
3426 2584 3596 2638 inbm-

2021 2672 2254 2725 rendum
2283 2670 2673 2742 ﬁmolutoque,
2694 2671 2848 2734 huic,
2880 2671 3127 2741 inquam,
3157 2676 3446 2742 temporali
3470 2676 3594 2730 vita:

2022 2763 2295 2831 rebusque
2321 2762 2571 2817 caducis.
2607 2763 2737 2817 Tale
2762 2764 2911 2817 enim
2950 2772 3035 2818 est
3070 2780 3210 2834 opus
3259 2765 3502 2835 figlinum
3534 2775 3595 2821 ut

2023 2865 2241 2920 semper
2271 2852 2649 2920 impleatur-et
2674 2862 2998 2906 moveatur:
3058 2869 3185 2908 nam
3223 2856 3590 2925 multiplicem

2022 2943 2442 2997 conversionem
2472 2943 2636 3006 lunae,
2685 2945 3132 3013 reprascntantis
3183 2947 3591 3019 volubilitatem

2023 3033 2188 3103 hujus
2207 3034 2353 3099 vitm,
2396 3033 2519 3088 aliis
2570 3035 2885 3104 expendere
2932 3036 3250 3091 volentibus
3310 3037 3588 3106 relinquo.

2020 3126 2190 3179 Multa
2229 3125 2397 3194 igitur
2428 3126 2533 3179 alia
2569 3127 2828 3195 pneclara
2854 3126 3083 3191 faciens,
3113 3137 3175 3181 ut
3198 3129 3306 3182 vita
3331 3143 3393 3182 ac
3410 3143 3591 3184 mores

2018 3218 2138 3287 ejus
2188 3232 2379 3270 norma
2441 3225 2629 3270 essent
2657 3217 3031 3285 episc0patus,
3094 3218 3348 3273 doctrina
3407 3232 3589 3274 autem

2019 3307 2358 3361 orthodoxite
2392 3308 2599 3376 regula,
2638 3307 2858 3361 tandem
2886 3308 3238 3363 desiderabat
3282 3309 3509 3364 dissolvi
3537 3320 3591 3364 et

2018 3412 2139 3451 esse
2166 3412 2290 3450 cum
2321 3396 2563 3461 Christo,
2599 3397 2729 3451 licet
2755 3408 2979 3467 propter
3014 3401 3318 3453 multorum
3353 3402 3590 3454 salutem

2020 3487 2073 3540 in
2127 3502 2293 3542 carne
2353 3503 2579 3547 manere
2633 3488 2807 3556 magis
2860 3490 3241 3543 necessarium
3294 3492 3589 3560 iudicaret.

2016 3580 2314 3648 Oportebat
2383 3588 2563 3633 tamen
2595 3579 2812 3632 ostendi
2848 3578 3024 3647 ipsum
3054 3596 3276 3649 quoque
3311 3583 3590 3637 hominem

2017 3684 2158 3732 esse,
2188 3670 2492 3738 animaeque
2520 3678 2576 3723 et
2598 3670 2853 3737 corporis
2886 3669 3313 3737 disjunctionem
3363 3673 3586 3726 subire:

2017 3762 2373 3831 quamobrem
2413 3760 2481 3814 de
2532 3761 2623 3813 illa
2682 3759 3180 3828 pliilosopbabatur
3236 3764 3507 3830 quotidie,
3537 3774 3591 3817 et

2014 3851 2206 3904 eadem
2257 3866 2377 3918 qua:
2416 3850 2605 3903 Patres
2659 3849 2745 3902 sui
2798 3848 3033 3903 Basilius
3082 3860 3245 3918 atque
3286 3852 3588 3921 Gregorius

2014 3937 2288 3991 sentiebat
2319 3951 2381 3990 ac
2409 3936 2743 4005 loquebatur
2789 3953 2802 3985 :
2829 3952 3064 4005 quorum
3111 3953 3252 3992 unus
3284 3957 3294 3990 ι
3325 3939 3580 4003 Carnem,

2013 4028 2215 4097 inquit,
2247 4028 2468 4095 despice
2502 4042 2624 4096 quae
2646 4027 2926 4095 praeterit;
2978 4028 3218 4081 animam
3262 4045 3415 4093 cura,
3460 4047 3584 4098 qme

2013 4129 2097 4174 est
2160 4118 2528 4183 immortalis;
2582 4118 2721 4172 alter
2783 4126 3017 4171 autem:
3071 4119 3311 4181 Utinam,
3365 4120 3583 4189 inquit,

2013 4211 2163 4283 gravi
2191 4212 2294 4266 bac
2321 4226 2492 4286 exuar
2518 4209 2727 4274 tunica,
2762 4218 2821 4263 ut
2844 4209 3108 4265 leviorem
3130 4212 3421 4281 accipiam.

2084 4484 2172 4540 89.
2207 4485 2333 4538 Ilzec
2361 4484 2452 4537 ille
2493 4482 2678 4537 animo
2716 4499 2943 4538 versans
2965 4499 3029 4538 ac
3073 4483 3369 4546 meditans,
3418 4499 3583 4553 atque

2011 4592 2135 4631 cum
2168 4574 2382 4644 magnis
2429 4575 2690 4629 Patribus
2728 4575 2805 4629 ita
2858 4577 3073 4639 vivens,
3134 4584 3195 4630 ut
3235 4592 3344 4630 non
3401 4577 3584 4631 minus

2015 4669 2224 4733 Basilii,
2248 4667 2500 4737 Gregorii
2533 4668 2643 4739 (7|)
2696 4668 2992 4736 utriusque
3015 4676 3071 4721 et
3110 4667 3292 4738 magni
3341 4668 3582 4737 Dionysii

2012 4760 2210 4830 (72iae
2243 4759 2586 4828 reliquorum
2628 4768 2941 4814 sanctorum
2995 4758 3306 4824 doctorum,
3344 4757 3582 4827 prophe-

2014 4860 2192 4905 tarum
2220 4859 2387 4919 atque
2431 4850 2809 4918 apostolorum
2865 4849 3120 4918 dogmata
3177 4863 3339 4916 quam
3395 4863 3579 4900 acrem

2013 4943 2159 4996 hunc
2188 4943 2447 5011 spiraret,
2473 4939 2802 5011 quibusdam
2835 4948 3017 4991 tamen
3045 4946 3226 4990 mente.
3252 4938 3585 5005 imperfectis
3618 5004 3635 5011 γ

2014 5041 2309 5100 suspectus
2335 5040 2456 5085 erat
2505 5030 2661 5099 quasi
2702 5028 2771 5083 ab
2820 5027 2930 5081 illis
2956 5026 3011 5091 in
3054 5028 3283 5080 materia
3332 5040 3583 5079 resurre-

2083 5229 2193 5301 (7l)
2237 5228 2476 5301 scilicet;
2510 5235 2731 5301 sanctus
2772 5226 3071 5295 Gregorius
3121 5224 3494 5281 Nazianzenus
3525 5237 3585 5281 et

2010 5294 2235 5355 sanctus
2256 5298 2552 5366 Gregorius
2580 5294 2881 5366 Nysseuus.

2080 5371 2193 5438 (72)
2228 5364 2483 5436 Dogmata
2510 5371 2599 5420 illa
2632 5364 2928 5438 intelligit,
2962 5374 3297 5438 quasaneto
3324 5364 3586 5438 Dionysio

2010 5434 2355 5507 Areopagita:
2389 5438 2730 5507 tribuuntur,
2756 5445 2819 5507 et
2850 5451 2879 5487 ιι
2911 5434 3135 5507 Petavio
3168 5437 3311 5507 libro
3375 5434 3588 5488 Πενέσ-

2009 5504 2273 5579 gmatibus
2336 5506 2638 5576 theologicis
2693 5506 2859 5559 etiam
2926 5504 3028 5559 sub
3100 5505 3323 5561 nomine
3403 5507 3586 5575 magni

2012 5578 2256 5649 Dionysii
2282 5579 2548 5630 citantur.
