3940 6202
345 241 489 308 2375

1339 303 1348 312 .
1401 233 1460 294 S.
1501 229 1860 291 EUTYCHII
1897 226 2399 288 PATRIARCH/E
2440 228 2546 287 ΟΡ.

3441 226 3591 292 23ἴ6

349 354 553 413 ctionis
583 347 901 405 dissentiret
951 345 1237 414 (75);cum
1292 343 1446 396 stulti
1505 342 1757 396 homines
1809 357 1918 395 non

2038 339 2264 404 ἲοξὰζειν
2289 341 2369 402 είς
2397 339 2487 390 τὸν
2509 337 2639 408 περὶ
2665 335 3012 412 ἀναστάαεως
3043 335 3221 404 λόχον,
3263 335 3336 408 μὴ
3367 338 3599 392 εἰδότων

351 445 744 514 intelligerent,
777 454 881 494 nec
916 436 1050 507 quid
1086 435 1401 498 allirmaret,
1457 447 1560 488 nec
1594 432 1664 486 de
1715 433 1920 501 quibus

351 539 692 608 loqueretur.
719 531 860 599 Quid
887 539 1072 584 autem
1094 527 1319 588 mirum,
1353 527 1398 580 si
1425 525 1658 595 puerilia
1701 525 1920 594 sapien-

353 635 437 681 tes
465 627 546 680 sic
577 623 644 678 de
669 623 788 691 ipso
815 619 1121 681 sentirent;
1175 631 1300 669 cum
1333 615 1600 669 Dominus
1665 630 1728 669 ac
1777 615 1922 668 Deus

353 729 543 772 noster
580 716 634 768 in
669 705 780 767 Dci'
807 711 984 781 digito
1015 707 1248 778 ejiciens
1272 706 1566 766 daemonia,
1589 721 1654 759 ea
1687 707 1740 760 in
1771 707 1924 775 prin-

353 811 474 879 cipe
499 805 895 862 dremoniorum
938 801 1144 869 ejicere
1172 799 1505 868 putaretur?
1546 797 1822 866 Numquid
1855 798 1922 852 de

355 905 482 957 divo
519 898 712 960 Paulo,
738 897 792 949 in
821 895 1104 962 Areopago
1123 893 1386 961 loquente
1407 891 1475 945 de
1489 891 1618 945 Jesu
1649 901 1706 945 et
1735 905 1921 945 resuro

357 991 602 1045 rectione
633 988 772 1054 ejus,
801 985 1008 1039 dictum
1039 993 1142 1046 est,
1177 981 1320 1048 Quid
1343 983 1462 1036 vult
1499 982 1924 1036 seminiverbius

361 1080 500 1134 istc?
540 1076 817 1144 Numquid
853 1090 965 1128 non
999 1073 1256 1134 Basilius,
1287 1072 1552 1124 virtutum
1589 1069 1924 1124 fundamen-

355 1183 472 1225 tum
503 1179 562 1225 et
591 1169 832 1239 Spiritus
869 1167 1043 1220 sancti
1097 1171 1499 1234 propugnator,
1534 1163 1602 1217 ab
1648 1161 1926 1231 imperitis

356 1263 663 1316 mstimatus
708 1267 795 1314 est
859 1258 1011 1312 illius
1069 1255 1414 1310 divinitatem
1467 1269 1578 1308 non
1630 1253 1925 1308 confiteri?

357 1351 497 1417 Quid
519 1365 650 1420 ergo
677 1351 900 1412 mirum,
932 1349 976 1402 si
1020 1347 1088 1402 de
1127 1347 1231 1402 hoc
1277 1361 1498 1416 quoque
1539 1360 1696 1400 sacro
1723 1346 1924 1414 capite.

361 1455 580 1508 magno,
616 1439 866 1508 inquam,
905 1438 1206 1506 diviuoque
1233 1435 1353 1490 viro
1383 1436 1678 1506 Eutychio,
1697 1435 1792 1505 qui
1823 1434 1928 1488 fuit

360 1531 614 1584 columna
649 1544 711 1582 ac
745 1529 930 1582 lumen
965 1526 1240 1588 Ecclesiae,
1265 1525 1712 1593 venerandisque
1745 1524 1920 1578 Patri-

360 1621 466 1674 bus
527 1635 626 1688 per
649 1618 834 1672 omnia
879 1616 1100 1682 similis,
1154 1615 1262 1669 tale
1305 1614 1591 1684 quidpiam
1657 1613 1926 1682 suspicati

2023 433 2132 484 τῶν
2154 432 2402 484 δειλαίων
2440 431 2574 501 μήτε
2635 429 2764 498 περὶ
2813 413 3140 495 ὧνιὲλεγεν,
3176 429 3311 498 μήτε
3353 433 3482 502 περὶ
3511 425 3599 484 ὧν

2023 523 2408 576 διεϐεϐαιοῦτο.
2445 523 2552 574 Καὶ
2596 521 2648 572 τί
2702 519 3014 588 θαυμαστὸν
3045 521 3098 596 εί
3141 521 3360 574 τοιαῦτα
3390 522 3602 590 ἐφθέγ-

2027 615 2184 679 ξαντο
2233 615 2358 684 περὶ
2391 613 2552 674 αὑτὸν
2585 614 2633 666 ut
2667 613 3122 683 νηπιόφρονεςςῐῐί
3157 613 3265 683 γὰρ
3293 613 3322 664 6
3383 613 3602 683 Κύριος

2025 707 2119 759 καὶ
2134 706 2264 769 Θεὸς
2287 704 2466 775 ἡμῶν,
2503 706 2559 756 ὲν
2582 704 2827 766 δακτύλῳ
2852 703 2986 757 Θεοῦ
3037 703 3315 758 ἐκϐάλλων
3363 704 3433 758 τὰ
3471 707 3598 758 δαι-

2028 800 2204 870 μόνια,
2238 799 2468 868 ἤκουσεν
2490 797 2570 850 ὃτι
2593 799 2653 850 ὲν
2689 795 3014 860 Βεελζεϐοὺλ
3037 797 3291 850 ἐκϐάλλει
3313 797 3380 849 τά
3400 797 3592 865 δαιμόο

2026 909 2113 946 νια
2143 893 2218 962 τῷ
2241 893 2461 963 ἄρχοντι
2491 892 2598 944 τῶν
2621 890 2909 960 δαιμονίων
2930 906 2944 921 ·
2979 889 3072 942 καὶ
3101 892 3128 942 ὁ
3159 889 3302 953 θεῖος
3334 890 3588 943 ’Δπὸςτο-

2025 987 2135 1050 λος,
2161 989 2216 1038 ὲν
2242 985 2438 1055 Ἀρείῳ
2459 984 2619 1053 πάγῳ
2647 984 2714 1036 τά
2741 983 2868 1052 περὶ
2895 981 3070 1050 Ἰησοῦ
3104 981 3198 1034 καὶ
3231 981 3330 1052 τῆς
3357 983 3590 1036 ἀναστά-

2029 1075 2590 1145 σεωςδιαλεγόμενος,
2620 1076 2836 1143 ἤκουεν,
2865 1071 2928 1124 Τί
2958 1071 3025 1126 ἂν
3053 1071 3195 1124 θέλοι
3233 1071 3262 1123 6
3291 1071 3594 1142 σπερμολό-

2026 1186 2118 1236 γος
2147 1162 2301 1230 οὗτος
2328 1165 2540 1233 λέγειν;
2563 1163 2838 1222 Βασίλειος
2867 1161 2945 1226 δὲ,
2977 1161 3010 1230 ἡ
3039 1161 3194 1229 βάσις
3222 1160 3330 1214 τῶν
3358 1160 3592 1231 ἀρετῶν,

2026 1253 2055 1304 6
2087 1252 2256 1314 οὕτως
2277 1252 2672 1321 ὑπερμαχῆσας
2705 1249 2800 1302 τοῦ
2837 1248 2992 1316 ἁγίου
3025 1249 3353 1318 Πνεύματος,
3399 1251 3597 1304 ὑπενο-

2029 1347 2136 1396 εῖτο
2169 1342 2320 1410 παρὰ
2367 1341 2474 1392 τῶν
2516 1340 2718 1394 ἀτελῶν
2747 1339 2846 1410 τὴν
2887 1340 3144 1406 διάνοιαν,
3189 1340 3263 1410 μὴ
3310 1339 3598 1408 ὁμολογεῖν

2027 1434 2159 1486 Θεὸν
2186 1434 2247 1484 τὸ
2291 1432 2515 1502 Πνεῦμα
2541 1432 2602 1484 τὸ
2645 1432 2832 1499 ἅγιον·
2864 1431 3016 1484 οὐδὲν
3075 1431 3222 1494 ξένον
3257 1435 3306 1485 εἰ
3339 1433 3436 1486 καὶ¹
3465 1435 3600 1504 περὶ

2027 1524 2122 1578 τοῦ
2152 1524 2388 1592 μεγάλου
2423 1524 2518 1574 καὶ
2550 1523 2778 1591 θεφὸρου
2815 1523 3009 1589 ἀνδρὸς
3067 1523 3354 1592 Εὑτυχίου,
3387 1523 3486 1593 τῆς
3513 1541 3603 1577 τι-

2035 1615 2162 1684 μίας
2201 1615 2294 1666 καὶ
2327 1615 2476 1684 ίερᾶς
2507 1613 2766 1681 κεφαλῆς,
2797 1611 2891 1664 τοῦ
2923 1611 3114 1665 στύλου
3169 1613 3266 1665 καὶ
3309 1612 3604 1682 φωστῆρος

361 1719 510 1772 sunt,
542 1708 638 1776 qui
675 1706 898 1760 modum
951 1704 1376 1759 resurrectionis
1433 1703 1634 1756 futuras
1673 1718 1787 1757 non
1835 1717 1927 1758 ca-

2038 1707 2129 1772 ιῆς
2158 1705 2508 1776 Ἐκκλησίας,
2539 1703 2633 1756 τοῦ
2658 1703 2798 1757 κατὰ
2827 1705 3002 1758 πάντα
3034 1703 3222 1774 ὁμοίου
3253 1706 3366 1768 τοῖς
3393 1704 3603 1774 τιμίοις

363 1801 618 1870 piebant:
644 1798 785 1852 absit
810 1797 960 1852 enim
987 1804 1049 1850 ut
1081 1811 1326 1865 unquam
1362 1795 1708 1850 contrarium
1749 1809 1938 1850 sense-

364 1891 436 1944 rit
462 1890 632 1945 rectis
655 1897 858 1943 sancta:
870 1887 1130 1943 Ecclesia:
1142 1895 1198 1941 et
1229 1887 1542 1956 apostolica:
1569 1885 1937 1957 dogmatibus.

2033 1795 2330 1868 Πατράσιν,
2383 1794 2655 1866 ὐπενοήθη
2691 1813 2744 1848 τι
2783 1795 3024 1848 τοιοῦτον
3053 1796 3204 1866 παρά
3253 1795 3358 1848 τῶν
3406 1794 3602 1866 ληρεῖν

2031 1888 2321 1955 εἰωθότων,
2352 1887 2447 1941 καὶ
2480 1887 2555 1958 μὴ
2583 1886 2902 1958 χωρούντων
2927 1887 3018 1938 τὸν
3053 1885 3212 1954 λόγον
3237 1889 3334 1957 τῆς
3365 1888 3604 1942 ἀναστά-

365 2000 524 2046 σεως.
583 1983 676 2052 Μὴ
706 1981 916 2047 γένοιτο
952 1979 1060 2048 γὰρ
1111 1965 1280 2030 αὐτὸν
1319 1978 1614 2030 ὑπεναντία
1661 1978 1769 2031 τῶν
1836 1977 2013 2046 ὀρθῶν
2051 1979 2339 2050 δογμάτων
2389 1979 2488 2048 τῆς
2527 1979 2688 2046 ἁγίας
2735 1977 2830 2031 καὶ
2856 1977 3218 2050 ἀποστολικῆς
3275 1979 3604 2052 Ἐκκλησίας

366 2072 779 2144 πεφροντικέναι
815 2070 965 2136 ποτὲ,
1011 2069 1045 2140 ἢ
1099 2069 1158 2121 ὲν
1202 2068 1405 2123 ἅπασιν
1453 2069 1621 2122 αὐτοῦ
1668 2071 1781 2132 τοῖς
1828 2068 2029 2136 λόγοις.

428 2167 516 2223 90.
533 2166 716 2222 Plenas
747 2171 876 2219 sunt
906 2162 1188 2216 orationes
1213 2161 1334 2232 ejus
1361 2169 1677 2216 sanctorum
1703 2161 1928 2217 Patrum

365 2259 468 2312 hac
488 2257 556 2312 de
575 2271 633 2309 re
661 2253 984 2318 sententiis;
1003 2251 1182 2321 qualis
1203 2261 1290 2306 est
1315 2252 1405 2306 illa
1433 2252 1606 2306 divini
1639 2251 1892 2322 Gregorii
1917 2269 1929 2304 :

367 2347 424 2402 Si
454 2347 578 2416 quis
601 2346 737 2400 dicit
761 2343 1041 2399 Christum
1067 2343 1142 2396 ita
1165 2357 1312 2397 nunc
1329 2341 1656 2411 deposuisse
1683 2356 1930 2406 carnem,

367 2448 428 2492 ut
461 2437 528 2491 ab
557 2451 622 2491 ca
648 2436 910 2490 nudatam
945 2433 1294 2486 divinitatem
1322 2441 1378 2486 et
1407 2421 1614 2496 esseet
1639 2441 1930 2487 venturam

367 2539 594 2592 asserat,
622 2529 670 2582 is
722 2527 992 2582 adventus
1030 2527 1158 2595 ejus
1199 2525 1430 2595 gloriam
1461 2539 1532 2578 ne
1581 2525 1790 2580 videat.
1827 2524 1932 2592 Qui

365 2625 532 2695 igitur
559 2620 678 2675 ﬁeri
713 2618 922 2689 potuit,
955 2627 1014 2672 ut
1046 2617 1140 2687 qui
1169 2617 1312 2671 hanc
1352 2617 1684 2672 sententiam
1716 2631 1932 2670 sermo-

363 2712 529 2767 nibus
567 2709 685 2764 suis
728 2707 984 2770 inseruit,
1037 2706 1106 2760 ab
1157 2705 1303 2762 illius
1355 2721 1524 2761 sensu
1567 2706 1932 2776 discreparit?

365 2804 506 2858 Num
551 2802 694 2857 forte
727 2800 890 2855 aliter
919 2798 1197 2854 sentiebat
1234 2812 1296 2853 ac
1331 2798 1702 2868 loquebatur?
1732 2797 1924 2852 Absit!

367 2897 422 2952 Si
452 2897 502 2951 ci
527 2911 626 2966 cor
661 2909 893 2965 pravum
955 2907 1236 2962 nunquam
1263 2890 1513 2956 adhaesit,
1543 2891 1720 2948 multo
1751 2891 1936 2944 minus

367 2987 641 3044 sententia
661 2987 881 3056 duplex.
913 2984 1184 3038 Didicerat
1211 2998 1332 3052 quae
1359 2983 1430 3038 sit
1459 2981 1630 3036 animi
1659 2989 1718 3036 et
1745 2997 1938 3052 corpo-

2109 2167 2179 2229 ια.
2225 2163 2510 2216 Ἀνάπλεοι
2565 2161 2675 2213 τῶν
2701 2161 2872 2228 ἁγίων
2901 2160 3162 2231 Πατέρων
3201 2163 3338 2216 εἰσὶν
3385 2165 3604 2235 αἱπερὶ

2035 2255 2224 2309 τούτου
2254 2255 2499 2326 χρήσεις,
2535 2255 2630 2308 καὶ
2659 2253 2892 2324 μάλιστα
2939 2253 3034 2308 τοῦ
3067 2253 3214 2306 Θείου
3245 2255 3542 2326 Γρηγορίου
3565 2259 3604 2327 ἠ

2037 2347 2290 2416 λέγουσα,
2312 2347 2379 2399 Εἰ
2401 2363 2485 2408 τις
2515 2344 2899 2398 ἀποτεθεῖσθαι
2939 2345 3086 2413 λέγει
3129 2345 3226 2399 νῦν
3265 2346 3364 2416 τὴν
3400 2349 3602 2418 σάρκα,

2039 2443 2132 2494 καὶ
2163 2441 2375 2511 γυμνὴν
2400 2439 2499 2510 τὴν
2564 2437 2792 2508 θεότητα
2839 2437 2934 2492 τοῦ
2999 2437 3444 2511 προσλήμματος,
3505 2443 3608 2493 καὶ

2039 2529 2178 2588 εἶναι
2209 2535 2303 2588 καί
2341 2535 2515 2606 ἥξειν,
2550 2535 2625 2606 μὴ
2661 2536 2760 2589 [δοι
2793 2537 2890 2607 τὴν
2934 2537 3089 2602 δόξαν
3131 2535 3228 2604 τῆς
3273 2535 3604 2605 παρουσίας.

2039 2626 2162 2689 Πῶς
2187 2626 2216 2678 6
2249 2625 2421 2678 ταῦτα
2477 2625 2854 2698 παραθέμενος
2889 2629 2947 2681 ἐν
2995 2629 3108 2690 τοῖς
3173 2623 3365 2679 ἑαυτοῦ
3401 2624 3604 2693 λόγοις,

2037 2715 2293 2769 τάναντία
2317 2715 2520 2768 τούτων
2542 2691 2788 2780 ἐδόξαζεν
2810 2691 2838 2779 ;\
2853 2718 2928 2770 Οὐ
2959 2716 3066 2787 γὰρ
3117 2715 3249 2770 ἄλλα
3275 2716 3371 2785 μὲν
3397 2691 3606 2781 ἔλεγεν,

2038 2804 2181 2876 εἶχεν
2233 2806 2288 2860 δὲ
2317 2807 2581 2878 φρόνησιν
2619 2807 2832 2878 ἑτέραν·
2896 2808 2970 2878 μὴ
3015 2809 3242 2876 γένοιτο.
3291 2807 3354 2859 Et
3408 2804 3610 2874 καρδία

2041 2897 2261 2968 σκαμϐὴ
2277 2898 2374 2951 οὐκ
2393 2898 2654 2972 ἐκολλήθη
2669 2899 2817 2970 αὐτῷ
2835 2915 2986 2962 ποτε,
3005 2898 3184 2970 πολλῷ
3207 2899 3366 2951 πλέον
3381 2897 3438 2951 οὗ
3455 2897 3612 2970 διττὴ

2039 2987 2253 3060 γνώμη·
2271 2989 2603 3060 καταμαθὼν
2625 2991 2680 3042 δὲ
2702 2992 2903 3060 μᾶλλον
2927 2992 3026 3062 τὴν
3045 2993 3108 3044 ὲκ
3125 2991 3373 3062 ψυχῆςτε
3393 2992 3486 3045 καὶ
3501 2990 3612 3046 σὼ-

368 3081 446 3134 ris
473 3077 817 3148 coujunctio,
855 3082 1130 3146 quantum
1145 3073 1366 3143 quidem
1401 3073 1612 3127 homini
1651 3080 1735 3127 est
1763 3071 1933 3142 possi-

2044 3097 2210 3150 ματος
2245 3080 2512 3146 σύνθεσιν,
2535 3082 2610 3145 ὡς
2629 3082 2850 3152 ἐφικτὸν
2883 3083 3175 3154 ἀνθρώπῳ,
3203 3084 3300 3137 καὶ
3329 3086 3412 3148 τδ,
3447 3085 3614 3137 ποίαν

369 3170 516 3234 bile;
552 3177 609 3222 et
631 3174 798 3238 prout
819 3168 941 3237 ejus
971 3165 1284 3222 ministerio
1309 3165 1528 3220 animus
1579 3164 1748 3219 fuerit
1779 3179 1934 3229 usus,

371 3261 445 3315 ita
473 3259 636 3314 simul
663 3273 790 3314 cum
823 3257 918 3312 illo
941 3257 1104 3311 bonis
1139 3256 1540 3310 immortalibus
1577 3255 1722 3320 frui;
1757 3255 1936 3325 quod-

369 3367 478 3420 que
512 3365 737 3420 corpus,
791 3349 839 3403 si
870 3347 1132 3403 amictum
1187 3357 1352 3418 atque
1385 3347 1443 3400 in
1477 3347 1802 3402 servitutem
1847 3361 1937 3400 re-

372 3443 594 3496 dactum
651 3437 840 3500 fuerit,
871 3438 1036 3492 simul
1071 3453 1194 3492 cum
1226 3437 1408 3491 anima
1452 3435 1625 3492 evitet
1669 3435 1938 3506 supplicia

373 3525 704 3596 sempiterna
739 3542 753 3580 :
779 3525 964 3597 itaque
989 3535 1284 3595 utrumque
1313 3526 1477 3580 simul
1504 3535 1598 3578 aut
1630 3526 1954 3580 condemne-

375 3627 470 3674 tur
487 3627 584 3673 aut
609 3625 924 3672 coronetur.
951 3635 971 3668 ι
1000 3616 1228 3687 Oportet
1247 3617 1394 3670 enim
1415 3630 1604 3670 omnes
1627 3623 1806 3670 astare
1827 3623 1953 3670 ante

373 3710 613 3766 tribunal
669 3708 898 3774 Christi,
955 3717 1014 3762 ut
1075 3709 1302 3778 recipiat
1357 3707 1736 3776 unusquisque
1789 3713 1952 3776 ιιι-θυι

372 3803 544 3869 gessit
576 3801 628 3854 in
661 3817 761 3853 suo
791 3813 1044 3868 corpore,
1080 3801 1196 3853 sive
1225 3799 1432 3853 bonum
1469 3799 1584 3854 sive
1605 3800 1810 3854 malum
1834 3800 1932 3852 ⁸³η

373 3891 502 3959 quia
535 3903 832 3960 utrumque
864 3891 918 3944 in
954 3891 1058 3945 hac
1087 3891 1198 3944 vita
1225 3890 1389 3944 simul
1425 3899 1710 3960 operatur,
1737 3899 1794 3944 et
1817 3889 1940 3945 ideo

374 3993 671 4051 utrumque
699 3983 863 4036 simul
891 3991 1018 4036 ante
1052 3981 1258 4035 Christi
1298 3981 1539 4035 tribunal
1574 3981 1938 4051 comparebit.

371 4071 589 4124 Justum
614 4077 800 4125 autem
853 4069 960 4124 erit
989 4069 1234 4123 tribunal
1299 4068 1458 4133 illud,
1490 4085 1670 4138 neque
1717 4071 1792 4124 ibi
1837 4070 1944 4124 erit

374 4162 626 4231 acceptio
663 4175 1051 4230 personarum,
1091 4167 1191 4215 aut
1235 4160 1508 4232 judicium
1538 4160 1718 4214 media
1762 4162 1942 4214 solum

372 4267 442 4306 ex
479 4259 636 4320 parte
666 4249 914 4304 tietzsed
949 4257 1009 4303 ut
1035 4250 1285 4320 loquitur
1328 4249 1724 4304 Ecclesiastes:
1765 4249 1946 4304 «Cun-

2043 3171 2140 3239 μὲν
2155 3174 2416 3242 ἐργασίαν
2433 3175 2797 3228 ἐπιδείκνυται
2819 3175 3009 3246 ἡψυχὴ
3029 3175 3110 3248 [ἐν
3128 3176 3204 3246 τῷ
3225 3175 3438 3246 σώματι
3451 3174 3612 3246 τῶν]

2040 3263 2136 3315 σὺν
2155 3261 2231 3332 τῷ
2252 3263 2462 3335 σώματι
2481 3265 2550 3335 (2)
2564 3267 2672 3320 τῶν
2687 3267 2970 3320 ἀθανάτων
2991 3265 3209 3334 ἀγαθῶν
3228 3268 3286 3320 ὲν
3313 3267 3614 3321 ἀπολαύσει

2039 3354 2246 3422 γίνεται
2269 3371 2283 3386 ο
2304 3355 2421 3418 πῶς
2443 3355 2500 3408 δὲ
2515 3359 2576 3409 τὸ
2593 3357 2752 3426 σῶμα
2772 3356 3204 3427 ὑποπιαζόμενον
3229 3359 3322 3412 καὶ
3334 3359 3616 3427 δουλαγω-

2039 3444 2136 3512 γού
2143 3461 2301 3514 μενον
2316 3446 2571 3516 ἐκφεύγει
2591 3449 2688 3502 σὺν
2701 3450 2764 3518 τῇ
2781 3449 2926 3518 ψυχῇ
2941 3447 3040 3511 τὰς
3057 3450 3306 3513 αἰωνὶους
3321 3449 3614 3521 βασάνους,

2041 3535 2136 3588 καὶ
2151 3537 2232 3589 ὃτι
2252 3535 2312 3588 τδ
2329 3538 2736 3608 συναμφότερον
2757 3539 3108 3607 στεγανοῦ-ται
3131 3541 3164 3610 ἦ
3189 3543 3579 3614 κατακρίνεται
3595 3585 3612 3600 .

2047 3641 2066 3673 ι
2093 3626 2302 3688 Πάντας
2323 3625 2430 3696 γάρ
2445 3626 2527 3678 δεῖ
2539 3627 2916 3697 φανερωθῆναι
2937 3628 3244 3699 ἔμπροσθεν
3265 3633 3358 3686 τοῦ
3371 3633 3616 3705 βήματος

2041 3711 2133 3765 τοῦ
2161 3714 2421 3784 Χριστοῦ,
2455 3715 2543 3768 ἵνα
2569 3717 2864 3786 κομίσηται
2893 3717 3149 3782 ἕκαστος,
3201 3719 3237 3773 ἃ
3273 3720 3360 3775 διὰ
3383 3722 3480 3775 τοῦ
3511 3723 3618 3777 σώ-

2047 3821 2212 3873 ματος
2259 3805 2516 3876 ἔπραξεν,
2547 3807 2658 3861 εἴτε
2687 3808 2888 3876 ἀγαθὸν
2912 3809 3020 3862 εἴτε
3043 3811 3246 3879 φαῦλον
3267 3829 3316 3865 ἰ
3341 3813 3498 3884 δῆλον
3525 3816 3617 3872 ὃτι

2042 3895 2117 3956 ὼς
2141 3895 2235 3949 τοῦ
2299 3898 2709 3968 συναμφοτέρου
2741 3900 3110 3970 ἐργαζομένου
3169 3905 3310 3958 κατά
3361 3903 3453 3959 τὸν
3481 3908 3616 3978 τῇδε

2046 3985 2182 4066 βίον,
2212 3987 2274 4040 τὸ
2306 3990 2714 4060 συναμφότερον
2755 3991 2850 4044 καὶ
2903 3991 3210 4064 ἔμπροσθεν
3245 3996 3340 4051 τοῦ
3370 3999 3619 4068 βήματος

2043 4077 2136 4129 τοῦ
2189 4078 2427 4148 Χριστοῦ
2477 4080 2714 4135 ἵσταται.
2772 4082 2872 4136 Διά
2925 4086 3036 4156 γὰρ
3081 4085 3239 4140 τοῦτο
3277 4087 3486 4142 δίκαιον
3518 4092 3619 4143 καὶ

2043 4169 2542 4241 ἀπροσωπόληπτον
2589 4173 2764 4226 ἐκεῖνο
2813 4173 2874 4227 τὸ
2919 4174 3090 4246 βῆμα,
3151 4175 3338 4231 καθότι
3399 4179 3500 4232 οὐκ
3551 4180 3618 4245 ἐξ

2046 4259 2352 4330 ἡμισείαςῆ
2385 4262 2492 4314 ἀπὸ
2517 4264 2720 4333 μέρους
2755 4265 2788 4335 ἡ
2815 4265 3001 4335 κρίσις
3020 4267 3255 4335 γίνεται,
3279 4267 3413 4323 ἀλλά
3429 4269 3620 4334 καθώς

363 4351 464 4397 'cta
501 4359 624 4412 qua:
653 4341 792 4396 ﬁunt
819 4341 1056 4397 adducet
1089 4342 1355 4396 Dominus
1420 4343 1478 4395 in
1514 4341 1782 4411 judicium
1843 4355 1933 4409 pro

2048 4365 2212 4416 φησιν
2261 4351 2290 4402 6
2319 4349 2773 4423 Ἐκκλησιαστὴς,
2839 4355 2922 4407 ὅτι
2961 4355 3181 4424 σύμπαν
3229 4355 3292 4409 τὸ
3333 4357 3541 4428 ποίημα
3585 4363 3619 4412 6

374 4434 523 4488 omni
557 4433 905 4498 abscondito,
939 4434 1056 4487 sive
1101 4432 1333 4496 bonum,
1371 4433 1489 4486 sive
1549 4433 1756 4487 malum
1807 4432 1933 4486 illud

2047 4442 2179 4507 Θεὸς
2203 4443 2322 4510 ἄξει
2349 4447 2430 4508 εἰς
2453 4445 2658 4514 κρίσιν.
2693 4447 2911 4503 Δίκαιον
2933 4445 3028 4504 οὖν
3057 4450 3200 4505 κατά
3238 4451 3397 4505 τοῦτο
3439 4425 3620 4508 έκεῖνο

375 4524 448 4576 sit
475 4523 544 4574 ⁸⁸.
565 4541 582 4572 ι
611 4520 768 4587 Quod
793 4522 1019 4591 quidem
1047 4522 1321 4593 judicium
1374 4523 1499 4577 ideo
1545 4523 1756 4591 justum
1809 4525 1939 4587 erit,

373 4614 502 4683 quia
527 4621 651 4684 post
685 4615 1152 4670 resurrectionem
1181 4629 1286 4669 nec
1329 4629 1530 4684 corpus
1563 4615 1681 4669 sine
1720 4617 1940 4682 anima,

377 4719 482 4758 nec
511 4704 694 4759 anima
723 4705 844 4760 sine
891 4721 1150 4775 corpore,
1178 4720 1302 4760 eum
1334 4719 1446 4774 quo
1503 4703 1640 4758 vixit
1697 4721 1938 4778 semper,

373 4796 728 4864 reperietur;
769 4796 865 4851 sed
915 4796 1346 4851 immortalitatis
1381 4796 1797 4866 pulchritudine
1842 4797 1941 4852 de-

373 4887 659 4942 corahitur
689 4888 872 4943 anima
900 4889 1063 4944 simul
1096 4898 1152 4944 et
1179 4901 1402 4957 corpus.

444 5039 492 5070 ⁸³
521 5039 564 5093 ll
594 5039 720 5095 Cor.
783 4997 850 5104 v,
883 5041 962 5096 lo.
1038 5042 1082 5072 ⁸³
1115 5041 1297 5096 Eccle.
1333 5057 1427 5104 xu,
1476 5044 1562 5096 Η.

2049 4530 2108 4583 τὸ
2127 4533 2430 4602 κριτήριον,
2475 4536 2558 4588 ὅτι
2585 4535 2722 4604 μετά
2773 4538 2873 4606 τὴν
2931 4538 3244 4606 ἀνάστασιν,
3299 4540 3420 4594 οὕτε
3454 4544 3620 4613 σῶμα

2047 4623 2217 4692 χωρὶς
2247 4624 2346 4692 τῆς
2367 4624 2565 4696 ψυχῆς,
2611 4625 2734 4679 οὔτε
2765 4629 2798 4697 ἠ
2846 4627 2994 4700 ψυχὴ
3022 4633 3188 4701 χωρὶς
3215 4631 3311 4685 τοῦ
3341 4633 3616 4704 σώματος,

2047 4713 2121 4777 ὡς
2143 4716 2455 4784 συνέζησεν,
2487 4717 2575 4770 ἀεὶ
2607 4719 2962 4790 εὐρεθήσεταί
2999 4737 3154 4786 ποτε,
3183 4721 3342 4793 δῆλον
3391 4725 3474 4778 ὅτι
3501 4729 3620 4791 τοῖς

2048 4805 2148 4874 τῆς
2171 4807 2480 4879 ἀφθαρσίας
2513 4811 3030 4881 κατακοσμούμενον
3052 4813 3322 4868 κάλλεσιν.
3357 4796 3360 4798 η

451 5197 1368 5294 (fugqgrfjsplgfliaglggpﬂui
1414 5197 1764 5254 commodum
1813 5217 2036 5263 sensum
2094 5211 2282 5269 videre
2344 5216 2398 5270 in
2458 5218 2543 5272 his
2607 5219 2792 5276 verbis
2847 5221 3104 5292 ecgraphi
3155 5229 3352 5294 nostri,
3413 5228 3618 5284 ιπιδει-

376 5271 649 5338 κνυμένην
675 5267 852 5338 ψυχὴν
874 5271 972 5321 σὺν
1001 5267 1078 5337 τῷ
1109 5267 1342 5337 σώματι.

445 5407 556 5472 (75)
600 5407 830 5478 Propter
886 5409 1318 5465 controversiam
1365 5423 1526 5478 quam
1577 5410 1772 5464 habuit
1819 5427 1944 5466 cum

377 5486 568 5550 sancto
615 5477 880 5550 Gregorio
929 5480 1158 5550 Magno,
1224 5489 1357 5533 tunc
1386 5477 1938 5550 Constantinopolim

379 5546 549 5619 misso
589 5545 1091 5619 sedisapostoliém
1116 5549 1493 5619 apocrisiario.
1541 5549 1672 5602 Eam
1703 5545 1941 5619 explicat

375 5611 672 5680 Gregorius
702 5611 912 5672 libenv
952 5611 1231 5672 Moralium
1263 5617 1317 5672 in
1364 5617 1486 5684 Job,
1529 5633 1650 5688 cap.
1681 5611 1941 5677 l9.'asse-

2051 5418 2889 5510 IritquesanetumEutychium,
2925 5431 3210 5510 in__ul_timo
3253 5437 3468 5510 morbo,
3501 5439 3618 5510 pel-

2049 5487 2167 5574 lem,
2192 5504 2386 5544 manus
2425 5507 2558 5574 sine
2593 5487 2912 5565 tenentem',
2961 5487 3204 5558 dixisse}
3254 5487 3622 5572 ἶὲξηῖξιέιῖὲ.

2047 5563 2176 5624 quia
2201 5574 2419 5640 .omues
2445 5563 2514 5640 _in_
2546 5563 2664 5640 hac_
2695 5582 2862 5623 carne
2901 5563 3288 5640 resurgemus:
3317 5595 3334 5626 ι
3369 5589 3424 5632 at
3447 5601 3466 5630 ι
3501 5563 3624 5636 (ται-εί

2049 5641 2175 5680 nem
2201 5630 2607 5699 impalpabilem
2640 5635 2881 5692 futuram
2903 5630 3191 5710 scripsisse
3221 5630 3494 5716 arguitur.
3507 5630 3544 5702 ἶ
