4042 6156
1182 178 1247 184 ..ν-
1308 173 1363 182 ,ις

365 234 503 312 εῖη

1842 314 1863 333 κ
1895 224 2070 294 Vm

3489 220 3631 284 2378

1159 348 1287 410 ἰ””
1858 370 2082 426 CAPUT
2123 369 2187 422 x.

1380 511 1615 577 Morbus,
1645 510 1835 575 obitus,
1865 510 2142 583 sepultura
2168 508 2340 561 sancti
2364 505 2626 577 Eutychii.

438 648 551 721 kal.
584 649 771 706 Ταῦτα
815 650 911 705 καὶ
953 651 1022 705 τὰ
1053 650 1261 705 τούτων
1303 651 1615 722 ὑψηλότερα
1662 648 1959 720 φιλοσοφή-
1985 650 2039 711 Α

371 761 473 807 σας
497 747 593 799 καὶ
622 743 863 809 διδάξας,
900 743 1085 797 ἐπόθει
1121 743 1219 814 μὲν
1253 744 1563 813 ἐκδημῆσαι
1614 745 1678 796 ἐκ
1710 741 1805 795 τοῦ
1854 739 1959 793 σώ-

371 844 561 907 ματος,
583 834 887 905 ἐνδημῆσαι
916 833 972 886 δὲ
996 834 1133 905 πρὸς
1163 834 1254 887 τὸν
1282 832 1510 904 Κύριον,
1529 834 1625 887 καὶ
1658 831 1958 901 ἐφθέγγετο

366 928 425 979 τὸ
445 924 540 979 τοῦ
557 924 720 978 Δαυὶδ
759 925 936 992 λόγιον
954 924 1016 977 τὸ
1042 926 1277 992 φάσκονο
1329 943 1348 977 ι
1394 927 1492 979 Ὃν
1522 924 1725 995 τρόπον
1765 924 1960 976 ἑπιπο·

368 1018 505 1089 θεῖὴ
536 1018 735 1086 ἔλαφος
770 1018 863 1069 ἐπὶ
886 1018 985 1081 τὰς
1010 1018 1195 1088 πηγὰς
1220 1016 1329 1071 τῶν
1356 1017 1585 1084 ὑδάτων,
1613 1014 1788 1080 οὕτως
1836 1018 1959 1068 ἐπι-

368 1109 527 1161 ποθεῖ
552 1108 585 1177 ἠ
614 1107 759 1177 ψυχή
826 1123 926 1177 μου
986 1107 1124 1179 πρὸς
1170 1108 1253 1172 σὲ,
1295 1110 1323 1161 6
1356 1108 1511 1172 Θεὸς,
1542 1127 1561 1160 ›
1595 1107 1687 1161 καί
1721 1126 1736 1141 ⁸
1771 1127 1789 1159 ι
1821 1107 1959 1160 Πότε

367 1202 482 1271 ἥξω
508 1200 601 1253 καὶ
621 1199 930 1269 ὀφθήσομαι
959 1199 1038 1269 τῷ
1072 1201 1349 1271 προσώπῳ
1373 1201 1466 1253 τοῦ
1500 1200 1657 1253 Θεοῦ.
1698 1217 1716 1251 ι
1764 1196 1960 1253 Ἐθεώ-

372 1311 458 1363 ρει
487 1292 543 1346 δὲ
576 1294 672 1345 καὶ
703 1289 770 1345 τά
809 1291 1074 1363 μέλλοντα
1106 1292 1486 1363 συμϐήσεσθαι
1516 1293 1663 1347 δεινὰ
1692 1294 1756 1364 τῇ
1789 1292 1961 1363 μεγά-

372 1385 437 1455 λῃ
476 1385 647 1456 ταύτῃ
686 1386 863 1449 πόλει,
894 1385 980 1439 διὰ
1001 1386 1100 1448 τὰς
1123 1387 1397 1455 ἁμαρτίας
1428 1386 1523 1438 καὶ
1551 1385 1621 1439 τά
1667 1384 1960 1457 ἐπιτηδεύ-

373 1493 523 1546 ματα
550 1477 707 1546 ἡμῶν
738 1477 809 1531 τά
842 1478 916 1550 μὴ
945 1476 1150 1545 ἀγαθὰ,
1192 1477 1286 1529 καὶ
1316 1477 1620 1547 παρεκάλει
1650 1476 1843 1538 νυκτὸς
1866 1475 1960 1528 καὶ

367 1568 583 1637 ἡμέρας
636 1568 728 1621 τὸν
773 1569 1154 1640 φιλάνθρωπον
1197 1569 1349 1635 Θεὸν,
1380 1569 1595 1640 πρῶτον
1633 1568 1732 1639 μὲν
1794 1567 1960 1637 μηδὲν

373 1658 679 1727 ἐπαχθῆναι
739 1662 805 1731 τῇ
860 1659 1013 1713 πόλει
1048 1659 1238 1723 κακὸν,
1266 1658 1401 1713 ἀλλὰ
1460 1660 1809 1730 παραγαγεῖν
1863 1658 1961 1726 τὴν

376 1750 841 1821 προσδοκωμέιην
914 1750 1001 1804 ἐπ’
1034 1750 1203 1822 αὐτὴν
1254 1750 1523 1823 ἀπειλήν·
1596 1752 1659 1805 Εἰ
1712 1751 1769 1803 δέ
1819 1767 1963 1821 παρ-

369 1841 593 1906 ακούεις
643 1858 768 1912 μου,
801 1842 990 1911 ἔλεγεν
1030 1842 1166 1914 πρὸς
1194 1843 1285 1897 τὸν
1315 1843 1469 1909 Θεὸν,
1503 1844 1861 1914 Μετάστησόν
1894 1859 1961 1913 με

336 1950 342 1953 λ
375 1933 470 1986 τοῦ
506 1934 645 2003 βίου,
680 1934 767 1988 ἵνα
805 1935 878 2007 μὴ
922 1935 1016 1988 ἷδω
1045 1936 1143 2007 τὴν
1173 1937 1421 1990 κάκωσιν
1456 1935 1646 2006 αὐτῆς.
1677 1935 1842 1989 Ὅθεν
1870 1935 1962 1988 καὶ

2146 646 2233 709 91.
2277 652 2383 706 lsta
2415 660 2471 705 et
2496 648 2615 703 i~tis
2642 644 2969 702 sublimiora
3025 644 3273 715 cogitans
3310 651 3366 699 et
3415 642 3640 707 docens,

2061 745 2352 802 discedere
2387 739 2699 809 cupiebata
2730 751 2985 807 corpore,
3024 744 3188 805 atque
3238 735 3306 790 ad
3350 736 3642 791 Dominum

2068 832 2377 911 proficisci;
2422 828 3018 902 usurpansidentidcm
3051 828 3141 883 illa
3194 829 3361 883 verba
3387 827 3643 883 Davidis:

2067 950 2084 983 ι
2109 927 2585 997 Quemadmodum
2616 925 2894 980 desiderat
2926 938 3128 978 cervus
3152 921 3219 976 ad
3271 921 3451 975 fontes
3477 934 3647 990 aqua-

2063 1040 2208 1088 rum,
2238 1022 2313 1075 ita
2344 1019 2624 1074 desiderat
2654 1018 2837 1072 anima
2869 1031 2992 1070 mea
3030 1014 3097 1068 ad
3133 1024 3205 1078 te,
3237 1014 3385 1067 Deus
3406 1013 3483 1079 8“;
3514 1033 3532 1064 ι
3567 1022 3643 1073 ct.

2070 1137 2086 1167 ι
2112 1113 2344 1182 Quando
2360 1113 2577 1165 veniam
2595 1118 2650 1165 et
2669 1108 2946 1177 apparebo
2972 1115 3096 1162 ante
3114 1106 3312 1161 fariem
3341 1114 3489 1159 tuam
3518 1104 3563 1137 δί’
3586 1104 3637 1156 7»

2063 1204 2297 1264 Videbat
2351 1204 2519 1259 etiam
2586 1199 2927 1255 calamitates
2980 1213 3191 1268 magna:
3249 1196 3381 1250 huic
3434 1195 3646 1251 civitati

2064 1300 2424 1363 obventuras,
2452 1302 2508 1351 et
2529 1294 2781 1349 instituta
2806 1308 2868 1345 ac
2890 1290 3074 1345 studia
3106 1298 3293 1344 nostra
3330 1302 3441 1344 non
3464 1288 3645 1353 bona;

2066 1392 2301 1462 ideoque
2336 1389 2425 1443 die
2457 1402 2521 1441 ac
2546 1394 2707 1440 nocte
2734 1384 3067 1454 precabatur
3096 1384 3424 1437 clementem
3450 1383 3648 1444 Deum,

2066 1494 2125 1539 ut
2157 1483 2243 1537 vel
2275 1481 2453 1535 minas
2483 1479 2793 1534 remitteret
2824 1493 2887 1531 ac
2931 1475 3140 1530 civitati
3199 1477 3400 1531 malum
3436 1478 3648 1531 nullum

2066 1575 2317 1639 inferret,
2340 1574 2424 1627 vel
2456 1572 2564 1626 sibi
2601 1569 2871 1624 adimeret
2908 1567 3073 1622 vitam
3104 1583 3171 1623 ne
3196 1568 3315 1638 ejus
3339 1569 3651 1624 intueretur

2064 1666 2441 1720 afﬂictionem.
2465 1663 2685 1717 Etvcro
2717 1658 3035 1729 impetravit
3085 1677 3207 1730 qua:
3235 1662 3414 1716 fuerat
3454 1677 3649 1731 prcca-

2066 1769 2186 1813 tus:
2219 1757 2562 1812 voluntatem
2587 1755 2737 1809 enim
2769 1754 3083 1808 timentium
3120 1770 3179 1809 se
3224 1754 3353 1808 facit
3384 1754 3651 1810 Dominus

2063 1844 2416 1899 ctorationes
2434 1859 2624 1898 eorum
2648 1841 2896 1903 exaudit,
2934 1851 2989 1894 et
3016 1842 3199 1896 salvos
3221 1840 3353 1895 facit
3380 1842 3535 1895 eos“
3582 1842 3642 1891 ι’.

2066 1936 2382 1991 Exauditus
2406 1942 2490 1989 cst
2513 1943 2697 1988 autem
2731 1948 2798 1987 eo
2832 1931 2998 1985 modo
3042 1944 3207 2003 quem
3257 1932 3465 1986 indicat
3521 1947 3651 2003 pro-

374 2024 641 2095 ἐπέτυχεν
678 2026 788 2079 τῶν
810 2003 1137 2101 ήαίτήσεωνίο
1168 2028 1380 2100 θέλημα
1404 2028 1513 2098 γάρ
1542 2003 1652 2082 τῶν
1688 2028 1955 2098 φοϐουμέ-

2067 2029 2251 2099 pheta,
2275 2027 2500 2082 dicens:
2538 2027 2775 2081 «Adhuc
2810 2027 3071 2098 loquente
3129 2034 3203 2082 te.
3237 2022 3415 2081 dicam
3444 2044 3456 2079 :
3508 2028 3648 2082 Ecce

370 2132 478 2169 νων
507 2117 671 2171 αὐτὸν
702 2120 847 2171 ποιεῖ
871 2112 900 2171 ό
950 2117 1178 2191 Κύριος,
1210 2120 1305 2174 καὶ
1350 2118 1449 2190 τῆς
1479 2120 1717 2190 δεήσεως
1777 2116 1958 2174 αὐτῶν

2066 2120 2264 2175 adsum
2298 2110 2361 2173 ⁸⁸.
2392 2137 2410 2170 ι

374 2206 677 2273 εἰσακούει,
720 2209 817 2262 καὶ
851 2208 1015 2274 σώζει
1048 2210 1267 2274 αὐτούς.
1300 2209 1488 2265 Ταῦτα
1550 2212 1607 2265 δὲ
1665 2209 1829 2263 αὐτοῦ
1866 2210 2309 2283 προσευχομένου
2377 2209 2471 2262 καὶ
2517 2207 2873 2275 ἱκετεύοντος,
2944 2207 3276 2282 εἰσηκούσθη
3333 2211 3651 2283 παραυτίκα

372 2300 517 2354 κατὰ
548 2301 611 2354 τὸ
644 2303 982 2373 προφητικὸν
1010 2303 1208 2373 λόγιον·
1236 2323 1256 2356 ι
1289 2305 1410 2358 Ἔτι
1437 2304 1726 2368 λαλοῦντός
1752 2314 1872 2371 σου,
1893 2304 2025 2376 ἐρῶ,
2083 2294 2237 2370 Ἰδοὺ,
2270 2304 2522 2374 πάρειμι.
2557 2322 2576 2355 ι

444 2394 554 2465 ιιβι.
606 2397 940 2470 Ἐνέστηκεν
979 2400 1007 2452 6
1041 2398 1252 2469 καιρὸς,
1276 2398 1337 2452 τὸ
1368 2398 1642 2469 πλήρωμα
1689 2394 1783 2452 τοῦ
1838 2396 1965 2469 χρό-

376 2504 495 2555 νου,
526 2491 555 2544 6
587 2491 855 2560 στέφανος
884 2489 979 2544 τοῦ
1010 2489 1281 2555 ἐνιαυτοῦ,
1322 2491 1524 2561 μᾶλλον
1553 2490 1612 2543 δὲ
1651 2490 1759 2543 τῶν
1784 2490 1968 2544 ἐνιαυ-

376 2584 544 2654 τῶνὴ
575 2582 907 2653 χρηστότης,
978 2583 1011 2654 ἠ
1077 2582 1187 2635 τῶν
1223 2582 1427 2654 ἑορτῶν
1462 2581 1645 2654 ἑορτὴ,
1679 2582 1774 2637 καὶ
1827 2600 1967 2635 παν-

383 2676 585 2747 ήγυρις
608 2673 719 2726 τῶν
781 2671 1167 2744 πανηγύρεων,
1198 2673 1232 2743 ἡ
1275 2673 1497 2743 ἀπαρχὴ
1531 2672 1630 2743 τῆς
1668 2671 1966 2742 καθολικῆς

376 2765 753 2828 ἀναστάσεως,
784 2762 1025 2835 Χριστοῦ
1072 2764 1168 2818 τοῦ
1229 2763 1367 2818 Θεοῦ
1416 2763 1575 2835 ἡμῶν
1638 2763 1960 2830 ἀνάστασις,

380 2857 505 2911 καθ’
537 2857 609 2927 ῆν
636 2856 730 2909 τὸν
756 2856 1025 2910 ἐπινίκιον
1056 2854 1224 2928 ὕμνον
1257 2858 1304 2910 oi
1337 2857 1396 2909 ἐν
1424 2854 1636 2928 οὐρανῷ
1660 2862 1717 2909 τε
1747 2856 1843 2919 καὶ
1874 2855 1967 2908 tm

378 2952 480 3022 γῆς
512 2948 677 3003 πλέον
700 2949 920 3021 ᾄδωμεν
948 2964 963 2979 ο
999 2950 1130 3019 περὶ
1158 2943 1227 3021 ῆς
1256 2949 1348 3003 καὶ
1380 2950 1409 3002 6
1440 2948 1581 3012 θεῖος
1609 2947 1772 3002 Δαυῖδ
1793 2947 1965 3015 λέγει,

385 3039 580 3110 ιΔῦτη
612 3040 647 3110 ὴ
687 3039 895 3112 ἡμέρα,
934 3040 1000 3109 ἢν
1027 3039 1286 3111 ἐποίησεν
1309 3039 1338 3094 6
1370 3039 1593 3111 Κύριος,
1625 3038 1966 3108 άγαλλιασώο

380 3130 524 3202 μεθα
588 3130 686 3184 καὶ
719 3129 1120 3201 εὐφρανθῶμεν
1151 3131 1210 3184 ἐν
1242 3131 1382 3201 αὐτῇ
1413 3146 1428 3160 °
1470 3129 1564 3183 καὶ
1597 3129 1966 3201 συστήσασθαι

379 3220 823 3295 παρακελεύεται
857 3222 1050 3293 ἑορτὴν
1079 3223 1137 3274 ἐν
1173 3222 1288 3285 τοῖς
1321 3214 1661 3286 πυκάζουσιν
1706 3218 1811 3284 ἕως
1858 3219 1967 3272 τῶν

378 3315 635 3385 κεράτων
661 3312 757 3367 τοῦ
794 3313 1206 3385 θυσιαστηρίου,
1242 3329 1261 3365 ι
1300 3309 1546 3367 τουτέστι
1600 3312 1711 3366 τῶν
1743 3312 1967 3381 ἀγγελι-

378 3406 495 3459 κῶν
540 3405 862 3476 δυνάμεων,
901 3405 977 3467 ὡς
1028 3405 1121 3458 καὶ
1173 3400 1233 3458 τὸ
1281 3404 1500 3474 σχισθέν
1566 3406 1968 3476 καταπέτασμα

384 3499 540 3569 δηλοῖ
568 3498 630 3551 τὸ
669 3494 1160 3569 παραγυμνοῦσθαι
1209 3497 1322 3558 τοῖς
1349 3495 1441 3549 ἐπὶ
1474 3495 1579 3565 γῆς
1630 3494 1697 3547 τά
1715 3494 1964 3566 οὐράνια,

380 3600 473 3653 καὶ
518 3596 823 3662 δοξολογεῖν
892 3590 1217 3663 ὁμοφώνως,
1252 3590 1367 3645 ἀλλ’
1406 3587 1505 3661 οὐχ
1551 3588 1755 3661 ὁμοίως
1784 3592 1965 3644 πᾶσαν

2140 2390 2501 2454 92.1nstabat
2528 2396 2647 2453 dies
2681 2394 3146 2469 complementum
3206 2396 3491 2471 temporis,
3519 2401 3649 2455 anni

2065 2502 2289 2555 corona,
2363 2489 2475 2542 imo
2528 2503 2662 2543 vero
2718 2503 2991 2543 annorum
3060 2489 3313 2555 bonitas,
3378 2490 3655 2547 festivitas

2065 2578 2467 2643 fcstivitatum,
2515 2579 2737 2634 initium
2782 2580 3119 2636 universalis
3181 2584 3653 2645 resurrectionis.

2064 2670 2272 2727 Christi
2293 2673 2391 2728 Dei
2416 2673 2591 2729 nostri
2613 2675 2948 2729 resurrectio
2978 2674 3112 2746 (74),
3152 2676 3242 2732 cui
3267 2676 3654 2747 triumphalem

2067 2755 2334 2835 hymnum
2360 2772 2566 2820 canunt
2594 2765 2795 2821 cmlum
2856 2774 2912 2820 et
2967 2777 3152 2835 terra;
3191 2767 3259 2823 de
3292 2782 3401 2838 qua
3432 2769 3657 2824 divinus

2071 2854 2245 2910 David
2276 2857 2355 2911 ait
2383 2875 2395 2910 :
2433 2876 2450 2907 ι
2475 2846 2601 2912 Ηεεο
2636 2856 2775 2924 dies,
2808 2873 2975 2929 quam
3001 2857 3438 2928 fecitDominus,
3472 2865 3658 2919 exsul-

2070 2953 2252 3002 temus
2283 2956 2341 3002 et
2368 2936 2625 3002 laeteer
2658 2946 2714 3002 in
2744 2962 2844 3003 ea:
2882 2949 3206 3004 constituite
3255 2950 3403 3005 diem
3448 2952 3655 3007 solem—

2067 3051 2196 3093 nem
2226 3038 2285 3092 ln
2313 3029 2610 3093 condensis
2633 3053 2811 3109 usque
2837 3038 2905 3093 ad
2938 3055 3112 3095 cornu
3135 3034 3327 3098 altaris
3358 3043 3404 3076 θ’
3425 3061 3445 3095 ι
3470 3042 3548 3115 (id
3572 3052 3658 3100 est

2068 3141 2245 3200 usque
2268 3122 2624 3202 adaugelicas
2651 3130 2943 3203 Virtutes),
2972 3134 3215 3203 quando,
3251 3135 3395 3191 sicut
3420 3136 3655 3193 scissum

2069 3238 2289 3294 quoque
2334 3224 2520 3280 velum
2572 3216 2860 3291 declarat,
2922 3226 3167 3282 revelata
3227 3238 3359 3285 sunt
3404 3232 3656 3288 ctelestia

2069 3305 2443 3383 terrestribus,
2477 3330 2753 3387 suumque
2798 3316 3121 3375 Creatorem
3186 3337 3293 3376 una
3348 3322 3656 3395 eademque

2069 3423 2204 3463 voce
2270 3407 2500 3463 laudare
2567 3410 2738 3480 cmpit
2790 3413 2975 3467 omnis
3030 3412 3319 3470 rationalis
3371 3425 3652 3481 creatura,

2065 3500 2222 3569 juxta
2246 3498 2417 3553 illud:
2453 3517 2471 3549 ι
2498 3499 2620 3553 Fiat
2648 3500 2906 3557 voluntas
2938 3510 3030 3557 tua
3052 3503 3197 3559 sicut
3222 3505 3277 3559 in
3304 3505 3461 3562 cmlis
3511 3517 3567 3561 et
3598 3508 3655 3562 in

2073 3600 2222 3645 terra
2247 3592 2316 3645 9°.
2348 3611 2365 3642 ι
2405 3590 2542 3646 Cum
2576 3592 2744 3663 igitur
2773 3593 2920 3648 diem
2955 3594 3100 3650 hanc
3162 3599 3453 3666 splendide
3509 3601 3656 3656 cele-

377 3690 478 3760 τὴν
510 3688 736 3757 λογικὴν
794 3684 971 3739 κτίσιν
1000 3685 1090 3737 τὸν
1125 3680 1326 3753 ἑαυτῆς
1369 3678 1702 3769 δημιουργὸν
1754 3681 1847 3735 καὶ
1876 3683 1963 3733 Δε-

2074 3681 2314 3747 brasset,
2348 3683 2395 3737 is
2416 3683 2508 3752 qui
2537 3684 2605 3737 de
2629 3700 2693 3739 ea
2736 3700 2955 3755 semper
3008 3688 3228 3744 locutus
3255 3690 3457 3758 fuerat,
3511 3694 3657 3750 sicut

380 3781 609 3845 σπότην,
637 3777 780 3832 κατὰ
812 3777 895 3831 τό·
930 3795 949 3827 ι
980 3774 1271 3846 Γενηθήτω
1299 3774 1362 3851 ⁵τὸ
1413 3766 1627 3843 θέλημά
1669 3790 1763 3826 σου
1800 3773 1876 3837 ὡς
1907 3775 1966 3826 ἐν

377 3869 595 3941 οὖρανῷ
629 3868 725 3920 καί
786 3868 878 3920 ἐπὶ
938 3864 1039 3934 τῆς
1070 3864 1198 3934 γῆς.
1242 3883 1261 3915 ι
1298 3859 1518 3932 Ταύτην
1550 3859 1642 3914 οῦν
1673 3860 1769 3931 τὴν
1804 3858 1966 3928 ἁγίαν

384 3959 581 4034 ἑορτὴν
614 3960 856 4031 φαιδρῶς
892 3961 1181 4028 ἑορτάσας,
1212 3960 1240 4010 6
1269 3957 1356 4010 ἀεὶ
1383 3956 1452 4008 τά
1482 3954 1613 4026 περὶ
1662 3954 1829 4024 αὐτῆς
1884 3950 1969 4016 ἐξ·

382 4056 689 4127 ηγούμενος
718 4055 791 4115 ὡς
820 4052 982 4115 ἄλλος
1018 4052 1216 4114 οὐδεὶς,
1250 4051 1347 4120 τὴν
1377 4048 1690 4118 ἁγιωτάτην
1724 4046 1970 4118 μεγάλην

372 4148 469 4202 τοῦ
527 4147 664 4201 Θεοῦ
730 4145 1063 4217 Ἐκκλησίαν
1120 4143 1412 4214 θυμιάσας,
1462 4138 1689 4203 ποιήσεις
1750 4139 1843 4193 καὶ
1900 4139 1969 4191 τὰ

375 4242 510 4310 ἆγια
557 4240 935 4311 βαπτίσματα,
977 4237 1183 4299 πάντας
1230 4234 1621 4304 ἀσπασάμενος
1680 4234 1959 4302 ἀρχιερεῖς

374 4337 467 4388 καί
503 4335 667 4404 ἱερεῖς
703 4333 797 4385 καὶ
826 4332 917 4385 τὸν
967 4328 1164 4383 ἐαυτοῦ
1230 4328 1452 4398 κλῆρον,
1509 4325 1589 4377 ἔτι
1628 4341 1692 4392 γε
1728 4323 1835 4393 μὴν
1863 4322 1959 4391 βα-

376 4426 529 4479 σιλέα
580 4425 676 4478 καὶ
730 4423 1034 4492 σύγκλητον
1079 4421 1175 4474 καὶ
1207 4420 1386 4473 πάντα
1432 4417 1523 4469 τὸν
1555 4415 1685 4470 λαὸν
1716 4414 1954 4484 Κυρίου,

2071 3772 2213 3828 alius
2247 3789 2442 3840 nemo;
2471 3783 2527 3829 et
2572 3776 2976 3831 sanctissimam
3032 3795 3287 3850 magnam
3345 3783 3653 3841 Ecclesium

2068 3863 2252 3919 sumtu
2304 3865 2620 3925 lustrasset,
2668 3876 2725 3922 ct
2768 3879 2955 3924 sancta
3017 3870 3348 3940 baptismata
3394 3874 3653 3943 fecisset,

2069 3955 2351 4009 osculatus
2401 3964 2485 4010 est
2532 3972 2726 4012 omnes
2752 3959 3044 4029 episcopos
3070 3970 3126 4016 et
3178 3965 3516 4031 sacerdotes,
3551 3967 3659 4022 im—

2070 4055 2384 4116 pcratorem
2421 4062 2643 4116 quoque
2696 4056 2751 4103 ει
2808 4059 3061 4107 senatum
3109 4062 3275 4125 atque
3336 4059 3654 4118 universum

2072 4140 2338 4209 populant
2370 4140 2614 4205 Domini,
2647 4142 2907 4197 omnibus
2953 4160 3011 4200 se
3036 4145 3091 4199 in
3118 4147 3312 4217 spiritu
3367 4166 3654 4207 commen-

2072 4231 2229 4287 dans.
2265 4233 2530 4299 Quamvis
2554 4242 2739 4291 autem
2777 4238 2967 4294 multis
3001 4240 3249 4311 ignotum
3314 4254 3463 4301 esset
3516 4246 3653 4316 quid

2070 4332 2351 4391 ageretur,
2404 4332 2460 4378 ct
2521 4341 2589 4380 ex
2623 4328 3027 4383 consuetudine
3073 4330 3183 4385 diei
3225 4331 3351 4387 festi
3408 4334 3483 4388 ita
3532 4332 3654 4391 fieri

2067 4416 2521 4485 suSpicarentur;
2562 4418 2716 4473 solus
2753 4420 2871 4490 ipse
2906 4421 3116 4477 sciebat
3168 4424 3301 4494 quid
3334 4436 3544 4497 ageret.

380 4520 714 4585 συνετάξατο
768 4519 913 4574 κατὰ
959 4520 1019 4571 τὸ
1046 4516 1337 4587 νοούμενον
1372 4515 1559 4577 πᾶσιν,
1628 4512 1734 4565 κᾶν
1780 4512 1861 4565 ὅτι
1928 4513 2041 4572 τοῖς
2080 4511 2292 4575 πολλοῖς
2325 4513 2602 4579 ἄγνωστον
2633 4510 2700 4586 ἦν
2729 4516 2789 4569 τὸ
2820 4518 3128 4588 γινόμενον,
3157 4524 3246 4575 καὶ
3281 4525 3347 4592 τῇ
3396 4523 3656 4594 συνηθείᾳ

374 4618 471 4685 τῆς
500 4616 694 4685 ἑορτῆς
718 4613 1072 4682 ἀπαγόμενοι
1104 4610 1264 4663 τοῦτο
1288 4611 1461 4661 ποιεῖν
1482 4606 1643 4660 αὑτὸν
1680 4604 1928 4676 ἐνόμιζον
1958 4621 1970 4633 ·
2017 4604 2177 4667 αὐτὸς
2210 4605 2318 4677 γὰρ
2344 4607 2506 4676 μόνος
2531 4609 2647 4679 ᾔδει
2670 4609 2731 4663 τὸ
2757 4612 3063 4681 γινόμενον.

444 4717 553 4780 ια’.
594 4713 658 4765 ’Ὠ
692 4711 844 4777 πῶς-ς
874 4708 1169 4779 Ἀδακρυτῖ⁵
1223 4705 1318 4759 νῦν
1348 4706 1522 4757 ταῦτα
1548 4702 1728 4771 λέγειν
1771 4703 1832 4754 οὐ
1862 4700 1955 4754 δύ·-

2139 4703 2228 4756 95.
2254 4702 2361 4757 Sed
2387 4719 2422 4757 ο
2481 4705 2798 4774 quomodo?
2829 4706 2950 4761 Non
2978 4708 3184 4777 possim
3213 4710 3265 4763 id
3292 4728 3437 4766 nunc
3466 4712 3651 4767 dicere

376 4822 541 4874 ναμαι
572 4819 586 4831 ⁸
625 4801 782 4871 κάγὼ
840 4802 949 4871 γὰρ
974 4803 1001 4853 6
1058 4798 1293 4860 ἐλεεινὸς
1338 4797 1480 4866 ὑπὲρ
1535 4795 1634 4865 τὴν
1667 4793 1956 4863 συνήθειαν

378 4896 562 4965 ἰτυχον
582 4894 975 4963 ἀσπασάμενος
1009 4890 1070 4943 τὸ
1119 4886 1414 4956 ἀγγελικὸν
1442 4884 1607 4939 αὐτοῦ
1663 4883 1957 4954 πρόσωπον

378 4988 435 5039 ἐν
462 4987 597 5056 αὐτῇ
626 4987 695 5057 τῇ
727 4984 914 5054 ἡμέρᾳ
936 4999 948 5011 ·
980 4966 1063 5046 δὶς
1094 4982 1203 5051 γάρ
1234 4978 1327 5033 καὶ
1360 4978 1479 5047 τρὶς
1504 4976 1667 5029 τοῦτο
1702 4974 1913 5044 πράξας
1942 5015 1955 5039 ,

379 5078 538 5147 κόρον
570 5078 669 5130 οὐκ
703 5072 870 5145 εἶχον.
918 5073 1248 5145 Ἐρωτηθεὶς
1278 5071 1336 5124 δέ
1374 5068 1506 5140 παρ’
1537 5066 1724 5131 αὐτοῦ,
1761 5069 1826 5119 Τί
1863 5066 1957 5119 ού-

380 5183 482 5232 τως
516 5168 775 5229 πολλάκις
805 5164 963 5219 τοῦτο
994 5165 1168 5224 ποιεῖς
1193 5179 1207 5225 ;
1241 5156 1395 5213 εἷπον
1415 5157 1587 5228 αὐτῷ.
1612 5157 1686 5209 Τὸ
1717 5158 1958 5228 σήμερον

384 5259 539 5330 μόνον
570 5260 699 5330 ἔχω,
730 5258 828 5311 καὶ
883 5257 971 5309 διὰ
1024 5253 1186 5308 τοῦτο
1240 5253 1361 5305 κατ’
1419 5248 1663 5320 ἐμαυτοῦ
1718 5248 1960 5319 προειρήο

379 5366 539 5406 mica.
569 5353 617 5421 (ὃ
645 5352 756 5405 εἴθε
789 5350 862 5421 μὴ
916 5350 1181 5416 ἐπέτυχον
1228 5343 1627 5413 φθεγξάμενος)
1653 5342 1737 5395 ὅτι
1794 5340 1957 5411 μόνος

2065 4792 2187 4847 sine
2227 4794 2505 4866 lacrymis.
2534 4798 2755 4853 Etenim
2778 4799 2951 4854 miser
2977 4815 3079 4870 ego
3112 4801 3459 4871 frequentius
3483 4806 3649 4859 solito

2065 4879 2184 4950 ipsa
2218 4882 2307 4937 die
2362 4888 2715 4943 exosculatus
2744 4903 2866 4942 sum
2914 4891 3217 4961 angelicam
3266 4895 3386 4963 ejus
3416 4895 3646 4952 faciem:

2069 4986 2307 5043 cumque
2340 4977 2394 5031 id
2424 4979 2510 5034 bis
2539 4995 2603 5034 ac
2630 4981 2796 5035 tertio
2826 4980 3105 5049 fecissem,
3137 4985 3328 5041 satiari
3356 5002 3467 5041 non
3486 5000 3650 5058 pote-

2068 5078 2207 5118 ram:
2230 5065 2602 5140 interrogatus
2632 5084 2815 5127 autem
2842 5074 2912 5129 ab
2935 5091 3004 5131 eo
3018 5092 3120 5131 cur
3150 5078 3224 5133 ita
3245 5095 3393 5150 saepe
3424 5081 3478 5135 id
3504 5082 3654 5139 facc-

2069 5170 2206 5219 rcm,
2238 5167 2430 5213 contra
2450 5163 2721 5231 meipsum
2750 5166 3076 5235 prophetavi
3100 5168 3271 5239 (quod
3296 5171 3506 5227 utinam
3536 5189 3647 5230 non

2067 5246 2326 5318 fuisset!)
2355 5290 2371 5315 ,
2396 5250 2608 5319 dicens,
2641 5255 2771 5323 quia
2813 5257 2963 5313 hunc
3018 5259 3195 5314 solum
3231 5261 3377 5317 diem
3419 5263 3598 5320 habeo
3632 5282 3650 5321 :

2067 5340 2218 5395 solus
2240 5340 2388 5395 enim
2413 5354 2541 5399 ante
2570 5345 2751 5417 ipsum
2786 5357 3040 5405 mortuus
3070 5367 3213 5417 sum,
3234 5354 3386 5411 solus
3416 5356 3646 5412 relictus

444 5463 490 5497 ε·
516 5464 657 5517 Psal.
690 5478 799 5524 xu,
857 5456 922 5513 2.
996 5458 1039 5491 ⁸⁷
1072 5456 1208 5512 ibid.
1238 5456 1290 5510 5.
1366 5455 1595 5510 "‘Psal.
1627 5468 1804 5519 cxuv,
1836 5452 1919 5505 19.
1982 5450 2146 5505 "Isa.
2173 5468 2322 5520 Lvui,
2348 5455 2420 5521 9;
2464 5474 2583 5523 va,
2618 5459 2709 5514 24.
2788 5461 2832 5495 ⁸³
2869 5463 3292 5531 Psal.cxvn,‘24.
3370 5470 3418 5502 "
3453 5470 3650 5529 Matth.

377 5546 448 5602 π,
478 5534 561 5589 10.

446 5656 553 5726 (τι)
581 5656 742 5710 Anno
762 5653 886 5716 582,
924 5651 1025 5705 fuit
1062 5650 1270 5705 Pascha
1292 5648 1383 5703 die
1411 5649 1480 5704 29
1511 5649 1712 5713 Martii,
1753 5649 1941 5705 littera
1981 5646 2311 5703 Dominicali
2362 5650 2423 5704 D.

703 5754 972 5813 Ριτιιυι..
1029 5749 1146 5810 Gn.
1216 5747 1369 5807 LXX
1385 5748 1431 5806 Χ
1448 5748 1555 5809 Vl.

3097 5749 3173 5815 75
