3940 6202
425 283 566 350 23Ἱ9

1487 277 1548 340 S.
1589 275 1956 338 EUTYCHlI
1997 277 2500 336 l’ATlllARClI.‘E
2541 279 2646 338 (ΣΡ.

3511 297 3636 364 238')

429 395 734 466 orphanus,
765 390 916 445 solus
941 385 1098 442 amisi
1123 383 1417 456 pretiosam
1453 383 1822 460 margaritam,
1851 383 2000 436 solus

2111 385 2216 453 πρὸ
2248 385 2410 437 αὑτοῦ
2439 385 2799 456 νενέκρωμαι.
2832 383 2990 454 μόνος
3015 383 3250 455 όρψανδς
3279 385 3626 460 κατελείφθην,

425 489 740 544 thesaurum
771 481 826 545 in
865 495 995 550 agro
1035 477 1321 538 abscondi,
1353 475 1501 528 solus
1533 475 1710 528 erravi
1751 483 2006 542 tanquam

428 577 549 633 ovis
568 583 843 646 pastorem
871 585 982 625 non
1011 568 1242 630 habens,
1275 567 1426 620 solus
1457 565 1650 634 lugens
1679 573 1735 617 et
1764 577 2006 617 mmrcns

421 665 716 724 obambulo
747 672 920 719 totum
943 661 1106 716 diem.
1133 659 1304 714 Paulo
1331 665 1452 725 post
1478 664 1660 710 autem
1676 669 1889 716 omnes,
1913 654 2006 721 qui

423 761 696 816 bonorum
745 754 922 826 ipsius
973 750 1272 822 participes
1305 747 1658 809 exstiterunt,
1691 745 1862 800 verba
1914 744 2005 798 illa

425 865 640 906 mecum
703 843 1163 918 pronuntiabunt,
1221 849 1282 896 ut
1331 839 1620 894 arbitror:
1657 839 2000 892 Exstinetum

423 949 507 996 est
539 940 726 992 lumen
747 934 1038 990 oculorum
1066 939 1416 992 nostrorum,
1477 936 1666 998 erepta
1708 935 1792 982 est
1844 926 2003 980 nobis

423 1031 518 1086 lux
535 1029 866 1089 animarum,
891 1033 1144 1096 ereptum
1172 1023 1298 1078 vitae
1321 1021 1650 1084 subsidium,
1671 1021 1999 1074 dissolutum

423 1119 732 1176 concordiae
761 1107 1126 1190 Signaculum,
1181 1113 1458 1168 sublatum
1487 1112 1768 1167 vinculum
1822 1111 2002 1166 chari-

425 1211 575 1276 tatis,
609 1209 968 1264 imbecillium
1007 1205 1410 1260 ﬁrmamentum
1468 1201 1830 1258 confractum.
1867 1202 2002 1256 Pro-

417 1311 550 1372 .pter
575 1309 650 1366 te,
687 1301 872 1363 Pater,
899 1314 1004 1353 nos:
1038 1298 1204 1354 etiam
1236 1312 1342 1367 pro
1381 1295 1470 1350 die
1518 1293 1862 1365 Splendebat,
1901 1309 1998 1363 per

427 1402 578 1446 tuam
613 1391 886 1446 illustrem
913 1391 1084 1444 vitam
1124 1387 1452 1450 illuminata,
1489 1401 1638 1440 nunc
1669 1385 1788 1440 dies
1832 1384 1996 1438 etiam

425 1489 784 1539 convertetur
831 1480 888 1534 in
927 1479 1207 1534 tenebras.
1257 1476 1364 1532 Sed
1427 1491 1536 1530 non
1571 1485 1656 1531 est
1704 1475 1998 1546 indulgen-

427 1573 558 1628 dum
587 1569 864 1634 lamentis,
897 1567 1202 1639 praesertim
1232 1573 1358 1620 ante
1385 1573 1624 1636 tempus,
1657 1581 1726 1620 ne
1759 1565 1894 1619 illud
1927 1566 1995 1620 ab

413 1678 493 1719 eo
519 1661 838 1717 audiamus:
870 1677 888 1710 ι
912 1657 1094 1713 Nolite
1129 1655 1259 1712 ﬂere
1286 1671 1452 1726 super
1477 1669 1564 1708 me
1597 1656 1664 1708 ἰ.
1689 1673 1708 1704 ο

2115 476 2272 546 μόνος
2322 477 2410 529 τὸν
2468 478 2833 546 πολυτίμητον
2881 467 3226 546 μαργαρίτην
3283 477 3639 553 ἀπεϐαλόμην,

2113 568 2272 638 μόνος
2299 568 2388 620 τὸν
2415 567 2688 639 θησαυρόν
2738 568 2795 619 ἐν
2848 566 2925 637 τῷ
2955 565 3110 636 ἁγρῷ
3145 565 3471 636 κατέκρυψα,
3503 571 3641 639 μόνος

2110 659 2456 728 πεπλάνημαι
2489 657 2563 722 ὡς
2615 658 2885 729 πρόϐατον
2920 658 2995 728 μὴ
3040 657 3180 726 ἔχων
3227 657 3471 726 ποιμένα,
3503 663 3642 729 μόνος

2106 751 2318 804 πενθῶν
2343 751 2436 803 καὶ
2473 749 2884 820 σκυθρωπάζων
2919 749 3222 817 πορεύομαι
3247 747 3375 818 ’ὅλην
3405 749 3493 820 τήν
3519 753 3638 821 ἡμέ-

2105 859 2224 912 ραν·
2253 841 2663 914 συμφθέγξοντά
2688 859 2775 912 μοι
2801 842 2918 912 μετ’
2935 841 3135 908 ὀλίγον,
3157 840 3232 904 ὡς
3253 835 3526 910 οἷμαι,όσοι
3545 845 3634 898 τῶν

2102 935 2310 990 ἐκείνου
2331 933 2594 1006 μετέσχον
2623 935 2825 998 καλῶν,
2859 933 3000 987 κατὰ
3021 932 3085 985 τὸ
3111 933 3396 1003 εἰρημένον
3413 935 3535 986 τισὶν
3558 936 3634 988 λέ-

2102 1045 2307 1095 γοντες,
2327 1026 2584 1096 Ἐσϐἐσθη
2606 1026 2714 1078 τῶν
2735 1023 3027 1094 ὀφθαλμῶν
3041 1024 3200 1094 ήμῶν
3223 1025 3250 1076 ό
3273 1023 3474 1094 λύχνος,
3495 1027 3644 1098 dxi”.

2102 1118 2167 1188 θη
2195 1118 2254 1170 τὸ
2276 1117 2387 1186 φῶς
2414 1118 2514 1188 τῆς
2541 1117 2651 1171 τῶν
2672 1116 2860 1188 ψυχῶν
2890 1115 3133 1186 ὁδηγίας,
3160 1113 3376 1185 διελύθη
3403 1118 3492 1184 τῆς
3519 1119 3644 1188 ζωῆς

2101 1210 2257 1280 ἡμῶν
2287 1211 2319 1280 ἡ
2353 1208 2625 1278 ἀσφάλεια
2661 1209 2842 1278 ,ἤρθη
2868 1209 2901 1278 ἡ
2929 1209 3162 1276 σφραγὶς
3211 1209 3315 1279 τῆς
3361 1207 3650 1277 ὀνομασίας.

2099 1303 2190 1354 καὶ
2221 1299 2523 1370 διεσπάσθη
2564 1306 2592 1352 ό
2615 1301 2810 1370 δεσμὸς
2859 1300 2958 1369 τῆς
2992 1299 3212 1369 ἀγάπης
3237 1342 3252 1364 ,
3288 1301 3562 1372 συνετρίϐη
3593 1301 3646 1353 τό

2099 1392 2380 1461 στήριγμα
2441 1391 2548 1444 τῶν
2608 1390 2975 1444 ἀσθενούντων
3006 1405 3018 1418 ⁸
3049 1391 3140 1442 ἐπὶ
3167 1389 3259 1442 σοῦ
3294 1391 3440 1460 ἡμῖν,
3471 1391 3653 1460 Πάτερ,

2097 1482 2190 1534 καὶ
2221 1481 2315 1548 νὺξ
2339 1482 2459 1535 ἀντὶ
2479 1481 2694 1552 ἡμέρας
2724 1477 2811 1552 ἦν,
2839 1483 2896 1534 ἐν
2919 1481 3134 1551 καθαρᾷ
3159 1479 3270 1550 ζωῇ
3308 1481 3653 1551 φωτιζομένη.

2097 1571 2192 1626 νῦν
2240 1571 2296 1625 δέ
2345 1574 2505 1643 καὶὴ
2552 1571 2735 1644 ἡμέρα
2783 1572 2921 1642 πρὸς
2973 1573 3138 1640 {eam}
3171 1572 3656 1642 ἀποστραφήσεται,

2110 1662 2250 1716 Ἀλλ’
2277 1663 2334 1716 οὗ
2395 1665 2500 1734 χρὴ
2546 1667 2657 1726 τοῖς
2701 1665 2921 1734 θρήνοις
2963 1663 3057 1715 ἐπὶ
3097 1661 3257 1716 πλέον
3304 1661 3658 1732 ἐναπομένειν,

2027 1751 2074 1808 Β
2103 1753 2195 1805 καὶ
2225 1753 2460 1824 μάλιστα
2514 1753 2622 1824 πρδ
2667 1753 2762 1806 τοῦ
2821 1751 3050 1824 καιροῦ,
3079 1751 3167 1805 ἵνα
3222 1751 3304 1822 μὴ
3353 1750 3658 1820 ἀκούσωμεν

495 1949 586 2006 94.
611 1947 750 2004 Cum
783 1955 956 2002 totum
982 1945 1152 2002 divini
1170 1943 1331 2002 cilicii
1355 1944 1606 2000 ordinem
1621 1943 1797 1997 bonus
1818 1949 2002 2012 pastor

421 2043 725 2112 explesset,
757 2049 812 2096 et
834 2039 1096 2094 universo
1129 2037 1276 2094 ﬁdeli
1319 2036 1524 2106 pqmlo
1587 2039 1998 2088 sacrosanctum

426 2131 644 2188 Domini
667 2145 868 2200 corpus
884 2128 1282 2193 distribuisset,
1299 2128 1356 2182 in
1379 2134 1630 2182 sanctum
1653 2123 1996 2195 episcopium

427 2237 708 2286 reversus,
738 2221 1100 2277 refectionem
1150 2217 1419 2274 modicam
1463 2231 1587 2272 cum
1619 2215 1796 2271 solitis
1841 2213 2000 2267 fami-

435 2313 673 2368 liaribus
702 2311 940 2380 sumpsit
961 2308 1234 2364 hilariter.
1262 2307 1393 2362 Post
1417 2307 1602 2362 cibum
1639 2315 1821 2362 autem
1875 2305 2001 2360 bre-

427 2421 664 2476 vemque
697 2405 964 2476 quietem,
1011 2417 1136 2458 cum
1171 2399 1437 2472 Lyelmiei
1475 2407 1692 2468 tempus
1749 2397 1998 2460 instaret,

436 2496 774 2563 deberetque
809 2493 999 2548 adesse
1023 2491 1202 2546 ollicio
1231 2489 1586 2558 vespertino;
1627 2497 1798 2542 totum
1853 2487 2002 2541 illius

426 2597 634 2652 corpus
659 2578 1184 2648 invasitcpntractio
1213 2576 1460 2646 quaedam
1499 2595 1510 2629 :
1545 2575 1898 2644 quamobrem
1935 2590 2000 2628 ex

431 2670 866 2742 religiosissimis
897 2671 1017 2740 ejus
1051 2668 1270 2722 clericis
1290 2665 1511 2736 quidam
1543 2667 1909 2726 obsecrabant
1939 2675 2001 2722 ut

432 2756 768 2834 quiesceret.
805 2759 911 2816 Sed
949 2761 1116 2814 nullis
1165 2758 1428 2830 precibus
1480 2757 1665 2811 induci
1713 2755 1891 2827 potuit
1943 2763 2002 2810 ut

432 2853 501 2909 ad
553 2851 793 2908 ollicium
845 2850 1222 2921 vespertinum
1271 2863 1384 2902 non
1438 2847 1744 2902 accederet.
1802 2847 2001 2901 Sancto

433 2945 600 3016 igitur
657 2943 866 3015 Spiritu
930 2941 1291 2997 confirmatus
1343 2940 1400 2994 in
1471 2939 1845 3006 yenerandam
1903 2937 2000 2993 Dei

429 3036 732 3092 Ecclesiam
761 3051 819 3090 se
847 3033 1102 3098 contulit,
1138 3031 1231 3086 ubi
1263 3031 1416 3086 illum
1438 3032 1791 3102 exspectabat
1820 3047 1997 3102 popu-

431 3129 552 3194 lus;
585 3127 714 3196 quia
749 3139 942 3181 omnes
969 3125 1144 3188 illum,
1174 3139 1389 3193 semper
1419 3123 1641 3194 quidem
1669 3131 1796 3178 tunc
1814 3133 1995 3178 tamen

442 3219 792 3290 potissimum
855 3215 1120 3285 optabant
1159 3215 1388 3280 intueri,
1415 3214 1636 3283 quando
1669 3215 1998 3283 procedebat

432 3305 792 3378 apostolicam
831 3303 1058 3358 indutus
1085 3303 1299 3357 stolam.
1325 3302 1384 3356 ln
1400 3317 1506 3371 qua
1522 3317 1646 3356 cum
1671 3301 2004 3371 multiplices

431 3397 762 3467 vespertinae
785 3395 1020 3464 liturgire
1043 3407 1236 3463 preces
1261 3393 1612 3462 explevisset,
1666 3409 1881 3447 sacrum
1907 3393 1990 3447 al-

445 3498 562 3544 tare
585 3489 890 3552 osculatus,
924 3486 1167 3540 ﬁdelium
1193 3497 1411 3555 gregem
1437 3485 1840 3540 commendavit
1867 3486 1998 3540 Deo.

432 3579 590 3634 Tunc
616 3593 684 3632 ex
719 3579 879 3632 altari
909 3575 1110 3632 visibili
1138 3573 1376 3630 velutad
1399 3573 1779 3638 iuvisibile,de
1803 3575 2007 3630 virtute

434 3672 492 3726 in
514 3670 776 3726 virtutem
811 3667 1195 3740 progrediens,
1229 3667 1430 3722 clausis
1470 3666 1723 3720 sensibus
1745 3673 1799 3720 et
1819 3668 2010 3736 procul

433 3779 463 3818 a
495 3763 698 3834 pepulo
727 3777 925 3832 preces
992 3759 1226 3830 peregit.
1269 3759 1543 3813 Reversus
1587 3757 1861 3813 deindein
1886 3757 2004 3828 epi-

427 3855 710 3925 -sc0pium,
741 3854 800 3906 in
847 3851 1050 3906 lectulo
1101 3865 1202 3906 suo
1248 3848 1532 3912 decubuit,
1581 3848 2002 3918 vehementique

433 3943 574 3998 febri
601 3943 748 3997 circa
773 3939 1010 3996 mediam
1063 3945 1286 3993 noctem
1336 3945 1629 4006 correptus
1660 3945 1780 4001 est;
1840 3945 2002 4006 atque

433 4036 507 4089 ita
539 4035 744 4088 mansit
776 4033 897 4088 dies
947 4040 1158 4100 septem
1207 4029 1550 4084 orationibus
1603 4029 1879 4084 continuis
1924 4028 2008 4081 in-

433 4125 720 4188 cumbens,
752 4139 922 4194 seque
949 4124 1105 4193 signo
1139 4121 1323 4176 crucis
1351 4121 1627 4176 muniens.
1971 4114 1978 4118 ’

2027 3095 2070 3152 C

2101 1844 2232 1914 παρ’
2266 1843 2454 1898 αὐτοῦ’
2496 1865 2514 1897 ι
2555 1845 2648 1916 Μὴ
2684 1845 2900 1898 κλαίετε
2935 1845 3021 1897 ἐπ’
3045 1843 3166 1914 ἐμέ.
3201 1863 3220 1894 ι

2101 1941 2131 1996 ἱ.
2172 1935 2272 2002 ιιδκ
2305 1935 2609 2006 Πληριὶισας
2641 1929 2734 1989 οὗν
2763 1935 2859 2005 τὴν
2903 1935 3056 1988 θείαν
3085 1935 3264 1988 πᾶσαν
3295 1933 3668 2004 λειτουργίανό

2109 2025 2316 2098 ποιμὴν
2341 2029 2370 2080 ό
2399 2027 2582 2091 καλὸς,
2607 2027 2869 2098 μεταδοὺς
2892 2026 2985 2079 καὶ
3011 2024 3103 2078 τοῦ
3133 2025 3413 2097 ἀκράντου
3443 2028 3532 2080 καὶ
3548 2025 3670 2090 ζωο-

2100 2117 2254 2172 ποιοῦ
2309 2117 2559 2190 σώματος
2609 2117 2704 2174 τοῦ
2775 2118 2980 2190 Κυρίου
3028 2117 3185 2189 ήμῶν
3231 2118 3411 2190 Ἰησοῦ
3451 2118 3668 2188 Χριστοῦ

2101 2215 2263 2268 παντῖ⁹
2283 2213 2360 2286 τῷ
2388 2215 2564 2286 πιστῷ
2585 2214 2722 2286 λαῷ,
2753 2215 2992 2270 ἀνελθὼν
3031 2217 3109 2280 εἰς
3145 2215 3204 2270 τὸ
3237 2215 3445 2284 εὗαγές
3467 2217 3675 2270 ἐπισκοο

2101 2308 2273 2372 πεῖον,
2305 2306 2598 2377 μετέλαϐεν
2645 2307 2871 2378 μετρίας
2901 2307 3296 2378 τροφῆς,μετὰ
3319 2307 3426 2360 τῶν
3451 2307 3675 2377 συνήθως

2100 2395 2246 2467 αύτῷ
2279 2397 2724 2468 συνεστιωμένων
2759 2397 2969 2469 φαιδρῷ
2995 2398 3074 2468 τῷ
3115 2398 3424 2468 προσώπῳ.
3453 2397 3603 2452 Μετὰ
3627 2397 3678 2450 δὲ

2098 2487 2194 2560 τὴν
2238 2489 2444 2558 τροφήν
2501 2489 2694 2559 μικρὸν
2735 2487 3098 2560 καθευδήσας,
3133 2490 3336 2560 ἐπειδὴ
3353 2491 3571 2558 γέγονεν
3589 2489 3679 2542 τοῦ

2100 2583 2376 2652 Λυχνικοῦ
2405 2585 2618 2653 καιρὸς,
2650 2583 2743 2637 καὶ
2771 2585 2835 2656 δὴ
2881 2585 3188 2651 ὀφείλοντος
3215 2587 3412 2640 ,αὑτοῦ
3453 2602 3682 2655 παραγε-

2099 2675 2284 2738 νέσθαι
2333 2676 2416 2739 είς
2459 2676 2555 2744 τὴν
2617 2677 2906 2746 ἐσπερινὴν
2962 2676 3348 2746 λειτουργίαν,
3383 2677 3578 2748 ἤρξατό
3603 2693 3679 2739 τις

2104 2765 2335 2836 συστολὴ
2366 2766 2611 2834 γίνεσθαι
2639 2766 2762 2819 καθ’
2797 2765 2920 2819 ὅλου
2947 2765 3044 2820 τοῦ
3085 2767 3345 2838 σώματος
3375 2768 3560 2822 αὑτοῦ.
3587 2768 3678 2819 Τι-

2099 2859 2186 2920 νές
2211 2857 2268 2911 δέ
2292 2857 2398 2911 τῶν
2425 2858 2836 2912 εὐλαϐεστάτων
2867 2857 3144 2928 κληρικῶν
3186 2861 3541 2930 παρεκάλουν
3581 2860 3674 2912 αύ-

2099 2948 2189 3000 τὸν
2221 2949 2415 3018 μιὶιρδν
2473 2947 2746 3018 ἀνεθῆναι.
2777 2946 2955 3000 Πολλὰ
2999 2948 3056 3002 δὲ
3099 2947 3524 3019 δυσωπήσαντες
3545 2989 3560 3012 ,
3585 2949 3682 3006 οὐκ

2105 3039 2332 3110 ἰσχυσαν
2381 3041 2564 3090 πεῖσαι
2631 3037 2704 3108 μὴ
2765 3037 3045 3091 κατελθεῖν
3079 3039 3246 3093 αῦτλν
3287 3043 3369 3104 εἰς
3406 3042 3502 3110 τὴν
3532 3042 3684 3094 som-

2109 3129 2258 3200 ρινὴν
2285 3129 2648 3198 λειτουργίαν.
2694 3129 3118 3197 Ἐνδυναμωθεὶς
3139 3129 3200 3183 δὲ
3245 3131 3354 3184 ὑπὸ
3393 3133 3490 3184 τοῦ
3536 3130 3684 3198 ἁγίου

2107 3219 2442 3289 Πνεύματος,
2474 3221 2804 3290 παρεγένετο
2829 3223 2908 3284 είς
2948 3223 3050 3291 τὴν
3079 3222 3244 3290 ἁγίαν
3282 3223 3379 3276 τοῦ
3437 3223 3571 3277 Θεοῦ
3605 3223 3690 3274 ἐκ·

2109 3311 2338 3380 κλησίαν
2359 3327 2371 3342 ·
2405 3307 2471 3381 ἦν
2519 3311 2629 3382 γὰρ
2673 3313 2767 3365 καὶ
2793 3313 2820 3364 ό
2875 3313 3000 3374 λαὸς
3045 3315 3370 3384 προσδοκῶν
3392 3315 3577 3378 αὐτόν,
3609 3313 3687 3366 ὅτι

2112 3401 2311 3463 πάντες
2339 3399 2649 3471 ἐπεθύμουν
2681 3401 2898 3472 βλέπειν
2924 3403 3110 3468 αὑτὸν,
3133 3405 3228 3456 ἀεὶ
3253 3405 3378 3476 μὲν,
3401 3405 3690 3472 ἐξαιρέτως

2110 3487 2166 3540 δέ
2191 3487 2287 3558 τὴν
2310 3489 2672 3560 ἁποστολικὴν
2695 3491 3045 3562 ἐνδεδυμένον
3077 3492 3277 3563 στολήν
3304 3509 3318 3524 ο
3356 3494 3479 3563 μεθ’
3507 3488 3576 3565 ἦς
3599 3491 3690 3545 καὶ
3719 3529 3726 3537 .

2110 3578 2403 3649 πληρώσας
2428 3579 2526 3644 τὰς
2556 3581 2923 3652 πολυτρόπους
2963 3583 3264 3654 ἐσπερινὰς
3293 3584 3490 3654 εὐχὰς,
3515 3585 3686 3636 ἀσπα-

2113 3669 2344 3738 σάμενος
2366 3687 2425 3724 τε
2448 3669 2510 3732 τὸ
2540 3672 2692 3739 ἅγιον
2717 3657 3100 3744 θυσιαστήριον
3121 3714 3135 3738 ,
3169 3673 3294 3743 ἅμα
3339 3675 3396 3728 δέ
3431 3677 3526 3727 καὶ
3575 3691 3694 3726 συνι-

2108 3761 2406 3830 ταξάμενος
2436 3762 2496 3814 τὸ
2521 3763 2712 3816 πιστὸν
2755 3763 3004 3834 ποίμνιον
3035 3763 3114 3834 τῷ
3143 3763 3298 3836 Θεῷ,
3325 3765 3556 3836 ἐξῆλθεν
3594 3763 3693 3834 μὲν

2109 3850 2201 3903 τοῦ
2231 3852 2506 3922 ὁρωμένου
2529 3853 2936 3924 θυσιαστηρίου,
2961 3855 3019 3920 ἐξ
3041 3855 3216 3925 αὐτῆς
3243 3855 3305 3908 δὲ
3336 3857 3543 3927 τρόπον
3577 3854 3697 3908 τινὰ

2112 3941 2477 4014 παρεπέμφθη
2531 3943 2608 4010 τῷ
2645 3945 2814 4015 νοερῷ
2862 3944 3262 4016 θυσιαστηρίῳ,
3299 3949 3367 4001 ἐκ
3419 3947 3700 4015 δυνάμεως

2111 4030 2190 4092 είς
2211 4028 2458 4100 δύναμιν,
2487 4032 2544 4084 ἐν
2585 4025 2628 4098 ᾧ
2659 4032 2758 4095 τὰς
2777 4032 2940 4102 εὐχὰς
2975 4033 3251 4098 ἐπετέλει,
3291 4035 3454 4106 μύων
3485 4037 3574 4087 ἀεὶ
3599 4034 3698 4096 τὰς

2113 4119 2415 4190 αἰσθήσεις,
2446 4121 2700 4191 ἐκδημῶν
2726 4123 2843 4186 ὅλος
2893 4122 3277 4193 ἐξιστάμενος.
3317 4123 3590 4180 Ἀνελθὼν
3613 4119 3703 4176 οὖν

435 4218 516 4280 εἰς
559 4219 622 4270 τδ
654 4217 849 4283 εὐαγὲς
893 4215 1263 4276 ἐπισκοπεϊον,
1291 4212 1549 4286 ἀνεκλίθη
1579 4213 1660 4275 είς
1719 4212 1820 4282 τὴν
1854 4211 2052 4266 ἑαυτοῦ
2085 4213 2297 4284 κοίτην,
2366 4214 2461 4266 καὶ
2510 4213 2640 4284 περὶ
2693 4215 2753 4267 τὸ
2806 4216 3156 4284 μεσονύκτιον
3213 4217 3512 4272 εἰσέϐαλεν
3557 4215 3706 4284 αὐτῷ

437 4307 732 4376 σφοδρῶςὴ
762 4306 935 4368 νόσος.
961 4305 1216 4374 Ἔμεινεν
1261 4303 1317 4356 δὲ
1373 4303 1544 4365 οὕτως
1579 4305 1676 4367 τὰς
1698 4303 1838 4358 ἑπτὰ
1873 4301 2108 4374 ἡμέρας,
2151 4304 2319 4374 μηδὲν
2377 4303 2504 4358 ἄλλο
2567 4305 2736 4358 ποιῶν
2765 4307 2796 4376 ἢ
2827 4307 3101 4376 πράττων,
3166 4310 3220 4362 εἰ
3295 4311 3376 4381 μὴ
3427 4309 3588 4380 μόνον
3619 4307 3710 4361 suo

438 4398 685 4468 χόμενος,
707 4395 803 4448 καὶ
823 4395 1179 4457 ἀδιαλείπτως
1201 4395 1799 4467 κατασφραγιζόμενος.

499 4487 587 4541 95.
611 4485 838 4542 Interim
861 4485 928 4540 ad
955 4485 1362 4556 religiosissimi
1387 4487 1740 4556 imperatoris
1785 4485 2000 4542 Tiberii

2177 4485 2281 4552 ιιε’.
2327 4486 2478 4539 Ἐπεὶ
2507 4487 2688 4540 τοίνυν
2711 4487 3038 4552 ἐπετείνετο,
3056 4488 3122 4542 τὰ
3153 4492 3262 4561 τῆς
3295 4491 3486 4554 νόσου,
3577 4489 3712 4561 μᾶλ-

435 4591 600 4634 aures
624 4577 898 4646 pervenit,
923 4577 1134 4632 intendi
1159 4578 1273 4632 vim
1303 4577 1480 4633 morbi
1508 4595 1522 4631 :
1551 4578 1646 4648 qui
1681 4593 1746 4634 ea
1760 4594 1821 4633 re
1847 4578 2003 4634 valde

435 4668 809 4738 perturbatus,
847 4667 1178 4722 intermissis
1219 4667 1480 4723 omnibus
1519 4667 1778 4722 civilibus
1829 4667 2000 4732 curis,

435 4757 506 4812 de
531 4756 626 4812 illo
649 4756 814 4812 unice
847 4755 1143 4822 sollicitus,
1177 4757 1326 4812 misit
1357 4757 1842 4828 praestantissimos
1889 4773 2003 4813 rne-

433 4849 608 4914 dicos,
663 4848 760 4918 qui
809 4855 1070 4904 curarent
1120 4863 1270 4913 eum,
1322 4863 1494 4919 aquo
1533 4850 1694 4905 multi
1751 4849 2000 4919 variique

431 4937 618 4996 orbi
671 4938 850 4993 curati
882 4937 1122 4995 fuerant.
1155 4939 1223 4994 Et
1269 4939 1327 4993 hi
1359 4940 1589 5010 quidem
1629 4941 1754 5010 plus
1781 4955 1852 4996 ex
1902 4941 2002 4994 do—

433 5030 610 5085 ctrina
637 5030 760 5100 ejus
799 5038 1172 5100 pereeperunt
1200 5031 1415 5098 auxilii,
1468 5047 1633 5101 quam
1667 5031 1770 5101 ipsi
1803 5041 2002 5086 contu-

433 5121 650 5178 lerunt:
677 5121 949 5192 siquidem
975 5122 1190 5177 nullum
1221 5123 1328 5178 sibi
1371 5139 1564 5192 passus
1609 5133 1696 5178 est
1745 5123 2000 5178 adhiberi

433 5211 918 5279 medicamentum,
947 5213 1204 5270 dieensu
1227 5213 1566 5284 Praeceptum
1592 5214 1796 5284 posuit,
1815 5223 1872 5269 et
1891 5229 2002 5268 non

433 5305 849 5374 prateribit'":
879 5325 899 5359 ι
933 5305 1210 5361 medicum
1238 5306 1419 5362 habeo
1451 5305 1644 5371 alium,
1669 5307 1766 5375 qui
1794 5321 1880 5360 me
1903 5321 2006 5359 suo

437 5392 704 5449 arbitratu
765 5396 1000 5452 curabit.
1053 5396 1152 5452 llis
1185 5397 1418 5462 auditis,
1461 5397 1758 5466 imperator
1809 5411 2006 5466 magno

437 5498 563 5539 cum
591 5483 866 5542 desiderio
899 5499 956 5544 et
1001 5488 1108 5568 lide
1138 5489 1328 5544 invisit
1347 5489 1568 5557 beatum
1598 5489 1797 5552 virum,
1831 5488 2006 5557 primo

507 5641 552 5676 “
585 5639 717 5696 Luc.
743 5655 891 5704 nm,
922 5643 1016 5702 28.
1103 5643 1170 5675 ⁹¹⁶
1195 5645 1338 5699 Psal.
1367 5660 1581 5710 esum,
1602 5646 1672 5702 6.

2103 4575 2194 4629 λον
2251 4579 2425 4629 εἰπεῖν
2477 4577 2544 4630 τὰ
2579 4577 2677 4646 τῆς
2710 4577 3050 4648 μεταθέσεως
3093 4579 3296 4643 αὐτοῦ,
3333 4579 3590 4652 ἐγνώσθη
3619 4581 3711 4634 καὶ

2105 4667 2184 4738 τῷ
2238 4667 2454 4720 εὐσεϐεῖ
2517 4667 2727 4738 βασιλεῖ
2774 4669 3046 4740 Τιϐερίῳσ
3081 4669 3138 4732 ὃς
3181 4671 3288 4724 καὶ
3326 4673 3592 4741 μεγάλως
3619 4689 3712 4726 τα-

2112 4756 2330 4827 ραχθεὶς
2363 4759 2455 4811 ἐπὶ
2484 4759 2562 4830 τῷ
2584 4759 2874 4830 συμϐάντι,
2893 4763 3074 4824 πάσας
3100 4762 3205 4824 τὰς
3233 4764 3547 4827 πολιτικὰς
3579 4766 3714 4816 ἀπο-

2111 4847 2337 4918 θέμενος
2390 4849 2696 4920 φροντίδας,
2725 4851 2856 4922 περὶ
2911 4853 3076 4906 αὐτοῦ
3139 4852 3316 4923 μόνου
3363 4854 3710 4927 ἐφρόντιζεν.

2112 4938 2335 5008 πέμψας
2367 4939 2459 4992 καὶ
2503 4940 2612 4993 τῶν
2638 4941 2838 5012 ἰατρῶν
2875 4943 3002 5006 τοὺς
3050 4943 3352 5014 πρώτους,
3391 4947 3714 5016 ὀφείλοντας

2115 5029 2394 5101 ἰατρεῦσαι
2423 5031 2512 5084 τὸν
2538 5033 2708 5087 πολλὰ
2736 5035 2830 5087 καὶ
2851 5035 3083 5106 διάφορα
3109 5036 3268 5106 πάθη
3307 5041 3638 5107 ίασάμενον·
3664 5033 3712 5088 οἶ

2112 5123 2206 5176 καὶ
2240 5123 2436 5192 μᾶλλον
2465 5123 2772 5192 ὠφελοῦντο
2807 5125 2896 5178 διὰ
2925 5127 3024 5195 τῆς
3049 5125 3222 5178 αὐτοῦ
3249 5127 3496 5198 διδαχῆς
3519 5169 3534 5190 ,
3559 5131 3713 5198 εἰπερ

2110 5214 2210 5265 οὐκ
2267 5213 2510 5282 ίάτρευον
2573 5213 2738 5267 αὑτοῦ
2789 5215 2852 5267 τὸ
2883 5213 3044 5284 σῶμα
3071 5231 3086 5247 ο
3117 5216 3182 5268 οὐ
3219 5217 3339 5286 γὰρ
3363 5217 3638 5288 ἠνέσχετό
3663 5231 3712 5268 τι

2105 5303 2346 5372 ἰατρικὸν
2365 5305 2713 5374 προσαγάγαι
2739 5304 2818 5375 τῷ
2846 5303 3075 5376 σώματι,
3095 5305 3215 5358 ἀλλ’
3239 5307 3468 5376 ἒ-λεγεν·
3495 5329 3514 5360 ι
3541 5308 3718 5376 Πρόσ-

2102 5412 2288 5468 ταγμα
2343 5395 2512 5464 ἔθετο,
2555 5401 2648 5451 καὶ
2689 5399 2751 5451 ού
2795 5398 3218 5468 παρελεύσεται·
3263 5419 3282 5451 ι
3329 5401 3452 5472 ἔχω
3513 5401 3714 5472 ἰατρόν,

2105 5487 2198 5539 καὶ
2263 5487 2337 5552 ὡς
2391 5487 2456 5542 ἂν
2511 5488 2657 5560 αύτῷ
2702 5490 2910 5561 δοκοίη,
2979 5488 3290 5562 θεραπεύει
3373 5511 3470 5562 με.
3532 5489 3722 5546 Ταῦτα
