3940 6202
359 322 502 386 2Ἶ83

1449 314 1508 376 S.
1547 311 1906 373 EU'l'YCIIll
1949 311 2451 372 PATRIARCHIE
2492 313 2597 375 ΟΡ.

3487 313 3628 378 2384

361 447 447 492 ret
481 431 771 489 divinioris
793 430 991 484 anima
1012 443 1153 498 opus
1178 443 1300 482 esse
1329 425 1502 497 ipsam
1525 426 1671 480 illam
1699 423 1944 493 corporis

2051 423 2232 495 ἐκείνη
2265 423 2410 496 ψυχὴ
2436 425 2496 478 τὸ
2525 423 2723 494 ἑαυτῆς
2756 423 2913 495 σῶμα
2939 423 3328 495 προετύπωσεν
3354 439 3367 454 ⁶
3396 424 3551 491 ἀλλὰ,
3573 426 3628 478 τί

353 526 618 582 exstincti
652 523 1137 593 compositionem.
1177 519 1282 575 Sed
1317 519 1452 589 quid
1499 516 1698 572 deinde
1747 531 1938 571 consc-

360 630 549 674 cutum
584 619 656 671 sit
692 616 997 670 videamus.

429 709 521 763 97.
555 708 799 762 Rursum
859 703 1116 774 apparuit
1173 700 1370 756 similis
1421 699 1648 765 Basilio,
1704 698 1771 752 de
1829 713 1938 768 quo
2011 759 2019 765 ,

359 816 592 870 magnus
637 797 938 867 Gregorius
994 794 1104 847 ait:
1159 791 1296 846 Cum
1349 791 1622 856 jacturam
1675 788 1940 844 sensisset

361 892 577 955 civitas,
615 888 919 958 orphanam
951 901 1009 940 se
1042 884 1369 938 derelictam
1394 890 1613 950 questa,
1665 879 1937 934 moriendi

363 981 746 1037 necessitatem
796 987 1057 1046 tanquam
1110 973 1458 1047 tyrannidem
1520 972 1824 1037 incusavit,
1883 981 1941 1026 et

361 1073 600 1128 animam
621 1111 636 1136 ,
664 1071 814 1125 velut
838 1069 882 1122 si
908 1067 1164 1122 manibus
1199 1075 1295 1120 aut
1340 1065 1602 1135 precibus
1630 1072 1816 1134 posset
1849 1078 1936 1118 re-

364 1163 551 1228 tineri,
580 1159 1052 1230 comprehendere
1085 1156 1424 1226 concupivit.
1452 1155 1722 1211 Omnibus
1755 1162 1940 1208 autem

363 1257 432 1312 ad
462 1257 626 1311 funus
650 1254 874 1325 paratis,
909 1261 1134 1306 sanctus
1179 1250 1294 1319 ipse
1333 1247 1590 1303 manibus
1623 1254 1938 1302 sanctorum

363 1346 617 1400 sublatus
647 1343 988 1415 gestabatur,
1029 1339 1261 1411 singulis
1304 1337 1390 1392 vel
1430 1352 1585 1390 oram
1622 1334 1940 1390 vestimenti

362 1438 450 1491 vel
479 1452 695 1491 sacrum
721 1434 985 1488 feretrum
1030 1431 1350 1501 contingere
1374 1426 1760 1499 gestientibus.
1797 1425 1940 1492 Quid

363 1535 515 1589 enim
547 1547 780 1603 corpore
825 1532 926 1586 illo
969 1529 1173 1598 purius
1210 1535 1305 1582 aut
1362 1525 1653 1582 sanctius?
1688 1524 1827 1580 Aliis
1871 1523 1941 1578 ad
2002 1586 2005 1589 ,

364 1645 462 1684 eos
519 1629 614 1698 qui
674 1625 973 1696 portabant
1027 1621 1496 1692 appropinquare,
1551 1619 1676 1674 aliis
1713 1626 1941 1688 aspectu

367 1727 601 1782 tantum,
637 1716 795 1786 quasi
851 1729 920 1769 ex
957 1728 1026 1768 eo
1060 1727 1281 1782 quoque
1337 1710 1550 1765 utilitas
1597 1708 1939 1780 proveniret,

2041 517 2228 572 λοιπὸν
2255 519 2500 586 γέγονεν,
2527 517 2621 570 ἴδω
2628 533 2691 588 με
2702 536 2750 570 ν.

2110 692 2216 760 ης.
2252 693 2422 748 Πάλιν
2450 693 2732 758 Βασίλειος
2757 693 3006 764 δεύτερος
3030 691 3338 762 ἀνεδείχθη·
3362 693 3486 746 τάδε
3514 695 3622 766 γὲρ

2056 788 2262 858 ἱστορεῖ
2318 787 2446 858 περὶ
2502 785 2666 840 αὐτοῦ
2712 789 2739 840 ὁ
2789 786 2964 855 μέγας
3021 785 3358 856 Γρηγόριος·
3401 785 3485 849 Ὠς
3519 786 3615 842 οὖν

2045 878 2244 950 ᾔσθετο
2286 879 2383 949 τὴν
2408 878 2611 948 ζημίαν
2649 881 2681 949 ἡ
2729 878 2904 944 πόλις,
2938 876 3175 948 ὠδύρετο
3209 879 3310 948 τὴν
3337 879 3613 949 ὀρφανίαν,

2047 969 2264 1023 ἐπένθει
2298 969 2396 1040 τὴν
2453 969 2649 1038 ἑαυτῆς
2703 968 3092 1040 ἐγκατάληψιν,
3123 969 3222 1039 τῆς
3256 969 3512 1041 ἐκδημίας
3544 971 3617 1035 ὡς

2054 1063 2367 1134 τυραννίδος
2407 1065 2813 1134 κατεμέμφετο,
2875 1063 2968 1117 καὶ
3013 1065 3111 1134 τῆς
3161 1063 3340 1134 ψυχῆς
3395 1063 3623 1120 ἐπόθουν

2042 1153 2305 1208 λαϐέσθαι
2333 1153 2409 1217 ὡς
2435 1153 2710 1224 καθεκτῆς
2733 1153 3153 1224 τυγχανούσηςῆ
3183 1156 3371 1226 χερσὶν
3387 1155 3419 1226 ἢ
3437 1157 3627 1227 δεήσε-

2044 1262 2148 1299 σιν.
2167 1245 2320 1298 Ἐπεὶ
2337 1243 2428 1298 οὖν
2451 1246 2624 1298 πάντα
2654 1245 2784 1315 ἡμῖν
2797 1246 2864 1300 τά
2881 1249 2938 1298 ὲν
2961 1249 3026 1316 τῇ
3045 1246 3237 1317 κηδείᾳ.
3263 1247 3629 1317 νενομισμένα

2046 1335 2398 1406 πεπλήρωτο,
2428 1337 2822 1407 προεκομίζετο
2860 1335 2960 1406 μὲν
3001 1339 3028 1389 ὁ
3062 1338 3216 1404 ἅγιος
3246 1338 3432 1408 χερσὶν
3465 1338 3630 1392 ὁσίων

2045 1426 2368 1497 ὑψούμενος·
2401 1427 2601 1498 σπουδὴ
2627 1427 2683 1480 δὲ
2710 1422 2778 1498 ἦν
2807 1427 3025 1498 ἑκάστῳ
3049 1427 3126 1497 τῷ
3179 1428 3279 1498 μὲν
3313 1430 3627 1497 κρασπέδου

2043 1516 2324 1585 λαϐέσθαι,
2353 1518 2432 1588 τῷ
2462 1519 2518 1571 δὲ
2545 1517 2638 1572 τοῦ
2685 1518 2970 1589 ίεροφόρου
3000 1517 3295 1588 σκίμποδος
3347 1519 3634 1590 προσψαῦι

2046 1627 2134 1662 σαι
2163 1609 2344 1680 μόνον.
2373 1610 2438 1662 Τί
2464 1610 2572 1680 γὰρ
2604 1611 2812 1662 ἐκείνου
2842 1605 2936 1662 τοῦ
2955 1609 3209 1680 σώματος
3243 1608 3534 1682 ἱερὼιερόν
3565 1627 3632 1664 τε

2044 1701 2141 1754 κα¹ι
2168 1700 2556 1772 καθαρώτερον
2579 1717 2592 1764 ;
2616 1699 2738 1753 Τῶν
2761 1700 2820 1753 δὲ
2841 1699 2950 1754 τῶν
2991 1701 3232 1770 ἀγόντων
3281 1701 3455 1755 ἐλθεῖν
3489 1702 3633 1774 πλη⁸

364 1811 474 1866 frui
499 1777 854 1879 cupientibus
887 1777 1264 1876 plena-erant
1301 1803 1516 1874 platea,
1558 1777 1735 1873 plena
1763 1802 1940 1872 porti-

2051 1793 2182 1857 σίον,
2211 1793 2319 1846 τῶν
2345 1792 2401 1846 δὲ
2435 1795 2532 1864 τῆς
2561 1791 2688 1855 θέας
2747 1791 3053 1846 άπολαῦσαι
3084 1793 3274 1865 μόνης,
3304 1793 3379 1858 ῶς
3432 1811 3484 1847 τι
3527 1795 3636 1849 κά-

365 1917 502 1965 cus;
557 1913 747 1955 omnes
805 1896 1009 1954 adium
1071 1897 1368 1960 fenestrae,
1435 1894 1620 1949 omnia
1668 1900 1942 1948 tectorum

362 1992 586 2063 fastigia
667 2001 723 2046 et
771 1991 1038 2045 culmina.
1091 1986 1425 2044 Premebant
1506 2001 1565 2042 se
1611 1995 1804 2040 mutuo
1848 1984 1944 2055 qui

385 2084 745 2156 praibant,et
760 2081 855 2151 qui
884 2080 1574 2151 sequebantur,quiprope
1595 2089 1757 2134 erant
1779 2089 1834 2134 et
1851 2080 1945 2150 qui

379 2174 785 2239 adventabant;
808 2171 1243 2227 innumerabilis
1289 2170 1578 2226 hominum
1615 2173 1946 2242 promiscua

369 2267 550 2322 atatis
589 2281 654 2322 ac
693 2280 858 2320 sexus
896 2265 1216 2330 multitudo,
1274 2280 1400 2319 cum
1449 2280 1624 2334 caque
1671 2275 1948 2336 quotquot

369 2356 516 2426 apud
545 2356 933 2426 imperatorem
963 2363 1122 2410 erant
1143 2355 1198 2407 in
1221 2354 1394 2425 gradu
1423 2355 1606 2424 aliquo
1638 2354 1943 2425 dignitatis,

373 2448 650 2519 imprimis
682 2447 837 2500 urbis
871 2447 1188 2516 prafectus,
1221 2461 1415 2500 omnes
1444 2461 1716 2515 superans
1741 2447 1798 2500 in
1841 2447 1945 2500 viri

370 2539 552 2594 sancti
580 2543 774 2592 funere
799 2536 1178 2591 honestando:
1216 2535 1484 2590 adfuisset
1507 2536 1674 2590 etiam
1706 2536 1942 2606 impera-

373 2638 480 2695 tor,
517 2629 624 2682 nisi
653 2626 960 2682 curandum
982 2625 1086 2683 sibi
1123 2633 1392 2697 putasset,
1411 2641 1480 2680 ne
1532 2626 1657 2696 quis
1673 2626 1728 2679 in
1743 2626 1946 2696 populo

375 2720 646 2776 tumultus
674 2726 1026 2773 nasceretur:
1052 2719 1352 2772 adfuerunt
1376 2730 1562 2772 autem
1580 2733 1772 2773 omnes
1803 2718 1948 2772 mili-

373 2820 489 2865 tum
504 2817 556 2865 et
572 2803 919 2864 sacerdotum
933 2807 1156 2862 ordines
1173 2816 1337 2877 atque
1361 2807 1610 2862 infinitus
1633 2815 1810 2862 coetus
1830 2822 1949 2862 mo-

372 2902 700 2958 nacborum.
731 2898 1031 2954 Certabant
1061 2913 1185 2952 cum
1211 2897 1470 2952 lamentis
1487 2907 1680 2952 cantus
1702 2897 1949 2952 Psalmo-

376 3009 517 3058 rum,
544 2992 776 3048 cedebat
809 2989 1327 3062 perturbationibus
1368 2989 1723 3060 philosophia
1758 2991 1934 3045 nostri

374 3085 776 3148 cumexternis,
793 3082 1146 3140 externicum
1164 3083 1368 3138 nostris
1390 3083 1818 3149 contendebant,
1837 3082 1945 3138 utri
1976 3113 2020 3172 ο

375 3178 546 3248 magis
570 3177 808 3247 lugendo
834 3175 959 3245 plus
991 3174 1382 3229 consolationis
1401 3175 1772 3245 perciperent.
1809 3175 1948 3230 illud

373 3283 538 3338 porro
569 3256 898 3323 admirabile
923 3282 986 3321 ac
1016 3282 1158 3336 pene
1177 3266 1504 3322 incredibile
1536 3267 1660 3332 fuit,
1690 3269 1838 3337 quod
1882 3285 1949 3323 ex

376 3368 456 3413 tot
486 3359 771 3414 hominum
801 3358 1045 3413 millibus
1059 3372 1222 3412 nemo
1255 3357 1426 3414 ullum
1457 3359 1511 3412 in
1532 3359 1838 3428 periculum
1862 3361 1950 3414 in-

374 3449 533 3514 cidit,
594 3448 904 3521 prasertim
959 3463 1086 3504 cum
1115 3447 1272 3502 multi
1315 3448 1762 3519 deprimerentur
1831 3451 1950 3520 ipso

374 3538 618 3609 pondere
649 3553 822 3609 super
851 3553 911 3592 se
945 3538 1235 3604 stantium,
1266 3537 1483 3593 visendi
1507 3539 1759 3609 corporis
1781 3555 1946 3596 causa

375 3631 509 3702 (78).
547 3631 821 3686 Caterum
854 3641 913 3685 ut
940 3629 1208 3700 epitaphii
1237 3645 1388 3685 more
1419 3631 1615 3700 paucis
1643 3630 1946 3696 absolvam,

374 3724 610 3778 honorat
670 3723 978 3793 ingressum
1027 3723 1181 3794 ejus,
1233 3739 1515 3794 egressum
1568 3724 1947 3794 gloriosiorem

372 3815 695 3870 honorando
754 3815 939 3886 (Deus)
995 3814 1138 3884 (79),
1171 3816 1372 3870 multas
1428 3816 1652 3887 quidem
1703 3817 1948 3874 excitans

372 3908 662 3978 lacrymas,
697 3905 791 3960 scd
815 3907 1000 3976 plures
1027 3907 1348 3977 relinquens
1371 3908 1428 3962 in
1455 3908 1655 3964 animis
1675 3910 1944 3974 omnium,

372 3998 634 4067 majorem
671 3996 818 4051 circa
843 4012 972 4052 eum
1001 3995 1592 4067 gloriamintuentium.

443 4087 531 4141 98.
566 4087 720 4142 inter
748 4087 887 4152 hac,
919 4086 1108 4143 vitatis
1129 4104 1272 4160 agre
1307 4089 1636 4160 rapientium
1669 4089 1944 4156 manibus,

372 4177 584 4232 illatum
605 4187 690 4234 est
723 4194 924 4248 corpus
950 4179 1006 4232 in
1025 4177 1197 4235 adem
1213 4190 1532 4236 sanctorum
1546 4181 1917 4251 apostolorum
1931 4221 1944 4246 ,

387 4279 444 4325 et
503 4272 659 4341 juxta
717 4270 1125 4324 institutionem
1190 4280 1508 4327 sanctorum
1574 4274 1798 4328 Patrum
1845 4289 1944 4344 ap-

372 4351 700 4432 positus'est
729 4361 1061 4432 patriarchis
1104 4363 1440 4432 patriarcha,
1489 4365 1944 4434 praedicatoribus

375 4454 720 4524 pradieator,
775 4453 1390 4526 martyribus'martyr,
1441 4457 1704 4526 apostolis
1747 4473 1944 4513 eorum

373 4554 594 4602 secutus
623 4546 853 4617 vestigia
889 4564 901 4599 :
937 4547 1094 4616 cujus
1115 4547 1279 4601 etiam
1304 4562 1504 4618 corpus
1531 4548 1685 4618 juxta
1713 4564 1945 4619 corpora

369 4637 694 4692 eorumdcm
722 4647 1040 4692 sanctorum
1081 4639 1453 4707 apostolorum
1477 4639 1728 4705 Andrea,
1758 4640 1940 4704 Luca,

370 4729 670 4795 Timothei,
708 4730 1014 4784 secundum
1053 4729 1454 4800 longitudinem
1489 4742 1614 4785 ante
1661 4731 1832 4786 altare
1873 4732 1942 4786 ad

370 4823 545 4877 basim
566 4825 685 4892 ejus
701 4823 1159 4885 contumulatum,
1175 4823 1502 4892 requiescit:
1525 4823 1673 4878 hunc
1692 4824 1838 4877 enim
1858 4825 1944 4880 lo-

369 4931 496 4970 cum
518 4916 634 4985 ipse
659 4915 933 4971 sibivivus
952 4915 1288 4986 elegerat,ut
1310 4930 1514 4984 corpus
1546 4930 1710 4969 suum
1727 4933 1794 4971 ne
1814 4927 1939 4987 post

370 5007 586 5062 obitum
616 5007 842 5078 quidem
893 5007 1114 5077 longius
1143 5023 1173 5060 a
1210 5017 1398 5060 sancto
1431 5007 1588 5060 altari
1627 5009 1934 5066 recederet.

370 5101 510 5165 Quia
536 5114 660 5154 cum
683 5099 865 5153 anima
887 5098 1096 5153 calesti
1135 5098 1418 5152 assist/cret
1435 5099 1593 5153 altari
1610 5099 1794 5168 ibique
1815 5117 1941 5157 cum

370 5195 574 5248 sanctis
587 5191 796 5263 angelis
819 5199 876 5245 et
901 5191 1165 5260 apostolis
1185 5206 1283 5260 pro
1315 5190 1571 5245 universo
1597 5193 1799 5261 populo
1813 5210 1940 5263 pre-

441 5308 551 5378 (78)
595 5310 764 5364 Zinus
809 5309 993 5373 vertit,
1047 5308 1224 5362 «Cum
1281 5308 1465 5362 multa
1505 5307 1670 5363 etiam
1718 5309 1938 5367 femina

368 5381 859 5434 aceederentonus
895 5380 948 5433 in
998 5386 1156 5432 utero
1203 5387 1498 5447 gestantes.
1527 5398 1545 5429 ι
1590 5379 1696 5434 Sed
1749 5380 1936 5436 Graca

368 5448 518 5521 aliud
547 5465 795 5521 prorsus
837 5450 1104 5521 indicant,
1156 5448 1587 5521 qua’lc__sciliec_t
1627 5450 1678 5503 in
1740 5467 1936 5521 magno

375 5517 583 5641 vois‘endti
613 5520 798 5642 sitpdio
825 5520 940 5574 fieri
979 5521 1139 5583 solet,
1179 5527 1238 5571 ut
1286 5517 1518 5571 aliorum
1567 5519 1814 5575 humeris
1834 5517 1942 5576 ’ἰη-

367 5599 448 5640 Its
473 5602 540 5641 an
594 5604 623 5643 a
651 5605 709 5642 ιι.

439 5659 550 5722 (79)
609 5658 1049 5711 Uhscurissimus
1105 5658 1206 5712 hoc
1250 5659 1401 5721 loco,
1451 5657 1660 5722 fateor,
1728 5657 1948 5715 Gracns

365 5735 549 5782 textus
615 5736 716 5788 est,
795 5743 1067 5797 quemque
1129 5729 1213 5783 vix
1274 5728 1491 5783 demum
1565 5729 1747 5784 addita
1808 5745 1945 5786 voce

2057 1884 2244 1955 κείνης
2270 1884 2598 1956 πεμπούσης
2622 1884 2836 1954 ὄφελος,
2861 1884 3092 1956 πλήρεις
3122 1886 3177 1938 αἱ
3207 1885 3423 1956 ἀγοραὶ,
3453 1885 3654 1952 στοαὶ,-

2045 1975 2268 2045 διόροφα
2299 1976 2393 2031 καὶ
2422 1977 2686 2048 τριόροφα
2707 1975 2801 2030 καὶ
2827 1975 2898 2030 τὰ
2920 1976 3061 2046 ὑπὲρ
3091 1977 3300 2029 τούτων
3320 1991 3334 2006 ο
3369 1975 3632 2029 ἐπέκεινα

2045 2066 2154 2122 τῶν
2198 2069 2404 2122 ἐκεῖνον
2452 2068 2963 2140 παραπεμπόντων,
3015 2067 3468 2138 προηγουμένων,
3493 2069 3631 2119 ἑπο-

2050 2159 2253 2228 μένων,
2310 2157 2563 2230 ἀλλήλοις
2601 2158 3066 2230 ἐπεμϐαινόντων,
3131 2157 3390 2230 μυριάδες
3439 2156 3634 2226 γένους

2049 2252 2271 2317 παντὸς,
2323 2251 2509 2323 ἡλικία
2563 2254 2714 2308 πᾶσα
2758 2253 2810 2306 οί
2851 2252 2979 2323 περὶ
3021 2251 3112 2307 τὸν
3177 2251 3399 2321 βασιλέα
3424 2249 3632 2318 ἔνδοξοι

2048 2345 2270 2409 πάντες,
2302 2343 2597 2416 ἐξαιρέτως
2631 2344 2690 2399 δὲ
2723 2346 2751 2398 ὁ
2777 2344 2871 2398 τοῦ
2891 2345 3066 2416 δήμου
3095 2345 3195 2416 τὴν
3250 2343 3502 2408 εὐταξίαν
3533 2360 3636 2397 πε-

2048 2435 2416 2507 πιστευμένος
2474 2436 2743 2507 ἔπαρχος,
2808 2435 2868 2500 ὃς
2939 2436 3150 2499 πάντας
3205 2435 3627 2507 ὑπερενίκησεν,

2047 2529 2287 2599 τιμήσας
2325 2528 2775 2598 ὑπερϐαλλόντως
2803 2525 2898 2581 τοῦ
2951 2527 3109 2597 ἁγίου
3147 2527 3248 2597 τὴν
3274 2525 3634 2598 προπομπὴν,

2051 2620 2250 2689 μικροῦ
2280 2619 2390 2674 δεῖν
2420 2621 2515 2674 καὶ
2555 2621 2720 2684 αὐτὸς
2752 2622 2933 2691 παρῆν
2958 2621 2986 2673 ὁ
3023 2619 3296 2689 βασιλεὺς,
3329 2617 3446 2674 ἀλλ’
3494 2617 3636 2688 ἐφύο

2047 2711 2205 2775 λαξεν
2236 2712 2556 2783 πρεπόντως
2576 2711 2671 2766 τοῦ
2694 2711 2825 2767 λαοῦ
2858 2713 2920 2765 τὸ
2944 2712 3254 2782 ἁσύγχυτον
3280 2727 3292 2742 ·
3335 2713 3442 2764 πᾶν
3469 2709 3638 2779 γένος

2050 2807 2331 2877 στρατιᾶς,
2396 2808 2548 2861 πᾶσα
2595 2806 2747 2872 τάξις
2793 2807 3075 2878 ἱερατικῆς
3113 2805 3474 2876 λειτουργίας,
3537 2823 3640 2874 p.0-

2049 2897 2259 2952 ναστῶν
2283 2899 2486 2970 άπειρα
2517 2899 2718 2970 πλήθη,
2738 2899 3048 2971 ψαλμῳδίαι
3073 2899 3292 2970 θρήνοις
3318 2895 3654 2969 ύπερνικὼο·

2053 3004 2234 3059 μεναι,
2262 2989 2448 3042 καὶτὸ
2493 2990 2785 3060 φιλόσοφον
2836 2990 2915 3061 τῷ
2977 2989 3142 3043 πάθει
3193 2987 3635 3058 καταλυόμενονο

2051 3081 2200 3152 ἀγὼν
2235 3079 2302 3155 ἦν
2327 3085 2441 3148 τοῖς
2471 3083 2764 3155 ἡμετέροις
2820 3082 2959 3153 πρὸς
3003 3082 3130 3146 τοὺς
3185 3080 3365 3145 ἐκτὸς,
3400 3078 3640 3142 ἐκείνοις

2053 3175 2187 3248 πρὸς
2216 3177 2383 3247 ἡμᾶς,
2441 3177 2590 3239 ὅστις
2630 3175 2790 3229 πλέον
2842 3172 3327 3241 ἀποκλαυσάμενος
3368 3169 3642 3231 πλειόνως

2056 3270 2345 3338 μετασχεῖν
2369 3267 2468 3338 τῆς
2501 3267 2790 3336 ὡφελείας.
2831 3266 2943 3321 Kal.
2981 3265 3042 3318 τὸ
3069 3263 3376 3335 θαυμαστὸν
3405 3263 3500 3317 καὶ
3523 3279 3640 3316 πα-

2056 3359 2294 3430 ράδοξον,
2338 3359 2458 3414 ούδὲ
2478 3363 2557 3423 είς
2578 3359 2820 3414 κίνδυνόν
2841 3377 2922 3423 τις
2944 3359 3007 3411 ἐκ
3035 3357 3310 3430 μυριάδων
3359 3353 3640 3410 τοσούτων

2051 3451 2399 3521 περιέπεσεν,
2422 3452 2518 3506 καὶ
2543 3451 2719 3506 ταῦτά
2739 3469 2898 3505 τινων
2930 3448 3363 3521 κατενεχθέντων
3393 3447 3449 3499 ὲν
3475 3444 3634 3512 αύτῷ

2051 3544 2128 3616 τῷ
2165 3546 2320 3616 βάρει
2353 3545 2463 3598 τῶν
2496 3547 2552 3599 ὲν
2586 3545 2770 3608 αὐτοῖς
2801 3541 3143 3612 ἐφεστώτων,
3174 3541 3302 3604 θέας
3322 3539 3509 3594 ἕνεκεν
3535 3537 3638 3590 τοῦ

2049 3636 2199 3690 ὁσίου
2235 3635 2506 3707 σώματος.
2547 3636 2657 3690 Καὶ
2715 3635 2804 3688 ἴνα
2831 3635 2971 3688 εἴπω
3029 3630 3154 3686 τινὰ
3190 3631 3396 3702 βραχὺν
3440 3631 3644 3683 ἐπιτάο

2051 3747 2193 3800 φιον,
2226 3731 2358 3800 τιμᾷ
2382 3729 2448 3783 τὰ
2470 3727 2579 3781 τῶν
2604 3727 2847 3782 είσοδίων
2880 3727 3078 3798 (Θεὸς),
3107 3725 3282 3796 τιμῶν
3305 3724 3405 3795 τὴν
3450 3721 3641 3788 ἔξοδον

2051 3821 2530 3892 πολυτελεστέραν,
2578 3819 2750 3874 πολλὰ
2810 3820 2910 3890 μὲν
2961 3821 3190 3889 κινήσας
3247 3816 3457 3886 δάκρυα
3505 3816 3637 3886 μεί-

2050 3908 2182 3973 ζονα
2221 3910 2278 3963 δὲ
2308 3909 2417 3962 τῶν
2467 3909 2765 3980 ὁρωμένων
2821 3909 2920 3978 τὴν
2947 3907 3079 3978 περὶ
3114 3903 3279 3962 αὑτοῦ
3318 3905 3475 3970 δόξαν
3503 3907 3636 3968 ταῖς

2049 4000 2304 4054 ἁπάντων
2328 3986 2587 4064 διανοίαις
2609 3999 3025 4070 ὲναποθέμενος.

2129 4097 2241 4163 Ῑειηό
2275 4093 2446 4160 Μόγις
2472 4092 2528 4146 δὲ
2557 4093 2616 4144 τὸ
2645 4093 2806 4162 σῶμα
2830 4091 3110 4161 διαφυγὼν
3133 4092 3259 4154 τοὺς
3281 4087 3640 4162 ἁρπάζοντας

2049 4183 2336 4255 εἰσηνέχθη
2365 4185 2446 4248 είς
2475 4184 2564 4238 τὸν
2594 4179 2742 4237 οἷκον
2780 4183 2890 4235 τῶν
2927 4183 3096 4252 ἁγίων
3139 4181 3472 4245 ἀποστόλων,
3516 4196 3639 4231 πα-

2051 4276 2265 4348 ραδόσει
2301 4276 2411 4330 τῶν
2469 4277 2638 4345 ἁγίων
2699 4278 2962 4347 Πατέρων
3020 4275 3325 4347 προσετέθη
3362 4276 3473 4336 τοῖς
3517 4288 3634 4325 πα-

2046 4369 2334 4439 τριάρχαις
2380 4368 2455 4432 ὼς
2486 4370 2862 4440 Πατριάρχης,
2893 4371 3006 4432 τοῖς
3057 4366 3290 4438 κήρυξιν
3335 4368 3366 4436 ἡ
3416 4363 3636 4434 μεγάλη

2052 4460 2513 4532 φωνὴ,όμάρτυς
2557 4465 2668 4524 τοῖς
2719 4465 3013 4532 μάρτυσιν,
3072 4461 3186 4522 τοῖς
3233 4457 3553 4520 ἀποστόλοις
3606 4459 3641 4510 ὁ

2051 4555 2172 4606 κατ’
2209 4553 2352 4622 ῐχνος
2374 4553 2554 4607 αὐτῶν
2585 4552 2830 4623 βαδίσας,
2862 4546 2924 4604 οὗ
2962 4551 3055 4604 καὶ
3086 4550 3146 4602 τὸ
3207 4548 3364 4618 σῶμα
3399 4546 3532 4617 πρὸς
3561 4544 3637 4598 τά

2051 4644 2278 4715 σώματα
2328 4645 2435 4698 τῶν
2495 4644 2675 4698 αὐτῶν
2732 4645 2904 4712 ἁγίων
2981 4640 3294 4695 ἀποστόλων
3347 4637 3634 4706 Ἀνδρέου,

2048 4739 2254 4801 Λουκᾶ,
2288 4740 2381 4791 καὶ
2412 4737 2704 4808 Τιμοθέου,
2736 4737 2878 4790 κατὰ
2900 4735 2960 4788 τὸ
2991 4735 3164 4806 μῆκος
3191 4729 3503 4808 ἔμπροσθεν
3530 4727 3635 4780 τοῦ

2049 4829 2206 4898 ἁγίου
2241 4830 2652 4900 θυσιαστηρίου,
2692 4833 2772 4892 εἰς
2801 4828 2861 4882 τὸ
2885 4828 3242 4899 κρηπίδωμα,
3299 4824 3398 4893 τὴν
3454 4821 3636 4875 κατά-

2051 4941 2250 4976 παυσιν
2274 4924 2639 4993 ποιησάμενον
2677 4923 3028 4976 ἀποτέθειται
3051 4935 3065 4950 ⁸
3116 4918 3296 4980 καλῶς
3335 4914 3500 4971 αὑτοῦ
3533 4913 3634 4968 καὶ

2049 5016 2206 5069 τοῦτο
2231 5014 2621 5085 ἐπιλεξαμένου
2648 5015 2741 5069 τοῦ
2768 5015 2916 5069 ὁσίου
2944 5014 3136 5085 ἀνδρὸς
3163 5015 3220 5066 ὲν
3253 5011 3387 5081 ζωῇ,
3413 5010 3502 5062 ἴνα
3530 5007 3630 5059 καὶ

2053 5107 2189 5176 μετὰ
2245 5107 2342 5177 τὴν
2387 5105 2684 5172 διάζευξιν,
2765 5106 2840 5177 μὴ
2883 5106 2941 5158 δὲ
2993 5103 3325 5174 σωματικῶς
3375 5097 3624 5170 χωρισθῇ

2043 5199 2138 5252 τοῦ
2167 5200 2322 5267 ἁγίου
2359 5199 2778 5270 θυσιαστηρίου·
2823 5199 2922 5270 τῆς
2976 5197 3088 5269 γὰρ
3133 5195 3312 5267 ψυχῆς
3348 5190 3512 5248 αὑτοῦ
3542 5188 3627 5260 τῷ

2044 5314 2185 5386 Deus
2219 5315 2285 5369 ad
2315 5316 2606 5371 sanitatem
2625 5315 2866 5384 aliquam
2911 5313 3196 5386 adducere
3238 5307 3427 5386 licuit:
3454 5305 3626 5386 linus

2045 5385 2098 5438 in
2135 5387 2294 5439 aliam
2318 5402 2545 5454 prorsus
2585 5380 3098 5454 interpretationem
3150 5382 3308 5445 ab..'t,
3353 5380 3426 5454 ita
3480 5380 3628 5429 scri-

2044 5455 2212 5510 bens:
2272 5475 2289 5506 ι
2316 5449 2492 5526 Atque
2538 5465 2597 5508 ut
2641 5449 2857 5524 aliquod
2921 5454 3260 5524 epitaphium
3305 5449 3622 5526 adjttllatam.

2050 5526 2292 5579 externis
2326 5520 2628 5580 honoribus
2659 5520 2888 5578 interior
2939 5520 3271 5579 cutnulatur.
3322 5520 3622 5573 Multorum

2050 5596 2274 5667 quidem
2310 5597 2590 5667 Alacrymas
2635 5595 2914 5667 excitavit,
2961 5595 3058 5647 sed
3101 5611 3179 5667 ea
3228 5592 3400 5667 major
3444 5586 3624 5658 gloria

2049 5663 2154 5720 fuit
2179 5665 2323 5736 quod
2359 5663 2604 5721 omnium
2627 5667 2829 5721 animis
2857 5665 3071 5720 detixus
3100 5663 3363 5719 harebat.
3392 5677 3411 5710 ι
