3940 6202
347 299 489 362 23δῦ

1894 315 2063 374 VlT'A
2076 361 2089 373 .

3472 314 3614 383 2385

346 415 407 468 ἐν
432 415 681 486 οὐρανοῖς
715 422 1132 492 παρισταμένης
1169 423 1564 498 θυσιαστηρίῳ,
1597 429 1758 482 κάκεῖ
1787 431 1906 500 μετέ

2031 447 2122 486 ces
2137 431 2477 497 eﬂunderet;
2504 446 2720 501 mquum
2747 431 2912 486 etiam
2950 442 3068 485 erat
3096 442 3152 486 ut
3183 435 3346 503 quod
3374 436 3449 491 illt
3477 454 3614 494 con-

341 507 450 559 τῶν
503 509 680 576 ἁγίων
738 512 988 580 ἀγγέλων
1065 517 1158 570 καὶ
1227 517 1544 573 ἀποστόλων
1623 520 1722 584 τὰς
1780 521 1920 591 ὑπὲρ

337 601 548 663 ’παντὸς
575 602 672 656 τοῦ
695 602 825 657 λαοῦ
864 608 1282 679 προσφερούσας
1327 609 1565 679 δεήσεις,
1598 612 1764 683 ἐχρῆν
1824 615 1919 666 καὶ

335 691 400 744 τὸ
430 688 724 763 ὁμόζυγον,
763 697 857 750 καὶ
871 699 1239 769 ἐμοπόρευτον
1271 702 1371 754 καὶ
1401 701 1741 773 συναχθῆσαν
1780 703 1916 775 αὐτῇ

336 784 522 854 σῶμα,
553 788 699 840 κατὰ
745 788 840 842 τὸν
871 791 996 862 τῇδε
1058 792 1173 862 βίον
1204 832 1218 856 ,
1269 794 1540 865 μηδέποτε
1582 794 1917 865 κεχωρίσθαι

332 875 429 928 τοῦ
473 878 566 930 ἐπὶ
620 882 723 950 γῆς
773 883 1044 951 ἀχράντου
1079 883 1492 955 θυσιαστηρίου,
1542 886 1628 940 ἵνα
1662 887 1756 940 καὶ
1787 887 1919 940 αὐτὸ

332 969 536 1039 τρόπον
557 973 702 1036 τινὰ,
731 972 870 1041 μετὰ
891 973 984 1026 τοῦ
1008 977 1450 1047 προσευχομένου
1469 978 1563 1030 τοῦ
1579 977 1710 1031 λαοῦ
1730 979 1920 1049 ἱερέως

332 1061 430 1113 καὶ
459 1063 525 1115 τὰ
546 1063 697 1132 δῶρα
720 1066 1183 1136 προσκομίζοντος
1214 1069 1404 1140 Κυρίῳ
1435 1069 1513 1141 τῷ
1542 1069 1680 1139 Θεῷ,
1713 1085 1925 1122 συνικε-

330 1155 476 1209 τεύει
498 1158 578 1228 τῷ
610 1161 747 1230 ίερεί
783 1161 924 1230 ὑπὲρ
948 1162 1041 1216 τοῦ
1073 1164 1270 1217 ἐαυτοῦ
1301 1165 1432 1218 λαοῦ
1462 1165 1558 1218 καὶ
1589 1164 1817 1228 πόλεως,
1840 1163 1922 1216 ὅτι

328 1245 437 1297 τῶν
465 1248 641 1315 ἁγίων
676 1249 747 1302 τὰ
781 1251 1008 1321 σώματα
1029 1254 1118 1307 ἴσα
1137 1253 1390 1309 δύνανται
1407 1259 1526 1320 ταῖς
1537 1256 1721 1324 ἁγίαις
1739 1253 1918 1310 αὐτῶν

326 1337 528 1405 ψυχαῖς
548 1356 561 1369 ’
593 1340 786 1410 Τίμιος
816 1342 926 1412 γὰρ
960 1345 1200 1399 ἐναντίον
1236 1347 1439 1416 Κυρίου
1471 1350 1499 1400 ὁ
1527 1347 1756 1409 θάνατος
1794 1345 1913 1397 τῶν

326 1431 502 1498 ἁγίων
534 1433 719 1495 αὐτοῦ,
775 1435 867 1488 καὶ
887 1454 905 1485 ι
931 1435 1286 1506 ’Υπερασπιῶ
1307 1439 1405 1507 τῆς
1440 1439 1649 1500 πόλεως
1681 1436 1912 1506 ταύτης,

325 1516 482 1575 εἶπεν
508 1523 702 1587 ὁΘεὸς,
734 1524 802 1577 δι’
832 1513 952 1595 ἐμέ,
981 1526 1076 1580 καὶ
1105 1528 1194 1580 διὰ
1222 1527 1387 1582 Δαυῒδ
1415 1529 1503 1581 τὸν
1530 1528 1713 1582 δοῦλόν
1741 1544 1862 1598 μου.
1891 1544 1910 1577 ι

331 1614 570 1682 Ἐχομεν
598 1612 692 1668 οὖν
723 1617 956 1687 ίσχυρὰν
1020 1618 1368 1688 παράκλησιν
1419 1618 1544 1682 τοὺς
1577 1619 1788 1686 ἁγίους,
1832 1616 1915 1669 ὅτι

2023 525 2276 594 junctum
2294 523 2470 578 fuerat
2485 537 2706 592 corpus,
2727 523 2981 592 quodque
3005 523 3475 583 simulinccsscrat
3490 549 3612 586 cer-

2024 623 2365 682 taveratque,
2382 631 2449 672 ne
2464 615 2682 684 quidem
2708 615 2761 668 in
2783 625 2927 670 terra
2952 617 3334 686 sejungeretur
3360 635 3602 690 unquam

2023 705 2092 758 ab
2136 705 2280 758 almo
2323 704 2513 769 altari;
2551 703 2644 758 sed
2695 719 2820 757 cum
2884 704 3168 760 sacerdote
3225 708 3595 775 supplicante,

2026 794 2250 862 Dcoque
2304 792 2540 846 hostiam
2580 792 2822 846 divinam
2875 793 3162 859 offerente,
3199 810 3300 864 pro
3356 812 3456 850 suo
3509 813 3606 866 po-

2029 884 2161 954 pulo
2190 893 2246 938 et
2269 882 2492 937 civitate
2545 883 2953 953 quodammodo
2974 885 3330 954 supplicaret.
3359 889 3496 942 Nam
3552 900 3609 943 et

2025 989 2255 1042 corpora
2283 983 2600 1027 sanctorum
2643 989 2830 1042 parem
2854 973 3060 1028 habent
3086 991 3211 1029 cum
3238 977 3440 1033 animis
3487 980 3606 1032 vir-

2032 1072 2204 1116 tutem
2261 1082 2273 1116 :
2327 1063 2456 1132 quia
2511 1081 2527 1113 ι
2580 1047 2822 1116 Pretiosa
2894 1065 2948 1117 in
3018 1075 3319 1134 conspectu
3377 1068 3595 1123 Domini

2032 1169 2180 1208 mors
2221 1162 2536 1207 sanctorum
2571 1154 2692 1224 ejus
2721 1154 2801 1218 9';
2838 1172 2856 1205 ›
2899 1163 2990 1207 ct:
3030 1174 3046 1204 ι
3073 1156 3358 1226 Protegam
3403 1159 3600 1214 civitav

2030 1252 2139 1299 tem
2167 1244 2328 1308 hanc,
2354 1243 2534 1312 inquit
2583 1243 2869 1308 Dominus,
2896 1254 3120 1314 propter
3148 1262 3232 1300 me
3277 1256 3334 1302 et
3377 1258 3606 1320 propter

2023 1335 2194 1389 David
2244 1350 2465 1388 servum
2520 1350 2704 1389 meum
2747 1336 2829 1401 ⁹³;
2862 1354 2880 1387 ι
2919 1336 3154 1406 ideoque
3200 1353 3409 1408 magnai
3443 1341 3605 1395 nobis

2022 1425 2385 1480 consolationi
2425 1434 2552 1480 sunt
2610 1427 2814 1492 sancti,
2865 1427 2960 1496 qui
3016 1443 3114 1496 per
3156 1427 3318 1483 ﬁdem
3350 1430 3606 1484 vicerunt

2022 1536 2208 1590 regna,
2251 1520 2434 1589 adepti
2481 1528 2610 1574 sunt
2645 1522 3208 1590 repromissionesw,
3233 1533 3288 1579 et
3315 1533 3441 1595 post
3481 1525 3607 1581 vitae.

2021 1611 2504 1665 com-mutationem
2534 1611 2972 1679 pollentvirtute
3006 1615 3226 1684 majori.

323 1707 412 1760 διὰ
449 1710 684 1773 πίστεως
721 1711 1168 1780 κατηγωνίσαντο
1205 1714 1499 1782 βασιλείας,
1539 1713 1887 1783 ἐπιτυχόντες
1917 1708 1975 1762 δέ
1999 1708 2108 1760 τῶν
2145 1703 2509 1772 ἐπαγγελιῶν,
2540 1705 2702 1759 πλέον
2738 1706 3012 1777 ἰσχύουσιν
3029 1707 3121 1760 καὶ
3145 1707 3282 1777 μετὰ
3310 1707 3410 1778 τὴν
3448 1709 3602 1764 τοῦδε

321 1799 416 1852 τοῦ
447 1799 563 1867 βίου
597 1800 922 1871 ἀπαλλαγὴν
960 1803 1052 1855 καὶ
1090 1804 1441 1871 μετάστασιν.

398 1889 504 1957 μιν.
534 1893 708 1962 Δεῦρο
732 1893 796 1964 δὴ
824 1894 916 1948 οῦν
933 1890 1376 1964 συναγωνίσασθέ
1404 1910 1494 1964 μοι
1524 1893 1618 1946 καὶ
1647 1893 1762 1956 νῦν,
1792 1888 1906 1960 περ¹

2094 1885 2183 1940 99.
2208 1886 2363 1956 Agite
2397 1901 2543 1941 nunc
2583 1887 2750 1941 etiam
2794 1886 2975 1956 magni
3033 1887 3214 1941 Basilii
3263 1887 3600 1951 laudatores.

323 1983 416 2036 τὸν
437 1983 596 2050 λόγον
617 1985 883 2054 κάμνοντι
900 1985 988 2038 διὰ
1008 1986 1338 2038 ταπείνωσιν
1355 1985 1542 2052 λόγου,
1565 1986 1614 2037 oi
1633 1983 1727 2036 τοῦ
1745 1983 1920 2052 μεγά-

327 2073 419 2126 λου
445 2072 702 2126 Βασιλίου
729 2065 1033 2141 ἐπαινέται,
1059 2075 1234 2128 καὶτὰ
1250 2073 1419 2128 πλείω
1438 2073 1536 2143 μὲν
1556 2073 1920 2144 παρατρέχειν

326 2165 586 2230 ἐθέλοντι,
625 2165 755 2218 ἄλλο
777 2183 835 2220 τε
875 2165 931 2222 δὲ
961 2167 1054 2219 ὑπ’
1089 2165 1249 2220 ἄλλου
1288 2166 1656 2234 κατεχομένῳ,
1690 2165 1782 2217 καὶ
1822 2164 1922 2215 οὐκ

323 2259 497 2326 ἔχοντι
529 2258 590 2310 τὸ
622 2259 787 2311 νικῶν
812 2256 1225 2330 εὐρεῖν,ὥσπερ
1247 2259 1303 2311 ἐν
1327 2255 1540 2327 σώματι
1584 2257 1921 2326 πανταχόθεν

323 2346 424 2420 ἴσῳ
442 2368 499 2404 τε
517 2352 616 2405 καὶ
633 2352 800 2422 καλῷ⁶
823 2353 908 2405 ἀεὶ
926 2353 1032 2424 γάρ
1052 2371 1140 2424 μοι
1156 2353 1216 2407 τὸ
1240 2353 1547 2424 προσπεσὸν
1565 2353 1781 2406 κάλλιον
1804 2353 1922 2420 φαί-

324 2460 494 2503 νεται,
514 2443 786 2496 καὶτοῦτο
809 2445 1148 2516 συναρπάζει
1177 2446 1268 2499 τὸν
1293 2444 1470 2514 λόγον.
1501 2443 1672 2517 Δεῦρο
1698 2442 1791 2499 οὖν
1827 2463 1919 2515 μοι

323 2532 566 2586 διέλεσθε
589 2534 660 2587 τὰ
686 2535 898 2587 ἐκείνου.
926 2535 1085 2600 καλὰ,
1105 2537 1219 2588 ὅσοι
1247 2535 1354 2588 τῶν
1387 2534 1600 2588 ἐκείνου
1632 2535 1918 2588 ἐπαινέται

325 2627 419 2678 καὶ
453 2626 755 2696 μάρτυρες,
788 2628 882 2681 καὶ
943 2629 1131 2698 ἀγῶνα
1170 2627 1333 2681 καλὸν
1367 2627 1714 2696 ἀγωνίσασθε
1773 2627 1913 2699 πρὸς

322 2715 608 2787 ἀλλήλους,
639 2717 832 2790 ἄνδρες
862 2719 998 2788 ὁμοῦ
1029 2720 1124 2773 καὶ
1164 2721 1444 2788 γυναῖκες,
1481 2720 1757 2772 νεανίσκοι
1821 2721 1916 2773 καὶ

325 2804 606 2876 παρθένοι,
659 2807 1025 2880 πρεσϐύτεροι
1086 2810 1226 2878 μετὰ
1259 2809 1562 2880 νεωτέρων,
1618 2810 1784 2880 ἱερεῖς
1819 2810 1916 2863 καὶ

319 2893 449 2959 λαὸς
474 2898 522 2949 οἱ
560 2899 840 2968 μοναδικολ
870 2899 965 2954 καὶ
989 2901 1235 2968 μιγάδες,
1268 2901 1318 2952 οἱ
1351 2901 1453 2969 τῆς
1480 2899 1784 2970 ἁπλότητος
1817 2902 1912 2954 καὶ

319 2991 418 3058 τῆς
448 2989 758 3056 ἀκριϐείας,
787 2991 904 3044 ὅσοι
938 2991 1038 3062 τῆς
1062 2991 1298 3063 θεωρίας
1328 2992 1424 3046 καὶ
1471 2993 1588 3046 ὅσοι
1628 2992 1910 3062 πράξεως·

320 3084 349 3136 δ
377 3083 481 3154 μὲν
511 3085 785 3139 ἐπαινεῖτο
821 3087 880 3138 τὸ
904 3088 960 3138 ἐν
995 3088 1292 3158 νηστείαις,
1325 3087 1418 3142 καὶ⁹
1443 3093 1774 3160 προσευχαῖς
1797 3085 1911 3144 οἷον

319 3173 618 3243 ἀσώματόν
649 3193 708 3228 τε
741 3177 836 3230 καὶ
880 3177 1062 3243 ἄῦλον,
1101 3180 1127 3230 ό
1160 3177 1216 3230 δέ
1249 3178 1310 3231 τὸ
1356 3181 1412 3232 ἐν
1444 3179 1772 3250 ἀγρυπνίαις
1817 3179 1910 3234 καὶ

318 3239 663 3335 ψαλμῳδίαις
705 3267 922 3321 εῦτονόν
958 3286 1017 3322 τε
1049 3239 1166 3323 ’καὶ
1193 3239 1696 3342 ἀήττητον,ηᾰλ).ος
1749 3239 1810 3323 τὸ
1847 3271 1906 3325 ἐν
1934 3239 1980 3304 C

319 3358 630 3430 προστασίᾳ
657 3359 765 3412 τῶν
793 3360 1084 3430 δεομένων,
1117 3360 1274 3424 ἄλλος
1318 3361 1416 3432 τήν
1475 3361 1610 3434 πρὸς
1650 3362 1710 3414 τὸ
1730 3361 1902 3432 ὐπερο·

319 3449 445 3519 έχον
472 3450 794 3504 ἀντιτυπίαν
818 3450 850 3521 ἢ
890 3452 990 3519 τὴν
1021 3451 1157 3522 πρὸς
1178 3452 1237 3504 τὸ
1261 3450 1516 3505 ταπεινὸν
1557 3450 1905 3519 συγκαταϐα-

319 3555 427 3601 σιν,
455 3538 614 3601 ἄλλος
644 3540 707 3592 τὸ
741 3539 1122 3610 ἀμνησίκακον
1150 3539 1178 3593 ὃ
1241 3541 1334 3594 καλ
1368 3539 1568 3610 μᾶλλον
1621 3539 1902 3611 ἐκέκτητο,

317 3631 462 3685 κατὰ
491 3632 552 3684 τὸ
597 3632 957 3686 ἁποστολικδν
986 3633 1359 3703 παράγγελμα
1400 3633 1460 3686 τὸ
1508 3632 1738 3702 φάσκον*
1776 3651 1794 3685 ι
1843 3633 1902 3685 Ὀ

315 3724 470 3794 ἥλιος
501 3726 576 3794 μὴ
601 3725 865 3778 ἐπιδυέτω
901 3725 981 3797 τῷ
1010 3724 1378 3797 παροργισμῷ
1410 3725 1587 3794 ὐμῶν.
1632 3745 1650 3777 ι

394 3815 464 3884 ρ’.
501 3817 616 3879 Πᾶς
639 3812 734 3870 οὖν
760 3818 788 3870 ό
813 3817 1024 3870 ἐκείνου
1052 3818 1212 3888 χορὸς
1259 3817 1618 3888 περιστάντες
1665 3835 1753 3888 με,
1787 3818 1903 3872 ὅσοι

317 3906 409 3959 τοῦ
441 3907 685 3976 βήματος
718 3909 813 3962 καὶ
844 3909 958 3962 ὅσοι
996 3911 1105 3962 τῶν
1136 3909 1308 3975 κάτω,
1340 3910 1452 3963 ὅσοι
1474 3909 1584 3963 τῶν
1609 3910 1900 3981 ἡμετέρων

316 3999 410 4053 καὶ
436 3999 554 4051 ὅσοι
576 3999 685 4051 τῶν
709 3999 930 4066 ἔξωθεν,
966 4001 1065 4070 τὴν
1113 4001 1390 4070 εὐφημίαν
1424 4018 1512 4071 μοι
1564 4003 1901 4072 συνεργάσα-

317 4089 464 4154 σθαι,
499 4089 654 4153 ἇλλος
700 4089 828 4145 ἄλλο
861 4109 912 4144 τι
945 4092 1054 4145 τῶν
1101 4091 1196 4144 τοῦ
1226 4093 1347 4146 νέου
1394 4093 1677 4146 Βασιλείου
1720 4094 1900 4147 καλῶν

314 4180 660 4251 διηγούμενοι
691 4182 787 4236 καὶ
819 4181 1129 4251 ζητοῦντες,
1162 4185 1209 4236 οί
1237 4183 1346 4236 τῶν
1377 4183 1582 4254 θρόνων
1611 4185 1702 4237 τὸν
1735 4202 1899 4255 νομο-

314 4272 500 4343 θέτην,
534 4275 582 4326 οί
633 4273 736 4344 τῆς
776 4275 1051 4339 πολιτείας
1098 4276 1188 4328 τὸν
1234 4276 1482 4346 πολίτην,
1524 4277 1579 4330 οἱ·
1598 4277 1691 4330 τοῦ
1722 4277 1897 4348 δήμου

311 4363 410 4434 τήν
437 4363 712 4430 εὐταξίαν,
746 4366 946 4437 οἱπερὶ
979 4366 1170 4434 λόγους
1196 4368 1289 4420 τὸν
1321 4367 1636 4438 παιδευτὴν,
1668 4370 1722 4421 αἱ
1753 4385 1898 4439 παρ-

313 4452 457 4506 θένοι
489 4455 580 4506 τὸν
609 4455 996 4524 νυμφαγωγὸν,
1025 4458 1079 4509 αἱ
1124 4457 1230 4509 ὐπὸ
1266 4455 1430 4524 ζυγοῦ
1483 4457 1575 4509 τὸν
1629 4474 1898 4527 σωφρονιο

310 4548 468 4616 στὴν,
492 4549 538 4600 οῑ
569 4549 670 4616 τῆς
695 4549 934 4618 ἐρημίας
961 4549 1051 4602 τὸν
1081 4548 1390 4619 πτερωτὴν,
1414 4551 1461 4602 οί
1492 4551 1591 4620 τῆς
1615 4549 1906 4620 ἐπιμιξίας,

312 4639 403 4690 τον
452 4639 714 4711 δικαστὴν
736 4681 750 4703 ,
784 4641 834 4693 οἱ
866 4641 963 4710 τῆς
994 4641 1298 4710 ἁπλότητος
1328 4642 1419 4695 τὸν
1460 4641 1676 4711 ὁδηγὸν,
1714 4642 1766 4694 oi
1796 4642 1896 4711 τῆς

311 4727 543 4799 θεωρίας
588 4729 681 4783 τὸν
717 4729 989 4798 θεολόγον,
1028 4732 1075 4783 οἱ
1099 4732 1156 4783 ἐν
1189 4731 1422 4802 εὐθυμία
1455 4732 1546 4785 τὸν
1575 4731 1814 4802 χαλινὸν,
1846 4734 1896 4785 οί

310 4824 368 4875 ἐν
420 4826 729 4894 συμφοραῖς
777 4823 878 4894 τὴν
924 4823 1290 4894 παράκλησιν,
1349 4823 1448 4895 τὴν
1507 4823 1812 4894 βακτηρίαν
1859 4826 1892 4894 ή

315 4914 498 4979 πολιὰ,
545 4915 647 4985 τὴν
684 4914 1067 4983 παιδαγωγίαν
1099 4916 1132 4985 ή
1159 4915 1370 4985 νεότης,
1402 4917 1435 4986 ή
1472 4916 1634 4968 πενία
1671 4916 1764 4968 τὸν
1798 4931 1896 4966 πο-

2025 1979 2277 2048 mihique
2338 1979 2609 2033 sermonis
2661 1977 2846 2048 inopia
2899 1979 3170 2033 laboranti
3227 1980 3599 2049 opitulamini.

2025 2071 2138 2142 Ego
2151 2071 2372 2141 quidem
2388 2073 2542 2142 plura
2563 2071 2726 2141 cupio
2740 2073 3022 2142 praeterire
3042 2091 3054 2126 :
3075 2074 3171 2127 sed
3191 2074 3342 2128 aliud
3367 2090 3454 2129 me
3475 2085 3600 2145 post

2024 2166 2174 2220 aliud
2215 2167 2412 2232 trahit;
2455 2179 2510 2220 et
2535 2174 2793 2235 tanquam
2821 2168 2876 2222 in
2911 2183 3144 2237 corpore
3199 2168 3448 2239 partibus
3481 2187 3601 2225 om-

2023 2258 2188 2312 nibus
2233 2274 2389 2327 aeque
2436 2260 2691 2329 pulchro,
2739 2259 3010 2330 quidquid
3053 2261 3319 2328 occurrit,
3378 2262 3599 2317 videtur

2022 2349 2329 2418 pulchrius,
2385 2360 2442 2405 et
2490 2351 2797 2406 orationem
2857 2351 2923 2405 ad
2975 2366 3032 2405 se
3082 2353 3378 2407 convertit.
3436 2354 3596 2424 Agite

2023 2440 2213 2510 igitur,
2238 2441 2486 2512 egregias
2527 2442 2677 2497 illius
2731 2442 2888 2496 dotes
2935 2444 3355 2513 perscquimini,
3389 2447 3483 2515 qui
3531 2447 3598 2500 il-

2018 2532 2197 2588 larum
2217 2543 2271 2589 et
2301 2535 2615 2590 laudatores
2638 2544 2694 2589 et
2734 2542 2904 2589 testes
2947 2535 3230 2590 exsistitis.
3259 2535 3590 2590 Praeclarum

2021 2624 2165 2679 inter
2189 2641 2287 2680 vos
2331 2635 2611 2681 certamen
2644 2626 2930 2696 suscipite,
2960 2627 3062 2680 viri
3100 2627 3263 2681 simul
3291 2627 3428 2682 acte
3455 2628 3615 2690 nime.

2019 2715 2399 2771 adolescentes
2419 2728 2473 2772 et
2515 2717 2777 2788 virgines,
2809 2733 2971 2772 senes
3007 2711 3069 2772 et
3113 2719 3366 2788 juvenes,
3413 2735 3594 2774 sacer-

2019 2806 2176 2862 dotes
2225 2820 2278 2862 et
2320 2809 2581 2878 populus,
2639 2808 2896 2863 monachi
2945 2820 3000 2863 et
3053 2810 3362 2873 ccenobitm,
3406 2809 3591 2882 quiin

2017 2897 2483 2967 contemplatione
2513 2898 2720 2969 quique
2753 2899 2809 2952 in
2833 2898 3048 2952 actione
3089 2900 3406 2953 versamini.
3438 2901 3594 2954 Alius

2014 2989 2203 3043 laudet
2247 2989 2494 3044 studium
2541 2990 2659 3060 eius
2687 2990 2744 3043 in
2797 2989 3023 3061 jejuniis
3057 3001 3114 3044 et
3167 2991 3430 3060 precibus
3480 3001 3592 3045 tam

2014 3077 2322 3144 assiduum,
2357 3081 2510 3134 velut
2545 3079 2590 3133 si
2648 3082 2899 3147 corporis
2928 3097 3130 3150 expers
3177 3082 3373 3138 fuisset
3405 3100 3420 3148 ;
3448 3083 3593 3139 alius

2011 3168 2326 3239 vigiliarum
2385 3179 2441 3225 et
2494 3171 2921 3240 psalmodiarum
2983 3162 3592 3238 constantiam;lalius

2013 3275 2265 3330 asperam
2306 3271 2472 3332 atque
2516 3262 2904 3318 incredibilem
2960 3265 3220 3321 duritiem
3264 3267 3466 3333 victus,
3495 3274 3593 3323 aut

2013 3353 2183 3407 animi
2214 3352 2604 3409 demissionetn
2626 3371 2642 3422 ;
2664 3356 2805 3410 alius
2825 3355 3157 3413 oblivionem
3178 3358 3501 3428 injuriarum
3533 3359 3590 3412 in

2012 3457 2080 3498 eo
2111 3443 2387 3514 praecipue
2429 3445 2811 3511 excellentem,
2849 3449 3003 3518 juxta
3054 3458 3391 3519 praeceptum
3442 3449 3592 3519 Apo-

2013 3535 2139 3590 stoli
2171 3534 2442 3590 dicentis:
2476 3555 2492 3588 ι
2518 3535 2609 3591 Sol
2639 3552 2750 3592 non
2792 3537 3012 3594 occidat
3041 3554 3206 3610 super
3249 3539 3589 3596 iracundiam

2011 3635 2251 3682 vestram
2280 3627 2347 3683 ³⁸.
2371 3647 2389 3680 ι

2082 3822 2204 3878 100.
2241 3823 2432 3878 Omnis
2478 3825 2647 3896 igitur
2695 3824 3047 3895 praasentium
3097 3825 3300 3881 chorus
3352 3827 3444 3896 qui
3500 3823 3588 3881 me

2011 3917 2414 3982 circumstatis,
2449 3924 2720 3986 quotquot
2743 3916 2816 3970 ad
2852 3916 3195 3986 superiorem
3223 3926 3279 3970 et
3316 3926 3588 3986 quotquot

2009 4006 2089 4061 ad
2110 4005 2428 4061 inferiorem
2445 4006 2632 4074 templi
2659 4000 2868 4074 partem
2888 4005 3182 4074 pertinetis‘
3205 4004 3339 4075 (80),
3377 4006 3588 4075 quique

2006 4113 2074 4153 ex
2103 4105 2422 4152 nostrorum
2446 4137 2462 4161 ,
2493 4095 2698 4166 quique
2739 4111 2805 4150 ex
2838 4110 3066 4150 numero
3090 4105 3446 4150 externorum
3491 4095 3588 4149 ad-

2005 4187 2162 4252 estis,
2193 4188 2452 4243 conﬁcite
2493 4203 2709 4242 mecum
2746 4186 3150 4251 laudationem,
3189 4195 3245 4241 et
3289 4187 3430 4241 alius
3452 4187 3587 4242 alias

2005 4278 2134 4332 novi
2173 4278 2338 4349 hujus
2385 4277 2568 4332 Basilii
2598 4278 2849 4332 virtutes,
2885 4278 3181 4333 celebrate.
3242 4277 3345 4345 Qui
3397 4281 3588 4348 prtesi-

2006 4370 2152 4425 detis
2182 4370 2237 4423 in
2274 4368 2524 4440 judiciis,
2559 4368 2784 4424 laudate
2823 4369 3230 4439 legislatorem;
3268 4369 3364 4439 qui
3394 4369 3586 4424 civita-

2005 4472 2116 4517 tem
2153 4461 2362 4532 regitis,
2387 4462 2600 4528 civem;
2633 4461 2729 4531 qui
2787 4462 2920 4515 estis
2967 4460 3035 4516 de
3090 4461 3316 4531 populo,
3355 4461 3587 4531 popula—

2005 4569 2156 4619 rem;
2192 4553 2287 4622 qui
2322 4553 2637 4607 eruditione
2671 4552 3044 4617 delectamini,
3087 4553 3441 4623 magistrum;
3489 4551 3583 4622 qui

2003 4643 2300 4699 solitudine
2334 4643 2610 4714 gaudetis,
2647 4643 2798 4697 illius
2827 4653 3144 4708 amantem;
3181 4645 3278 4713 qui
3319 4643 3587 4712 frequen-

2000 4736 2096 4801 tia,
2137 4734 2425 4805 judicenf;
2495 4735 2590 4804 qui
2652 4735 3030 4804 simplicitate,
3080 4733 3317 4800 ducem;
3380 4735 3477 4804 qui
3527 4734 3580 4786 in

1995 4826 2260 4884 secundis
2305 4826 2475 4881 rebus
2522 4826 2843 4888 versamini,
2883 4825 3328 4888 moderatorem;
3388 4823 3486 4892 qui
3523 4824 3578 4876 in

2000 4919 2274 4982 adversis,
2308 4919 2742 4982 consolatorem;
2774 4917 3016 4986 virgines
3041 4958 3056 4980 ,
3086 4916 3389 4986 virginem;
3448 4929 3583 4969 con-

309 5008 522 5078 ριστὴν,
553 5008 587 5076 ἡ
635 5006 868 5076 εὐπορία
915 5007 1006 5060 τὸν
1057 5007 1370 5077 οίκονόμον,
1409 5007 1627 5062 δοκοῦσί
1668 5026 1758 5078 μοι
1799 5008 1893 5060 καὶ

2019 5024 2170 5079 uges,
2201 5016 2452 5072 castum;
2509 5014 2784 5070 senectus,
2832 5005 3120 5074 baculum;
3164 5006 3448 5076 juventus,
3496 5004 3581 5059 di-

307 5095 478 5166 χῆραι
503 5097 593 5150 τὸν
622 5099 937 5169 προστάτην
971 5098 1380 5163 ἐπαινέσεσθαι,
1415 5101 1510 5153 καὶ
1551 5100 1779 5170 ὀρφανοὶ
1803 5100 1894 5152 τὸν

305 5187 544 5256 πατέρα,
575 5189 667 5241 καὶ
697 5189 907 5259 πτωχοὶ⁴
934 5189 1025 5241 τὸν
1057 5189 1420 5261 φιλόπτωχον,
1446 5191 1541 5245 καὶ
1566 5192 1654 5245 τὸν
1683 5193 1892 5261 φιλόξεο

306 5290 400 5327 νον
429 5277 481 5328 oi
511 5277 668 5345 ξένοι,
699 5281 796 5332 καὶ
823 5279 1044 5350 ἀδελφοὶ
1071 5281 1162 5333 τὸν
1195 5283 1539 5352 φιλάδελφον,
1573 5284 1622 5335 oi
1653 5284 1870 5339 νοσοῦν-

375 5411 422 5449 ⁹¹
457 5412 595 5467 Psal.
641 5428 765 5474 cxv,
795 5413 882 5467 15.
957 5413 1002 5445 ³³
1032 5414 1095 5467 ιν
1129 5414 1260 5486 Reg.
1291 5432 1401 5476 χιχ,
1437 5415 1525 5472 54.
1601 5417 1665 5448 ⁹³”
1693 5419 1857 5474 Hebr.
1883 5437 1957 5485 χι,
1987 5422 2076 5476 55.

524 5526 711 5582 Gncce
734 5529 860 5581 ὅσου
896 5527 990 5582 τοῦ
1018 5529 1286 5598 βήματος,
1315 5532 1409 5584 καὶ
1439 5533 1555 5585 ὅσοι
1581 5533 1689 5585 τῶν
1720 5534 1890 5597 κάτω,

314 5595 769 5672 intelligiturque‘
787 5599 991 5662 clerus,
1019 5595 1118 5667 qui
1148 5601 1291 5672 inter
1342 5617 1499 5656 sacra
1527 5614 1763 5672 occupat
1815 5595 1889 5660 lo;

306 5681 433 5719 cum
465 5667 650 5740 altaris
678 5669 973 5740 (tribunum
1030 5686 1125 5725 seu
1165 5671 1375 5724 chorum
1423 5673 1600 5726 Latini
1650 5667 1885 5740 dicunt).

309 5743 370 5790 et
395 5738 652 5806 populus,
682 5739 774 5808 qui
805 5742 957 5793 ext‘ra
984 5741 1256 5804 cancellos
1283 5744 1622 5798 anteriorem
1653 5754 1707 5801 ct
1746 5738 1885 5801 infc-

1995 5101 2316 5169 sciplinam;
2349 5106 2663 5169 paupertas,
2686 5098 3037 5168 largitorem;
3071 5096 3379 5162 custodem,
3439 5110 3580 5166 opu-

1995 5192 2186 5246 lentia.
2213 5191 2485 5244 Videntur
2516 5189 2650 5243 mibi
2705 5205 2927 5259 quoque
2967 5189 3315 5244 defensorem
3373 5188 3572 5254 viduae;

1985 5283 2202 5358 pupilli,
2225 5289 2432 5352 patrem
2458 5299 2472 5345 ;
2495 5281 2704 5351 inopes,
2734 5297 3038 5351 pauperum
3071 5280 3385 5336 studiosum
3422 5298 3436 5345 ;
3471 5281 3579 5336 ho-

2153 5417 2198 5449 ”
2224 5417 2428 5486 Ephes.
2462 5431 2538 5480 tv,
2564 5414 2653 5468 26.

2001 5535 2208 5588 riorem
2237 5532 2424 5601 templi
2460 5540 2673 5601 partem
2697 5538 2958 5598 occupat:
2995 5545 3118 5599 quae
3141 5529 3311 5584 Zinus
3342 5547 3454 5586 non
3488 5532 3576 5586 in-

1996 5604 2248 5674 telligens
2281 5602 2481 5674 vertit:
2515 5621 2532 5650 σ
2559 5601 2661 5668 Qui
2724 5601 2997 5670 pulpitum
3029 5601 3339 5674 attingi‘tis,
3381 5614 3437 5656 ct
3471 5601 3570 5674 qui

1995 5672 2134 5729 estis
2165 5672 2431 5727 inferius:
2459 5692 2475 5723 ι
2511 5675 2667 5743 quasi
2698 5687 2821 5743 cum
2864 5681 3115 5743 respectu
3169 5672 3235 5727 ad
3293 5672 3572 5728 oratorem

1998 5747 2202 5814 ipsum,
2237 5759 2303 5798 cx
2337 5741 2572 5799 ambonc
2595 5743 2762 5799 verba
2785 5741 3114 5798 facientem.
