4042 6156
373 255 513 324 2387

1415 265 1475 325 S.
1517 263 1882 326 EUTYCHII
1917 260 2425 324 PATRIARCIIE
2467 259 2576 320 CP.

3493 255 3637 324 E388

365 377 640 446 spitalem,
661 375 909 440 hospites
940 395 953 444 ;
983 376 1318 444 fraternitas,
1345 377 1668 434 dilectorem
1698 379 1945 442 fratrum;
1981 415 1988 436 ι

2093 393 2140 439 ες
2199 373 2288 426 τὸν
2349 373 2554 444 ἰατρόν,
2597 371 2648 426 οἱ
2692 369 3026 438 ὑγιαίνοντες
3089 371 3178 424 τὸν
3235 370 3454 438 φύλακα
3531 375 3631 445 τῆς

363 470 1023 540 a-grotautes,medicum
1083 473 1350 542 cujusque
1411 471 1592 526 morbi
1622 487 1686 526 ac
1723 471 1953 528 medici-

367 577 526 628 nam;
597 563 716 620 sani
781 574 1234 620 conservatorem
1303 564 1666 630 valetudinis;
1756 579 1952 618 omnes

371 656 614 726 denique
645 657 846 712 elTerre
898 673 1024 710 eum
1051 705 1054 708 Α
1077 656 1360 720 laudibus,
1397 657 1490 726 qui
1547 656 1734 712 omnia
1769 655 1952 710 factus

371 756 456 800 est
491 747 772 810 omnibus,
833 755 894 800 ut
943 760 1135 801 omnes
1179 755 1274 800 aut
1323 747 1594 817 plurimos
1621 746 1952 800 lucraretur.

375 841 488 910 Ego
539 839 764 908 quidem
794 840 874 894 sic
902 840 1194 894 amborum
1225 841 1448 895 Patrum
1489 840 1724 894 virtutes
1779 839 1958 894 laudi—

373 935 478 988 bus
513 933 774 998 miscens,
803 941 1000 988 tenues
1048 932 1324 987 sermonis
1351 933 1544 998 epulas
1589 930 1836 986 convivis
1860 931 1958 984 de—

373 1026 558 1080 licatis
605 1025 858 1096 apposui,
915 1027 1102 1080 caules
1155 1025 1368 1080 scilicet
1409 1039 1536 1078 cum
1571 1021 1810 1092 pastillis
1837 1031 1959 1076 tan-

374 1131 540 1186 quam
591 1125 920 1185 apparatum
977 1115 1326 1178 deliciosum,
1371 1127 1720 1182 nequaquam
1779 1112 1960 1166 laudis

377 1210 602 1262 futurus
657 1223 884 1276 expers;
943 1207 1072 1277 quia
1118 1206 1266 1277 quod
1327 1207 1618 1260 honestum
1675 1212 1796 1258 erat
1820 1220 1960 1274 pra:—

377 1301 640 1368 sumpsi;
703 1300 862 1354 vobis
917 1309 1144 1363 autem,
1196 1299 1294 1369 qui
1351 1307 1506 1352 tanto
1562 1296 1748 1352 studio
1813 1295 1960 1365 justa

379 1407 579 1462 magno
601 1383 874 1463 Eutychio
903 1389 1273 1460 persolvistis,
1299 1390 1434 1446 nihil
1456 1387 1610 1444 aliud
1661 1387 1960 1442 consulue—

379 1483 506 1548 rim,
553 1481 658 1538 nisi
720 1491 781 1536 ut
831 1482 898 1536 ad
941 1481 1095 1535 illum
1130 1495 1364 1535 cernere
1395 1488 1452 1534 et
1477 1479 1722 1534 vicissim
1776 1479 1846 1533 ab
1897 1493 1963 1532 co

380 1577 628 1647 conSpici
664 1577 1028 1632 existimetis:
1067 1577 1184 1632 haec
1215 1577 1363 1632 enim
1403 1575 1624 1632 coronis
1663 1575 1773 1630 erit
1815 1583 1964 1630 recte

377 1653 650 1726 iacturum
712 1670 864 1742 eius,
933 1671 986 1725 iu
1039 1670 1145 1726 hoc.
1193 1671 1464 1724 virtutum
1505 1668 1606 1722 viri
1670 1668 1968 1724 thesaurus

382 1767 660 1821 consistit.

2056 467 2264 533 ὑγείας,
2300 466 2348 516 οἱ
2411 463 2612 524 πάντες
2644 461 2735 514 τὸν
2789 463 2968 516 πάντα
3029 462 3161 514 πᾶσι
3207 461 3512 532 γινόμενον,
3554 463 3644 516 ἵνα

2057 558 2289 628 κερδάνῃ
2321 557 2446 618 τοὺς
2481 555 2688 617 πάντας
2715 553 2746 624 ἢ
2780 554 3054 618 πλείονας.
3103 554 3242 606 Ἀλλ’
3279 554 3391 622 ἐγὼ
3425 555 3524 624 μὲν
3553 555 3646 608 οὖ-

2057 672 2163 717 τως
2193 655 2302 706 τῶν
2324 654 2648 724 ἀμφοτέρων
2685 652 2948 722 ΙῙατέρων
2977 651 3076 712 τὰς
3119 647 3322 719 ἀρετάς
3373 647 3648 716 ἀναμίξας

2057 749 2169 807 τοῖς
2192 744 2565 813 ὲπαίνοις,τὴν
2585 743 2846 814 πενιχράν
2869 741 2962 796 τοῦ
2985 741 3142 808 λόγου
3169 736 3496 792 πανδαισίαν
3511 737 3649 806 μετά

2057 837 2370 906 προθυμίας
2396 835 2684 906 παρέθηκα
2715 837 2826 896 τοῖς
2869 833 3190 902 δαιτυμόσιν
3219 827 3316 882 καὶ
3357 831 3646 900 τρυφιταίς

2058 932 2126 984 τὰ
2155 930 2380 983 τοιαῦτα
2405 946 2418 960 ·
2447 929 2520 992 ὡς
2573 929 2728 994 ἄλλος
2752 927 2870 998 μεθ’
2893 925 3142 997 ἀλεύρων
3187 924 3256 978 tl
3293 923 3520 992 λάχανα,
3549 922 3646 992 τῆς

2059 1023 2154 1076 τοῦ
2181 1021 2504 1092 προελέσθαι
2539 1022 2756 1084 πάντως
2788 1021 2848 1073 τὸ
2881 1019 3044 1072 καλὸν
3075 1017 3178 1070 οὐκ
3219 1016 3540 1086 άμοιρήσων
3573 1031 3654 1066 τι-

2065 1119 2172 1186 μῆς
2200 1131 2213 1146 ⁸
2245 1115 2374 1184 ὑμῖν
2407 1113 2464 1168 δὲ
2487 1113 2586 1168 οὐκ
2618 1113 2746 1168 ἄλλο
2783 1129 2836 1166 τι
2873 1109 3352 1181 συμϐουλεύσαιμι
3411 1107 3478 1160 ἂν
3539 1109 3655 1168 τοῖς

2061 1208 2465 1278 τετελεσμένοις
2482 1207 2548 1262 τά
2567 1207 2662 1260 τοῦ
2686 1205 2925 1276 μεγάλου
2959 1204 3246 1273 Εὑτυχίου,
3263 1203 3298 1272 ἢ
3327 1201 3458 1271 πρὸς
3485 1199 3652 1252 αὑτὸν

2065 1303 2152 1354 ἀεὶ
2175 1302 2396 1370 βλέπειν
2421 1300 2516 1354 καὶ
2545 1300 2620 1363 ὡς
2645 1299 2878 1369 ὁρῶντος
2932 1297 3029 1350 καὶ
3061 1295 3341 1368 ὁρωμένου
3377 1293 3454 1363 τῷ
3483 1291 3654 1345 πνεύ-

2070 1413 2198 1465 ματι
2249 1392 2668 1463 καταρτίζεσθαι
2702 1409 2716 1422 ·
2747 1391 2974 1460 τοιαύτη
3026 1389 3134 1459 γάρ
3187 1389 3282 1440 καὶ
3329 1386 3438 1440 τῶν
3483 1383 3650 1438 αὑτοῦ

2067 1485 2551 1556 κατορθωμάτωνὴ
2570 1483 2817 1555 κορωνὶς.
2833 1481 3068 1546 τοιοῦτος
3085 1479 3176 1535 τοῦ
3197 1479 3456 1550 θεοειςόρου
3467 1477 3657 1547 ἀνδρὸς

2067 1579 2175 1632 τῶν
2204 1579 2420 1652 ἀρετῶν
2448 1580 2474 1632 ὁ
2510 1576 2806 1650 θησαυρός.

2003 1925 2070 1938 ὐ

1859 2030 2220 2090 EPILOGUS.

457 2191 582 2244 101.
621 2191 812 2244 Restat
863 2197 922 2242 ut
951 2187 1046 2257 qui
1101 2203 1185 2242 me
1233 2187 1470 2256 benigne
1522 2180 1970 2246 audistis,tuquc
2005 2181 2044 2234 Β

390 2283 666 2354 imprimis
687 2281 938 2336 divinum
971 2295 1034 2334 ac
1067 2293 1286 2334 sacrum
1329 2285 1516 2348 caput,
1549 2274 1694 2332 detis
1745 2271 1962 2328 veniam

390 2374 704 2448 paupertati
731 2389 887 2436 meae,
917 2372 1216 2426 Mosaicum
1246 2370 1380 2424 illud
1407 2370 1475 2424 de
1523 2368 1650 2439 agni
1691 2382 1788 2421 esu
1820 2379 1976 2418 man-

394 2469 582 2522 datum
635 2465 1037 2536 expendentes:
1091 2462 1356 2517 «Decima
1411 2460 1502 2514 die
1547 2457 1752 2514 mensis
1813 2454 1975 2526 primi

403 2560 560 2614 tollat
593 2555 978 2627 unusquisque
1021 2571 1218 2626 agnum
1251 2569 1352 2624 per
1397 2552 1592 2606 domos
1639 2559 1695 2604 et
1739 2546 1980 2602 familias

397 2666 560 2706 suas:
597 2650 682 2703 sin
713 2657 898 2703 autem
929 2648 1114 2702 minor
1151 2657 1236 2702 est
1279 2659 1545 2701 numerus
1606 2657 1770 2714 quam
1829 2637 1980 2693 sulli-

388 2721 524 2797 .ccre
555 2741 728 2812 possit
750 2739 816 2794 ad
849 2739 1182 2796 vescendum
1219 2753 1440 2809 agnum,
1477 2731 1982 2790 assumetvicinum

399 2845 563 2886 suum
589 2830 684 2900 qui
733 2831 1071 2901 conjunctus
1111 2837 1197 2884 est
1241 2827 1431 2884 domui
1481 2842 1594 2881 sure
1652 2825 1760 2877 ".i
1801 2821 1854 2876 Si
1913 2819 1982 2875 ad

401 2926 567 2980 unius
597 2923 721 2996 agni
775 2938 930 2978 esum
988 2923 1193 2977 multos
1240 2919 1629 2977 convocandos
1683 2915 1982 2988 prmcepit,

401 3017 535 3088 quid
570 3017 637 3072 ad
666 3016 908 3088 pastoris
939 3015 1174 3086 alicujus
1217 3023 1274 3069 et
1307 3012 1532 3083 quidem
1563 3011 1690 3066 talis
1721 3007 1987 3080 ‘pastoris

401 3107 778 3163 laudationem
811 3105 930 3161 ﬁeri
961 3105 1310 3160 mandasset?
1355 3105 1492 3174 Ego,
1543 3111 1732 3158 sancte
1797 3101 1984 3166 Pater,

413 3217 542 3256 cum
579 3201 692 3256 tuis
717 3200 991 3256 encomiis
1015 3199 1382 3269 prmdicandis
1413 3215 1511 3270 par
1559 3212 1683 3252 esse
1714 3213 1823 3252 non
1861 3211 1989 3265 pos-

405 3311 560 3360 sem,
621 3294 730 3364 legi
775 3293 1199 3362 obtemperans,
1257 3307 1367 3346 non
1447 3304 1718 3361 pauperes
1777 3287 1990 3342 vicinos

407 3403 582 3449 turos.
609 3386 706 3442 sed
733 3385 976 3455 aequales
1019 3401 1084 3440 ac
1111 3399 1274 3454 pares
1335 3392 1459 3440 tuos
1479 3423 1492 3448 ,
1521 3381 1756 3438 eximios
1799 3380 1990 3450 utique

407 3480 584 3544 viros,
615 3476 954 3543 convocavi;
991 3492 1102 3532 non
1143 3485 1202 3532 ut
1231 3491 1434 3546 agnum
1488 3491 1660 3529 unum
1709 3473 1802 3529 edi
1859 3487 1994 3526 con-

2149 2179 2252 2244 ρα¹.
2291 2171 2454 2225 Ἀλλά
2505 2186 2596 2241 μοι
2631 2167 2964 2240 συγγνώμην
2992 2165 3219 2221 διδόσθω
3253 2167 3406 2238 παρά
3443 2183 3501 2220 τε
3555 2167 3666 2220 τῶν

2075 2265 2380 2335 φιλοπόνως
2432 2263 2868 2334 ἐντυγχανόντων
2925 2264 3036 2324 τοῖς
3068 2261 3475 2332 προκειμένοις,
3515 2259 3670 2332 παρά

2075 2357 2137 2410 τέ
2197 2373 2290 2409 σου
2353 2357 2452 2426 τῆς
2491 2353 2638 2416 θείας
2669 2353 2760 2406 καὶ
2795 2351 3096 2422 σεϐασμίας
3127 2368 3214 2422 μοι
3250 2351 3531 2420 κεφαλῆς,
3570 2351 3668 2420 τὴν

2079 2449 2219 2520 ἐμὴν
2247 2447 2600 2516 ἐπιστάμενοι
2627 2444 2720 2498 τοῦ
2741 2443 2901 2514 λόγου
2935 2443 3148 2505 πενίαν,
3173 2441 3268 2494 καὶ
3294 2441 3352 2495 τὸ
3375 2441 3670 2496 Μωσαῖκὸν

2079 2537 2440 2610 γινώσκοντες
2463 2526 2833 2605 παράγγελμα
2865 2533 2998 2604 περὶ
3033 2532 3131 2602 τῆς
3161 2529 3418 2602 βρώσεως
3449 2529 3544 2584 τοῦ
3569 2531 3672 2600 ἀρ-

2081 2633 2195 2687 νοῦ·
2223 2631 2372 2698 λέγει
2405 2630 2512 2702 γάρ
2538 2627 2734 2692 οὕτως·
2752 2627 2830 2700 Τῇ
2856 2626 3060 2698 δεκάτῃ
3087 2623 3181 2678 τοῦ
3209 2623 3378 2697 μηνὸς
3405 2621 3498 2675 τοῦ
3520 2621 3674 2694 πρώ-

2083 2739 2177 2775 του
2233 2721 2548 2776 λαϐέτωσαν
2605 2719 2817 2780 ἑαυτοῖς
2889 2713 3162 2787 πρόϐατον
3215 2715 3263 2766 οἱ
3313 2713 3419 2766 υἱοὶ
3455 2710 3673 2782 Ἰσραὴλ

2086 2811 2206 2866 κατ’
2225 2811 2408 2874 οἴκους
2435 2808 2701 2880 πατριῶνο
2733 2808 2827 2862 ἐὰν
2853 2806 2910 2860 δὲ
2935 2805 3202 2875 ὁλιγοστολ⁵
3227 2799 3383 2869 ὦσιν,
3427 2801 3566 2856 ὥστε
3596 2799 3674 2871 μὴ

2088 2903 2405 2958 ἱκανοῦσθαι
2463 2905 2543 2966 είς
2605 2901 2898 2973 πρόϐατον,
2928 2895 3500 2970 προσκαλεσάσθωσαν
3547 2894 3676 2958 τοὺς

2086 2998 2336 3068 γείτονας
2382 2995 2510 3060 τοὺς
2566 2994 2815 3064 πλησίον.
2866 2993 2928 3046 Εἰ
2986 2987 3081 3046 οὖν
3153 2991 3234 3054 εἰς
3293 2989 3498 3062 βρῶσιν
3559 2987 3676 3051 ἑνὸς

2089 3090 2366 3164 προϐάτου
2431 3088 2596 3160 νόμος
2653 3086 2981 3156 συναγωγὴν
3069 3083 3334 3149 ἐπέταξεν
3419 3080 3679 3151 γενέσθαι

2091 3183 2321 3248 πολλῶν,
2346 3182 2400 3237 τι
2421 3182 2482 3236 οὐ
2517 3181 2621 3235 κᾶν
2651 3183 2780 3252 περὶ
2813 3179 3073 3249 ποιμένος
3123 3177 3220 3232 καί⁸
3271 3175 3515 3230 τοιούτου
3559 3189 3682 3226 ποι-

2095 3277 2254 3348 μένος
2279 3275 2415 3346 πρὸς
2443 3272 2720 3344 εὐφημίαν
2743 3271 3100 3344 προστάξειεν
3128 3269 3425 3338 γενέσθαι;
3448 3265 3684 3338 Πειθαρ·

2093 3373 2266 3442 χήσας
2283 3369 2464 3422 τοίνυν
2485 3364 2641 3436 κάγὼ
2657 3363 2736 3435 τῷ
2764 3363 2936 3436 νόμῳ,
2979 3363 3054 3434 μὴ
3089 3361 3165 3416 ὣν
3187 3362 3374 3425 ἱκανὸς
3439 3357 3684 3430 συγγρά-

2094 3462 2298 3532 ψασθαι
2327 3460 2396 3515 τὰ
2450 3460 2520 3514 σά
2553 3455 2982 3529 κατορθώματα,
3039 3455 3155 3509 ὅσιε
3192 3455 3400 3523 Πάτερ,
3451 3449 3682 3506 συνεκά-

411 3573 714 3642 spicerent,
751 3569 848 3624 sed
881 3578 943 3623 ut
967 3577 1242 3638 pastorem
1273 3566 1744 3638 peregrinationis
1773 3566 1988 3620 socium

2094 3553 2229 3606 λεσα
2265 3554 2345 3616 είς
2380 3550 2658 3621 εὐφημίαν
2711 3549 2810 3619 τὴν
2865 3547 2986 3618 σὴν,
3030 3547 3092 3600 οὐ
3142 3547 3268 3610 τοὺς
3331 3545 3551 3615 ὁμοίους
3581 3558 3686 3612 μου

411 3663 819 3720 collaudarent.
851 3661 1092 3732 {Equum
1127 3670 1212 3716 est
1249 3677 1382 3716 sane
1415 3668 1473 3713 ut
1509 3667 1866 3714 transeuntes
1893 3674 1994 3728 per

411 3756 559 3810 viam
596 3766 654 3810 ct
704 3771 734 3810 a
771 3754 970 3812 viatico
1035 3755 1280 3810 tenuiter
1311 3751 1593 3812 instructi.
1651 3752 1706 3806 id
1757 3759 1845 3806 est
1883 3751 1998 3806 elo—

413 3847 640 3918 quentia
665 3855 722 3902 et
743 3845 998 3902 doctrina
1029 3846 1243 3918 inopes,
1271 3845 1668 3914 conciunzeque
1699 3854 1754 3900 et
1785 3858 1998 3898 sonora}

414 3937 840 4010 compositionis
867 3937 1168 4005 elegantia.
1197 3943 1328 3992 eant
1371 3935 1438 3990 ad
1495 3950 1694 4005 aquam
1742 3933 1922 3989 vivam
1945 3941 2000 3988 et

417 4031 611 4087 bibant
643 4047 708 4086 ex
747 4031 868 4102 ipso
899 4030 1066 4086 fontis
1093 4029 1249 4084 labro
1282 4045 1346 4084 ac
1381 4035 1584 4098 puteo:
1615 4043 1798 4098 neque
1849 4027 1998 4082 enim

415 4121 580 4176 decet
609 4119 676 4174 ad
734 4119 997 4181 alienam,
1031 4118 1366 4182 doctrinam,
1415 4117 1666 4185 inquam,
1699 4124 1755 4186 et
1811 4115 2001 4170 erudi-

421 4213 654 4278 tionem,
681 4211 967 4266 accedere.
993 4211 1186 4279 itaque
1223 4225 1346 4279 qua:
1373 4224 1440 4263 ex
1487 4207 1598 4264 tuis
1635 4216 1788 4263 recte
1841 4207 2002 4262 factis

423 4305 580 4374 potui
616 4303 838 4372 assequi
862 4301 1120 4374 dicendo,
1147 4301 1309 4356 Pater
1335 4309 1550 4370 sancte,
1588 4313 1650 4359 ea
1681 4299 2005 4356 sitientibus

421 4407 677 4468 prompte
707 4396 938 4468 apposui
967 4413 980 4461 ;
1016 4410 1140 4464 «iure
1172 4403 1357 4448 autem
1389 4393 1533 4448 vires
1604 4409 1754 4450 meas
1839 4409 2007 4464 supe—

423 4489 642 4552 rabant,
701 4501 882 4556 neque
944 4500 1198 4540 sermone
1262 4499 1386 4540 ιιι-ιο
1443 4491 1700 4554 poterant
1757 4497 2008 4551 compre-

423 4582 614 4646 hendi,
652 4582 842 4636 divina
864 4579 1212 4651 sapientibus
1239 4579 1375 4633 viris
1405 4579 1764 4652 ipsorumque
1800 4589 2010 4630 sermo-

424 4675 590 4730 nibus
616 4672 915 4743 dercliqui,
949 4689 1186 4742 quorum
1209 4670 1406 4732 Verba,
1428 4669 1576 4723 sicut
1599 4667 1872 4736 scriptum
1903 4675 2008 4728 est,

425 4769 796 4826 suntstimuli
828 4779 884 4823 et
938 4767 1100 4837 quasi
1150 4765 1292 4820 clavi
1339 4763 1499 4834 igniti
1549 4762 1632 4816 πε
1675 4760 1792 4816 «θα
1822 4766 2008 4814 autem

425 4864 664 4936 sapienti
682 4863 1056 4922 occasionem,
1077 4869 1135 4916 et
1152 4857 1458 4928 sapientior
1478 4854 1604 4920 crit;
1623 4853 1760 4908 doce
1774 4853 2008 4924 justum,

429 4965 486 5012 rt
513 4955 804 5012 festinabit
833 4952 1118 5023 suscipere
1144 4951 1210 5004 ’7.
1245 4969 1262 5000 I
1295 4947 1596 5019 Apostolus
1641 4961 1811 5001 vero:
1852 4964 1870 4996 ι
1911 4944 2014 4999 Ve-

427 5057 570 5115 stra,
599 5049 798 5118 inquit,
829 5043 1174 5101 abundantia
1203 5043 1426 5098 illorum
1479 5038 1720 5108 inepiam
1745 5037 2018 5108 suppleat,

433 5147 498 5194 ut
517 5149 574 5198 et
601 5139 829 5194 illorum
856 5133 1198 5190 abundantia
1231 5139 1432 5184 vestra:
1454 5127 1654 5198 inopiae
1701 5125 1771 5181 sit
1800 5125 2023 5200 supple-

433 5243 708 5298 mentum,
735 5239 800 5286 ut
827 5227 922 5284 ﬁat
951 5225 1242 5296 inqualitas
1270 5223 1338 5277 ⁸³.
1371 5241 1392 5274 ι
1429 5221 1500 5278 Ει
1528 5237 1540 5274 :
1577 5241 1594 5270 ι
1617 5219 1907 5290 Adimpleo
1958 5233 2024 5272 ea

433 5343 557 5398 qua:
585 5325 792 5380 desunt
837 5321 1162 5394 passionum
1205 5315 1412 5371 Christi
1461 5315 1516 5368 in
1549 5327 1714 5369 carne
1744 5327 1867 5366 mea
1898 5313 1965 5364 π.
2000 5331 2014 5356 ι

434 5419 504 5476 Et
555 5419 814 5472 iterum:
881 5412 1078 5481 «Quod
1143 5408 1280 5464 mihi
1347 5407 1540 5462 deerat
1619 5403 2020 5474 suppleverunt

435 5509 638 5562 fratres
661 5505 954 5559 venientes
1007 5517 1036 5555 a
1095 5496 1416 5554 Macedonia
1453 5495 1492 5546 ⁸.
1521 5513 1538 5544 ι
1571 5493 1638 5546 Εῑ
1687 5505 1784 5546 vos
1829 5490 2016 5559 igitur,

435 5596 544 5656 viri
569 5595 827 5666 perfecti,
857 5593 949 5666 qui
977 5593 1076 5649 viri
1109 5591 1277 5660 hujus
1301 5585 1478 5643 sancti
1504 5583 1796 5654 divinique
1837 5581 2018 5636 Patris

501 5710 548 5746 ”
572 5709 752 5771 Exod.
787 5727 897 5773 xm.
931 5709 984 5774 5,
1015 5710 1064 5768 4.

2103 3646 2340 3714 πένητας
2381 3642 2651 3712 γείτονας,
2709 3638 2843 3692 ἀλλὰ
2896 3639 3024 3702 τοὺς
3073 3637 3200 3700 σοὺς
3258 3635 3547 3705 συζύγους,
3595 3633 3692 3686 καὶ

2100 3736 2407 3809 ὁμοδόξους,
2432 3737 2530 3804 οὐχ
2556 3735 2642 3786 ἵνα
2667 3731 2941 3804 πρόϐατον
2958 3729 3217 3800 ἐδώδιμον
3239 3727 3550 3788 θεάσοντας,
3570 3725 3690 3778 ἀλλ’

2102 3831 2192 3884 ἵνα
2237 3829 2472 3899 ποιμένα
2527 3824 2868 3896 συνέκδημον
2915 3823 3300 3878 ἐπαινέσωσιν.
3357 3821 3536 3874 Καλδν
3581 3819 3694 3887 γὰρ

2102 3923 2228 3984 τοὺς
2275 3921 2510 3982 διῖόντας
2561 3918 2654 3970 καὶ
2715 3915 3028 3984 όλιγοστοῦς
3091 3916 3148 3966 ὲν
3201 3911 3452 3986 ἀργυρίῳ
3489 3909 3696 3979 τυγχά-

2103 4029 2317 4076 νοντας,
2347 4009 2628 4064 τουτέστιν
2643 4009 2702 4060 ὲν
2739 4007 2884 4076 λόγῳ
2906 4023 2964 4060 τε
3023 4005 3116 4059 καὶ⁵
3161 4004 3385 4072 γνώσει,
3419 4001 3513 4056 καὶ
3563 4001 3698 4072 περὶ

2103 4103 2200 4173 τὴν
2243 4101 2460 4156 εὔθετον
2490 4100 2584 4153 καὶ
2628 4097 2886 4168 εὖκροτον
2933 4098 3035 4166 τῆς
3069 4093 3382 4160 καλλιεξίας
3440 4091 3700 4147 σύνθεσιν

2105 4192 2474 4264 ὲνδεομένους,
2518 4187 2848 4260 πορεύεσθαι
2889 4186 3142 4257 ἐφ’ὖδωρ
3193 4185 3322 4252 ζῶν,
3381 4186 3481 4238 καὶ
3517 4184 3699 4236 πίνειν

2104 4285 2166 4350 ἐξ
2193 4284 2339 4340 ἰδίων
2369 4283 2607 4352 ἀγγείων
2639 4280 2732 4334 καὶ
2762 4281 3015 4351 φρεάτων
3039 4279 3221 4348 πηγῆς
3249 4295 3262 4308 ’
3309 4269 3370 4330 οὗ
3405 4275 3515 4348 γάρ
3541 4275 3703 4344 θεμι-

2104 4377 2195 4430 τὸν
2225 4373 2459 4446 βαδίζειν
2505 4371 2644 4444 πρὸς
2693 4371 2980 4442 ἀλλοτρίαν
3003 4411 3018 4434 ,
3067 4369 3234 4440 φημὶ,
3257 4369 3476 4437 διδαχὴν
3513 4383 3574 4419 τε
3607 4367 3704 4420 καὶ

2111 4467 2417 4524 παίδευσιν.
2460 4463 2603 4518 Ἀλλ’
2629 4463 2731 4516 ὅσα
2766 4480 2856 4533 μοι
2884 4461 3142 4530 εὐάγωγα
3189 4459 3298 4512 τῶν
3333 4457 3443 4510 σῶν
3503 4455 3704 4526 ἀνδρα-

2109 4559 2446 4629 γθῑθτηλέιτων
2477 4555 2788 4625 γεγόνασιν,
2834 4555 2970 4616 δσιεν
3025 4556 3134 4614 τοῖς
3175 4549 3400 4620 διψῶσιν
3427 4546 3705 4616 ἁπένειμα

2111 4651 2284 4706 ταῦτα
2317 4648 2618 4719 προθύμως
2640 4663 2654 4676 ’
2695 4648 2795 4701 ὅσα
2815 4648 2872 4700 δὲ
2896 4645 3235 4716 δυσάντλητα
3269 4645 3302 4714 ἢ
3361 4641 3706 4712 δυσπόριστα

2115 4741 2207 4796 καὶ
2229 4739 2306 4812 τῷ
2329 4739 2448 4810 ἐμῷ
2484 4738 2624 4809 λόγῳ
2656 4737 2732 4810 μὴ
2791 4736 3213 4808 καταληφθέντα
3245 4735 3358 4796 τοῖς
3411 4734 3596 4801 σοφοῖς
3635 4729 3708 4784 τὰ

2116 4833 2235 4888 θεῖα
2262 4833 2486 4894 καὶτοῖς
2507 4830 2686 4884 αὐτῶν
2710 4829 2890 4898 λόγοις
2927 4828 3285 4900 παρέπεμψα,
3315 4825 3532 4888 οἵτινες
3567 4823 3709 4876 εἰσὶν

2121 4925 2264 4980 κατὰ
2291 4927 2350 4977 τὸ
2375 4923 2785 4996 γεγραμμένον,
2823 4922 2989 4992 Λόγοι
3027 4920 3208 4991 σοφῶν
3247 4919 3323 4983 ὡς
3361 4917 3432 4973 τά
3486 4917 3709 4986 βούκεν-

2119 5037 2228 5094 τρα
2245 5019 2343 5074 καλ⁸
2367 5018 2442 5082 ώς
2459 5013 2583 5090 ἧλοι
2607 5015 3000 5088 πεπυρωμένοι
3019 5031 3032 5046 ·
3063 5033 3080 5066 ι
3105 5015 3261 5068 Δίδου
3279 5013 3336 5067 δε
3369 5011 3517 5081 σοφῷ
3537 5013 3710 5082 ἀφορ-

2130 5111 2258 5181 μὴν,
2302 5109 2400 5162 καὶ
2424 5107 2733 5178 σοφώτερος
2751 5107 2924 5172 ἔσται,
2953 5105 3185 5177 γνώριζε
3207 5103 3401 5174 δικαίῳ
3421 5103 3517 5156 καὶ
3541 5117 3713 5172 προσ-

2125 5201 2278 5274 θήσει
2313 5201 2408 5255 τοῦ
2451 5199 2735 5270 δέχεσθαι·
2774 5217 2792 5252 ι
2820 5198 2880 5251 σὲ
2927 5198 2984 5251 δὲ
3011 5198 3348 5266 προστάσσει
3376 5197 3472 5249 καὶ
3498 5197 3524 5248 ὁ
3569 5194 3711 5255 θεῖος

2139 5293 2484 5356 ’Λπόστολοςο
2509 5310 2526 5342 ι
2549 5291 2673 5344 Ὅτι
2696 5290 2921 5360 τὸὺμῶν
2941 5290 3288 5361 περίσσευμα
3303 5288 3384 5349 εἰς
3407 5285 3467 5339 τὸ
3485 5283 3713 5338 ἐκείνων

2131 5387 2442 5456 ὑστέρημα,
2461 5385 2554 5438 καὶ
2585 5385 2643 5437 τὸ
2661 5385 2886 5437 ἐκείνων
2923 5381 3215 5452 ὑστέρημα
3247 5381 3327 5443 είς
3352 5378 3414 5432 τὸ
3435 5377 3589 5448 ὑμῶν
3617 5392 3716 5429 πε-

2133 5481 2427 5551 ρίσσευμα,
2475 5479 2626 5540 ὅπως
2657 5477 2937 5546 γένηταιὴ
2969 5476 3180 5541 ἰσότης·
3213 5492 3230 5524 ι
3265 5472 3384 5526 καί’
3423 5490 3442 5522 ι
3490 5469 3618 5522 Ὅτι
3645 5469 3718 5522 τά

2131 5576 2488 5646 ὑστερήματα
2537 5572 2646 5625 τῶν
2682 5571 2914 5640 θλίψεων
2941 5569 3038 5622 τοῦ
3093 5567 3330 5639 Χριστοῦ
3365 5567 3424 5620 ὲν
3451 5566 3518 5634 τῇ
3551 5563 3720 5634 σαρκί

1147 5707 1190 5734 ’⁵⁸
1226 5703 1410 5762 Hrcle.
1453 5701 1652 5768 xu,ll.
1695 5700 1738 5732 ³⁷
1777 5698 1914 5754 Prov
1973 5713 1986 5749 1

2093 5693 2128 5746 l.
2173 5692 2215 5722 ³⁸
2247 5690 2290 5746 ll
2319 5689 2442 5744 Cor.
2479 5705 2590 5752 vui,
2621 5687 2710 5742 14.
2750 5689 2792 5720 9’
2831 5687 3042 5740 Coloss.
3071 5701 3108 5750 I,
3140 5686 3227 5739 “2i.
3277 5685 3288 5714 ‘
3325 5683 3368 5736 ll
3401 5681 3528 5738 Cor.
3559 5698 3634 5742 xu.
3661 5681 3716 5736 9.
