4042 6156
419 229 560 298 2389

1093 236 1198 296 DE
1228 236 1613 297 PASCHATE
1651 237 1746 296 ET
1786 238 1890 298 SS.
1928 238 2467 298 EUCHARISTIA.
2499 260 2567 270 ·-
2607 236 2986 296 MONITUM.

3517 231 3661 298 2390

418 369 516 421 μου
547 348 850 420 ἀναπληρῶ
871 346 892 379 ·’
915 369 932 401 ι
961 351 1052 402 καὶ
1082 351 1263 404 πάλιν·
1304 369 1321 402 ι
1351 351 1421 404 Τὸ
1442 351 1553 422 γὰρ
1573 351 1854 422 ὑστέρημὰ
1879 371 1979 421 μου

2089 369 2147 407 ac
2179 350 2426 421 magistri
2493 348 2811 402 laudatores
2847 363 2911 401 ac
2975 347 3091 400 veri
3137 347 3273 401 estis
3315 346 3435 409 filii,
3491 345 3658 400 animi

411 442 653 504 ἐλθόντες,
684 441 1081 511 ἀνεπλήρωσαν
1110 443 1158 493 οἱ
1192 443 1431 511 ἀδελφοί.
1475 463 1491 494 ι
1520 444 1627 496 Καὶ
1658 442 1814 512 ὑμεῖς
1870 440 1984 503 οὖν,

409 534 522 586 ὅσοι
548 533 740 586 τέλειοι
780 533 1141 602 φιλοπάτορες
1177 533 1270 586 τοῦ
1323 533 1529 586 τελείου
1561 537 1653 588 καὶ
1716 535 1976 606 θεοφόρου

409 623 600 693 ἀνδρός
628 641 686 676 τε
717 625 809 676 καὶ
831 624 1151 678 διδασκάλου
1178 627 1458 679 ἐπαινέται
1487 629 1583 680 καὶ
1612 628 1822 697 γνήσιοι
1858 631 1978 680 παῖ-

409 713 494 777 δες
509 715 824 784 τυγχάνετε,
851 714 949 784 τὴν
984 715 1081 783 μὲν
1127 717 1267 785 ἐμὴν
1310 716 1642 780 ἀποδέξασθε
1683 716 1939 788 πρόθεσιν
1964 734 1975 747 ·

410 804 545 858 τὸδὲ
575 804 758 858 λοιπον
780 806 859 868 είς
893 805 1168 876 εὐφημίαν
1224 807 1256 876 ἢ
1319 807 1519 876 μᾶλλον
1561 810 1735 861 εἰπεῖν
1768 809 1827 862 τὸ
1859 810 1978 862 ὅλον

411 894 874 965 ἀναπληρώσατε,
925 896 1073 960 ὅπως
1138 897 1396 968 πληρωθῇ
1457 900 1519 952 τὸ
1570 900 1974 970 γεγραμμένονσ

2098 442 2340 496 studium
2405 447 2567 508 atque
2597 437 3024 506 propensionem
3088 436 3219 490 boui
3265 436 3572 501 consulite;
3605 446 3660 493 et

2094 538 2241 606 quod
2271 539 2426 590 dust
2456 536 2782 599 laudationi,
2832 535 3114 602 supplctc;
3154 531 3261 585 imo
3310 544 3444 583 vero
3488 540 3660 583 totum

2098 629 2204 683 hoc
2257 643 2399 681 onus
2454 628 2508 680 in
2557 642 2658 680 vos
2696 625 2996 694 suscipite,
3061 630 3122 676 ut
3183 622 3477 690 impleatur
3519 620 3665 688 quod

2088 721 2352 790 scriptum
2379 730 2498 774 est:
2526 737 2543 770 ‹
2569 719 2760 773 Frater
2784 716 2878 787 qui
2906 716 3200 786 adjuvatur
3229 729 3259 767 a
3289 713 3485 774 fratre,
3505 711 3663 780 quasi

2104 812 2302 866 civitas
2332 811 2509 875 ﬁrma,
2538 810 2824 864 invalescit
2845 816 3031 862 autem
3061 807 3207 861 sicut
3241 818 3468 872 regnum
3519 804 3668 857 clau-

2091 918 2214 957 sum
2247 910 2401 956 vectc
2431 904 2472 955 ’.
2499 921 2518 953 ι

417 1004 435 1035 ι
476 964 725 1053 Ἀδελφὸς
775 986 878 1039 ὑπὸ
907 987 1134 1058 ἀδελᾳοῦ
1166 964 1838 1062 βοήθουμενος,ῶςηπολίς
1865 989 2034 1060 ὀχυρὰ
2067 995 2160 1046 καὶ
2197 993 2594 1062 τετειχισμένη.
2642 964 2834 1060 Ἰσχύεί
2887 989 2942 1043 δὲ
2980 988 3168 1060 ὥσπερ
3231 986 3667 1058 μεμοχλευμῗνον

419 1069 710 1138 βασίλειον.
755 1095 774 1128 ι

492 1173 594 1244 ρβ’.
623 1173 694 1225 Σὺ
716 1172 771 1226 δὲ
804 1174 970 1243 ἡμᾶς,
1003 1166 1048 1226 ὦ
1077 1179 1442 1246 τρισμακάριε
1476 1175 1571 1230 καὶ
1625 1177 1750 1245 ἅγιε
1783 1177 1984 1246 Πάτερ,

420 1264 740 1326 ἑποπτεύοις
790 1263 1019 1330 ἄνωθεν,
1072 1267 1166 1318 καὶ
1219 1265 1312 1319 τὸν
1359 1266 1538 1320 πάντα
1570 1267 1681 1336 βίον
1718 1267 1986 1335 διεξάγοις

414 1357 550 1424 πρὸς
577 1355 637 1407 τὸ
663 1355 1138 1413 λυσιτελέστατονο
1169 1359 1216 1410 εἰ
1244 1357 1301 1410 δὲ
1328 1359 1759 1429 μετασταίημεν,
1810 1360 1988 1424 δέξαις

416 1446 666 1500 κάκεῖθεν
720 1449 869 1516 ἡμᾶς
915 1448 1058 1500 κατὰ
1111 1449 1209 1512 τὰς
1245 1449 1342 1513 σὰς
1387 1450 1719 1518 ἐπαγγελίας
1759 1453 1837 1514 είς
1861 1453 1988 1516 τοὺς

429 1535 820 1607 Ἀϐραμιαίους
836 1537 1069 1601 κόλπους
1099 1539 1192 1590 καὶ
1221 1543 1341 1602 ταῖς
1356 1539 1464 1592 τῶν
1486 1541 1708 1593 δικαίων
1741 1544 1986 1611 σκηναῖς,

416 1629 492 1689 ὡς
529 1629 593 1680 ἂν
645 1627 740 1681 καὶ
769 1629 826 1682 ὲν
867 1630 1055 1692 αὐταῖς
1090 1629 1296 1696 διδάξαι
1335 1632 1480 1700 ἡμᾶς
1513 1630 1750 1700 καθαρόν
1787 1649 1844 1684 τε
1896 1634 1988 1686 καὶ

415 1720 746 1790 τελειότερον
764 1721 832 1773 τὰ
854 1721 980 1791 περὶ⁹
1007 1723 1103 1791 τῆς
1121 1722 1282 1790 ἁγίας
1313 1722 1708 1790 καὶὸμοουσίου
1739 1723 1830 1775 καὶ
1859 1740 1988 1775 συν-

417 1809 589 1862 αῖδίου
612 1808 861 1880 Τριάδος,
882 1803 948 1880 ἧς
978 1809 1074 1862 νῦν
1110 1809 1345 1880 μετρίως
1378 1810 1673 1880 δεδέγμεθα
1697 1812 1793 1874 τὰς
1817 1813 1991 1880 ἐμ.φά-

419 1915 532 1961 σεις
577 1898 682 1951 ὑπὸ
713 1900 841 1964 σοῦ,
896 1900 993 1952 καὶ
1034 1899 1144 1952 τῶν
1180 1899 1254 1962 ὼς
1288 1899 1350 1952 σὺ
1398 1898 1660 1970 μαθόντες
1708 1899 1801 1952 καὶ
1832 1916 1990 1968 σοφι-

421 1992 658 2056 σθέντες.
698 1994 806 2046 Ἢν
839 1992 933 2046 καὶ
962 1976 1292 2063 παρακαλῶν
1334 1993 1646 2058 ἀπαύστως,
1686 1993 1758 2064 μὴ
1808 1992 1991 2065 παύσῃ

418 2081 559 2152 ὺπέρ
582 2099 640 2134 τε
667 2083 826 2153 ἡμῶν
852 2083 962 2136 τῶν
981 2083 1090 2135 σῶν
1121 2082 1337 2147 ἱκετῶν,
1365 2083 1456 2134 καὶ
1472 2081 1696 2153 τοῦΑσοῦ
1735 2080 1986 2149 ποιμνίου

415 2173 594 2236 τοῦδε,
626 2174 720 2226 τοῦ
752 2175 1072 2229 πιστοτάτου
1102 2176 1197 2228 καὶ
1235 2147 1599 2244 φιλοχρίστου’
1633 2173 1782 2248 λαοῦ,
1841 2174 1989 2235 ὅπως

420 2265 770 2335 ἐπιτύχωμεν
794 2267 904 2319 τῶν
934 2267 1168 2321 αἰωνίων
1199 2266 1441 2334 ἀγαθῶν,
1467 2267 1525 2317 ἐν
1557 2264 1779 2335 Χριστῷ
1810 2263 1986 2334 Ἰησοῦ

417 2354 497 2426 τῷ
520 2357 707 2426 Κυρίῳ
739 2357 917 2427 ἡμῶν,
949 2357 1065 2427 μεθ’
1106 2350 1167 2411 οὗ
1200 2356 1280 2428 τῷ
1311 2355 1484 2426 Πατρὶ
1509 2355 1636 2422 δόξα
1681 2357 1774 2408 καὶ
1822 2371 1989 2426 προσ-

2175 1173 2298 1228 102.
2331 1175 2412 1228 Tu
2443 1190 2595 1240 vero,
2623 1173 2969 1228 sanctissime
3011 1188 3075 1226 ac
3114 1171 3430 1226 beatissime
3483 1171 3666 1233 Patr",

2093 1267 2160 1320 de
2192 1267 2330 1320 coelo
2357 1281 2459 1320 nos
2483 1267 2718 1335 respice,
2745 1275 2802 1318 et
2824 1266 2950 1319 vitat
2981 1273 3182 1319 nosti-te
3217 1278 3439 1317 cursum
3483 1261 3548 1316 ad
3576 1277 3664 1316 sa-

2087 1359 2256 1413 lutem
2282 1358 2476 1428 dirige,
2511 1364 2568 1411 ut
2627 1373 2751 1412 cum
2795 1357 2925 1411 hinc
2977 1356 3402 1420 recesserimus,
3431 1355 3666 1424 recipias

2089 1465 2189 1503 nos
2223 1449 2277 1502 in
2331 1450 2511 1502 sinum
2545 1447 2776 1501 Abrahae
2803 1447 2941 1500 etin
3003 1455 3206 1501 aeterna
3249 1446 3526 1514 justorum
3583 1453 3664 1496 ta-

2023 1577 2062 1636 n
2095 1539 2411 1602 bernaeula,
2463 1537 2556 1592 ubi
2589 1537 2784 1607 purius
2832 1546 2995 1606 atque
3043 1536 3340 1606 perfectius
3384 1536 3668 1589 videamus

2091 1645 2214 1700 qua)
2259 1630 2358 1684 abs
2415 1641 2468 1684 te
2525 1628 2826 1682 didicimus
2884 1627 2952 1681 de
3002 1635 3188 1681 saneta
3227 1635 3282 1679 et
3334 1625 3666 1694 sempiterna

2088 1721 2332 1791 ejusdem
2381 1720 2636 1774 essentia:
2683 1719 2974 1774 Trinitate.
3025 1717 3308 1779 Eamdem,
3361 1718 3544 1779 Pater,
3574 1715 3668 1769 de-

2090 1827 2315 1882 precare
2345 1827 2446 1880 pro
2497 1810 2660 1864 nobis
2698 1809 2917 1864 famulis
2967 1809 3098 1873 tuis,
3135 1824 3341 1879 proque
3361 1823 3520 1878 grege
3549 1815 3662 1870 tuo,

2096 1907 2200 1959 hoc
2231 1903 2548 1958 fidelissimo
2579 1901 2897 1970 Christique
2922 1901 3304 1955 amantissimo
3352 1899 3574 1969 populo,
3611 1908 3670 1951 ut

2097 1994 2239 2048 bona
2291 2008 2694 2062 consequamur
2733 2002 2960 2056 aeterna,
3017 1992 3071 2045 in
3106 1991 3326 2046 Christo
3375 1990 3506 2047 Jesu
3558 1988 3670 2044 Do-

2097 2087 2248 2140 mino
2280 2095 2508 2151 nostro;
2539 2100 2663 2138 cum
2695 2101 2804 2154 quo
2849 2085 2960 2138 Deo
3014 2092 3066 2138 et
3099 2084 3245 2138 Patri
3297 2083 3469 2154 gloria
3518 2083 3587 2137 sit
3616 2091 3671 2136 et

2095 2175 2367 2238 adoratio,
2404 2175 2569 2229 simul
2601 2190 2724 2228 cum
2775 2181 2965 2228 sancto
3012 2173 3269 2243 bonoque
3302 2183 3357 2228 et
3387 2175 3510 2228 vitae
3563 2173 3671 2227 lar—

2093 2265 2264 2336 gitore
2303 2264 2530 2334 Spiritu,
2564 2279 2711 2318 nunc
2742 2273 2796 2318 et
2843 2278 3080 2332 semper,
3140 2264 3274 2317 etin
3326 2264 3524 2318 saecula
3556 2279 3657 2318 sat-

2095 2359 2366 2411 culorum.
2399 2355 2591 2410 Amen.

422 2447 645 2518 κύνησις
704 2447 822 2518 ἅμα
872 2447 949 2520 τῷ
997 2449 1136 2520 ἁγίῳ
1189 2447 1284 2503 καὶ
1341 2447 1531 2518 ᾲγαθῷ
1583 2448 1676 2503 καὶ
1732 2446 1979 2518 ζωοποιῷ
2019 2447 2318 2518 “vstitu-rt,
2347 2446 2443 2500 νῦν
2481 2449 2574 2500 καὶ
2605 2450 2709 2512 est,
2773 2448 2868 2501 καὶ
2907 2449 2984 2511 είς
3016 2446 3142 2510 τοὺς
3171 2446 3372 2510 αἰῶνας
3400 2445 3508 2500 τῶν
3533 2445 3668 2500 αίώ-

420 2555 549 2593 νων.
598 2541 790 2610 Ἀμήν.

497 2678 518 2708 ¹
538 2678 696 2735 Prov.
729 2694 882 2749 xvm,
935 2679 1017 2736 19.

1638 3036 1684 3093 A‘
1695 3034 1822 3096 NG.
1881 3032 2036 3093 MAI
2079 3031 2457 3096 MONlTUM'

1456 3197 1533 3241 ne
1574 3198 1869 3243 nunrch
1901 3198 2310 3243 PATRIARCHAE
2355 3183 2668 3248 εειιδιοιςῑς.

1617 3327 1888 3396 (Biblioth.
1925 3326 2057 3382 Nov.
2091 3336 2128 3382 t.
2164 3329 2253 3394 ιν,
2290 3346 2345 3399 p.
2379 3331 2490 3401 54.)

501 3571 751 3643 Eutychii
783 3570 1108 3640 patriarcha:
1133 3566 1750 3640 Constantittopollltani,
1777 3572 1959 3626 medio
1988 3572 2189 3628 sarculo
2218 3583 2371 3628 sexto
2397 3574 2551 3639 clari,
2575 3590 2883 3630 sermonem
2917 3576 2983 3631 de
3008 3576 3275 3631 Paschatc
3307 3583 3364 3630 et
3390 3575 3458 3632 de
3488 3591 3677 3632 sacro.

426 3669 613 3715 sancta
642 3658 1012 3722 Eucharistia,
1041 3658 1086 3712 si
1111 3673 1220 3711 non
1248 3657 1520 3727 integrum
1549 3666 1697 3711 certe
1733 3657 1874 3712 bona
1901 3659 1984 3712 sui
2017 3667 2171 3728 parte
2198 3659 2569 3730 superstitem,
2597 3659 2651 3714 in
2676 3661 2939 3716 Vaticano
2960 3661 3147 3717 codice
3168 3661 3434 3732 comperi.
3460 3662 3676 3716 Etenim

425 3762 496 3801 ex
519 3747 768 3816 ejusdem
797 3745 1054 3816 Eutychii
1083 3745 1206 3800 Vita
1237 3745 1306 3798 ab
1334 3745 1627 3799 Eustathio
1658 3744 1913 3801 familiari
1937 3747 2077 3817 ejus,
2105 3745 2830 3817 presbytero,amautissime
2852 3747 3154 3818 scriptaret
3174 3763 3240 3802 ex
3261 3747 3524 3803 Vaticano
3551 3749 3679 3804 item

425 3834 616 3889 codice
639 3851 669 3889 a
694 3832 1050 3888 Bollandistis
1076 3833 1179 3887 sub
1205 3831 1295 3886 die
1325 3832 1358 3885 6
1391 3831 1596 3901 Aprilis
1618 3831 1812 3888 Latine
1846 3834 2016 3898 edita,
2051 3835 2182 3889 satis
2232 3835 2520 3888 constabat
2567 3836 2945 3904 composuisse
2991 3851 3118 3890 eum
3161 3850 3445 3890 sermones
3491 3845 3682 3890 contra

425 3938 784 3992 quascunque
813 3922 1075 3987 haereses,
1104 3936 1308 3990 eosque
1331 3927 1457 3975 ante
1487 3919 1700 3975 obitum
1731 3921 2042 3991 publicasse
2071 3939 2084 3988 ;
2133 3935 2366 3990 quorum
2401 3936 2542 3974 unus
2585 3929 2641 3975 et
2688 3921 2911 3990 quidem
2939 3921 3086 3975 haud
3129 3921 3301 3976 infimi
3342 3922 3562 3991 generis
3592 3921 3683 3977 hic

427 4019 616 4064 noster
645 4009 770 4074 fuit,
802 4009 1249 4078 quandoquidem
1273 4008 1328 4061 in
1350 4023 1418 4061 eo
1446 4017 1773 4078 argumento
1799 4018 2072 4075 versatur,
2105 4007 2194 4061 cui
2220 4023 2332 4077 pra:
2352 4007 2567 4063 caeteris
2597 4008 2907 4080 Eutyehius
2929 4009 3182 4065 addictus
3215 4009 3339 4064 fuit.
3366 4010 3501 4064 Nam
3533 4010 3681 4080 quod

423 4097 624 4152 attinet
659 4098 727 4150 ad
763 4096 862 4152 SS.
900 4096 1322 4158 Eucharistiam,
1348 4094 1508 4150 docet
1545 4111 1647 4151 nos
1677 4096 2017 4167 biogmphus
2046 4111 2209 4165 quam
2256 4095 2346 4165 pie
2387 4095 2477 4150 hic
2512 4097 2824 4166 patriarcha
2870 4106 2924 4152 et
2976 4113 3141 4168 quam
3197 4113 3340 4168 saepe
3388 4097 3682 4153 Missarum

424 4184 696 4238 solemnia
727 4183 944 4254 publice
973 4186 1300 4248 celebraret,
1327 4197 1384 4243 et
1425 4184 1832 4241 Eucltaristiam
1879 4192 2041 4238 tantm
2092 4183 2276 4252 populi
2323 4183 2662 4238 multitudini
2717 4185 3095 4250 distribueret,
3143 4196 3205 4242 ut
3246 4186 3540 4256 aliquando
3586 4199 3681 4241 sex

425 4272 582 4326 horis
604 4271 660 4326 in
689 4288 757 4328 eo
790 4275 1137 4331 sanctissimo
1162 4285 1286 4332 actu
1315 4273 1778 4346 perseveraverit.
1809 4271 2095 4327 Paschalis
2118 4279 2322 4336 autem,
2353 4271 2407 4326 id
2435 4281 2522 4327 est
2561 4273 2861 4329 Dominicee
2891 4275 3318 4331 resurrectionis
3347 4289 3686 4330 commemo-

426 4360 723 4426 rationem,
755 4361 892 4416 adeo
939 4364 1182 4418 studiose
1222 4364 1412 4428 coluit,
1465 4372 1526 4417 ut
1572 4363 1659 4417 vel
1710 4376 1967 4430 supremo
2010 4368 2299 4430 correptus
2328 4360 2523 4415 morbo
2553 4375 2811 4432 peragere
2847 4363 3123 4434 liturgiam
3152 4364 3412 4429 voluerit,
3462 4373 3626 4434 atque
3655 4379 3686 4419 a

427 4447 542 4501 Deo
573 4449 974 4520 impetraverit,
1006 4459 1065 4504 ut
1096 4460 1210 4506 tota
1238 4451 1518 4506 Paschatis
1539 4457 1729 4506 octava
1757 4449 1928 4502 vitam
1961 4447 2230 4512 retinens,
2259 4462 2325 4501 ea
2353 4449 2571 4510 demum
2597 4448 2887 4503 desinente
2930 4445 2984 4503 in
3017 4452 3184 4505 terris
3211 4451 3582 4515 solemnitate,
3618 4453 3685 4506 ad

426 4535 710 4590 caelestem
739 4545 1064 4606 perpetuam
1099 4538 1214 4608 ipsc
1242 4539 1522 4608 migraret.
1549 4537 1698 4592 Idem
1741 4550 1959 4604 quoquc
2006 4532 2342 4604 biographus
2385 4533 2714 4604 Eutychium
2758 4535 2907 4590 circa
2939 4535 3086 4589 illam
3120 4538 3551 4592 controversiam
3587 4538 3685 4593 de-

425 4621 624 4689 fendit,
657 4640 819 4694 quam
853 4641 976 4680 cum
1011 4641 1209 4697 magno
1238 4637 1428 4682 nostro
1452 4625 1716 4696 Gregorio
1739 4622 1955 4693 [Mor-al.
1985 4624 2037 4675 in
2061 4620 2159 4675 Job
2211 4637 2320 4684 xlv,
2348 4621 2405 4693 9]
2431 4621 2507 4693 (a)
2553 4621 3026 4693 Constantinopoli
3058 4633 3188 4679 tunc
3211 4625 3444 4695 degente
3467 4626 3680 4692 habuit,

428 4709 686 4765 Profecto
710 4711 778 4765 de
806 4713 992 4767 carnis
1020 4715 1427 4769 resurrectione
1458 4727 1740 4781 nunquam
1786 4709 2059 4763 dubitavit
2108 4710 2430 4781 Eutychius,
2472 4711 2581 4765 imo
2616 4712 2763 4766 illam
2803 4712 2921 4768 suis
2953 4713 3176 4783 scriptis
3207 4714 3443 4769 asseruit
3475 4731 3488 4767 :
3531 4715 3585 4768 in
3615 4729 3683 4768 eo

428 4803 613 4851 tamen
644 4813 675 4852 a
702 4797 954 4852 veritatis
976 4798 1059 4853 via
1083 4800 1376 4869 aliquando
1399 4799 1662 4854 aberrans
1683 4797 1926 4861 divertit,
1971 4812 2094 4852 cum
2122 4797 2270 4852 illam
2303 4799 2358 4854 in
2390 4800 2795 4860 resurrectione
2819 4801 3224 4871 impalpabilem
3247 4801 3364 4856 fore
3376 4800 3644 4872 judicavit
3669 4820 3680 4854 :

429 4883 522 4937 sed
552 4883 775 4940 demum
803 4901 833 4938 a
859 4885 1123 4957 Gregorio
1152 4885 1459 4952 convictus,
1493 4893 1548 4940 ct
1577 4886 1742 4939 morti
1771 4883 2059 4954 proximus
2073 4899 2191 4938 eme
2215 4883 2509 4938 natantium
2536 4886 2941 4955 oculos,pellem
2972 4887 3160 4944 manus
3189 4906 3301 4945 sua:
3328 4897 3529 4954 tenens,
3556 4906 3684 4943 con-

426 4967 606 5036 ﬁteor,
634 4970 835 5040 inquit,
869 4974 988 5042 quia
1020 4990 1199 5028 omnes
1225 4975 1278 5026 in
1309 4975 1407 5028 hac
1435 4988 1594 5027 carne
1627 4987 1978 5040 resurgemus.
2019 4971 2210 5042 Itaque
2233 4989 2262 5026 a
2288 4973 2492 5028 Gratcis
2540 4976 2806 5031 memoria
2833 4976 2953 5047 ejus
2994 4975 3404 5046 religiosissime
3445 4975 3679 5040 colitur;

428 5072 612 5126 neque
642 5057 901 5112 dissentit
929 5059 1198 5116 Baronius
1231 5061 1327 5132 qui
1354 5061 1423 5115 ad
1453 5076 1542 5115 an.
1568 5058 1690 5124 586,
1724 5076 1795 5116 n..
1817 5061 1868 5123 7,
1899 5058 2130 5114 afﬁrmat
2159 5078 2176 5110 ι
2218 5076 2327 5114 non
2378 5060 2654 5115 immerito
2701 5078 2827 5116 eum
2861 5078 2892 5117 a
2921 5061 3122 5118 Graecis
3166 5073 3224 5118 ut
3271 5072 3520 5118 sanctum
3551 5063 3680 5122 coli.

429 5142 916 5214 anniversariaque
947 5145 1035 5201 die
1066 5147 1185 5216 ejus
1208 5147 1386 5202 natale
1414 5145 1704 5201 celebrari.
1754 5165 1770 5196 ι

506 5229 790 5285 Sermonis
823 5233 986 5303 hujus
1008 5234 1290 5302 reliquias,
1323 5234 1380 5287 in
1408 5232 1708 5304 segmuttls
1740 5241 1977 5301 quatuor
2008 5233 2305 5304 dispersas,
2341 5234 2462 5289 aliis
2488 5234 2710 5289 Patrum
2755 5236 3094 5308 interpositis
3123 5238 3362 5308 scriptis,
3391 5239 3445 5292 in
3476 5236 3681 5294 Nicette

426 5315 500 5370 {id
529 5315 732 5371 Lucam
760 5328 954 5374 catena
977 5328 1171 5376 nactus
1193 5337 1314 5376 sum
1340 5339 1354 5385 ;
1386 5337 1522 5390 quas
1549 5336 1672 5375 cum
1708 5321 1874 5375 variis
1909 5323 2252 5390 temporibus
2274 5331 2437 5391 atque
2462 5323 2638 5387 libris,
2667 5332 2832 5392 prout
2872 5340 2930 5378 se
2959 5325 3094 5379 mihi
3126 5325 3468 5388 obtulerunt,
3494 5325 3681 5382 Grmce

428 5401 564 5459 olim
592 5404 885 5472 ediderim,
908 5423 1058 5464 nunc
1080 5409 1338 5470 constitui
1368 5409 1588 5464 easdem
1629 5420 1957 5465 connectere
1982 5428 1994 5472 ;
2045 5410 2351 5479 prrescrtim
2391 5410 2519 5479 quia
2546 5409 2779 5464 feliciter
2808 5410 3004 5480 agnovi
3051 5426 3145 5466 eas
3177 5413 3373 5467 alienis
3401 5427 3549 5467 nunc
3580 5426 3678 5466 cx-

431 5491 619 5558 clusis,
657 5510 779 5563 quae
809 5495 1215 5565 interposuerat
1239 5497 1474 5563 Nicetes,
1502 5498 1643 5555 belle
1673 5499 1816 5554 inter
1846 5516 1902 5553 se
1925 5515 2248 5568 congruere,
2278 5497 2587 5570 seriemque
2607 5497 2776 5553 ferme
2805 5500 3123 5556 continuam
3148 5501 3441 5557 restituere
3467 5516 3483 5564 ;
3517 5512 3680 5568 quam

511 5630 584 5697 (rt)
613 5631 747 5686 Vide
779 5633 1048 5705 Patrolog.
1072 5636 1273 5689 Latium
1301 5647 1338 5692 l.
1378 5638 1584 5702 LXXV,
1621 5640 1722 5694 col.
1758 5639 2076 5695 “574079.
