4042 6156
367 271 506 340 2391.
1153 231 1166 248 ἐ
1397 280 1455 340 S.
1495 277 1858 340 EU'I'YCHII
1901 277 2406 338 ΡΑΤιιιΑιιιΗΙΕ
2441 279 2549 337 Ct’.
3479 229 3626 338 9.392

365 405 482 446 rem
506 388 713 444 dudum
736 387 790 442 in
814 387 997 459 Spict’i.
1037 389 1185 445 Rom.
1219 391 1284 457 Χ,
1318 391 1468 461 prmi.
1505 405 1732 446 monere
1763 406 1850 444 me
1879 390 2125 444 memini.
2153 389 2314 445 Certe
2368 389 2474 444 hoc
2519 387 2784 457 scriptum
2820 401 2998 456 neque
3030 387 3276 440 auctoris
3309 387 3392 441 sui
3433 403 3622 452 causa,

365 493 549 548 neque
591 477 765 547 ipsius
791 478 1122 548 argumenti,
1151 479 1538 548 negligendum
1569 495 1600 532 a
1629 494 1715 532 me
1754 478 1876 532 fuit.
1917 479 2163 546 Namque
2197 477 2501 547 Eutychius
2535 475 2603 529 ab
2643 474 2954 543 Ephraemio
2998 489 3161 544 quem
3208 489 3309 528 nos
3341 473 3625 544 edidimus

366 565 810 635 chronographo,
839 581 892 621 v.
931 567 1094 630 9792,
1117 568 1366 636 elegante
1399 567 1580 622 iambo
1607 566 1811 620 dicitur
1837 585 1848 618 :
1881 566 1966 618 Λόε

2067 585 2068 603 ι
2104 567 2338 632 ἑταῖρος,
2371 563 2573 633 ἀρετῆς
2599 563 2648 614 τ’
2681 561 2748 614 αὖ
2783 562 3038 631 ἐργάτης.
3063 560 3276 614 Amicus
3297 558 3625 624 litterarum,

365 655 574 708 virtutis
609 653 970 722 auctamquod
1005 654 1124 724 ejus
1159 655 1448 708 conﬁrmat
1481 654 1820 724 biographus
1885 653 2015 706 dum
2063 653 2140 706 ait
2179 650 2508 720 Eutychium
2560 663 2846 702 sermones
2885 663 2982 701 eos
3029 646 3292 709 edidisse,
3330 663 3472 716 quos
3503 657 3628 718 aeta

365 742 478 798 vita
503 757 599 796 sua
641 756 860 811 semper
893 751 1262 810 expresserat.
1313 742 1460 796 Idem
1501 743 1804 814 Eutychius
1850 741 2088 796 concilio
2128 741 2324 808 quinto
2363 738 2703 792 meumenico
2749 735 3028 799 interluit,"
3065 735 3121 788 in
3167 749 3344 804 eoque
3385 749 3488 806 pro
3525 735 3629 791 fide

368 828 674 884 orthodoxa
717 829 962 898 graviter
998 829 1297 896 peroravit,
1325 839 1380 883 et
1415 829 1580 886 trium
1621 829 1988 898 capitulorum
2041 827 2384 895 aliarumque
2419 825 2704 878 haereseon
2743 823 3084 876 damnationi
3127 823 3478 892 subscripsit,
3517 839 3626 892 ιιιιο

371 923 616 982 tempore
648 913 969 967 morabatur
995 912 1474 983 ConstantinOpoli
1499 915 1666 968 etiam
1696 922 1885 968 noster
1911 913 2142 983 Vigilius
2165 928 2324 982 papa.
2359 912 2500 964 Tum
2523 919 2580 964 et
2613 910 2954 965 fortitudinis
2983 910 3312 979 episcopalis
3345 913 3622 980 specimen

367 1001 566 1064 edidit,
603 1015 729 1054 cum
757 1001 1076 1069 imperatori
1099 1001 1414 1056 Iustiniano
1443 1002 1500 1056 in
1525 1002 2079 1070 incorrupticolarum
2109 1000 2362 1055 haeresim
2389 999 2542 1068 lapso
2569 998 2774 1052 invicte
2810 997 3038 1058 restitit,
3077 1001 3308 1067 ejusque
3351 998 3428 1051 rei
3461 1013 3628 1051 causa

369 1088 517 1142 sedis
541 1103 761 1158 quoque
784 1089 1056 1158 jacturam
1092 1104 1157 1142 ac
1187 1089 1516 1144 diuturnum
1544 1090 1800 1144 exsilium
1831 1103 2128 1159 perpessus
2151 1095 2253 1141 est.
2273 1085 2397 1155 Ipse
2419 1100 2555 1139 vero
2586 1099 2791 1147 sermo,
2817 1091 2879 1136 ut
2909 1083 3047 1137 nihil
3077 1085 3257 1138 dicam
3283 1084 3350 1138 de
3377 1085 3628 1152 sapiente

370 1173 518 1228 circa
545 1174 748 1242 pascha
775 1174 1044 1240 doctrina,
1078 1173 1282 1232 Christi
1313 1176 1654 1248 corporalem
1685 1173 1741 1228 in
1781 1175 2130 1234 Eucharistia
2161 1173 2530 1244 praesentiam,
2555 1173 2723 1227 citato
2753 1171 2920 1226 etiam
2958 1171 3132 1226 nobili
3153 1171 3440 1226 Athanasii
3472 1171 3622 1232 loco,

370 1269 606 1316 testatur
631 1268 686 1317 et
713 1261 994 1340 praedicat.

501 1609 1084 1708 EUTYCHII
1161 1609 1954 1702 PATRIARCHJE
2025 1605 3492 1710 ,CONSTANTINOPOLITANI

929 1791 938 1798 ’
1213 1867 1216 1870 λ
1297 1861 1312 1874 ι
1739 1824 2270 1952 SERMO

965 2071 1070 2138 DE
1105 2061 1522 2138 PASCHATE
1563 2070 1666 2138 ET
1701 2067 1806 2132 DE
1848 2065 2420 2132 SACROSANCTA
2467 2064 3031 2134 EUCHARISTIA.

443 2371 496 2427 1.
539 2371 675 2426 Tres
714 2369 1082 2442 comperimus
1111 2383 1298 2425 cmnas
1335 2383 1364 2424 a
1404 2365 1634 2422 Domino
1662 2367 1808 2424 circa
1853 2367 1953 2422 Pa-

2136 2367 2205 2422 a’.
2239 2369 2377 2442 Τρία
2405 2387 2468 2438 γε
2505 2371 2609 2443 μὴν
2641 2373 2831 2427 δεῖπνα
2863 2371 2953 2426 τὸν
2991 2371 3214 2444 Κύριον,
3249 2369 3393 2426 κατὰ
3420 2371 3510 2424 τὸν
3537 2368 3634 2426 τοῦ

375 2465 584 2526 schatis
643 2473 860 2534 tempus
913 2461 1150 2517 diversis
1211 2461 1350 2516 locis
1407 2461 1750 2516 celebratas:
1779 2473 1952 2514 unam

373 2554 759 2614 Gethsemani.
791 2553 846 2607 in
868 2568 975 2622 qua
997 2551 1100 2606 fuit
1121 2552 1284 2607 etiam
1319 2549 1634 2621 puriﬁcatio
1677 2550 1767 2605 die
1813 2548 1955 2605 Sab-

376 2646 513 2710 hati,
553 2643 852 2714 incipiente
881 2643 992 2713 jam
1021 2641 1198 2712 prima
1243 2639 1356 2706 die,
1383 2639 1438 2694 id
1489 2649 1574 2695 est
1619 2641 1950 2696 Dominica:

377 2751 549 2805 quare
581 2743 638 2790 et
667 2749 767 2788 nos
798 2743 926 2788 tunc
959 2733 1178 2803 vigilias
1204 2746 1504 2786 servamus.
1563 2729 1750 2785 Altera
1798 2746 1954 2785 omna

381 2828 484 2888 fuit
509 2825 808 2890 Bethania,
835 2841 958 2900 qua:
988 2823 1184 2886 incidit
1205 2823 1260 2876 in
1299 2821 1443 2876 diem
1481 2821 1844 2879 hebdomade:
1866 2835 1956 2876 se-

381 2919 616 2976 cundam
664 2917 1056 2986 incipientem,
1113 2913 1290 2984 prima
1333 2913 1444 2983 jam
1495 2913 1728 2982 expleta.
1781 2911 1956 2966 Porro

379 3015 595 3063 constat
621 3022 732 3062 non
763 3006 933 3061 fuisse
983 3005 1090 3060 hoc
1131 3003 1372 3069 Pascha;
1407 3003 1772 3072 quamobrem
1803 3001 1959 3060 addit

381 3099 672 3154 Matthaaus
701 3115 713 3151 :
753 3117 772 3149 ι
809 3098 992 3152 Prima
1019 3104 1202 3154 autem
1233 3095 1322 3149 die
1353 3095 1682 3165 Azymorum
1715 3093 1958 3147 interro-

382 3197 654 3262 gaverunt
683 3187 938 3257 discipuli
973 3204 986 3240 :
1014 3187 1248 3243 Ubinam
1289 3185 1372 3240 vis
1405 3184 1504 3246 tibi
1553 3183 1762 3239 Pascha
1797 3199 1960 3252 pare—

383 3297 507 3336 mus
538 3279 594 3333 “!
630 3299 648 3332 ι
685 3278 1280 3354 ΡτίιηιιωοΑκγιιιοιιιηι
1311 3276 1542 3331 fortasse
1575 3276 1720 3329 illam
1769 3273 1958 3352 appel-

383 3373 524 3435 lans,
557 3387 680 3440 quae
703 3377 786 3425 est
821 3369 940 3423 dies
978 3368 1262 3422 Dominica
1289 3408 1303 3432 ,
1337 3381 1438 3422 ceu
1477 3366 1711 3436 primam
1746 3363 1958 3418 hebdo-

385 3464 560 3518 madas
585 3463 638 3516 in
665 3478 772 3532 qua
802 3477 990 3533 azyma
1025 3460 1249 3524 ﬁebant,
1281 3473 1443 3528 quam
1490 3458 1728 3513 Joannes
1753 3456 1960 3511 Pascha

385 3556 653 3620 nominat,
679 3562 888 3608 sextam
921 3561 1047 3608 ante
1087 3552 1292 3606 Pascha
1322 3551 1513 3605 dicens
1551 3553 1590 3602 '.
1627 3549 1768 3604 Ante
1812 3549 1960 3602 enim

385 3659 480 3702 sex
507 3645 661 3711 dies,
697 3643 916 3715 inquit,
970 3643 1194 3698 Pascha:
1227 3642 1379 3696 venit
1429 3641 1557 3696 Jesu
1617 3639 1958 3694 Bethaniam.

385 3738 520 3792 Nam
547 3745 699 3792 sexta
735 3745 840 3801 est,
873 3744 1000 3794 ante
1047 3745 1301 3806 quartam
1346 3733 1618 3788 decimam
1652 3773 1666 3796 ,
1703 3733 1794 3787 illa
1842 3749 1964 3801 quae

389 3827 564 3904 prima
586 3833 689 3881 est.
719 3825 888 3882 Coena
915 3821 1056 3880 vero‘
1077 3825 1181 3882 hac
1208 3823 1298 3884 die
1325 3823 1599 3879 celebrata
1625 3824 1865 3892 pertinet
1897 3823 1965 3876 ad

389 3918 608 3982 initium
661 3917 772 3973 diei
822 3917 1116 3982 secundat,
1167 3917 1222 3972 in
1273 3932 1380 3986 qua
1431 3915 1546 3972 veri
1596 3915 1720 3986 agni
1768 3915 1966 3969 electio

387 4009 512 4070 fuit.
561 4011 780 4066 Etenim
834 4011 928 4068 illa
984 4009 1153 4065 verba
1181 4009 1222 4074 ³,
1278 4008 1496 4063 venisse
1523 4007 1736 4062 scilicet
1777 4007 1968 4061 horam

387 4103 527 4172 ejus.
581 4118 688 4172 qua
725 4102 914 4172 ipsum
970 4101 1264 4171 oportebat
1307 4099 1517 4155 mundo
1577 4100 1768 4166 abire,
1835 4098 1970 4169 quid

387 4193 539 4254 aliud
569 4194 885 4266 signiﬁcant
929 4191 1036 4248 nisi
1083 4194 1193 4262 jam
1237 4193 1516 4252 delectum
1563 4191 1735 4248 fuisse
1781 4192 1969 4252 Domi-

389 4299 546 4348 num,
578 4285 672 4354 qui
711 4301 887 4354 agnus
916 4285 1220 4340 secundum
1250 4285 1548 4339 humanam
1575 4293 1834 4340 naturam
1873 4299 1970 4338 no-

391 4377 648 4444 minatur,
736 4377 793 4432 in
825 4393 934 4448 qua
963 4379 1276 4447 passionem
1319 4377 1574 4447 excipere
1617 4377 1836 4446 potuit?
1868 4377 1970 4440 De:

393 4473 816 4536 monstrantque
867 4467 1146 4524 delectum
1195 4467 1264 4522 ad
1313 4467 1476 4524 aliam
1524 4467 1808 4536 pertinere
1859 4467 1971 4534 jam

393 4560 584 4620 vitam,
606 4560 762 4629 juxta
797 4559 934 4614 illud
983 4577 996 4612 :
1042 4577 1060 4611 ι
1091 4559 1206 4630 Ego
1235 4559 1375 4629 elegi
1409 4574 1508 4614 vos
1529 4599 1543 4622 ,
1579 4567 1872 4628 propterea
1903 4556 1974 4612 de

392 4653 602 4712 mundo
633 4667 744 4706 non
775 4651 914 4708 estis
935 4651 978 4706 ⁵.
1015 4671 1033 4703 ι
1073 4651 1254 4718 Quare
1281 4661 1338 4706 et
1361 4651 1501 4713 dies,
1547 4665 1614 4705 ex
1643 4665 1750 4719 qua
1795 4650 1847 4704 id
1879 4665 1974 4719 pa-

396 4753 596 4800 tratum
645 4743 772 4808 fuit,
803 4743 1013 4798 Pascha
1035 4743 1364 4813 appellatur,
1413 4749 1469 4796 et
1499 4742 1783 4811 sepultura
1814 4741 1972 4810 juxta

393 4835 568 4903 ipsius
601 4834 828 4890 effatum
846 4835 890 4887 ⁸.
917 4833 988 4889 Ut
1017 4848 1149 4903 ergo
1171 4832 1258 4888 lex
1290 4831 1615 4900 impleretur
1641 4845 1764 4897 quae
1813 4845 1976 4883 man-

393 4927 580 4990 dabat,
615 4925 828 4982 decima
859 4925 948 4980 die
983 4925 1189 4979 mensis
1224 4923 1388 4993 primi
1423 4935 1582 4976 ovem
1617 4919 1802 4991 deligi,
1833 4919 1976 4975 etad

2053 2459 2247 2530 Πάσχα
2274 2461 2460 2531 καιρὸν
2496 2463 2836 2534 πεποιηκότα
2861 2461 3212 2532 εὑρίσκομεν,
3265 2461 3334 2514 τά
3391 2461 3488 2514 καὶ
3520 2463 3636 2525 τοῖς

2052 2550 2240 2613 τόποις
2267 2551 2526 2620 διάφορα·
2561 2553 2619 2607 ἓν
2650 2553 2750 2623 μὲν
2774 2555 2831 2606 ὲν
2867 2553 3213 2624 Γεθσημανῇ,
3246 2552 3274 2605 ὃ
3315 2553 3408 2606 καὶ
3438 2553 3529 2605 τὸν
3557 2571 3638 2606 νι-

2055 2643 2239 2713 πτῆρα
2273 2644 2515 2716 περιέχει
2539 2645 2678 2699 κατὰ
2699 2647 2796 2716 τὴν
2822 2643 2918 2698 τοῦ
2949 2645 3228 2698 Σαϐϐάτου
3263 2644 3500 2716 ἡμέραν,
3535 2645 3638 2713 τῆς

2055 2735 2342 2807 Κυριακῆς
2361 2736 2480 2806 ἦτοι
2507 2737 2604 2807 τῆς
2629 2735 2850 2808 πρώτης
2875 2736 3246 2806 ὲναρχομένης
3276 2736 3519 2806 ἡμέρας·
3555 2734 3636 2788 διδ

2056 2826 2152 2880 καὶ
2183 2829 2343 2900 ἡμεῖς
2386 2827 2686 2898 τηνικαῦτα
2741 2827 3003 2898 ποιοῦμεν
3059 2827 3128 2880 τά
3179 2825 3634 2897 προφωτίσματα.

2059 2915 2283 2987 Ἕτερον
2306 2915 2363 2972 δὲ
2391 2921 2447 2970 ἐν
2475 2919 2734 2990 Βηθανίᾳ,
2771 2919 2908 2990 ὅπερ
2934 2917 3044 2988 ἔχει
3093 2919 3193 2990 τὴν
3239 2918 3498 2988 δευτέραν
3535 2919 3637 2988 τῆς

2058 3009 2348 3081 ἐὸδομάδος
2379 3007 2588 3082 ἡμέραν
2617 3011 3008 3082 ἐναρχομένην,
3035 3011 3130 3065 καὶ
3155 3011 3254 3082 τὴν
3285 3010 3508 3079 πρώτην
3539 3026 3639 3061 ’,τες

2061 3101 2390 3170 ραιουμὲνην
2409 3115 2426 3131 ο
2444 3101 2535 3153 καὶ
2549 3101 2706 3170 δῆλον
2741 3103 2823 3155 ὅτι
2842 3101 2940 3154 οὐκ
2956 3100 3103 3156 ἔστιν
3119 3100 3247 3154 αὐτὸ
3265 3099 3456 3169 Πάσχα
3471 3099 3636 3169 (1-2)-

2058 3190 2138 3242 διὸ
2169 3191 2360 3258 ἐπάγει
2385 3191 2664 3254 Ματθαῶς
2789 3211 2807 3244 ι
2849 3191 2928 3262 Τῇ
2949 3191 3006 3244 δὲ
3033 3190 3226 3262 πρώτῃ
3249 3189 3358 3244 τῶν
3386 3189 3640 3258 Ἀζύμων

2059 3279 2286 3350 ἠρώτων
2315 3281 2368 3344 oil
2387 3280 2625 3350 μαθηταί
2645 3298 2658 3312 ·
2696 3281 2806 3336 Ποῦ
2845 3283 3020 3346 Θέλεις
3043 3282 3426 3352 ἑτοιμάσωμέν
3471 3297 3553 3346 σοι
3578 3281 3640 3333 τὸ

2063 3371 2286 3440 Πάσχα;
2321 3390 2339 3423 ι
2367 3370 2588 3442 πρώτην
2611 3371 2720 3426 τῶν
2757 3373 3007 3443 Ἀζύμων
3040 3374 3173 3436 ἴσως
3227 3372 3325 3444 τὴν
3355 3353 3640 3442 Κυριακὴν

2062 3461 2262 3524 καλῶν,
2287 3460 2360 3524 ὡς
2392 3461 2614 3531 πρώτην
2664 3463 2762 3533 τῆς
2814 3463 3128 3532 ὲόδομάδος,
3163 3464 3221 3516 ὲν
3273 3458 3306 3536 ᾖ
3335 3465 3405 3520 τὰ
3419 3463 3642 3531 Ἀζυμα

2063 3553 2390 3618 ὲπετελεῖτο,
2429 3555 2492 3624 ἣν
2534 3553 2788 3624 Ἰωάννης
2857 3557 3072 3625 Πάσχα
3121 3555 3295 3620 καλετ,
3339 3556 3502 3625 ἕκτην
3534 3554 3642 3623 πρὸ

2062 3643 2157 3696 τοῦ
2189 3643 2379 3714 Πάσχα
2403 3643 2573 3708 τιθείς
2593 3662 2606 3675 ·
2635 3665 2653 3696 ι
2693 3646 2806 3715 Πρδ
2831 3645 2890 3710 ἒξ
2919 3649 3048 3718 γὰρ,
3081 3649 3264 3718 φησὶν,
3291 3648 3512 3718 ἡμερῶν
3543 3646 3640 3700 τοῦ

2068 3735 2280 3804 Πάσχα,
2315 3731 2475 3805 ἦλθεν
2511 3736 2712 3806 Ἰησοῦς
2729 3739 2807 3802 εὶς
2835 3739 3130 3808 Βηθανίαν.
3159 3756 3176 3790 ι
3209 3739 3383 3808 "Eam;
3401 3738 3508 3808 γὰρ
3535 3737 3644 3808 πρὸ

2066 3828 2166 3897 τῆς
2189 3828 2784 3900 τεσσαρεσκαιδεκάτης
2815 3832 2960 3882 ἐστὶν
2995 3833 3026 3900 ἡ
3059 3829 3249 3902 πρώτη
3269 3847 3283 3859 ·
3325 3825 3392 3902 ἦς
3433 3829 3494 3882 τὸ
3529 3827 3645 3882 δεῖ-

2069 3935 2200 3971 πνον
2229 3914 2373 3988 εἶχεν
2407 3920 2779 3990 ὲναρῖομένην
2806 3920 2904 3990 τὴν
2935 3901 3464 3991 δευτέρανξκαὶντὴν
3487 3919 3644 3972 ἐκλο-

2069 4011 2170 4081 γὴν
2198 4009 2292 4062 τοῦ
2326 4010 2524 4080 ’Ᾱμνοῦ
2553 4009 2646 4063 τοῦ
2687 4011 2963 4081 ἀληθινοῦ.
3000 4011 3072 4064 Τὸ
3111 4011 3214 4081 γάρ
3242 4009 3414 4064 ἐλθεῖν
3477 4008 3644 4064 αὐτοῦ

2070 4103 2167 4174 τὴν
2193 4102 2340 4175 ὥραν
2369 4103 2454 4157 ἵνα
2484 4103 2692 4174 μεταϐῇ
2737 4105 2800 4158 ὲκ
2829 4103 2923 4158 τοῦ
2979 4103 3184 4174 κόσμον
3211 4103 3418 4166 τούτου,
3441 4103 3494 4156 τί
3524 4103 3644 4156 ἓτε-
3725 4111 3736 4118 ’

2073 4213 2166 4267 ρον
2185 4195 2352 4265 δηλοῖ,
2380 4196 2411 4266 ἢ
2437 4196 2497 4249 τὺ
2513 4196 2799 4264 ὲκλεγῆναι
2827 4195 2918 4248 τὸν
2942 4197 3169 4266 Κύριον,
3195 4196 3334 4248 κατὰ
3355 4195 3416 4247 τὸ
3443 4192 3647 4264 ἀνθρώ-

2073 4303 2254 4338 πινον·
2287 4287 2422 4356 ὅπερ
2445 4288 2641 4356 ’Λμνδς
2676 4285 3026 4356 ὀνομάζεται,
3075 4287 3163 4340 διὰ
3191 4287 3252 4339 τὸ
3296 4286 3553 4339 δύνασθαι
3587 4285 3648 4337 τὸ

2075 4379 2244 4440 πάθος
2265 4377 2540 4441 δέξασθαι.
2567 4379 2673 4430 Καὶ
2697 4377 2970 4431 δείκνυσιν
2987 4379 3068 4431 ὅτι
3093 4379 3153 4432 τὸ
3181 4378 3424 4445 ἐκλεγὲν,
3453 4378 3647 4448 ἑτέρας

2073 4469 2282 4534 γίνεται
2312 4467 2478 4536 ζωῆς,
2505 4467 2648 4520 κατὰ
2669 4469 2749 4521 τό·
2785 4487 2804 4520 ι
2841 4466 2983 4536 Ἐγὼ
3014 4467 3347 4538 ἐξελεξάμην
3378 4469 3542 4536 ὑμᾶς,
3565 4467 3648 4520 διδ
3717 4459 3720 4462 ’

2073 4560 2173 4612 οὐκ
2210 4557 2332 4611 ἐστὲ
2366 4560 2431 4611 ὲκ
2461 4557 2556 4610 τοῦ
2585 4558 2813 4626 κόσμου.
2848 4575 2866 4607 ι
2899 4556 2992 4610 Διὸ
3025 4557 3121 4609 καὶ
3159 4559 3191 4626 ἡ
3227 4555 3542 4627 ήμέρα,ἀφ¹
3581 4551 3650 4628 ἦς

2075 4647 2232 4702 τοῦτο
2281 4647 2504 4715 γέγονε,
2554 4645 2747 4714 Πάσχα
2798 4643 3046 4697 καλεῖται
3105 4643 3201 4696 καὶ
3257 4635 3648 4714 ὲνταιριασμδς,

2076 4741 2219 4796 κατὰ
2245 4739 2343 4808 τὴν
2371 4736 2537 4790 αὐτοῦ
2565 4739 2764 4804 φωνήν.
2798 4735 2915 4787 Ἵνα
2943 4733 3034 4786 οὖν
3064 4733 3152 4786 τὸν
3193 4732 3357 4802 νόμον
3385 4731 3654 4810 πληρώσῃ

2075 4831 2168 4883 τὸν
2197 4829 2442 4897 λέγοντα,
2477 4829 2544 4897 τῇ
2571 4827 2772 4897 δεκάτῃ
2810 4823 2904 4878 τοῦ
2935 4824 3103 4894 μηνὸς
3131 4823 3226 4877 τοῦ
3265 4822 3482 4894 πρώτου
3510 4822 3652 4896 λαμ-

2081 4921 2266 4976 ϐάνειν
2289 4919 2350 4972 τὸ
2377 4917 2669 4988 πρόϐατον,
2691 4916 2878 4988 τηρεῖν
2898 4913 2955 4969 δὲ
2981 4915 3086 4979 ἓως
3135 4917 3233 4986 τῆς
3262 4927 3654 4984 τεσσαρεσκαι-

396 5025 650 5086 quartam
697 5016 968 5072 dccimam
998 5029 1172 5084 usque
1194 5013 1468 5076 servari‘,
1519 5011 1638 5081 ipse
1669 5027 1772 5066 ceu
1807 5011 1966 5066 simul

2082 5015 2332 5082 δεκάτης,
2357 5013 2433 5076 ὡς
2462 5011 2640 5083 ἱερεὺς
2670 5010 2763 5065 καὶ
2793 5011 2984 5080 ἱερεῖον
3009 5009 3200 5062 ἑαυτὸν
3225 5007 3531 5074 ἐκλέγεται,
3559 5005 3654 5059 καὶ

398 5107 660 5163 sacerdos
686 5116 744 5162 et
775 5106 1002 5162 victima
1061 5119 1091 5159 a
1141 5104 1438 5174 semetipso
1481 5102 1763 5172 deligitur,
1813 5111 1871 5157 et
1919 5102 1974 5156 in

399 5200 650 5268 quintam
706 5214 882 5269 usque
940 5197 1090 5252 diem
1143 5205 1445 5252 servatur:
1496 5194 1697 5250 deinde
1749 5194 1978 5265 mystice

400 5301 597 5362 quarta
623 5292 836 5348 decima
857 5291 948 5346 die
974 5291 1310 5344 immolatur.

473 5433 490 5464 ⁸
525 5428 714 5486 Matth.
737 5445 884 5495 xxvi,
921 5428 1010 5490 t7.
1083 5427 1286 5484 'Joan.
1315 5442 1410 5492 xu,
1443 5427 1494 5480 1.
1571 5425 1591 5456 ³
1617 5425 1778 5488 Joan,
1809 5438 1926 5488 xm,
1955 5423 2004 5480 l.

477 5541 620 5612 (ι-ε)
635 5542 1032 5612 Argumentum
1058 5543 1165 5598 hoc
1185 5541 1344 5596 docte
1355 5547 1539 5612 versat
1552 5539 1718 5612 etiam
1731 5537 1975 5612 Joannes

397 5605 764 5694 Philoponus,
793 5613 1048 5694 Eutychii
1075 5612 1258 5694 nostri
1300 5611 1603 5694 mqpaljsin
1629 5605 1978 5694 prplixa'di'sl-

387 5673 728 5764 putatione,
786 5673 950 5763 quain
999 5683 1210 5743 videsis
1272 5673 1414 5762 apud
1457 5673 1806 5740 Gallandinm
1839 5673 1974 5738 Bibl.

2080 5103 2371 5176 διεηρήθη
2396 5105 2473 5168 εις
2503 5105 2761 5174 πέμπτην
2787 5103 3022 5174 ἡμέραν,
3056 5097 3177 5155 εἶτα
3209 5100 3395 5154 θύεται
3461 5115 3654 5171 μυστι-

2081 5199 2194 5266 κῶς
2219 5199 2316 5267 τῆς
2337 5195 2936 5270 τεσσαρεσκαιδεκάτης
2966 5193 3359 5266 ὲναρχομένης.

2083 5421 2104 5452 ⁸
2133 5421 2294 5477 Joan.
2323 5435 2412 5483 xv,
2443 5419 2532 5474 19.
2607 5419 2628 5450 '
2651 5418 2820 5473 Marc.
2846 5431 2957 5481 xlv,
3001 5417 3055 5470 8.
3125 5415 3146 5447 ⁶
3169 5409 3342 5468 Exod.
3365 5425 3467 5474 xu,
3515 5409 3571 5472 3,
3599 5407 3656 5464 6.

2085 5543 2126 5612 ιι
2147 5533 2345 5612 mra-
2371 5531 2476 5612 6.10
2500 5545 2652 5612 sese:
2685 5529 3002 5612 Ειηίιυὶεἱεω
3035 5528 3086 5583 id
3131 5525 3396 5612 ξοτίρὲξιξιέ
3431 5520 3503 5612 ‘9.
3531 5519 3658 5612 “3E:

2089 5605 2204 5659 Vat.
2237 5589 2370 5662 $7.9.
2401 5589 2728 5657 inscribitur
2751 5589 2996 5665 Cvrillo;
3060 5596 3156 5652 sed
3192 5589 3399 5654 rectius
3451 5589 3508 5644 in
3555 5589 3664 5650 3'50

2086 5674 2208 5730 cod.
2237 5674 2353 5728 Vat.
2388 5673 2539 5737 1672,
2571 5672 2858 5750 Pilopono.
3139 5681 3144 5686 '
