4042 6156
297 230 437 297 2393

1215 236 1312 296 DE
1354 237 1736 300 PASCHATE
1777 238 1871 298 ET
1912 213 2012 296 ss.
2061 232 2600 298 EUCHARISTIA.

3417 234 3566 304 2394

367 343 434 412 β’.
483 341 569 395 Ἐν
600 342 774 414 τούτῳ
809 344 986 396 τοίνυν
1006 343 1081 414 τῷ
1107 345 1330 415 δείπνῳ,
1357 347 1454 416 τῆς
1488 348 1707 416 πρώτης
1735 349 1872 418 ὴμέ-

2043 350 2096 410 2.
2136 348 2195 401 In
2225 348 2326 402 hac
2367 359 2501 414 ergo
2532 343 2708 412 prima
2757 342 3037 398 Bethania:
3088 344 3361 400 celebrata
3411 362 3568 403 caena

295 455 397 507 ρας
426 435 498 505 τῷ
517 437 574 489 ἐν
601 435 859 507 Βηθανία,
885 439 918 506 ἡ
953 437 1151 506 ἐκλογὴ
1174 437 1361 507 γέγονε
1389 478 1404 502 ,
1433 440 1528 492 καὶ
1555 440 1662 492 ἀπὸ
1681 439 1872 492 τούτου

293 530 328 598 ἡ
355 527 700 596 διατήρησις·
749 530 842 581 καὶ
875 530 924 580 oi
957 529 1214 600 pawn-cati
1272 547 1436 598 φασι·
1487 551 1504 581 ι
1545 532 1651 583 1Ιοῦ
1700 532 1875 596 θέλεις

299 618 707 685 ἑτοιμάσωμεν;
742 637 760 669 ι
802 619 913 671 Καὶ
945 619 1006 671 τὸ
1044 619 1255 688 ψωμίον
1279 621 1554 690 ἐμϐάψας,
1584 623 1766 676 δίδωσι
1799 624 1876 694 τῷ

299 709 554 783 προδότῃ,
580 710 672 765 καὶ
699 710 947 778 εἰσῆλθεν
979 711 1088 762 ἀπὸ
1117 714 1235 765 τότε
1263 714 1341 774 εἰς
1364 714 1526 766 αὐτὸν
1559 717 1586 766 ὁ
1609 715 1876 778 Σατανᾶς,

300 803 436 870 ὅπερ
463 803 611 855 ἐστὶν
643 802 674 870 ἡ
709 801 972 869 ἐπιθυμία
997 802 1091 854 τοῦ
1134 803 1468 873 παραδοῦναι
1518 805 1607 857 τὸν
1652 805 1876 874 Κύριον.

300 892 409 945 Καὶ
435 891 662 961 ἐξῆλθεν
687 892 887 953 εὐθέως
912 891 1070 944 τοῦτο
1095 895 1336 963 πράξων,
1367 896 1653 950 καίτοιτοῦ
1675 897 1879 965 Κυρίου

306 985 683 1053 προνοητικῶς
734 985 790 1035 ἐν
822 983 897 1051 τῷ
926 983 1127 1055 δείπνῳ
1186 986 1361 1054 τούτῳ
1401 986 1678 1047 εἰπόντος·
1718 1005 1734 1036 ι
1787 981 1881 1049 Εἷς

303 1076 361 1141 ἑξ
395 1077 545 1143 ὑμῶν
579 1073 890 1144 παραδώσει
930 1091 1018 1144 με.
1053 1095 1069 1125 ι
1115 1075 1222 1128 Καὶ
1252 1076 1332 1127 ὅτι
1361 1075 1502 1146 μετά
1532 1073 1624 1129 δύο
1645 1077 1880 1146 ἡμέρας,

303 1169 364 1219 τὸ
396 1168 586 1235 Πάσχα
616 1166 827 1232 γίνεται
860 1165 920 1218 τὸ
969 1167 1232 1234 μυστικὸν
1273 1169 1365 1220 καὶ
1424 1168 1784 1239 ἐπιθυμητὸν,
1821 1173 1882 1222 οὐ

303 1260 364 1310 τὸ
386 1259 630 1328 νομικόν.
654 1257 826 1311 Τοῦτο
852 1258 961 1328 γὰρ
993 1261 1087 1312 καὶ
1117 1260 1269 1313 αὐτοὶ
1287 1261 1506 1330 ᾔδεσαν,
1537 1263 1630 1313 καὶ
1657 1261 1886 1332 περιττὴ

309 1351 341 1418 ἡ
371 1351 690 1418 πρόρρησις.
723 1349 880 1401 Μετὰ
907 1350 1014 1417 γὰρ
1045 1349 1142 1420 τὴν
1176 1351 1370 1421 τρίτην
1398 1353 1491 1403 καὶ
1519 1353 1615 1417 τὴν
1634 1353 1884 1421 τετράδα,

301 1440 401 1502 τὰς
435 1440 607 1509 μέσας
638 1439 882 1508 ὑπερϐὰς
914 1441 941 1492 ὁ
970 1440 1196 1510 Κύριος,
1233 1437 1374 1493 εἷπε·
1408 1462 1425 1492 ι
1467 1443 1620 1494 Μετά
1641 1442 1732 1495 δύο
1755 1443 1888 1512 ἡμέ-

304 1551 428 1602 ρας,
475 1551 491 1582 ›
528 1533 775 1585 τοῦτέστι
822 1534 920 1604 τὴν
966 1533 1157 1604 τρίτην
1196 1533 1290 1585 καὶ
1322 1534 1421 1603 τὴν
1474 1536 1730 1606 τετράδα.
1780 1536 1889 1588 Καὶ

301 1625 476 1678 ταῦτα
512 1625 614 1694 μὲν
649 1627 703 1676 ὲν
721 1624 798 1694 τῷ
829 1626 885 1678 ἐν
906 1625 1147 1696 Βηθανίᾳ
1171 1625 1390 1692 δείπνῳ,
1416 1627 1473 1680 ἐν
1571 1628 1664 1680 καὶ
1698 1627 1766 1680 τά
1792 1629 1891 1697 τῆς

1982 438 2230 493 delectus
2260 440 2495 492 victima:
2533 435 2711 492 factus
2734 443 2839 499 est,
2873 443 2928 488 ct
2967 434 3168 489 deinde
3191 437 3310 506 ejus
3340 453 3568 510 conser-

1983 531 2165 584 vatio:
2204 540 2316 583 tum
2347 540 2403 584 et
2446 531 2705 599 discipuli
2750 528 2907 584 aiunt
2946 547 2958 582 :
2997 528 3102 583 Ubi
3151 529 3232 581 vis
3277 532 3571 597 paremus?

1983 630 2039 676 et
2065 622 2366 676 buccellam
2403 621 2687 676 intinctam
2731 623 2961 694 porrigit
2985 620 3279 692 proditori,
3323 622 3374 674 in
3408 637 3571 690 quem

1985 714 2184 768 exinde
2238 715 2468 769 intravit
2524 715 2776 779 Satanas,
2826 716 2879 769 id
2929 725 3012 770 est
3048 714 3318 784 prodendi
3355 714 3570 770 Domini

1987 808 2294 877 cupiditas;
2320 808 2415 877 qui
2469 808 2616 862 illico
2643 809 2696 862 id
2725 819 3041 878 patraturus
3064 809 3197 862 exiit
3219 826 3233 863 :
3255 824 3571 878 quanquam

1988 899 2255 952 Dominus
2287 916 2344 954 re
2370 901 2590 968 provisa
2620 900 2750 954 huic
2777 901 2922 954 inter
2946 901 3274 955 caanandum
3304 899 3573 968 praedixe-

1990 998 2113 1066 rat:
2164 989 2317 1044 Unus
2370 998 2614 1043 vestrum
2673 1004 2760 1042 me
2815 989 2986 1043 tradet
3021 1005 3034 1042 :
3066 997 3121 1042 et
3168 998 3291 1057 post
3344 988 3571 1040 biduum

1990 1082 2191 1151 pascha
2219 1081 2332 1143 lict,
2364 1081 2655 1150 mysticum
2691 1080 2907 1134 scilicet
2935 1094 2998 1134 ac
3026 1079 3396 1135 desiderabile
3417 1119 3430 1142 ,
3462 1094 3574 1132 non

1990 1174 2126 1228 illud
2156 1175 2365 1244 legale;
2401 1175 2636 1228 alterum
2673 1176 2778 1229 hoc
2818 1175 2966 1229 enim
3009 1175 3144 1230 satis
3189 1183 3459 1229 noverant
3486 1173 3574 1228 di-

1991 1263 2187 1334 scipuli
2215 1306 2230 1329 ,
2273 1272 2329 1318 et
2374 1280 2786 1334 supervacanea
2834 1265 3122 1334 prtedictio
3168 1265 3383 1318 fuisset.
3438 1264 3575 1318 Nam

1992 1367 2118 1426 post
2149 1358 2368 1411 tertiam
2399 1368 2455 1412 ct
2487 1365 2766 1427 quartam,
2800 1357 3025 1412 omissis
3054 1357 3356 1426 interiectis
3391 1355 3577 1412 Domi.

1993 1465 2099 1504 nus
2123 1450 2234 1504 ait:
2290 1471 2308 1500 ι
2343 1449 2472 1504 Post
2517 1449 2746 1504 biduum
2771 1492 2786 1515 ,
2849 1449 2904 1503 id
2935 1458 3039 1515 est,
3064 1459 3190 1518 post
3245 1449 3465 1503 tertiam
3521 1457 3578 1501 et

1995 1547 2247 1611 quartam
2283 1543 2326 1594 ⁷.
2362 1562 2380 1593 ι
2444 1543 2512 1596 Ει
2547 1542 2664 1596 hazc
2715 1541 2940 1610 quidem
2984 1541 3040 1595 in
3095 1540 3374 1594 Bethania:
3422 1555 3579 1596 coena

1995 1631 2412 1699 evenerunt',in
2447 1649 2556 1702 qua
2578 1633 2747 1687 etiam
2782 1640 3172 1687 testamentum
3201 1630 3418 1685 Domini
3451 1630 3576 1683 fuit.

302 1717 593 1787 διαθήκης.
619 1717 756 1771 Μεθ’
785 1718 850 1788 ἣν
873 1717 1114 1788 ὑπερϐὰς
1140 1720 1167 1771 ὀ
1210 1719 1460 1788 Ἰωάννης
1491 1722 1557 1773 τά
1581 1719 1672 1772 τοῦ
1702 1721 1887 1790 τρίτου

2002 1727 2129 1780 Post
2154 1726 2318 1791 hanc,
2352 1725 2738 1794 praetermissis
2767 1724 3007 1779 Joannes
3098 1722 3268 1777 rebus
3315 1721 3373 1775 in
3416 1721 3579 1775 tertia

302 1808 527 1862 δείπνου
555 1809 649 1861 τοῦ
683 1811 741 1862 ἐν
767 1810 906 1863 Σιὼν
930 1811 1024 1863 τοῦ
1043 1797 1146 1864 ’καὶ
1169 1812 1454 1881 μυστικοῦ,
1481 1814 1572 1864 ἐπὶ
1602 1811 1695 1865 τὸν
1726 1813 1889 1865 τόπον

306 1903 405 1969 τῆς
435 1902 785 1972 παραδόσεως
817 1903 1070 1973 ἔρχεται·
1107 1903 1289 1974 τρίτον
1324 1904 1382 1957 δὲ
1429 1903 1665 1967 δεῖπνον,
1729 1903 1891 1956 τοῦτο

306 1993 371 2045 τὸ
401 1992 683 2062 μυστικὸν,
711 1994 840 2064 περὶ
869 1989 930 2048 οὗ
952 2010 1085 2062 φησι
1119 1994 1268 2063 παρά
1293 1993 1369 2064 τῷ
1383 1995 1569 2064 Λουκᾷ
1591 2013 1601 2025 ·
1624 2012 1642 2045 ι
1667 1993 1889 2047 Ἐπιθυ-

313 2082 412 2152 μίᾳ
433 2082 758 2154 ἐπεθύμησα
788 2082 947 2135 τοῦτο
975 2084 1166 2153 Πάσχα
1195 2086 1389 2150 φαγεῖν
1427 2083 1543 2153 μεθ’
1601 2083 1754 2154 ὑμῶν
1787 2082 1892 2152 πρὸ

307 2173 404 2225 τοῦ
436 2190 505 2242 με
534 2173 750 2226 παθεῖν·
794 2191 813 2225 ι
849 2174 991 2242 Ἀρα
1021 2168 1112 2225 οὖν
1168 2174 1274 2244 πρὸ
1304 2173 1394 2226 τοῦ
1435 2173 1648 2235 παθεῖν,
1703 2174 1894 2243 Πάσχα

308 2265 502 2332 ἔφαγε,
539 2264 796 2335 μυστικὸν
826 2264 1068 2335 δηλονότι
1088 2281 1101 2293 ν
1134 2263 1323 2333 Πάσχα
1349 2263 1458 2334 γὰρ
1508 2262 1636 2316 ἄνευ
1662 2262 1890 2325 πάθους,

305 2360 410 2411 οὐκ
446 2359 511 2410 ἂν
540 2355 788 2427 κληθείη.
839 2356 1136 2419 Μυστικῶς
1187 2355 1280 2409 οὖν
1324 2355 1516 2408 ἑαυτὸν
1561 2354 1772 2419 ἔθυσεν,
1806 2354 1895 2407 ὅτε

307 2454 429 2514 ταῖς
457 2450 684 2513 οἰκείαις
717 2449 874 2519 χερσὶ
909 2450 1045 2519 μετά
1069 2449 1130 2501 τὸ
1153 2448 1436 2514 δειπνῆσαι
1470 2447 1650 2500 λαϐὼν
1680 2449 1771 2500 τὸν
1795 2448 1896 2518 ἄρ-

304 2562 423 2606 τον,
452 2545 854 2613 εὐχαριστήσας
880 2583 894 2607 ,
927 2541 1163 2606 ἀνέδειξε
1209 2541 1303 2594 καὶ
1347 2539 1572 2593 ἔκλασεν
1593 2580 1606 2604 ,
1647 2539 1899 2608 ἐμμίξας

306 2635 532 2688 ἑαυτὸν
558 2634 635 2698 τῷ
665 2633 966 2698 ἀντιτύπῳ
994 2631 1090 2702 (5).
1136 2631 1366 2701 Ὁμοίως
1397 2632 1492 2683 καὶ
1537 2629 1597 2682 τὸ
1642 2629 1899 2699 ποτήριον

309 2729 378 2780 ἐκ
400 2726 492 2780 τοῦ
522 2727 860 2797 γεννήματος
887 2724 988 2794 τῆς
1013 2723 1260 2794 ἀμπέλου
1287 2721 1526 2791 κεράσας
1551 2721 1644 2773 καὶ
1679 2720 1899 2788 εὐχαρι-

313 2820 541 2888 στήσας,
597 2819 692 2870 καὶ
746 2815 1029 2879 ἀναδείξας
1071 2813 1149 2884 τῷ
1197 2813 1316 2884 Θεῷ
1380 2812 1476 2866 καὶ
1521 2813 1697 2881 Πατρὶ
1742 2808 1895 2864 εἷπε·

321 2930 342 2962 ι
392 2910 622 2975 Λάϐετε,
663 2909 905 2978 φάγετε’
964 2927 984 2961 ι
1019 2909 1134 2972 καὶ,
1187 2925 1205 2957 ι
1243 2907 1470 2966 Λάῗετε,
1527 2905 1711 2956 πίετε·
1744 2902 1901 2956 τοῦτό

1992 1832 2148 1872 coena
2176 1817 2314 1873 actis
2334 1859 2348 1882 ,
2375 1817 2487 1882 illa,
2518 1817 2762 1886 inquam,
2788 1816 2840 1869 in
2876 1815 3040 1870 Sione
3063 1814 3342 1871 celebrata
3373 1821 3428 1868 et
3456 1829 3576 1884 my-

1993 1906 2150 1970 stica,
2197 1905 2264 1960 ad
2302 1906 2483 1960 locum
2524 1904 2856 1975 proditionis
2894 1903 3136 1958 devenit.
3187 1901 3312 1958 Haec
3349 1909 3454 1964 est,
3491 1901 3580 1955 in-

1994 2009 2180 2063 quam,
2208 1993 2441 2065 mystica
2475 1994 2567 2047 illa
2589 2034 2604 2057 ,
2645 1993 2713 2048 de
2741 2009 2847 2062 qua
2875 1992 3020 2061 apud
3053 1992 3261 2045 Lucam
3295 1990 3429 2044 dicit
3469 1991 3581 2044 Do-

1994 2087 2179 2140 minus
2215 2102 2228 2138 :
2272 2104 2288 2135 ι
2319 2084 2608 2138 Desiderio
2653 2083 2964 2138 desideravi
3015 2084 3120 2138 hoc
3168 2084 3379 2138 Pascha
3427 2099 3582 2137 man-

1995 2177 2200 2231 ducare
2250 2177 2538 2231 vobiscum
2569 2186 2866 2245 antequam
2902 2174 3081 2245 patiar
3105 2176 3148 2231 ’.
3195 2194 3212 2227 ι
3246 2175 3418 2245 Igitur
3453 2182 3582 2229 ante

1994 2271 2307 2340 passionem
2344 2269 2552 2324 Pascha
2575 2269 2951 2334 manducavit,
2993 2267 3286 2339 mysticum
3321 2268 3534 2323 scilicet
3565 2282 3580 2321 :

1996 2377 2120 2416 nam
2155 2361 2364 2416 Pascha
2409 2360 2619 2430 absque
2661 2359 2922 2430 passione
2965 2375 3076 2413 non
3120 2359 3315 2414 fuisset
3344 2359 3586 2428 appella-

1998 2463 2136 2509 tum.
2179 2453 2404 2524 Mystice
2471 2468 2604 2522 ergo
2637 2452 2884 2522 seipsum
2931 2452 3238 2508 immolavit
3265 2494 3278 2516 ,
3313 2467 3437 2506 cum
3469 2451 3587 2506 suis

1998 2545 2255 2598 manibus
2310 2552 2600 2614 postquam
2661 2552 2978 2598 caanaverat
3009 2557 3208 2613 panem
3256 2545 3538 2612 accipiens
3569 2583 3584 2606 ,

1999 2635 2203 2706 gratias
2251 2649 2438 2704 agens,
2482 2632 2727 2688 ostendit
2770 2646 2835 2686 ac
2881 2632 3064 2701 fregit,
3119 2634 3360 2703 antitypo
3390 2641 3586 2685 semet—

2000 2729 2174 2793 ipsum
2193 2728 2514 2780 immiscens.
2551 2724 2818 2779 Similiter
2868 2731 2924 2778 et
2960 2725 3218 2794 genimen
3265 2723 3392 2778 vitis
3438 2731 3584 2776 tem-

2001 2834 2222 2888 perans,
2263 2818 2580 2888 gratiasque
2611 2830 2797 2886 agens,
2832 2813 3241 2883 ostendensque
3273 2815 3390 2869 Deo
3415 2814 3584 2878 Patri,

2004 2911 2182 2964 dixit:
2238 2929 2256 2961 ι
2301 2910 2592 2979 Accipite,
2641 2907 3004 2971 manducate;
3059 2906 3318 2975 accipite,
3371 2905 3586 2960 bibite:

311 3003 433 3062 ἐστι
482 3001 544 3055 τὸ
609 3000 770 3070 σῶμά
823 3017 966 3070 μου,
1045 2999 1178 3061 καὶ,
1252 2997 1410 3050 τοῦτό
1481 2997 1598 3048 ἐστι
1665 2994 1724 3047 τὸ
1764 2988 1898 3063 αἷμά

2005 3004 2109 3058 hoc
2136 3011 2220 3059 est
2249 3020 2454 3074 corpus
2487 3018 2695 3067 meum,
2725 3011 2781 3056 et
2808 3000 2899 3055 hic
2917 3008 3003 3055 est
3040 2999 3264 3069 sanguis
3291 3013 3448 3054 meus
3487 2999 3548 3053 ¹⁰.
3567 3018 3584 3050 ι

317 3110 446 3166 μου.
472 3112 491 3144 ι
525 3091 688 3145 Ὀλον
711 3087 806 3145 οὖν
839 3092 984 3153 ἅπας
999 3089 1060 3143 τὸ
1091 3090 1246 3158 ἅγιον
1286 3088 1443 3158 σῶμα
1501 3087 1596 3141 καὶ
1635 3085 1694 3140 τὸ
1721 3086 1901 3155 τίμιον

316 3181 460 3254 αἷμα
497 3183 590 3236 τοῦ
618 3182 818 3252 Κυρίου
850 3182 1084 3252 δέχεται,
1109 3181 1213 3234 κᾶν
1263 3182 1312 3234 εί
1361 3179 1525 3250 μέρος
1579 3177 1783 3232 τούτων
1816 3176 1904 3229 δέ·

319 3279 500 3348 ξηταιο
544 3276 832 3348 μερίζεται
876 3275 983 3345 γὰρ
1013 3275 1322 3346 ἀμερίστως
1346 3275 1402 3326 ὲν
1428 3271 1622 3336 ἆπασι,
1675 3272 1762 3326 διὰ
1804 3271 1902 3339 τὴν

316 3369 565 3439 ἐμμιξιν.
595 3367 794 3431 Καθὼς
827 3366 923 3424 καὶΙ
977 3367 1214 3434 σφραγὶς
1280 3363 1401 3434 μία,
1432 3364 1610 3418 πάντα
1642 3363 1709 3416 τὰ
1744 3363 1904 3416 ἐκτυ-

318 3463 562 3531 πώματα
586 3460 756 3528 αὐτῆς
784 3459 878 3513 καὶ
906 3455 1252 3528 μορφώματα
1281 3458 1392 3518 τοῖς
1423 3454 1902 3526 μεταλαμϐάνουσι

326 3553 683 3622 μεταδίδωσι·
706 3552 800 3604 καὶ
833 3549 930 3620 μία
953 3549 1126 3620 μένει,
1171 3551 1266 3600 καὶ
1305 3547 1443 3617 μετά
1478 3546 1577 3617 τὴν
1619 3546 1904 3616 μετάδοσιν

320 3649 424 3701 οὐκ
485 3644 874 3713 ὲλαττουμένη,
929 3641 1050 3694 οὐδὲ
1095 3639 1450 3708 ἀλλοιουμένη
1491 3638 1624 3706 πρὸς
1652 3636 1722 3692 τὰ
1779 3653 1910 3706 μετ-

324 3739 545 3807 έχοντα,
583 3736 688 3788 κᾶν
814 3732 893 3802 τῷ
927 3731 1144 3802 ἀριθμῴ
1186 3730 1429 3786 πλείονα.
1461 3731 1530 3782 Ἣ
1581 3729 1655 3791 ὡς
1687 3730 1780 3782 καὶ
1814 3729 1910 3796 μία

325 3828 478 3896 φωνὴ
495 3827 758 3886 ὑπότινος
787 3823 1140 3896 προαχθεῖσα,
1164 3822 1258 3876 καὶ
1283 3823 1361 3884 είς
1381 3821 1515 3890 ἀέρα
1537 3819 1780 3889 χυθεῖσα,
1815 3816 1910 3870 καὶ

326 3921 482 3991 ἐντῷ
504 3919 712 3986 ταύτην
741 3917 1034 3987 προεμένῳ
1063 3916 1212 3969 πᾶσα
1243 3914 1422 3983 μένει·
1454 3916 1548 3968 καὶ
1576 3913 1634 3964 ὲν
1680 3910 1757 3980 τῷ
1788 3910 1910 3980 ἀέρι

326 4013 618 4082 γενομένη,
651 4013 797 4064 πᾶσα
831 4011 949 4072 ταῖς
977 4010 1170 4070 ἀκοαῖς
1221 4007 1438 4060 πάντων
1463 4003 1783 4072 ὲναπετέθη,
1815 4002 1908 4056 οὑ-

326 4104 478 4167 δενδς
529 4103 688 4155 πλέον
713 4102 747 4172 ἦ
801 4101 1020 4154 ἔλαττον
1065 4099 1158 4152 τοῦ
1212 4098 1400 4167 ἐτέρου
1426 4096 1534 4149 τῶν
1556 4096 1908 4149 ἀκουσάντων

326 4195 734 4265 ιίσδεχομένου,
755 4193 892 4247 ἀλλά
916 4193 1010 4262 ὅλη
1032 4191 1179 4243 ἐστὶν
1219 4189 1524 4256 ἀδιαίρετος
1549 4187 1647 4241 καὶ¹
1687 4185 1913 4255 ὁλόκλη-

329 4305 427 4360 ρος
455 4287 607 4357 παρά
659 4288 815 4350 πᾶσι,
876 4283 976 4338 κᾶν
1010 4283 1196 4355 μύριοι
1221 4281 1311 4336 τὸν
1367 4281 1597 4350 ἀριθμὸν
1625 4279 1656 4348 ἢ
1689 4278 1910 4339 πλείους

2006 3093 2205 3148 Totum
2227 3094 2414 3164 itaque
2443 3103 2692 3148 sanctum
2724 3106 2931 3162 corpus
2956 3131 2972 3156 ,
3024 3087 3443 3160 pretiosumque
3486 3089 3596 3145 θος

2003 3183 2138 3237 mini
2165 3183 2486 3254 sanguinem
2530 3181 2907 3250 unusquisque
2925 3179 3116 3244 sumit,
3143 3180 3360 3234 etiamsi
3381 3188 3592 3250 partem

2003 3275 2315 3344 specierum
2352 3275 2550 3328 harum
2593 3271 2975 3327 tantummodo
3005 3273 3343 3342 sumpserit:
3383 3273 3594 3327 dividi-

2007 3381 2099 3420 tur
2121 3371 2271 3421 enim
2295 3365 2532 3421 indivise
2568 3365 2624 3420 in
2645 3365 2910 3419 omnibus
2931 3406 2946 3426 ,
2990 3365 3121 3435 quia
3163 3365 3311 3421 intus
3340 3366 3456 3435 ipse
3494 3367 3596 3422 im-

2006 3458 2206 3512 mistus
2258 3468 2360 3512 est.
2424 3457 2579 3511 Sicut
2627 3457 2794 3510 etiam
2857 3454 3100 3525 sigillum
3155 3472 3330 3511 unum
3394 3467 3596 3512 cuncta

2005 3557 2200 3620 ectypa
2266 3557 2322 3602 et
2385 3547 2593 3602 formas
2666 3546 3068 3615 accipientibus
3139 3547 3478 3618 impertitur,
3541 3555 3597 3603 et

2009 3649 2191 3694 tamen
2221 3656 2392 3697 unum
2415 3639 2651 3710 sigillum
2682 3649 2867 3694 manet
2900 3647 3021 3707 post
3047 3638 3424 3694 diribitionem
3450 3637 3597 3693 haud

2021 3729 2368 3784 deminutum
2403 3745 2583 3799 neque
2613 3729 2964 3787 immutatum
2993 3747 3124 3802 erga
3160 3729 3558 3800 participantes
3580 3768 3597 3794 ,

2015 3820 2236 3878 etiamsi
2292 3821 2348 3874 hi
2403 3821 2590 3890 plures
2652 3839 2889 3878 numero
2942 3823 3072 3876 sint.
3121 3821 3215 3876 Vel
3247 3821 3414 3875 etiam
3454 3821 3600 3876 sicut

2010 3928 2117 3967 una
2130 3927 2236 3967 vox
2259 3912 2326 3967 ab
2351 3911 2535 3981 aliquo
2562 3913 2783 3981 emissa,
2805 3922 2860 3968 et
2888 3915 2941 3968 in
2961 3928 3145 3968 aerem
3176 3912 3374 3977 effusa,
3398 3911 3601 3965 nihilo-

2018 4004 2202 4060 minus
2250 4002 2307 4056 in
2342 4003 2630 4060 emittente
2681 4014 2794 4061 tota
2831 4014 3016 4060 manet
3046 4023 3058 4058 :
3109 4013 3165 4059 et
3199 4020 3513 4074 quanquam
3543 4003 3597 4057 in

2009 4109 2135 4149 aere
2161 4095 2276 4163 ipsa
2305 4094 2396 4158 sit,
2435 4103 2550 4150 tota
2579 4095 2646 4149 ad
2673 4097 2920 4151 omnium
2944 4111 3103 4150 aures
3120 4095 3356 4157 advolat,
3381 4095 3601 4149 nemine
3647 4107 3659 4115 '

2010 4186 2136 4256 plus
2159 4187 2245 4241 vel
2278 4187 2462 4241 minus
2487 4188 2830 4258 excipiente,
2860 4189 2956 4244 sed
3007 4197 3119 4243 tota
3152 4197 3207 4242 et
3245 4187 3482 4242 indivisa
3516 4196 3602 4242 est

2011 4290 2068 4337 et
2097 4279 2310 4349 integra
2331 4279 2477 4347 apud
2513 4295 2726 4346 omnes,
2751 4282 2856 4336 etsi
2881 4281 3023 4337 forte
3052 4279 3329 4335 innumeri
3355 4279 3465 4334 sint
3504 4280 3600 4348 qui

323 4377 466 4436 ὦσιν
535 4382 582 4432 oi.
637 4379 998 4439 ἀκούσαντες,
1063 4376 1240 4428 καίτοι
1309 4373 1470 4441 σῶμα
1547 4373 1898 4440 ὑπάρχουσαι

2015 4371 2284 4437 audiunt;
2321 4387 2526 4441 corpus
2555 4372 2686 4428 licet
2711 4388 2774 4427 ea
2809 4374 2917 4440 sit;
2959 4374 3099 4431 nihil
3140 4376 3290 4432 enim
3334 4381 3420 4428 est
3448 4371 3600 4428 aliud

325 4471 486 4525 οὐδὲν
516 4469 623 4538 γὰρ
647 4469 834 4538 ἔτερόν
858 4469 974 4520 ἐστι
1004 4464 1224 4536 φωνὴ,ἢ
1261 4463 1644 4532 πεπληγμένος
1671 4463 1800 4532 ἀήρ.

399 4570 473 4631 γ’.
505 4563 709 4631 Μηδεὶς
729 4557 820 4613 οὖν
845 4558 1169 4628 ἀμφιϐολίαν
1190 4557 1362 4627 ἐχέτω
1386 4556 1447 4608 τὸ
1471 4555 1746 4625 ἄφθαρτον
1775 4554 1910 4623 μετὰ

324 4654 432 4722 τὴν
461 4654 725 4724 μυστικὴν
750 4650 1081 4723 ἱερουργίαν,
1132 4651 1225 4702 καὶ
1254 4649 1351 4716 τὴν
1393 4647 1555 4715 ἁγίαν
1583 4638 1907 4706 ἀνάστασιν,

327 4744 433 4797 καὶ
476 4745 763 4806 ἀθανατον,
805 4743 897 4794 καὶ⁵
942 4741 1116 4809 ἆγιον,
1178 4736 1562 4802 καὶςωοποιὺν
1606 4735 1764 4804 σῶμα
1819 4733 1912 4788 κα)⁸

329 4832 475 4904 αἷμα
494 4834 585 4888 τοῦ
609 4832 838 4902 Κυρίου,
861 4833 972 4894 τοῖς
992 4829 1305 4893 ἀντιτύποις
1326 4827 1670 4896 ἐντιθέμενον
1696 4826 1786 4878 διὰ
1803 4823 1912 4877 τῶν

330 4923 678 4993 ἱερουργιῶν,
720 4922 938 4975 ἔλαττον
953 4921 1062 4976 τῶν
1086 4917 1500 4991 προειρημένων
1531 4919 1910 4988 παραδειγμά-

328 5031 446 5067 των
502 5016 598 5079 τὰς
645 5016 853 5076 οἰκείας
895 5011 1410 5083 ἐναπομόργνυσθαι
1460 5011 1736 5081 δυνάμεις,
1797 5011 1914 5066 ἀλλ’

330 5106 460 5159 ὅλον
490 5107 547 5157 ὲν
571 5107 712 5170 ὅλοις
732 5105 1104 5178 εὑρίσκεσθαι.
1136 5105 1223 5157 Ἐν
1247 5103 1395 5174 αὑτῷ
1423 5102 1531 5174 γὰρ
1554 5101 1629 5172 τῷ
1650 5101 1914 5174 Κυριακῷ

411 5243 434 5275 '
460 5242 650 5299 Matth.
678 5259 825 5307 xxvr,
848 5242 906 5298 Ξ.
967 5243 1165 5298 'Joan.
1197 5257 1312 5304 xm,
1332 5241 1388 5296 2.
1463 5241 1484 5272 ⁵
1515 5239 1650 5294 Luc.
1686 5255 1820 5302 χιιι,
1859 5241 1945 5295 15.

415 5365 489 5434 (5)
519 5364 592 5418 De
623 5363 884 5434 antitypis
914 5362 994 5434 (id
1019 5372 1104 5418 est
1134 5362 1319 5434 ﬁguris
1351 5370 1576 5434 seu._rut
1602 5360 1902 5434 loquimur,

336 5431 739 5503 accidentibus)
767 5431 1092 5488 doctissime
1144 5431 1297 5487 more
1326 5449 1426 5503 suo
1449 5431 1909 5503 idisseritucontra

337 5500 749 5576 Crcyghtonum
800 5504 1034 5558 Allatius
1082 5504 1274 5557 Exerc.
1317 5501 1495 5576 XXV,
1540 5519 1594 5570 p.
1643 5500 1905 5576 486;!329,

340 5570 510 5643 quem
533 5577 714 5643 legere
772 5575 1011 5642 pretium
1045 5588 1227 5643 Opera}
1284 5573 1412 5628 erit.
1447 5573 1698 5643 Sanctus
1734 5570 1910 5640 Cyril-

341 5642 431 5711 lth
465 5642 607 5718 apud
631 5659 732 5697 nos
763 5645 918 5698 initio
937 5643 1325 5699 Coinmcntarii
1365 5644 1418 5698 in
1442 5642 1664 5706 Lucani,
1698 5656 1910 5696 assunt-

2007 5373 2159 5431 ptam
2194 5378 2224 5417 a
2280 5360 2462 5417 Verbo
2507 5377 2728 5417 carnem
2783 5361 2918 5416 dicit
2963 5361 3185 5431 δρατψ,

2007 4479 2111 4524 vox,
2136 4464 2243 4520 nisi
2276 4464 2468 4533 pulsus
2489 4480 2605 4520 aer.

2079 4556 2130 4610 5.
2163 4555 2338 4610 Nemo
2399 4572 2530 4627 ergo
2563 4557 2876 4627 suspicetur
2897 4598 2912 4622 ,
2940 4566 3066 4628 post
3094 4557 3383 4629 mysticum
3426 4557 3599 4612 sacri-

2009 4644 2194 4701 ficium
2222 4659 2579 4719 sanctamque
2613 4651 3105 4716 resurrectionem,
3145 4648 3594 4718 incorruptibile,

2017 4736 2363 4802 immortale,
2418 4748 2672 4795 sanctum
2729 4749 2896 4810 atque
2944 4740 3222 4795 viviﬂcum
3281 4753 3484 4807 corpus
3541 4753 3606 4792 ac

2019 4830 2344 4900 sanguinem
2377 4831 2617 4896 Domini,
2658 4831 2711 4885 in
2752 4831 3012 4902 antitypis
3042 4847 3140 4900 per
3163 4844 3374 4887 sacram
3405 4843 3603 4895 opera-

2021 4923 2230 4977 tionem
2261 4921 2614 4983 collocatum.
2657 4924 2842 4979 minus
2873 4939 3037 4992 quam
3062 4920 3321 4992 praedicta
3354 4917 3606 4987 exempla

2019 5029 2148 5070 suas
2208 5030 2537 5084 expromere
2581 5013 2769 5078 vires,
2829 5014 2924 5070 sed
2973 5023 3270 5080 utrumque
3319 5018 3499 5065 totum
3548 5009 3601 5063 in

2019 5105 2234 5162 cunctis
2263 5105 2528 5176 antitypis
2575 5114 2792 5160 exstare
2838 5114 3012 5176 putet.
3056 5104 3116 5162 ln
3149 5103 3271 5172 ipso
3307 5101 3458 5158 enim
3499 5101 3608 5155 Do-

2025 5243 2067 5273 '°
2095 5241 2285 5301 Matth.
2309 5257 2455 5306 xxvi,
2485 5241 2670 5298 26-28;

2951 5361 3185 5442 ῥρατψ,
3232 5357 3602 5482 ⁶εἶρηλαφτιειἿν,

2951 5430 3088 5482 ilem.
3141 5430 3392 5482 solidam.
3449 5427 3523 5482 Ta
3552 5443 3602 5482 ta

2423 5431 2701 5502 visibilem,
2760 5427 3397 5502 tangibilém,solidam.
3449 5427 3602 5502 Talia

2019 5517 2213 5570 reapse
2240 5509 2370 5557 sunt
2393 5501 2722 5570 accidentia,
2746 5498 2874 5569 (ιιιαέ
2895 5500 3103 5556 Christi
3134 5514 3342 5568 corpus
3386 5498 3441 5551 in
3465 5499 3605 5570 ΔΕυ-

2012 5567 2276 5626 charistia
2319 5572 2528 5636 velant,
2583 5567 2818 5640 ideoque
2876 5582 3002 5641 apte
3062 5567 3411 5640 appellantur
3449 5567 3603 5627 ,ἀντί-

2014 5657 2178 5699 τυπα.

2015 5431 2315 5484 ἀντίτυπον
2329 5471 2344 5495 ,
