3940 6202
433 211 576 278 2395

1473 212 1533 272 S.
1577 211 1940 272 EUTYCHH
1983 211 2494 270 PATRIARCILE
2533 211 2642 271 CP.

3555 214 3703 280 2395

435 317 642 374 ininico
675 329 906 385 corpore
938 315 1226 386 plenitudo
1261 317 1474 372 habitat
1505 317 1811 372 divinitatis
1849 319 1992 373 Verb

2119 316 2331 386 σώματι
2363 320 2607 370 κατοικεῖ
2641 319 2748 370 πᾶν
2779 318 2836 371 τὸ
2863 319 3134 390 πλήρωμα
3173 321 3272 390 τῆς
3321 319 3578 393 θεότητος
3605 327 3700 382 τοῦ

437 407 532 460 Dei
597 403 980 473 corporaliter,
1034 404 1087 458 id
1146 415 1230 460 est
1286 407 1744 460 substantialiler.
1799 408 2016 464 Fractio

437 499 660 568 quidem
716 497 1019 550 venerandi
1069 499 1226 567 panis
1265 515 1453 554 necem
1497 501 1810 568 significat:
1845 517 2014 572 quare

435 599 490 645 et
509 590 718 645 Pascha
741 589 1107 643 desiderabile
1151 591 1488 659 appellatum
1533 590 1676 654 fuit,
1711 609 1814 647 ceu
1867 595 2012 662 quod

435 681 690 742 salutem,
709 667 1198 740 immortalitatem,
1215 683 1625 752 perfectamque
1647 684 1739 738 Dei
1759 686 2014 740 notitiam

434 774 596 828 nobis
621 773 954 840 suppeditat.
987 772 1054 826 Et
1085 773 1246 826 sicuti
1281 783 1414 828 tunc
1447 782 1568 844 post
1586 777 1777 844 epulas
1810 777 2014 848 hymno

433 864 582 920 dicto
620 865 878 918 exierunt
909 864 964 916 in
987 873 1228 917 montem
1256 865 1535 930 Olearum,
1573 868 1652 922 sic
1679 879 1735 923 et
1761 886 1861 925 nos
1891 883 2014 940 post

433 955 636 1009 sanctis
659 955 908 1024 corporis
940 955 1334 1025 sanguinisque
1361 959 1757 1027 sumptionem,
1810 964 2012 1034 gratias

432 1047 644 1116 agimus
675 1086 688 1110 ,
724 1055 780 1100 et
809 1047 1188 1118 unusquisque
1222 1047 1274 1102 in
1329 1051 1610 1120 propriam
1645 1053 1870 1108 domum
1921 1071 2010 1110 re-

431 1139 722 1192 vertimur.
757 1139 968 1194 ldcirco
993 1147 1118 1208 post
1149 1150 1464 1195 sanctarum
1498 1157 1683 1197 rermu
1715 1147 2012 1216 participa-

433 1230 640 1286 tionem
673 1271 685 1292 ,
727 1231 782 1284 in
834 1229 1028 1298 quinta
1063 1246 1257 1300 magna
1301 1231 1438 1284 feria
1465 1272 1478 1292 ,
1511 1233 1698 1286 vinum
1732 1243 1788 1288 et
1827 1237 2010 1291 oleum

431 1323 640 1394 gustari
669 1321 737 1376 ab
763 1321 872 1376 illis
903 1322 996 1389 qui
1035 1323 1213 1377 tribus
1248 1333 1406 1378 antea
1453 1323 1650 1380 diebus
1680 1341 1788 1380 non
1823 1340 2012 1396 gusta-

431 1425 652 1478 verunt,
691 1413 836 1468 haud
872 1420 956 1466 est
1013 1413 1291 1470 laudabile
1332 1433 1346 1470 :
1393 1427 1692 1487 propterea
1733 1421 1880 1488 quod
1917 1421 2008 1474 ille
2041 1441 2048 1452 ε

431 1507 634 1562 dixerit
665 1524 677 1561 :
721 1527 740 1558 ‹
776 1507 892 1560 Νοη
929 1507 1110 1561 bibam
1144 1509 1343 1563 amodo
1399 1509 1466 1564 de
1503 1511 1785 1580 genimine
1837 1513 2004 1578 vitis,

428 1600 606 1654 donec
641 1599 758 1666 ipse
805 1598 1088 1652 vobiscum
1139 1615 1342 1654 novum
1375 1601 1560 1656 bibam
1595 1603 1648 1656 in
1681 1619 1852 1674 regno
1897 1607 2002 1660 Pa-

427 1687 528 1741 tris
556 1688 662 1742 mei
693 1687 755 1751 ¹¹,
797 1706 814 1738 ι
851 1687 904 1741 id
943 1695 1026 1742 est
1055 1688 1110 1742 in
1145 1699 1334 1745 sancta
1367 1695 1796 1748 resurrectione.
1846 1695 2004 1751 Unde

423 1785 480 1832 et
519 1777 574 1832 in
608 1780 914 1835 eanonibus
941 1781 1201 1846 edicitur,
1235 1801 1303 1842 ne
1333 1786 1436 1840 hac
1467 1785 1556 1838 die
1577 1785 1850 1855 jejunium
1893 1787 2004 1840 sol-

421 1885 651 1934 vamus,
683 1883 848 1944 atque
877 1876 950 1931 ita
979 1880 1292 1947 praeteritas
1336 1879 1496 1933 simul
1529 1878 1647 1932 dies
1673 1877 2001 1946 pessumde-

421 1975 564 2014 mus.
611 1962 736 2018 Hmc
781 1973 867 2019 est
915 1981 1046 2038 ergo
1097 1967 1261 2022 tertia
1313 1965 1507 2032 coma,
1567 1979 1766 2034 nempe
1799 1965 1891 2019 illa
1945 1965 2000 2020 in

418 2049 586 2106 Sione
609 2064 848 2122 peracta.
891 2057 1071 2123 Quare
1105 2068 1231 2130 post
1273 2059 1564 2130 mysticum
1597 2056 1802 2112 Pascha
1836 2071 1866 2109 a
1891 2055 2000 2110 Do-

417 2143 570 2198 mino
601 2146 656 2200 in
683 2148 818 2202 urbe
847 2149 1012 2204 Sione
1037 2159 1220 2206 actum
1249 2191 1263 2212 ,
1316 2149 1612 2220 incipiente
1649 2149 1762 2218 jam
1801 2154 1997 2216 quarta

414 2235 628 2293 decima
655 2240 766 2304 die,
801 2242 934 2296 illud
971 2244 1118 2312 quod
1163 2259 1192 2298 a
1231 2243 1436 2300 Iudaeis
1477 2241 1566 2296 die
1600 2239 1838 2296 crastina
1861 2279 1874 2304 ,
1907 2239 1996 2292 cui

413 2342 614 2384 nomen
643 2331 950 2388 Parasceve
976 2375 990 2398 ,
1023 2335 1238 2405 expleta
1265 2335 1375 2404 jam
1423 2341 1616 2401 quarta
1659 2329 1870 2384 decima
1913 2328 1993 2390 fit,

407 2419 520 2490 jam
551 2437 662 2476 non
693 2431 777 2478 est
807 2423 1037 2480 Pascha.
1059 2427 1194 2480 Nam
1227 2425 1419 2496 legalia
1447 2425 1610 2478 liuent
1637 2427 1991 2490 acceperunt,

413 2510 560 2565 unde
581 2511 694 2581 jam
723 2515 1112 2584 reprobantur.

482 2597 572 2654 IV.
605 2601 710 2655 Sed
733 2617 912 2672 neque
937 2605 1202 2674 manipuli
1237 2605 1444 2660 oblatio
1467 2647 1480 2668 ,
1515 2619 1679 2674 quam
1705 2611 1856 2658 sexta
1891 2601 1989 2655 de-

411 2689 555 2744 cima
580 2690 669 2745 die
701 2691 999 2760 faciebant,
1048 2695 1198 2750 hunc
1239 2695 1502 2751 videlicet
1551 2711 1650 2766 pro
1685 2695 1852 2750 totius
1881 2695 1990 2748 hu-

411 2781 560 2835 mani
603 2785 824 2854 generis
859 2785 1036 2840 salute
1071 2787 1376 2842 offerentes
1409 2787 1486 2850 ι’,
1527 2801 1678 2841 nunc
1713 2787 1823 2857 jam
1855 2801 1980 2840 usu.

409 2877 601 2931 venit:
651 2894 680 2932 a
705 2895 809 2948 qua
833 2881 1059 2950 quidem
1088 2881 1177 2938 die
1211 2891 1364 2938 sexta
1396 2883 1640 2948 decima,
1682 2881 1984 2936 hebdoma-

409 2967 606 3022 darum
642 2971 964 3027 ordiebatur
987 2990 1254 3030 numerus
1281 2977 1344 3042 ",
1377 2977 1441 3030 ad
1469 2975 1828 3031 Pentecosten
1857 2989 1986 3044 pro-
2014 2995 2058 3056 ο

408 3060 681 3131 grcdiens.
737 3064 982 3134 Namque
1031 3067 1134 3122 hac
1187 3077 1338 3123 sexta
1391 3069 1604 3123 decima
1659 3067 1979 3136 incipiente,

407 3165 531 3220 qua:
568 3159 625 3205 et
661 3151 945 3208 Dominica
980 3154 1205 3220 dicitur,
1239 3171 1468 3226 qumque
1495 3157 1670 3226 prima
1702 3163 1821 3214 erat
1851 3155 1983 3210 sub-

407 3240 691 3308 sequentis
721 3241 1083 3299 hebdomadae
1104 3285 1118 3308 ,
1167 3243 1434 3300 Dominus
1463 3255 1652 3300 noster
1684 3261 1714 3300 a
1747 3245 1982 3301 mortuis

407 3346 720 3402 resurgens,
749 3335 988 3404 scipsum
1017 3337 1140 3390 loco
1185 3337 1448 3406 manipuli
1479 3337 1588 3392 Deo
1611 3337 1757 3392 Patri
1783 3338 1984 3392 obtulit

405 3437 508 3492 pro
563 3425 730 3479 totius
761 3425 985 3480 humani
1019 3428 1236 3497 generis
1285 3427 1481 3482 salute.
1537 3427 1692 3482 llaud
1737 3442 1867 3498 ergo
1925 3427 1984 3482 fit

405 3513 669 3586 deinceps
695 3518 958 3587 manipuli
994 3519 1202 3574 oblatio
1235 3527 1528 3588 postquam
1565 3520 1828 3573 Dominus
1861 3535 1978 3572 ma-

405 3607 578 3676 nipuli
633 3607 757 3662 loco
808 3611 1102 3680 semetipse
1153 3611 1298 3665 Patri
1351 3611 1462 3665 Deo
1516 3611 1752 3666 obtulit:
1801 3626 1982 3680 neque

403 3698 536 3752 item
585 3709 948 3756 numerantur
985 3706 1097 3774 jam
1143 3701 1520 3768 hebdomadas,
1573 3717 1751 3772 neque
1793 3702 1982 3773 legalis

402 3789 747 3856 Pentecoste,
771 3794 866 3848 sed
893 3794 998 3848 alia
1023 3795 1206 3864 potius
1229 3811 1350 3864 quae
1375 3795 1673 3865 perfectam
1693 3793 1979 3849 scientiam

401 3894 502 3950 per
545 3881 718 3938 sancti
768 3881 1006 3952 Spiritus
1048 3883 1345 3940 adventum
1387 3886 1617 3948 revelat,
1680 3901 1845 3955 quam
1881 3901 1980 3940 nos

401 3989 500 4028 ceu
532 3975 748 4044 plenam
789 3975 1029 4046 Spiritus
1062 3978 1236 4033 sancti
1274 3979 1621 4048 praesentiam
1659 3977 1980 4033 solemniter

401 4065 749 4124 celebramus
795 4086 807 4122 :
860 4084 1041 4140 neque
1069 4085 1220 4124 nunc
1267 4077 1454 4124 manet
1502 4070 1759 4125 tubarum
1801 4079 1858 4125 et
1897 4079 1979 4125 ta-

401 4155 827 4214 bernaculorum
855 4160 1192 4222 solemnitas,
1221 4177 1342 4229 quae
1369 4167 1527 4232 typus
1551 4160 1979 4215 resurrectionis

399 4247 600 4314 fuerat,
635 4261 928 4320 postquam
975 4265 1105 4305 vera
1154 4253 1370 4306 Domini
1410 4251 1585 4306 nostri
1638 4251 1978 4307 resurrectio

2117 409 2292 476 Λόγου
2327 401 2420 461 καὶ
2462 408 2598 461 Θεοῦ
2649 411 3000 480 σωματικῶς,
3027 413 3166 482 ὅπερ
3220 415 3370 466 ἐστὶν
3402 415 3697 480 οὖσιωδῶς.

2129 503 2192 554 Ἡ
2221 501 2411 564 κλάσις
2442 519 2505 570 γε
2532 503 2636 572 μὴν
2665 501 2760 556 τοῦ
2787 503 2949 570 ἄρτου
2983 505 3076 557 τοῦ
3099 507 3306 573 τιμίου,
3349 507 3448 576 τὴν
3485 513 3702 584 σφαγήν

2115 592 2296 663 δηλοῖ·
2324 593 2404 646 διδ
2436 594 2530 646 καὶ
2560 595 2750 664 Πάσχα
2774 595 3112 665 ἐπιθυμητὸν
3141 595 3368 667 ἐκλήθη,
3411 601 3485 663 ὡς
3523 619 3697 674 σωτη..

2119 683 2236 753 ρίας
2265 685 2359 737 καὶ
2397 685 2703 755 ἀφθαρσῖας
2741 687 2836 739 καὶ
2881 686 3132 754 γνώσεως
3167 688 3382 753 τελείας
3411 691 3688 762 πρόξενον.

2115 775 2225 828 Καὶ
2255 775 2404 828 ὥσπε
2415 793 2446 844 ρ
2473 777 2594 828 τότε
2632 777 2770 846 μετὰ
2788 777 2848 828 τὸ
2875 781 3068 846 φαγεῖν
3105 779 3438 849 ὑμνήσαντες
3465 783 3686 852 ἐξῆλθον

2115 868 2194 928 εὶς
2221 867 2279 920 τὸ
2321 867 2444 938 ὅρος
2477 867 2585 920 τῶν
2613 867 2840 921 Ἐλαιῶν
2863 883 2876 896 ·
2920 867 3092 931 οὕτως
3126 871 3220 922 καὶ
3255 872 3408 939 ἡμεῖς
3444 875 3578 942 μετὰ
3621 875 3684 928 τὸ

2117 959 2438 1028 μεταλαϐεῖν
2488 960 2583 1012 τοῦ
2619 961 2774 1028 ἁγίου
2805 960 3056 1030 σώματος
3087 961 3182 1014 καὶ
3241 964 3486 1032 αἵματος,
3519 967 3680 1035 εὐχα-

2115 1049 2428 1119 ριστοῦμεν,
2449 1049 2540 1102 καὶ
2570 1050 2752 1120 ἔξιμεν
2771 1051 2997 1113 ἕκαστος
3015 1055 3090 1116 είς
3105 1053 3198 1106 τὸν
3223 1053 3350 1107 ίδιον
3363 1049 3506 1108 οἷκον
3523 1059 3686 1111 ἐπαν-

2111 1142 2428 1212 ερχόμενοι,
2467 1143 2678 1196 Οὐκοῦν
2720 1143 2856 1212 μετὰ
2897 1143 2996 1213 τὴν
3025 1146 3132 1196 τῶν
3169 1146 3338 1214 ἁγίων
3361 1148 3684 1219 μετάληψιν,

2111 1237 2169 1290 ὲν
2197 1240 2263 1308 τῇ
2304 1239 2534 1309 Πέμπτῃ
2558 1241 2622 1308 τῇ
2651 1239 2861 1310 μεγάλῃ
2919 1241 3358 1310 μεταλαμϐάνειν
3385 1243 3530 1296 οἴνου
3588 1244 3688 1296 καὶ

2109 1328 2288 1381 ἐλαίου
2309 1329 2429 1392 τοὺς
2449 1331 2504 1381 ὲν
2533 1332 2652 1392 ταῖς
2675 1329 2965 1401 προτέραις
2989 1332 3166 1400 τρισὶν
3197 1333 3433 1402 ἡμέραις
3459 1333 3533 1404 μὴ
3557 1351 3688 1400 μετ-

2109 1418 2420 1489 ειληφότας,
2446 1421 2504 1473 οὐ
2531 1420 2713 1474 καλόν·
2745 1421 2832 1474 διὰ
2845 1422 2932 1473 τὸν
2955 1423 3174 1475 είπὸντα
3193 1437 3206 1450 °
3239 1443 3256 1472 ι
3281 1425 3508 1493 Ἀπάρτι
3525 1427 3584 1476 οὐ
3611 1424 3686 1494 μή

2109 1513 2218 1563 πίω
2249 1513 2310 1564 ὲκ
2331 1511 2422 1563 τοῦ
2453 1511 2792 1580 γεννήματος
2822 1511 2922 1579 τῆς
2959 1511 3222 1579 ἀμπέλου,
3253 1512 3358 1576 ἓως
3389 1514 3550 1576 αὐτὸς
3575 1515 3686 1566 πίω

2113 1601 2228 1668 μεῖν
2266 1599 2416 1670 ὑμῶν
2443 1600 2628 1652 καινὸν
2657 1603 2712 1652 ἐν
2741 1603 2806 1669 τῇ
2839 1599 3085 1669 βασιλεία
3111 1603 3203 1656 τοῦ
3237 1603 3452 1674 Πατρός
3487 1623 3614 1674 μου,
3661 1625 3687 1656 ι

2111 1692 2390 1746 τούτέστιν
2423 1694 2482 1744 ὲν
2504 1695 2570 1760 τῇ
2597 1691 2889 1745 ἀναστάσει
2909 1696 2972 1763 τῇ
2999 1693 3148 1766 ἁγίᾳ.
3173 1694 3335 1748 Ὅθεν
3361 1697 3455 1750 καὶ
3477 1699 3534 1748 ἐν
3565 1701 3686 1761 τοῖς

2109 1783 2330 1836 κανόσιν
2353 1783 2585 1852 εἴρηται,
2619 1782 2692 1852 μὴ
2718 1782 2866 1836 λύειν
2896 1784 3117 1852 ταύτην,
3145 1787 3238 1838 καὶ
3267 1787 3368 1850 τὰς
3409 1789 3686 1858 προτέρας

2105 1875 2414 1928 ἀπολλύειν.
2437 1875 2606 1928 Τοῦτο
2627 1873 2718 1928 οῦν
2749 1876 2866 1928 ἐστι
2893 1877 2952 1928 τὸ
2977 1877 3158 1946 τρίτον
3175 1878 3408 1942 δεῖπνον,
3435 1880 3494 1934 τὸ
3531 1882 3590 1933 ὲν
3612 1884 3678 1950 τῇ

2105 1967 2242 2018 Σιὼν
2267 1964 2626 2020 ἐπιτελεσθέν.
2653 1967 2813 2019 Ὥστε
2859 1969 2996 2037 μετὰ
3053 1969 3112 2021 τὸ
3153 1969 3413 2038 μυστικὸν
3458 1969 3678 2041 Πάσχα,

2102 2055 2161 2109 τὸ
2187 2055 2290 2108 ὑπὸ
2323 2053 2416 2108 τοῦ
2450 2053 2654 2122 Κυρίου
2686 2053 2978 2124 γενόμενον
3035 2056 3092 2106 ὲν
3121 2057 3187 2124 τῇ
3249 2055 3408 2118 Σιὼν,
3451 2057 3680 2126 ἔναρχο-

2104 2147 2271 2216 μένης
2303 2145 2400 2214 τῆς
2430 2144 3045 2215 τεσσαρεσκαιδεκάτης,
3072 2145 3132 2198 τὸ
3155 2147 3258 2198 ὑπὸ
3278 2146 3384 2198 τῶν
3405 2147 3680 2199 Ἰουδαίων

2099 2235 2191 2286 ἐπὶ
2221 2235 2319 2304 τὴν
2363 2233 2568 2304 αὖριον,
2614 2235 2736 2301 ἥτις
2793 2229 2862 2302 ἦν
2893 2233 3239 2304 παρασκευὴ,
3267 2237 3678 2304 περαιουμένης

2095 2327 2192 2395 τῆς
2224 2325 2822 2396 τεσσαρεσκαιδεκάτης
2849 2326 3213 2390 ἐπι-τελεσθὲν,
3241 2327 3422 2380 οὐκέτι
3454 2327 3674 2396 Πάσχα.

2097 2418 2176 2469 Τά
2207 2419 2404 2484 νομικὰ
2465 2417 2573 2486 γὰρ
2625 2417 3014 2485 πεπλήρωται·
3051 2417 3132 2469 διὸ
3193 2417 3286 2469 καὶ
3319 2417 3678 2486 κατακρίνον-

2094 2525 2208 2562 ται.

2163 2599 2225 2655 δ’.
2271 2599 2408 2652 Ἀλλ’
2467 2597 2590 2652 οὔτε
2623 2601 2656 2668 ή
2713 2599 2806 2651 τοῦ
2841 2599 3152 2667 δράγματος
3211 2601 3564 2670 προσαγωγή,
3605 2601 3676 2669 ἦν

2093 2691 2381 2744 ἐπετέλουν
2430 2689 2576 2760 ὲντῇ
2639 2687 3021 2758 ἑξκαιδεκάτῃ,
3083 2689 3241 2742 τοῦτο
3269 2691 3676 2762 προσφέροντες

2092 2781 2232 2853 ὑπὲρ
2251 2781 2654 2852 σωτηρίαςόλου
2671 2781 2764 2834 τοῦ
2793 2781 3138 2851 ἀνθρωπίνου
3159 2781 3498 2852 φυράματος,
3527 2787 3680 2837 κατὰ

2090 2875 2188 2943 τὴν
2215 2873 2309 2926 τοῦ
2343 2873 2508 2944 νόμου
2547 2872 2788 2942 ἐντολὴν,
2825 2873 2906 2925 ἔτι
2950 2873 3134 2943 χώραν
3177 2875 3320 2944 ἔχει·
3363 2877 3453 2944 ἀφ’
3483 2869 3551 2947 ἦς
3583 2877 3676 2944 ἐξ-

2091 2969 2416 3038 καιδεκάτης
2475 2967 2569 3021 καὶ
2599 2967 2758 3038 ήτῶν
2784 2967 3093 3036 ἑϐδομάδων
3129 2967 3505 3040 άπαρίθμησις
3553 2971 3676 3038 ἐγί-

2091 3075 2231 3122 νετο,
2287 3057 2384 3127 τὴν
2453 3057 2828 3127 Ιιεντηκοστὴν
2873 3057 3226 3128 ἐπιφέρουσα.
3293 3057 3507 3130 Ταύτης
3561 3061 3676 3130 γὰρ

2090 3149 2460 3222 ἐναρχομένης
2502 3150 2600 3220 τῆς
2652 3149 3044 3221 ὲξκαιδεκάτης
3073 3151 3169 3220 τῆς
3214 3151 3310 3203 καὶ
3347 3150 3667 3220 Κυριακῆς,

2089 3243 2209 3310 ἥτις
2237 3243 2330 3294 καὶ
2357 3241 2548 3312 πρώτη
2575 3241 2676 3310 τῆς
2713 3241 2976 3310 ἐπιούσης
3031 3241 3324 3312 ἑϐδομάδος
3374 3241 3672 3311 ἐδείκνυτο,

2089 3334 2118 3384 ὁ
2139 3332 2344 3403 Κύριος
2367 3333 2522 3403 ήμῶν
2555 3335 2620 3386 ὲκ
2654 3332 2866 3404 νεκρῶν
2890 3334 3154 3400 ἀναστάς,
3185 3333 3379 3386 ἑαυτὸν
3409 3333 3530 3386 ἀντὶ
3573 3335 3676 3388 τοῦ

2089 3423 2404 3493 δράγματος
2455 3423 2805 3494 προσήνεγκε
2842 3425 2920 3496 τῷ
2959 3425 3100 3496 Θεῷ,
3147 3427 3241 3480 καὶ
3287 3428 3485 3499 Πατρὶ,
3527 3428 3676 3500 ὑπὲρ

2095 3511 2368 3582 σωτηρίας
2413 3511 2535 3564 ὅλου
2565 3509 2661 3564 τοῦ
2695 3509 3038 3580 ἀνθρωπίνου
3087 3513 3422 3583 φυράματος.
3453 3513 3528 3584 (4)
3561 3515 3676 3566 Οὐ-

2096 3603 2213 3656 κέτι
2234 3603 2414 3656 τοίνυν
2459 3603 2775 3673 δράγματος
2809 3602 3168 3673 προσαγωγή,
3202 3603 3394 3656 ἑαυτὸν
3437 3605 3527 3656 τοῦ
3563 3606 3678 3657 Κυ-

2095 3695 2210 3764 ρίου
2247 3693 2712 3763 προσαγαγόντος,
2759 3693 2878 3744 άντὶ
2911 3693 3006 3744 τοῦ
3067 3693 3398 3764 δράγματος,
3427 3693 3506 3764 τῷ
3547 3694 3672 3764 Θεῷ

2087 3785 2182 3836 καὶ
2213 3785 2415 3854 Πατρίο
2451 3783 2574 3836 οὐδὲ
2620 3781 3014 3854 ὲξαριθμήσεις
3049 3783 3364 3853 ἑϐδομάδων
3403 3785 3496 3838 καὶ
3537 3801 3676 3837 πεν-

2085 3875 2325 3944 τηκοστὴ
2367 3873 2588 3945 νομικὴ,
2637 3875 2751 3928 ἀλλ’
2785 3875 2952 3944 ἑτέρα
2997 3874 3208 3928 τελείαν
3244 3876 3538 3943 ἐπίγνωσιν
3575 3873 3672 3930 διὰ

2085 3965 2184 4032 τῆς
2208 3963 2300 4016 τοῦ
2331 3963 2646 4034 Πνεῦματος
2667 3965 2970 4035 παρουσίας
2999 3966 3374 4034 ὑποφαίνουσα
3405 3967 3472 4037 ήν
3503 3967 3672 4036 ἡμεῖς

2085 4055 2162 4118 ὡς
2189 4056 2398 4110 τελείαν
2433 4056 2736 4126 παρουσίαν
2753 4056 2845 4110 τοῦ
2875 4057 3030 4125 ἁγίου
3063 4057 3382 4127 Πνεύματος
3407 4059 3670 4127 ἑορτάζο-

2090 4163 2208 4218 μεν,
2254 4149 2452 4202 Οὐκέτι
2482 4147 2800 4216 σαλπίγγων
2845 4150 2941 4202 καὶ
2986 4149 3199 4218 σκηνῶν
3255 4151 3436 4218 ἑορτὴ,
3491 4149 3670 4202 τύπον

2083 4239 2183 4304 τῆς
2205 4237 2550 4300 ἀναστάσεως
2579 4238 2702 4308 ἔχου
2714 4253 2804 4300 σα,
2829 4239 2929 4308 τῆς
2967 4237 3256 4308 ἀληθεινῆς
3313 4239 3668 4302 ἀναστάσεως

399 4337 562 4392 nobis
595 4339 869 4409 apparuit.
915 4340 1102 4410 Neque
1141 4341 1320 4396 tribus
1349 4342 1478 4396 anni
1511 4341 1852 4412 temporibus
1892 4353 1976 4413 ty-

2098 4329 2177 4383 τοῦ
2232 4331 2440 4400 Κυρίου
2467 4330 2622 4400 ἡμῶν
2651 4330 3084 4400 φανερωθείσης.
3120 4331 3320 4384 Οὐκέτι
3353 4333 3502 4401 τρεῖς
3529 4349 3664 4384 και-

399 4427 584 4495 picum
633 4429 834 4483 festum
869 4431 980 4500 jam
1011 4440 1180 4502 agunt
1213 4431 1498 4498 homines;
1538 4441 1648 4488 tota
1675 4433 1825 4488 enim
1869 4433 1973 4488 ho-

397 4517 592 4573 dierna
639 4520 752 4574 vita
795 4521 1116 4576 continuum
1161 4522 1362 4577 festum
1393 4533 1498 4579 cst.
1527 4523 1704 4594 Atque
1735 4533 1796 4579 ut
1825 4541 1974 4579 sum-

397 4607 586 4660 matim
617 4606 816 4672 dicam,
855 4619 1070 4665 cuncta:
1105 4611 1240 4681 legis
1273 4611 1704 4682 signiﬁcationes
1743 4615 1974 4683 eXpleta:

2079 4421 2208 4490 ροὺς
2225 4421 2544 4492 ὲορτάσουσι
2571 4423 2690 4474 ’τοῦ
2739 4421 3013 4485 ἐνιαυτοῦ,
3047 4421 3330 4485 τυπικῶς·
3365 4421 3508 4484 ἄπας
3547 4420 3666 4492 γάρ

2075 4514 2106 4565 ὁ
2161 4511 2275 4582 βίος
2308 4513 2551 4582 σήμερον
2579 4513 2742 4584 ἑορτὴ
2771 4511 2868 4583 μία
2895 4512 3256 4582 καθέστηκεν.
3307 4513 3418 4566 Καὶ
3447 4513 3662 4578 ἁπλῶς,

2077 4605 2248 4658 πᾶσαι
2280 4604 2338 4656 αί
2371 4603 2462 4656 διά
2483 4603 2578 4656 τοῦ
2607 4603 2772 4674 νόμου
2823 4603 3096 4673 ἐμφάσεις
3117 4605 3540 4675 πεπλήρωνται·
3567 4605 3664 4658 ὅτι

396 4707 548 4762 sunt,
593 4699 724 4768 quia
767 4699 1056 4768 plenitudo
1099 4701 1237 4773 legis
1278 4701 1535 4758 Christus
1568 4713 1694 4760 est:
1741 4705 1886 4760 unde
1917 4713 1976 4760 et

2098 4699 2351 4773 πλήρωμα
2381 4699 2546 4770 νόμου
2579 4700 2816 4770 Χριστός
2837 4715 2852 4734 ·
2901 4699 3026 4754 ὅθεν
3065 4702 3161 4754 καὶ
3191 4703 3225 4772 ή
3267 4700 3366 4755 τοῦ
3411 4702 3666 4770 Χριστοῦ

391 4785 603 4844 Christi
633 4787 880 4844 Ecclesia
920 4799 1166 4846 sanctam
1205 4793 1325 4864 ejus
1367 4795 1830 4850 resurrectionem
1875 4809 1969 4850 ce-

393 4875 594 4942 lebrat,
641 4891 766 4947 qua:
806 4888 956 4935 sexta
1002 4879 1214 4936 decima
1254 4881 1344 4938 die
1375 4884 1678 4954 incipiente
1717 4887 1970 4957 contigit.

391 4967 582 5039 Neque
619 4971 731 5042 jam
783 4987 910 5027 cum
945 4971 1152 5029 Judaeis
1179 4971 1381 5029 festum
1413 4977 1546 5046 agit,
1594 4985 1802 5032 sextam
1827 4976 1976 5033 deci-

2089 4791 2387 4862 Ἐκκλησία
2414 4791 2514 4864 τὴν
2537 4791 2700 4860 ἁγίαν
2721 4793 3018 4848 ἀνάστασιν
3033 4793 3203 4847 αὐτοῦ
3231 4793 3500 4865 ἑορτάζει,
3531 4794 3608 4863 ﬁt
3619 4813 3674 4861 ις

2077 4883 2449 4954 ὲναρχομένης
2477 4883 2578 4953 τῆς
2607 4883 2997 4954 ἑξκαιδεκάτης
3028 4884 3266 4953 ἐγένετο.
3330 4885 3440 4939 Καὶ
3465 4883 3668 4938 οὐκέτι

2071 4975 2346 5039 Ἰουδαίοις
2377 4973 2724 5044 συνεορτάζει
2776 4975 2879 5047 τὴν
2910 4976 3516 5046 τεσσαρεσκαιδεκάτην
3549 4977 3666 5044 τῆς

393 5073 536 5115 mam
607 5062 750 5118 lunae
810 5063 1130 5121 observans.
1195 5064 1351 5122 Sicut
1409 5077 1594 5122 autem
1645 5084 1675 5122 a
1737 5071 1973 5126 mortuis

2098 5065 2300 5135 νελήνης
2339 5064 2635 5119 διώκουσα.
2669 5066 2882 5136 Ὥσπερ
2939 5066 3124 5136 μέντοι
3156 5067 3221 5119 ἐκ
3275 5065 3485 5136 νεκρῶν
3513 5067 3658 5136 ἐγη-

391 5164 710 5224 resurgens,
742 5169 910 5226 seque
934 5171 1035 5226 pro
1057 5156 1219 5214 nobis
1243 5157 1390 5212 Patri
1414 5157 1676 5225 offerens,
1702 5161 1968 5232 manipuli

2073 5159 2360 5230 γερμένος,
2394 5157 2489 5211 καὶ
2521 5159 2714 5212 ἑαυτὸν
2771 5159 2915 5232 ὑπὲρ
2957 5160 3115 5231 ήμῶν
3151 5160 3230 5231 τῷ
3262 5159 3436 5230 Πατρὶ
3473 5173 3656 5230 προσ-

391 5249 525 5312 typo
565 5245 727 5302 finem
761 5248 1056 5318 imposuit;
1097 5249 1177 5306 sic
1209 5249 1334 5320 agni
1365 5250 1508 5318 loco,
1537 5259 1730 5322 quarta
1753 5253 1968 5311 decima

2098 5248 2309 5318 γαγὼν,
2351 5249 2642 5320 ἐπλήρωσε
2671 5249 2760 5304 τὸν
2780 5251 2950 5307 τύπον
2990 5250 3086 5305 τοῦ
3113 5250 3450 5324 δράγματος,
3471 5247 3657 5312 οὕτως

463 5399 504 5432 ³⁸
537 5399 730 5458 Matth.
767 5421 911 5469 saw,
935 5405 1024 5462 29.
1109 5406 1148 5438 "
1183 5405 1358 5462 Levit.
1387 5423 1540 5476 xxut,
1578 5413 1654 5482 10,
1679 5406 1984 5467 ¹³ἰ1>ἰᾶ.15.

575 5539 676 5596 llic
729 5543 1185 5618 interponebatur
1227 5549 1280 5604 in
1327 5549 1512 5606 codice
1571 5551 1760 5624 Cyrilli
1811 5553 1986 5616 locus,
2058 5553 2190 5607 alibi
2226 5569 2254 5608 a
2317 5553 2476 5608 nobis
2527 5553 2746 5618 editus;
2799 5552 2998 5608 deinde
3057 5552 3410 5624 prosequitur
3471 5551 3652 5630 Euty-

393 5607 573 5670 chius.
