4042 6156
291 221 359 284 23
368 222 434 285 97

1223 223 1320 284 DE
1360 225 1746 285 PASCIIATE
1788 225 1882 286 ET
1920 228 2024 287 SS.
2067 228 2610 290 EUCIIARISTIA.

3415 234 3558 300 2393

290 335 414 390 ἀντὶ
451 332 543 386 τοῦ
568 332 764 402 ἀμνοῦ,
792 332 891 402 τῆς
921 334 1517 404 τεσσαρεσκαιδεκάτης
1573 336 1870 407 ἐναρχομὲ-
1897 388 1901 395 η

2005 339 2274 409 neipiente
2325 339 2435 404 die,
2491 346 2665 393 semet
2717 335 2942 406 mystice
2993 345 3049 390 ct
3095 338 3149 392 in
3209 347 3557 396 antecessum

289 441 408 494 νης.
431 424 624 477 ἑαυτὸν
651 421 819 486 θύσας
867 422 1144 493 μυστικῶς
1185 427 1282 477 καὶ
1331 426 1742 496 προληπτικῶς,
1777 428 1872 480 καὶ

291 518 545 588 ἐμμίξας
583 516 664 582 τῷ
712 517 1015 581 ἀντιτύπῳ
1039 515 1309 585 φαίνεται.
1337 519 1408 570 Τὸ
1459 514 1551 571 οὖν
1588 519 1870 589 μυστικὸν,

294 608 518 677 ἀπαρχὴ
555 609 645 658 καὶ
668 605 927 677 ἀρραϐών
984 608 1098 658 ἐστι
1135 605 1228 658 τοῦ
1263 606 1650 676 πραγματικοῦ
1674 625 1686 637 ·
1719 608 1778 659 τι
1819 608 1876 660 δὲ

237 753 240 755 _
297 698 704 770 πραγματικὸν,
739 698 800 750 τὸ
826 698 1067 763 τέλειον,
1124 698 1264 752 κατὰ
1296 699 1374 752 τό·
1419 719 1436 750 ι
1478 701 1552 752 Οὐ
1616 701 1689 770 μὴ
1720 701 1878 768 ςάγω

297 794 580 857 αὑτὸ,’έως
623 785 682 845 οῦ
741 791 1000 864 πληρωθῇ
1030 793 1088 844 ἐν
1141 794 1207 863 τῇ
1243 791 1493 862 βασιλείᾳ
1513 791 1604 844 τοῦ
1637 792 1770 844 Θεοῦ
1795 808 1807 820 ·
1853 812 1871 842 ι

299 886 436 955 ὅπερ
461 884 670 954 ἔσχενή
706 882 834 947 άγία
863 881 1030 936 αὑτοῦ
1057 883 1354 944 ἀνάστασις
1375 899 1387 912 ·
1415 883 1574 935 τοῦτο
1604 884 1709 953 γάρ
1733 887 1878 936 ἐστιν

300 979 333 1044 ἠ
368 977 613 1046 βασιλεία
644 977 737 1028 τοῦ
765 975 936 1028 Θεοῦ·
977 974 1112 1027 διότι
1169 975 1354 1029 οὐκέτι
1407 975 1633 1030 δύναται
1672 975 1879 1030 ἀποθα-

302 1072 432 1130 νεῖν,
467 1069 616 1133 ἅπαξ
645 1068 956 1122 ἀποθανών.

375 1168 436 1215 ε’.
466 1161 585 1213 Ὅτι
611 1159 665 1212 δὲ
699 1159 872 1222 οὕτως
910 1161 1082 1223 ἐστὶν,
1115 1160 1226 1213 ἰδοὺ
1264 1160 1544 1228 μυστικῶς
1573 1162 1666 1213 καὶ
1720 1163 1884 1232 ἡμεῖς

304 1251 722 1322 ἀποθνήσκομεν
751 1252 809 1303 ἐν
837 1251 913 1322 τῷ
937 1249 1273 1320 βαπτίσματι
1299 1251 1376 1321 τῷ
1415 1251 1558 1321 ἁγίῳ
1582 1268 1595 1282 ο
1635 1252 1691 1302 ὲν
1748 1269 1887 1320 μαρ-

302 1344 475 1413 τυρίῳ
508 1343 564 1394 δὲ
597 1343 734 1411 μετά
796 1342 954 1396 τοῦτο
977 1384 991 1406 ,
1023 1344 1054 1414 ἢ
1081 1342 1175 1396 καὶ
1219 1343 1348 1396 ἄνευ
1386 1345 1709 1415 μαρτυρίου,
1748 1361 1889 1413 πρα-

299 1435 623 1502 γματικῶς.
659 1435 764 1488 Καὶ
817 1434 916 1487 οὐκ
947 1432 1306 1506 ἠλλοτρίωται
1349 1437 1378 1488 6
1440 1435 1698 1504 μυστικὸς
1730 1433 1887 1504 ἡμῶν

302 1525 561 1587 θάνατος,
584 1526 676 1577 τοῦ
712 1525 1118 1597 πραγματικοῦ,
1143 1525 1244 1579 κᾶν
1292 1527 1341 1579 εί
1398 1525 1700 1579 τελειοῦται
1729 1527 1786 1578 ἐν
1811 1525 1888 1596 τῷ

305 1615 702 1686 πραγματικῷ.
734 1617 841 1669 Καὶ
862 1616 1053 1688 ἑτέραν
1085 1616 1194 1687 γὰρ
1237 1617 1388 1688 παρὰ
1432 1616 1530 1688 τὴν
1581 1615 1806 1688 πρώτην
1834 1620 1890 1669 ἐν

1979 430 2289 493 immolatis,
2336 439 2500 498 atque
2553 427 2817 499 antitypis
2860 428 3100 481 insertus
3139 439 3383 497 apparet.
3416 431 3562 499 Ergo

1982 539 2071 576 res
2108 523 2356 592 mystica,
2388 521 2668 575 inchoatio
2692 528 2854 573 estet
2880 520 3044 572 arrha
3072 519 3148 573 rei
3179 521 3562 587 pragmaticaa:

1987 630 2076 668 res
2129 629 2260 666 vero
2306 613 2642 681 pragmatica
2688 611 3157 680 complementum
3207 610 3564 672 nanciscitur,

1977 706 2132 774 juxta
2185 704 2322 758 illud
2372 703 2580 756 dictum
2631 721 2642 754 :
2683 704 2801 757 Non
2849 701 3132 756 comedam
3185 701 3342 763 illud,
3394 701 3572 754 donec

1981 797 2349 865 adimplcatur
2388 794 2444 847 in
2495 812 2662 864 regno
2698 796 2873 848 Patris
2907 795 3015 847 inci
3043 793 3125 859 ";
3177 793 3325 862 quod
3381 807 3571 861 reapse

1986 903 2082 957 per
2137 896 2381 941 sanctam
2437 887 2557 955 ejus
2625 886 3092 940 resurrectionem
3146 884 3402 939 accidit:
3464 884 3571 937 tale

1983 979 2128 1032 enim
2163 986 2248 1031 cst
2279 993 2506 1046 regnum
2539 977 2658 1031 Dei.
2706 975 3076 1042 Quamobrem
3128 973 3273 1027 haud
3303 975 3414 1042 jam
3445 988 3568 1026 ant-

1972 1068 2127 1138 ,plins
2155 1068 2292 1121 mori
2327 1077 2524 1137 potest,
2555 1076 2841 1136 postquam
2871 1067 3144 1119 semelest
3169 1075 3442 1132 mortuus.

1977 1173 1981 1184 '
2151 1159 2288 1224 Quia
2320 1175 2452 1212 vero
2495 1175 2584 1212 res
2630 1159 2705 1211 ita
2752 1173 2809 1210 se
2856 1156 3042 1220 habet,
3082 1170 3212 1210 ecce
3248 1165 3302 1209 et
3328 1169 3427 1209 nos
3459 1171 3574 1227 my—

1987 1253 2120 1307 stice
2176 1252 2446 1304 morimur
2495 1251 2549 1304 in
2600 1264 2793 1306 saneto
2842 1248 3219 1317 baptismate:
3269 1247 3469 1302 deinde
3516 1248 3572 1301 in

1989 1344 2288 1414 martyrio,
2341 1343 2424 1396 vel
2485 1342 2650 1396 etiam
2702 1342 2822 1395 sine
2875 1339 3140 1410 martyrio
3195 1354 3292 1407 per
3343 1354 3576 1407 operum

1991 1430 2199 1499 praxim
2226 1447 2238 1482 :
2271 1445 2451 1499 nech
2497 1428 2682 1482 didert
2717 1443 2867 1482 mors
2914 1436 3103 1482 nostra
3133 1427 3360 1497 mystica
3390 1427 3458 1480 ab
3486 1428 3578 1481 illa

1992 1520 2346 1591 pragmatica.
2410 1520 2658 1589 Namque
2703 1527 2758 1574 ct
2799 1520 2996 1581 aliam,
3049 1527 3252 1588 pratter
3308 1519 3579 1587 primam,

1993 1613 2207 1684 mystici
2239 1612 2454 1682 generis
2477 1611 2746 1665 habemus
2780 1611 2972 1670 vitam,
3006 1609 3417 1663 inchoationem
3450 1611 3568 1663 vel-

303 1708 386 1777 τῷ
417 1707 668 1778 μυστικῷ
690 1707 948 1778 κτώμεθα
979 1708 1146 1779 ζωὴν,
1181 1708 1438 1779 ἀπαρχήν
1467 1725 1590 1761 τινα
1629 1709 1728 1778 τῆς
1761 1712 1890 1762 ἀνα-

2005 1704 2078 1757 nti
2131 1701 2576 1764 resurrectionis,
2616 1710 2965 1769 peccatorum
2991 1700 3400 1763 remissionem,
3441 1701 3576 1754 ado-

308 1799 578 1865 στάσεως,
609 1800 702 1852 καὶ
749 1799 941 1868 ἄφεσιν
995 1800 1298 1872 ἁμαρτιῶν,
1343 1800 1436 1855 καὶ
1479 1801 1750 1853 υἱοθεσίαν
1799 1799 1891 1852 καὶ

253 1911 262 1920 ·
309 1888 610 1957 ἁγιασμον,
675 1890 772 1942 καὶ
811 1890 1246 1961 συγκληρονὸμοι
1301 1890 1539 1962 Χριστοῦ
1607 1890 1890 1960 γινόμεθα.

309 1983 427 2035 Οὐκ
456 1979 856 2054 ἁπέρῤη[κ]ται
887 1983 1064 2036 τοίνυν
1092 1984 1159 2035 τὰ
1197 1983 1434 2054 μυστικὰ
1469 1983 1577 2036 τῶν
1636 1991 1903 2053 πραγμα-’

309 2072 513 2136 τικῶν,
549 2073 654 2126 κᾶν
687 2075 734 2125 εἰ
757 2077 816 2126 ἐν
850 2075 962 2136 τοῖς
1018 2075 1424 2144 πραγματικοῖς
1457 2073 1774 2126 τελειοῦται.
1831 2074 1896 2127 ’Π

311 2159 406 2217 οὖν
442 2164 762 2234 Ἐκκλησία,
792 2164 886 2218 καὶ
920 2165 1017 2235 τῆς
1031 2166 1634 2235 τεσσαρεσκαιδεκάτης
1661 2165 1899 2218 ἐπιτελεί

311 2257 412 2328 τὴν
435 2259 678 2326 μνήμην.
699 2259 754 2310 ἐν
780 2260 844 2328 τῇ
873 2259 1086 2330 μεγάλῃ
1120 2258 1372 2330 Πέμπτῃ,
1394 2257 1578 2322 καθὼς
1595 2259 1712 2312 τότε
1738 2259 1898 2326 mo-

313 2367 402 2402 νεν
424 2350 528 2403 ὑπὸ
563 2349 654 2402 τοῦ
682 2350 889 2420 Κυρίου
907 2349 964 2402 τὸ
990 2350 1180 2418 Πάσχα
1200 2351 1258 2403 τὸ
1277 2351 1561 2420 μυστικὸν,
1601 2351 1688 2406 ὅτε
1709 2349 1901 2403 ἑαυτὸν

314 2447 476 2499 ἔθυσε
505 2446 601 2515 τῆς
631 2444 1235 2515 τεσσαρεσκαιδεκάτης
1259 2445 1650 2516 ἐναρχομένης.
1669 2444 1788 2497 Κᾶν
1809 2441 1901 2498 οὖν

312 2540 375 2591 ἐν
396 2542 464 2609 τῇ
498 2538 686 2609 πρώτῃ
711 2537 894 2608 ἡμέρᾳ
915 2537 1014 2604 τῆς
1043 2537 1337 2607 ἑϐδομάδος
1368 2537 1461 2590 τοῦ
1497 2539 1687 2607 Πάσχα
1713 2541 1778 2607 τῇ
1811 2538 1904 2590 καὶ

315 2633 596 2701 κυριακῇ,
624 2630 727 2682 κᾶν
755 2631 813 2682 ὲν
842 2631 908 2700 τῇ
938 2629 1163 2700 θατέρᾳ,
1186 2631 1290 2683 κᾶν
1315 2633 1372 2682 ὲν
1405 2632 1472 2699 τῇ
1495 2624 1676 2702 τρίτῃ,
1715 2630 1816 2683 κᾶν
1846 2632 1903 2682 ἐν

314 2727 382 2794 τῇ
403 2725 638 2794 τετάρτῃ
653 2722 866 2794 ἐμπέσῃ
883 2723 914 2791 ή
931 2721 1494 2791 τεσσαρεσκαιδεκάτη
1514 2722 1778 2793 (ζητεῖται
1795 2723 1905 2792 γὰρ

315 2814 525 2886 τοῦτο),
557 2817 622 2884 τῇ
664 2812 894 2885 πέμπτῃ
929 2817 962 2885 ἡ
990 2812 1292 2881 Ἐκκλησία
1324 2813 1564 2867 ἐπιτελεῖ
1589 2813 1684 2883 τὴν
1709 2815 1905 2886 ἑορτὴν

314 2905 412 2959 τοῦ
439 2905 630 2974 Πάσχα
651 2903 745 2960 τοῦ
771 2904 1034 2975 μυστικοῦ
1058 2921 1071 2934 ο
1103 2903 1224 2956 καθ’
1248 2905 1312 2974 ἢν
1331 2904 1424 2956 καὶ
1440 2904 1468 2956 ὁ
1498 2904 1700 2973 Κύριος
1715 2904 1904 2957 ἑαυτὸν

320 2999 602 3069 μυστικῶς
629 2999 788 3051 ἔθυσε
827 2999 968 3051 τότε.
1002 2999 1110 3069 Τὴν
1132 2998 1186 3052 δὲ
1222 2997 1437 3051 τελείαν
1485 2998 1579 3051 καὶ
1604 2999 1904 3070 πληρωμα·

316 3090 479 3160 τικὴν
507 3090 610 3160 τῆς
640 3089 906 3158 μυστικῆς
931 3090 1146 3159 ἑορτῆς,
1183 3089 1326 3142 κατὰ
1353 3089 1454 3160 τὴν
1488 3088 1647 3157 ἁγίαν
1669 3089 1904 3142 ἀνάστα-

320 3199 403 3236 σιν
445 3181 706 3244 ὲπιτελεῖ,
741 3180 861 3250 ἥτις
911 3180 1283 3250 ὲναρχομένης
1344 3178 1445 3248 τῆς
1490 3177 1901 3245 ὲξκαιδεκάτης,

317 3273 415 3343 τῆς
449 3273 543 3326 καὶ
575 3272 862 3340 Κυριακῆς
889 3270 1008 3323 τότε
1042 3270 1348 3340 φθασάσης,
1380 3269 1692 3339 γεγένηται.

392 3369 471 3428 ς’,
499 3365 591 3416 Διὸ
617 3362 711 3416 καὶ
739 3364 787 3415 oi
816 3365 872 3414 ἐν
925 3362 1129 3433 Νικαίᾳ⁵
1165 3362 1428 3431 Πατέρες,
1465 3361 1628 3414 τινῶν
1653 3360 1753 3430 τῆς
1789 3360 1908 3411 Ἐκ-

318 3455 514 3524 λησίας
540 3455 698 3507 τοῦτο
735 3455 808 3526 μὴ
827 3455 1144 3520 ποιούντων,
1164 3454 1371 3524 ὥρισαν
1398 3455 1608 3516 πάντας
1632 3453 1746 3524 ἅμα
1767 3451 1910 3506 κατὰ

319 3547 418 3615 τὴν
446 3548 569 3600 τότε
591 3550 662 3600 ὲν·
684 3550 750 3618 τῇ
786 3547 1120 3618 σιιιτηριώδει
1151 3548 1445 3603 ἀναττάσει
1499 3548 1783 3618 φθάσασαν
1817 3547 1905 3612 ἐξ-

325 3638 661 3707 καιδεκάτην
688 3639 788 3707 τὴν
818 3638 911 3690 καὶ
951 3638 1234 3708 Κυριακὴν
1267 3639 1569 3709 ἑορτάζειν,
1624 3638 1700 3700 ὡς
1736 3637 1794 3689 τὸ
1828 3637 1909 3690 τέ·

322 3731 466 3784 λειον
491 3732 588 3784 καὶ
614 3729 999 3801 πραγματικὸν
1017 3729 1269 3798 ἔχουσαν,
1300 3729 1441 3782 κατὰ
1463 3727 1561 3797 τὴν
1587 3727 1678 3780 τοῦ
1703 3725 1908 3796 Κυρίου

325 3826 535 3896 φωνήν.
569 3825 680 3875 Καὶ
713 3821 872 3874 τοῦτο
897 3823 963 3890 τῇ
995 3819 1392 3890 Ἀλεξανδρέων
1447 3819 1748 3888 γράφουσιν
1782 3817 1909 3870 Ἐκ-

324 3916 526 3986 κλησία
561 3914 845 3982 λέγοντες·
893 3931 912 3963 ι
950 3910 1430 3980 Εὐαγγελιζόμεθα
1484 3911 1627 3976 ὑμᾶς
1655 3911 1749 3964 καὶ
1783 3911 1910 3982 περὶ

322 4007 426 4078 τῆς
458 4005 779 4075 συμφωνίας
804 4003 898 4058 τοῦ
922 4004 1226 4071 άγιωτάτου
1262 4003 1474 4071 Πάσχα,
1506 4004 1588 4055 ὅτι
1617 4002 1908 4072 ὑμετέραις

325 4101 516 4170 εὐχαῖς
553 4097 894 4168 κατωρθώθη
921 4097 1015 4150 καὶ
1044 4096 1204 4149 τοῦτο
1231 4097 1290 4149 τὸ
1317 4097 1483 4166 μέρος
1508 4113 1521 4126 ·
1543 4096 1683 4149 ὥστε
1704 4098 1913 4160 πάντας

321 4194 456 4254 τοὺς
508 4189 608 4262 ’τῆς
650 4189 823 4260 Ἕῴας
874 4187 1138 4258 ἀδελφοὺς
1195 4188 1331 4254 μετὰ
1387 4188 1496 4241 τῶν
1537 4187 1801 4242 Ἰουδαίων
1852 4190 1914 4241 τὺ

324 4284 599 4355 πρότερον
640 4280 955 4344 ποιοῦντας,
1013 4279 1281 4350 σύμφωνα
1320 4280 1616 4349 Ῥωμαίοις
1666 4281 1760 4333 καὶ
1786 4281 1912 4350 ὑμῖν

1999 1796 2241 1865 ptionein
2283 1795 2337 1847 in
2367 1793 2528 1856 filios,
2562 1805 2618 1846 et
2656 1791 3171 1854 sanctificationem,
3201 1792 3275 1845 ita
3305 1800 3366 1845 ut
3395 1791 3578 1846 coita:-

1998 1889 2158 1943 redes
2186 1886 2396 1942 ChriSti
2431 1885 2752 1939 efﬁciamur.
2801 1883 2955 1938 Haud
2987 1899 3117 1953 ergo
3147 1883 3517 1938 excluduntur
3545 1899 3576 1938 a

2003 1983 2250 2053 mysticis
2300 1997 2390 2035 res
2436 1982 2808 2049 pragmaticae,
2857 1977 2967 2032 imo
3021 1979 3126 2032 illa:
3170 1979 3221 2031 in
3295 1977 3382 2032 bis
3416 1977 3580 2047 perii.

1998 2077 2241 2130 ciuntur.
2302 2073 2550 2129 Ecclesia
2605 2075 2774 2142 igitur
2823 2079 3034 2142 quarta:
3078 2071 3306 2125 decimze
3358 2083 3580 2140 quoque

1997 2167 2106 2222 diei
2137 2165 2716 2220 commemorationem
2737 2164 2866 2218 facit
2889 2164 2942 2216 in
2970 2178 3164 2231 magna
3193 2161 3328 2217 feria
3355 2162 3580 2230 quinta;

1999 2257 2160 2311 sicuti
2211 2263 2340 2310 tunc
2385 2255 2676 2325 mysticum
2718 2270 2748 2308 a
2781 2252 3016 2306 Domino
3050 2253 3251 2321 pascha
3296 2260 3580 2320 peractum

2000 2350 2125 2415 fuit,
2147 2365 2268 2403 cum
2293 2356 2468 2402 semet
2493 2346 2796 2400 immolavit
2825 2353 3023 2415 quarta
3047 2343 3258 2400 decima
3285 2343 3583 2411 incipiente

2001 2445 2110 2498 die.
2159 2443 2284 2498 Sive
2333 2457 2465 2512 ergo
2511 2441 2566 2495 in
2620 2441 2858 2510 primam
2907 2437 3182 2508 paschalis
3225 2435 3585 2490 hebdomadas

2001 2538 2170 2602 diem‘,
2221 2536 2273 2590 id
2325 2546 2413 2590 est
2463 2535 2826 2596 Dominicam,
2877 2531 2994 2585 sive
3047 2546 3102 2584 in
3156 2527 3455 2584 secundam
3485 2535 3580 2580 aut

2002 2631 2164 2685 etiam
2197 2637 2450 2697 quartam
2484 2625 2673 2679 feriam
2710 2622 2967 2677 inciderit
2993 2621 3113 2675 dies
3141 2629 3334 2689 quarta
3367 2619 3584 2675 decima

2005 2721 2079 2791 (id
2119 2720 2264 2774 enim
2315 2715 2876 2786 requiritur),quinta
2928 2712 2984 2766 in
3034 2711 3168 2765 feria
3200 2709 3446 2764 celebrat
3479 2708 3586 2762 Ec-

2004 2812 2170 2866 clesia
2217 2809 2439 2864 Paschm
2471 2805 2684 2878 mystici
2720 2809 2918 2861 I'estuin
2965 2818 3113 2872 :qua
3151 2801 3290 2855 feria
3324 2799 3588 2854 Dominus

2002 2916 2222 2973 quoque
2257 2900 2500 2970 seipsum
2553 2897 2781 2968 mystice
2831 2893 3150 2948 immolavit.
3187 2890 3587 2946 Perfectionem

2007 3011 2138 3050 vero
2169 2993 2382 3063 mystici
2422 2989 2546 3044 festi
2577 3003 2641 3042 ac
2671 2986 3072 3056 plenitudinem
3102 2985 3157 3038 in
3189 2992 3374 3038 sancta
3407 2997 3590 3036 resur-

2006 3088 2252 3142 rectione
2287 3089 2653 3142 consummat,
2701 3095 2823 3147 quae
2855 3076 3158 3146 incipiente
3189 3083 3342 3130 sexta
3375 3073 3590 3128 decima

2006 3180 2116 3241 die,
2143 3188 2199 3232 et
2229 3175 2511 3230 Dominica
2535 3173 2648 3244 jam
2679 3171 2941 3234 intrante,
2980 3168 3235 3239 contigit.

2077 3358 2130 3410 6.
2162 3355 2340 3421 Quare
2367 3353 2531 3408 etiam
2563 3349 2770 3405 Nicmni
2799 3349 2993 3402 Patres
3019 3343 3303 3400 nonnullis
3329 3340 3593 3396 Ecclesiis

2009 3464 2166 3503 secus
2220 3445 2512 3516 agentibus
2567 3448 2973 3514 praeceperunt,
3034 3446 3095 3493 ut
3144 3451 3338 3492 omnes
3391 3435 3592 3498 simul,

2009 3549 2174 3612 prout
2206 3550 2341 3594 tunc
2374 3549 2513 3602 erat,
2553 3538 2606 3590 in
2631 3534 2943 3591 Servatoris
2974 3530 3403 3592 resurrectione,
3441 3538 3592 3588 sexta

2010 3634 2224 3690 decima
2250 3633 2340 3687 die
2369 3631 2612 3699 incepta,
2643 3643 2764 3697 qua:
2795 3635 2852 3680 et
2888 3624 3172 3681 Dominica
3218 3629 3356 3682 erat,
3389 3620 3594 3673 solem—

2010 3725 2239 3792 nitatem
2283 3726 2529 3791 agerent,
2563 3733 2663 3772 ceu
2694 3715 2998 3786 perfectum
3036 3715 3149 3782 jam
3197 3721 3597 3781 peractumque

2011 3816 2175 3869 finem
2226 3820 2606 3874 consecutam,
2659 3810 2813 3880 juxta
2865 3805 3084 3861 Domini
3117 3802 3427 3858 effatum”.
3473 3801 3599 3854 Alc-

2010 3908 2406 3963 xandrinorum
2466 3912 2650 3958 autem
2677 3899 2934 3955 Ecclesia:
2983 3898 3059 3951 ita
3113 3897 3462 3964 scripserunt
3511 3893 3598 3945 di-

2010 4010 2202 4058 centes
2227 4018 2241 4053 :
2277 4020 2295 4050 ι
2330 3997 2662 4052 Nuntiamus
2683 3992 2840 4045 vobis
2867 3991 2934 4043 de
2961 3989 3102 4042 facta
3137 3987 3284 4040 circa
3309 3981 3598 4038 sanctissi-

2011 4109 2161 4148 mum
2203 4089 2408 4146 Pascha
2452 4083 2772 4148 concordia,
2827 4081 2957 4151 quia
3008 4086 3319 4133 vestrarum
3372 4089 3599 4144 precum

2013 4184 2210 4240 merito
2246 4183 2358 4237 haec
2395 4193 2616 4250 quoque
2665 4189 2795 4246 pars
2835 4183 2986 4229 recte
3029 4169 3134 4224 fuit
3179 4167 3508 4231 constituta;
3540 4175 3602 4219 ut

2014 4276 2202 4332 cuncti
2246 4272 2545 4328 orientales
2593 4269 2817 4332 fratres,
2866 4265 2960 4337 qui
3011 4273 3173 4319 antea
3226 4277 3351 4315 cum
3399 4258 3602 4314 Iudaeis

320 4351 422 4430 κᾲι
449 4351 619 4426 πᾶσιν
650 4374 784 4445 ἡμῖν
813 4374 926 4434 τοῖς
958 4371 1016 4435 ἐξ
1045 4371 1219 4441 ἀρχῆς
1254 4369 1590 4440 φυλάσσουσι
1628 4373 1688 4423 τὸ
1717 4372 1901 4441 Πάσχα

2009 4369 2218 4426 Pascha
2245 4363 2621 4428 celebrabant,
2647 4360 2852 4416 abhinc
2873 4372 3114 4415 consona
3142 4353 3405 4410 Romanis
3424 4351 3604 4406 vobis-

319 4471 387 4521 ἐκ
415 4465 509 4519 τοῦ
543 4463 702 4536 δεῦρο
739 4463 858 4534 μεθ’
885 4465 1043 4532 ἡμῶν
1071 4463 1245 4531 ἄγειν.
1282 4481 1300 4513 ι
1337 4462 1562 4525 Τελείας
1589 4459 1682 4516 οὖν
1721 4463 1914 4515 ἐνστάη

322 4576 468 4620 eam;
487 4556 888 4626 γεγενημένης,
909 4554 1115 4618 ἀτελῶς
1135 4572 1281 4616 τινες
1309 4553 1679 4624 ἑορτάζοντες,
1705 4555 1914 4624 ταύτην

321 4651 431 4704 οὐκ
457 4647 810 4718 ὲρυθριῶσιν.
859 4647 1068 4717 Ὠσπερ
1104 4646 1199 4698 καὶ¹
1229 4646 1278 4698 οἱ
1337 4645 1397 4697 τὸ
1429 4644 1572 4715 ὕδωρ
1623 4645 1782 4714 μόνον
1813 4662 1915 4697 πα-

324 4741 623 4812 ριστῶντες
657 4738 738 4804 τῷ
764 4738 858 4790 ἐπὶ
886 4737 981 4790 τοῦ
1032 4737 1419 4808 θυσιαστηρίου
1456 4736 1628 4807 κανῷ,
1670 4736 1790 4790 ἀντὶ
1820 4735 1912 4791 τοῦ

319 4831 695 4902 κερασθέντος
724 4828 861 4899 μετὰ
882 4828 975 4881 τοῦ
993 4829 1331 4898 γεννήματος
1356 4829 1455 4897 τῆς
1481 4826 1752 4896 ἀμπέλου,
1773 4826 1913 4882 κατὰ

322 4923 432 4990 τὴν
452 4920 546 4973 τοῦ
577 4919 789 4991 Κυρίου
815 4918 1139 4989 παράδοσιν,
1173 4915 1487 4987 λελήθασιν,
1541 4917 1770 4979 ἑαυτοὺς
1810 4933 1916 4986 χωο

327 5012 582 5085 ρίζοντες
611 5010 708 5064 τοῦ
751 5008 1032 5082 Κυριακοῦ
1062 5009 1317 5078 ,αἵματός
1364 5024 1424 5061 τε
1477 5009 1570 5065 καὶ
1627 5007 1915 5077 σώματος·

327 5104 640 5175 πληροῦται
668 5106 779 5175 γάρ
817 5104 877 5156 τὸ
904 5102 1091 5172 ἕτερον
1118 5101 1221 5155 ὕπὸ
1250 5100 1346 5154 τοῦ
1373 5101 1584 5171 ἑτέρου.
1628 5100 1686 5154 ’0
1715 5095 1808 5153 οῦν
1844 5099 1919 5170 μὴ

325 5199 474 5270 ἔχων
495 5198 555 5250 τὸ
582 5198 662 5266 ἓν,
690 5197 812 5251 οὐδὲ
839 5197 899 5250 τὸ
930 5196 988 5248 ἓν
1008 5197 1036 5249 ὂ
1067 5196 1216 5249 δοκεῖ
1240 5195 1405 5265 ἔχειν,
1438 5193 1573 5264 ἔχει.
1604 5195 1918 5247 Δείκνυνται

327 5289 389 5343 δὲ
426 5290 477 5342 ot
532 5289 763 5343 τοιοῦτοι
797 5287 1069 5357 ἀλλότριοι
1129 5285 1232 5354 τῆς
1287 5284 1448 5353 ἁγίας
1500 5283 1740 5355 Χριστοῦ
1794 5285 1918 5336 Ἐκ-

329 5379 587 5452 κὶησίας.
625 5381 816 5451 Ἡμεῖς
838 5379 895 5433 δὲ
925 5379 1021 5432 καὶ
1051 5377 1150 5449 τὴν
1179 5377 1278 5446 τῆς
1317 5374 1919 5447 τεσσαρεσκαιδεκάτης

333 5470 535 5543 ἑορτὴν
563 5471 922 5544 ἐπιτελοῦμεν
950 5469 1095 5524 κατὰ
1130 5471 1232 5538 τὴν
1267 5469 1524 5539 πέμπτην
1553 5469 1770 5542 ἡμέραν
1818 5467 1920 5536 τῆς

412 5630 455 5662 ’⁵
501 5631 633 5686 Luc.
671 5645 799 5689 sxu,
835 5628 919 5681 16.
1001 5627 1042 5657 ¹⁵
1077 5625 1212 5681 ibid.
1250 5626 1336 5679 57.

2017 4475 2124 4530 que
2174 4467 2232 4512 et
2277 4454 2437 4509 nobis
2484 4451 2763 4513 omnibus,
2812 4449 2907 4519 qui
2953 4446 3022 4500 ab
3073 4444 3231 4499 initio
3277 4443 3356 4498 sic
3395 4441 3604 4496 Pascha

2017 4548 2462 4611 observavimus,
2510 4542 2803 4598 nobiscum
2843 4539 3036 4596 facturi
3063 4538 3192 4592 sint.
3243 4555 3262 4588 ›
3290 4535 3455 4604 Atqui
3503 4533 3607 4588 hoc

2019 4641 2244 4696 decreto
2291 4633 2668 4707 peremptorio
2696 4631 2866 4696 edito,
2920 4627 3218 4684 nonnullos
3267 4625 3450 4678 adhuc
3491 4638 3606 4675 non

2018 4732 2190 4807 pudet
2248 4728 2629 4799 imperfectam
2681 4741 2844 4796 agere
2899 4721 3327 4779 solemnitatem.
3393 4717 3466 4771 Ita
3525 4713 3606 4768 illi

2019 4805 2184 4879 etiam
2221 4839 2282 4877 se
2315 4828 2536 4892 gerunt,
2561 4819 2657 4888 qui
2693 4817 2864 4872 solam
2891 4828 3088 4883 aquam
3132 4809 3399 4865 adhibent
3427 4805 3608 4874 posito

2020 4906 2188 4986 super
2264 4912 2424 4967 altari
2486 4909 2740 4974 vasculo,
2802 4921 2926 4962 cum
3017 4903 3085 4958 de
3150 4900 3278 4955 vitis
3332 4895 3620 4968 genimine’

2021 5008 2257 5063 miscere
2304 5003 2593 5065 deberent,
2623 4997 2926 5054 secundum
2958 4989 3177 5049 Domini
3209 4987 3562 5043 traditionem
3593 4999 3605 5037 :

2023 5117 2134 5172 quo
2164 5098 2309 5153 facto
2339 5095 2665 5165 ignei-auter
2695 5097 2872 5146 semet
2902 5103 2932 5141 a
2965 5082 3252 5140 Dominico
3287 5091 3521 5147 corpore
3547 5090 3611 5130 ac

2021 5169 2292 5262 sanguine
2315 5193 2592 5257 separant.
2617 5183 2865 5252 Namque
2888 5193 3058 5235 unum
3081 5178 3258 5230 altero
3278 5169 3608 5239 completur.

2023 5257 2294 5352 Quivergo
2321 5280 2594 5334 alterutro
2630 5282 2804 5340 caret,
2834 5273 2881 5328 is
2910 5287 2981 5326 ne
3013 5267 3148 5324 illud
3183 5265 3430 5337 quidem,
3461 5257 3608 5330 quod

2024 5391 2083 5432 se
2131 5383 2292 5447 putat
2332 5372 2564 5434 habere,
2614 5367 2800 5423 habet.
2857 5365 3000 5420 Sunt
3043 5370 3227 5417 autem
3258 5357 3316 5413 hi
3350 5371 3380 5410 a
3421 5360 3612 5408 sancta

2025 5465 2234 5523 Christi
2267 5461 2514 5520 Ecclesia
2555 5458 2844 5516 manifeste
2885 5452 3074 5511 alieni.
3105 5449 3218 5510 bos
3245 5461 3378 5506 vero
3403 5451 3616 5516 quarta
