3940 6202
487 333 630 399 2403

1229 344 1287 403 S.
1333 339 1692 404 EUTYCHII
1745 343 1979 407 EPIST.
2027 349 2127 408 AD
2174 347 2534 414 V'IG'IIJUM
2575 349 2845 414 ΡΑΡΑΜ.

3589 361 3716 430 24οί

489 449 682 518 pitium
713 451 878 504 Deum
911 452 1115 507 faciens
1148 455 1199 508 in
1231 457 1315 510 his
1341 474 1462 527 qua:
1494 469 1640 515 recta
1671 471 1796 516 sunt
1825 477 2053 516 concor-

2160 467 2252 518 καὶ
2286 469 2350 534 τῇ
2381 467 2490 522 τῶν
2529 469 2688 523 θείων
2719 469 2947 523 ἐντολῶν
2974 471 3333 542 κατορθώσει,
3361 474 3457 528 καὶ
3485 477 3572 530 τὶν
3595 479 3715 533 Θεὸν

488 536 748 590 dantibus
775 557 786 590 :
823 538 945 592 ideo
973 539 1296 597 festinantes
1325 547 1594 600 unitatem
1630 562 1956 604 conservare
1987 552 2054 604 ad

487 623 841 690 apostolicam
871 627 1058 682 sedem
1091 637 1288 684 vestrae
1314 631 1674 689 beatitudinis
1707 636 2053 691 manifestum

487 710 739 773 l'achnus,
771 716 918 782 quod
955 733 1058 772 nos
1088 733 1307 788 semper
1336 729 1392 775 et
1424 725 1763 780 servavimus
1793 735 1848 781 ct
1876 743 2056 783 serva—

487 813 611 854 mus
643 801 802 855 lidem
831 804 899 857 ab
927 805 1087 860 initio
1113 810 1368 863 traditam
1397 827 1426 866 a
1451 827 1648 883 magno
1687 815 1800 869 Deo
1840 824 1897 870 et
1940 803 2055 872 seu-

486 895 676 943 vatore
715 899 904 944 nostro
945 893 1074 946 Jesu
1103 895 1322 952 Christo
1351 901 1555 955 sanctis
1582 904 1866 971 apostolis,
1898 913 1954 960 et
1985 905 2054 960 ab

487 972 596 1028 illis
623 975 676 1028 in
699 977 848 1030 omni
873 980 1079 1034 mundo
1105 985 1473 1050 prtetlicatam.
1499 997 1555 1043 et
1581 991 1782 1044 sanctis
1803 993 2053 1049 Patribus

484 1073 850 1142 explanatam,
883 1087 938 1132 et
961 1082 1196 1135 maxime
1219 1083 1287 1136 ab
1313 1084 1397 1138 his
1415 1085 1508 1154 qui
1526 1085 1580 1140 in
1605 1089 2054 1159 sanctisquatuor

485 1160 711 1230 synodis
743 1166 1053 1234 congregati
1086 1177 1236 1232 sunt,
1269 1185 1406 1239 quos
1433 1187 1532 1242 per
1561 1174 1744 1228 omnia
1767 1184 1823 1229 et
1851 1177 1905 1230 in
1933 1193 2051 1232 om-

485 1251 651 1305 nibus
677 1255 1059 1322 amplectimur
1077 1247 1134 1312 et
1169 1261 1518 1331 suscipimus,
1567 1265 1619 1319 id
1643 1275 1747 1330 est,
1778 1275 2052 1324 trecentos

485 1337 674 1392 decem
697 1347 754 1394 et
773 1348 898 1394 octo
926 1353 1146 1399 sanctos
1177 1347 1369 1402 Patres
1397 1350 1490 1417 qui
1519 1349 1712 1406 Nicaeae
1737 1357 2049 1425 congregati

483 1439 634 1496 sunt,
665 1441 722 1486 et
746 1443 994 1488 sanctum
1025 1439 1330 1507 symbolum
1355 1442 1468 1496 sive
1505 1445 1780 1500 mathema
1806 1447 1926 1502 tldei
1959 1465 2052 1504 ex-

482 1530 808 1590 posuerunt,
837 1533 894 1578 et
913 1525 1171 1580 Arianam
1197 1528 1530 1598 impietatem
1557 1536 2051 1592 anathematizam—

483 1623 634 1679 runt,
681 1623 738 1668 et
767 1630 863 1670 eos
919 1617 1012 1686 qui
1051 1619 1248 1675 similia
1278 1623 1353 1693 (l)
1385 1624 1470 1678 eis
1501 1638 1802 1695 sapuerunt
1833 1631 1918 1685 vel
1961 1647 2048 1686 sa-

445 1701 662 1772 -piunt.
697 1703 1034 1774 Suscipimus
1079 1717 1262 1764 autem
1289 1721 1346 1766 et
1381 1724 1601 1770 centum
1651 1719 2046 1794 quinquaginta

477 1802 700 1847 sanctos
715 1794 903 1850 Patres
917 1796 1384 1872 Constantinopoli
1397 1818 1773 1878 congregatos,
1791 1812 1886 1880 qui
1903 1813 2048 1869 idem
2079 1807 2120 1862 Β

453 1891 732 1938 sanctum
759 1887 1032 1943 mathema
1053 1891 1504 1964 explanaverum,
1526 1907 1582 1952 et
1606 1899 1674 1954 de
1695 1899 1898 1958 deitate
1921 1919 2048 1958 san-

477 1974 552 2029 eti
581 1974 820 2044 Spiritus
852 1978 1316 2049 dilucidaverunt,
1344 1995 1400 2040 et
1429 1987 1680 2044 haeresim
1704 1990 2048 2049 Macedonia-

475 2080 624 2130 nam,
655 2077 906 2124 sanctum
933 2070 1198 2140 Spiritum
1245 2076 1674 2146 impugnantem,
1723 2091 1779 2136 et
1817 2083 2045 2153 impium

473 2158 873 2227 Apollinarium
905 2162 1432 2232 condemnaverunt,
1468 2185 1594 2224 cum
1617 2171 1703 2225 his
1726 2173 1820 2242 qui
1846 2175 2044 2230 similia

473 2247 583 2302 illis
611 2260 914 2320 sapuerunt
953 2253 1038 2308 vel
1085 2257 1326 2326 sapiunt.
1367 2258 1712 2330 Suscipimus
1752 2273 1938 2320 autem
1989 2275 2046 2322 et

471 2351 692 2398 sanctos
723 2343 988 2400 ducentos
1018 2347 1209 2404 Patres
1235 2349 1290 2404 in
1315 2351 1588 2420 Ephesina
1619 2356 1794 2424 prima
1836 2359 2045 2429 synodo

472 2444 846 2503 congregatos,
875 2435 968 2505 qui
1012 2453 1112 2506 per
1141 2441 1324 2494 omnia
1372 2444 1543 2498 secuti
1581 2457 1710 2500 sunt
1753 2448 1894 2502 idem
1923 2465 2046 2505 san-

469 2527 620 2573 ctum
651 2522 958 2592 symbolum
985 2523 1100 2579 sive
1125 2528 1420 2594 mathema,
1453 2541 1509 2586 et
1537 2535 2044 2592 condemnaverunt

469 2609 784 2666 Nestorium
815 2613 1066 2684 impium,
1099 2623 1156 2670 et
1196 2617 1361 2688 impia
1406 2621 1524 2691 ejus
1557 2623 1829 2694 dogmata,
1859 2636 1916 2681 et
1947 2643 2043 2684 eos

469 2700 564 2770 qui
585 2701 788 2757 similia
822 2704 870 2758 ei
903 2705 1196 2775 aliquando
1233 2721 1539 2780 sapuerunt
1575 2715 1660 2769 vel
1689 2717 1930 2786 sapiunt.
1960 2720 2041 2774 Ad

467 2788 587 2845 haec
619 2801 802 2846 autem
833 2795 1162 2865 suscipimus
1187 2807 1242 2854 et
1265 2809 1550 2858 sexcentos
1575 2806 1795 2875 triginta
1826 2819 2042 2867 sanctos

469 2877 660 2936 Patres
699 2879 1048 2940 Chalcedone
1093 2899 1467 2958 congregatos,
1499 2893 1592 2962 qui
1622 2895 1788 2950 etiam
1815 2897 1916 2966 ipsi
1944 2915 2042 2968 per

467 2974 654 3027 omnia
679 2987 1076 3033 consenserunt
1101 2981 1380 3050 praedictis
1409 2984 1586 3040 tribus
1617 2989 1836 3058 synodis
1861 2990 1932 3060 (2)

465 3065 646 3118 secuti
673 3077 808 3121 sunt
838 3068 1160 3136 praedictum
1191 3073 1497 3142 symbolum
1541 3077 1658 3132 sive
1699 3081 1974 3136 mathema
2006 3099 2036 3138 a

465 3156 729 3210 trecentis
757 3157 948 3212 decem
971 3168 1026 3214 et
1055 3171 1180 3216 octo
1206 3165 1409 3220 sanctis
1429 3167 1686 3224 Patribus
1707 3173 2034 3240 expositum,

385 3269 392 3274 -
463 3251 520 3298 et
549 3259 578 3298 a
603 3253 824 3316 centum
847 3249 1238 3322 quinquaginta
1265 3257 1468 3312 sanctis
1505 3258 1760 3316 Patribus
1783 3266 2039 3334 explana-

467 3339 606 3398 tum,
650 3343 706 3390 et
746 3339 1349 3400 anathematizaverunt
1393 3364 1490 3403 eos
1527 3353 1620 3420 qui
1660 3353 1808 3408 aliud
1839 3366 2038 3426 praeter

461 3425 788 3494 pradictum
869 3431 1175 3502 symbolum
1241 3451 1579 3507 praesumunt
1648 3425 1868 3510 docere,
1943 3457 2040 3503 aut

462 3530 761 3586 exponere,
784 3531 875 3574 aut
905 3524 1122 3580 tradere
1145 3530 1348 3584 sanctis
1369 3529 1630 3589 Ecclesiis
1652 3535 1746 3590 Dei
1766 3539 1862 3608 (5).
1889 3539 2036 3595 Con-

463 3613 866 3674 demnaverunt
937 3631 1120 3678 autem
1185 3637 1244 3682 et
1307 3631 1914 3693 anathematizaverunt
1981 3651 2038 3696 et

463 3704 789 3777 Eutychen],
823 3719 879 3766 et
909 3711 1238 3781 Nestorium,
1269 3728 1324 3774 et
1354 3722 1518 3790 impia
1545 3739 1733 3780 eorum
1761 3729 2032 3799 dogmata,

460 3806 520 3850 et
551 3812 648 3854 eos
672 3801 766 3870 qui
809 3805 1010 3862 similia
1063 3809 1144 3864 eis
1187 3827 1488 3882 sapuerunt
1528 3819 1616 3872 vel
1657 3820 1898 3891 sapiunt.
1938 3825 2035 3882 His

460 3886 536 3941 ita
567 3905 626 3944 se
667 3894 1019 3964 habentibus,
1069 3912 1282 3958 certum
1331 3905 1560 3963 facimus
1601 3928 1615 3964 :
1661 3914 1808 3982 quod
1851 3917 2033 3970 omnia

459 3990 582 4044 quae
603 3993 634 4032 a
665 3983 942 4048 pradictis
963 3989 1170 4044 sanctis
1192 4003 1429 4059 quatuor
1453 3997 1528 4066 (4)
1552 3999 1778 4068 synodis
1793 4002 2032 4072 judicata

458 4081 516 4126 ct
549 4073 774 4131 deﬁnita
802 4089 954 4146 sunt,
986 4093 1041 4137 et
1065 4089 1426 4157 servavimus,
1456 4101 1511 4146 et
1547 4110 1832 4153 servamus
1860 4117 1871 4153 :
1904 4102 2032 4170 quia

455 4162 560 4216 etsi
595 4179 694 4234 per
721 4168 938 4224 diversa
983 4183 1232 4245 tempora
1269 4182 1543 4248 praedictae
1573 4197 1774 4242 sanctae
1797 4162 2032 4258 quatuor

455 4250 651 4317 synodi
690 4251 850 4308 facta:
887 4269 1035 4318 sunt,
1074 4267 1252 4316 tamen
1297 4281 1460 4321 unam
1506 4272 1865 4343 eamdemque
1895 4293 2029 4332 con-

447 4331 754 4392 fessionem
819 4341 949 4396 ﬁdei
1000 4361 1384 4416 servaverunt,
1453 4363 1508 4408 et
1571 4331 2025 4426 prtedicaverunt.

455 4432 800 4504 Suscipimus
828 4449 1012 4496 autem
1035 4454 1090 4498 et
1118 4449 1502 4517 amplectimur
1533 4465 1590 4510 et
1609 4458 1867 4526 epistolas
1895 4479 2026 4532 pra:-
2057 4470 2102 4526 Ι)

453 4521 634 4577 sulum
664 4525 922 4584 Romanae
948 4533 1094 4588 sedis
1135 4539 1448 4605 apostolica:
1476 4543 1573 4612 (ὅ),
1613 4553 1722 4600 tam
1761 4549 2018 4617 aliorum,

450 4623 614 4678 quam
642 4611 841 4669 Leonis
862 4631 1066 4675 sanctae
1089 4626 1372 4682 memoriae
1421 4629 1487 4684 de
1523 4611 1674 4688 recta
1713 4635 1819 4692 ﬁde
1847 4640 2024 4710 scrip-

453 4704 553 4782 tas,
579 4707 633 4751 et
657 4699 726 4754 de
755 4711 991 4772 quatuor
1020 4711 1226 4766 sanctis
1250 4715 1522 4782 conciliis,
1555 4721 1642 4774 vel
1675 4738 1783 4776 uno
1805 4699 2018 4782 eorum.

447 4781 584 4837 Cum
607 4785 772 4856 igitur
789 4792 1052 4858 praedicta
1075 4797 1260 4852 omnia
1292 4809 1346 4855 et
1376 4807 1720 4863 servavimus
1751 4825 1806 4864 et
1829 4827 2018 4870 serva-

448 4889 591 4942 mus,
607 4885 662 4932 et
683 4880 726 4934 si
753 4881 807 4934 in
834 4883 920 4938 his
939 4885 1011 4955 (6)
1028 4889 1186 4944 nobis
1213 4891 1347 4960 ipsis
1369 4895 1600 4952 invicem
1620 4905 2016 4974 consentimus,

443 4972 814 5027 necessarium
851 4985 936 5031 est
959 4979 1195 5035 conferri
1230 4983 1297 5039 de
1345 4987 1523 5044 tribus
1567 4996 1840 5063 capitulis,
1874 4972 2016 5057 unde

445 5061 772 5132 quibusdam
798 5069 1027 5136 qumstio
1050 5081 1178 5128 nata
1208 5071 1313 5131 est.
1346 5079 1414 5133 Et
1439 5080 1562 5137 ideo
1584 5061 1842 5155 petimus,
1867 5107 2010 5160 prte-

443 5153 660 5211 sldente
691 5159 852 5214 nobis
882 5171 1062 5220 vestra
1089 5165 1448 5236 beatitudine,
1479 5176 1583 5230 sub
1617 5153 2016 5251 tranquillitate

441 5250 498 5298 et
563 5249 888 5305 sacerdotali
961 5263 1382 5317 mansuetudine
1465 5249 1775 5337 propositis
1812 5279 2018 5334 sanctis

439 5333 772 5411 Evangeliis,
827 5351 1105 5405 communi
1157 5364 1393 5410 tractatu
1435 5333 1626 5417 eadem
1669 5368 1905 5437 capitula
1957 5372 2014 5426 in

621 5609 816 5698 Eat-is”
848 5609 1108 5698 ριῂφὶίξειιξς
1133 5609 1558 5698 arguam—nodis.

541 5536 590 5674 ιζ
619 5539 914 5624 Bellovac.,
951 5553 1039 5620 qui
1067 5553 1322 5610 insimilia
1351 5561 1418 5613 ei.

507 5535 567 5738 32
621 5609 816 5678 Pans.,
848 5621 1108 5698 praedictis
1133 5627 1296 5679 tribus
1325 5644 1418 5698 syn

531 5675 586 5738 ὃ)
615 5677 842 5738 Veteres
874 5687 1025 5738 libri.
1054 5689 1152 5738 Dei
1185 5694 1418 5738 Enimn.

531 5675 586 5746 ὃ)
615 5675 858 5739 Ὑθῑοΐσέ
874 5687 1025 5756 libri,
1053 5675 1165 5744 Dei,

2159 555 2358 624 εὐμενῆ
2387 555 2703 611 καθιστῶσα
2753 562 2866 622 τοῖς
2917 561 2995 622 εἰς
3035 562 3100 613 τὰ
3127 561 3260 630 ὀρθὰ
3288 563 3572 632 ὁμονοοῦσι
3597 585 3607 596 ·
3633 568 3712 622 διὰ

2157 641 2738 714 τοῦτο’σπουδὰζοντες
2769 650 2866 721 τὴν
2910 651 3103 704 ἕνωσιν
3157 653 3412 722 φυλάξαι,
3449 658 3582 726 πρὸς
3619 663 3710 730 τὴν

2158 739 2454 810 καθολικὴν
2505 741 2774 811 καθέδραν
2819 743 2916 812 τῆς
2967 743 3240 812 ὑμετέρας
3295 749 3701 818 μακαριότητος,

2157 830 2392 898 φανερὸν
2437 831 2721 901 ποιοῦμεν,
2756 833 2836 884 ὅτι
2885 835 2971 886 ἀεὶ
3008 835 3167 902 ἡμεῖς
3219 835 3585 904 ὲφυλάξαμεν,
3619 841 3703 892 καὶ

2156 921 2498 990 φυλάττομεν
2529 923 2626 990 τὴν
2675 923 2876 988 πίστιν,
2908 924 3006 993 τῆς
3038 923 3273 994 ἐξαξρχῆς
3323 926 3702 996 παραδοθεῖσαν

2155 1011 2260 1062 ὑπὸ
2319 1011 2411 1064 τοῦ
2447 1013 2682 1081 μεγάλου
2715 1015 2870 1080 Θεοῦ,
2903 1015 2996 1068 καὶ
3043 1015 3290 1084 Σωτῆρος
3341 1015 3497 1087 ἡμῶν
3545 1019 3706 1087 Ἰησοῦ

2153 1101 2390 1172 Χριστοῦ
2433 1107 2546 1166 τοῖς
2593 1105 2769 1171 ἁγίοις
2818 1105 3157 1170 ἀποστόλοις,
3187 1105 3282 1158 καὶ
3331 1108 3461 1177 παρ’
3499 1109 3706 1161 ἐκείνων

2153 1195 2212 1245 ἐν
2233 1195 2397 1246 παντὶ
2432 1194 2512 1263 τῷ
2541 1195 2732 1265 κόσμῳ
2763 1213 2832 1264 κη
2843 1197 3150 1266 ρυχθεῖσαν,
3171 1200 3264 1251 καὶ
3287 1198 3396 1250 ὑπὸ
3417 1199 3528 1250 τῶν
3553 1199 3705 1266 ἁγίων

2155 1285 2412 1356 Πατέρων
2479 1288 3045 1356 σαφηνισθεῖσαν,καὶ
3103 1289 3336 1359 μάλιστα
3365 1289 3472 1343 ύπδ
3529 1293 3708 1343 τῶνέν

2149 1377 2270 1438 ταῖς
2329 1378 2512 1444 ἁγίαις
2587 1379 2846 1449 τέτταρσι
2885 1381 3120 1444 συνόδοις
3177 1380 3538 1434 συνελθόντων
3567 1423 3581 1446 ,
3635 1378 3708 1444 οἷς

2151 1469 2464 1532 διαπαντὸς,
2499 1471 2595 1523 καὶ
2611 1471 2670 1522 ἐν
2693 1473 2858 1524 πᾶσιν
2886 1471 3286 1542 ἀκολουθοῦμεν
3309 1513 3320 1532 ,
3355 1475 3449 1525 καὶ
3487 1472 3708 1542 δεχόμεο

2151 1557 2240 1623 θα,
2273 1560 2521 1613 τουτέστι
2547 1563 2675 1624 τοὺς
2705 1563 3050 1633 τριακοσίους
3081 1562 3214 1615 δέκα
3240 1563 3333 1616 καὶ
3361 1561 3504 1615 ὀκτὼ
3529 1564 3706 1629 ἁγίους

2149 1645 2394 1720 Πατέρας
2423 1653 2547 1715 τοὺς
2571 1653 2628 1705 ὲν
2667 1653 2870 1724 Νικαίᾳ
2893 1653 3265 1728 συνελθόντας,
3306 1655 3402 1706 καὶ¹
3455 1654 3515 1709 τὸ
3563 1655 3708 1722 ἅγιον

2151 1740 2438 1809 σύμϐολον,
2471 1743 2589 1814 ἦτοι
2617 1743 2842 1814 μάθημα
2874 1745 2971 1816 τῆς
3002 1745 3232 1807 πίστεως
3251 1744 3596 1817 ἐκθεμένους,
3624 1748 3711 1799 καὶ

2148 1832 2246 1903 τὴν
2309 1833 2524 1904 Ἀρείου
2595 1836 2794 1905 μανίαν
2845 1836 3392 1906 ἁναθεματίσαντας,
3455 1837 3548 1889 καὶ
3591 1837 3711 1900 τοὺς

2147 1921 2353 1993 ταύτην
2407 1925 2870 1998 φρονήσαντας,ἥ
2926 1929 3279 1997 φρονοῦντας.
3342 1927 3626 1998 Δεχόμεθα
3659 1927 3712 1980 δὲ

2149 2017 2240 2067 καὶ
2263 2017 2388 2077 τοὺς
2416 2017 2610 2070 ἑκατὸν
2635 2017 2822 2085 ἁγίους
2851 2019 3099 2090 Πατέρας
3129 2019 3254 2083 τοὺς
3282 2023 3339 2073 ὲν
3369 2021 3712 2074 Κωνσταντιι

2146 2103 2394 2156 νουπόλει
2451 2105 2823 2170 συνελθόντας,
2855 2109 3054 2172 οἵτινες
3081 2109 3140 2162 τὸ
3183 2109 3313 2162 αύτδ
3341 2110 3496 2177 ἅγιον
3535 2109 3712 2181 μάθη-

2149 2211 2224 2263 μα
2256 2195 2619 2266 ὲσαφήνισαν,
2651 2197 2746 2250 καὶ
2781 2198 2848 2252 τὰ
2881 2199 3012 2270 περὶ
3032 2203 3130 2270 τῆς
3157 2199 3410 2271 θεότητος
3433 2200 3529 2254 τοῦ
3559 2203 3709 2270 ἁγίου

2145 2283 2461 2356 Πνεύματος
2513 2288 2846 2358 ὲτρὰνιιισαν,
2878 2291 2972 2343 καὶ
3001 2291 3098 2360 τὴν
3128 2291 3346 2376 αῐρεσιξ
3377 2293 3710 2346 Μακεδονίου

2143 2373 2236 2428 τοῦ
2285 2381 2772 2450 πνευματομάχου,
2807 2384 2900 2436 καὶ
2951 2384 3044 2436 τὸν
3099 2385 3266 2456 ἀσεϐῆ
3328 2373 3712 2458 ἶΛανιολινόιριον

2143 2469 2495 2538 κατέκριναν,
2524 2472 2660 2539 μετὰ
2710 2473 2818 2526 τῶν
2847 2473 2916 2526 τὰ
2959 2475 3098 2530 αύτὰ
3131 2477 3357 2540 ἐκείνοις
3402 2481 3710 2548 φρονησάν-

2141 2575 2268 2624 των,
2303 2559 2334 2630 ἢ
2368 2562 2730 2632 φρονούντων.
2763 2567 3044 2638 Δεχόμεθα
3061 2569 3116 2622 δὲ
3140 2570 3234 2622 καὶ
3256 2572 3382 2634 τοὺς
3404 2571 3712 2636 διακοσίους

2143 2649 2333 2718 ἁγίους
2389 2653 2635 2724 Πατέρας
2677 2657 2804 2722 τοὺς
2859 2659 2917 2711 ὲν
2965 2663 3030 2729 τῇ
3086 2663 3204 2714 κατ’
3240 2662 3471 2731 Ἔφεσον
3513 2663 3713 2738 πρώτῃ

2143 2741 2343 2812 συνόδῳ
2373 2743 2781 2814 ἀθροισθέντας,
2815 2749 3008 2813 οἵτινες
3040 2751 3126 2805 διὰ
3166 2752 3380 2807 πάντων
3411 2756 3714 2826 ἠκολούθησ-

2144 2837 2340 2904 σαι·τῷ
2374 2837 2522 2908 αύτῷ
2565 2839 2707 2908 ἁγίῳ
2752 2842 3028 2910 συμϐόλῳ,
3057 2844 3173 2913 ἦτοι
3215 2845 3518 2915 μαθήματι,
3577 2863 3713 2902 κατ-

2140 2925 2361 2995 έκριναν
2383 2927 2438 2981 δὲ
2461 2929 2858 3002 Νεστόριον’,τὺν
2879 2933 3070 3004 ἀσεϐῆ,
3097 2935 3188 2987 καὶ
3207 2935 3276 2988 τὰ
3299 2937 3514 3007 μυσαρὰ
3541 2939 3712 2993 αὐτοῦ

1946 3033 1960 3055 ν
1983 3005 2046 3050 οι
2139 3014 2405 3084 δόγματα,
2439 3021 2532 3072 καὶ
2563 3023 2690 3084 τοὺς
2716 3023 2786 3076 τὰ
2813 3025 2972 3094 ὃμοια
3005 3026 3154 3096 αὐτῷ
3183 3005 3470 3097 ότεδ-ήποτε
3507 3031 3716 3101 rpperi;-

2065 3143 2106 3200 ϐ
2145 3123 2367 3172 σαντας,
2408 3109 2440 3181 ἦ
2478 3113 2830 3180 φρονοῦντας.
2859 3115 3004 3187 Πρὸς
3049 3119 3258 3181 τούτοις
3312 3119 3589 3191 δεχόμεθα
3623 3123 3716 3177 καὶ

2140 3196 2265 3259 τοὺς
2295 3197 2610 3264 ἑξακοσίους
2659 3205 2952 3272 τριάκοντα
2985 3207 3172 3274 ἁγίους
3200 3209 3448 3282 Πατέρας
3490 3213 3624 3277 τοὺς
3659 3215 3714 3266 ἐν

2139 3283 2438 3356 Χαλκηδόνι
2471 3289 2843 3358 συνελθόντας,
2875 3293 3070 3357 οἵτινες
3109 3296 3202 3349 καὶ
3241 3299 3394 3352 αὐτοὶ
3439 3300 3524 3354 διὰ
3577 3304 3716 3356 ’τιοὶν⁹

2137 3391 2244 3426 των
2276 3373 2571 3446 συνῄνεσαν
2599 3383 2718 3443 ταῖς
2743 3385 3168 3455 προρῤηθείσαις
3193 3391 3376 3458 ἁγίαις
3401 3395 3554 3463 τρισὶ
3593 3412 3714 3448 ουν·-

2137 3464 2296 3532 όδοις,
2327 3469 2422 3521 καὶ
2465 3471 2837 3543 ἠκολούθησαν
2895 3477 2972 3548 τῷ
3021 3483 3385 3552 προρρηθέντι
3427 3488 3714 3558 συμϐόλῳ,

2137 3549 2256 3620 ἦτοι
2289 3553 2599 3626 μαθήματι,
2633 3561 2708 3630 τῷ
2740 3563 2890 3634 παρὰ
2917 3565 3020 3620 τῶν
3051 3549 3232 3635 ἁγίων
3261 3549 3518 3642 Πατέρων
3557 3549 3716 3630 ἐκτε-

2138 3639 2308 3708 θέντι,
2340 3645 2435 3697 καὶ
2469 3648 2578 3702 ἀπὸ
2609 3650 2720 3702 τῶν
2747 3653 2941 3707 ἑκατὸν
2987 3661 3321 3728 πεντήκοντα
3369 3665 3544 3732 ἁγίων
3605 3671 3715 3722 Πα-

2137 3730 2310 3810 τέρων
2347 3739 2730 3804 σαφηνισθέντι
2767 3759 2780 3772 ·
2811 3745 2902 3798 καὶ⁸
2937 3747 3334 3818 ἀνεθεμάτισαν
3359 3757 3484 3818 τοὺς
3516 3757 3712 3828 ἕτερον

2138 3823 2289 3891 παρὰ
2333 3826 2406 3878 ’τὸ
2450 3829 2737 3899 είρημένον
2769 3835 3036 3904 σύμϐολον
3063 3841 3376 3910 τολμῶντας
3407 3823 3711 3914 διδάσκειν,

2135 3910 2166 3982 ἢ
2197 3913 2530 3986 ἐκτίθεσθαι,
2564 3923 2656 3974 καὶ
2689 3926 3037 3994 παραδιδόναι
3069 3936 3190 3994 ταῖς
3219 3934 3397 4001 ἁγίαις
3421 3938 3516 3990 τοῦ
3571 3910 3712 3994 Θεοῦ

2149 4001 2529 4074 Ἐκκλησίαις·
2559 4013 2888 4084 κατέκριναν
2922 4018 3000 4084 δὲ,
3039 4024 3131 4074 καὶ
3173 4024 3580 4095 ἀνεθεμάτισαν
3617 4033 3714 4086 καὶ
3791 4049 3804 4060 ’

2134 4091 2374 4164 Εύτυχῆ,
2413 4099 2506 4151 καὶ
2546 4101 2860 4172 Νεστόριον,
2888 4111 2983 4161 καὶ
3031 4113 3096 4164 τὰ
3147 4091 3532 4185 ἀσεϐῆ-αὐτῶν
3589 4123 3714 4189 δόγ-

2135 4201 2300 4253 ματα,
2339 4189 2431 4241 καὶ⁵
2488 4195 2614 4256 τοὺς
2670 4198 2738 4249 τὰ
2791 4200 2950 4269 ὃμοια
2980 4204 3164 4268 αὐτοῖς
3213 4211 3600 4281 φρονήσαντας
3627 4258 3642 4280 ,
3677 4217 3710 4288 ἢ

2131 4281 2483 4345 φρονοῦντας.
2505 4285 2722 4342 Τούτων
2750 4288 2920 4356 οὕτως
2940 4297 3192 4365 ἐχόντων,
3224 4303 3379 4371 δῆλον
3411 4309 3708 4377 ποιοῦμεν,

2129 4365 2212 4418 ὅτι
2247 4369 2424 4424 πάντα
2455 4374 2524 4427 τὰ
2558 4377 2665 4430 ἀπὸ
2709 4381 2817 4434 τῶν
2851 4390 3261 4458 προειρημένων
3292 4395 3463 4462 ἁγίων
3502 4400 3710 4453 τεσσά-

2129 4476 2240 4528 ρων
2284 4464 2516 4519 συνόδων
2563 4471 2817 4540 κριθέντα
2841 4492 2918 4541 τε,
2955 4481 3046 4532 καὶ
3081 4483 3388 4552 ὁρισθέντα,
3423 4491 3515 4541 καὶ
3563 4496 3706 4561 ἐτρυ-

2123 4549 2384 4622 λάξαμεν,
2413 4561 2505 4610 κα¹ι
2539 4563 2882 4637 φυλάττομεν
2916 4587 2928 4599 ·
2965 4549 3153 4646 ἐπειδὴ
3187 4577 3290 4630 κᾶν
3321 4549 3462 4636 κατὰ
3501 4549 3704 4656 διαζεύ-

2129 4658 2255 4710 ρους
2294 4647 2516 4716 χρόνους
2549 4654 2602 4705 αἱ
2631 4656 2921 4726 εἰρημέναι
2975 4665 3126 4731 ἆγιαι
3183 4669 3442 4742 τέσσαρες
3485 4647 3704 4732 σύνοδοι

2121 4733 2392 4800 ἐγένοντο,
2423 4739 2570 4812 ὅμως
2624 4745 2751 4812 μίαν
2780 4751 2873 4802 καὶ
2925 4751 3021 4823 τὴν
3053 4755 3223 4826 αὐτὴν
3279 4733 3572 4831 ὁμολογίαν
3601 4769 3704 4836 τῆς

2123 4824 2356 4890 πίστεως
2409 4831 2700 4898 ἐφύλαξαν,
2739 4841 2830 4892 καὶ
2871 4824 3478 4921 ἑκήρυξανίΔεχόμεθα
3513 4857 3574 4910 δὲ

2125 4921 2608 4990 περιπτυσσόμεθα
2660 4927 2753 4979 καὶ
2800 4928 2898 4993 τὰς
2938 4933 3230 5001 ἐπιστολὰς
3259 4941 3368 4994 τῶν
3408 4947 3696 5017 προέδρων

2119 5008 2217 5077 τῆς
2246 5010 2303 5064 ὲν
2344 5013 2528 5104 Ῥώμῃ
2553 5019 2917 5094 ἁποστολικῆς
2941 5027 3228 5102 καθέδρας,
3255 5035 3365 5089 τῶν
3395 5008 3654 5095 ’τε-ἄλλων
3673 5081 3690 5104 ,

2120 5099 2212 5150 καὶ
2249 5091 2478 5168 Λέοῦτος
2508 5107 2603 5161 τοῦ
2639 5111 2696 5163 ὲν
2751 5091 2944 5181 ἁγίοις,
2973 5119 3068 5184 τὰς
3253 5127 3352 5194 τῆς
3395 5091 3690 5200 ιίρθῆςήιτίΣ

2121 5205 2290 5292 item;
2315 5199 2888 5292 γεγραμμένας-,περὶ
2917 5211 3024 5263 τῶν
3051 5214 3224 5282 ἁγίων
3241 5199 3522 5292 τεσσάρων
3567 5239 3694 5276 συν-

2116 5280 2252 5386 όδων
2277 5322 2294 5349 ,
2320 5285 2352 5356 ἦ
2387 5291 2516 5358 μιᾶς
2561 5293 2622 5359 ἐξ
2649 5286 2850 5355 αὐτῶν.
2893 5301 3083 5360 Ὁπότε
3101 5280 3294 5364 τοίνυν
3321 5314 3390 5366 τὰ
3411 5280 3688 5386 ’προειρηα

2121 5373 2260 5442 μένα
2313 5380 2489 5434 πάντα
2524 5385 2620 5436 καὶ
2666 5389 3035 5464 ὲφυλάξαμεν,
3065 5401 3158 5455 καὶ
3191 5373 3526 5476 φυλάττομεν
3547 5373 3692 5470 ..καὶ

2295 5581 2413 5660 ’γοα
2429 5597 2658 5655 quatuor
2669 5605 2778 5646 non
2795 5591 3029 5650 habetur
3043 5596 3100 5649 in
3123 5596 3267 5653 libro
3289 5599 3700 5660 Bellovacensi.

2295 5648 2490 5732 Raris},
2520 5660 2657 5714 sedis
2677 5669 2727 5714 ct
2753 5648 3074 5732 apostolicae;

2187 5718 2264 5790 (ϐ)
2293 5718 2589 5794 Bellovac.,
2618 5739 2665 5781 et
2698 5718 2824 5802 ipsis
2849 5734 2992 5788 nobis
3013 5718 3117 5791 iliis.
