3940 6202
443 324 583 389 ait”
1583 312 1774 375 EVAG
1785 312 1863 372 BI
1872 310 1968 372 US
2009 298 2592 371 SCHOLASTICUS.
3566 300 3709 364 2108

427 431 674 504 _‘l’iberio
719 430 1105 494 Constantino,
1149 429 1281 498 imp.
1318 427 1485 482 etiam
1517 435 1715 481 auctus
1761 431 2060 495 quaestura,
2105 432 2159 476 et
2198 437 2226 476 a
2271 416 2530 475 Mauricio
2571 416 2796 472 Tiberio
2833 413 3130 471 Codicillos
3171 413 3486 469 honorarite
3517 420 3712 485 praete-

452 532 623 577 ctura:
653 520 722 591 (e)
755 527 1107 573 consecutus.
1142 515 1376 586 Scripsit
1420 515 1475 568 in
1522 513 1736 579 eadem,
1790 521 1851 567 ut
1918 509 2182 566 credibile
2227 517 2334 574 est,
2392 505 2746 562 Antiochensi
2794 503 2954 566 urbe,
2990 513 3044 558 ct
3077 502 3436 572 sexagenario
3481 505 3710 572 propior

449 589 786 675 absolvi-tm
824 607 1075 659 Historia:
1111 604 1474 657 ecclesiastica:
1506 602 1677 656 libros
1710 617 1804 656 sex
1833 616 1864 654 a
1899 598 2260 667 temporibus,
2300 596 2355 648 in
2386 594 2590 663 quibus
2634 591 2889 647 Socrates
2913 597 2968 644 et
3004 589 3379 644 Theodorims
3405 589 3706 656 desierant,

451 696 567 750 sive
618 693 1007 762 abEphesina
1057 690 1285 761 synodo,
1339 705 1448 758 qua
1499 688 1790 741 damnatus
1840 693 2016 751 cst,a.
2069 684 2131 738 C.
2178 683 2298 736 451.
2351 681 2660 743 Nestorius,
2707 680 2776 734 ad
2822 694 3026 733 annum
3074 691 3247 746 usque
3284 677 3530 731 Mauricii
3566 677 3703 746 imp.

453 781 842 837 duodecimum
898 780 994 849 (g),
1045 778 1142 847 qui
1173 791 1352 831 annus
1397 775 1566 844 cmpit
1613 790 1742 828 ann.
1787 772 1849 827 C.
1876 772 2003 834 595,
2022 771 2112 824 die
2161 771 2228 822 15
2270 769 2520 838 Augusti.
2561 767 2705 822 Citat
2743 764 2976 820 subinde
3011 764 3296 828 Historias,
3331 765 3528 833 quibus
3564 779 3702 818 usus

455 877 560 932 cst,
597 870 905 930 rhetorum,
948 864 1143 926 Prisci,
1191 861 1488 924 Eustathii,
1530 859 1972 929 Epiphaniensis.
2004 858 2300 922 Zacharize,
2329 855 2585 926 Procopii
2622 864 2678 909 et
2715 855 2963 916 Joannis,
3001 853 3095 923 qui
3142 853 3196 906 in
3224 851 3418 907 Justini
3449 852 3699 906 Senioris

456 970 600 1010 anno
629 955 864 1022 septimo
903 951 1196 1006 Historiam
1241 965 1392 1004 suam
1442 948 1639 1002 clausit
1675 947 1822 1015 (vide
1857 947 1943 1010 IV,
1980 947 2066 1015 5);
2102 961 2204 1000 nec
2242 961 2354 998 non
2402 943 2606 997 Zosimi
2641 940 2737 1022 (It).
2777 941 2822 995 A
2849 937 3114 994 fabulosis
3155 938 3558 994 narrationibus
3587 953 3696 993 non

455 1040 624 1093 nimis
661 1019 903 1092 alienum
935 1053 1056 1091 esse
1086 1036 1397 1105 Evagrium,
1435 1034 1628 1088 scribit
1658 1033 2036 1097 Casaubouus,
2085 1049 2268 1087 exere.
2319 1032 2406 1094 15,
2451 1031 2541 1096 51,
2578 1029 2644 1084 ad
2687 1019 2885 1082 Baron.
2927 1043 3048 1096 pag.
3093 1025 3217 1080 258.

530 1125 604 1179 De
643 1124 986 1178 editionibus
1023 1131 1080 1175 et
1112 1122 1324 1175 Latinis
1366 1119 1788 1189 interpretibus,
1833 1119 2100 1184 Musculo,
2144 1112 2649 1190 Christophorsono
2690 1126 2747 1172 et
2777 1113 2994 1172 Valesio
3035 1113 3131 1186 [et
3180 1112 3423 1182 Reading
3445 1109 3490 1183 ],
3530 1108 3706 1168 Galli-

458 1226 633 1280 coque
679 1211 942 1274 Cousino,
991 1209 1164 1263 videri
1207 1219 1458 1277 possunt,
1510 1222 1633 1276 quae
1684 1207 1795 1276 jam
1844 1206 1898 1259 in
1946 1207 2283 1262 Theodorito
2327 1207 2462 1271 dixi,
2503 1207 2661 1276 cujus
2716 1204 2962 1258 Historia:
3007 1200 3275 1271 Evagrius
3325 1200 3702 1270 subiungitur.

457 1299 692 1353 Tantum
739 1298 934 1351 addam
965 1296 1109 1366 quod
1152 1294 1402 1350 Valesius
1477 1294 1545 1348 ad
1588 1293 1774 1348 Grazca
1815 1294 2158 1348 emendanda
2201 1303 2401 1365 praeter
2444 1293 2674 1364 Regium
2717 1292 2984 1354 codicem,
3021 1305 3182 1360 quem
3222 1287 3362 1342 Rob.
3397 1287 3712 1356 Stephanus

457 1386 749 1456 expressit,
803 1393 936 1439 usus
981 1395 1064 1438 est
1107 1383 1278 1437 variis
1317 1383 1442 1436 lect.
1499 1398 1602 1435 ms.
1648 1381 1841 1450 optimi
1893 1382 2216 1442 Florentiui,
2268 1383 2322 1436 in
2368 1382 2500 1436 bibl.
2549 1380 2939 1442 Laurentiaua,
2988 1379 3042 1431 in
3091 1392 3202 1446 quo
3247 1375 3503 1430 Socrates
3545 1376 3708 1430 etiam

459 1474 809 1527 continetur:
843 1482 900 1526 et
931 1472 1121 1525 codice
1143 1472 1336 1534 altero,
1363 1485 1473 1522 non
1502 1467 1657 1522 valde
1685 1477 1901 1522 vetusto
1925 1469 2169 1538 quidem,
2195 1469 2291 1523 sed
2323 1469 2547 1523 minime
2569 1477 2749 1522 tamen
2775 1465 3182 1521 contemnendo
3207 1462 3454 1534 Dionysii
3485 1463 3709 1526 Telleri,

458 1558 859 1628 archiepiscopi
909 1557 1266 1611 Rhemensis.
1309 1555 1468 1609 FABR.
1523 1555 1837 1618 Florentiae,
1885 1555 1938 1608 in
1988 1555 2123 1609 bibl.
2165 1555 2362 1610 Medic.
2413 1565 2541 1610 sunt
2591 1555 2808 1625 Evagrii
2852 1554 2921 1608 II.
2980 1553 3046 1607 E.
3096 1543 3222 1606 lib'ri
3251 1566 3342 1613 vi,
3383 1552 3437 1604 in
3482 1551 3606 1604 cod.
3654 1550 3708 1614 5,-

458 1663 516 1700 ιι.
553 1647 610 1709 2,
645 1647 786 1715 plut.
827 1645 916 1708 69,
960 1658 1086 1696 cum
1131 1641 1390 1707 Scholiis,
1424 1642 1490 1695 ad
1524 1641 1827 1710 marginem
1875 1641 2106 1711 positis;
2151 1653 2207 1698 et
2244 1645 2297 1698 in
2341 1645 2463 1700 cod.
2515 1645 2604 1708 25,
2640 1661 2696 1698 ιι.
2728 1645 2779 1708 l,
2817 1643 2954 1712 plut.
2993 1641 3080 1697 70.
3109 1672 3178 1681 —
3208 1641 3359 1704 Tria,
3404 1653 3472 1694 ex
3517 1639 3586 1694 Η.
3637 1639 3708 1693 Ε.

455 1740 741 1801 excerpta,
779 1748 836 1785 n.
872 1745 995 1800 cap.
1039 1730 1111 1783 24
1142 1729 1271 1783 libri
1303 1746 1357 1794 v,
1388 1736 1446 1783 et
1476 1743 1598 1797 cap.
1635 1728 1705 1782 56
1734 1727 1863 1782 libri
1894 1745 1982 1793 iv;
2015 1739 2072 1784 et
2101 1731 2410 1802 Descriptio
2443 1731 2630 1801 templi
2661 1731 2900 1800 Sophim,
2928 1729 3023 1783 lib.
3055 1743 3128 1790 iv,
3151 1742 3272 1796 cap.
3306 1726 3393 1790 5|,
3423 1726 3479 1780 in
3509 1724 3632 1780 cod.
3653 1727 3710 1792 5,

456 1835 516 1877 ι).
547 1820 582 1874 8
609 1827 667 1873 et
704 1819 788 1882 l7,
817 1818 952 1888 plut.
987 1817 1078 1872 70.
1138 1815 1200 1871 V.
1245 1816 1478 1870 Bandin.
1511 1814 1632 1870 Cat.
1677 1815 1839 1870 codd.
1871 1814 1966 1870 Gr.
1998 1817 2040 1870 ll

2181 1820 2304 1884 625,
2341 1821 2466 1886 628,
2498 1821 2594 1876 66l
2637 1831 2693 1876 et
2721 1819 2844 1882 662,
2885 1818 2979 1888 qui
3025 1817 3212 1881 etiam,
3260 1826 3394 1871 tom.
3439 1815 3482 1880 1,
3524 1831 3579 1885 p.
3619 1815 3709 1882 52,

456 1906 586 1970 291,
641 1906 710 1960 99
755 1913 814 1960 et
854 1904 981 1968 254,
1018 1911 1174 1958 notat
1207 1903 1498 1972 Evagrium
1545 1902 1703 1956 citari
1739 1902 1796 1956 in
1841 1901 2046 1957 Catena
2091 1904 2148 1958 in
2185 1906 2407 1973 Jobum,
2450 1908 2505 1962 in
2553 1908 2846 1963 Parabolas
2892 1905 3222 1972 Salomonis,
3272 1905 3328 1959 in
3369 1905 3709 1975 Exposition.

459 2009 744 2049 sacrorum
774 2000 1034 2062 precept.
1065 2001 1122 2046 et
1151 1991 1207 2044 in
1239 1991 1500 2060 Florileg.
1530 1990 1915 2054 sentent.,nisi
1947 1990 1994 2044 is
2020 1990 2164 2048 alius
2188 1995 2500 2050 censendus
2525 1996 2596 2050 sit
2635 1995 2920 2066 Evagrius,
2948 2011 3006 2048 ιι.
3035 1994 3316 2050 Ponticus.
3361 2024 3430 2034 —
3470 1991 3715 2048 Venetiis

461 2083 518 2136 in
555 2083 693 2137 bibl.
749 2081 1046 2144 Marciana,
1091 2080 1216 2135 cod.
1261 2079 1363 2134 557
1407 2078 1626 2149 Evagrii
1667 2079 1734 2133 Η.
1779 2079 1845 2133 E.
1891 2080 2017 2134 libri
2055 2095 2147 2136 sex
2214 2081 2353 2151 (Cat.
2394 2083 2555 2138 codd.
2595 2082 2690 2139 Gr.
2724 2099 2846 2153 pag.
2893 2082 3138 2153 156).--
3178 2081 3240 2134 in
3278 2080 3414 2135 bibl.
3453 2079 3712 2135 Leidens.

461 2178 594 2225 sunt
642 2169 946 2222 Bonavent.
996 2166 1247 2222 Vulcanii
1301 2167 1615 2222 Emendatt.
1667 2181 1799 2220 mss.
1852 2165 1908 2219 in
1959 2167 2284 2233 Eusebium,
2341 2170 2658 2241 EVagrium,
2704 2167 3550 2235 Sozomenum,Tbeodoretum,
3593 2179 3712 2228 etc.

462 2256 603 2327 (Cat.
643 2256 777 2311 bibl.
815 2255 969 2311 Leid.
1002 2271 1057 2326 p.
1085 2256 1210 2320 545,
1239 2270 1296 2308 ιι.
1329 2253 1444 2324 20).
1473 2284 1544 2294 —
1570 2253 1630 2308 lu
1666 2253 1824 2309 bibli.
1863 2253 2128 2311 Escorial.
2169 2260 2278 2312 duo
2321 2257 2484 2313 codd.
2527 2259 2583 2314 in
2622 2273 2858 2329 quorum
2889 2258 3065 2312 altero
3095 2266 3224 2312 sunt
3262 2256 3331 2311 Vl
3354 2256 3484 2310 libri
3522 2255 3593 2311 H.
3639 2258 3710 2309 Ε.

463 2354 521 2410 in
548 2353 722 2408 altero
747 2351 928 2421 capita
953 2351 1106 2405 varia
1142 2349 1303 2420 (teste
1331 2349 1532 2404 Pliiero
1561 2350 1618 2404 in
1649 2349 1839 2404 Itiner.
1879 2357 2137 2422 etc.,pag.
2195 2352 2344 2419 167).
2371 2385 2442 2394 -—-
2473 2354 2623 2409 Inter
2663 2354 2938 2410 Mendoue
2960 2352 3122 2409 codd.
3165 2360 3392 2408 auctore
3429 2351 3622 2405 lriarto
3657 2350 3717 2405 in

463 2440 586 2495 Cat.
635 2439 798 2494 codd.
846 2438 941 2494 Gr.
997 2437 1201 2490 Matrit.
1247 2452 1303 2506 p.
1339 2437 1464 2491 277.
1505 2465 1576 2476 -—
1602 2436 1777 2491 Paris.
1825 2435 1881 2489 in
1923 2435 2176 2489 biblioth.
2227 2436 2380 2506 publ.
2420 2437 2581 2492 codd.
2617 2437 2753 2492 MM
2791 2447 2847 2492 et
2878 2436 3035 2491 1446.
3074 2467 3142 2476 -
3183 2433 3494 2490 Secundum
3539 2432 3714 2488 Catal.

463 2526 629 2583 codd.
679 2525 907 2594 Angliae,
952 2523 1168 2587 etc.,in
1208 2523 1336 2578 cod.
1389 2516 1620 2578 Barocc.
1674 2522 1776 2576 M2
1811 2523 2032 2593 Evagrii
2066 2523 2131 2576 11.
2185 2523 2253 2577 Ε.
2314 2553 2380 2564 --
2435 2523 2496 2577 In
2535 2522 2742 2593 Christ,
2815 2522 2966 2576 Fr’id.
3021 2521 3285 2578 Rtessleri
3331 2521 3576 2576 Biblioth.
3620 2520 3718 2572 der

463 2613 872 2669 Kirchenvater.
913 2619 1057 2680 part.
1104 2626 1203 2671 vn,
1249 2625 1374 2679 pag.
1404 2610 1529 2664 511.
1580 2639 1650 2650 -
1687 2609 1816 2664 £78.
1863 2609 2017 2664 Libri
2049 2607 2112 2662 Vl
2140 2608 2360 2680 Evagrii
2401 2609 2457 2663 in
2491 2609 2880 2681 compendium
2924 2609 3095 2664 veluti
3119 2609 3348 2676 redacti,
3391 2607 3720 2663 Germanice

465 2701 611 2755 versi
655 2698 945 2767 doctisque
974 2697 1232 2765 illustrati
1258 2703 1388 2750 sunt
1418 2695 2008 2751 animadversionibus.
2047 2697 2216 2752 HARL.

539 2786 845 2856 Scripsisse
889 2792 1156 2854 praeterea
1209 2799 1268 2838 se
1315 2783 1580 2853 Evagrius
1607 2783 1703 2838 lib.
1729 2800 1808 2848 vi,
1839 2799 1961 2854 cap.
1989 2785 2091 2839 ult.
2126 2791 2360 2839 testatur
2405 2781 2631 2839 alterum
2665 2783 2928 2849 volumen,
2963 2782 3151 2854 ἕτερον
3205 2771 3433 2852 τεῧχος,
3495 2780 3549 2835 in
3603 2796 3719 2851 quo

470 2873 771 2946 ἀναφοραὶ,
815 2870 1118 2936 ἐπιστολαὶ,
1167 2869 1519 2940 ψηφίσματα,
1571 2870 1721 2938 λόγοι
1762 2888 1824 2924 τε
1864 2872 1959 2926 καὶ
2009 2872 2044 2926 δι

2163 2871 2300 2935 Eur
2354 2869 2654 2925 Relationes
2692 2870 3012 2942 (Gregorii,
3059 2870 3303 2940 episcopi
3344 2869 3712 2933 Antiocheni,

469 2953 694 3018 nomine
757 2958 1007 3030 scriptaa)
1073 2950 1350 3028 Epistolis,
1415 2957 1664 3023 Decreta,
1711 2957 1990 3014 Orationes
2034 2967 2084 3012 et
2123 2959 2538 3029 Disputationes,
2598 2958 2836 3027 aliaque.
2878 2956 2937 3011 In
2994 2955 3102 3010 hoc
3151 2972 3316 3026 opere
3367 2965 3499 3025 puto
3550 2946 3720 3011 etiam

468 3050 745 3106 exstitisse
790 3045 1214 3200 Gratulgzionem
1284 3043 1564 3117 (ejusdem
1612 3044 1796 3101 forsan
1870 3045 2120 3117 Gregorii
2185 3047 2446 3117 scriptam
2497 3043 2785 3114 nomine),
2831 3035 2900 3099 ad
2957 3043 3282 3099 Mauricium
3331 3042 3614 3099 Tiberium
3653 3043 3722 3097 de

471 3145 600 3190 nato
653 3134 936 3190 Theodosio
1042 3133 1111 3186 io.

471 3145 600 3190 nato
653 3134 936 3190 Theodosio
977 3133 1111 3190 ﬁlio.

563 3266 609 3336 ο)
647 3267 841 3336 Evagr.
865 3265 964 3319 lib.
993 3279 1227 3336 vt,7cap._
1247 3265 1348 3336 ult.

567 3333 610 3406 Γ)
638 3333 878 3399 ιίδξιν,
910 3350 1034 3404 cap.
1063 3333 1260 3406 29,’a_i,t
1286 3335 1576 3406 Evagrius,
1622 3349 1680 3389 se
1736 3333 1844 3389 ista
1904 3333 2051 3390 scri-

467 3403 606 3460 bere
643 3420 787 3458 anno
810 3403 992 3458 aetatis
1023 3420 1136 3459 suae
1169 3403 1257 3459 58.
1289 3403 1439 3458 Idem
1487 3405 1628 3459 libro
1690 3419 1773 3467 ιιι,
1806 3421 1927 3472 cap.
1956 3406 2046 3472 55,

470 3422 606 3460 nere
643 3422 787 3458 anno
810 3422 989 3458 etans
1023 3422 1136 3459 suae
1169 3422 1257 3459 ao.
1289 3422 1439 3458 luem
1487 3422 1628 3459 noro
1690 3422 1773 3467 ιιι,
1806 3422 1866 3458 ca
1917 3443 1927 3456 .
1956 3422 2046 3472 oo,

469 3475 643 3530 refert
675 3489 733 3528 se
758 3473 1003 3528 scribere
1033 3489 1179 3528 anno
1202 3474 1673 3529 Antiochenorum
1716 3475 1840 3528 641.
1871 3422 1968 3529 liis
2001 3477 2046 3529 si

469 3545 732 3600 detrahas
761 3559 934 3598 annos
973 3543 1062 3606 48,
1109 3543 1311 3612 quibus
1339 3560 1448 3598 aera
1499 3544 1842 3598 Antiochena
1885 3544 2047 3598 Chri-

472 3615 707 3669 stlanam
732 3614 1036 3683 praevertit,
1063 3613 1234 3683 habes
1263 3629 1394 3668 ann.
1417 3613 1480 3668 C.
1518 3613 1639 3668 595.
1687 3613 1866 3683 Coapit
1895 3615 2044 3670 enim

472 3699 582 3738 ara
609 3681 954 3738 Antibcbena
988 3699 1019 3737 a
1043 3682 1362 3738 conﬁrmata
1421 3683 1534 3737 illis
1567 3697 1597 3736 ει
1643 3681 1800 3737 Ιυιίό
1830 3683 2045 3739 Caesare

474 3751 793 3807 autonomia
852 3767 1040 3807 mense
1099 3751 1326 3806 Octobri
1375 3768 1522 3807 anno
1555 3753 1614 3807 ν.
1645 3753 1706 3808 C.
1743 3754 1868 3806 704.
1908 3753 2043 3809 Vide

475 3821 646 3947 ξίἕὲιι.
696 3821 878 3886 Noris,
937 3822 1011 3878 De
1059 3823 1267 3892 epos/ais
1329 3821 1870 3894 Syro-Macedonum,
1916 3839 2038 3894 pag.

541 3961 616 4034 (g)
639 3960 840 4018 Confer
858 3962 1134 4018 Valesium
1161 3961 1214 4016 in
1237 3961 1459 4033 Evagrii
1488 3959 1630 4028 Vita,
1660 3968 1714 4016 et
1744 3960 2040 4017 llcnricum

2155 3265 2342 3330 Naris,
2366 3265 2502 3321 Diss.
2535 3266 2598 3320 de
2636 3268 2821 3337 quinta
2841 3265 3062 3336 synodo,
3091 3262 3117 3334 §
3143 3261 3195 3316 5.

2226 3339 2300 3406 (ἡ)
2326 3337 2480 3391 Alios
2529 3330 2824 3392 historicos
2852 3330 3165 3406 complures
3201 3331 3386 3387 laudat
3405 3348 3493 3406 _v.
3541 3330 3726 3406 c.‘ult:

2149 3401 2473 3470 Characem,
2537 3401 2997 3476 Theopompum;
3037 3403 3347 3476 Ephorum,
3405 3401 3721 3476 Dionysium

2149 3477 2349 3548 Halic.,
2382 3477 2671 3548 Polybium
2695 3472 3186 3548 Megapolitanum_,
3212 3472 3520 3548 Appianum
3540 3472 3715 3548 ,_Dioc

2147 3540 2344 3602 dorum
2375 3540 2510 3611 Sicf,
2542 3540 2808 3601 Dionem'
2835 3540 3104 3604 Cassium,
3129 3540 3504 3596 Herodianum
3522 3583 3534 3604 ,
3560 3542 3723 3596 Nico-ﬁ

2147 3625 2388 3671 stratum
2419 3616 2873 3686 Trapezuntium,
2898 3615 3228 3686 sophistam,
3260 3612 3586 3686 Dcx_i_ppu_m,
3611 3611 3725 3686 Eu-

2152 3687 2390 3750 sebium,
2429 3681 2548 3754 qui:
2569 3687 2637 3740 ab
2668 3681 2981 3747 Octaviani,
3009 3683 3316 3754 Trajaniet
3356 3681 3724 3754 Marci‘rebus

2150 3771 2402 3820 exorsus,
2431 3751 2722 3809 Historiam
2747 3756 2814 3809 ad
2848 3755 2980 3823 imp.
3011 3751 3134 3808 Cari
3162 3753 3374 3806 obitum
3411 3751 3671 3823 produxit
3703 3767 3721 3816 ;

2149 3827 2467 3889 Arrianum,
2500 3826 2752 3880 Asinium
2777 3822 3142 3892 Quadratum,
3172 3824 3440 3879 Joannem
3461 3822 3640 3876 civem
3655 3835 3726 3878 ac

2147 3906 2441 3967 COgnatum
2464 3911 2647 3961 suum,
2673 3903 2729 3949 et
2751 3895 3060 3966 Agathiam.

1219 4366 1727 4456 HENBICI
1806 4369 2274 4471 VALESII
2355 4357 2996 4460 PRIEFATIO

1051 4564 1134 4625 IN
1171 4562 1590 4625 HISTORIAM
1626 4563 2258 4626 ECCLESIASTICAM
2293 4566 2609 4629 EVAGRII
2641 4567 3146 4629 SCJIOLASTICI.

540 4889 810 4961 Evagrius
857 4887 1234 4944 Scholasticus
1263 4885 1437 4960 Syrus
1491 4887 1596 4942 fuit
1639 4901 1863 4958 genere,
1895 4886 2130 4958 perinde
2175 4903 2240 4942 ac
2273 4886 2658 4943 Theodoretus
2689 4904 2704 4944 :
2742 4895 2898 4943 ortus
2947 4905 3013 4944 ex
3047 4892 3181 4947 urbe
3215 4890 3558 4962 Epiphaniae,
3602 4910 3722 4964 qua:

469 4979 668 5037 civitas
717 4979 823 5034 fuit
857 4978 1029 5050 Syria:
1057 4978 1334 5042 secundae,
1370 4987 1431 5032 ut
1469 4979 1585 5051 ipse
1627 4979 1680 5032 in
1723 4980 1886 5034 titulo
1917 4977 2103 5049 operis
2134 4975 2218 5030 sui
2249 4975 2518 5044 prodidit.
2547 4975 2738 5044 itaque
2777 4978 2948 5031 miror
2981 4977 3287 5032 Gerardum
3317 4979 3593 5042 Vossium,
3623 4983 3721 5051 qui

471 5068 526 5122 in
559 5068 703 5122 libro
733 5065 808 5120 De
841 5067 1098 5120 historicis
1139 5066 1353 5134 Gracia,
1392 5081 1516 5137 pag.
1541 5066 1667 5131 498,
1702 5067 1998 5138 Evagrium
2029 5064 2455 5119 Antiochensem
2489 5078 2610 5118 esse
2653 5064 2866 5120 scribit.
2918 5065 3095 5136 Atque
3136 5067 3398 5138 Evagrius
3425 5067 3564 5138 ipse,
3603 5077 3718 5122 tum

470 5154 527 5210 in
555 5155 716 5208 titulo
759 5153 1028 5219 Historias,
1079 5162 1194 5208 tum
1231 5154 1286 5207 in
1321 5154 1419 5208 lib.
1470 5170 1547 5218 ιιι,
1591 5170 1712 5224 cap.
1753 5155 1842 5220 54,
1883 5154 2088 5209 diserte
2125 5161 2358 5207 testatur
2407 5167 2467 5207 se
2513 5151 2677 5208 domo
2709 5153 3170 5224 Epiphaniensem
3199 5154 3391 5210 fuisse.
3426 5155 3545 5210 Illic
3571 5155 3718 5210 enim

467 5241 536 5301 de
581 5242 778 5298 Cosma
805 5257 1066 5312 episcopo
1100 5241 1423 5310 Epiphania:
1453 5242 1686 5311 loquens
1713 5242 1788 5296 ita
1817 5243 2047 5297 scribit:
2085 5259 2102 5291 ι
2127 5241 2344 5305 Comas,
2377 5240 2670 5312 episcopus
2702 5252 2906 5297 nostra:
2933 5243 3272 5313 Epiphania,
3301 5259 3464 5314 quam
3487 5243 3724 5300 Orontes

464 5327 666 5384 ﬂuvius
688 5329 866 5393 alluit,
901 5347 920 5380 ι
953 5337 1062 5382 etc.
1100 5327 1204 5382 Sed
1236 5339 1292 5383 et
1326 5329 1580 5398 Photius,
1609 5330 1665 5382 in
1693 5329 2040 5390 Bibliotheca,
2072 5342 2191 5398 cap.
2221 5328 2312 5392 29,
2343 5328 2636 5400 Evagrium
2666 5330 2964 5384 oriundum
3012 5331 3182 5387 fuisse
3222 5332 3355 5387 dicit
3383 5332 3715 5403 Epiphania,

466 5416 602 5470 urbe
620 5419 791 5487 Syria:
805 5416 1006 5472 lees.
1033 5417 1226 5470 Mirum
1258 5429 1438 5472 tamen
1462 5427 1548 5472 est
1594 5418 1886 5488 Evagrium
1912 5426 2165 5470 nostrum
2191 5431 2298 5469 non
2318 5415 2806 5486 Epiphaniensem,
2825 5417 2919 5471 sed
2944 5419 3204 5488 ἐπιφανῆ,
3228 5420 3282 5474 id
3307 5428 3413 5478 est,
3435 5420 3724 5484 illustrem,

464 5502 682 5558 duobus
707 5507 759 5557 in
785 5506 920 5559 locis
953 5506 1217 5575 appellari
1250 5521 1281 5559 a
1311 5506 1626 5575 Nicephoro
1653 5505 1900 5561 Callisto.
1934 5505 2069 5559 Nam
2113 5505 2169 5558 in
2208 5520 2327 5574 cap.
2372 5506 2422 5568 l,
2457 5504 2556 5558 lib.
2591 5521 2629 5567 ι,
2667 5505 2960 5574 Nicephori
2997 5507 3072 5560 ita
3101 5507 3362 5560 scribitur
3401 5548 3414 5560 .
3444 5507 3514 5559 ὐ
3545 5525 3606 5574 γε
3646 5507 3727 5576 μὴ

464 5587 733 5662 Ε’ὶάγριθς
764 5595 791 5644 ὸ
821 5595 1113 5666 ἐπιφανὴς,
1137 5605 1246 5650 etc.
1281 5597 1348 5649 Et
1375 5597 1432 5650 in
1474 5597 1570 5651 lib.
1603 5613 1709 5660 xw,
1741 5611 1862 5665 cap.
1891 5597 1980 5660 51,
2012 5597 2044 5650 It

2158 5612 2194 5650 n
2236 5597 2454 5666 Evagrii
2483 5596 2766 5652 adducens
2785 5598 3232 5668 Nicephorus,cx
3257 5599 3349 5652 lib.
3378 5615 3432 5654 ιιι
3486 5613 3604 5668 cap.
3631 5599 3728 5665 54,

463 5681 620 5750 cujus
664 5682 828 5752 paulo
873 5693 999 5738 ante
1031 5665 1370 5741 mentionem
1419 5685 1549 5747 feci,
1585 5685 1660 5740 ita
1690 5685 1925 5753 scribit;
1959 5679 2044 5740 υἷα

2177 5687 2272 5766 κει).
2301 5665 2573 5758 Εὖάγριος
2602 5688 2631 5742 ὁ
2658 5665 2938 5766 tmperi};—
2959 5687 3372 5766 περὶ-Σευήρου
3397 5665 3710 5757 ἱστὸρῆσεν,
3735 5665 3744 5681 ’
