4042 6156
329 237 472 300 2409
1409 233 1644 294 HENR.
1685 233 1776 292 VA
1786 233 1920 292 LES

1975 235 1984 292 l
2025 233 2436 294 l‘Ii/EFATIO.
3432 234 3494 296 ει
3513 235 3571 296 lii

331 374 438 428 Sed
475 369 771 438 utrobique
821 377 1062 423 erratum
1093 383 1214 422 esse
1262 382 1462 421 censeo
1511 367 1580 420 ab
1628 367 1972 435 antiquariis,
2023 369 2116 438 qui
2167 371 2464 436 Ἐπιφανὴς
2509 367 2850 436 scripserunt
2896 385 2995 437 pro
3027 369 3374 436 'Emcuva-Jr.
3411 372 3572 426 Certe

327 457 677 526 Nicephorus
703 459 774 510 ’ex
807 456 981 525 ipsius
1014 455 1232 524 Evagrii
1273 453 1460 508 verbis
1491 469 1612 522 qua:
1641 453 1752 506 illic
1791 451 2034 514 adducit,
2062 461 2260 521 etqua:
2308 453 2563 520 superius
2593 468 2620 504 a
2661 453 2824 505 nobis
2855 455 3064 520 prolata
3093 463 3240 513 sunt,
3287 457 3571 524 perspicuo

329 548 545 602 discere
580 555 798 614 poterat
835 543 1133 612 Evagrium
1182 541 1648 610 Epiphanienscm
1693 539 1881 593 fuisse.
1933 541 2099 594 Porro
2138 551 2301 594 natus
2324 551 2408 594 est
2438 541 2702 610 Evagrius
2734 541 3046 608 principatu
3081 541 3394 596 Justiniani.
3430 559 3574 596 anno

329 635 530 690 natalis
559 634 830 688 Dominici
869 633 989 694 556,
1023 631 1106 684 vel
1146 631 1271 692 557,
1305 637 1364 682 ut
1398 645 1462 681 ex
1509 627 1684 696 ipsius
1719 627 1940 694 Evagrii
1983 626 2296 679 testimonio
2328 627 2700 679 demonstravi
2749 627 2951 680 Annot.
2990 625 3058 678 ad
3100 643 3218 694 cap.
3265 627 3331 678 ΞΩ
3365 627 3461 679 lib.
3495 641 3570 682 tv.

333 722 492 775 Anno
537 721 740 775 Christi
770 719 872 772 540
905 717 1284 784 ludimagistro
1317 714 1550 768 traditus
1575 726 1658 768 cst
1689 731 1716 767 a
1755 713 2093 776 parentibus,
2128 723 2186 766 ut
2217 715 2428 766 litteras
2469 714 2730 767 disceret.
2759 714 2878 776 Quo
2911 713 3132 780 quidem
3175 723 3416 780 tempore
3448 729 3570 767 cum

334 809 576 862 Thomas
608 805 998 875 Apamensium
1025 805 1320 873 cpiscopus
1350 801 1600 854 finitimis
1631 802 1862 855 urbibus
1889 801 2286 860 denuntiasset,
2316 816 2372 854 se
2405 800 2679 854 vivificum
2711 801 2894 854 crucis
2921 801 3128 868 lignum
3153 801 3296 867 quod
3334 799 3574 868 Apamia:

331 896 675 958 servabatur,
706 903 858 950 certo
888 889 978 948 die
1011 903 1362 948 ostensurum
1394 905 1535 953 essm,
1570 889 1841 943 deductus
1865 898 1948 942 est
1981 888 2246 956 Evagrius
2269 904 2298 940 a
2329 889 2653 956 parentibus
2683 889 2736 940 in
2765 903 2882 940 eam
2915 888 3128 948 urbem.
3160 896 3212 940 ct
3245 889 3568 941 miraculum

333 982 464 1036 illud
507 981 652 1052 quod
700 991 812 1034 tum
853 981 908 1033 in
945 980 1194 1034 Ecclesia
1240 977 1442 1031 factum
1473 985 1577 1036 est,
1616 977 1789 1029 oculis
1821 976 1936 1028 suis
1974 975 2260 1042 spectavit,
2293 981 2352 1026 ut
2403 982 2634 1026 testatur
2661 974 2713 1026 in
2763 973 2858 1025 lib.
2906 989 2977 1034 1v,
3023 988 3142 1040 cap.
3175 973 3263 1026 26.
3297 973 3352 1026 ld
3387 983 3570 1026 autem

332 1073 560 1140 contigit
589 1086 732 1124 anno
757 1069 962 1124 Christi
997 1067 1120 1126 540.
1161 1083 1286 1120 cum
1327 1066 1506 1119 Persae.
1539 1065 1592 1116 in
1617 1063 1829 1131 Syriam
1857 1063 2164 1132 irruptione
2191 1062 2329 1115 facta
2361 1061 2708 1134 Antiochiam
2739 1060 3111 1113 incendissent
3147 1077 3158 1112 :
3189 1061 3334 1128 quod
3367 1063 3570 1116 factum

332 1167 418 1212 est
469 1159 686 1214 Justino
725 1157 954 1213 Juniore
983 1156 1232 1218 consule,
1279 1161 1338 1207 ut
1383 1153 1732 1206 Marcellinus
1773 1151 1989 1212 Comes,
2043 1159 2097 1204 et
2139 1149 2340 1203 Marius
2373 1149 2428 1202 in
2463 1149 2716 1202 Chronico
2763 1147 3126 1200 tradiderunt.
3182 1147 3412 1202 Biennio
3445 1160 3570 1217 post

333 1257 456 1296 cum
499 1245 621 1298 lues
653 1243 964 1314 inguinaria
995 1242 1048 1294 in
1079 1240 1304 1295 Oriente
1341 1239 1576 1308 grassari
1611 1238 1887 1306 erupisset,
1921 1235 2189 1306 Evagrius
2217 1235 2400 1288 adhuc
2429 1236 2530 1288 sub
2565 1235 2947 1304 ludimagistro
2989 1234 3200 1288 litteras
3225 1234 3464 1298 discens,
3507 1251 3570 1289 ea

335 1331 649 1400 pestilentia
684 1339 972 1399 correptus
1017 1337 1120 1390 est,
1161 1337 1222 1381 ut
1257 1328 1372 1396 ipse
1418 1335 1654 1380 testatur
1693 1325 1746 1377 in
1789 1339 1911 1393 cap.
1961 1326 2030 1378 29
2071 1324 2168 1376 lib.
2215 1339 2286 1376 iv.
2337 1322 2564 1376 Relictis
2585 1321 2784 1376 deinde
2830 1321 3312 1390 grammaticorum
3345 1321 3570 1384 scholis.

335 1418 624 1471 rhetoricae
651 1432 874 1486 operam
901 1416 1076 1470 dedit.
1103 1415 1350 1483 Cumque
1375 1428 1599 1482 magnos
1627 1412 1680 1464 in
1717 1412 1820 1465 hac
1849 1419 1966 1464 arte
1991 1425 2314 1480 progressus
2345 1409 2584 1472 fecisset,
2612 1409 3004 1462 advocatorum
3043 1411 3273 1462 humero
3301 1410 3574 1478 ascriptus

335 1513 438 1557 est.
475 1493 630 1557 Unde
659 1503 824 1557 etiam
873 1511 1298 1572 cognomentum
1346 1501 1535 1554 retulit
1570 1499 1895 1554 Scholastici
1929 1516 1942 1551 :
1973 1513 2094 1567 quae
2143 1513 2248 1550 vox
2291 1497 2615 1548 causidicum
2664 1495 2956 1564 signiﬁcat,
2995 1503 3050 1548 ut
3096 1496 3258 1548 docet
3303 1497 3575 1550 Macarius

337 1592 392 1642 in
429 1590 577 1644 hom.
623 1591 708 1655 15,
752 1590 840 1644 his
889 1589 1074 1644 verbis
1111 1606 1124 1640 :
1179 1589 1236 1640 '0
1272 1587 1444 1638 [θέλων
1477 1586 1668 1656 μαθεῖν
1695 1587 1928 1656 γράμμα

1977 1601 2022 1648 ι,
2058 1583 2359 1652 ἀπέρχεται
2386 1585 2478 1635 καὶ
2509 1581 2768 1650 μανθάνει
2809 1587 2878 1634 τὰ
2926 1588 3146 1652 σημεῖον
3188 1585 3280 1636 καὶ
3321 1585 3448 1637 ὅταν
3485 1589 3573 1650 τέ-

335 1694 492 1744 νηται
531 1677 648 1730 ἐκεῖ
683 1677 917 1746 πρῶτος,
960 1677 1260 1744 ἀπέρχεται
1307 1677 1384 1736 εἰς
1427 1674 1532 1743 τὴν
1564 1673 1758 1742 σχολὴν
1787 1674 1895 1725 τῶν
1946 1671 2290 1740 Ῥωμαϊκῶν,
2323 1671 2419 1721 καὶ
2459 1671 2604 1721 ἐστιν
2642 1669 2778 1721 ὅλων
2807 1671 3048 1738 ἔσχατος.
3095 1673 3260 1724 Πάλιν
3301 1675 3412 1723 ἐκεῖ
3443 1673 3572 1724 ὅταν

333 1767 558 1834 γένηται
585 1765 800 1836 πρῶτος
825 1806 840 1829 ,
871 1765 1170 1834 ἀπέρχεται
1199 1763 1334 1832 πρὸς
1361 1763 1459 1832 τὴν
1505 1763 1700 1831 σχολὴν
1727 1761 1835 1812 τῶν
1863 1761 2231 1830 γραμμάτων,
2261 1761 2354 1812 καὶ
2379 1761 2492 1812 ἐστι
2519 1761 2678 1814 πάλιν
2709 1762 2824 1812 ἐκεῖ
2850 1761 2985 1813 ὅλων
3012 1763 3258 1831 ἔσχατος,
3285 1765 3566 1834 ἁρχὰριος.

335 1850 463 1904 Εἶτα
497 1853 624 1903 ὅταν
661 1852 880 1919 γένηται
926 1851 1296 1918 σχολαστικὸς,
1331 1849 1466 1900 ὅλων
1495 1848 1602 1899 τῶν
1631 1847 1924 1913 δικολ-ἇγιυν
1968 1849 2229 1919 ἀρχάριος
2263 1849 2358 1899 καὶ
2389 1849 2614 1916 ἕσχατὸς
2657 1851 2795 1900 ἐστι.
2836 1849 3002 1901 Πάλιν
3035 1851 3160 1901 ὅταν
3199 1853 3317 1902 ἐκεῖ
3347 1853 3567 1923 γένηται

337 1939 572 2009 πρῶτος,
639 1939 762 1991 τότε
808 1937 1015 2004 γίνεται
1045 1936 1286 2006 ἡγεμών.
1325 1937 1434 1987 Καὶ
1463 1936 1590 1986 ὅταν
1621 1935 1844 2000 γένηται
1872 1934 2074 2002 ἄρχων,
2107 1935 2372 2004 λαμϐάνει
2402 1935 2580 2006 ἐαυτῷ
2611 1935 2801 2004 βοηθὸν
2831 1936 2922 1987 τὶν
2951 1937 3339 2006 συγκάοεδρον,
3381 1938 3434 1991 id
3461 1949 3565 2002 est,

334 2035 394 2078 ut
425 2029 758 2094 interpretor
785 2043 798 2077 :
831 2024 934 2089 Qui
969 2027 1176 2094 negotia
1209 2023 1440 2092 forensia
1473 2021 1580 2075 vult
1607 2021 1824 2084 discere,
1858 2021 1965 2072 abit
1989 2025 2218 2091 primunt
2251 2032 2298 2076 ct
2325 2023 2474 2075 discit
2507 2031 2679 2076 notas.
2715 2022 2782 2075 Et
2817 2033 3092 2093 postquam
3127 2025 3197 2078 ibi
3223 2028 3422 2095 primus
3449 2043 3570 2080 eva-

327 2117 478 2173 serit,
510 2115 652 2166 vadit
684 2113 752 2166 ad
781 2112 1014 2165 scholam
1055 2111 1436 2170 Romanorum.
1472 2119 1520 2162 et
1546 2118 1622 2162 est
1648 2110 1882 2161 omnium
1917 2119 2226 2177 postremus.
2255 2109 2452 2162 Deinde
2478 2127 2594 2162 cum
2623 2111 2704 2162 hic
2732 2111 2932 2180 primus
2963 2113 3236 2174 exstiterit,
3277 2115 3444 2184 pergit
3499 2119 3569 2167 at!
3607 2135 3616 2146 ε

328 2199 562 2253 scholam
595 2201 1080 2269 pragmaticorum;
1128 2209 1176 2250 et
1203 2199 1284 2250 hic
1322 2213 1505 2249 rursus
1539 2197 1600 2264 ﬁt
1633 2198 1866 2248 onmium
1895 2204 2204 2266 postremus,
2235 2198 2480 2249 uovitius.
2523 2195 2712 2249 Postea
2757 2213 2872 2249 cum
2905 2197 3072 2266 factus
3102 2199 3258 2264 fuerit
3293 2201 3570 2254 scholasti—

330 2305 440 2352 cus,
483 2289 719 2340 omnium
763 2288 1144 2340 causidicorum
1177 2293 1470 2355 postremus
1503 2291 1576 2336 est
1623 2293 1671 2336 et
1712 2285 1954 2336 nouitius.
1993 2285 2190 2336 Deinde
2221 2301 2340 2336 cum
2379 2285 2448 2336 ibi
2493 2286 2694 2352 primus
2727 2287 2968 2348 (θυρίδα-ξι,
3022 2293 3133 2338 tum
3175 2286 3234 2353 ﬁt
3265 2305 3484 2356 prarscs;
3517 2300 3568 2342 cl

329 2387 616 2447 postquam.
642 2377 802 2444 fuerit
829 2392 1020 2446 prccses
1045 2392 1134 2428 seu
1173 2384 1342 2427 rector
1367 2375 1668 2444 provinciw,
1697 2373 1996 2442 adjutorem
2034 2371 2128 2424 sibi
2155 2373 2376 2424 assumit
2399 2371 2760 2426 consiliarium
2786 2375 2890 2424 sive
2915 2389 3247 2427 assessorem.
3285 2376 3342 2428 ln
3377 2375 3565 2430 Grreco

330 2474 479 2518 textu
513 2464 726 2516 Macarii
771 2463 1058 2516 emendavi
1129 2465 1156 2514 ὁ
1188 2463 1358 2514 θέλων
1395 2462 1584 2531 μαθεῖν
1613 2461 1926 2530 πράγματα.

1971 2475 2080 2514 non
2113 2468 2171 2511 ut
2208 2459 2366 2529 vulgo
2397 2459 2596 2528 legitur
2623 2460 2946 2528 γράμματα.
2981 2461 3152 2514 Porro
3189 2478 3296 2530 qua
3326 2465 3378 2516 in
3429 2465 3563 2518 urbe

328 2553 596 2623 Evagrius
629 2553 1018 2607 causidiciuam
1060 2551 1392 2614 exercuerit,
1439 2551 1709 2604 incertum
1742 2559 1843 2604 est.
1881 2547 2142 2615 Suspicor
2183 2553 2360 2598 tamen
2393 2561 2516 2599 eum
2548 2547 2850 2600 Antiochiie
2881 2563 3074 2602 causas
3113 2551 3286 2616 egisse
3313 2569 3344 2608 ε,
3367 2568 3476 2620 qua
3509 2553 3562 2606 in

331 2640 468 2694 urbe
521 2641 621 2694 tria
649 2650 810 2695 erant
839 2641 955 2693 fora
983 2655 1078 2694 seu
1119 2639 1437 2702 tribunalia,
1475 2655 1536 2692 ac
1570 2638 1794 2692 totidem
1832 2638 2223 2691 advocatorum
2263 2635 2484 2696 scholae,
2533 2644 2590 2688 ut
2625 2651 2691 2687 ex
2737 2635 2968 2689 Libanio
3005 2637 3290 2692 observavi
3328 2641 3380 2693 in
3427 2643 3566 2696 meis

329 2728 396 2780 ad
431 2727 720 2796 Evagrium
755 2726 1236 2788 Adnotationibus,
1297 2725 1392 2778 lib.
1437 2739 1474 2786 ι,
1509 2741 1557 2778 c.
1601 2726 1682 2778 18.
1711 2725 1868 2779 Certe
1894 2725 2232 2794 Epiphania),
2267 2740 2430 2792 quam
2465 2726 2582 2792 ejus
2606 2725 2834 2792 patriam
2863 2725 3030 2780 fuisse
3057 2743 3220 2796 supra
3253 2729 3561 2794 docuimus,

328 2814 627 2867 advocatus
653 2829 772 2868 esse
803 2829 912 2866 non
959 2813 1156 2881 potuit,
1185 2827 1308 2865 cum
1357 2827 1420 2864 ea
1469 2811 1662 2865 civitas
1701 2811 1882 2864 forum
1913 2812 2269 2880 judiciarium
2301 2827 2408 2864 non
2455 2812 2704 2874 haberet,
2749 2812 2844 2866 sed
2889 2827 3082 2868 causas
3120 2831 3248 2868 suas
3279 2817 3561 2886 Apamiam

329 2899 589 2964 deferret,
636 2901 766 2968 quia
799 2901 854 2952 in
891 2899 1110 2954 civitate
1155 2898 1460 2952 consularis
1497 2898 1667 2968 Syriae
1716 2899 1982 2953 Secunda:
2049 2899 2134 2967 jus
2176 2897 2414 2952 dicebat.
2459 2899 2660 2952 Verum
2697 2907 2756 2952 ut
2807 2899 3114 2954 Antiochiae
3169 2904 3350 2971 potius
3397 2921 3560 2974 quam

325 2988 568 3056 Apamia:
615 2987 938 3041 advocatum
983 2986 1152 3040 fuisse
1195 2986 1412 3040 credam
1453 2986 1768 3054 Evagrium,
1811 2986 1924 3040 haec
1967 2985 2310 3054 potissimum
2345 2986 2486 3038 ratio
2515 2986 2668 3048 facit,
2701 2988 2846 3056 quod
2894 2989 2947 3040 in
2981 3004 3044 3042 ea
3089 2989 3224 3045 urbe
3265 2993 3562 3061 plurimum

329 3083 580 3128 versatus
606 3083 710 3138 est,
739 3083 796 3127 et
835 3088 1060 3126 uxorem
1101 3073 1176 3125 ibi
1217 3073 1394 3136 duxit,
1433 3072 1679 3140 filiosque
1711 3089 1777 3126 ex
1815 3088 1878 3125 ea
1911 3072 2154 3124 sustulit.
2189 3071 2380 3124 Filiam
2422 3087 2640 3140 quoque
2686 3088 2748 3126 ea
2782 3075 2836 3127 in
2883 3075 3020 3128 urbe
3059 3079 3254 3146 nuptui
3299 3079 3469 3146 dedit,
3505 3094 3566 3136 ut

327 3169 562 3214 testatur
610 3163 724 3229 ipse
770 3161 824 3212 in
874 3161 1016 3213 libro
1045 3169 1263 3228 quarto,
1300 3160 1478 3228 capite
1523 3161 1802 3214 tricesimo
1835 3173 2000 3212 nono.
2043 3159 2174 3224 Qua:
2215 3175 2337 3213 cum
2375 3160 2652 3222 pestilenti
2695 3161 2888 3214 morbo
2921 3163 3188 3219 exstincta
3219 3167 3414 3222 fuisset
3457 3185 3562 3224 una

327 3263 450 3300 cum
479 3247 613 3311 tilio,
641 3262 784 3300 anno
817 3247 1164 3315 imperatoris
1184 3247 1432 3300 Mauricii
1455 3247 1690 3308 decimo,
1719 3246 1984 3316 Evagrius
2006 3248 2234 3315 conjuge
2257 3261 2320 3299 ac
2354 3247 2544 3300 liberis
2563 3248 2680 3300 suis
2703 3249 2931 3302 orbatus
2958 3251 3024 3302 ad
3051 3254 3320 3308 secundas
3345 3259 3564 3325 nuptias

325 3335 608 3396 transiliit,
637 3343 694 3387 et
718 3334 982 3402 virginem
1017 3335 1252 3402 puellam
1289 3333 1624 3390 matrimonii
1667 3335 1788 3404 jure
1819 3336 1872 3387 in
1915 3333 2106 3386 eadem
2135 3333 2270 3387 urbe
2306 3334 2411 3388 sibi
2440 3334 2691 3399 sociavit,
2723 3336 2800 3388 uti
2838 3339 3006 3391 refert
3035 3339 3088 3392 in
3125 3341 3221 3396 lib.
3255 3359 3326 3406 vi,
3361 3359 3478 3413 cap.
3509 3347 3560 3400 8.

323 3421 426 3476 Ubi
449 3421 615 3474 etiam
643 3429 874 3474 testatur
905 3422 1218 3474 universam
1249 3420 1444 3474 urbem
1482 3436 1544 3474 ea
1575 3421 1642 3474 de
1672 3436 1834 3474 causa
1867 3421 2032 3502 ferias
2073 3421 2272 3490 egisse,
2305 3437 2368 3476 ac
2399 3421 2672 3490 publicam
2699 3423 3075 3492 festivitatem,
3113 3435 3224 3481 tum
3257 3431 3310 3483 in
3341 3446 3562 3500 pompa,

327 3519 442 3560 tum
473 3509 621 3562 circa
645 3508 943 3562 thalamum
975 3509 1304 3562 celebrasse.
1335 3507 1414 3560 Ex
1433 3523 1542 3576 quo
1563 3507 1742 3561 obiter
1772 3517 2020 3576 apparet,
2052 3517 2252 3576 quanta
2273 3510 2390 3578 ejus
2421 3509 2584 3562 fuerit
2607 3511 2909 3564 auctoritas
2935 3511 3264 3568 Antiocbize.
3295 3516 3562 3572 Praeterea

323 3595 619 3649 Historiam
666 3611 820 3650 suam
853 3595 1074 3664 scripsit
1101 3595 1426 3657 Antiochite,
1461 3603 1520 3648 ut
1547 3594 1822 3664 colligitur
1851 3611 1918 3649 ex
1948 3609 2066 3663 cap.
2093 3595 2162 3647 20
2195 3595 2290 3649 lib.
2321 3613 2360 3649 ι.
2397 3595 2496 3650 Ubi
2527 3597 2760 3664 loquens
2785 3599 2852 3651 de
2883 3600 3220 3665 profectione
3251 3603 3562 3676 l‘lierosoly-

325 3683 532 3736 mitana
575 3683 830 3738 Eudocite
857 3683 1080 3752 regium,
1111 3683 1186 3736 ait
1230 3699 1348 3736 eam
1385 3683 1600 3736 venisse
1645 3681 1921 3736 Antiochi:

1959 3698 1990 3735 ιι
2017 3701 2031 3736 :
2066 3687 2278 3753 χρόνοις
2309 3684 2532 3753 ὕστερον
2563 3687 2655 3736 ἐπὶ
2693 3686 2790 3756 τὴν
2819 3687 2982 3751 ἁγίαν
3014 3689 3344 3759 ἐπειγομένη
3386 3694 3555 3758 πόλιν,

321 3770 554 3822 ἐνταῦθά
587 3787 648 3821 τε
677 3771 908 3838 γίνεται,
951 3771 1002 3824 id
1029 3780 1132 3834 est,
1162 3787 1278 3838 quia
1311 3771 1400 3823 diu
1439 3781 1616 3840 postea
1651 3770 1718 3824 ad
1748 3777 1990 3823 sanctam
2017 3787 2235 3839 pergens
2273 3771 2554 3834 civitatem,
2591 3772 2688 3823 huc
2731 3775 2866 3824 venit
2897 3775 3262 3844 (Antiochiam
3305 3779 3557 3840 sciiicet).

323 3857 563 3925 Degebat
605 3859 770 3928 igitur
813 3859 1119 3912 Antiochiae
1151 3868 1266 3912 tum
1303 3874 1429 3912 cum
1461 3859 1564 3912 ista
1595 3858 1864 3912 scriberet
1901 3857 2186 3926 Evagrius.
2223 3858 2360 3910 liinc
2407 3865 2489 3910 est
2526 3857 2672 3926 quod
2725 3859 2990 3928 Evagrius
3023 3877 3186 3929 opera
3230 3875 3286 3917 et
3326 3866 3556 3921 agditicia

321 3952 540 4022 publica
577 3955 733 4008 urbis
761 3955 1067 4008 Antiochiae
1099 3965 1206 4008 tam
1235 3955 1479 4009 studiose
1509 3961 1780 4016 recenset,
1807 3961 1868 4006 ut
1889 3953 2076 4006 videre
2101 3961 2184 4006 est
2217 3952 2272 4006 in
2303 3953 2398 4005 lib.
2429 3969 2466 4015 ι,
2499 3967 2620 4021 cap.
2657 3953 2740 4018 18,
2763 3963 2818 4007 et
2847 3955 2943 4008 lib.
2973 3971 3052 4020 ιιι,
3085 3973 3206 4026 cap.
3233 3957 3320 4012 28.
3347 3961 3558 4026 Quibus

321 4044 376 4096 in
411 4041 544 4096 locis
571 4059 682 4096 non
715 4044 949 4098 obscure
975 4044 1202 4108 indicat,
1235 4059 1312 4108 se,
1334 4043 1464 4096 dum
1499 4045 1602 4097 ista
1644 4043 1928 4105 scriberet,
1953 4041 2258 4095 Antiochia:
2281 4041 2502 4094 vixisse.
2531 4041 2669 4095 llinc
2697 4041 2860 4094 etiam
2893 4052 2997 4100 est.
3025 4047 3169 4114 quod
3197 4057 3354 4100 teme
3376 4059 3557 4104 motus

318 4128 528 4197 quibus
557 4131 848 4184 Antiochia
888 4131 1122 4186 subinde
1151 4146 1416 4186 concussa
1445 4140 1550 4194 est,
1588 4139 1736 4182 tanta
1788 4145 1916 4182 cura
1963 4145 2026 4183 ac
2077 4129 2358 4197 diligentia
2405 4139 2798 4183 commemorat
2831 4147 2844 4184 :
2881 4139 2936 4185 et
2965 4133 3111 4200 quod
3145 4135 3198 4188 in
3246 4143 3552 4206 temporum

313 4219 604 4273 notatione
643 4222 804 4275 annis
841 4221 1310 4276 Antiochenorum
1339 4229 1608 4289 perpetuo
1637 4218 1830 4272 utitur.
1865 4217 2110 4285 Denique
2149 4217 2292 4270 istud
2322 4217 2486 4270 etiam
2522 4218 2799 4287 colligitur
2841 4235 2906 4272 cx
2949 4236 3069 4290 cap.
3121 4224 3171 4286 7,
3209 4223 3304 4276 lib.
3347 4240 3420 4288 vi,
3461 4227 3550 4280 ubi

307 4305 515 4358 Scribit
543 4305 862 4375 Gregorium
897 4309 1266 4377 patriarcham
1318 4307 1740 4364 Antiochenam,
1779 4320 1902 4358 cum
1938 4305 2080 4374 apu'l
2131 4305 2398 4358 Joannem
2451 4305 2708 4358 comitem
2741 4305 2983 4362 Orientis
3025 4319 3314 4366 accusatus
3357 4313 3552 4369 fuisset

317 4391 516 4446 incesti
547 4409 576 4447 a
611 4395 845 4463 quodam
891 4397 1225 4464 argentario,
1276 4395 1342 4448 ad
1383 4395 1768 4463 imperatorem
1816 4400 1872 4446 et
1913 4392 1980 4446 ad
2019 4392 2285 4464 synodum
2329 4409 2675 4462 provocasse.
2715 4393 2964 4464 Cumque
3014 4393 3548 4469 Constantinopolim

313 4488 592 4548 pergeret,
635 4497 818 4536 coram
854 4484 1188 4552 imperatore
1220 4499 1284 4537 ac
1327 4483 1536 4553 synodo
1568 4497 1789 4537 causam
1828 4496 1981 4534 suam
2027 4489 2442 4549 prosecuturus,
2491 4481 2778 4550 Evagrium
2810 4499 2994 4537 secum
3039 4485 3353 4550 deduxisse,
3401 4491 3551 4543 velut

321 4579 662 4621 assessorem
704 4577 758 4623 et
799 4571 1197 4634 consiliarium,
1235 4579 1294 4624 ut
1332 4573 1450 4640 ejus
1497 4571 1728 4626 consilio
1774 4578 2044 4622 uteretur.
2088 4567 2300 4632 Quibus
2331 4568 2518 4621 verbis
2561 4568 2822 4638 Evagrius
2883 4573 3017 4626 satis
3057 4586 3244 4643 aperte
3281 4577 3549 4644 significat

313 4674 376 4714 se
435 4660 758 4713 advocatum
800 4667 856 4712 et
895 4659 1274 4727 juriSperitum
1313 4657 1501 4711 fuisse.
1543 4657 1620 4710 Ex
1666 4657 1865 4709 horum
1917 4655 2063 4708 enim
2117 4669 2345 4724 corpore
2388 4671 2694 4710 asscssores
2734 4659 2874 4711 sumi
2918 4660 3164 4714 solebant
3195 4679 3224 4715 a
3259 4667 3546 4733 magistra-

314 4746 483 4812 tibus,
517 4758 624 4802 tam
669 4746 947 4810 civilibus,
984 4760 1144 4814 quam
1179 4744 1528 4798 militaribus.
1573 4743 1690 4797 Non
1737 4743 1912 4796 solum
1948 4753 2127 4798 autem
2173 4745 2225 4796 in
2259 4745 2362 4798 hoc
2396 4743 2670 4798 criminali
2703 4748 2944 4815 negotio,
2982 4763 3172 4802 verum
3213 4752 3378 4804 etiam
3421 4753 3545 4806 aliis

307 4835 372 4888 in
422 4837 599 4890 causis
639 4833 940 4904 Gregorius
983 4831 1358 4887 consiliarium
1412 4831 1606 4884 habuit
1645 4831 1958 4900 Evagrium.
2002 4833 2135 4885 Nam
2167 4847 2289 4886 cum
2327 4842 2472 4886 esset
2501 4833 2810 4900 patriarcha
2845 4835 3140 4889 Orientalis
3185 4838 3458 4900 Eccicsiaz,
3489 4851 3545 4891 et

306 4921 744 4977 innumerabiles
772 4921 1018 4990 quotidie
1044 4934 1235 4972 causas
1263 4918 1568 4985 disceptare
1601 4935 1726 4973 cum
1753 4927 2050 4988 oporteret,
2081 4921 2306 4973 omnino
2325 4935 2604 4973 a-sessore
2651 4921 2836 4988 aliquo
2865 4935 3004 4988 opus
3043 4921 3255 4982 habuit,
3285 4924 3378 4990 qui
3403 4925 3543 4994 juris

305 5016 366 5062 et
395 5008 572 5078 legum
599 5009 862 5064 formulas
891 5007 994 5077 ipsi
1017 5013 1352 5076 suggereret.
1380 5005 1539 5059 Certe
1569 5005 1734 5059 verba
1777 5007 1988 5076 Evagrii
2025 5021 2250 5074 prorsus
2277 5007 2586 5076 significant
2625 5008 2678 5061 id
2725 5009 2868 5076 quod
2904 5009 3037 5064 dixi.
3073 5011 3162 5064 Ait
3189 5011 3337 5066 enim
3365 5029 3378 5064 :
3411 5013 3542 5082 Περὶ

305 5095 516 5148 τούτων
549 5093 642 5148 οὖν
673 5095 808 5164 ἐμοῦ
842 5094 1271 5165 παρεδρεύοντος
1301 5095 1394 5144 καὶ
1425 5095 1692 5162 παρόντος
1731 5111 1791 5160 γε
1820 5095 1969 5166 αὐτῴ
1999 5097 2138 5146 κατὰ
2179 5095 2276 5163 τὴν
2304 5095 2566 5164 βασιλέως
2595 5096 2805 5162 γέγονε,
2839 5097 2935 5166 τὴν
2974 5099 3268 5166 ἀπολογίαν
3307 5101 3538 5167 ossium.

303 5182 512 5236 Verum
551 5181 654 5238 hac
681 5181 754 5260 de
787 5197 843 5238 re
886 5181 1120 5235 studiosi
1159 5195 1257 5249 pro
1285 5179 1518 5234 arbitrio
1563 5181 2028 5251 suojudicabunt.
2068 5183 2198 5237 Mihi
2239 5183 2436 5238 sutiicit
2469 5187 2838 5254 conjecturam
2873 5203 3046 5241 meam
3083 5188 3384 5244 lectoribus
3411 5205 3542 5259 pro-

303 5271 572 5340 posuisse.
607 5269 879 5326 (lu-terum
922 5269 1066 5323 idem
1107 5267 1404 5338 Gregorius
1439 5285 1547 5322 non
1582 5271 1758 5324 solum
1789 5271 1840 5324 in
1871 5272 2114 5341 judieiis,
2147 5271 2242 5325 sed
2275 5273 2439 5326 etiam
2477 5273 2532 5326 in
2569 5272 2882 5327 scribendis
2919 5275 3169 5342 epistolis
3201 5287 3256 5329 et
3299 5277 3353 5330 in
3405 5279 3546 5332 rela-

303 5357 549 5414 tionibus
575 5373 714 5427 quas
745 5359 812 5412 ad
853 5359 1238 5427 imperatorem
1279 5357 1514 5412 subinde
1559 5359 1832 5424 mittebat,
1871 5361 1924 5413 in
1962 5359 2474 5414 concionibusitcm
2518 5369 2574 5414 et
2621 5361 2987 5424 orationibus,
3023 5362 3240 5430 ingenio
3288 5366 3545 5421 utebatur

301 5445 542 5520 Evagrii,
572 5449 1033 5520 quemadmodum
1071 5456 1306 5503 testatur
1337 5447 1606 5517 Evagrius
1637 5447 1690 5500 in
1721 5447 1828 5500 fine
1860 5448 2046 5516 operis
2083 5448 2186 5500 sui.
2227 5447 2382 5512 Quod
2422 5447 2644 5515 quidem
2685 5437 2940 5502 volumen
2987 5465 3110 5502 cum
3139 5450 3406 5522 Evagrius
3434 5470 3544 5508 non

301 5535 417 5590 sine
444 5551 714 5592 consensu
745 5536 994 5606 Gregorii
1031 5535 1354 5604 patriarcha.-
1387 5535 1440 5588 in
1481 5537 1658 5588 lucem
1690 5535 1952 5590 edidisset
1983 5535 2296 5604 principatu
2331 5534 2538 5589 Tiberii
2569 5535 2936 5603 Consmutini,
2964 5543 3268 5607 qumstoria
3291 5541 3556 5612 dignitate

301 5621 367 5676 ab
405 5623 600 5678 eodem
629 5623 956 5692 imperatore
991 5623 1227 5676 donatus
1255 5633 1358 5676 est.
1389 5621 1501 5676 Nec
1531 5623 1705 5678 multo
1740 5633 1864 5693 post
1909 5639 2034 5680 cum
2073 5623 2382 5679 orationem
2423 5623 2821 5693 composuisset
2877 5626 2948 5683 de
2997 5626 3279 5687 laudibus
3319 5627 3564 5680 \tauricii

584 5715 826 5778 Parnm.
897 5716 1011 5778 Gn.
1061 5714 1403 5777 LXXXVI.
3165 5724 3270 5785 ’⁵Ξύ
