3940 6202
435 282 565 347 2m
1581 281 1966 344 EVAGRIUS
2004 281 2559 342 SCHOLASTICUS
3544 291 3665 358 ens

436 394 663 470 Augusti
702 393 772 446 ob
811 391 1046 445 natalem
1078 390 1373 445 Theodosii
1410 392 1742 447 nobilissimi
1771 392 1955 462 pueri,
2002 392 2284 447 codicillos
2317 392 2658 462 prmfectura:
2685 391 2752 447 ab
2799 392 2994 447 eodem
3044 393 3309 448 Mauricio
3351 400 3571 468 accepit,
3604 417 3656 462 ut

437 491 550 560 ipse
579 487 632 541 in
663 483 892 554 Epilogo
911 482 1159 536 Historia:
1182 497 1294 535 sum
1328 491 1580 536 testatur.
1605 483 1783 536 Verba
1814 481 2035 551 Evagrii
2065 480 2144 534 sic
2176 481 2569 550 interpretatus
2589 491 2673 535 est
2696 479 3269 549 Christopborsonus:
3301 500 3320 533 ι
3351 481 3453 537 Pro
3473 486 3654 554 quibus

434 578 575 631 duos
610 570 841 626 honoris
869 569 1073 639 gradus
1109 569 1391 622 consecuti
1423 584 1615 623 sumus
1648 584 1661 621 :
1703 579 2036 638 quaisturam
2070 583 2100 620 a
2130 567 2353 622 Tiberio
2390 566 2772 633 Constantino,
2802 577 2859 621 et
2891 584 3091 621 munus
3122 568 3426 623 tabularum
3452 586 3651 630 servan-

434 666 653 719 darum.
690 659 743 711 in
785 656 988 726 quibus
1020 655 1406 724 praefectorum
1438 657 1661 711 nomina
1694 656 2163 720 inscribebantur,
2200 671 2231 709 a
2270 654 2533 709 Mauricio
2565 655 2810 709 Tiberio.
2849 677 2866 706 ι
2903 655 3035 721 Qua:
3071 656 3291 724 quidem
3320 672 3479 725 prava
3504 660 3648 715 inter-

432 747 671 818 pretatio
706 743 972 813 imposuit
996 741 1241 797 Gerardo
1270 742 1458 797 Vossio
1492 752 1549 798 et
1578 744 1830 813 Philippo
1877 744 2133 799 Labbaao.
2162 743 2296 797 Nam
2326 742 2551 797 Vossius
2572 742 2794 812 quidem
2831 742 2886 797 in
2915 744 3058 797 libro
3085 743 3159 796 De
3187 744 3438 797 historicis
3463 745 3642 812 Crazcis,

432 836 920 908 Christophorsoni
965 834 1219 905 vestigiis
1266 835 1549 901 insistens,
1600 838 1674 892 ita
1706 837 1841 892 dicit
1871 856 1883 892 :
1917 855 1933 887 ι
1965 838 2073 892 Pro
2101 837 2318 891 duobus
2356 845 2539 891 autem
2589 837 2741 891 hisce
2786 836 2946 892 libris
2984 837 3062 892 ait
3103 837 3323 907 gemino
3371 854 3426 892 se
3461 839 3639 898 honore
3732 891 3745 902 .

432 944 553 983 esse
590 925 872 981 allectum.
909 921 1044 977 Nam
1074 937 1104 976 a
1145 922 1374 978 Tiberio
1405 922 1770 979 Constantino
1812 932 2089 994 quzcstura
2135 924 2306 978 fuisse
2342 934 2599 979 ornatum
2632 943 2645 977 :
2675 925 2769 979 sed
2797 942 2825 978 a
2864 924 3127 979 Mauricio
3152 937 3490 981 consecutum
3516 943 3638 995 esse,

434 1026 495 1070 ut
530 1013 757 1069 Tabulis
790 1011 1032 1081 publicis
1076 1020 1357 1079 praeesset.
1392 1030 1411 1062 ι
1447 1011 1736 1082 Philippus
1764 1021 1951 1067 autem
1979 1012 2249 1067 Labbteus
2300 1012 2352 1066 in
2407 1012 2788 1067 Dissertationc
2828 1014 2889 1065 de
2920 1014 3262 1084 scriptoribus
3302 1013 3637 1080 ecclesiasticis,

433 1103 746 1158 versionem
796 1098 1288 1166 Christophorsoni
1329 1098 1411 1153 sic
1442 1097 1796 1168 interpolavit
1825 1118 1837 1152 :
1884 1118 1902 1151 ι
1936 1099 2116 1169 Seque
2144 1098 2285 1152 duos
2313 1099 2541 1155 honoris
2565 1100 2770 1171 gradus
2810 1100 2887 1155 ait
2922 1108 3281 1155 consecutum
3312 1120 3326 1155 :
3354 1110 3410 1155 et
3439 1102 3645 1170 primum

433 1208 462 1245 a
499 1188 725 1245 Tiberio
766 1185 1132 1242 Constantino
1169 1185 1237 1239 ad
1283 1196 1619 1256 quaesturam
1664 1196 1954 1253 evectum;
2004 1197 2119 1242 tum
2157 1203 2185 1241 a
2222 1186 2485 1240 Mauricio
2522 1202 2726 1241 munus
2756 1188 3012 1253 adeptum
3060 1186 3449 1241 servandarum
3480 1186 3650 1241 Tabu-

432 1278 632 1340 larum,
681 1275 737 1330 in
777 1273 980 1345 quibus
1019 1288 1128 1327 non
1180 1280 1288 1327 tam
1344 1274 1590 1338 nomina,
1649 1290 1814 1344 quam
1873 1276 1987 1344 ipsa
2038 1273 2426 1344 praefectorum
2464 1285 2585 1327 acta
2630 1274 3098 1328 inscribebantur.
3138 1293 3158 1325 ι
3217 1274 3434 1340 Quanto
3479 1274 3656 1330 melius

432 1364 733 1427 Museulus,
783 1361 879 1431 qui
921 1360 1141 1431 Evagrii
1194 1359 1377 1415 locum
1433 1360 1510 1415 ita
1539 1362 1705 1416 vertit
1748 1382 1762 1416 :
1803 1380 1821 1413 ι
1855 1362 2097 1426 Quarum
2144 1362 2310 1418 etiam
2359 1365 2535 1433 gratia
2589 1363 2727 1418 duas
2771 1364 3070 1435 dignitates
3112 1379 3303 1418 sumus
3343 1364 3607 1418 consecuti
3642 1380 3656 1417 :

421 1451 661 1506 'Tiberio
698 1448 1061 1513 Constantino
1090 1456 1485 1515 quaestoratum
1516 1449 1805 1518 largiente,
1840 1448 2103 1503 Mauricio
2133 1464 2263 1504 vero
2298 1449 2519 1504 Tiberio
2548 1451 2763 1505 litteras
2792 1450 3155 1519 hyparchicas
3178 1450 3478 1504 mittente.»
3511 1449 3661 1505 Codi-

434 1539 590 1593 cillos
622 1535 960 1606 praefecturae
984 1534 1158 1588 voluit
1188 1534 1400 1598 dicere,
1444 1548 1585 1604 quos
1625 1536 1805 1591 Latini
1847 1538 2011 1591 etiam
2040 1532 2252 1590 litteras
2289 1536 2587 1606 appellant,
2624 1544 2685 1590 ut
2708 1537 2818 1607 jam
2856 1537 3066 1606 pridem
3093 1536 3384 1590 observavi
3420 1536 3471 1590 in
3492 1536 3663 1591 Adno-

434 1623 736 1680 tatienibus
781 1622 848 1677 ad
888 1622 1235 1675 Ammianum
1290 1622 1689 1677 Marcellinum.
1741 1623 1879 1678 Hinc
1908 1633 1993 1678 est
2017 1623 2165 1694 quod
2200 1624 2471 1694 Evagrius
2505 1623 2562 1677 in
2598 1623 2758 1678 titulo
2799 1623 3162 1678 Ilistoriarum
3193 1639 3445 1688 suarum,
3482 1640 3537 1680 se
3565 1625 3664 1679 ἀπὸ

431 1715 686 1782 ἐπάρχων
728 1709 985 1778 appellat,
1016 1722 1084 1763 eo
1106 1708 1257 1778 quod
1295 1709 1566 1764 codicillis
1600 1711 1911 1766 honorarice
1945 1712 2285 1781 pratfccturae
2317 1713 2385 1766 ab
2414 1712 2749 1781 imperatore
2773 1712 3010 1766 donatus
3036 1710 3251 1766 fuisset.
3289 1712 3667 1783 Ediditpostea

434 1798 578 1853 idem
628 1796 897 1865 Evagrius
927 1810 1022 1850 sex
1064 1795 1239 1851 libros
1286 1795 1536 1851 Historia:
1579 1797 1964 1861 ccclesiasticw,
2009 1814 2244 1854 exorsus
2275 1799 2345 1853 ab
2390 1799 2457 1853 iis
2508 1798 2853 1868 temporibus
2885 1800 2940 1853 in
2981 1800 3183 1869 quibus
3216 1799 3578 1855 Theodoritus
3609 1814 3668 1855 ac

433 1888 689 1940 Socrates
733 1883 1032 1947 desierant,
1078 1882 1133 1937 id
1174 1890 1259 1938 est
1299 1884 1369 1939 ab
1414 1884 1691 1954 Ephesina
1744 1885 1954 1956 synodo
1985 1885 2042 1940 in
2089 1902 2198 1955 qua
2239 1888 2533 1941 damnatus
2558 1902 2624 1940 ac
2656 1885 2941 1956 depositus
2968 1896 3055 1942 est
3093 1888 3406 1952 Nestorius,
3434 1888 3500 1942 ab
3534 1903 3672 1942 anno

432 1977 649 2032 scilicet
692 1973 899 2030 Christi
940 1974 1064 2038 451,
1109 1989 1341 2043 eamque
1384 1974 1449 2029 ad
1501 1973 1892 2029 duodecimum
1933 1974 2177 2029 Mauricii
2230 1973 2581 2043 imperatoris
2624 1989 2829 2027 annum
2883 1974 3163 2044 perduxit,
3212 1975 3310 2044 qui
3360 1974 3463 2029 fuit
3506 1989 3673 2029 annus

432 2066 631 2121 natalis
683 2061 955 2118 Dominici
1003 2061 1128 2118 594.
1160 2062 1323 2117 Certe
1357 2063 1411 2117 in
1457 2064 1554 2117 lib.
1598 2080 1674 2127 ιιι,
1724 2079 1846 2134 cap.
1893 2065 1982 2129 55,
2023 2062 2094 2117 de
2141 2062 2346 2117 Severo
2398 2060 2770 2117 Antiochense
2800 2063 3065 2132 episcopo
3102 2064 3365 2133 loquens,
3404 2079 3512 2134 quo
3541 2072 3671 2119 tem-

434 2168 568 2224 pore
617 2152 720 2206 ista
760 2150 1061 2211 scribebat,
1111 2166 1316 2204 annum
1353 2150 1829 2206 Antiochenorum
1863 2151 2033 2205 fuisse
2072 2149 2209 2204 dicit
2244 2149 2369 2203 641.
2409 2147 2545 2203 Cum
2586 2148 2751 2218 igitur
2782 2164 2891 2202 mra
2944 2150 3423 2205 Antiochenorum
3463 2159 3583 2205 octo
3621 2158 3697 2209 et.

431 2242 795 2314 quadraginta
844 2239 1004 2295 annis
1044 2240 1280 2293 natalem
1317 2239 1523 2295 Christi
1560 2249 1891 2305 antevertat,
1927 2237 2181 2294 deductis
2207 2251 2274 2291 ex
2303 2235 2410 2290 hoc
2439 2251 2670 2291 numero
2695 2236 2854 2291 annis
2884 2236 2973 2300 48,
3002 2246 3248 2293 remanet
3279 2252 3461 2293 annus
3482 2237 3675 2293 Christi

433 2331 534 2386 594
600 2330 748 2384 Idem
788 2328 955 2383 etiam
1005 2326 1296 2381 coniicitur
1322 2342 1387 2381 ex
1421 2342 1541 2397 cap.
1574 2328 1665 2394 29,
1696 2328 1793 2382 lib.
1843 2343 1915 2390 tv,
1966 2325 2060 2380 ubi
2093 2322 2286 2378 scribit
2324 2323 2612 2392 Evagrius,
2649 2322 2780 2376 dum
2823 2323 2925 2377 ista
2961 2324 3164 2379 litteris
3196 2326 3509 2388 mandaret,
3541 2326 3675 2378 luem

434 2420 579 2474 illam
612 2415 977 2487 inguinariam
1012 2429 1134 2482 qua:
1181 2421 1354 2468 totum
1399 2414 1590 2467 orbem
1638 2413 1996 2484 pervastavit,
2046 2411 2205 2466 annis
2245 2411 2356 2482 jam
2404 2410 2623 2464 duobus
2667 2421 2723 2465 et
2768 2411 3167 2482 quinquaginta
3201 2422 3509 2483 grassatam
3539 2427 3676 2467 esse.

431 2506 681 2562 Grassari
724 2513 906 2558 autem
936 2512 1176 2571 eruperat
1202 2502 1318 2556 hinc
1357 2501 1478 2557 lues
1510 2502 1739 2557 biennio
1773 2512 1899 2573 post
1923 2510 2140 2570 captam
2169 2514 2199 2552 a
2241 2498 2423 2553 Persis
2450 2498 2819 2564 Antiochiam,
2867 2499 2973 2554 hoc
3003 2509 3087 2555 est
3130 2517 3285 2556 anno
3323 2501 3524 2556 Christi
3563 2500 3701 2557 542..

432 2593 531 2647 Cui
563 2606 833 2647 annorum
863 2604 1099 2643 numero
1129 2588 1175 2642 si
1204 2589 1345 2643 duos
1373 2590 1851 2659 etquinquaginta
1875 2603 2052 2643 annos
2076 2585 2367 2656 adjeccris,
2399 2586 2492 2653 lict
2517 2604 2696 2641 annus
2725 2588 2931 2642 Christi
2963 2589 3087 2644 594.
3112 2588 3397 2645 Cieterum
3419 2588 3687 2644 laudanda

431 2688 516 2734 cst
552 2679 606 2733 in
641 2677 834 2748 primis
866 2675 1083 2745 Evagrii
1127 2674 1434 2744 diligentia,
1467 2674 1561 2744 qui
1592 2689 1717 2731 cum
1753 2675 2044 2729 Historiam
2073 2674 2506 2728 Ecclesiasticam
2534 2676 2779 2730 scribere
2811 2692 3103 2746 aggressus
3137 2688 3319 2745 esset,
3355 2690 3686 2749 quzecunque

433 2767 499 2821 ad
538 2765 592 2820 id
635 2771 1021 2835 argumentum
1072 2763 1416 2831 Spectabant,
1462 2779 1530 2817 ex
1563 2762 1787 2832 optimis
1839 2763 2208 2832 scriptoribus
2265 2765 2506 2834 collegit,
2555 2774 2685 2835 puta
2737 2781 2805 2819 ex
2854 2766 3062 2828 Prisco,
3111 2766 3364 2834 Joanne,
3409 2766 3688 2830 Zacharia,

436 2851 749 2915 Eustathio,
793 2858 850 2904 et
895 2850 1165 2918 Procopio
1212 2848 1554 2904 rhetoribus.
1621 2850 1808 2920 Stylus
1853 2865 2073 2920 quoque
2111 2854 2229 2922 ejus
2258 2869 2367 2906 non
2401 2853 2794 2922 improbandus
2823 2862 2930 2908 est.
2961 2854 3138 2909 liabet
3181 2858 3345 2910 enim
3373 2857 3691 2925 elegantiam

434 2952 491 2996 et
527 2946 897 3000 venustatem,
934 2945 996 2990 ut
1039 2945 1273 2991 testatur
1305 2938 1471 2992 etiam
1512 2937 1761 2993 Photius.
1800 2937 1908 2992 Sed
1954 2939 2102 3010 quod
2143 2940 2421 3009 pnecipue
2466 2941 2522 2995 in
2561 2942 2795 3012 Evagrio
2833 2943 3165 2998 laudandum
3210 2954 3327 3010 est,
3380 2961 3446 2999 ex
3492 2943 3693 2999 Grcccis

436 3030 826 3088 ecclesiaStieae
869 3027 1122 3083 Historiae
1157 3026 1552 3097 scriptoribus,
1599 3028 1751 3084 solus
1786 3029 1876 3084 hic
1918 3039 2081 3085 rectae
2110 3032 2233 3086 lldei
2267 3033 2573 3088 doctrinam
2605 3034 2876 3103 integram
2909 3043 3075 3103 atque
3115 3035 3393 3090 illibatam
3435 3036 3693 3102 servavit,

440 3130 499 3175 ut
522 3128 647 3190 post
667 3118 926 3173 Photium
955 3114 1275 3169 observavit
1304 3114 1579 3171 Batonius
1605 3116 1659 3170 in
1693 3116 2009 3172 Annalibus.
2038 3119 2175 3173 lllud
2203 3129 2384 3176 tamen
2414 3121 2469 3175 in
2492 3136 2560 3176 eo
2588 3122 3083 3191 reprehensionem
3110 3132 3390 3188 meretur,
3417 3124 3564 3193 quod
3585 3139 3687 3177 non

437 3214 645 3263 tantam
676 3204 1014 3274 diligentiam
1041 3202 1295 3256 adhibuit
1324 3203 1380 3257 in
1411 3204 1810 3274 conquirendis
1835 3206 2181 3275 antiquitatis
2212 3207 2603 3262 ecclesiasticae
2632 3210 3026 3272 monumentis,
3059 3221 3333 3278 quantam
3364 3211 3420 3264 in
3452 3209 3695 3280 legendis

436 3293 686 3364 profanis
727 3288 1113 3359 scriptoribus.
1166 3289 1330 3344 Certe
1376 3300 1527 3345 totus
1579 3290 1696 3345 fere
1746 3292 1890 3346 liber
1940 3301 2128 3347 sextus
2170 3294 2224 3346 in
2280 3293 2411 3347 belli
2474 3294 2680 3348 Persici
2726 3296 3043 3349 narratione
3090 3299 3472 3351 consumitur.
3517 3298 3699 3368 Stylus

435 3388 702 3447 praeterea
736 3377 1016 3447 plerisque
1047 3376 1101 3429 in
1127 3376 1267 3431 locis
1303 3376 1573 3431 redundat
1598 3393 1671 3441 ac
1691 3379 1956 3444 luxuriat,
1983 3388 2043 3434 ut
2068 3388 2215 3434 recte
2239 3379 2509 3450 judicavit
2539 3382 2769 3435 Photius
2798 3382 2850 3435 in
2879 3382 3228 3438 Bibliotheca.
3258 3384 3435 3456 Cujus
3458 3401 3697 3455 περιττο-

437 3468 623 3535 λογίας
661 3464 972 3533 exemplum
1015 3464 1188 3517 habes
1226 3464 1281 3517 in
1316 3479 1436 3533 cap.
1471 3466 1528 3529 2,
1577 3465 1675 3520 lib.
1710 3482 1748 3530 ι,
1790 3466 1884 3520 ubi
1925 3466 1993 3521 de

2146 3468 2286 3521 torio
2319 3468 2393 3521 ita
2430 3467 2566 3521 dicit
2613 3487 2625 3523 :
2672 3469 2734 3521 'H
2774 3469 3038 3540 Θεομάχος
3072 3470 3325 3539 γλῶσσα,
3364 3474 3427 3525 τὸ
3477 3474 3700 3539 Καῖάςρα

437 3554 691 3622 δεύτερον
740 3551 1038 3619 συνέδριον,
1082 3558 1225 3616 etc.;
1273 3559 1330 3605 et
1371 3552 1427 3604 in
1473 3567 1595 3620 cap.
1643 3552 1698 3613 5,
1742 3552 1839 3606 lib.
1884 3568 1942 3616 ιι,
1980 3569 1993 3606 ι

2147 3556 2395 3623 .cmplum
2441 3553 2653 3609 Sanctae
2694 3556 3015 3624 Euphemia:
3063 3556 3347 3615 describit
3386 3560 3539 3630 quod
3586 3569 3703 3615 erat

434 3639 806 3703 Chalcedone,
837 3648 892 3692 et
932 3638 1057 3691 aliis
1088 3638 1142 3691 in
1174 3638 1314 3692 locis
1337 3655 1457 3707 quae
1495 3640 1777 3694 studiosus
1799 3640 1970 3694 lector
2001 3655 2097 3709 per
2130 3655 2189 3694 se
2216 3640 2333 3709 ipse
2374 3640 2534 3695 facile
2569 3642 3119 3699 ohservabit.‘Porro
3148 3647 3462 3703 Historiam
3491 3645 3704 3717 Evagrii

437 3729 651 3798 primus
692 3726 940 3781 omnium
988 3725 1260 3779 Robertus
1309 3726 1623 3795 Stephanus
1660 3727 1849 3781 Graece
1880 3726 2054 3781 edidit
2084 3743 2153 3781 ex
2195 3728 2357 3783 unico
2387 3729 2573 3783 codice
2608 3746 2710 3784 ms.
2754 3730 3101 3786 bibliotheca:
3142 3733 3361 3805 Regiae,
3408 3735 3705 3789 admodum

438 3824 680 3877 recente,
731 3828 832 3868 nec
869 3812 1025 3866 valde
1081 3812 1249 3867 bono.
1298 3814 1556 3868 Pluribus
1598 3814 1745 3867 enim
1792 3815 1845 3867 in
1887 3814 2025 3868 locis
2069 3830 2298 3869 mancus
2338 3826 2423 3870 est
2471 3832 2537 3871 ac
2575 3818 2827 3871 mutilus.
2873 3820 2986 3873 Nos
3033 3836 3174 3881 vero
3206 3838 3278 3875 ex
3319 3823 3544 3878 duobus
3576 3837 3703 3876 mss.

437 3903 659 3970 optima:
702 3910 849 3955 nota:
879 3899 1185 3980 codicibus,
1226 3899 1517 3954 Historiam
1548 3902 1767 3972 Evagrii
1810 3909 1889 3955 tot
1926 3903 1978 3956 in
2013 3902 2147 3958 locis
2177 3906 2596 3960 cmendavimus
2622 3922 2687 3962 ac
2720 3909 3123 3977 supplevimus,
3169 3922 3235 3965 ut
3282 3928 3438 3967 nunc
3465 3913 3703 3981 primum

436 3990 586 4043 edita
629 3989 804 4059 possit
835 3987 1030 4042 videri.
1083 3988 1297 4042 Primus
1335 3989 1440 4043 fuit
1471 3988 1642 4044 codex
1680 3990 2031 4043 Florentinus
2057 4005 2123 4043 ex
2154 3991 2487 4045 bibliotheca
2529 3992 2715 4047 Sancti
2752 3995 3063 4057 Laurentii,
3093 4014 3268 4066 quem
3298 4015 3431 4053 eum
3466 3999 3707 4053 editione

436 4076 742 4132 Ccnevensi
787 4077 1019 4131 contulit
1059 4077 1143 4130 vir
1180 4077 1519 4133 clarissimus
1552 4078 1779 4132 Michael
1822 4078 2122 4141 Erminius,
2163 4087 2219 4130 ct
2260 4078 2438 4131 varias
2478 4081 2599 4149 ejus
2640 4081 2906 4135 lectiones
2939 4098 3103 4136 manu
3139 4101 3244 4138 sua
3294 4087 3607 4155 descriptas
3639 4082 3707 4137 ad

439 4180 525 4219 me
560 4163 731 4218 misit.
770 4162 890 4227 Quo
922 4162 1146 4231 quidem
1190 4165 1414 4219 nomine
1457 4165 1755 4234 plurimum
1804 4166 1856 4219 ei
1904 4180 1990 4219 me
2037 4164 2239 4219 debere
2282 4168 2564 4234 protitcor.
2606 4166 2705 4221 llic
2735 4168 2907 4223 codex
2954 4172 3208 4225 omnium
3264 4173 3492 4243 Evagrii
3531 4187 3706 4227 exelu-

439 4251 670 4320 plarium
704 4250 946 4319 Optimus
966 4259 1050 4304 est
1081 4266 1146 4304 ac
1167 4251 1597 4305 vetustissimus.
1624 4252 1874 4320 Scriptus
1900 4259 1985 4305 est
2010 4252 2156 4305 cnim
2187 4252 2242 4305 in
2274 4253 2607 4307 membranis
2635 4264 2763 4308 ante
2791 4271 2964 4309 annos
2999 4258 3121 4325 plus
3154 4258 3351 4313 minus
3378 4259 3711 4329 quingentos

438 4346 501 4390 ut
544 4335 679 4389 mihi
729 4336 918 4388 retulit
972 4336 1246 4404 αὐτόπτης
1283 4336 1569 4390 Emericus
1597 4337 1860 4406 Bigotius,
1900 4338 1985 4390 vir
2010 4338 2363 4393 doctissimus
2402 4355 2466 4393 ac
2503 4340 2570 4394 de
2606 4340 2809 4395 litteris
2845 4344 3051 4410 Optime
3093 4346 3342 4400 meritus
3379 4364 3392 4399 :
3430 4348 3590 4417 cujus
3621 4347 3711 4399 be-

439 4422 641 4477 neﬁcio
689 4431 854 4490 atque
901 4422 1219 4476 interventu
1261 4437 1427 4491 supra
1473 4432 1803 4479 memoratas
1844 4426 2024 4479 varias
2053 4426 2319 4479 lectiones
2367 4442 2397 4479 a
2453 4426 2716 4482 Michaele
2764 4429 3012 4483 Erminio
3052 4430 3119 4484 ν.
3159 4430 3227 4486 C.
3271 4434 3477 4487 missas
3504 4431 3709 4499 accepi.

438 4511 499 4565 in
530 4509 724 4564 eodem
750 4507 937 4562 codice
962 4508 1277 4563 Florentino
1306 4509 1543 4578 ascripta
1571 4518 1731 4563 erant
1760 4510 1814 4564 in
1849 4514 2091 4583 margine
2121 4513 2328 4567 scholia
2358 4514 2606 4583 quaedam
2640 4531 2751 4570 non
2798 4516 3095 4587 inerudita,
3125 4534 3259 4588 qua:
3303 4535 3413 4574 nos
3446 4521 3504 4574 in
3532 4519 3711 4574 Adno-

441 4594 745 4650 tationibus
782 4594 989 4648 nostris
1036 4609 1136 4649 suo
1183 4594 1305 4649 loco
1335 4596 1642 4651 retulimus.
1671 4595 1944 4652 Caeterum
1978 4600 2287 4654 monendus
2318 4609 2402 4656 est
2438 4602 2633 4667 lector,
2658 4603 2714 4656 in
2740 4603 2844 4657 hoc
2876 4604 3066 4661 codice
3098 4605 3440 4662 Florentino
3472 4605 3713 4662 Socratis

441 4680 768 4739 Scholastici
819 4672 1112 4735 Historiam
1142 4682 1307 4737 etiam
1342 4682 1638 4748 contineri,
1676 4685 1833 4755 cujus
1864 4685 2139 4742 variantes
2168 4687 2436 4743 lectiones
2467 4704 2634 4743 manu
2675 4706 2771 4744 sua
2805 4690 3095 4745 adnotatas
3138 4692 3296 4748 idem
3330 4694 3617 4748 Ermiuius
3647 4690 3711 4743 ad

440 4787 527 4825 me
557 4769 767 4825 dudum
792 4768 1118 4834 transmisit,
1154 4779 1216 4825 ut
1243 4780 1369 4826 ante
1399 4786 1574 4827 annos
1599 4781 1836 4841 quatuor
1862 4782 2095 4829 testatus
2127 4790 2250 4829 sum
2287 4776 2343 4829 in
2372 4791 2436 4830 ea
2470 4777 2798 4832 Prwfatione
2823 4793 2987 4848 quam
3030 4779 3294 4838 Socratis
3326 4799 3395 4838 ac
3426 4778 3713 4837 Sozomeni

439 4857 667 4913 editioni
704 4856 935 4926 praefixi.
981 4855 1271 4912 Secundus
1297 4857 1471 4913 codex
1513 4856 1876 4928 depromptus
1916 4869 2098 4917 estex
2134 4863 2471 4919 bibliotheca
2518 4864 2876 4920 illustrissimi
2910 4867 3197 4924 Antistitis
3226 4869 3423 4925 Caroli
3467 4866 3713 4925 Mauricii

442 4942 694 5005 Tellerii,
746 4942 1038 4997 Remensis
1066 4943 1468 5013 archiepiscopi
1502 4960 1515 4996 :
1549 4957 1658 4998 non
1685 4944 1845 5000 valde
1878 4956 2128 5004 vetustus
2153 4950 2245 5005 ille
2278 4951 2542 5020 quidem;
2580 4952 2758 5006 bonus
2782 4960 2964 5007 tamen
2992 4959 3048 5006 et
3079 4953 3244 5010 docti
3274 4956 3532 5013 hominis
3554 4967 3747 5021 manu.

441 5028 774 5099 descriptus.
810 5026 911 5085 liic
944 5029 1118 5087 codex
1152 5032 1342 5087 multis
1374 5033 1431 5086 in
1461 5030 1597 5087 locis
1634 5046 1831 5103 magno
1855 5034 2017 5091 nobis
2044 5036 2365 5107 adjumento
2398 5036 2523 5103 fuit,
2555 5047 2615 5093 ut
2652 5038 2708 5092 in
2736 5038 3213 5097 Adnotationibus
3240 5046 3462 5101 nostris
3485 5038 3711 5101 subinde

442 5117 808 5174 ostendimus.
