4042 6156
378 248 522 313 2113
1574 247 1937 309 VETERUM

2024 244 2459 305 ESTIMONIA.
3480 242 3620 307 9416

1288 625 1865 719 VETERUM
1924 619 2677 713 TESTIMONIA

1952 829 2022 839 ——-

1153 953 1233 1006 Ex
1258 955 1461 1008 actione
1491 957 1677 1023 quinta
1712 954 1950 1022 septima:
1978 954 2163 1023 synodi
2186 954 2533 1017 mcumcnicw,
2560 967 2680 1023 pag.
2718 954 2840 1008 615.

463 1088 561 1162 ἝκΔ
584 1088 678 1156 τῆς
700 1088 1187 1162 Ἐκκλησιαστικῆς
1218 1089 1479 1162 Ἱστορίας
1506 1086 1897 1162 Εὑαγρίῳηξκ
1922 1086 2016 1143 τοῦ
2044 1089 2303 1156 τετάρτου
2325 1087 2505 1152 λόγου.
2532 1081 2685 1142 Μετὰ
2720 1090 2828 1159 γὰρ
2852 1090 2912 1141 τὸ
2931 1090 3221 1161 προὸαλεῖν
3252 1094 3317 1162 τῇ
3343 1092 3495 1145 πόλει
3525 1094 3616 1148 τὸν

380 1158 656 1227 Χοσρόην,
696 1167 752 1211 ct
778 1166 971 1211 caetera
997 1174 1120 1226 quae
1148 1160 1423 1213 habentur
1451 1160 1505 1212 in
1536 1174 1657 1225 cap.
1692 1157 1780 1221 27,
1815 1157 1911 1210 lib.
1941 1172 2014 1210 ιγ.

1540 1316 1623 1369 Ex
1648 1316 1988 1369 Bibliotheca
2017 1315 2213 1383 Photii,
2256 1334 2373 1387 cap.
2397 1318 2485 1372 ΞΕ).

471 1449 814 1519 ’Ᾱνεγνώσθη
862 1449 1136 1519 Εὑαγρίου
1186 1447 1575 1518 Σχολαστικοῦ,
1614 1450 1722 1502 ἀπὸ
1774 1450 1945 1519 ἑπὰρ-
1981 1457 2024 1512 Α

2020 1503 2024 1512 _
2122 1450 2287 1503 Lecta
2324 1457 2408 1504 est
2465 1450 2683 1519 Evagrii
2741 1449 3061 1505 Scholastici
3119 1446 3449 1515 exprael‘ecti,
3504 1448 3616 1502 nati

383 1563 515 1615 χων,
548 1544 756 1603 πόλεως
794 1543 849 1594 δὲ
893 1540 1223 1609 Ἐπιφανοῦς
1262 1541 1363 1609 τῆς
1409 1542 1549 1593 κατὰ
1601 1541 1699 1609 τὴν
1748 1540 1949 1610 Κοίλην

2050 1542 2355 1611 Epiphania
2412 1542 2549 1595 urbe
2624 1541 2955 1611 C(Blesyriae,
3015 1539 3389 1593 Ecclesiastica
3443 1539 3618 1592 [listo—

384 1635 605 1705 Συρίαν,
636 1632 1140 1700 Ἐκκλησιαστικὴ
1176 1632 1431 1700 Ἰστορία
1454 1634 1510 1684 ὲν
1534 1632 1720 1701 τόμοις
1742 1632 1821 1695 ἓξ,
1854 1634 1950 1703 ἀρ-

2052 1636 2134 1687 ria
2165 1634 2323 1688 libris
2341 1648 2468 1687 sex:
2493 1632 2757 1687 inchoaus
2773 1648 2802 1687 a
2824 1631 2929 1685 line
2956 1630 3201 1685 Socratis
3219 1636 3273 1682 et
3294 1628 3614 1681 Theodorili

384 1730 483 1799 χὴν
516 1728 813 1798 ποιουμένη
844 1726 904 1778 τὸ
926 1726 1077 1788 τέλος
1112 1726 1210 1794 τῆς
1262 1726 1586 1799 Σωκράτους
1626 1726 1721 1777 καὶ
1749 1724 1951 1777 Θεοδω-

2049 1724 2434 1790 llistoriarum,
2494 1727 2921 1794 pertingensque
2993 1722 3059 1775 ad
3113 1719 3358 1774 Mauricii
3411 1734 3614 1772 annum

388 1820 535 1888 ρίτου
581 1817 865 1885 Ἱστορίας,
919 1816 1009 1868 καὶ
1035 1816 1297 1868 κατιοῦσα
1330 1817 1490 1886 μέχρι
1536 1814 1637 1883 τῆς
1672 1815 1949 1884 βασιλείας

2051 1817 2437 1872 duodecimum
2461 1816 2697 1886 imperii.
2728 1814 2911 1886 Stylus
2941 1813 3071 1867 huic
3099 1828 3207 1866 non
3241 1812 3506 1880 ingratus,
3540 1821 3616 1865 ta-

383 1906 713 1974 Μαυρικίου,
728 1904 843 1967 ἔτος
861 1905 1160 1957 δωδέκατον
1182 1906 1239 1957 ὲν
1260 1908 1324 1975 τῇ
1355 1904 1599 1975 βασιλείᾳ
1621 1904 1945 1977 διανιξοντος.

2048 1910 2210 1964 metsi
2246 1908 2523 1963 interdum
2559 1907 2866 1963 redundare
2904 1902 3307 1975 quodammodo
3342 1901 3611 1956 videatur.

386 1997 543 2048 Ἐστι
572 1996 628 2047 δὲ
653 1996 751 2065 τὴν
780 1998 974 2066 φράσιν
1020 1998 1119 2049 οὐκ
1151 1998 1367 2067 ἄχαρις,
1400 2000 1446 2050 εί
1481 1997 1574 2050 καί
1604 2015 1720 2059 πως
1757 2013 1948 2065 περιτ-

2049 2002 2251 2055 Verum
2282 2001 2339 2053 in
2375 2001 2689 2069 dogmatum
2715 1999 2945 2054 veritate
2984 1996 3194 2052 ueteris
3223 1993 3504 2048 historicis
3526 2009 3617 2047 ac-

382 2086 636 2137 τειῐεσθαι
664 2086 835 2139 ἐνίοτε
873 2088 1055 2140 δοκεῖ’
1094 2089 1151 2140 ἐν
1203 2088 1259 2140 δὲ
1313 2090 1378 2158 τῇ
1414 2088 1521 2140 τῶν
1550 2087 1835 2157 δογμάτων
1860 2087 1950 2157 ὀρ-

2049 2094 2291 2148 curatior
2313 2100 2415 2147 est.
2440 2091 2615 2147 llabet
2636 2099 2819 2146 autem
2850 2102 2905 2146 et
2924 2090 2992 2146 de
3014 2086 3343 2159 imaginibus
3368 2085 3612 2154 quaedam

383 2177 566 2245 Οότητι
597 2178 827 2247 ἀκριϐὴς
852 2177 958 2231 τῶν
992 2178 1167 2232 ἄλλων
1205 2179 1401 2247 μᾶλλον
1452 2178 1761 2245 ἱστορικῶν.
1793 2177 1949 2246 Ἔχει

782 2195 827 2247 1;
852 2177 958 2231 τῶν
992 2178 1167 2232 ἄλλων
1205 2179 1401 2247 μᾶλλον
1452 2178 1761 2245 ἱστορικῶν.
1793 2177 1949 2246 Ἔχει
2050 2185 2378 2241 testimonia.

383 2271 440 2321 δὲ
467 2270 557 2321 καὶ
588 2272 812 2340 χρήσεις
838 2271 967 2340 περὶ
997 2273 1238 2324 εἰκόνων.

1423 2429 1741 2501 Nicephorius
1790 2426 2042 2482 Callistus
2079 2426 2131 2477 in
2166 2424 2257 2482 lib.
2294 2441 2331 2489 ι,
2367 2442 2483 2495 cap.
2524 2426 2572 2479 1.

460 2558 722 2627 Deinceps
745 2573 879 2613 vero
909 2559 1228 2615 Theodorus
1259 2562 1434 2617 lector
1463 2561 1778 2633 Byzantius,
1808 2568 1865 2614 et
1889 2556 2125 2612 Basilius
2148 2554 2311 2621 Cilix,
2338 2566 2394 2611 et
2414 2556 2774 2627 expraafectus
2799 2556 3086 2627 Evagrius,
3118 2554 3467 2624 superiorum
3491 2560 3618 2605 ante

386 2648 536 2716 ipsos
577 2654 884 2714 temporum
920 2663 1008 2701 res
1046 2650 1443 2718 praatergressi,
1477 2661 1531 2703 et
1566 2657 1812 2717 tempora
1855 2663 1952 2701 sua
1986 2645 2122 2714 stle
2165 2646 2460 2713 prosecuti,
2497 2660 2688 2697 eorum
2725 2660 2865 2713 quos
2902 2643 3064 2697 modo
3096 2642 3333 2695 diximus
3364 2638 3620 2693 llistoriis

384 2748 513 2787 suas
559 2734 981 2801 coniunxerunt,
1027 2734 1398 2792 diﬂicultatem
1443 2736 1883 2790 reformidantes.
1930 2732 2191 2788 Nonnulli
2252 2734 2481 2788 etiame
2538 2734 2650 2787 vita
2697 2734 2840 2789 inter
2880 2732 3231 2787 scribendum
3269 2730 3617 2793 excedentes,

385 2820 695 2873 institutum
729 2836 865 2888 opus
894 2821 1115 2875 minime
1151 2823 1584 2891 compleverunt.
1620 2822 1737 2891 Ipse
1768 2822 1990 2891 quidem
2031 2822 2298 2893 Evagrius
2326 2822 2767 2892 Epiphaniensis,
2800 2822 3096 2875 Historiam
3127 2835 3299 2889 usque
3326 2817 3391 2871 ad
3417 2815 3618 2872 Justini

380 2915 601 2959 atatem
640 2906 882 2969 deducit,
921 2909 1150 2963 maxima
1181 2925 1246 2962 ex
1278 2918 1432 2978 parte
1473 2926 1560 2963 res
1592 2910 1847 2979 profanas
1888 2918 2131 2964 tractans
2161 2928 2174 2963 :
2212 2926 2442 2979 quarum
2473 2917 2792 2979 argumenta
2826 2917 2882 2963 et
2913 2909 3198 2964 materiam
3231 2922 3298 2961 ex
3330 2902 3619 2959 Eustathio

383 2992 551 3062 Syro,
594 2992 832 3055 Zosimo,
878 2995 1083 3059 Prisco,
1129 2995 1358 3061 Joanne,
1404 2997 1675 3065 Procopio
1710 2996 2054 3061 Caesariensi,
2103 2998 2351 3067 Agathia,
2386 2997 2478 3066 qui
2520 2997 2625 3051 illis
2668 2997 3008 3065 temporibus
3037 2996 3300 3051 continua
3352 2990 3495 3047 serie
3534 2989 3618 3042 iu-

380 3081 566 3150 signes
616 3080 765 3135 luere
809 3091 1074 3151 oratores,
1125 3092 1178 3137 et
1210 3090 1475 3152 prmterea
1510 3101 1573 3139 ex
1610 3085 1733 3138 aliis
1778 3100 1889 3138 non
1930 3085 2263 3153 pcnuiteudis
2300 3082 2577 3139 historicis
2615 3083 2912 3153 decerpsit.

1605 3239 1751 3292 Idem
1796 3240 1848 3291 in
1890 3239 1982 3292 lib.
2024 3256 2279 3307 κτησίῳ.
2310 3240 2400 3293 51.

455 3362 583 3426 Quae
619 3376 748 3414 vero
777 3362 842 3415 de
878 3362 1078 3417 Severo
1117 3364 1387 3435 Evagrius
1434 3367 1865 3437 Epiphaniensis
1899 3369 2176 3422 memoria:
2206 3369 2782 3442 mandaverit,verbis
2812 3369 2903 3426 hic
2936 3369 3056 3441 ejus
3085 3382 3377 3440 apponam.
3413 3368 3621 3426 Scribit

382 3450 533 3503 enim
573 3451 640 3505 ad
681 3450 828 3505 hunc
879 3453 1143 3509 modum:
1186 3455 1253 3511 Et
1301 3464 1491 3512 uetera
1544 3472 1665 3525 qua:
1700 3463 1915 3511 exstant
1958 3455 2013 3509 in
2060 3454 2157 3510 lib.
2198 3472 2251 3511 Ill
2297 3458 2537 3529 Evagrii,
2583 3474 2701 3527 cap.
2736 3459 2823 3513 54.
