3940 6202
311 275 432 340 2417

1246 263 1628 325 HISTORle
1667 253 2260 322 ECCLESIASTICKE
2302 250 2536 312 LIBER
2573 248 2621 306 Ι.

3407 237 3552 298 Ξλί-ἷδ

373 385 442 442 Ε⁶.
487 385 575 448 Ὧς
628 381 767 449 μετὰ
818 378 980 432 πέντε
1013 378 1228 448 ἡμέρας
1273 376 1442 430 ἐλθὼν
1471 379 1498 428 ὁ
1542 371 1869 444 Ἀντιοχείας

2043 368 2106 422 V.
2168 363 2458 432 Quomodo
2523 361 2764 416 Joannes
2825 353 3212 410 Antiochensis
3265 353 3558 422 episcopus

323 479 564 545 Ἰωάννης
609 473 864 542 καθαιρεῖ
911 468 1177 540 Κύριλλον
1208 468 1298 522 τδν
1353 465 1754 536 Ἀλεξανδρείας
1781 463 1876 517 καὶ

311 574 557 638 Μέμνονα
581 567 672 620 τὸν
715 565 968 632 Ἐιρέσουο
996 561 1088 624 οὓς
1124 564 1156 632 ἡ
1189 560 1404 621 σύνοδος
1433 559 1594 612 πάλιν
1623 557 1874 628 ὴθὼωσε,

311 659 608 714 καθελοῦσα
650 655 907 724 Ἰωάννην
942 653 1034 704 καὶ
1073 652 1198 714 τοὺς
1229 652 1344 720 μετ’
1377 649 1566 702 αὐτοῦ·
1603 649 1697 702 καὶ
1731 649 1878 712 ὅπως

309 753 388 805 6.3:
432 749 712 804 Θεοδοσίου
757 747 850 800 τοῦ
899 745 1164 816 βασιλέως
1212 741 1568 813 συμϐαίνουσι
1612 741 1882 811 Κύριλλος

313 843 400 897 καὶ
443 843 732 910 Ἰωάννης,
779 837 1131 908 κυρώσαντες
1179 833 1260 886 ἔτι
1309 834 1401 887 καὶ
1435 832 1530 904 τὴν
1581 833 1879 904 Νεστορίου

313 935 644 1004 καθαίρεσιν.

381 1111 468 1176 τῖ’.
497 1106 634 1176 Περὶ
671 1105 894 1158 Παύλου
942 1101 1034 1156 τοῦ
1082 1101 1336 1170 Ἐμέσης,
1365 1102 1445 1164 εἰς
1480 1099 1884 1171 Ἀλεξάνδρειαν

315 1200 574 1263 ἔλθὸντος·
599 1199 694 1252 καὶ
733 1197 957 1258 Επαινος
991 1195 1261 1265 Κυρίλλου
1295 1192 1382 1246 διὰ
1421 1193 1520 1264 τὴν
1572 1191 1884 1262 ἐπιστολήν.

389 1379 461 1430 Z’.
514 1369 617 1428 Οἷα
659 1375 688 1426 ὁ
721 1370 988 1439 δυσσεϐὴς
1041 1371 1336 1439 Νεστόριος
1387 1369 1713 1422 πεπονθέναι
1761 1369 1889 1440 περὶ

314 1469 474 1522 αὑτοῦ
501 1466 724 1537 γράφει,
756 1464 850 1516 καὶ
897 1462 972 1524 ὡς
1021 1460 1260 1530 σκώληξι
1285 1459 1384 1528 τὴν
1419 1459 1666 1528 γλῶτταν
1709 1461 1770 1513 τὸ
1805 1477 1890 1512 τε-

311 1563 550 1614 λευταῖον
599 1557 850 1629 βρωθεὶς,
881 1557 958 1618 εἰς
998 1555 1192 1609 Ὄασιν
1229 1554 1506 1626 ἀπέρρηξε
1538 1554 1640 1625 τὴν
1686 1553 1884 1624 ψυχήν.

383 1650 463 1708 II'.
515 1650 602 1713 Ὠς
652 1649 791 1718 μετὰ
841 1647 1136 1717 Νεστόριον
1171 1645 1556 1715 Μαξιμιανὸς,
1609 1647 1703 1698 καὶ
1753 1644 1892 1714 μετὰ

313 1743 494 1796 ταῦτον
519 1743 786 1812 Πρόκλος,
819 1737 937 1793 εἶτα
964 1740 1262 1804 Φλαῦιανὸς
1295 1740 1522 1810 γίνεται.

378 1921 455 1974 Θ’.
490 1921 630 1991 Περὶ
657 1920 750 1972 τοῦ
775 1919 1071 1990 δυστυχοῦς
1105 1919 1402 1991 Εὖτυχοῦς,
1433 1922 1527 1974 καὶ
1556 1923 1702 1986 ὅπως
1739 1923 1890 1996 παρὰ

311 2012 398 2067 τοῦ
433 2011 1061 2076 Κωνσταντινουπόλεως
1099 2012 1380 2084 καθῃρέθη
1440 2013 1763 2080 Φλαὸιανοῦ,
1799 2017 1892 2070 καὶ

314 2105 436 2173 περὶ
463 2103 562 2172 τῆς
595 2105 654 2155 ἐν
701 2104 913 2172 Ἐφέσῳ
955 2103 1214 2173 δευτέρας
1241 2105 1540 2176 λῃστρικῆς
1577 2107 1818 2164 συνόδου.

381 2195 432 2246 I'.
469 2194 611 2246 Ὅσα
646 2195 796 2262 παρὰ
827 2194 920 2246 τοῦ
955 2195 1254 2264 Διοσκόρου
1313 2197 1406 2248 καὶ
1455 2198 1774 2270 Χρυσαφίου
1829 2201 1892 2252 τὸ

311 2285 620 2354 παράλογον
649 2288 706 2338 ἐν
750 2285 962 2356 Ἐφέσῳ
996 2286 1274 2357 συνέδριον
1299 2287 1651 2358 διεπράξατο.

379 2378 483 2430 ιλιι.
531 2377 820 2445 Ἀπολογία
847 2377 937 2430 τοῦ
969 2379 1330 2446 συγγραφέως
1363 2380 1502 2448 ὑπὲρ
1532 2381 1640 2435 τῶν
1666 2385 1724 2436 ἐν
1761 2385 1892 2454 ἡμῖν

309 2466 604 2534 διαφορῶν,
635 2469 728 2520 καὶ
761 2467 1080 2534 κατάγελως
1115 2467 1224 2520 τῶν
1258 2469 1588 2540 Ἑλληνικῶν
1621 2469 1818 2528 ΰθλων.

385 2558 482 2611 ω’.
519 2559 710 2622 Ὅπως
762 2560 788 2611 ὁ
844 2559 1100 2629 βασιλεὺς
1133 2560 1411 2625 Θεοδόσιος
1462 2563 1562 2633 τὴν
1595 2563 1892 2634 Νεστορίου

309 2651 520 2718 αἵρεσιν
551 2649 870 2704 ἀπελαύνει.

382 2741 481 2795 II".
511 2741 646 2810 Περὶ
669 2739 762 2793 τοῦ
796 2742 952 2808 ἁγίου
984 2741 1210 2813 Συμεὼν
1236 2745 1328 2798 τοῦ
1361 2747 1638 2802 Στυλίτου.

383 2834 480 2884 ω’.
523 2833 662 2900 Περὶ
692 2831 785 2884 τοῦ
835 2833 1098 2890 πολλάκις
1126 2838 1450 2906 φαινομένου
1484 2840 1712 2910 ἀστέρος
1741 2843 1802 2894 ἐν
1829 2846 1892 2912 τῇ

311 2927 442 2991 περὶ
477 2925 567 2978 τὸν
597 2927 918 3008 κίοναὶστοᾷ
963 2927 1060 2980 τοῦ
1089 2930 1236 2982 ὁσίου
1267 2931 1513 3000 Συμεὼν,
1561 2933 1619 2986 ὃν
1657 2935 1893 3003 ἑωράκει

1981 473 2108 512 cum
2162 467 2290 526 post
2348 455 2606 525 quintum
2668 449 2816 504 dicm
2881 447 3228 509 advenisset,
3291 445 3556 515 Cyrillum

1981 550 2325 608 Alexandria:
2351 557 2408 602 et
2443 547 2786 600 Memnonem
2821 537 3024 609 Ephesi
3057 537 3348 607 episcopos
3387 537 3560 590 desti-

1983 647 2122 702 tuit:
2181 644 2276 714 qui
2325 658 2450 696 mox
2483 655 2513 694 a
2573 635 2782 709 synodo
2839 635 3167 688 innocentes
3219 629 3562 701 pronuntiati

1983 747 2145 803 sunt;
2185 745 2240 790 et
2270 735 2510 790 Joannes
2535 747 2642 784 una
2671 745 2796 783 cum
2827 728 2941 782 suis
2963 726 3254 795 depositus
3285 743 3298 776 :
3335 733 3391 778 ct
3423 739 3564 792 quo-

1985 829 2149 885 modo
2177 827 2416 898 Cyrillus
2471 841 2533 878 ac
2562 823 2802 878 Joannes
2851 821 3164 874 interventu
3215 815 3568 886 imperatoris

1986 918 2284 975 Theodosii
2313 917 2368 970 in
2388 915 2621 986 gratiam
2655 911 2942 974 redierint,
2982 918 3037 964 et
3065 909 3305 964 Nestorii
3346 907 3562 977 deposi-

1989 1014 2194 1074 tionem
2227 1007 2700 1064 conﬁrmaverint.

2057 1101 2145 1157 VI.
2183 1101 2258 1154 De
2287 1097 2458 1154 Paulo
2495 1097 2710 1150 Emesae
2739 1094 3002 1162 episcopo
3033 1091 3128 1160 qui
3179 1089 3566 1144 Alexandriam

1989 1193 2191 1247 missus
2220 1199 2322 1245 est.
2349 1187 2677 1258 thualitcr
2706 1183 2944 1255 Cyrillus
3003 1180 3232 1238 Joannis
3275 1181 3566 1252 epistolam

1987 1287 2253 1342 laudavit.

2061 1378 2172 1433 VII.
2207 1376 2338 1442 Quae
2380 1383 2435 1431 et
2489 1381 2692 1444 quanta
2741 1371 3032 1426 Nestorius
3061 1385 3119 1424 se
3167 1383 3390 1438 passum
3447 1383 3570 1422 esse

1991 1471 2158 1526 dicat.
2191 1470 2260 1524 Et
2289 1466 2566 1536 quomodo
2593 1465 2779 1535 lingua
2815 1463 3034 1518 tandem
3071 1463 3356 1518 vermibus
3386 1477 3566 1524 crosa,

1992 1559 2136 1630 apud
2161 1557 2342 1613 Oasim
2368 1558 2602 1611 insulam
2641 1553 2890 1625 perierit.

2065 1650 2202 1706 YIII.
2235 1647 2524 1715 Quomodo
2557 1654 2681 1716 post
2723 1645 3038 1698 Nestorium
3092 1643 3477 1708 Maximianus,
3515 1653 3572 1697 et

1919 1713 1966 1771 Β
1993 1751 2120 1813 post
2147 1713 2294 1796 hunc
2319 1713 2573 1804 Proclus;
2598 1737 2797 1794 deinde
2831 1736 3126 1792 Flavianus
3151 1735 3398 1804 episcopi
3439 1735 3566 1788 facti

1990 1833 2118 1889 sint.

2060 1927 2153 1983 IX.
2195 1927 2270 1981 De
2297 1924 2638 1980 infortunato
2673 1923 2950 1993 Eutyche:
2981 1929 3038 1976 ct
3067 1919 3344 1992 quomodo
3385 1935 3412 1972 a
3447 1919 3570 1974 Flam

1989 2021 2152 2074 viano
2204 2018 2470 2087 episcopo
2519 2015 2804 2084 depositus
2858 2027 2965 2076 est.
3023 2023 3076 2068 et
3129 2013 3196 2068 dc
3261 2011 3570 2090 latrocinali

1991 2112 2200 2184 synodo
2235 2109 2516 2180 Ephesina
2549 2107 2810 2163 secunda.

2067 2205 2133 2260 Χ.
2167 2205 2300 2270 Quae
2347 2218 2445 2273 per
2495 2201 2816 2256 Dioscorum
2867 2208 2922 2252 et
2966 2198 3370 2268 Chrysaphium
3419 2205 3571 2266 gesta

1993 2295 2104 2352 sint
2132 2295 2188 2348 in
2225 2293 2510 2363 illegitimo
2539 2290 2778 2345 concilio
2809 2289 3112 2358 Ephesino.

2065 2385 2155 2440 XI.
2187 2383 2440 2438 Defensio
2465 2381 2750 2436 varietatis
2779 2381 3102 2448 opinionum
3127 2394 3251 2448 qua:
3274 2389 3401 2432 sunt
3425 2377 3573 2447 apud

1993 2477 2362 2538 Christianos,
2395 2485 2451 2529 et
2481 2473 2688 2528 derisio
2709 2471 3018 2524 fabularum
3045 2471 3358 2540 gentilium.

2064 2571 2182 2624 XII.
2226 2568 2515 2634 Quomodo
2569 2568 2874 2636 imperator
2923 2564 3273 2619 Theodosius
3321 2565 3574 2620 hmrcsim

1995 2663 2234 2718 Nestorii
2261 2660 2594 2731 proﬂigavit.

2065 2755 2205 2809 XIII.
2243 2755 2320 2808 De
2345 2759 2534 2806 sancto
2574 2750 2842 2821 Symeone
2885 2747 3100 2819 Stylita.

2067 2845 2205 2898 XIV.
2239 2843 2315 2896 De
2345 2840 2514 2896 Stella
2562 2854 2683 2908 qua:
2750 2852 2894 2906 saspe
2945 2836 3190 2890 cernitur
3239 2833 3296 2888 in
3351 2833 3572 2903 porticu

1993 2941 2144 3009 juxta
2175 2935 2485 2990 columnam
2526 2929 2832 3003 Symconis,
2869 2943 3032 2999 quam
3090 2927 3330 2995 scriptor
3377 2925 3470 2977 hic
3519 2933 3578 2976 et

305 3023 336 3072 6
363 3019 716 3089 συγγραφεὺς
741 3019 836 3072 καὶ
865 3018 1048 3086 ἄλλοι,
1079 3022 1173 3074 καὶ
1203 3021 1370 3093 αὐτῆς
1397 3024 1494 3094 τῆς
1524 3025 1769 3095 κεφαλῆς
1799 3027 1886 3080 τοῦ

2025 3031 2091 3086 ιίίί
2114 3028 2426 3097 complures
2447 3025 2738 3080 viderunt:
2764 3033 2820 3076 et
2841 3023 2910 3078 de
2936 3021 3112 3091 capite
3133 3021 3178 3091 ej
3191 3017 3378 3074 usdcm
3403 3015 3578 3072 sancti

307 3129 488 3179 αγιου.

387 3205 488 3259 IE'.
537 3205 675 3276 Περὶ
706 3205 800 3259 τοῦ
843 3206 996 3274 ἁγίου
1039 3205 1310 3278 Ἰσιδώρου
1351 3209 1444 3262 τοῦ
1490 3211 1893 3282 Πηλουσιώτου,

311 3299 410 3348 καὶ
437 3297 696 3349 Συνεσίου
728 3297 820 3349 τοῦ
855 3299 1112 3369 Κυρήνης
1145 3300 1472 3354 ἐπισκόπου.
1713 3301 1720 3310 ’

385 3385 504 3451 ις’.
541 3385 731 3448 Ὅπως
755 3389 782 3438 ὁ
812 3387 1070 3458 θεοφόρος
1121 3389 1376 3454 Ἰγνάτιος
1403 3393 1466 3444 ὲκ
1506 3391 1723 3463 Ῥώμης
1762 3394 1898 3446 ἁνα-

316 3475 630 3546 κομισθεὶς,
661 3477 810 3547 παρὰ
850 3478 1133 3532 Θεοδοσίου
1165 3482 1223 3534 ὲν
1277 3482 1578 3552 Ἀντιοχείᾳ
1605 3483 1894 3553 κατετέθη.

391 3654 488 3707 IZ'.
521 3655 655 3726 Περὶ
695 3653 912 3706 Ἀττίλα
933 3651 1026 3706 τοῦ
1059 3651 1284 3706 Σκυθῶν
1312 3653 1595 3722 βασιλέως,
1629 3657 1722 3708 καὶ
1751 3657 1900 3722 ὅπως

323 3745 390 3797 τὰ
429 3743 572 3814 Ἑῷα
601 3745 694 3797 καὶ
721 3744 986 3814 Ἐσπὲρια
1013 3743 1369 3814 κατέστρεψε·
1400 3746 1495 3798 καὶ
1524 3747 1652 3816 περὶ
1684 3745 1778 3799 τοῦ
1808 3763 1900 3816 γε-

326 3839 548 3906 νομένου
605 3836 758 3902 ξένου
792 3837 1055 3907 σημείου,
1111 3837 1206 3889 καὶ
1245 3837 1354 3890 τῶν
1385 3837 1559 3894 ἄλλων
1601 3841 1660 3893 ὲν
1707 3841 1900 3912 κόσμῳ

330 3929 452 3996 φοϐε
459 3929 564 4000 ρῶν
589 3927 852 3999 σημείων.

399 4021 495 4074 III'.
529 4021 668 4090 Περὶ
717 4019 825 4072 τῶν
851 4020 1172 4090 οἰκοδομιῶν
1203 4020 1312 4074 τῶν
1347 4023 1404 4074 ἐν
1445 4023 1768 4097 Ἀντιοχείᾳ,
1803 4023 1900 4078 καὶ

329 4115 464 4176 τίνες
489 4117 538 4168 οἱ
573 4115 940 4186 ἐργασάμενοι
965 4115 1188 4179 ταύτας.

397 4207 492 4262 ιε’.
527 4209 666 4277 Περὶ
697 4207 950 4276 πολέμων
977 4207 1250 4278 διαφόρων
1289 4209 1586 4276 Ἰταλικῶν,
1629 4211 1724 4264 καὶ
1757 4211 1896 4282 Περ-

330 4298 510 4360 σικῶν,
540 4301 590 4352 οἳ
619 4299 714 4352 ἐπὶ
748 4299 1030 4352 Θεοδοσίου
1059 4301 1338 4369 γεγόνασι.

1998 3118 2302 3177 Svmconis.

2058 3140 2302 3174 'IIICUIIIS.

2039 3140 2182 3266 )XV.
2215 3212 2288 3264 De
2310 3215 2500 3264 sancto
2531 3207 2741 3262 lsi'doro
2765 3203 3042 3260 Pclusiota
3064 3203 3120 3257 'et
3149 3202 3379 3273 Synesio
3405 3200 3580 3272 εγω..

1997 3319 2194 3359 narum
2224 3302 2506 3370 episcopo.

2069 3390 2206 3444 XVI.
2238 3387 2526 3455 Quomodo
2553 3386 2774 3440 divinus
2803 3385 3048 3456 Ignatius
3099 3385 3168 3438 ab
3225 3383 3363 3438 urbe
3405 3385 3576 3438 Roma

1999 3479 2340 3549 deportatus,
2361 3475 2670 3531 Antiochiae
2699 3473 2986 3542 depositus
3021 3474 3094 3527 sit
3135 3473 3204 3527 ab
3247 3475 3578 3543 imperatore

1998 3569 2332 3624 Theodosio.

2070 3659 2234 3715 XVII.
2267 3659 2345 3714 De
2385 3657 2552 3712 Attila
2603 3655 2933 3710 Hunnorum
2979 3671 3142 3723 rege:
3189 3663 3244 3710 et
3295 3655 3578 3723 quomodo

1999 3753 2244 3810 Orientis
2263 3759 2320 3805 et
2351 3747 2670 3806 Occidentis
2709 3748 3028 3816 provincias
3057 3747 3395 3801 vastaret-it:
3447 3747 3576 3800 item

1999 3843 2066 3898 de
2095 3839 2376 3895 horrendo
2397 3847 2558 3892 terra:
2579 3843 2756 3900 motu,
2779 3836 3008 3906 aliisque
3038 3835 3381 3890 terribilibus
3405 3835 3580 3905 signis

1998 3949 2121 4003 quae
2145 3939 2260 3986 toto
2289 3930 2423 3984 orbe
2455 3928 2823 3998 contigerunt.

2069 4025 2257 4082 XVIII.
2291 4025 2366 4078 Dc
2397 4022 2660 4092 operibus
2697 4020 2936 4091 publicis
2971 4021 3278 4076 Αιιιίοοίιὶςυ
3309 4029 3365 4074 et
3387 4037 3582 4075 comm

2000 4117 2408 4174 conditoribus.

2069 4209 2214 4264 XIX.
2255 4209 2330 4262 De
2355 4207 2527 4261 variis
2561 4207 2724 4261 bellis
2757 4223 2878 4275 quae
2907 4214 3022 4259 tmn
3073 4207 3126 4260 in
3163 4206 3316 4260 Italia
3379 4217 3492 4260 tum
3523 4207 3576 4260 in

2002 4300 2228 4356 Perside
2254 4307 2404 4370 gesta
2429 4307 2561 4354 sunt
2595 4306 2859 4368 regnante
2891 4297 3230 4352 Theodosio.

395 4389 474 4446 ις’.
517 4393 650 4462 Περὶ
686 4395 784 4462 τῆς
833 4391 1154 4464 βασιλίσσης
1187 4393 1470 4458 Εὐδοκίας,
1504 4395 1600 4448 καὶ
1639 4395 1886 4461 Εὑδοξίας

2069 4390 2188 4446 XX.
2217 4392 2292 4446 De
2327 4390 2568 4445 liudocia
2597 4391 2862 4460 Augusta.
2891 4391 3068 4460 deque
3097 4391 3216 4461 ejus
3253 4389 3366 4446 ﬁlia
3393 4392 3576 4446 Eudo-

325 4481 421 4550 τῆς
456 4485 720 4551 θυγατρὸς
741 4523 756 4546 ,
790 4485 884 4538 καὶ
921 4485 1068 4547 ὅπως
1101 4487 1182 4547 είς
1231 4486 1560 4557 Ἀντιόχειαν
1592 4487 1684 4541 καὶ
1728 4487 1892 4558 Ἱερο-

327 4572 446 4622 σόλυ
454 4591 524 4641 μα
555 4573 802 4641 ἀφίκετο.

395 4667 518 4718 KA’.
549 4667 670 4718 Ὅτι
713 4664 894 4727 καλῶς
925 4664 994 4720 τὰ
1033 4665 1162 4737 περὶ
1199 4665 1270 4719 τὰ
1333 4667 1679 4737 Ἱεροσόλυμα
1717 4669 1749 4738 ἡ
1787 4668 1896 4722 Εὑ-

325 4752 470 4806 Cani:
497 4755 736 4825 διέηηκε,
770 4755 864 4808 καὶ
903 4756 1032 4826 περὶ
1064 4756 1322 4826 διαφόρου
1349 4759 1534 4831 βιοτῆς
1565 4763 1659 4814 καὶ
1685 4760 1895 4830 διαίτης

325 4841 430 4892 τῶν
459 4845 512 4894 ἐν
541 4845 872 4915 Παλαιστίνῃ
919 4847 1190 4915 μοναχῶν.

399 4935 514 4986 KB’.
556 4937 696 4990 Ὅσα
729 4937 983 5006 ἐδείματο
1015 4939 1048 5007 ἠ
1085 4937 1294 5007 βασιλὶς
1329 4939 1558 4993 Εὲδοκία
1595 4941 1736 4993 κατᾶ
1781 4943 1894 4994 Πα-

325 5025 612 5096 λιιστίνην,
657 5029 750 5080 καὶ
791 5029 920 5100 περὶ
955 5029 1048 5082 τοῦ
1097 5030 1225 5083 ναοῦ
1266 5030 1358 5084 τοῦ
1421 5035 1889 5104 πρωτομὰρτυρος

331 5111 614 5182 Στεφάνου,
651 5119 782 5171 ἔνθα
819 5121 1095 5184 καὶόσίως
1137 5123 1334 5194 ἐτάφη.
1373 5123 1492 5176 Ἔτι
1524 5125 1578 5178 δὲ
1617 5127 1710 5178 καὶ
1761 5127 1888 5196 περὶ

327 5203 428 5272 τῆς
463 5208 710 5281 τελευτῆς
739 5211 832 5266 τοῦ
865 5211 1128 5283 βασιλέως
1161 5214 1462 5269 Θεοδοσίου.

2001 4484 2200 4538 xia:et
2232 4484 2510 4552 quomodo
2549 4483 2786 4538 Eudocia
2845 4483 3194 4539 Antiochiam
3239 4487 3478 4548 venerit,
3525 4497 3577 4541 et

2005 4569 2437 4647 Hierosolymam
2467 4576 2710 4647 ingressa
2739 4578 2832 4631 sit.

2071 4667 2213 4722 XXI.
2239 4668 2398 4733 Quod
2428 4669 2668 4723 Eudocia
2689 4669 2933 4739 Augusta
2964 4671 3360 4742 Hierosolymis
3409 4672 3578 4724 multa

2003 4760 2264 4830 praeclare
2295 4759 2501 4830 gessit:
2542 4769 2598 4814 et
2627 4761 2694 4814 dc
2723 4762 3074 4831 discrepante
3105 4763 3214 4816 vita
3243 4773 3296 4816 et
3341 4778 3578 4816 conver-

2001 4853 2214 4906 satione
2247 4851 2645 4906 monachorum
2671 4852 2997 4906 Palarstinaa.

2069 4944 2235 5000 XXII.
2279 4945 2355 4999 Dc
2383 4943 2647 5013 operibus
2667 4944 2736 4997 ab
2757 4943 3000 4997 Eudocia
3026 4941 3266 5010 Augusta
3315 4941 3370 4994 in
3409 4941 3580 4994 Palae-

2001 5038 2144 5092 stina
2202 5035 2519 5101 :editicatis,
2571 5043 2626 5089 et
2671 5035 2740 5088 de
2785 5035 3020 5088 ecclesia
3075 5033 3250 5087 sancti
3307 5031 3575 5102 Stephani

2000 5128 2443 5198 protomartyris,
2467 5127 2522 5180 in
2563 5144 2670 5196 qua
2705 5127 2962 5196 religiose
3017 5127 3228 5196 sepulta
3287 5133 3390 5180 est.
3441 5126 3576 5180 ltezn

2000 5221 2066 5273 de
2099 5227 2273 5272 morte
2307 5217 2662 5287 imperatoris
2693 5217 3012 5274 Theodosii.
