4070 6176
335 310 480 373 2449

1261 295 1653 375 'HIs'ronm
1692 312 2283 379 ECCLESIASTICE
2324 321 2556 384 LIBER
2599 326 2647 386 Ι.

3466 330 3607 397 2450

335 424 433 477 καὶ
481 422 618 493 πρός
664 440 728 492 γε
774 424 1053 488 Ἀκυλῖνος
1082 421 1315 485 Βύϐλου.
1356 423 1637 496 Ἐπράχθη
1668 423 1762 477 καί
1796 440 1916 476 τινα

2021 436 2075 481 ει
2104 427 2292 484 Daniel
2326 430 2619 488 Carrarum
2654 434 2950 505 cpiscopus
2974 445 3057 492 est
3082 435 3412 494 deStitutus:
3447 440 3608 513 263

335 514 646 582 Σωφρονῶυ
669 516 831 585 χάριν
852 516 953 585 τὴν
976 516 1461 571 Κωνσταντιναίων
1480 516 1594 597 (45)
1618 516 1917 587 ἐπισκοπή-

337 622 553 666 σαντος.
613 605 974 677 Καθαιρεῐται
1021 607 1077 660 δὲ
1131 608 1261 678 παρ’
1288 607 1467 661 αὐτῶν
1502 609 1594 661 καὶ
1624 610 1651 660 ὀ
1677 609 1776 679 τῆς
1804 610 1916 660 Κυ-

339 695 545 763 ρεστῶν
598 698 985 769 ὲπισκοπήσας
1032 697 1385 769 Θεοδιῦριτος,
1424 701 1518 753 καὶ
1555 700 1663 769 μὴν
1699 700 1791 753 καὶ
1821 699 1917 751 Ai-

242 858 245 859 ν
340 805 471 856 μνος
498 790 527 840 ό
552 792 652 859 τῆς
682 790 1021 861 ’Δντιοχέωνο
1063 794 1145 859 ἐφ’
1177 786 1221 859 ᾧ
1249 792 1303 844 τί
1331 792 1515 844 λοιπον
1540 791 1762 858 γέγονεν
1778 789 1915 860 (M),

334 881 435 933 οὐκ
466 878 615 932 ἔστιν
649 882 849 951 εὑρεῖν.
905 882 1015 934 Καὶ
1060 881 1202 935 οὕτω
1237 881 1334 952 μὲν
1370 882 1431 935 τὸ
1462 884 1517 935 ἐν
1558 881 1767 951 Ἐφέσῳ
1797 880 1915 933 δεύ-

336 988 493 1043 τερον
521 971 740 1043 διελύθη
774 972 1069 1041 συνέδριον.

932 1064 1180 1117 ΚΕΦᾹΛ.
1220 1067 1321 1119 1Λ¹.

338 1156 662 1226 Ἀπολογίᾳ
711 1157 815 1210 τοῦ
857 1157 1250 1226 συγγραφέως
1302 1158 1457 1223 ὑπὲρ
1508 1157 1626 1210 τῶν
1666 1157 1735 1209 ἐν
1774 1158 1919 1226 ἡμῖν

409 1225 747 1293 διαφορῶν,
806 1226 900 1279 καὶ
953 1225 1297 1296 κατάγελως
1362 1227 1480 1281 τῶν
1549 1225 1920 1295 Ἑλληνικῶν

408 1296 628 1351 ῦθλων.
1330 1360 1331 1363 η

407 1388 497 1454 Μή
552 1405 641 1456 μοι
684 1388 739 1439 δέ
787 1406 869 1451 τις
909 1389 1017 1441 τῶν
1049 1388 1561 1458 εἰδωλομανοῦντων
1592 1389 1915 1462 ὲπιγελάσῃ,

337 1480 412 1542 ὡς
442 1479 551 1532 τῶν
578 1479 849 1549 δευτέρων
881 1481 1005 1542 τοὺς
1039 1481 1338 1551 προτέρους
1367 1480 1799 1552 καθαιρούντων,
1826 1482 1919 1535 καὶ

338 1572 915 1642 προσεφευρισκόντων
982 1573 1066 1623 ἁεε
1126 1590 1179 1624 τι
1232 1575 1296 1642 τῇ
1356 1574 1537 1625 πίστει
1585 1573 1916 1641 καινότερον.

351 1663 541 1730 Ἡμεῖς
589 1664 688 1730 μὲν
734 1663 839 1733 γὰρ
890 1664 991 1733 τὴν
1032 1665 1309 1734 ἄφραστον
1368 1665 1464 1717 καὶ
1512 1663 1917 1733 ἀνεξιχνίαστον

2022 519 2262 575 Ιτεηεευε
2289 522 2417 576 item
2452 524 2602 595 Tyri,
2643 535 2699 581 et
2740 528 3033 597 Aquilinus
3070 528 3245 600 Bybli.
3284 529 3444 584 Gesta
3480 543 3611 586 sunt

2020 610 2184 663 etiam
2215 612 2463 680 quaedam
2499 630 2599 684 pro
2611 615 2923 686 Sophronio
2938 618 3482 674 Constantinensium
3500 622 3589 689 cpi

2020 712 2205 767 scopo.
2225 701 2517 770 Depositus
2532 712 2613 759 est
2634 705 2703 759 ah
2722 705 2916 762 iisdem
2934 708 3098 763 etiam
3119 709 3489 765 Theodoritus
3502 711 3612 779 epi-

2021 803 2222 857 scapus
2250 790 2399 860 Cyri,
2420 798 2476 845 et
2507 792 2751 849 Domnus
2771 795 3160 850 Antiochensis
3191 794 3506 865 episcopus.
3533 797 3609 849 De

2001 870 2130 945 ‘quo
2165 880 2296 948 quid
2333 891 2521 948 poslea
2556 882 2760 937 factum
2796 884 2986 950 fuerit,
3019 886 3267 941 invenire
3290 901 3400 941 non
3428 886 3606 956 potui.

2022 970 2118 1023 llis
2140 970 2212 1024 ita
2236 973 2419 1040 gestis,
2455 974 2632 1028 soluta
2657 984 2742 1030 est
2767 976 3009 1031 secunda
3042 977 3286 1048 synodus
3308 978 3623 1048 Ephesina..

2655 1066 2807 1122 CAP.
2864 1068 2957 1123 XI.

2022 1154 2263 1225 Defensio
2289 1160 2587 1234 _varietatis_
2630 1161 2936 1234 opinionum
2979 1178 3099 1232 qure
3130 1171 3262 1234 sunt
3281 1164 3425 1234 apud
3455 1162 3607 1219 Chril

2231 1230 2451 1293 stianos,
2476 1237 2525 1281 et
2555 1230 2744 1283 derisio
2772 1230 3078 1300 fabularum
3100 1230 3396 1302 gentilium.

2092 1384 2261 1440 Nemo
2306 1400 2473 1455 porro
2526 1387 2815 1455 gentilium
2844 1404 2960 1444 nos
3008 1389 3278 1454 derideat,
3314 1399 3602 1459 prepterea

2021 1476 2165 1545 quod
2218 1478 2556 1546 posteriores
2608 1478 2851 1548 episcopi
2900 1480 3114 1549 priores
3163 1480 3488 1545 destituant,
3539 1496 3603 1537 ac

2021 1580 2238 1634 semper
2284 1566 2411 1619 novi
2463 1566 2669 1635 aliquid
2727 1568 2986 1638 adjiciant
3043 1569 3167 1624 ﬁdei
3217 1580 3437 1625 nostrae.
3491 1570 3602 1625 Nos

2022 1654 2168 1710 enim
2235 1654 2675 1725 inexplicabilem
2726 1667 2783 1712 et
2833 1658 3270 1730 investigabilem
3327 1662 3423 1715 Dei
3476 1677 3604 1732 erga

337 1754 431 1807 τοῦ
464 1752 601 1807 Θεοῦ
652 1754 1066 1822 φιλανθρωπίαν
1101 1755 1464 1825 ἐρευνῶντες,
1509 1756 1605 1808 καὶ
1636 1757 1692 1820 ἐς
1722 1758 1787 1809 τὰ
1818 1756 1918 1824 μά-

2023 1745 2274 1800 homines
2300 1746 2736 1802 benevolentiam
2769 1758 3098 1815 scrutantes,
3128 1752 3258 1805 dum
3290 1767 3408 1805 cam
3430 1753 3604 1807 maxi-

336 1844 495 1897 λιστα
540 1844 827 1913 σεμνύνειν
857 1847 952 1898 καὶ
978 1846 1217 1916 ἐξαίρειν
1247 1847 1602 1917 βουλόμενοι,
1640 1848 1671 1916 ἢ
1704 1848 1851 1917 τῇδε,
1882 1847 1914 1917 ἦ

339 1936 517 1989 ἐκεῖσε
548 1937 887 2007 τρεπόμεθα.
925 1938 1034 1995 Καὶ
1066 1939 1242 2002 οὐδεὶς
1269 1939 1551 1992 ἀδυνατῶν
1569 1940 1612 1970 ¹⁸
1636 1940 1744 1992 τῶν
1772 1939 1918 2009 αἱρέ-

340 2043 453 2089 σεις
496 2027 651 2095 παρὰ
684 2028 1033 2097 Χριστιανοῖς
1076 2029 1495 2099 ὲξευρηκότων,
1549 2029 1918 2102 πρωτοτρπως

338 2117 683 2187 βλασφημεῖν
727 2119 1023 2188 ἠθέλησεν,
1081 2120 1112 2189 ἢ
1159 2121 1425 2190 ἀτιμάσαι
1457 2123 1516 2175 τὸ
1544 2123 1697 2175 Θεῖον
1730 2122 1916 2190 βουλό-

341 2225 502 2278 μενος
564 2208 928 2280 ὲξωλίσθησεν
960 2228 973 2239 ·
1060 2210 1193 2264 ἀλλὰ
1252 2212 1451 2281 μᾶλλον
1519 2214 1917 2283 ὑπολαμϐάνων

339 2303 597 2369 κρεῖσσον
630 2301 726 2354 τοῦ
763 2301 1070 2372 φθάσαντος
1100 2303 1282 2370 λέγειν
1314 2305 1363 2356 εἰ
1389 2304 1506 2357 τόδε
1538 2304 1916 2371 πρεσϐεύσειε.

338 2392 445 2445 Καὶ
496 2393 565 2445 τὰ
614 2393 714 2463 μὲν
758 2395 1055 2446 συνεκτικὰ
1090 2394 1182 2446 καὶ
1216 2394 1380 2461 κύρια
1413 2395 1525 2465 (45)
1560 2397 1694 2447 πᾶσι
1726 2393 1919 2458 κοινῶς

334 2481 703 2553 ὡμολόγηται.
767 2485 934 2553 Τριὰς
978 2486 1084 2555 γὰρ
1132 2488 1265 2556 ἡμῖν
1315 2486 1377 2539 τὸ
1422 2485 1915 2557 προσκυνούμενον,

346 2576 439 2627 καὶ
478 2577 645 2645 μονὰς
676 2576 744 2629 τὰ
774 2576 1200 2649 δοξολογοῦμενα
1222 2594 1235 2607 °
1272 2580 1299 2632 ὅ
1326 2597 1385 2632 τε
1419 2580 1525 2649 πρὸ
1553 2580 1763 2633 αἰώνων
1792 2597 1920 2645 γεν-

339 2666 524 2737 νηθεὶς
571 2669 702 2731 Θεὸς
740 2669 944 2736 Λόγος,
1003 2670 1373 2741 σαρκούμενος
1410 2671 1637 2741 δευτέρᾳ
1672 2673 1919 2738 γεννήσει

339 2759 513 2827 φειδοῖ
538 2759 631 2812 τοῦ
660 2760 1000 2830 πλάσματος.
1034 2763 1094 2815 Εἰ
1120 2762 1177 2815 δὲ
1209 2764 1337 2830 περὶ
1367 2762 1531 2832 ἕτερα
1563 2762 1701 2832 ᾅττα
1734 2778 1921 2815 κεκαι-

338 2849 657 2919 νούργηται.
679 2853 936 2919 γεγόνασι
965 2854 1058 2906 καὶ⁵
1080 2852 1255 2906 ταῦτα
1274 2853 1371 2919 τοῦ
1398 2853 1651 2923 Σωτῆρος
1680 2853 1920 2916 ἐνδόντος

338 2939 476 2993 Θεοῦ
525 2940 605 3009 τῷ
648 2940 980 3011 αὖτεξουσίῳ
1031 2944 1121 2995 καὶ
1170 2941 1555 3011 περὶτούτων,
1596 2942 1685 3004 ἵνα
1721 2941 1921 3012 μᾶλλον

337 3031 372 3101 ἡ
399 3031 531 3100 ἁγία
559 3031 820 3102 καθολικὴ
855 3034 949 3086 καὶ⁵
976 3033 1307 3104 ἀποστολικὴ
1343 3032 1662 3103 Ἐκκλησία,
1700 3030 1918 3085 ἐνθένδε

2020 1854 2107 1893 me
2134 1838 2406 1893 honorare
2446 1848 2500 1893 et
2525 1840 2786 1894 omnibus
2832 1841 3012 1895 modis
3037 1843 3299 1897 extollere
3328 1843 3603 1912 cupimus,

2022 1939 2118 1984 aut
2146 1930 2320 1995 hanc,
2372 1938 2467 1984 aut
2520 1930 2667 1983 illam
2716 1932 3079 1993 sententiam,
3134 1933 3437 2001 sequimur.
3492 1932 3605 1986 Nec

2018 2025 2311 2095 quisquam
2373 2040 2566 2079 eorum
2623 2026 2718 2094 qui
2766 2028 2912 2081 inter
2962 2026 3307 2082 Christianos
3368 2028 3604 2082 hmreses

2018 2117 2423 2187 excogitarent,
2463 2118 2647 2171 dedita
2676 2134 2840 2186 opera
2888 2120 3050 2188 impie
3088 2120 3237 2188 loqui
3274 2120 3481 2174 voluit:
3511 2129 3606 2172 aut

2020 2224 2143 2263 cum
2169 2208 2357 2261 divino
2381 2209 2594 2263 numini
2625 2211 3011 2265 contumeliam
3039 2211 3217 2266 facere
3246 2211 3600 2269 decrevisset,

2022 2298 2075 2351 in
2107 2315 2351 2353 errorem
2392 2300 2650 2369 delapsus
2684 2310 2815 2355 'est:
2851 2303 2945 2356 sed
2992 2303 3175 2371 potius
3222 2302 3599 2371 unusquisque

2020 2407 2210 2446 eorum
2262 2392 2611 2457 exiStimavit,
2666 2408 2723 2447 se
2771 2394 2863 2462 qui
2910 2394 3013 2447 hoc
3063 2394 3256 2463 dogma
3306 2401 3596 2453 assereret,

2022 2483 2220 2537 melius
2246 2484 2428 2537 dicere
2457 2500 2618 2553 quam
2657 2485 2896 2553 reliquos
2926 2485 3019 2553 qui
3068 2486 3244 2554 ipsum
3291 2484 3600 2554 prmcessis-

2022 2584 2162 2631 sent.
2210 2575 2274 2629 Et
2315 2590 2380 2629 ea
2426 2574 2649 2644 quidem
2698 2590 2819 2644 qum
2852 2576 3127 2644 prmcipua
3154 2585 3283 2629 sunt
3310 2590 3373 2629 ac
3400 2573 3602 2628 funda-

2023 2678 2206 2724 menta
2237 2668 2358 2722 fidei
2391 2677 2614 2729 nostrae,
2667 2683 2777 2721 uno
2820 2682 3091 2723 consensu
3140 2684 3335 2722 omnes
3370 2667 3601 2721 conﬁtc-

2021 2777 2168 2815 mur.
2198 2759 2439 2813 Trinitas
2470 2759 2619 2814 enim
2647 2768 2732 2814 cst
2764 2775 2928 2829 quam
2975 2760 3290 2823 adoramus,
3338 2768 3395 2814 et
3424 2757 3604 2813 unitas

2022 2868 2186 2922 quam
2218 2850 2591 2922 gloriﬁcamus
2620 2868 2633 2904 :
2664 2858 2721 2905 et
2747 2852 2892 2905 Deus
2916 2851 3059 2906 idem
3092 2866 3156 2905 ac
3182 2849 3447 2912 Verbum,
3476 2857 3603 2903 ante

2020 2941 2219 2996 secula
2246 2940 2513 3010 genitum,
2544 2948 2600 2993 et
2628 2948 2851 3009 prepter
2886 2941 3147 2995 homines,
3166 2939 3404 2995 secunda
3432 2954 3599 3009 gene-

2025 3033 2236 3086 ratione
2277 3032 2645 3084 incarnatum.
2680 3030 2835 3097 Quod
2876 3040 3059 3087 autem
3088 3032 3142 3086 in
3168 3032 3290 3087 aliis
3331 3030 3605 3101 capitibus

336 3124 593 3176 κάκεῖθεν
643 3124 779 3192 πρὸς
821 3125 881 3176 τὸ
913 3124 1029 3177 δέον
1058 3143 1120 3178 τε
1157 3127 1252 3178 καὶ
1284 3126 1502 3188 εὐσεϐὲς
1533 3122 1915 3194 αἰχμαλωτίσῃ

2023 3123 2273 3195 quaedam
2326 3123 2583 3176 innovata
2629 3131 2779 3186 sunt,
2810 3123 2864 3177 id
2902 3139 2968 3178 ex
3004 3140 3071 3179 co
3106 3124 3308 3178 factum
3338 3131 3423 3179 est
3455 3123 3600 3193 quod

336 3215 407 3266 τὰ
444 3214 747 3284 λεγόμενα,
803 3217 896 3269 καὶ
944 3217 1080 3286 πρὸς
1116 3218 1247 3288 μίαν
1291 3215 1674 3286 ἁπεξεσμένην
1706 3213 1799 3268 καὶ
1826 3215 1915 3267 εῦ-

334 3305 491 3361 θεῖαν
519 3307 637 3361 ὁδὸν
665 3309 973 3382 ὑπαντήσῃ.
1007 3312 1097 3363 Διὸ
1126 3311 1220 3363 καὶ
1246 3309 1322 3378 τῷ
1356 3303 1748 3378 Ἀποστόλῳνεῦ
1774 3306 1920 3376 μάλα

340 3398 525 3466 σαφῶς
563 3398 778 3470 εῐρηται
800 3416 813 3431 ο
853 3419 871 3452 ι
902 3402 992 3454 Δεῖ
1018 3401 1074 3454 δὲ
1106 3403 1198 3455 καὶ
1230 3401 1472 3472 αἱρέσεις
1506 3403 1563 3454 ὲν
1597 3401 1724 3469 ὑμῖν
1758 3396 1918 3465 εἶναι,

338 3487 439 3542 ῖναμ
485 3489 533 3541 οἱ
580 3488 794 3560 δόκιμοι
841 3492 1063 3560 φανεροὶ
1093 3489 1378 3559 γένωνται.
1425 3509 1443 3541 ι
1478 3490 1585 3542 Καὶ
1640 3488 1921 3558 θαυμάσαι

338 3580 446 3634 κᾶν
478 3578 658 3650 τούτῳ
713 3580 829 3634 ἐστι
867 3582 965 3649 τὴν
996 3584 1236 3653 ἄρρητον
1267 3582 1360 3635 τοῦ
1390 3580 1526 3634 Θεοῦ
1559 3580 1750 3648 σοφίαν
1771 3620 1785 3642 ,
1824 3579 1919 3633 τοῦ

337 3672 436 3724 καὶ
465 3670 600 3741 πρὸς
629 3672 721 3725 τὸν
763 3672 1047 3726 θεσπέσιον
1077 3674 1285 3727 Παῦλον
1310 3673 1590 3744 εἰρηκότος
1612 3686 1625 3701 ⁸
1658 3689 1675 3722 ι
1720 3672 1781 3723 Ἦ
1812 3670 1920 3741 γὰρ

338 3760 569 3831 δύναμίς
601 3780 701 3832 μου
736 3764 794 3817 ὲν
839 3765 1092 3836 ἀσθενείᾳ
1128 3764 1447 3820 τελειοῦται.
1487 3784 1504 3816 ι
1551 3762 1641 3827 Ἐξ
1682 3756 1756 3816 ὧν
1812 3763 1921 3831 γὰρ

337 3854 440 3923 τῆς
482 3854 807 3925 ἐκκλησίας
857 3857 1147 3931 ἀπερῤάγη
1194 3856 1262 3910 τὰ
1305 3856 1476 3929 μέλη,
1520 3858 1585 3910 ἐκ
1612 3854 1820 3910 τούτων
1855 3854 1923 3909 τὰ

411 3968 435 4000 ³
478 3968 500 4024 Ι
535 3967 663 4026 Cor.
698 3988 772 4035 XI,
808 3974 893 4029 19.

407 4110 454 4143 ⁸⁸
479 4109 541 4167 C.
579 4111 642 4168 C.
674 4114 846 4179 οὐδεὶς
876 4116 983 4169 οὐδ’
1017 4118 1219 4171 αὐτῶν.

2028 3216 2289 3270 Servator
2348 3223 2539 3268 noster
2601 3215 2747 3269 Deus
2794 3215 3025 3269 liberam
3075 3216 3237 3271 nobis
3286 3215 3601 3272 facultatem

2029 3307 2254 3375 reliquit
2304 3305 2372 3359 de
2424 3306 2492 3360 iis
2538 3307 2837 3372 sentiendi,
2890 3317 2951 3363 ut
2993 3318 3187 3363 sancta
3230 3310 3511 3365 catholica.
3548 3318 3605 3365 et

2028 3395 2347 3465 apostolica.
2379 3395 2643 3458 Ecclesia,
2682 3411 2744 3449 ea
2791 3398 3009 3465 quae-ab
3043 3408 3277 3468 utraque
3312 3406 3467 3469 parte
3517 3399 3603 3454 di-

2025 3498 2249 3553 cuntur,
2292 3490 2360 3544 ad
2392 3499 2598 3544 rectam
2648 3506 2896 3546 normam
2930 3507 2997 3546 ac
3025 3493 3283 3561 pietatem
3333 3491 3602 3552 traducat.

2023 3590 2081 3637 et
2121 3580 2188 3635 ad
2224 3596 2386 3635 unam
2430 3582 2647 3649 planam
2684 3590 2999 3652 rectamque
3026 3585 3274 3639 semitam
3301 3584 3601 3654 perveniat.

2025 3673 2203 3742 Atque
2254 3672 2325 3727 ob
2373 3673 2515 3727 hanc
2559 3689 2777 3727 causam
2825 3677 3103 3743 sapienter
3141 3675 3438 3729 admodum
3467 3675 3606 3730 dixit

2026 3765 2309 3834 apostolus
2330 3764 2562 3818 Paulus:
2600 3783 2617 3814 ι
2662 3763 2891 3832 Oportet
2914 3764 3149 3819 haereses
3169 3780 3290 3820 esse
3315 3764 3458 3819 inter
3484 3778 3600 3826 vos,

2030 3862 2089 3908 ut
2117 3853 2211 3926 qui
2246 3852 2405 3925 probi
2435 3859 2584 3921 sunt,
2630 3852 2900 3909 manifesti
2929 3852 3116 3908 fiant’.
3153 3872 3171 3905 ›
3207 3854 3263 3907 In
3289 3868 3399 3923 quo
3431 3851 3604 3908 admi-

1609 4043 1845 4100 VAlil/E
1886 4041 2295 4100 LECTIONES.

1544 4184 1813 4240 VALESII
1857 4183 2425 4241 ANNOTATIONES.

409 4274 553 4358 με)
601 4280 941 4358 ξωφρονζου
998 4281 1175 4358 χάριν
1216 4280 1331 4347 τὴν
1370 4279 1921 4358 Κωνσταντιιςαίων.
1958 4282 2005 4341 D

336 4345 398 4419 In
419 4346 583 4419 hujus
604 4345 1225 4413 loeiversionefmirum
1246 4345 1329 4405 est
1354 4360 1690 4419 quantopere
1712 4350 1927 4403 aberra-

337 4416 455 4489 rint
504 4418 851 4489 interpretes.
919 4422 1051 4473 Nam
1114 4421 1329 4489 Langus
1372 4416 1592 4489 quidem
1649 4419 1924 4488 interpres

334 4486 638 4559 Nicephori
682 4488 753 4542 ita
783 4490 946 4544 vertit
985 4508 997 4542 :
1038 4486 1274 4543 Decrevit
1316 4486 1423 4545 huic
1462 4489 1689 4559 synodus
1716 4486 1922 4559 quoque

338 4559 403 4630 de
439 4554 731 4630 Sophronia
783 4561 1046 4629 quredam,
1095 4562 1185 4630 qui
1234 4569 1345 4613 tum
1404 4554 1918 4628 Constantinopolim

340 4626 571 4698 visenda:
599 4629 712 4695 ejus
740 4626 916 4697 gratia
943 4626 1174 4683 venerat.
1222 4626 1763 4698 Christophorsonus
1788 4644 1918 4682 vero

339 4696 422 4747 sic
478 4696 876 4766 interpretatur
928 4718 941 4753 :
1005 4700 1275 4753 Nonnulla
1334 4696 1523 4753 ibidem
1584 4709 1703 4751 acta
1774 4699 1917 4766 fuere

336 4774 526 4838 contra
556 4765 908 4835 Sophronium
935 4771 1226 4838 episcopum
1246 4765 1912 4838 ConstantinOpolitanum.

340 4834 451 4888 Sed
476 4834 1013 4892 Constantiniensein
1051 4834 1237 4894 dicere
1283 4840 1568 4893 debuerat.
1596 4834 1735 4892 Erat
1765 4838 1911 4891 enim

340 4904 689 4978 Sophronius
715 4910 1006 4978 episcopus
1034 4909 1424 4973 Constantium,
1463 4919 1523 4961 ut
1552 4916 1701 4977 patet
1731 4924 1797 4961 ex
1829 4924 1916 4977 sy-

337 4974 491 5048 nodo
522 4974 860 5032 Antioch'ena
890 4974 992 5032 sub
1022 4980 1232 5033 Domno
1252 5021 1265 5043 ,
1295 4995 1417 5048 quae
1453 4974 1657 5032 intexta
1690 4986 1773 5031 est
1811 4974 1917 5048 iac-

339 5044 483 5119 tioni
530 5062 644 5119 xw,
704 5050 898 5119 synodi
939 5044 1425 5105 Chalcedonensis.
1475 5048 1728 5101 Interfuit
1774 5047 1915 5119 idem

336 5111 693 5189 SOphronius
722 5111 907 5188 postea
929 5120 1365 5175 Chalcedonensi
1394 5118 1603 5189 synodo
1634 5126 1693 5170 ut
1717 5118 1915 5189 legitur

338 5186 585 5257 Intactis
621 5186 864 5257 ejusdem
910 5191 1150 5243 concilii.
1186 5192 1281 5244 Est
1330 5186 1511 5243 autem
1557 5186 1914 5241 Constantina

342 5252 485 5329 urbs
520 5252 824 5329 Phoenices.
865 5259 967 5329 [Ad
996 5260 1145 5313 hunc
1175 5260 1544 5329 Sophronium
1590 5258 1912 5329 episcopum

337 5323 720 5380 Constantina:
762 5323 963 5398 scripta
1007 5338 1092 5383 est
1137 5323 1366 5398 epistola
1415 5323 1913 5397 Theodoriti,_55.]

2104 4278 2213 4348 (Η)
2258 4278 2389 4343 Ἐφ’
2410 4270 2457 4343 ᾧ
2490 4276 2784 4348 τίᾼλοιπὸν
2809 4276 3075 4348 γέγονεν.
3110 4279 3169 4333 1η
3200 4277 3379 4332 locum
3411 4278 3602 4332 Domni

2030 4346 2420 4425 Antiochensis
2467 4346 3069 4425 episcopisubrogatus
3102 4356 3185 4425 est
3214 4348 3499 4425 Maaimus,
3545 4357 3605 4402 ut

2028 4418 2223 4488 scribit
2272 4417 2566 4471 Liberatus
2604 4417 2658 4488 in
2690 4416 2998 4488 Breviario.
3030 4417 3200 4488 Cujus
3226 4419 3602 4487 episcopatum

2027 4487 2138 4540 Leo
2187 4503 2325 4556 papa
2375 4485 2725 4558 postmodum
2775 4485 3142 4558 confirmavit,
3200 4485 3495 4558 utflcgitnr
3548 4489 3602 4543 in

2025 4559 2239 4611 actione
2293 4573 2324 4609 x
2375 4556 2840 4611 Chalcedonensis
2893 4558 3135 4612 concilii.
3211 4556 3365 4611 Idem
3424 4566 3602 4611 tamen

2025 4626 2294 4680 Maximus
2336 4629 2566 4689 Domno,
2606 4626 2782 4693 quoad
2819 4625 2954 4680 vixit
2984 4665 2997 4685 ,
3042 4635 3223 4681 certos
3258 4636 3510 4696 sumptus
3539 4643 3615 4680 ex-

2025 4696 2286 4751 Ecclesize
2312 4713 2423 4751 sua:
2450 4696 2724 4749 reditibus
2752 4696 3067 4758 constituit,
3096 4704 3158 4750 ut
3186 4706 3481 4750 contentus
3504 4697 3602 4749 ali-

2022 4768 2226 4820 mentis
2253 4767 2307 4818 in
2347 4768 2968 4834 posteruquuiescerct
3013 4784 3025 4817 :
3073 4767 3219 4835 quod
3251 4765 3473 4835 quidem
3500 4781 3605 4835 cae—

2026 4836 2125 4889 teri
2159 4836 2484 4904 patriarcha:
2518 4838 2573 4891 in
2611 4834 3046 4889 Chalcedonensi
3079 4834 3289 4905 Synodo
3332 4834 3602 4904 approba-

2022 4916 2173 4960 runt.
2208 4914 2268 4957 ut
2295 4905 2485 4959 videre
2514 4913 2598 4959 est
2630 4904 2684 4957 in
2705 4905 2922 4959 actione
2945 4905 3054 4973 jam
3084 4904 3248 4958 citata
3270 4904 3321 4957 ⁸⁸.

2095 4975 2208 5044 (45)
2249 4974 2328 5027 Τὰ
2351 4974 2470 5042 μὲν
2498 4977 2833 5044 συνεκτικὰ
2864 4972 2963 5027 καὶ
3008 4975 3201 5041 κύρια.
3244 4972 3604 5044 ΑρυιίίΝἰεε-

2023 5042 2255 5112 phorum
2283 5045 2337 5096 in
2362 5044 2457 5097 lib.
2490 5060 2598 5104 xw.
2633 5059 2753 5112 cap.
2774 5042 2864 5103 48,
2888 5044 2980 5097 ubi
3010 5044 3154 5098 hunc
3171 5042 3387 5113 Evagrii
3422 5043 3603 5096 locum

2024 5114 2362 5176 transcribit,
2389 5114 2590 5182 legitur
2621 5116 2715 5165 καὶ
2745 5113 2955 5180 καίρια,
2984 5114 3167 5169 minus
3200 5124 3349 5169 recte
3382 5128 3443 5166 ut
3484 5113 3605 5183 opi-

2025 5199 2145 5236 nor.
2175 5184 2251 5236 lta
2291 5190 2475 5236 tamen
2506 5183 2715 5237 diserte
2756 5183 3025 5251 scriptum
3062 5184 3245 5237 inveni
3279 5185 3333 5239 in
3370 5198 3470 5237 ms.
3501 5198 3598 5238 co-.

2022 5253 2142 5306 dice
2174 5253 2509 5307 Tclleriano.
3621 5268 3632 5278 '

1781 5438 2170 5495 VARIORUM.

420 5540 437 5556 ⁶
457 5536 619 5590 Istam
651 5536 919 5591 actionem
950 5536 1166 5591 concilii
1194 5535 1659 5591 Chalcedonensis
1683 5547 1743 5591 ut
1765 5555 1913 5592 com-

344 5607 654 5661 mentitiam
704 5608 879 5677 rejicit
924 5608 1272 5673 Quesncllus,
1319 5608 1540 5661 dissert.
1565 5609 1693 5670 9,in
1735 5608 1909 5675 Opera

346 5677 549 5731 Leonis
574 5697 586 5730 :
612 5692 641 5730 c
666 5688 877 5742 contra,
897 5694 1013 5731 eam
1051 5688 1107 5729 ut.
1132 5677 1421 5745 germinam
1482 5677 1725 5731 defendit
1751 5678 1911 5730 Baln-

348 5748 488 5810 zius.
521 5746 739 5802 l’r:efat.
776 5749 829 5801 in
866 5749 1076 5803 Cuncil.
1130 5744 1383 5802 Chalccd.
1417 5765 1471 5802 n.
1503 5749 1590 5811 5:2,
1642 5757 1747 5803 ctc.
1793 5746 1909 5815 lpsc

2025 5539 2271 5591 Domnus
2286 5546 2408 5607 post
2438 5538 2836 5608 depositiouem
2862 5553 3015 5593 suam
3035 5540 3090 5593 in
3107 5554 3354 5593 crcmum
3377 5536 3603 5608 secessit

2026 5608 2091 5660 ad
2117 5606 2577 5679 ΔΕιιιιιγιιιίιιιηξεί
2605 5625 2709 5679 qua
2745 5608 2879 5679 fides
2903 5608 3106 5679 Cyrillo
3134 5609 3405 5663 monacho
3434 5606 3608 5679 scrin-

2026 5676 2297 5751 t_o_ri_}'_itr_c
2326 5676 2763 5748 Euthymiifvid.
2816 5676 3037 5751 l’agi'ad
3080 5693 3207 5734 ann.
3242 5680 3366 5743 i3l,
3408 5694 3462 5731 n.
3512 5676 3605 5733 5i.

2021 5746 2109 5800 55.
2148 5747 2233 5802 W.
2262 5747 2475 5803 Lowrn.
