3940 6202
298 290 437 366 9451

1497 293 1812 356 EVAGRII
1852 295 2338 360 SCHOLASTICI

3401 303 3544 370 2452

297 413 412 468 rari
444 410 606 466 etiam
643 406 806 480 26E.
844 407 972 464 licet
1013 405 1344 461 ineﬂabilem
1387 405 1483 460 Dei
1521 407 1866 475 sapientiam,

1977 407 2107 478 ὑρθά
2151 411 2245 463 καὶ
2289 410 2570 482 ἀμώμητοι
2599 408 2760 466 πλέον
2791 411 3061 481 ἀπεξέσθη
3089 429 3152 464 τε
3187 415 3277 466 καὶ
3301 414 3540 486 ἀπετὲθη

301 503 394 574 qui
431 501 496 558 ad
529 500 775 556 divinum
813 499 1118 568 apostolum
1159 499 1384 552 Paulum
1411 497 1586 552 dixit:
1627 517 1645 550 ι
1687 499 1873 553 Virtus

301 594 447 648 enim
498 607 619 646 mea
659 591 714 644 in
761 589 1076 644 intir‘fnitate
1113 587 1453 658 perficitur‘.
1495 607 1512 638 ι
1557 587 1636 642 Ex
1669 587 1872 656 quibus

299 685 446 744 enim
513 683 694 738 causis
757 683 1015 736 Ecclesiae
1054 681 1266 735 divulsa
1321 688 1448 734 sunt
1488 680 1754 742 membra,
1803 696 1872 736 ex

301 776 498 830 iisdem
545 784 692 830 recta
719 782 775 828 et
807 773 1308 844 irreprehensibilis
1353 772 1602 826 doctrina
1645 787 1872 825 accura-

300 866 412 920 tius
463 865 648 919 limata
699 875 754 919 et
808 865 1054 933 exposita
1107 873 1233 918 est:
1283 871 1340 918 et
1386 862 1652 918 catholica
1708 871 1871 928 atque

297 957 596 1026 apostolica
624 957 718 1011 Dei
741 957 984 1010 Ecclesia
1013 957 1188 1026 majus
1210 955 1608 1009 incrementum
1636 953 1868 1022 accepit,

209 1047 214 1076 ί
297 1055 356 1102 et
399 1045 467 1108 ad
509 1047 686 1114 ipsum
721 1061 892 1114 usque
938 1047 1138 1100 malum
1178 1045 1392 1099 sublata
1436 1052 1536 1098 cst.
1573 1043 1870 1098 Gentilium

297 1153 432 1192 vero
464 1138 872 1205 SUperstitiouts
901 1138 1128 1200 alumni,
1155 1138 1284 1190 dum
1315 1152 1419 1190 nec
1459 1137 1551 1190 Dei
1595 1145 1870 1202 naturam,

207 1217 238 1268 ετ
300 1244 403 1283 nec
445 1229 565 1298 ejus
599 1228 1000 1297 providentiam
1047 1227 1102 1282 in
1147 1229 1312 1282 rebus
1355 1228 1611 1282 humanis
1642 1229 1871 1282 investi—

299 1334 427 1388 gare
468 1319 712 1386 student,
745 1329 800 1374 et
831 1321 1098 1388 majorum
1149 1334 1398 1382 suorum,
1448 1325 1504 1370 et
1553 1333 1680 1372 suas
1725 1319 1869 1372 invi-

299 1425 420 1465 cem
451 1411 742 1479 opiniones
767 1419 1040 1464 evertunt.
1089 1409 1272 1463 Novos
1295 1409 1440 1462 enim
1469 1409 1702 1462 subinde
1737 1409 1872 1463 deos

299 1499 632 1568 excogitant,
677 1513 880 1567 eosque
917 1513 984 1552 ex
1021 1499 1258 1568 propriis
1291 1497 1458 1551 animi
1495 1499 1871 1566 perturbatio-

301 1591 466 1647 nibus
497 1591 788 1661 designant
818 1609 880 1646 ac
907 1593 1212 1656 nominant,
1253 1607 1362 1661 quo
1391 1591 1601 1646 scilicet
1623 1591 1871 1646 libidini-

299 1678 405 1732 bus
442 1678 558 1733 suis
597 1679 976 1747 impunitatem
1011 1681 1323 1744 concilient,
1375 1681 1690 1750 hujusmodi
1735 1682 1869 1738 deos

299 1767 404 1821 sibi
454 1767 832 1823 adsciscendo.
883 1769 972 1824 Sic
1001 1783 1148 1824 certe
1177 1769 1322 1840 apud
1357 1771 1480 1824 illos
1509 1773 1554 1826 is
1579 1771 1673 1840 qui
1719 1787 1869 1826 sum-

297 1873 422 1922 mus
467 1859 702 1914 habetur
744 1862 908 1926 Deus,
953 1872 1008 1917 et
1059 1869 1216 1932 pater
1268 1863 1765 1920 hominum-simul
1811 1881 1874 1920 ac

297 1949 526 2004 deorum
567 1961 812 2016 vocatur,
845 1954 900 2006 in
930 1956 1046 2010 avis
1071 1956 1312 2024 speciem
1351 1965 1618 2020 mutatus,
1655 1957 1874 2011 adoles-

299 2051 515 2096 centem
545 2043 814 2114 Phrygem
845 2044 1196 2116 impudenter
1237 2049 1438 2116 rapuit,
1476 2057 1531 2103 et
1559 2049 1872 2103 mercedem

298 2133 474 2201 stupri
545 2137 804 2203 poculum
858 2136 908 2190 ei
967 2137 1192 2201 tribuit,
1257 2140 1592 2208 permittens
1643 2147 1703 2193 ut
1767 2140 1872 2208 ipsi

298 2226 504 2279 amoris
550 2227 721 2296 gratia
767 2229 1104 2298 pr0pinaret,
1151 2245 1260 2298 quo
1291 2241 1522 2300 uterque
1554 2231 1717 2285 simul
1746 2245 1872 2285 cum

298 2325 520 2372 nectare
555 2317 796 2373 dedecus
832 2335 894 2375 ac
929 2321 1189 2390 probrum
1230 2323 1495 2376 hauriret.
1533 2322 1679 2376 Idem
1711 2323 1874 2378 innu-

303 2407 472 2462 meris
515 2408 639 2462 aliis
683 2409 1003 2476 sceleribus,
1051 2425 1170 2480 qua:
1217 2427 1288 2466 ne
1333 2412 1612 2466 vilissimis
1648 2413 1872 2488 quidem

299 2499 619 2554 hominibus
651 2502 914 2570 permissa
965 2511 1112 2567 sunt,
1163 2518 1282 2557 sese
1329 2504 1655 2572 inquinavit.
1703 2505 1771 2558 Et
1817 2506 1873 2560 in

298 2604 492 2646 omnes
541 2591 832 2645 brutorum
882 2593 1243 2646 animantium
1301 2594 1534 2662 species,
1591 2595 1708 2663 ipse
1752 2609 1874 2649 om-

298 2679 452 2734 nium
481 2681 836 2736 brutissimus
879 2691 1146 2747 mutatus,
1191 2683 1538 2754 androgynus
1569 2685 1744 2740 factus
1767 2695 1872 2756 est,

298 2785 410 2828 non
440 2771 494 2825 in
523 2783 680 2826 utero
709 2775 950 2843 quidem.
974 2775 1068 2829 sed
1095 2777 1150 2828 in
1179 2775 1386 2830 femore
1413 2775 1605 2832 fmtum
1633 2787 1871 2848 gestans,

299 2873 364 2918 ut
391 2874 449 2920 et
483 2864 585 2919 ista
615 2875 814 2934 prmter
851 2877 1100 2921 naturam
1139 2870 1209 2922 ab
1253 2883 1320 2924 eo
1367 2870 1871 2927 committerentur.

227 3031 248 3050 κ
299 2955 458 3012 Unde
521 2967 682 3011 ortus
740 2957 987 3014 Bacchus
1051 2959 1168 3028 ipse
1232 2975 1452 3029 quoque
1501 2959 1872 3031 andrOgynus.

1972 502 2254 572 δόγματα,
2312 507 2406 577 καὶ
2457 505 2594 575 πρὸς
2633 505 2862 575 αὔξησιν
2911 507 3006 558 καὶ
3051 505 3152 573 τὴν
3187 505 3242 568 ἐς
3273 506 3544 577 οὐρανοὺς

1972 594 2238 646 ἀνάϐασιν
2289 579 2324 664 ἦ
2355 573 2624 666 ααθολικὴ
2659 599 2748 650 καὶ
2776 596 3104 663 ἀποστολικὴ
3132 594 3222 648 τοῦ
3247 596 3382 648 Θεοῦ
3411 599 3538 667 ἐλη-

1973 679 2132 732 λυθεν
2171 681 2489 752 Ἐκκλησία.
2543 683 2609 738 Οί
2649 685 2706 737 δέ
2749 701 2812 752 γε
2853 683 2953 752 τῆς
2982 683 3298 754 Ἑλληνικῆς
3327 685 3536 754 πλάνης

1971 771 2251 842 τρόφιμοι,
2289 773 2346 824 οὐ
2382 773 2515 825 Θεὸν
2543 774 2785 845 ἐξευρεῖν
2817 773 3130 844 βουλόμενοι
3175 773 3208 842 ἢ
3242 775 3337 844 τὴν
3365 774 3530 828 αὑτοῦ

1973 860 2104 932 περὶ
2127 860 2254 924 τοὺς
2274 862 2594 932 ἀνθρώπους
2621 863 2970 933 κηδεμονίαν,
2998 863 3070 916 τά
3091 880 3148 914 τε
3175 864 3279 915 τῶν
3299 864 3532 932 φθασάν-

1971 969 2108 1016 των,
2163 952 2231 1004 τά
2261 969 2322 1005 τε
2360 953 2606 1022 ἀλλήλων
2634 953 2994 1007 καταλύουσιν
3017 969 3032 984 ·
3085 953 3221 1006 ἀλλά
3253 954 3401 1015 θεοὺς
3437 953 3534 1006 ἐπὶ

1973 1045 2114 1108 θεοῖς
2147 1045 2491 1108 ἐπινοοῦντες
2515 1089 2532 1110 ,
2587 1047 2679 1098 καὶ
2722 1045 2834 1098 τῶν
2878 1045 3091 1099 οἰκείων
3132 1046 3326 1098 παθῶν·
3357 1063 3535 1115 χειρο-

1970 1137 2250 1200 τονοῦντες
2277 1155 2336 1189 τε
2367 1139 2460 1189 καὶ
2485 1137 2844 1207 ὀνομάζοντες
2866 1179 2881 1202 ,
2933 1137 3020 1190 ἴνα
3065 1137 3392 1207 συγγνώμην
3419 1140 3540 1202 ταῖς

1973 1228 2202 1290 οἰκείαις
2233 1227 2552 1290 ἀκολασίαις
2581 1227 2910 1295 πορίζοιντο,
2944 1227 3099 1290 θεοὺς
3127 1227 3400 1288 τοιούτους
3423 1228 3544 1280 ἑπι-

1974 1410 2156 1480 ποιτὴρ
2187 1409 2394 1480 ἀνδρῶν
2421 1425 2480 1460 τε
2513 1409 2650 1460 θεῶν
2677 1425 2768 1471 τε,
2819 1409 2910 1460 τὸν
2939 1408 3128 1478 Φρύγα
3167 1407 3228 1461 τὸ
3259 1407 3545 1476 μειράκιον

1973 1502 2030 1564 ἐς
2089 1501 2272 1570 ὄρνεον
2340 1499 2880 1570 μετασχηματισθεὶς
2931 1499 3184 1566 -ἀσελγῶς
3235 1499 3543 1568 διήρπασε·

1976 1591 2166 1660 μισθόν
2195 1607 2254 1642 τε
2285 1591 2386 1658 τῆς
2415 1590 2824 1659 αἰσχρουργίας,
2862 1589 2958 1659 τὴν
2989 1588 3188 1641 κύλικα
3219 1589 3544 1658 παρέσχετο,

1973 1683 2070 1751 τὴν
2120 1681 2436 1750 φιλοτησίαν
2486 1682 2770 1750 προπίνειν
2819 1679 3152 1750 ἐπιτρέψας,
3205 1679 3280 1741 ὡς
3309 1679 3374 1731 ἂν
3404 1677 3546 1747 μετά

1974 1772 2068 1826 τοῦ
2103 1774 2368 1844 νέκταρος
2401 1774 2495 1826 καὶ
2528 1773 2592 1826 τὰ
2623 1773 2800 1842 ὀνείδη
2833 1771 3028 1835 κοινῶς
3057 1773 3282 1824 πίνοιεν.
3321 1772 3416 1832 Ὃς
3449 1769 3550 1822 καὶ

1979 1869 2193 1937 μυρίοις
2241 1866 2422 1929 ἄλλοις
2471 1868 2822 1935 ἀτοπήμασι,
2878 1865 2974 1917 καὶ
3023 1863 3174 1934 παρὰ
3215 1864 3328 1922 τοῖς
3369 1861 3550 1914 οὐδέσι

1973 1959 2082 2013 τῶν
2131 1957 2438 2029 ἀνθρώπων
2487 1957 2990 2027 ἀπηγορευμένοις,
3053 1955 3146 2008 καὶ
3195 1954 3330 2024 πρὸς
3367 1955 3554 2006 πᾶσαν

1974 2051 2188 2118 ἀλόγων
2240 2050 2384 2102 ἱδέαν
2439 2051 2468 2101 ὀ
2518 2049 2736 2100 πάντων
2781 2046 3120 2114 ἀλογώτατος
3165 2043 3548 2115 μεταϐληθεὶς,

1973 2143 2301 2211 ἀνδρόγυνος
2349 2141 2602 2208 γίνεται,
2649 2141 2697 2192 εἰ
2745 2139 2837 2192 καὶ
2881 2139 2954 2209 μὴ
2984 2139 3084 2206 τὴν
3111 2136 3373 2206 γαστέρα,
3409 2135 3554 2188 ἀλλὰ

1974 2235 2106 2303 γοῦν
2141 2235 2232 2286 τὸν
2265 2233 2437 2304 μηρὸν
2470 2231 2783 2300 κυοφορῶν,
2821 2232 2909 2284 ἵνα
2945 2234 3038 2284 καὶ
3067 2231 3237 2282 ταῦτα
3269 2229 3418 2299 παρά
3445 2229 3552 2297 φύ-

1975 2345 2059 2380 σιν
2113 2327 2260 2394 οιὺτῷ
2311 2326 2626 2396 πράττοιτο.
2677 2319 2752 2378 Οὗ
2785 2323 2877 2376 καί
2911 2325 2972 2376 τὸ
3001 2323 3334 2394 διθύραμϐον
3359 2322 3552 2392 κύημα

1975 2417 2304 2488 ἀνδρόγυνον
2347 2417 2639 2486 γενόμενον
2668 2456 2682 2478 ,
2743 2414 3012 2485 ἑκατέραν
3065 2413 3312 2484 ἐνύϐρισε
3363 2414 3549 2480 φύσιν,

1978 2509 2146 2578 μέθης
2197 2509 2424 2578 ἔξαρχον
2447 2549 2461 2574 ,
2517 2508 2868 2577 οἰνοφλυγίας
2897 2525 2956 2558 τε
2986 2502 3054 2559 αὖ
3089 2509 3182 2559 καί
3215 2506 3550 2575 κραιπάλης,

1975 2599 2067 2652 καί
2099 2616 2160 2668 γε
2197 2599 2585 2669 ἐωλοκρασίας,
2626 2599 2722 2651 καὶ
2753 2599 2862 2650 τῶν
2895 2599 3141 2652 ἐντεῦθεν
3171 2598 3374 2651 δεινῶν.
3411 2597 3554 2649 Τού-

1975 2705 2052 2759 τῳ
2101 2688 2178 2758 τῷ
2220 2689 2448 2758 αἰγιόχῳ
2485 2689 2564 2760 τῷ
2609 2687 3070 2759 ἐριϐρεμέτῃικαί
3099 2705 3148 2739 τι
3179 2687 3375 2756 σεμνὸν
3405 2687 3424 2755 (
3441 2687 3554 2756 46)

1977 2781 2156 2832 ἐκεῖνο
2205 2779 2587 2849 περιτιθέασι,
2642 2778 2978 2849 πατραλοίαν
3019 2776 3416 2840 ἀποκαλοῦντες
3451 2779 3560 2846 τὴν

1977 2871 2213 2940 ἐσχάτην
2237 2872 2389 2940 παρά
2414 2872 2550 2924 πᾶσι
2574 2869 2784 2940 ποινὴν,
2807 2864 2894 2922 οἷα
2915 2870 3008 2921 τὸν
3031 2868 3237 2938 Κρόνον
3258 2868 3346 2920 τὸν
3365 2867 3559 2930 κακῶς

1977 2963 2142 3014 αὐτὸν
2169 2966 2418 3031 φύσαντα
2449 2963 2551 3030 τῆς
2581 2961 2858 3030 βασιλείας
2883 2960 3249 3030 ἐξωθήσαντα.
3304 2959 3370 3011 Τί
3407 2958 3454 3010 δ’
3485 2959 3558 3011 ἂν

301 3055 599 3118 utrumque
647 3065 838 3103 sexum
868 3051 1202 3106 contumelia
1226 3052 1440 3107 aﬂ‘eeit:
1476 3063 1668 3108 auctor
1693 3061 1868 3107 temu-

1977 3056 2146 3124 φαίην
2182 3055 2275 3107 καὶ
2307 3056 2434 3124 περὶ
2465 3055 2559 3124 τῆς
2591 3051 3020 3128 θεουργηθείσης
3051 3051 3236 3112 αὐτοῖς
3269 3049 3558 3118 πορνείας,

301 3133 508 3204 lentiae,
540 3139 843 3203 ebrietatis,
879 3149 937 3194 et
963 3142 1220 3210 crapulae,
1251 3151 1307 3196 et
1333 3143 1576 3197 omnium
1600 3159 1720 3212 quae
1749 3143 1879 3197 inde

301 3237 608 3284 nascuntur
651 3229 940 3284 malorum.
984 3230 1124 3286 lluic
1154 3231 1420 3302 ΑΞςίοοίιο
1458 3241 1515 3287 et
1554 3231 1878 3288 Altitonanti

301 3319 454 3374 aliud
482 3320 742 3389 quiddam
789 3331 849 3374 ut
891 3321 1240 3392 magniﬁcum
1289 3324 1620 3389 attribuunt,
1653 3325 1880 3394 parrici—

301 3408 427 3462 dam
470 3425 596 3464 eum
645 3411 1006 3479 appellantes,
1059 3412 1206 3481 quod
1254 3424 1560 3468 extremum
1594 3415 1738 3483 apud
1763 3431 1879 3468 om-

303 3514 406 3555 nes
449 3501 629 3556 scelus
659 3502 1042 3558 existimatur:
1070 3511 1360 3573 propterea
1389 3505 1538 3574 quod
1579 3505 1876 3559 Saturnum

304 3590 398 3658 qui
427 3591 570 3644 malo
598 3590 712 3646 fato
742 3593 920 3662 ipsum
945 3601 1232 3664 genuerat,
1263 3611 1330 3647 ex
1349 3610 1529 3664 regno
1553 3595 1874 3664 expulisset.

301 3680 422 3736 Iam
445 3698 576 3737 vero
601 3685 734 3754 quid
767 3684 834 3740 de
862 3687 1199 3741 scortatione
1221 3686 1399 3741 dicam
1425 3687 1495 3741 ab
1525 3687 1658 3756 ipsis
1685 3703 1878 3742 conse-

301 3781 475 3838 erata,
527 3775 616 3830 cui
666 3774 937 3831 Venerem
997 3777 1253 3848 Cypriam
1301 3794 1332 3832 e
1375 3779 1590 3832 concha
1637 3779 1876 3849 genitam

302 3864 666 3933 praefecerunt
695 3885 706 3920 :
739 3883 860 3936 qua:
887 3869 1284 3924 continentiam
1329 3869 1576 3940 quidem,
1621 3880 1875 3940 tanquam

302 3953 482 4010 scelus
527 3956 802 4025 quoddam
855 3975 919 4016 ac
962 3961 1240 4028 piaculum
1287 3969 1620 4015 aversatur:
1671 3960 1878 4029 stupris

301 4060 434 4100 vero
456 4055 511 4102 et
541 4050 881 4118 quibuslibet
907 4051 1126 4122 ﬂagitiis
1151 4052 1480 4116 delectatur,
1529 4052 1706 4121 iisque
1746 4051 1878 4120 ipsis

300 4136 406 4190 coli
450 4153 570 4194 sese
607 4156 670 4192 ac
699 4141 904 4209 placari
933 4142 1105 4212 eupit.
1135 4143 1271 4198 Cum
1303 4160 1408 4212 qua
1444 4143 1585 4198 Mars
1614 4127 1876 4212 congrcs~

301 4240 416 4288 sus,
448 4235 568 4280 astu
594 4227 821 4284 Vulcani
853 4230 1084 4295 reliquis
1115 4231 1222 4285 diis
1252 4231 1585 4298 spectandus
1624 4247 1687 4286 ac
1725 4231 1876 4284 deri-

301 4313 515 4371 dendus
571 4321 890 4388 exponitur.
941 4322 1140 4376 Riserit
1195 4322 1364 4376 etiam
1421 4338 1530 4376 non
1595 4323 1876 4377 immerito

1980 3143 2014 3225 ᾗ
2062 3151 2161 3219 τὴν
2199 3147 2523 3219 ’Δφροδίτην
2577 3147 2676 3218 τὴν
2703 3144 3132 3216 κοχλογεννήτην
3157 3143 3410 3210 Κυπρίαν
3453 3141 3560 3192 ἐπ-

1980 3240 2237 3309 ἐστησαν;
2271 3241 2371 3309 τὴν
2411 3239 2509 3309 μὲν
2543 3237 2917 3308 σωφροσύνην,
2955 3235 3028 3297 ὡς
3063 3233 3254 3301 ἐναγές
3282 3249 3335 3284 τι
3367 3231 3560 3301 χρῆμα

1980 3331 2072 3385 καὶ
2115 3330 2394 3400 τηνάλλως
2429 3330 2656 3383 Ιἔκτοπον
2692 3325 3106 3396 μυσαττομένην
3128 3339 3142 3353 ·
3190 3319 3465 3392 πορνείαις
3493 3318 3560 3373 δὲ

1979 3423 2074 3476 καὶ
2104 3423 2305 3485 πάσαις
2335 3419 2749 3491 αἰσχρουργίαις
2773 3407 3060 3487 ήδομένην,
3087 3415 3178 3468 καὶ
3202 3411 3412 3475 τούτοις
3439 3411 3562 3465 ίλὰ-

1981 3513 2204 3568 σκεσθαι
2237 3513 2589 3584 βουλομένην.
2628 3510 2762 3565 Μεθ’
2794 3504 2860 3581 ἧς
2887 3511 3060 3578 Ἀρης
3089 3507 3406 3576 ἀσχημονεῖ,
3443 3505 3560 3566 τοῖς

1990 3600 2286 3674 Ἡφαίστου
2319 3599 2686 3668 τεχνάσμασιν
2733 3598 2838 3650 ὑπὸ
2883 3599 2994 3657 τοῖς
3025 3595 3164 3656 θεοῖς
3199 3591 3560 3662 θεατριζόμε-

1981 3689 2068 3753 νός
2099 3707 2157 3742 τε
2189 3689 2282 3742 καὶ
2307 3687 2634 3756 γελώμενος.
2677 3688 2899 3740 Γελάσοι
2930 3686 2986 3739 δὲ
3013 3687 3075 3740 ἄν
3103 3701 3184 3746 τις
3210 3682 3430 3744 δικαίως
3460 3682 3562 3736 καὶ

1981 3779 2214 3848 φαλλοὺς
2267 3779 2468 3841 αὐτῶν,
2509 3779 2603 3832 καὶ
2665 3777 3008 3846 ἰθυφάλλους,
3045 3777 3141 3828 καὶ
3169 3772 3560 3840 Φαλλαγώγια,

1979 3871 2072 3924 καὶ
2102 3871 2352 3942 Πρίαπον
2384 3869 2758 3939 ὑπερμεγέθη,
2789 3870 2884 3920 καὶ
2908 3869 3060 3920 Πᾶνα
3085 3867 3356 3935 ἀσχήμονι
3381 3862 3562 3932 μορίῳ

1979 3967 2310 4030 τιμώμενον,
2370 3961 2462 4014 καὶ
2511 3959 2579 4013 τά
2629 3962 2688 4012 ἐν
2721 3959 2985 4011 Ἐλευσῖνι
3019 3959 3316 4026 μυστήρια,
3349 3951 3468 4006 xc)?
3495 3951 3560 4005 ἓν

1983 4055 2140 4124 μόνον
2171 4053 2455 4117 ἐπαινετὰ,
2482 4055 2562 4104 ὅτι
2589 4069 2652 4120 γε
2683 4052 2832 4120 ἣλιος
2857 4053 2955 4121 οὐχ
2976 4051 3095 4120 ὁρᾷ,
3124 4048 3256 4102 ἀλλὰ
3279 4045 3354 4115 τῷ
3377 4045 3560 4110 σκίτῳ

1980 4143 2247 4194 συνοικεῖν
2279 4141 2934 4212 κατεκρίθησαν.Τού·ι-ων
2952 4141 3060 4200 τοῖς
3086 4136 3323 4207 αξσχρῶς
3353 4131 3558 4200 τιμῶσί

1975 4247 2036 4283 τε
2101 4229 2197 4282 καὶ
2241 4231 2573 4300 τιμωμένοις
2655 4225 3252 4296 καταλιμπανομὲνων,
3307 4222 3399 4274 ἐπὶ
3451 4218 3556 4288 τὴν

1978 4322 2180 4376 νύσσαν
2211 4323 2303 4375 τὸν
2331 4321 2510 4373 πῶλον
2540 4322 2991 4389 ἐκκεντήσωμεν,
3039 4317 3133 4370 καὶ
3161 4315 3230 4368 τὰ
3257 4313 3556 4382 λειπόμενα

301 4408 575 4477 quispiam
609 4411 825 4466 Phallos
849 4429 1064 4476 eorum,
1089 4423 1146 4466 et
1179 4413 1517 4484 lthyphallos
1557 4429 1620 4468 ac
1660 4415 1873 4470 Phalla-

1977 4414 2074 4481 τῆς
2104 4411 2386 4466 Θεοδοσίου
2417 4411 2696 4480 βασιλείας
2724 4412 3070 4472 εύσυνόπτως
3099 4405 3452 4474 ἀποθώμεθα.

301 4505 478 4571 gogia,
515 4510 570 4556 et
614 4517 895 4558 enormem
935 4503 1216 4574 Priapum,
1265 4519 1328 4558 ac
1372 4506 1572 4562 Panem
1621 4506 1716 4574 qui
1762 4506 1908 4576 turpi
1943 4505 2142 4561 colitur
2171 4503 2439 4558 membro.
2473 4501 2726 4572 Mysteria
2759 4502 2888 4555 item
2933 4515 3054 4568 quae
3119 4497 3374 4552 Eleusine
3404 4496 3554 4549 cclc-

231 4621 238 4632 ·
303 4597 552 4662 brautur,
603 4598 672 4651 ob
737 4599 788 4652 id
849 4599 1024 4652 solum
1069 4598 1364 4664 laudanda,
1411 4599 1558 4668 quod
1602 4617 1632 4653 a
1673 4601 1784 4659 sole
1828 4616 1939 4655 non
1981 4600 2272 4664 videntur,
2317 4595 2414 4654 sed
2465 4598 2750 4668 perpetuis
2797 4595 3044 4650 tenebris
3095 4593 3348 4648 damnata
3397 4601 3549 4644 sunt.

233 4673 243 4726 ί
303 4689 506 4743 Verum
535 4687 652 4742 haec
703 4699 810 4742 tam
842 4689 928 4744 his
953 4690 1044 4759 qui
1073 4690 1176 4756 ista
1207 4691 1440 4759 turpiter
1465 4691 1674 4754 colunt,
1701 4707 1866 4760 quam
1907 4691 1974 4745 iis
2009 4691 2105 4761 qui
2149 4690 2414 4744 coluntur
2439 4688 3073 4758 relinquentes,.equum
3123 4683 3200 4770 ad
3231 4689 3402 4736 metas
3467 4683 3556 4736 in-

300 4787 555 4848 citemus,
585 4792 642 4840 et
669 4799 792 4854 quae
821 4795 1118 4854 supersunt
1133 4786 1206 4850 de
1241 4787 1406 4840 rebus
1437 4788 1605 4856 gestis
1631 4787 1951 4852 Theodosii,
1988 4785 2236 4842 omnium
2267 4785 2442 4840 oculis
2471 4783 2853 4854 subjiciamus.

819 4899 980 4970 265
1007 4898 1158 4955 CAP.
1195 4899 1312 4954 xn.

301 4989 568 5055 Quomodo
613 4996 741 5063 imp.
775 4993 1086 5048 Theodosius
1117 4993 1368 5076 ﬁmesim
1419 4993 1646 5048 Nestorit'
1689 4997 1872 5065 proﬂi-

1008 5075 1171 5134 gavit.

370 5149 584 5220 Scripta
616 5159 700 5207 est
729 5152 796 5208 ab
827 5154 1022 5210 eodem
1070 5155 1404 5225 imperatore
1431 5157 1751 5213 constitutio
1774 5157 1874 5212 ad-

300 5241 522 5306 modum
547 5243 638 5315 pia
660 5261 676 5311 ;
699 5261 820 5316 quae
839 5247 1010 5304 relata
1030 5255 1115 5303 est
1133 5247 1190 5303 in
1207 5248 1706 5318 primoJustiniani
1730 5249 1872 5306 libro

373 5396 396 5427 ⁸
421 5395 469 5452 ιι
502 5396 630 5453 Cor.
663 5415 758 5466 xu,
798 5399 852 5456 9.

2569 4899 2816 4952 ΚΕΦΑΛ.
2860 4899 2958 4951 1Β¹.

1983 4997 2174 5060 Ὅπως
2218 4997 2250 5047 ὁ
2271 4991 2572 5058 βασιλεὺς
2597 4991 2933 5060 Θεοδόσιος,
2963 4989 3078 5054 τὴν
3105 4983 3433 5050 Νεστορίου
3463 4981 3552 5032 αῖ-

2481 5077 2663 5128 ρεσιν
2705 5059 3054 5114 ἀπελαύνει.

2043 5153 2358 5223 Γέγραπται
2388 5151 2432 5204 δ’
2462 5149 2555 5206 οὖν
2599 5151 2748 5221 αὐτῷ
2781 5147 3125 5216 πανευσεϐὴς
3157 5143 3419 5208 διάταξις,
3446 5137 3552 5194 ἀνὰ

1973 5247 2034 5300 τὺ
2064 5244 2274 5318 πρῶτον
2297 5244 2498 5317 βιϐλίον
2527 5245 2776 5315 κειμένη,
2811 5237 3183 5296 Ἰουστινιανοῦ
3211 5230 3401 5296 notat
3421 5233 3550 5288 ὠνὸ-
3647 5283 3650 5286 ,

1391 5598 1394 5602 Ι
1503 5519 1776 5574 νςιιιιειι
1817 5513 2380 5572 ANNOTATIONES.

369 5613 478 5686 (ιϐ)
513 5613 626 5686 Καί
675 5633 729 5668 τι
757 5617 1004 5686 σεμνόν.
1053 5615 1174 5670 Non
1225 5615 1419 5670 dubito
1451 5615 1586 5686 quin
1621 5614 1873 5671 scribenti

2001 5613 2073 5668 sit
2096 5611 2168 5674 63;
2199 5628 2250 5666 τι
2307 5609 2524 5681 σεμνὸν,
2558 5618 2692 5674 etc.,
2735 5607 2791 5664 in
2829 5607 2918 5664 his
2965 5606 3114 5662 enim
3143 5603 3359 5678 Evagrii
3387 5602 3552 5662 libris

297 5683 399 5752 ιιι
419 5685 620 5764 passim
654 5685 898 5766 positum
925 5693 1042 5742 erat
1073 5701 1172 5755 pro
1201 5688 1295 5749 ὡς.
