3940 6202
430 254 573 319 2455

368 482 371 485 ν
433 459 592 529 cipue
625 459 888 514 omissum
932 475 1073 525 esse,
1126 462 1286 533 cujus
1329 464 1593 519 memoria
1635 466 1780 534 apud
1807 477 2008 522 sanctae

432 553 748 609 solitudinis
776 553 984 610 incolas
1014 556 1313 610 etiamnum
1346 569 1616 623 servatur,
1648 567 1703 613 et
1736 565 1880 629 quod
1908 576 2008 615 nos

433 644 502 699 ab
529 644 637 699 illis
663 646 996 714 accepimus.
1045 646 1183 701 Cum
1226 647 1393 717 igitur
1449 649 1749 719 Symeones
1783 652 1884 705 iste
1911 653 2006 721 qui

433 735 489 787 in
516 735 680 789 terris
711 735 957 805 angelus,
989 744 1044 791 et
1089 736 1145 791 in
1175 752 1341 792 carne
1372 737 1511 791 civis
1547 738 2009 801 cmles’tisllieru—

432 826 599 880 salem
628 826 753 890 fuit,
807 842 1005 882 novam
1064 828 1208 883 hanc
1261 836 1318 884 et
1372 830 1699 887 mortalibus
1741 835 2007 890 hactenus

430 918 671 988 ignotam
699 920 916 975 vivendi
952 921 1218 979 rationem
1257 925 1606 993 instituisset,
1637 939 1838 985 sanetae
1880 932 2007 984 soli-

432 1010 641 1066 tudinis
665 1009 856 1066 incola:
883 1014 1174 1082 quemdam
1233 1017 1300 1070 ad
1350 1033 1477 1072 eum
1520 1021 1813 1089 miserunt,
1854 1040 2031 1081 man»

339 1092 349 1144 ἶ
429 1099 625 1155 dantes
655 1112 714 1157 ut
741 1118 807 1158 ex
837 1104 930 1158 illo
954 1106 1353 1173 sciscitaretur,
1400 1126 1650 1181 quaenam
1691 1124 1839 1169 esset
1891 1115 2005 1170 haec

348 1184 355 1199 λ
429 1206 570 1245 nova
616 1206 680 1246 ac
728 1192 1017 1262 peregrina
1053 1197 1421 1262 conversatio,
1469 1206 1525 1252 et
1572 1214 1671 1253 cur
1710 1201 1854 1254 viam
1894 1202 2003 1271 jam

429 1283 613 1336 tritam
636 1292 1020 1339 etsanctorum
1050 1285 1297 1353 vestigiis
1318 1287 1637 1357 impressam
1667 1292 2001 1361 relinquens.

430 1373 590 1427 aliaat
646 1373 762 1444 ipse
819 1390 1012 1429 novam
1060 1377 1307 1447 nullique
1356 1379 1670 1433 mortalium
1707 1381 1888 1437 adhuc
1915 1398 2005 1450 eo-

430 1463 635 1532 gnitam
661 1463 941 1518 inivisset:
980 1466 1141 1530 simul
1190 1468 1569 1537 pi'aacipientes
1598 1470 1646 1524 ei
1682 1478 1742 1524 ut
1770 1472 2004 1526 descen-

430 1554 608 1619 deret,
639 1566 694 1608 et
722 1556 1021 1611 electorum
1053 1558 1274 1612 Patrum
1320 1560 1463 1617 viam
1523 1561 1821 1617 insisteret.
1846 1562 2002 1629 Quod

428 1643 475 1698 si
528 1644 618 1701 ille
669 1653 918 1714 paratum
967 1662 1025 1701 se
1069 1648 1402 1706 ostendisset
1431 1650 1499 1704 ad
1534 1650 2002 1719 descendendum,

421 1734 709 1803 jusserunt
740 1743 799 1788 ut
819 1751 920 1789 suo
946 1752 1098 1791 more
1130 1737 1314 1794 vivere
1355 1739 1653 1795 sineretur.
1677 1740 2003 1797 Obedientia

425 1825 573 1880 enim
602 1827 723 1896 ejus
751 1827 885 1882 satis
936 1828 1224 1895 declarari,
1273 1831 1418 1899 quod
1470 1832 1582 1887 Deo
1641 1833 1781 1888 duce
1839 1842 2005 1904 atque

425 1926 652 1972 auctore
682 1918 995 1989 hujnsmodi
1048 1922 1495 1976 exercitationem
1556 1924 1907 1994 suscepisset.
1948 1926 2005 1980 Si

425 2024 558 2063 vero
588 2009 945 2074 detrectaret,
1002 2027 1066 2067 ac
1126 2014 1362 2083 propriae
1415 2016 1683 2070 voluntati
1736 2017 2004 2073 inservire

425 2099 631 2165 mallet,
675 2114 779 2157 nec
836 2102 1078 2172 ipsorum
1114 2105 1339 2160 monitis
1393 2106 1540 2163 illico
1583 2109 2002 2178 obsequeretur,

425 2196 757 2252 mandarunt
808 2208 869 2254 ut
920 2214 1046 2254 eum
1100 2201 1152 2256 vi
1209 2202 1499 2273 abreptum
1535 2205 1874 2261 detraheret.
1899 2206 2004 2273 Qui

426 2304 551 2345 cum
583 2290 652 2344 ad
701 2292 853 2355 illum
904 2280 1166 2359 venisset,
1214 2304 1270 2350 et
1317 2296 1538 2351 Patrum
1590 2298 1641 2352 ei
1686 2299 2002 2354 mandatum

426 2393 792 2452 exposuisset,
819 2394 877 2440 et
924 2387 1210 2441 confestim
1257 2387 1493 2459 Symeon
1533 2389 1767 2444 alterum
1808 2391 2003 2461 pedem

427 2472 743 2529 demisisset
797 2485 858 2530 ut
904 2479 1194 2547 prmeeptis
1230 2479 1449 2535 Patrum
1476 2480 1918 2553 obtemperaret:
1960 2483 2006 2538 is

427 2564 523 2633 qui
555 2564 623 2618 ad
652 2566 807 2619 illum
838 2567 1039 2622 missus
1070 2569 1267 2632 fuerat,
1294 2571 1543 2641 permisit
1565 2570 1638 2631 ei.
1692 2583 1749 2626 ut
1781 2588 2003 2627 cursum

427 2671 592 2724 quem
624 2656 935 2711 instituerat
963 2667 1195 2721 teneret.
1224 2661 1311 2715 his
1344 2678 1470 2719 eum
1526 2665 1714 2719 verbis
1761 2666 2007 2736 compel-

428 2746 583 2808 lans:
619 2748 797 2803 Fortis
833 2758 971 2812 esto,
1016 2759 1075 2811 et
1106 2752 1341 2808 viriliter
1374 2771 1492 2827 age.
1514 2755 1688 2811 Statio
1720 2766 1809 2813 tua
1837 2774 1867 2813 a
1893 2760 2006 2814 Deo

427 2847 534 2894 est.
586 2840 700 2895 Hoc
751 2840 1038 2912 Siymeonis
1098 2842 1298 2898 factum
1346 2863 1571 2916 prorsus
1626 2850 2004 2918 memorabile,

428 2927 536 2984 hoc
565 2928 686 2984 loco
725 2934 1171 2999 commemoravi,
1196 2935 1341 3004 quod
1370 2945 1549 2991 tamen
1577 2938 1644 2993 ab
1679 2938 1746 2993 iis
1790 2940 1884 3012 qui
1937 2939 2007 2996 de

429 3019 524 3075 illo
580 3022 938 3090 scripserunt,
992 3026 1418 3093 praetermissum
1458 3038 1562 3083 est.
1615 3028 1787 3086 Tanta
1837 3047 2004 3102 porro

428 3111 630 3167 divina:
680 3113 866 3183 gratia:
904 3115 1080 3171 virtus
1136 3117 1191 3171 in
1225 3133 1291 3173 eo
1324 3119 1522 3186 inerat,
1573 3131 1632 3176 ut
1672 3138 1796 3177 cum
1828 3122 2005 3193 Impe-

429 3212 580 3269 rator
617 3203 962 3263 Theodosius
1011 3209 1213 3264 Judazis
1256 3210 1602 3267 Antiochiam
1637 3214 2009 3270 incolentibus

429 3312 728 3371 synagogas
756 3315 893 3371 quas
921 3299 1218 3367 Christiani
1255 3302 1363 3359 illis
1398 3304 1740 3372 ademerant,
1783 3308 2004 3361 restitui

423 3388 698 3467 juss'sset,
746 3378 983 3463 Symeon
1018 3402 1163 3454 tanta
1201 3410 1327 3449 cum
1386 3394 1585 3451 ﬁducia
1638 3413 1702 3452 ac
1748 3398 2008 3463 libertate

427 3479 494 3533 ad
517 3497 642 3536 eum
669 3483 969 3553 scripserit,
992 3494 1208 3556 tamque
1233 3488 1434 3544 acriter
1456 3505 1581 3543 eum
1612 3489 2005 3561 obiurgaverit,

428 3574 606 3629 solum
640 3575 1027 3644 imperatorem
1061 3593 1222 3643 suum
1274 3580 1445 3636 Deum
1487 3581 1777 3646 reveritus,
1814 3590 1873 3635 ut
1914 3582 2007 3636 im-

426 3675 649 3735 perator
679 3665 1041 3733 Theodosius,
1088 3681 1343 3726 revocata
1379 3672 1628 3742 jussione
1654 3688 1773 3737 sua,
1806 3682 2006 3729 cuncta

428 3758 485 3817 in
536 3758 764 3827 gratiam
826 3758 1270 3815 Christianorum
1335 3761 1565 3829 fecerit;
1628 3770 1684 3817 et
1744 3764 2006 3833 praefecto

428 3849 670 3917 prmtorii
702 3849 796 3919 qui
828 3850 944 3905 haec
964 3850 1066 3921 ipsi
1100 3862 1466 3923 suggesserat,
1487 3862 1812 3923 potestatem
1846 3855 2008 3909 abro-

429 3941 639 4009 gaverit
663 3957 676 3992 :
701 3941 1033 4011 petieritque
1056 3944 1381 3999 nominatim
1404 3960 1433 3997 a
1462 3944 1810 3999 sanctissimo
1843 3955 2006 4015 atque

430 4031 581 4085 aerio
642 4027 900 4106 martyre,
958 4045 1018 4090 u-t
1084 4052 1183 4105 pro
1249 4037 1368 4104 ipso
1434 4038 1603 4091 Deum
1664 4047 2006 4106 precaretur,

433 4141 699 4196 suamque
767 4128 868 4197 ipsi
933 4128 1379 4185 benedictionem
1442 4129 1771 4199 impertiret.
1835 4131 2007 4185 Porro

434 4214 670 4285 Symeon
716 4215 772 4271 in
819 4216 923 4272 hac
971 4220 1365 4279 exercitatione
1397 4237 1491 4286 sex
1525 4219 2006 4290 etquinquaginta

1641 261 1957 322 EVAGRII
1999 262 2487 323 SCHOLASTICI

416 366 690 425 .moravit.
728 367 930 422 Verum
978 366 1467 438 deprehendimus,
1498 370 1551 425 id
1602 371 1671 426 ab
1725 373 1836 427 illis
1868 390 2008 443 pI‘IB-
2039 380 2086 435 Α

3518 267 3640 333 ἓᾶἱνύ

2117 377 2267 447 παρὰ
2293 378 2404 439 τοῖς
2429 375 2529 444 τῆς
2553 374 2714 443 ἁγίας
2745 373 2951 444 ἐρήμου
2985 373 3398 443 κατειλήφαμεν,
3423 377 3507 429 καὶ
3524 371 3640 452 παρ’

2112 469 2292 524 αὐτῶν
2322 467 2762 539 παρειλήφαμεν.
2797 466 2925 517 Ὅτε
2952 464 2997 516 δ’
3027 459 3119 517 οὖν
3145 463 3418 537 Συμεώνης
3451 462 3590 533 οὗτος
3613 473 3638 523 ὀ

2112 562 2206 617 ἐπὶ
2232 564 2329 630 τῆς
2370 561 2473 631 γῆς
2506 548 2758 627 ἄγγελος,
2795 557 2822 608 ό
2850 557 2909 609 ἐν
2942 556 3105 624 σαρκὶ
3137 555 3237 624 τῆς
3265 555 3364 609 ἄνω
3395 559 3634 627 Ἰερουσα-

2110 652 2222 722 λὴμ
2252 651 2498 717 πολίτης,
2539 647 2634 718 τὴν
2678 646 2835 717 ξένην
2861 643 3063 714 ταύτην
3107 644 3200 696 καὶ
3232 647 3336 707 τοῖς
3363 647 3639 717 ἀνθρώποις.

2109 742 2331 810 ἀγνῶτα
2360 739 2546 812 τρίϐον
2574 737 2925 808 ἐπετήδευσε,
2960 735 3234 789 στέλλουσί
3266 752 3374 788 τινα
3402 737 3510 807 παρ’
3538 740 3626 792 αὖ.

2108 834 2199 888 τὸν
2225 834 2276 886 οἱ
2304 834 2404 903 τῆς
2452 830 2615 899 ἁγίας
2646 831 2876 900 ἐρήμου,
2909 828 3276 897 ἐντειλάμενοι
3315 828 3455 897 φάναι
3483 831 3553 892 τίς
3593 834 3623 900 ἡ

2110 924 2448 996 ξενοπρεπὴς
2480 921 2619 992 αὕτη
2654 920 2918 978 πολιτεία·
2952 920 3004 972 τί
3034 919 3131 990 τὴν
3174 919 3509 989 τετριμμένην
3543 922 3623 973 καὶ

2107 1024 2222 1084 τοῖς
2255 1019 2433 1088 ἁγίοις
2470 1014 2862 1083 πεπατημένην
2890 1012 3007 1066 ὁδὸν
3035 1012 3216 1079 ἀφεὶς,
3247 1010 3401 1080 ἄλλην
3425 1011 3527 1064 τινὰ
3550 1011 3626 1078 ξέ-

2106 1126 2217 1183 νην
2265 1110 2362 1163 καὶ
2441 1109 2552 1170 τοῖς
2625 1104 2934 1175 ἀνθρώποις
2991 1100 3245 1166 καθάπαξ
3305 1102 3629 1171 ἀγνοουμένην

2106 1202 2303 1257 ὁδεύει·
2333 1200 2428 1254 καὶ
2455 1199 2530 1261 ὡς
2576 1195 3011 1264 ἐπιτετράφασιν
3042 1192 3190 1263 αὐτῷ
3224 1192 3527 1261 καταεῆναι,
3553 1194 3636 1245 καὶ

2107 1293 2206 1365 τὴν
2241 1292 2346 1344 τῶν
2386 1288 2657 1343 ἐκλεκτῶν
2710 1286 2966 1354 Πατέρων
2994 1283 3110 1337 ὁδὸν
3154 1282 3355 1336 ἀνύειν.
3389 1284 3562 1351 Οίπερ,
3596 1282 3638 1333 εί

2112 1387 2210 1455 μὲν
2240 1384 2494 1450 ἐκθύμως
2529 1381 2642 1452 (50)
2676 1377 2868 1432 ἑαυτὸν
2898 1375 3031 1446 πρὸς
3057 1376 3159 1443 τὴν
3188 1373 3476 1428 κατάϐασιν
3518 1374 3637 1442 δοίη,

2112 1479 2420 1548 συγχωρεῖν
2451 1472 2742 1527 ἐκέλευσαν
2769 1469 2919 1539 αὐτῷ
2965 1467 3062 1538 τὴν
3104 1468 3242 1521 ἰδίαν
3280 1467 3557 1537 ἐκτρέχειν·
3587 1466 3641 1517 ἐκ

2107 1569 2216 1638 γὰρ
2264 1568 2362 1637 τῆς
2410 1564 2655 1632 ὑπακοῆς
2689 1562 2845 1631 δῆλον
2874 1557 3033 1624 εἶναι,
3060 1562 3136 1624 ὡς
3176 1562 3243 1613 ἐκ
3275 1557 3404 1611 Θεοῦ
3437 1556 3645 1623 ποδηγη-

2108 1662 2221 1724 θεὶς
2265 1653 2366 1712 ὧδε
2411 1654 2701 1710 διαθλεύει.
2752 1655 2818 1708 Εἰ
2856 1652 2914 1705 δέ
2964 1669 3025 1719 γε
3058 1649 3418 1719 ἁντισταίη,ἣ
3448 1647 3535 1700 καί
3561 1645 3643 1698 τοῦ

2036 1720 2077 1774 Β
2111 1720 2242 1805 ἰδίου
2288 1749 2592 1817 θελήματος
2638 1743 2822 1805 δοῦλος
2869 1740 3096 1809 γένοιτο,
3155 1739 3250 1791 καὶ
3296 1737 3367 1807 μὴ
3409 1735 3532 1806 πρὸς
3560 1733 3645 1802 τὴν

2106 1841 2411 1914 ἐπιτροπὴν
2450 1838 2818 1907 ἰθυδρομήσοι,
2857 1834 2952 1887 καὶ
2982 1834 3117 1903 πρὸς
3145 1832 3269 1903 βίαν
3291 1829 3446 1883 αὐτὸν
3475 1825 3649 1880 καθέλ-

2107 1957 2245 1993 κειν.
2285 1938 2379 1998 Ὃς
2410 1932 2707 1999 ἐπειδήπερ
2758 1928 2888 1999 παρ’
2936 1927 3097 1980 αὐτὸν
3139 1925 3374 1993 ἐγένετο,
3431 1921 3519 1974 καὶ
3559 1918 3646 1987 τὴν

2106 2030 2213 2083 τῶν
2261 2026 2520 2094 [ἰκτέρων
2569 2019 2901 2091 ἀπήγγειλεν
2938 2017 3175 2087 ἐντολὴν,
3207 2015 3403 2076 εὐθέως
3427 2000 3485 2064 τέ
3511 2010 3649 2063 0&1:-

2111 2137 2201 2193 ρον
2228 2120 2348 2171 τοῖνΔ
2379 2114 2559 2167 ποδοῖν
2598 2108 2947 2182 προύπεμψε,
2974 2108 3081 2162 τῶν
3110 2107 3369 2176 Πατέρων
3413 2104 3504 2173 τὴν
3543 2101 3648 2153 ἐπι-

2106 2192 2318 2282 τροπὴν
2370 2203 2726 2276 ἐκπληρῶσαι
2792 2202 3133 2272 βουλόμενος,
3179 2199 3331 2269 ἀφίει
3378 2195 3530 2250 αὑτὸν
3565 2192 3650 2262 τὴν

2109 2306 2247 2359 ἰδίαν
2281 2301 2401 2355 όδὺν
2443 2297 2772 2369 ἐκπληροῦν,
2830 2296 3326 2365 ἐπιφθεγξάμενος·
3363 2294 3533 2361 Ἴσχυε
3568 2286 3650 2341 καὶ

2107 2393 2394 2467 ἀνδρίζου·
2437 2393 2470 2462 ἡ
2525 2391 2712 2453 στάσις
2772 2407 2866 2442 σου
2908 2388 3059 2459 παρὰ
3098 2386 3239 2440 Θεοῦ
3271 2387 3435 2438 ἐστιν.
3464 2382 3529 2436 Ὀ
3573 2396 3652 2449 μοι

2109 2486 2388 2552 ἀξιόλογον
2413 2480 2472 2535 ὃν
2499 2480 2741 2550 ἐξετέθη,
2771 2482 2881 2543 τοῖς
2911 2478 3039 2550 περὶ
3058 2476 3229 2531 αὐτοῦ
3255 2476 3505 2545 γραφεῖσι
3525 2482 3652 2535 παρ-

2106 2576 2340 2646 ειμένον.
2385 2571 2572 2641 Τούτῳ
2618 2570 2873 2624 τοσοῦτον
2929 2572 2961 2639 ἠ
3002 2570 3099 2637 τῆς
3142 2568 3296 2630 θείας
3339 2567 3548 2638 χάριτος
3577 2563 3654 2614 ἐν·

2107 2669 2312 2741 έσκηψε
2335 2664 2584 2736 δύναμις.
2611 2663 2686 2727 ὡς
2715 2660 2810 2717 καὶ
2835 2658 3114 2714 Θεοδοσίου
3146 2659 3241 2713 τοῦ
3284 2656 3655 2726 αὐτοκράτορος

2106 2759 2492 2820 τεθεσπικότος
2538 2757 2655 2818 τοῖς
2703 2753 2846 2807 κατὰ
2910 2752 3039 2821 τὴν·
3070 2749 3348 2820 Ἀντιόχου
3405 2741 3657 2800 Ἰουδαίοις

2107 2849 2457 2919 ἀποδοθῆναικ
2486 2845 2588 2909 τὰς
2641 2845 2790 2915 σφῶν
2833 2843 3180 2911 συναγωγός,
3216 2841 3396 2916 ἅσπερ
3435 2835 3659 2904 ἔφθησαν

2108 2942 2262 3012 παρὰ
2295 2939 2643 3011 Χριστιανῶν
2682 2936 3060 3012 ἀφῃρημένοι,
3092 2931 3238 2985 οὕτω
3269 2925 3542 3000 παρρησίᾳ.
3577 2921 3662 2989 γέ-

2108 3049 2338 3105 γραφεν,
2386 3030 2527 3084 οὕτω
2581 3027 2826 3098 σφοδρῶς
2872 3024 3195 3092 ἐπετίμησε,
3232 3018 3390 3091 μόνον
3432 3017 3520 3068 τὸν
3545 3012 3662 3064 ἴδιον

2111 3124 2335 3197 βασιλέα
2354 3121 2774 3191 εὐλαϐούμενος,
2806 3118 2881 3180 ὡς
2911 3117 3004 3169 καὶ
3031 3115 3123 3168 τὸν
3152 3110 3377 3183 βασιλέα
3404 3105 3663 3197 Θεοδόσιον
3696 3147 3703 3155 .

2109 3194 2207 3281 τὰς
2264 3215 2398 3278 ἰδίας
2446 3211 2919 3279 ἀνακαλεσάμενον
2968 3207 3272 3269 κελεύσεις,
3323 3203 3496 3256 πάντα
3543 3194 3664 3266 πρδς

2111 3309 2270 3379 χάριν
2318 3303 2663 3377 Χριστιανῶν
2713 3299 3087 3371 ἐκπληρῶσαι·
3141 3295 3455 3387 παραλῦσαι
3491 3290 3550 3387 δὲ

2109 3400 2200 3452 τὸν
2230 3398 2475 3469 ὕπαρχον
2512 3396 2603 3448 τὸν
2624 3392 2800 3447 ταῦτα
2826 3391 3109 3458 διδάξαντα
3131 3390 3232 3457 τῆς
3260 3386 3453 3458 ἀρχῆς·
3487 3379 3668 3450 δεηθῆ’

2112 3490 2199 3543 ναί
2228 3506 2285 3541 τε
2312 3480 2405 3540 τοῦ
2444 3483 2712 3551 παναγίου
2762 3483 2858 3536 καὶ
2898 3482 3084 3552 άερίου
3123 3479 3405 3550 μάρτυρος
3443 3472 3534 3526 ἐπὶ
3579 3469 3668 3539 ῥή-

2115 3597 2283 3650 ματος
2314 3580 2450 3648 (51),
2483 3577 2751 3631 ἱκετεύειν
2796 3592 2854 3627 τε
2902 3575 2993 3631 καὶ
3026 3570 3284 3651 εὔχεσθαι
3330 3570 3467 3638 ὑπὲρ
3496 3563 3668 3651 αὐτον,

2111 3648 2205 3726 καὶ
2233 3673 2330 3741 τῆς
2355 3671 2567 3734 οἰκείας
2597 3671 2847 3738 εὐλογίας
2888 3665 3252 3737 μεταδιδόναι.
3289 3656 3541 3757 Διέτριιέιε
3569 3648 3669 3757 rei:

2110 3779 2205 3816 νυν
2256 3762 2313 3812 ἐν
2350 3762 2514 3831 σαρκὶ
2547 3759 2697 3813 τόνδε
2741 3758 2830 3811 τὸν
2873 3757 2983 3828 βίον
3022 3750 3325 3807 διαθλεύων
3364 3750 3455 3819 ἐτη
3486 3745 3542 3810 ἐξ
3586 3745 3673 3796 καὶ

2112 3854 2481 3921 πεντήκοντα·
2528 3853 2585 3904 ἐν
2623 3851 2722 3921 μὲν
2759 3849 2837 3920 τῷ
2876 3848 3077 3919 πρώτῳ
3113 3842 3515 3917 φροντιστηρίῳ
3556 3834 3674 3889 ἔνθα

2115 3944 2183 3996 τά
2218 3943 2338 3995 θεῖα
2370 3942 2676 4013 κατηχήθη,
2705 3941 2800 4011 ἔτη
2844 3939 3020 3993 ἐννέα·
3054 3940 3109 3991 ἐν
3138 3937 3197 3990 δὲ
3228 3935 3295 3990 αὖ
3327 3938 3391 4005 τῇ
3421 3925 3674 3998 καλουμέ-

2116 4051 2183 4108 νῃ
2216 4034 2445 4105 Μάνδρα
2473 4033 2566 4105 (0),
2594 4033 2733 4085 ἐπτὰ
2778 4033 2872 4085 καὶ
2902 4030 3338 4099 τεσσαράκοντα·
3364 4025 3419 4078 ἐν
3447 4040 3551 4075 τινι
3586 4017 3675 4091 μὲν

2116 4108 2376 4197 στενωπῷ
2397 4125 2543 4178 ἔτεσι
2567 4125 2699 4178 δέκα
2734 4125 2824 4176 τὸν
2851 4122 3035 4190 ἀγῶνα
3067 4121 3349 4183 διανύσας·
3383 4121 3440 4170 ὲν
3464 4115 3517 4169 δὲ
3544 4112 3675 4165 κίοσι

2117 4218 2470 4290 βραχυτέροις
2492 4216 2654 4283 ἑπτὰ,
2692 4216 2787 4269 καὶ
2818 4216 2909 4268 ἐπὶ
2941 4216 3548 4283 τεσσαρακοντάπηχυν.
3588 4203 3674 4269 ἐτη

1640 4350 1907 4414 VALESIl
1946 4356 2507 4415 ANNOTATIONES.

434 4450 718 4505 codicibus
764 4450 865 4503 bas
914 4448 1330 4521 emendationes
1385 4451 1866 4521 transcripserant.
1903 4452 2006 4506 Alii
2043 4458 2083 4512 D
2117 4461 2207 4506 tur
2238 4467 2358 4507 esse
2405 4451 2572 4506 verba
2619 4450 2751 4521 imp.
2781 4446 3217 4521 'l'heodosii,__ex
3249 4444 3501 4521 epistola,
3523 4452 3673 4521 quam

433 4521 580 4573 enim
626 4528 752 4589 post
794 4518 1255 4589 παραλελοιπότες
1312 4521 1523 4578 addunt
1572 4518 1806 4575 verbum
1849 4523 2004 4577 εἰσίν.

432 4591 540 4645 ΛΙῖί
577 4605 709 4643 vero
748 4590 938 4654 legunt
984 4589 1380 4654 παραλέλοιπεν
1406 4630 1421 4654 ,
1458 4601 1518 4645 ιιι
1557 4592 1624 4646 de
1672 4591 2010 4647 Thcodorito

433 4660 552 4714 solo
593 4661 645 4714 id
690 4659 1044 4728 intelligatur.
1082 4660 1193 4729 Ego
1223 4675 1355 4715 vero
1386 4661 1535 4729 h_unc
1573 4663 1754 4717 locum
1792 4662 1865 4716 ita
1916 4678 2010 4716 re-

434 4729 780 4802 stituendum
813 4725 932 4783 eSSe
956 4725 1249 4802 existimo:
1284 4731 1370 4802 Ἐν
1395 4725 1440 4798 ᾧ
1462 4732 1529 4784 τὰ
1556 4733 1797 4802 μάλιστα
1831 4748 2011 4802 παρα-

435 4801 751 4863 λελοιπότας
798 4801 1233 4872 κατειλήφαμεν,
1289 4801 1317 4853 ὃ
1366 4804 1528 4872 μέχρι
1575 4800 2010 4872 νῦνσωζόμενον

435 4873 587 4942 παρᾶ
619 4874 730 4943 τοῖς
759 4870 858 4943 τῆς
897 4871 1068 4943 -ἁᾼγίας
1102 4870 1310 4943 ἐρήμου
1341 4870 1517 4943 ,παρέ
1540 4871 1719 4943 αὐτῶν
1748 4873 2010 4943 παρειλής-

436 4939 638 5009 φαμεν.
674 4939 1013 5011 Νοοᾼιιιιιιὶιο
1035 4940 1167 5009 quin
1203 4939 1477 5011 Evagrius'
1504 4942 1575 4997 ita
1607 4941 1911 5010 scripserit.

508 5012 618 5081 (50)
655 5013 719 5063 El
743 5009 859 5081 μὲν
883 5010 1167 5077 ἐκθύμως.
1200 5011 1260 5064 In
1301 5009 1509 5081 optimo
1556 5009 1747 5067 codice
1775 5012 1999 5067 Floren-

436 5079 553 5133 tino
586 5080 701 5134 ha-e
723 5079 790 5132 ad
824 5080 966 5135 latus
1024 5082 1301 5147 adscripta
1334 5079 1461 5136 sunt
1490 5101 1502 5135 :
1549 5084 1897 5149 Πνευματικὴ
1925 5086 1998 5146 ὡς

436 5151 653 5219 ἀληθῶς
686 5152 745 5200 ἐν
776 5150 853 5221 τῷ
885 5151 1104 5218 Χριστῷ
1135 5152 1167 5220 ἡ
1202 5153 1458 5221 Ματέρων
1487 5154 1730 5221 περὶτοῦ
1765 5153 2001 5219 μεγάλου

436 5220 721 5285 Sagarim;
748 5219 943 5287 κρίσις.
977 5221 1029 5274 ld
1061 5219 1164 5283 est,
1198 5219 1424 5275 Patrum
1449 5224 1509 5275 de
1537 5219 1726 5292 magno
1751 5222 2004 5291 Symeoue

423 5290 689 5357 judicium
717 5306 927 5356 prorsus
954 5292 1232 5358 apiriluale
1259 5294 1312 5344 in
1337 5292 1563 5347 Christo.

509 5357 620 5427 (5t)
660 5359 767 5412 Καὶ
800 5357 1000 5428 ἀερίοιέ
1033 5358 1333 5430 μάρτιῳος
1364 5364 1456 5415 ἐπὶ
1483 5363 1773 5432 ῥήματος.
1803 5362 2006 5417 Viden-

2113 4522 2425 4590 scripsitad
2460 4521 2681 4599 beatum
2700 4511 3064 4599 'Svmemlein.
3088 4517 3249 4571 Hunc
3265 4511 3674 4599 .i'gitur‘titnlufm

2116 4580 2421 4661 praefixerat
2452 4590 2709 4661 epistolae
2740 4581 2852 4643 sua:
2885 4606 2897 4641 :
2935 4587 3042 4661 Τῷ*
3070 4580 3325 4655 παναγίῲ
3374 4584 3467 4636 καὶ
3488 4580 3676 4661 ..ἀερίιρ

2118 4647 2375 4730 μάρτυρι.
2419 4647 2523 4715 ι]Ηὶ
2582 4669 2875 4730 martyrem
2913 4647 3150 4730 quidem
3177 4647 3306 4710 enni
3348 4650 3580 4722 appellat
3610 4647 3675 4701 ob

2113 4726 2466 4800 gravissimas
2515 4726 2791 4784 mrumnas
2838 4728 3041 4797 quibus
3097 4726 3188 4800 ille
3234 4738 3465 4800 corpus
3525 4732 3672 4800 suum

2114 4795 2447 4861 alﬂictabat;
2498 4800 2709 4853 aerium
2738 4795 2868 4870 vero
2894 4812 2961 4851 eo
2990 4796 3134 4870 quod
3165 4795 3422 4849 sublimis
3446 4795 3673 4870 staretin

2123 4870 2397 4924 columna.
2425 4870 2586 4925 Certe
2615 4883 2776 4923 voces
2800 4868 2905 4922 illae
2933 4868 3031 4937 ἐπι
3066 4868 3329 4937 ῥήματος,
3357 4868 3578 4916 omnino
3603 4872 3675 4909 tn-

2114 4939 2301 4994 dicant
2345 4940 2397 4993 id
2424 4938 2569 5008 quod
2600 4937 2711 4992 dix‘i
2741 4957 2755 4993 :
2782 4938 2944 4992 verba
2972 4935 3073 5008 illa
3095 4935 3329 5008 scilicet,
3358 4940 3453 5008 a_ut
3481 4939 3675 5008 eaquae

2112 5011 2377 5082 proxime
2414 4998 2742 5079 sequuntur,
2787 5022 2922 5082 esse_
2969 4998 3671 5082 imperaturis“Thetidi???-

2103 5068 2636 5149 ChristOphorsbnus
2691 5068 2868 5150 tamen
2909 5068 3061 5150 hunc
3083 5076 3262 5128 locum
3302 5072 3462 5150 aliter
3490 5068 3675 5150 distin—

2108 5151 2208 5209 xit,
2264 5142 2423 5203 ut'ex
2461 5148 2913 5217 interpretatione
2944 5146 3066 5214 ejus
3089 5151 3336 5214 apparet.
3397 5142 3669 5217 Sicpeniin

2108 5219 2269 5274 vertit
2300 5238 2312 5273 :
2344 5220 2412 5274 Et
2438 5215 2827 5273 sanctissimum
2852 5233 2914 5271 ac
2948 5218 3151 5268 aerium
3175 5220 3352 5266 oraret
3380 5215 3669 5274 martyrem.

2110 5291 2185 5343 uti
2239 5291 2551 5343 nominatim
2612 5305 2707 5356 pro
2773 5290 2884 5355 ipso
2928 5286 3095 5356 Deum
3139 5283 3455 5335 obsecraret.
3513 5283 3671 5342 Quam

2112 5360 2523 5414 distinctionem
2555 5355 2810 5427 equidem
2839 5355 3072 5426 probare
3103 5370 3207 5408 non
3234 5364 3480 5421 possum.

1850 5490 2234 5547 VARIORUM.

510 5581 582 5649 (ο)
636 5582 898 5651 Μάνδρα.
952 5588 1024 5640 De
1077 5588 1239 5657 hujus
1299 5588 1448 5642 vocis
1506 5588 1814 5658 signiﬁcatu
1875 5587 1999 5642 vide

2109 5585 2268 5641 'alesii
2339 5594 2523 5640 notam
2572 5587 2629 5640 in
2680 5597 2915 5654 sequens
2968 5589 3152 5651 caput,
3208 5592 3343 5631 voce
3379 5567 3672 5641 Μανδρίανο
