4070 6176
391 299 524 365 2481

1314 297 1698 360 ΗΙΒΤΟΒΙΕ
1741 296 2338 358 ΕΟΟΕΕΞΙΑΞΤΙΟᾹΞ
2379 298 2610 358 LIBER
2650 297 2677 356 Ι

3520 305 3668 368 2482

392 418 594 487 δεήσοι,
633 412 696 467 οὐ
721 412 904 478 τόπον,
926 410 986 464 οὐ
1019 409 1331 482 πρόσωπον,
1369 414 1487 467 οὐδέ
1517 431 1570 466 τι
1607 415 1716 468 τῶν
1747 415 1965 468 πάντων

2083 412 2388 476 evaserint,’
2409 410 2475 465 ad
2519 410 2782 464 saeculum
2835 408 3093 475 redeunt,
3150 413 3295 468 etin
3342 414 3523 469 media
3558 416 3663 470 ho-

388 503 879 574 ἑγκαλνπτόμενοι.
931 502 1043 557 Καὶ
1090 501 1393 571 βαλανείοις
1444 503 1500 557 δὲ
1551 507 1766 575 συχνοῖς
1829 507 1960 574 ὁμι-

383 596 555 659 λοῦσι,
584 595 652 649 τά
686 595 859 650 πολλά
914 593 1132 664 γυναιξὶ
1180 595 1664 666 συναυλιζόμενοι,
1709 598 1802 650 καὶ
1839 598 1966 648 συλ-

383 689 684 757 λουόμενοι.
728 685 885 740 Οῦτω
915 685 1026 739 τῶν
1074 685 1263 740 παθῶν
1296 687 1732 756 περιγενόμενοι,
1764 686 1841 750 ὡς
1871 687 1968 738 καὶ

381 785 480 852 τῆς
509 781 725 850 φύσεως
749 779 1104 849 τυραννῆσαι,
1132 779 1228 833 καὶ
1263 779 1397 849 μηδὲ
1445 781 1510 849 τῇ
1539 779 1683 848 ὄψει,
1733 778 1868 849 μηδὲ
1897 781 1967 848 τῇ

385 879 519 946 ἀφῇ,
557 874 692 944 μηδὲ
729 874 838 944 μὴν
877 875 1013 943 αὐτῇ
1047 872 1455 943 τῇπεριπλοκῇ
1483 872 1580 924 τοῦ
1614 871 1802 940 θήλεος
1832 871 1969 942 πρὸς

383 970 480 1040 τὴν
527 967 663 1022 ἰδίαν
701 965 1068 1036 ἀποκριθῆναι
1101 965 1262 1034 φύσιν
1309 965 1406 1035 (2)·
1459 964 1600 1034 μετὰ
1644 963 1852 1034 ἀνδρῶν
1888 963 1966 1025 δὲ,

384 1061 585 1132 ἄνδρας
633 1055 798 1122 εἷναι,
839 1057 980 1126 μετὰ
1011 1056 1286 1124 γυναικῶν
1325 1073 1384 1108 τε
1419 1052 1485 1109 αὖ
1508 1056 1794 1124 γυναῖκας,
1837 1054 1968 1105 ὲκα-

382 1154 548 1222 τέρας
597 1169 657 1204 τε
700 1148 950 1220 μετέχειν
979 1147 1188 1203 ἐθέλειν
1223 1148 1460 1218 φύσεως,
1490 1147 1586 1200 καὶ
1620 1149 1693 1217 μὴ
1728 1147 1862 1216 μιᾶς
1891 1140 1969 1196 εῖ-

386 1263 496 1298 ναι.
519 1242 802 1296 Συνελόντι
831 1241 1014 1294 τοίνυν
1041 1243 1236 1306 εἰπεῖν,
1263 1242 1320 1293 ὲν
1350 1240 1527 1310 τούτῳ
1556 1238 1632 1308 τῷ
1650 1236 1969 1308 παναρίστῳ

383 1336 476 1388 καὶ
520 1332 765 1402 θεοφόρῳ
800 1329 899 1400 βίῳ
944 1333 976 1400 ή
1020 1328 1193 1400 ἀρετὴ
1235 1331 1302 1399 τῇ
1342 1328 1499 1397 φύσει
1533 1326 1966 1396 ἀντινομοθετετ,

381 1426 612 1487 οἰκείους
658 1425 950 1494 πηξαμένη
996 1422 1219 1491 νόμους,
1260 1421 1332 1484 ὡς
1374 1420 1601 1491 μηδενὸς
1646 1420 1831 1480 αὐτοῖς
1873 1417 1970 1470 τῶν

383 1517 698 1586 ἀναγκαίων
737 1515 1076 1586 μεταδιδόναι
1120 1516 1220 1566 ὅσα
1259 1530 1324 1580 γε
1358 1512 1706 1582 κορεσθῆναι.
1758 1511 1954 1578 [ιεινῇν

380 1611 434 1664 δὲ
466 1609 646 1670 αὐτοῖς
686 1609 780 1660 καὶ
809 1606 969 1677 διψῇν
1019 1607 1046 1657 ὁ
1082 1604 1232 1674 σφῶν
1263 1601 1608 1670 ὲγκελεύεται
1640 1599 1824 1668 νόμος,
1865 1614 1963 1649 πε-

384 1699 681 1771 ριστέλλειν
707 1715 766 1752 τε
794 1699 855 1750 τὸ
885 1697 1044 1767 σῶμα
1071 1695 1292 1748 τοσοῦτο
1319 1693 1499 1764 μόνον,
1528 1693 1651 1744 ὅσον
1684 1691 1715 1760 ἡ
1749 1690 1962 1759 ἀνάγκη

2070 505 2280 558 minum
2333 503 2690 556 multitudine
2747 502 2971 558 insanos
3016 519 3074 557 se
3135 519 3258 559 esse
3315 505 3659 572 simulantes,

2068 596 2290 650 inanem
2326 595 2557 665 gloriam
2598 595 2953 658 eoneulcant,
2983 610 3146 664 quam
3185 595 3451 660 tunicam,
3493 604 3553 648 ut
3586 601 3664 651 ait

2069 686 2516 756 sapientissimus
2568 687 2741 751 Plato,
2785 687 3003 741 animus
3058 696 3393 756 postremam
3457 703 3663 743 exuere

2071 777 2238 846 278
2273 777 2434 830 solet.
2470 777 2550 830 lta
2579 792 2747 846 porro
2794 778 2911 831 sine
2941 794 3105 832 sensu
3157 779 3471 848 atl‘ectuque
3497 777 3664 832 edere

2070 867 2406 929 didicerunt,
2447 874 2506 919 ut
2559 866 2704 935 apu'l
2753 881 3033 935 caupones
3082 883 3146 922 ac
3196 868 3580 932 dardanarios,
3619 859 3666 923 si

2071 973 2300 1012 necesse
2339 956 2530 1020 fuerit,
2567 957 2754 1020 edant,
2785 973 2886 1013 nec
2926 959 3128 1021 locum,
3162 975 3263 1014 nec
3295 961 3527 1024 cultum,
3560 976 3664 1014 nec

2072 1045 2221 1099 aliud
2277 1044 2576 1114 quidquam
2638 1056 2972 1101 reverentes.
3013 1048 3212 1102 Balnea
3257 1050 3386 1102 item
3439 1050 3663 1120 publica

2071 1137 2396 1206 frequenter
2429 1137 2657 1200 adeunt,
2711 1146 2768 1192 et
2820 1139 2983 1192 simul
3031 1155 3155 1193 eum
3217 1141 3544 1196 mulieribus
3579 1142 3667 1195 di-

2079 1240 2369 1282 versantur
2393 1238 2449 1283 et
2479 1229 2684 1283 lavant.
2717 1229 2868 1283 Adeo
2889 1233 3040 1284 omni
3075 1231 3493 1298 perturbatione
3539 1233 3664 1286 ani-

2078 1319 2153 1372 mi
2180 1319 2522 1389 superiores,
2561 1329 2619 1372 ut
2646 1329 2856 1374 natura:
2899 1321 3001 1389 ipsi
3036 1321 3145 1373 vim
3187 1320 3444 1386 inferant,
3474 1331 3530 1376 et
3563 1337 3666 1376 nee

2073 1422 2320 1481 aspectu,
2351 1428 2453 1466 nec
2486 1421 2653 1476 tactu,
2702 1428 2806 1466 nec
2837 1413 3093 1482 amplexu
3131 1413 3251 1482 ipso
3291 1414 3559 1477 mulieris,
3597 1415 3665 1468 ad

2073 1520 2289 1573 eaquze
2348 1515 2561 1559 natura:
2598 1506 2847 1574 ipsorum
2907 1505 3129 1574 propria
3191 1514 3339 1570 sunt,
3408 1506 3662 1560 inclinari

2074 1608 2298 1668 queant.
2344 1598 2450 1652 Sed
2489 1614 2614 1652 cum
2657 1599 2792 1652 viris
2831 1598 3054 1667 quidem
3112 1599 3217 1652 viri
3253 1608 3404 1663 sunt,
3448 1599 3666 1654 femina:

2075 1703 2210 1742 vero
2241 1704 2364 1742 cum
2398 1688 2636 1743 feminis.
2691 1688 2810 1742 Non
2835 1688 2988 1742 enim
3027 1688 3214 1752 unius,
3250 1688 3346 1743 sed
3378 1688 3669 1757 utriusque

385 1794 648 1862 βιάζεται.
687 1789 875 1851 Οὕτως
924 1805 982 1842 τε
1035 1789 1218 1850 αὐτοῖς
1262 1788 1296 1856 ἡ
1333 1785 1512 1838 δίαιτα
1551 1781 1834 1852 ἀκριδὲσιν
1874 1780 1968 1833 ἁν-

2083 1779 2236 1835 5imul
2271 1793 2436 1832 sexus
2473 1793 2594 1832 esse
2634 1779 2889 1848 cupiunt.
2939 1782 3193 1850 Denique
3237 1789 3298 1834 ut
3338 1780 3668 1850 compendio

382 1883 828 1939 τιταλαντεύεται
864 1882 1047 1950 ζυγοῖς
1075 1920 1090 1942 ,
1127 1879 1204 1942 ὡς
1256 1881 1319 1930 ὲκ
1349 1877 1644 1946 διαμέτρου
1698 1871 1966 1944 χωροῦσιν

383 1979 565 2040 αὐτοῖς
592 1976 692 2046 τὴν
726 1975 898 2046 ῥοπὴν
933 1971 1330 2040 ἀνεπαίσθητον
1369 1963 1530 2031 εἶναι,
1568 1967 1664 2020 καὶ
1699 1963 1873 2019 ταῦτά
1903 1979 1965 2031 γε

386 2072 522 2124 πολὺ
551 2070 875 2122 διεστῶσαν.
909 2066 1176 2120 Τοσοῦτον
1227 2065 1336 2135 γὰρ
1371 2063 1552 2125 αὐτοῖς
1580 2059 1837 2113 τάναντία
1876 2058 1969 2111 κὲ-

383 2180 602 2232 κραται,
643 2163 742 2232 τῆς
795 2159 947 2224 Θείας
968 2159 1038 2211 τὰ
1076 2158 1284 2228 ἄμικτα
1333 2155 1699 2224 συναγούσης,
1757 2152 1853 2204 καὶ
1897 2150 1962 2203 αῦ

385 2257 548 2310 πάλιν
575 2253 892 2324 διαιρούσης
921 2252 1164 2322 χάριτος,
1192 2247 1332 2302 ὥστε
1361 2248 1508 2318 ζωὴν
1543 2248 1600 2300 ὲν
1632 2245 1850 2307 ἑαυτοῖς
1874 2242 1972 2295 καὶ

385 2353 652 2420 νέκρωσιν
701 2351 992 2412 συνοικεῖν,
1021 2345 1278 2400 τάναντία
1311 2344 1406 2398 καὶ
1440 2347 1505 2413 τῇ
1553 2342 1713 2412 φύσει
1739 2341 1834 2394 καὶ
1861 2341 1972 2403 τοϊς

387 2444 729 2513 πράγμασιν.
765 2440 934 2492 Ἔνθα
973 2439 1070 2510 μὲν
1103 2437 1212 2506 γάρ
1238 2437 1430 2500 πάθος,
1467 2434 1696 2505 νεκροὺς
1721 2429 1863 2486 εἶναι
1894 2431 1975 2484 δεῖ

385 2539 480 2590 καὶ
499 2536 602 2588 τῶν
623 2535 809 2604 τάφων
828 2535 976 2586 εῐσω·
1007 2531 1134 2584 ἔνθα
1156 2531 1212 2583 δὲ
1235 2529 1372 2600 πρὸς
1389 2527 1520 2581 Θεὸν
1541 2527 1765 2590 ἱκετεία,
1788 2527 1974 2595 ῥωμαο

383 2627 542 2690 λέους
571 2626 632 2679 τὸ
666 2625 848 2692 σῶμα,
880 2622 1232 2693 σφριγῶντας
1262 2621 1359 2691 τὴν
1406 2620 1614 2689 ἀκμὴν,
1648 2617 1751 2671 κᾶν
1783 2615 1976 2686 ἔξωροι

385 2717 728 2787 τὴνὴλικίαν
757 2711 882 2769 ὦσι.
931 2716 1042 2770 Καὶ
1097 2712 1272 2776 οὕτως
1318 2712 1501 2773 αὐτοῖς
1545 2709 1805 2779 ἑκάτερος
1834 2724 1976 2776 συμο

387 2809 648 2863 πλέκεται
683 2808 796 2876 βίος
824 2808 920 2875 ('5),
945 2805 1086 2858 ὥστε
1117 2805 1308 2875 ἀμέλει
1335 2806 1430 2856 καὶ
1455 2803 1554 2874 τὴν
1587 2803 1764 2872 σάρκα
1796 2801 1978 2854 τέλεον

392 2902 744 2972 ἀποθέμενοι,
787 2900 953 2963 ζῶσιν
988 2899 1095 2961 ἀεὶ,
1126 2899 1220 2952 καὶ
1239 2901 1350 2959 τοϊς
1375 2895 1510 2961 ζῶσι
1542 2893 1975 2958 συναυλίζονται,

388 2996 487 3048 καὶ
547 2991 765 3062 σώμασί
792 3009 850 3044 τε
887 2991 994 3061 ἄκη
1043 2991 1449 3062 προσφέροντες
1483 2987 1579 3040 καὶ
1610 2987 1708 3050 τὰς
1735 2985 1842 3039 τῶν
1870 2986 1980 3037 ίκε-

385 3080 656 3133 τενόντων
688 3078 871 3147 φωνὰς
920 3078 996 3149 τῷ
1033 3078 1151 3147 Θεῴ
1193 3077 1584 3148 προσάγοντες,
1627 3075 1697 3128 τά
1738 3091 1797 3127 τε
1845 3073 1982 3126 ἄλλα
2009 3109 2050 3166 C

385 3170 594 3240 δμοίως
621 3173 688 3240 τῇ
729 3171 974 3241 προτέρα
1001 3168 1154 3239 βιοτῇ
1184 3168 1608 3232 διεκτελοῦντες,
1643 3169 1742 3220 ὅσα
1773 3167 1848 3235 μὴ
1874 3165 1980 3217 τῶν

389 3259 711 3325 ἀναγκαίων
741 3258 952 3313 δεῖσθαι
985 3257 1086 3329 (4),
1122 3259 1154 3330 ἢ
1191 3259 1342 3326 τόπῳ
1379 3256 1808 3328 περιορίζεσθαι·
1849 3257 1985 3307 πάν-

387 3367 502 3405 των
523 3351 580 3404 δὲ
616 3349 860 3413 ἀκοῦειν,
891 3349 985 3402 καὶ
1023 3351 1156 3402 πᾶσι
1185 3348 1558 3417 συγγίνεσθαι.
1591 3348 1711 3400 Εἰσὶ
1737 3347 1792 3399 δὲ
1820 3346 1983 3414 γονά-

384 3460 501 3494 των
530 3441 718 3502 αὐτοῖς
759 3440 952 3510 συχναὶ
995 3439 1090 3492 καί⁵
1138 3439 1426 3493 ἀδιάκοποι
1487 3438 1694 3500 κλίσεις
1720 3479 1734 3504 ,
1781 3438 1984 3490 ἐπανα-

389 3529 613 3593 στάσεις
644 3546 704 3582 τε
748 3528 1016 3599 σύμπονοι
1046 3528 1146 3598 (5).
1176 3527 1344 3598 μόνης
1374 3529 1475 3596 τῆς
1505 3528 1744 3594 ἐφέσεως
1774 3526 1985 3590 ἀναζω-

388 3619 683 3689 πυρούσης
708 3617 892 3680 αὐτοῖς
913 3618 1010 3688 τὴν
1038 3617 1280 3688 ἠλικίαν,
1307 3617 1402 3670 καὶ
1424 3615 1520 3688 τὴν
1548 3615 1796 3669 ἑκούσιον
1823 3615 1984 3668 ἀσθέ-

394 3729 570 3766 νειαν·
603 3709 838 3780 ἄσαρκοί
875 3725 1020 3772 τινες
1045 3709 1298 3780 ἀθληταὶ,
1331 3707 1626 3778 ἀναίμονες
1659 3706 1980 3770 παλαισταὶ,

393 3803 456 3858 οἵ
488 3820 552 3871 γε
583 3801 911 3856 πανδαισίαν
955 3818 1015 3854 τε
1049 3799 1146 3854 καὶ
1190 3799 1402 3871 τρυφὴν
1431 3799 1531 3869 τὴν
1556 3797 1808 3870 νηστείαν
1832 3796 1981 3866 ἔχον-

393 3911 510 3959 τες,
552 3895 646 3947 καὶ
676 3893 956 3963 τράπεζαν
989 3893 1214 3963 διακορῆ
1253 3891 1314 3944 τδ
1365 3889 1592 3960 μηδενὸς
1636 3890 1712 3953 ὡς
1766 3883 1878 3942 οἷόν
1922 3906 1982 3942 τε

395 3983 794 4051 ἀπογεύεσθαι.
843 3983 1078 4037 Ὀπόταν
1112 3982 1264 4050 ξένος
1309 3979 1440 4051 παρ’
1475 3980 1673 4042 αὐτοὺς
1718 3979 1984 4049 ἀφίκηται

395 4077 505 4129 κᾶν
532 4077 591 4140 ἐξ
621 4074 870 4138 ἑωθινοῦ,
901 4074 1046 4129 οὕτω
1085 4074 1250 4127 πάλιν
1273 4077 1394 4135 ταῖς
1421 4071 1844 4141 φιλοφροσύναις
1890 4069 1985 4122 καὶ

397 4170 466 4238 τῇ
498 4167 791 4237 φιλοτησία
822 4165 1148 4230 δεξιοῦνται,
1179 4163 1367 4232 ἓτερον
1410 4157 1551 4225 εἶδος
1577 4162 1831 4231 νηστείας
1867 4164 1986 4214 ἐπι-

399 4260 697 4330 νοήσαντες
728 4258 790 4310 τὸ
818 4257 884 4312 αῦ
921 4259 994 4328 μὴ
1029 4256 1341 4328 βουλόμενοι
1369 4253 1589 4310 ἐσθίεινο
1622 4253 1696 4316 ὡς
1727 4252 1985 4322 ἔκπληξιν

407 4351 462 4404 τὸ
516 4353 752 4420 πρᾶγμα
800 4349 1154 4412 καθεστάναι,
1204 4349 1369 4402 πόσον
1417 4349 1473 4411 ὲς
1499 4347 1708 4417 τροφὴν
1736 4347 1985 4417 αὐτάρκη

2070 1872 2270 1935 dicam,
2333 1870 2388 1923 in
2438 1869 2544 1924 lioc
2582 1871 3043 1939 prtestantissimo
3101 1886 3165 1925 ac
3208 1871 3398 1924 divino
3446 1871 3668 1926 vivendi

2069 1979 2295 2032 genere,
2333 1962 2512 2016 virtus
2567 1963 2717 2031 leges
2779 1971 2990 2017 natura:
3051 1963 3365 2018 contrarias
3413 1963 3541 2027 fert,
3609 1975 3670 2017 ut

2071 2055 2286 2110 scilicet
2323 2070 2391 2108 ex
2446 2053 2614 2108 rebus
2650 2053 2718 2108 ad
2773 2055 2980 2108 vietum
3038 2056 3365 2110 necessariis
3398 2056 3536 2110 nihil
3587 2057 3672 2110 eis

2075 2147 2354 2217 impertiat
2377 2147 2443 2200 ad
2475 2147 2807 2202 satietatem.
2831 2146 3046 2218 Quippe
3073 2149 3158 2203 lex
3190 2150 3494 2203 monastica
3530 2149 3666 2218 ipsis

2072 2239 2344 2310 praecipit,
2385 2246 2445 2293 ut
2487 2239 2739 2294 esuriant
2764 2255 2827 2294 ac
2853 2240 3065 2304 sitiant,
3096 2256 3406 2310 corpusque
3439 2250 3674 2295 eatenus

2076 2341 2280 2404 tegant,
2335 2333 2518 2402 quoad
2574 2333 2756 2402 poscit
2819 2333 3140 2387 necessitas.
3207 2333 3381 2387 Porro
3446 2333 3668 2388 vivendi

2074 2425 2221 2478 ratio
2258 2424 2404 2494 apud
2448 2425 2573 2478 illos
2617 2424 2756 2478 adeo
2797 2433 2990 2479 exacta
3031 2425 3188 2480 lance
3221 2424 3423 2480 librata
3471 2435 3575 2490 est,
3612 2439 3673 2481 ut

2077 2515 2297 2583 quoties
2349 2515 2406 2568 in
2468 2516 2806 2569 contrarium
2859 2516 3112 2580 tendunt,
3172 2518 3379 2572 nullam
3428 2520 3670 2573 sentiant

2078 2625 2262 2662 rerum
2315 2609 2700 2671 mutationem,
2756 2611 3008 2678 quamvis
3051 2626 3249 2680 magna
3292 2611 3362 2664 sit
3403 2611 3548 2666 inter
3579 2627 3676 2666 eas

2080 2699 2364 2754 distantia.
2419 2700 2526 2754 Res
2564 2703 2711 2754 enim
2761 2700 3054 2755 contrariae
3114 2717 3286 2771 usque
3338 2702 3476 2756 adeo
3523 2718 3674 2757 com-

2082 2793 2260 2845 misue
2309 2799 2458 2855 sunt,
2524 2791 2712 2844 divina
2763 2792 2936 2860 gratia
2983 2807 3047 2846 ea
3103 2808 3224 2861 qua:
3281 2793 3500 2847 misceri
3560 2810 3672 2848 non

2084 2892 2340 2953 possunt,
2393 2883 2539 2937 inter
2582 2898 2641 2938 se
2673 2885 2938 2954 jungente
2993 2899 3056 2938 ac
3099 2899 3292 2939 rursus
3341 2895 3670 2954 separante:

2083 2986 2144 3030 ut
2200 2977 2311 3030 vita
2363 2985 2418 3030 et
2460 2992 2626 3042 mors,
2661 2992 2783 3046 qua:
2819 2985 3017 3031 natura
3053 2986 3108 3030 et
3148 2977 3316 3031 rebus
3366 2978 3498 3047 ipsis
3528 2979 3673 3034 inter

2083 3085 2143 3123 se
2173 3069 2406 3122 maxime
2439 3079 2702 3138 pugnant,
2736 3070 2788 3122 in
2819 3069 2927 3123 illis
2955 3070 3116 3123 simul
3157 3070 3426 3124 habitent.
3460 3070 3673 3142 Quippe

2087 3159 2180 3213 ubi
2221 3159 2564 3228 perturbatio
2604 3168 2712 3220 est,
2761 3167 3010 3212 mortuos
3045 3158 3165 3212 illos
3199 3174 3318 3212 esse
3366 3168 3583 3228 oportet
3612 3175 3676 3212 ae

2086 3253 2354 3318 sepultos.
2403 3251 2505 3311 Ubi
2561 3265 2693 3305 vero
2738 3251 3075 3320 precationis
3124 3260 3340 3321 tempus
3393 3262 3496 3316 est,
3561 3261 3674 3305 tum

2085 3347 2313 3400 robusto
2370 3360 2605 3413 corpore
2661 3350 2719 3397 et
2769 3343 2998 3407 alacres,
3061 3344 3278 3398 tametsi
3324 3345 3519 3398 atl'ceta
3561 3345 3673 3411 jam

2082 3446 2264 3502 aetate,
2291 3453 2412 3492 esse
2440 3437 2664 3492 debent.
2706 3435 2949 3504 Utraque
2978 3451 3142 3504 porro
3168 3436 3276 3489 vita
3305 3436 3358 3488 in
3391 3436 3500 3490 illis
3532 3436 3672 3490 adeo

2084 3529 2377 3597 conjuncta
2415 3533 2518 3589 est,
2551 3535 2630 3588 ut,
2663 3526 2915 3594 quamvis
2939 3539 3161 3579 carnem
3201 3527 3422 3595 penitus
3452 3527 3672 3596 abjece-

2085 3619 2215 3682 rint,
2251 3618 2439 3672 vivant
2473 3626 2676 3678 tamen,
2711 3625 2766 3670 et
2799 3631 2902 3669 una
2938 3631 3062 3670 cum
3093 3615 3406 3671 viventibus
3447 3635 3675 3672 convcr-

2086 3722 2296 3776 sentur,
2320 3725 2591 3780 :egrorum
2616 3709 2942 3778 corporibus
2975 3707 3303 3762 medicinam
3327 3709 3674 3768 adhibentes.

2085 3813 2142 3857 et
2189 3799 2620 3871 supplicantium
2665 3808 2789 3853 vota
2840 3799 2952 3853 Deo
2981 3798 3298 3863 offerentes,
3336 3800 3546 3869 reliqua
3582 3800 3677 3854 de-

2085 3895 2254 3963 nique
2297 3891 2526 3962 perinde
2567 3906 2632 3944 ac
2686 3891 2741 3943 in
2792 3891 2976 3960 priore
3019 3891 3131 3943 vita
3177 3900 3523 3961 peragentes,
3569 3894 3675 3946 nisi

2084 3986 2232 4056 quod
2274 3984 2440 4039 rebus
2466 3983 2795 4037 necessariis
2830 3998 2939 4036 non
2970 3981 3240 4052 indigent,
3279 3999 3381 4038 nec
3415 3983 3537 4038 loco
3565 3985 3677 4038 ullo

2086 4072 2651 4135 circumscribuntur;
2685 4071 2780 4125 sed
2806 4086 2998 4125 omnes
3027 4071 3282 4135 audiunt,
3309 4083 3364 4128 et
3394 4088 3518 4127 cum
3551 4090 3672 4128 om-

2086 4166 2248 4219 nibus
2300 4171 2718 4218 conversantur.
2779 4164 2918 4218 Sunt
2970 4164 3114 4232 apud
3182 4165 3305 4219 illos
3353 4167 3563 4221 crebrae
3618 4179 3674 4222 et

2088 4255 2371 4312 indefessa:
2423 4270 2664 4326 genuum
2720 4251 3002 4320 ﬂexiones,
3061 4271 3126 4314 ac
3171 4273 3363 4313 rursus
3407 4261 3676 4314 stationes

2092 4348 2406 4409 laboriosze,
2458 4347 2578 4402 solo
2625 4344 2906 4401 desiderio
2957 4357 3297 4403 senectutem
3349 4351 3570 4405 illorum
3621 4335 3678 4406 et

405 4441 648 4512 δεόμενοι
674 4441 771 4512 (6),
796 4440 939 4493 οὕτω
958 4439 1156 4510 κομιδῇ
1189 4437 1446 4508 βραχέσιν
1466 4437 1778 4508 ἀρκοῦνται·
1808 4438 1901 4508 ἐχθ
1913 4449 1978 4508 ρο

2103 4439 2468 4498 voluntariam
2515 4438 2892 4498 inﬁrmitatem
2938 4447 3242 4495 recreante.
3285 4441 3522 4500 Atliletze
3548 4455 3677 4498 sunt

410 4534 511 4586 τῶν
545 4534 696 4588 ἰδίων
732 4531 1038 4602 βουλήσεων
1069 4534 1163 4586 καὶ
1195 4531 1297 4601 τῆς
1343 4530 1554 4600 φύσεως
1579 4573 1594 4597 ,
1623 4531 1831 4585 Εκδοτοι
1873 4535 1986 4594 τοῖς

2093 4530 2275 4586 carnis
2326 4538 2601 4599 expertes,
2631 4529 2930 4584 luctatores
2958 4530 3222 4600 sanguine
3251 4540 3504 4588 carentes
3537 4552 3550 4589 :
3581 4536 3677 4605 qui

1614 4663 1883 4719 VALESII
1919 4663 2477 4720 ANNOTATIONES.

412 4763 616 4813 tantum
691 4775 720 4812 a
781 4757 1012 4827 καπήλῳ
1067 4757 1235 4812 distat
1293 4757 1724 4825 παλιγκάπηλος.
1785 4757 1991 4814 Glossm

413 4838 620 4883 veteres
649 4827 1063 4897 παλιγκάπηλον
1097 4829 1289 4882 Latine
1316 4827 1700 4882 dardauarium
1730 4830 1985 4884 reddunt.

478 4899 553 4967 (Ξ)
600 4897 1025 4964 Ἀποκριθῆναι
1089 4899 1299 4966 φύσιν.
1360 4898 1474 4950 Non
1517 4898 1775 4967 displicet
1809 4901 1991 4967 conje-

478 4917 553 4967 rz)
604 4917 1025 4964 ’Aﬂoxplvnytu
1089 4917 1299 4966 φυσιν.
1360 4917 1474 4950 non
1517 4917 1775 4967 oispncet
1809 4917 1906 4952 con
1935 4917 1987 4952 e-

409 4977 568 5022 etura
596 4967 888 5020 doctorum
915 4969 1179 5030 virorum,
1208 4967 1301 5038 qui
1334 4967 1696 5034 ἀποκλιθῆναι
1727 4917 1987 5028 emenda-

408 5047 560 5091 runt.
585 5038 762 5103 Quam
810 5039 1098 5092 lectionem
1136 5037 1360 5092 secutus
1402 5045 1484 5108 est
1528 5037 1986 5108 Cill‘iSlOpllUl‘SO-

409 5122 536 5172 nus,
566 5116 626 5161 ut
649 5123 716 5161 ex
744 5109 997 5161 versione
1021 5110 1135 5178 ejus
1159 5116 1402 5178 apparet.
1435 5107 1776 5178 Nicepltorus
1805 5119 1983 5166 tamen

408 5179 688 5244 vulgatam
723 5179 1051 5246 scripturam
1094 5179 1348 5232 retinuit.

479 5248 893 5318 (5)Ἓκ(ἱτρρος
920 5249 1494 5316 συμπλέκεταιβεός.
1524 5249 1758 5302 Ioannes
1773 5249 1988 5317 Langus

412 5319 478 5372 de
531 5319 788 5388 [)l‘ﬂ‘St‘llll
837 5327 893 5370 et
925 5318 1106 5372 futura
1138 5321 1241 5372 vita
1282 5320 1394 5372 haec
1429 5323 1590 5372 verba
1619 5320 1862 5388 exponit.
1895 5321 1987 5374 Sic

411 5390 562 5442 enim
601 5387 892 5454 Nicephori
926 5389 1009 5441 sui
1039 5390 1215 5442 locum
1247 5389 1640 5456 interpretatus
1672 5387 1774 5443 est.
1815 5390 1983 5442 Vitam

413 5467 704 5524 utramque
744 5457 847 5519 illi,
885 5468 1195 5527 prwscntem
1225 5459 1461 5512 videlicet
1506 5469 1553 5512 et
1603 5459 1861 5526 futuram,
1909 5463 1985 5513 ita

415 5527 736 5596 complicari!
773 5536 820 5580 ct
868 5528 1218 5599 conjuugzmt,
1257 5537 1310 5582 ut
1356 5546 1546 5591 carne,
1575 5541 1680 5583 etc.
1716 5531 1825 5599 ligo
1861 5547 1989 5585 vero

419 5615 516 5668 per
556 5605 848 5668 utramque
872 5598 1086 5653 vivendi
1114 5599 1404 5663 rationem,
1439 5598 1848 5654 smcularenret
1879 5618 1993 5655 lllO-

421 5667 690 5740 nasticam
738 5671 827 5740 hic
863 5669 1091 5738 intelligi
1137 5670 1410 5723 existimo.
1473 5670 1640 5738 quue
1706 5673 1991 5740 sequentia

427 5739 641 5809 Evagrii
667 5739 832 5794 verba
862 5740 1146 5795 maniieste
1177 5740 1524 5795 confirmant.
1560 5739 1822 5810 Sequitur
1848 5743 1993 5796 enim

2099 4760 2165 4811 τά
2199 4777 2256 4811 τε
2295 4758 2430 4812 ἄλλα
2473 4755 2674 4824 ὁμοίως
2702 4756 2766 4824 τῇ
2829 4755 3072 4828 προτέρᾳ
3108 4753 3280 4828 ’βιοτῇ
3341 4758 3676 4811 διεκτελοῦν-
3742 4765 3763 4796 ι’

2097 4847 2184 4882 τ²¹⁸

2131 4869 2206 4881 5‘.

2167 4883 2244 4966 ti)
2280 4900 2438 4951 ’Ὅσα
2465 4895 2551 4965 μὴ
2605 4893 2723 4966 τῶν
2767 4897 3110 4966 ἀναγκαίων
3148 4896 3400 4950 δεῖσθαι.
3450 4899 3678 4954 Rectius
3731 4907 3737 4954 ἑ

2095 4965 2237 5038 apinl
2288 4965 2906 5040 Nicepliorttnl_legitur
2932 4965 3037 5021 hoc
3070 4968 3250 5040 modo,
3290 4968 3429 5037 πλὴν
3469 4971 3676 5040 ὅσῳμῆ

2092 5021 2199 5090 ciu
2249 5021 2561 5106 ἀναγκαίων
2604 5032 2804 5095 ἐνδεεῖς
2855 5032 2991 5088 εἶναι
3039 5038 3132 5089 καὶ
3161 5040 3310 5106 τόπῳ
3370 5021 3678 5110 περιορὲζελ

2095 5110 2235 5161 σθαι.
2270 5109 2399 5174 Qua-
2425 5107 2501 5161 sic
2543 5105 2708 5158 vertit
2745 5106 2983 5159 Joannes
3018 5106 3232 5176 Langus
3263 5105 3290 5158 :7
3316 5105 3503 5162 Itidem.
3533 5105 3592 5162 ἰιι
3625 5113 3676 5164 in

2095 5182 2266 5249 priore
2301 5182 2404 5232 vim
2434 5177 2696 5249 (lugentes,
2738 5185 3095 5249 pra'terquam
3131 5177 3269 5249 quod
3312 5179 3462 5232 rebus
3499 5197 3676 5233 ιιι-οεδ-

2093 5246 2253 5303 irai-iis
2306 5265 2408 5302 non
2452 5248 2746 5313 indigeant,
2795 5257 2841 5299 et
2892 5246 3001 5300 loco
3048 5247 3195 5300 nullo
3243 5249 3681 5304 circumscribun-

2095 5330 2201 5373 tur.

2167 5391 2242 5452 (Si)
2304 5389 2782 5458 Ἐπίινίιστάσεις
2831 5406 2890 5458 τε
2941 5389 3263 5458 aii/moror.
3314 5389 3680 5450 Seribendum

2099 5461 2316 5515 videtur
2335 5462 2589 5530 σύντονοι.
2624 5457 2748 5530 Ιίιιιε
2771 5456 2919 5512 enim
2945 5456 3055 5512 duo
3076 5458 3342 5530 voeabula
3363 5461 3685 5530 frequenter

2103 5532 2264 5654 illllttli.
2300 5547 2358 5585 se
2412 5527 2678 5584 confundi
2740 5529 2795 5583 in
2852 5544 2984 5583 mss.
3029 5529 3444 5599 exemplaribus
3469 5527 3688 5602 'depre—

2123 5619 2226 5652 lt'llt
2256 5617 2290 5654 Ι.

2123 5617 2290 5654 1(¹1ὶί11.

2177 5673 2252 5736 (ti)
2287 5671 2489 5742 Πιξσον
2509 5669 2572 5742 ἐς
2599 5669 2836 5738 τροφὴν
2857 5670 3146 5742 δεόμενοι.
3179 5669 3312 5727 Non
3343 5667 3538 5724 dubito
3561 5668 3692 5737 quin

2105 5741 2460 5796 scribendum
2489 5739 2559 5796 sit
2591 5743 2802 5794 πόσων.
