4070 6176
458 297 603 361 2195

1632 301 1946 361 EVAGRII
1988 301 2479 364 SCHOLASTICI

3573 264 3712 365 2496

460 419 577 464 tum
634 410 983 480 patriarchae,
1017 409 1229 478 totique
1277 407 1487 463 civitati
1538 410 1803 475 innotuit,
1854 413 2036 467 statim

2142 414 2219 486 τῷ
2263 430 2321 466 τε
2371 414 2622 486 ἀρχιερεῖ
2661 411 2755 467 καὶ
2788 415 2853 484 τῇ
2883 410 3036 465 πόλει
3070 409 3370 479 κατάδηλον
3395 406 3461 486 ᾖ,
3487 415 3717 484 φοιτῶσι

459 515 653 556 omnes
686 502 753 555 ad
792 501 1071 556 basilicam
1102 509 1365 570 pergunt,
1400 507 1508 555 tam
1539 501 1772 572 Augusti
1803 503 2038 568 scilicet,

459 605 626 661 quam
668 590 959 660 pontilices
985 598 1041 645 et
1072 591 1451 660 magistratus,
1496 600 1554 646 et
1592 592 1804 662 reliqua
1852 593 2038 663 populi

460 680 781 745 multitudo,
843 688 902 733 ut
946 694 1230 733 sacrorum
1288 680 1679 750 mysteriorum
1741 683 2041 751 participes

463 769 616 823 ﬂant.
642 768 868 824 Cunctis
890 768 1093 824 deinde
1132 770 1530 839 spectantibus,
1566 772 1859 841 episeOpus
1884 773 2041 828 urbis

458 860 1083 929 Constantinopolitanae
1122 877 1229 916 una
1266 878 1393 917 cum
1424 864 1541 918 suis
1570 864 1952 919 sacerdotibus
1982 864 2039 919 in

459 952 762 1006 sacrarium
796 951 1125 1021 ingreditur,
1163 954 1221 1008 in
1248 970 1360 1023 quo
1390 970 1610 1009 sacrum
1640 955 1777 1010 illud
1817 956 1885 1011 de
1926 972 2038 1027 quo

458 1041 594 1106 dixi,
624 1057 822 1111 corpus
851 1043 1164 1112 depositum
1191 1054 1293 1100 est.
1324 1045 1380 1099 ln
1411 1046 1605 1101 eadem
1639 1061 1765 1100 arca
1788 1046 2038 1102 foramen

455 1142 543 1189 est
568 1134 826 1204 exiguum
848 1134 903 1188 in
930 1135 1064 1189 laeva
1091 1144 1268 1205 parte,
1298 1138 1483 1206 parvis
1510 1137 1841 1207 quibusdam
1864 1139 2037 1193 ostio-

457 1225 526 1281 lis
552 1225 925 1280 oblirmatum.
982 1227 1088 1281 Per
1137 1228 1307 1296 quod,
1358 1228 1567 1283 ferrum
1611 1229 1911 1298 oblongum
1947 1232 2035 1285 cui

456 1316 684 1386 spongia
704 1318 917 1371 adnexa
944 1327 1047 1380 est,
1082 1334 1256 1387 usque
1300 1319 1365 1372 ad
1407 1334 1593 1375 sacras
1623 1321 1891 1391 reliquias
1936 1322 2035 1376 de-

457 1407 703 1461 mittunt.
754 1407 820 1460 Et
846 1417 1136 1477 postquam
1169 1410 1453 1480 spongiam
1494 1410 1744 1467 hacillac
1783 1428 2036 1468 versave-

457 1498 587 1562 rint,
624 1497 856 1551 ferream
889 1498 1095 1568 virgam
1131 1500 1198 1552 ad
1237 1515 1297 1554 se
1341 1501 1655 1567 retrahunt,
1688 1517 1886 1557 cruore
1919 1504 2036 1572 ple-

457 1604 582 1642 nam
607 1598 663 1643 et
685 1588 968 1659 coagulato
995 1591 1281 1659 sanguine.
1313 1590 1471 1656 Quod
1499 1592 1592 1646 ubi
1622 1594 1857 1662 populus
1885 1594 2032 1648 vide-

458 1681 548 1743 rit,
583 1680 874 1735 confestim
921 1681 1094 1735 Deum
1135 1697 1259 1735 cum
1306 1683 1566 1737 laudibus
1613 1683 1825 1737 adorat.
1861 1683 2033 1738 Tanta

455 1776 638 1821 autem
668 1777 753 1822 est
803 1769 1020 1823 cruoris
1061 1769 1154 1838 qui
1202 1770 1357 1824 illinc
1402 1771 1716 1824 extrahitur
1761 1771 1943 1839 copia,
1976 1780 2038 1826 ut

456 1875 564 1912 non
594 1860 770 1914 solum
809 1860 1045 1930 piissimi
1087 1861 1452 1930 imperatores
1486 1870 1542 1916 et
1578 1862 1895 1917 sacerdotes
1924 1861 2038 1918 illic

455 1952 793 2022 congregati,
821 1952 1078 2008 universa
1103 1954 1341 2023 denique
1384 1954 1572 2023 p0puli
1606 1953 1904 2008 multitudo
1933 1954 2038 2009 ibi-

454 2043 580 2096 dem
617 2044 869 2109 collecta,
901 2043 1121 2098 abunde
1165 2059 1232 2098 ex
1258 2060 1326 2099 eo
1354 2044 1649 2113 accipiant,
1681 2046 1775 2100 sed
1810 2055 1867 2101 et
1899 2046 2038 2102 tide-

456 2129 603 2184 Iibus
633 2131 951 2200 quicunque
974 2131 1274 2201 cupierint,
1295 2147 1395 2201 per
1411 2132 1732 2187 universum
1759 2143 2036 2189 terrarum

455 2223 644 2277 orbem
680 2231 863 2293 guttas
910 2224 1031 2294 ejus
1065 2225 1305 2279 mittant.
1356 2225 1530 2280 Porro
1587 2226 1912 2297 coagulatus
1941 2227 2037 2281 ille

454 2314 679 2385 sanguis
719 2323 989 2384 perpetuo
1035 2313 1221 2380 durat,
1280 2317 1446 2388 286
1479 2333 1585 2373 nec
1634 2320 1692 2373 in
1740 2319 1908 2373 alium
1939 2333 2036 2373 eo-

453 2406 625 2460 lorcm
656 2412 902 2460 mutatur
924 2420 1083 2460 sacer
1112 2420 1295 2461 cruor.
1333 2407 1447 2462 lloc
1480 2417 1667 2463 autem
1706 2410 2037 2465 miraculum

456 2495 534 2559 lit,
570 2512 681 2551 non
731 2505 884 2551 certo
912 2498 1101 2568 aliquo
1150 2513 1215 2552 ac
1241 2497 1471 2552 deﬁnito
1512 2499 1778 2567 temporis
1832 2500 2036 2568 spatio,

454 2588 551 2642 sed
588 2597 751 2658 prout
776 2589 1020 2659 episcopi
1060 2590 1171 2644 vita
1203 2599 1259 2644 et
1293 2605 1509 2645 morum
1540 2591 1784 2660 gravitas
1813 2606 2037 2660 prome-

455 2680 651 2734 ruerit.
682 2679 894 2735 Ferunt
926 2682 1074 2735 enim
1104 2682 1323 2751 quoties
1363 2681 1450 2735 vir
1482 2682 1693 2752 probus
1723 2690 1889 2752 atque
1933 2683 2038 2737 ho-

454 2782 646 2827 nestus
673 2773 936 2842 omnique
959 2774 1227 2830 virtutum
1268 2790 1472 2845 genere
1499 2783 1818 2839 exornatus,
1846 2776 2037 2831 Eccle-

455 2862 594 2918 siam
662 2866 915 2931 rexerit,
985 2866 1039 2921 id
1101 2866 1430 2922 miraculum
1491 2866 1648 2934 fieri,
1701 2876 1758 2922 et
1810 2868 2034 2937 quidem

453 2955 902 3027 frequentissime
939 2975 952 3025 ;
987 2962 1207 3030 quoties
1239 2976 1373 3016 vero
1426 2976 1538 3016 non
1586 2962 1857 3032 ejusmodi
1891 2962 2037 3016 auti-

2143 506 2285 573 κατά
2319 506 2408 558 τὸν
2441 505 2595 572 νεὼν,
2631 506 2687 559 οῖ
2709 521 2767 558 τε
2798 504 2867 557 τά
2895 503 3171 573 σκῆπτρα,
3206 502 3258 556 οἵ
3282 520 3340 556 τε
3371 508 3439 557 τὰ
3463 504 3587 576 ἱερὰ
3622 508 3717 560 καὶ

2142 597 2240 660 τάς
2262 596 2438 667 ἀρχὰς
2465 595 2764 659 διέποντες,
2794 594 2942 658 ἄπας
2966 611 3025 647 τε
3055 595 3082 648 ὀ
3108 592 3291 655 λοιπὸς
3315 592 3521 665 ὅμιλος,
3549 612 3718 665 μετα-

2147 690 2298 759 σχεῖν
2344 689 2451 741 τῶν
2494 686 2837 757 τελουμένων
2877 684 3213 757 βουλόμενοι.
3250 685 3473 738 Πάντων
3514 702 3577 741 τε
3621 681 3718 739 οὖν

2141 780 2393 852 ὁρώντων
2443 781 2472 834 ὁ
2516 782 2616 851 τῆς
2657 777 3069 832 Κωνσταντίνου
3113 775 3376 848 πρόεδρος
3429 776 3570 848 μετά
3609 779 3719 831 τῶν

2142 872 2283 941 ἀμφ⁹
2309 870 2469 924 αὐτὸν
2504 871 2718 941 ἱερέων,
2744 869 2878 925 εἵσω
2905 867 3013 921 τών
3038 867 3355 937 ἀνακτόρων
3382 868 3570 937 χωρεῖ,
3589 867 3715 921 ἔνθα

2139 962 2201 1013 τδ
2233 959 2563 1030 λελεγμένον
2597 977 2688 1028 μοι
2724 958 2994 1026 πανάγιον
3026 958 3317 1011 ἀπόκειται
3348 956 3523 1028 σῶμα.
3560 957 3712 1010 Ἐστι

2140 1055 2197 1109 δέ
2245 1072 2298 1107 τι
2340 1053 2667 1126 κλειθρίδιον
2700 1052 2897 1124 μικρὸν
2920 1051 3031 1122 (21)
3063 1051 3209 1104 κατά
3235 1050 3333 1121 τὴν
3362 1049 3527 1122 αὐτὴν
3554 1049 3713 1116 σορὸν

2140 1147 2200 1199 ἐν
2226 1146 2303 1216 τῷ
2327 1145 2464 1215 λαιῷ
2492 1145 2672 1217 μέρει,
2704 1143 2900 1215 Θύραις
2930 1145 3155 1212 μικραῖς
3182 1140 3713 1211 κατησιραλισμένον,

2140 1237 2262 1291 ὅθεν
2319 1237 2539 1306 σίδηρον
2586 1235 2837 1305 ἐπιμήκη
2896 1231 3039 1285 κατὰ
3085 1230 3154 1284 τὰ
3200 1232 3444 1300 πανάγια
3487 1229 3718 1300 λείψανα

2144 1328 2384 1395 σπόγγον
2417 1326 2885 1398 περιαρτήσαντες
2913 1324 3203 1391 ἐπαφιᾶσι,
3240 1322 3333 1375 καὶ
3358 1320 3450 1374 τὸν
3476 1322 3717 1388 σπόγγον

2142 1416 2555 1490 περιδονοῢντες
2574 1455 2589 1480 ,
2643 1418 2700 1480 ἐς
2743 1415 2975 1477 ἑαυτοὺς
3006 1414 3097 1467 τὸν
3126 1412 3343 1485 σίδηρον
3374 1413 3715 1473 ἀνέλκουσιν,
3794 1482 3805 1491 ο

2141 1511 2390 1580 αἱμάτων
2431 1509 2616 1580 πλήρη
2641 1549 2655 1573 ,
2709 1507 2964 1579 Θρόμὸων
2997 1523 3056 1560 τε
3097 1502 3328 1558 πολλῶν.
3359 1504 3541 1574 Ὅπερ
3578 1504 3718 1557 ἐπὰν

2140 1605 2168 1655 ὁ
2197 1600 2334 1664 λεὼς
2364 1592 2570 1659 ἴδοι⁸⁶’,
2600 1600 2806 1661 εὐθέως
2838 1597 3214 1668 προσεκύνησε
3247 1596 3338 1650 τὸν
3363 1595 3496 1649 Θεὸν
3526 1595 3718 1664 γεραί-

2144 1709 2274 1761 ρων.
2335 1691 2587 1761 Τοσαύτη
2630 1689 2688 1743 δὲ
2738 1689 3045 1757 καθέστηκε
3101 1687 3210 1741 τῶν
3245 1687 3636 1758 ἐκφερομένων
3680 1688 3715 1756 ἡ

2138 1783 2370 1854 πληθὺς,
2396 1781 2536 1835 ὥστε
2564 1783 2657 1835 καὶ
2683 1783 2809 1845 τοὺς
2833 1780 3078 1843 εὐσεϐεῖς
3106 1779 3370 1849 βασιλεῖς,
3395 1780 3487 1831 καὶ
3508 1779 3718 1841 πάντας

2137 1875 2267 1939 τοὺς
2312 1874 2663 1943 ἀλιζομένους
2715 1873 2927 1944 ἱερέας,
2973 1871 3068 1924 καὶ
3117 1870 3223 1940 μὴν
3270 1870 3365 1923 καὶ
3407 1870 3585 1922 πάντα
3624 1868 3718 1922 τὸν

2138 1964 2528 2035 ἀθροιζόμενον
2573 1961 2710 2015 λεὼν
2738 2002 2754 2028 ,
2820 1961 3095 2023 πλουσίως
3152 1958 3264 2011 τῶν
3316 1957 3718 2027 ἀναδιδομένων

2142 2055 2600 2130 μεταλαμϐάνειν,
2623 2050 3007 2124 ἐκπέμπεσθαι
3028 2067 3089 2104 τε
3115 2049 3211 2103 καὶ
3236 2049 3339 2102 ἀνά
3363 2046 3462 2120 τὴν
3487 2049 3716 2117 ὐφή).ιον

2140 2151 2321 2203 πᾶσαν
2350 2147 2459 2200 τῶν
2489 2145 2697 2199 πιστῶν
2726 2146 2839 2206 τοῖς
2869 2141 3239 2212 βουλομένοις,
3275 2141 3372 2193 καὶ
3401 2139 3489 2192 διὰ
3516 2139 3716 2201 παντὸς

2138 2237 2266 2300 τούς
2308 2253 2367 2289 τε
2418 2233 2692 2306 Θρόμϐους
2738 2232 3041 2297 σώζεσθαι,
3077 2230 3139 2283 τό
3168 2247 3227 2282 τε
3256 2230 3524 2297 πανάγιον
3554 2223 3712 2297 αἷμα,

2144 2328 2409 2401 μηδαμῶς
2461 2328 2518 2389 ἐς
2567 2325 2760 2395 ἑτέραν
2812 2319 3170 2393 μεταχωροῢν
3210 2320 3352 2390 ὅφιν.
3383 2321 3563 2390 Ἀπερ
3594 2319 3715 2371 θεο-

2140 2418 2368 2490 πρεπῶς
2414 2416 2686 2481 τελεῖται,
2735 2415 2795 2468 οὐ
2839 2414 2981 2466 κατά
3005 2429 3129 2465 τινα
3154 2411 3520 2481 διωρισμένην
3552 2412 3712 2482 περίε-

2139 2510 2256 2562 οδον
2275 2548 2291 2573 ,
2345 2506 2467 2561 ἀλλ’
2499 2505 2575 2568 ὡς
2603 2503 2669 2558 ἂν
2703 2506 2736 2573 ή
2766 2502 2859 2556 τοῦ
2888 2501 3303 2570 προεδρεύοντος
3336 2498 3486 2569 βιοτὴ
3505 2541 3519 2563 ,
3558 2500 3649 2552 καὶ
3678 2500 3711 2567 ὴ

2139 2600 2248 2655 τῶν
2275 2598 2494 2670 τρόπων
2525 2597 2793 2667 σεμνότης
2826 2592 3096 2662 βούλεται.
3129 2592 3268 2645 Φασὶ
3299 2592 3343 2644 δ’
3368 2589 3461 2643 οὖν
3496 2589 3582 2642 ὅτε
3616 2591 3715 2658 μὲν

2139 2693 2247 2748 τών
2276 2691 2631 2761 εὐσχημόνων
2658 2705 2743 2751 τις
2768 2684 3055 2756 κυϐερνῴη
3083 2684 3177 2737 καὶ
3199 2685 3319 2746 ταῖς
3346 2683 3567 2754 ἀρεταῖς
3594 2682 3715 2734 ἐπί-

2143 2799 2337 2852 σημος,
2364 2780 2524 2833 τοῦτο
2547 2780 2607 2832 τὸ
2629 2776 2813 2848 Θαῦμα
2836 2776 2933 2830 καὶ
2959 2776 3192 2846 μάλιστα
3217 2774 3427 2844 συχνῶς
3446 2774 3709 2841 γενέσθαι·

2139 2872 2227 2926 ὅτε
2260 2871 2317 2924 δὲ
2346 2870 2455 2922 τών
2483 2870 2543 2922 οὗ
2568 2866 2822 2921 τοιούτων
2843 2906 2858 2930 ,
2902 2866 3144 2927 σπανίως
3175 2864 3276 2927 τὰς
3304 2863 3562 2925 τοιαύτας
3593 2862 3699 2915 θεο-

2142 2962 2373 3033 σημειας
2409 2960 2675 3030 προϊέναι.
2726 2956 2878 3021 Λέξω
2921 2956 2975 3010 δέ
3016 2974 3095 3019 τι.
3141 2956 3278 3025 ὅπερ
3312 2954 3371 3006 οὗ
3401 2952 3613 3023 χρόνος,
3649 2951 3710 3006 οὐ

454 3054 568 3103 stes
608 3047 798 3113 fuerit,
830 3066 956 3105 raro
989 3050 1107 3106 htec
1134 3051 1287 3122 signa
1317 3054 1561 3109 evenire.
1589 3055 1708 3110 Jam
1731 3070 1862 3110 vero
1884 3055 2034 3110 aliud

2141 3055 2329 3124 καιρὸς
2360 3051 2643 3122 διατέμνει
2663 3065 2676 3080 ο
2715 3051 2837 3102 οὐδὲ
2873 3049 2978 3119 μὴν
3010 3049 3223 3110 πιστοῖς
3247 3063 3305 3098 τε
3342 3046 3437 3099 καὶ
3463 3046 3714 3109 ἀπέστοις

455 3138 780 3194 miraculum
809 3144 1281 3209 commemorabo,
1306 3146 1455 3215 quod
1481 3161 1584 3200 nec
1615 3157 1887 3216 tempore,
1934 3163 2037 3202 nec

455 3230 565 3283 ulla
597 3246 663 3284 ex
693 3247 858 3286 causa
914 3233 1379 3306 interrumpitur.
1416 3253 1521 3294 nec
1566 3239 1863 3294 discrimen
1904 3239 2037 3294 facit

457 3319 603 3373 inter
641 3319 830 3376 ﬁdeles
863 3330 1028 3392 atque
1055 3324 1308 3381 inﬁdeles
1341 3344 1353 3379 :
1388 3327 1486 3381 sed
1508 3327 1768 3383 omnibus
1789 3343 1856 3382 ex
1878 3344 2037 3399 :equo

454 3419 688 3481 prostat.
730 3412 837 3468 Ubi
871 3414 996 3484 quis
1021 3416 1089 3470 ad
1122 3431 1250 3471 eum
1278 3418 1459 3474 locum
1484 3421 1800 3487 accesserit,
1838 3423 1893 3477 in
1925 3438 2035 3490 quo

456 3510 541 3557 est
569 3519 696 3558 area
728 3504 817 3558 illa
843 3507 1081 3574 pretiosa
1109 3524 1232 3577 quae
1256 3525 1443 3565 sacras
1470 3512 1719 3567 continet
1746 3514 2032 3583 reliquias,

457 3592 726 3661 ejusmodi
781 3595 969 3651 odoris
1021 3599 1350 3653 suavitatem
1408 3602 1616 3667 sentit,
1672 3619 1794 3672 quae
1842 3619 2036 3659 omnes

458 3697 752 3744 consuetos
770 3692 983 3762 odores
1026 3694 1186 3766 longe
1216 3706 1459 3768 superat.
1500 3698 1635 3753 Nam
1664 3715 1844 3770 neque
1876 3699 2034 3755 odori

458 3779 552 3848 qui
602 3796 670 3835 cx
704 3782 877 3851 pratis
939 3784 1241 3855 colligitur,
1297 3803 1476 3858 neque
1521 3789 1573 3844 ei
1605 3790 1699 3859 qui
1741 3807 1806 3845 ex
1866 3791 2035 3845 rebus

2140 3143 2510 3214 διακέκριται,
2552 3140 2687 3194 πᾶσι
2715 3138 2770 3192 δὲ
2804 3138 2863 3202 ἐξ
2896 3137 3015 3203 ῖσης
3046 3138 3288 3191 ἀνεῖται*
3327 3135 3455 3188 ὅταν
3486 3127 3587 3187 ὧδε
3618 3132 3712 3185 τοῦ

2144 3236 2323 3308 χώρου
2354 3253 2437 3295 τις
2468 3234 2714 3301 γένηται,
2750 3229 2875 3283 ἔνθα
2905 3232 2935 3299 ἡ
2964 3228 3122 3299 τιμία
3149 3228 3307 3296 σορὸς
3338 3229 3395 3280 ὲν
3482 3227 3550 3279 τὰ
3576 3243 3714 3278 πανα-

2144 3330 2277 3396 ἀγια
2321 3324 2584 3395 λεὲψανα,
2630 3323 2800 3391 ὀδμῆς
2834 3318 3067 3381 εὐώδους
3099 3318 3477 3388 ἐμπίπλαται,
3531 3317 3713 3382 πάσης

2145 3418 2408 3488 συνήθους
2463 3410 2771 3485 ἀνθρώποις
2822 3410 3154 3481 ὑπερτέρας.
3215 3409 3348 3462 Οὐδὲ
3389 3408 3499 3476 γὰρ
3540 3410 3608 3477 τῇ
3650 3409 3715 3459 ὲκ

2141 3508 2421 3580 λειμώνων
2444 3503 2806 3576 ἀθροιζομένῃ
2828 3501 3142 3572 παρέοικεν,
3166 3501 3287 3553 οὐδέ
3311 3517 3375 3569 γε
3400 3503 3465 3570 τῇ
3490 3499 3551 3552 ἐκ
3570 3516 3714 3562 τινος

2139 3602 2249 3657 τῶν
2279 3597 2659 3654 εὐωδεστάτων
2686 3594 3143 3665 ἀναπεμπομένη,
3172 3593 3291 3646 οὐδὲ
3320 3592 3437 3645 οῖαν
3465 3590 3716 3662 pepedit};

2141 3691 2472 3764 ἐργάσαιτο·
2528 3685 2653 3754 ξένη
2705 3683 2764 3736 δέ
2810 3699 2894 3746 τις
2937 3684 3034 3735 καὶ
3068 3679 3390 3752 ὑπερψυὴς,
3442 3680 3502 3744 ἐξ
3546 3679 3714 3748 αὐτῆς

2142 3782 2470 3852 παραστᾶσα
2496 3776 2608 3846 (22)
2640 3775 2750 3829 τῶν
2778 3774 3136 3827 ἀναδιδόντων
3166 3771 3263 3843 τὴν
3287 3772 3537 3842 δύναμιν.

457 3870 910 3941 fragrantissimis
956 3876 1196 3941 exhalat,
1233 3877 1430 3934 similis
1476 3887 1563 3933 est
1626 3880 1764 3934 odor
1798 3881 1913 3946 ille,
1966 3893 2068 3933 nec
2101 3873 2281 3944 qualis
2320 3869 2389 3925 ab
2426 3865 2810 3937 unguentariis
2857 3863 3150 3919 coniicitur
3185 3882 3198 3918 :
3229 3863 3325 3919 sed
3390 3862 3715 3933 peregrinus

457 3962 679 4028 quidam
702 3967 1054 4023 etexcellens
1099 3984 1271 4039 perse
1308 3971 1485 4040 ipsum
1520 3972 1806 4028 declarans
1830 3983 2033 4044 quanta
2069 3971 2140 4025 sit
2168 3968 2344 4021 virtus
2376 3962 2739 4033 reliquiarum
2796 3973 2919 4029 quae
2944 3957 3122 4028 ipsum
3178 3957 3463 4012 emittunt.

1750 4104 1987 4163 VARUS
2024 4100 2432 4158 LECTIONES.

516 4186 655 4247 ³⁸⁸6.
678 4191 740 4247 C.
777 4193 881 4266 ἴδῃ.

1684 4287 1950 4343 VALESll
1993 4284 2556 4341 ANNOTATIONES.

473 4380 744 4446 ’Λιροόνως
778 4380 885 4434 τῶν
911 4380 1204 4447 θαυμάτων
1227 4380 1434 4450 τρυγᾷν
1458 4381 1818 4434 ὲνεκελεύετο.
1849 4381 1905 4435 Id
1931 4390 2034 4445 est,
2071 4385 2112 4440 D
2141 4387 2196 4433 et
2224 4377 2809 4450 Nicephprus.ﬂP9rro
2835 4373 2990 4450 κλειο
3003 4372 3166 4442 ρῖοιον
3197 4372 3414 4441 Langtls
3452 4369 3713 4426 fenestel-

460 4460 523 4503 ιιι
554 4452 717 4503 vertit
747 4450 963 4519 [.angus
993 4450 1111 4521 τιτι
1148 4450 1529 4521 mir-aridorum
1580 4451 1769 4504 talium
1804 4453 2033 4521 fructum

462 4521 818 4590 perciperent.
843 4528 926 4590 est
951 4520 1249 4573 cohortata.
1288 4519 1485 4574 Verum
1517 4519 1866 4590 Nicephorus
1917 4521 2032 4576 hch

461 4590 627 4643 verba
661 4589 874 4643 addidit
900 4589 968 4660 de
997 4603 1137 4660 suo:
1167 4604 1269 4644 nec
1301 4591 1517 4660 Evagrii
1551 4589 1787 4645 mentem
1818 4606 2036 4645 assecu-

460 4668 551 4712 tus
577 4668 681 4723 est,
721 4674 846 4713 cum
886 4658 1150 4729 Evagrius
1198 4675 1309 4714 non
1348 4658 1437 4715 (ιε
1472 4660 1724 4729 pluribus
1755 4661 2038 4715 miraculis

464 4730 552 4785 hic
576 4730 853 4797 loquatur.
885 4728 978 4783 sed
1008 4729 1075 4783 de
1107 4744 1217 4782 uno
1254 4728 1522 4785 duntaxat
1569 4732 1857 4788 miraculo.
1909 4746 2038 4784 san-

413 4788 423 4811 ’
461 4788 661 4864 guinis.
691 4802 904 4854 scilicet
943 4815 1009 4853 ex
1050 4810 1252 4871 sanctae
1302 4801 1558 4871 martyris
1610 4803 1822 4855 tumqu
1853 4810 2035 4855 scatu-

464 4871 675 4941 rientis.
736 4871 846 4941 Ego
896 4884 1044 4941 vero
1081 4870 1357 4939 vulgatam
1415 4870 1744 4940 seripturam
1793 4879 2036 4930 secutus.

461 4940 697 5008 simplici
729 4952 893 5007 atque
924 4940 1088 4993 obvio
1116 4955 1277 4995 sensu
1319 4941 1467 4995 hunc
1509 4942 1693 4995 locum
1733 4941 1802 4995 de
1852 4941 2042 4993 vinde-

462 5011 727 5064 miatiouc
756 5010 1010 5079 exposui.
1039 5009 1218 5080 iQuod
1274 5011 1498 5079 quidem
1546 5012 1750 5080 optime
1781 5011 2041 5069 convenit

461 5094 587 5148 eum
614 5081 980 5148 sequentibus
1020 5079 1237 5145 Evagrii
1284 5081 1484 5134 verbis.
1540 5080 1717 5134 Cruor
1752 5082 1900 5133 enim
1932 5081 2040 5148 .qui

462 5166 528 5203 ex
564 5146 738 5204 beata-
765 5151 1021 5220 martyris
1050 5150 1302 5220 reliquiis
1335 5150 1716 5220 copiosissime
1767 5146 2041 5219 exprime-

466 5220 646 5279 batur,
689 5220 833 5275 haud
865 5219 1135 5274 absimilis
1161 5228 1279 5273 erat
1306 5219 1436 5274 vino
1465 5219 1612 5289 quod
1646 5237 1713 5274 ex
1738 5221 1859 5275 uvis
1889 5234 2043 5274 com-

465 5290 674 5358 pressis
707 5290 946 5343 elicitur.
985 5289 1137 5343 Adde
1164 5291 1310 5358 quod
1355 5290 1474 5345 dies
1508 5291 1683 5347 festus
1709 5301 1915 5344 sanetae
1941 5291 2046 5341 Eu—

464 5359 699 5427 phemiac
730 5360 785 5414 in
813 5370 1032 5428 tempus
1058 5360 1351 5415 vindemiae
1378 5360 1675 5424 incidebat,
1711 5362 1765 5414 in
1804 5362 1870 5415 16
1896 5361 2045 5414 scili-

466 5436 555 5499 cet
582 5430 786 5499 mensis
808 5429 1171 5499 Septembris,
1209 5440 1267 5485 ut
1312 5431 1580 5486 discimus
1613 5446 1680 5485 ex
1724 5430 2043 5485 Grmcurum

465 5496 726 5566 Menologi
741 5520 779 5555 θ.

539 5567 650 5641 (2i)
687 5570 806 5641 Ἔτι
837 5568 905 5621 δὲ
934 5571 1299 5639 κλειθρίδιον
1329 5574 1558 5641 μικρόν.
1595 5571 1885 5629 Assentior
1910 5570 2047 5623 viris

467 5635 760 5709 doctis,qui
782 5635 1113 5709 jampridem
1131 5635 1496 5699 emend-urunt
1516 5645 1628 5694 ἔστι
1645 5643 1721 5699 δέ.
1743 5652 1852 5697 etc.
1873 5642 2043 5706 Quam

465 5706 914 5763 emendationem
954 5712 1245 5769 continuat
1282 5714 1448 5772 etiam
1488 5712 1658 5769 codex
1702 5712 2046 5767 'l‘ellcrianus

2141 4450 2248 4502 lant
2307 4444 2526 4503 vertit:
2573 4444 3114 4515 Christophorsonus
3162 4457 3294 4496 vero
3341 4451 3712 4515 transennam.

2137 4518 2252 4584 Ego
2291 4533 2415 4572 cum
2444 4518 2692 4571 Musculo
2734 4510 2973 4584 foramen
3002 4514 3172 4584 malui
3213 4520 3445 4584 vertere.
3480 4510 3615 4584 _l\"_am
3659 4523 3717 4565 et

2137 4579 2479 4643 Shzomenus
2506 4588 2579 4642 ita
2603 4579 2844 4656 appellat
2874 4585 2928 4637 in
2953 4583 3157 4656 lih._tx,
3199 4597 3320 4656 cap.
3442 4579 3533 4656 ubi
3560 4583 3715 4650 plura

2136 4662 2319 4713 notavi
2354 4659 2421 4711 de
2451 4650 2763 4727 hujusmodi
2797 4652 3099 4708 fenestellis
3128 4667 3251 4722 qua:
3277 4650 3479 4704 ﬁebant
3505 4651 3559 4703 iu
3593 4666 3721 4721 eap-

2140 4730 2214 4782 sis
2245 4737 2571 4781 martvrum.

2211 4799 2321 4865 (2:2)
2358 4788 2694 4862 Περιστιῖστι
2720 4791 3163 4865 λειψάιχονγοξ
3191 4788 3458 4865 λειψάνων
3483 4788 3637 4865 deest
3666 4788 3719 4840 in

2143 4860 2537 4934 manuscriptis
2565 4864 2874 4922 codicibus,
2924 4862 3262 4934 Florentino,
3294 4860 3623 4934 _Te_llcriano
3646 4868 3723 4934 “et

2143 4938 2331 5004 Regio.
2357 4928 2484 4990 etin
2509 4935 2754 4989 editione
2774 4933 3021 4986 Roherti-
3038 4929 3465 5004 Stcphani___l\’ee
3482 4936 3628 5004 [cete
3644 4928 3723 4979 fe-

2142 4997 2339 5061 cerunt
2371 5005 2687 5077 typographi
2714 5004 3081 5077 Genevenses.
3098 5001 3196 5074 qui
3220 5015 3285 5051 ex
3306 4998 3460 5051 libris
3476 4997 3723 5077 Christo-

2146 5072 2407 5151 phnrsmti
2430 5072 2549 5129 eam
2583 5075 2672 5127 hie.
2695 5087 2882 5151 vocem
2908 5072 3322 5151 Sttpplcverttnt,
3345 5083 3469 5147 cum
3495 5072 3721 5151 militum

2146 5138 2455 5201 necessaria
2489 5145 2559 5199 sit
2592 5144 2850 5205 hocloco,
2876 5138 3163 5194 neeiullius
3181 5138 3367 5205 scripti
3395 5138 3722 5204 exemplaris

2147 5217 2461 5270 testimonio
2474 5217 2851 5283 conﬁrmetur.
2875 5211 3006 5265 Nam
3020 5210 3185 5283 var-ire
3200 5208 3304 5261 illae
3319 5206 3582 5283 lectiones
3598 5220 3720 5283 quae

2146 5303 2210 5341 ex
2248 5283 2732 5351 Christuphorsoni
2780 5282 2937 5335 libris
2979 5280 3353 5355 proferuntur,
3399 5275 3533 5329 nihil
3571 5274 3719 5355 aliud

2148 5366 2277 5415 sunt
2308 5347 2633 5423 plerumque
2674 5367 2851 5423 quam
2871 5351 3198 5423 conjectura:
3230 5347 3520 5423 doctorum
3571 5347 3725 5395 viro-

2151 5415 2497 5482 nun."l‘otus
2523 5415 2805 5491 igiturhic
2844 5415 3000 5473 locus
3032 5419 3103 5491 ita
3138 5417 3303 5491 scribi
3339 5415 3527 5491 (lebet1
3562 5422 3726 5491 prout

2149 5498 2349 5566 legitur
2375 5496 2426 5547 in
2443 5484 2631 5566 codice
2650 5492 3039 5566 Florentino-ac
3063 5486 3373 5566 tralia-riam
3397 5501 3412 5538 ε
3551 5484 3725 5566 αὐτῇς

2154 5554 2480 5631 πᾶίραστᾶσα
2511 5564 2619 5615 τῶν
2646 5559 3124 5631 ἀναδιδόντων-τὴν
3152 5556 3382 5631 δέναμιν
3425 5554 3605 5631 _A:que
3649 5554 3725 5604 ita

2152 5624 2281 5702 legit
2312 5634 2672 5702 Nicephorus.
2701 5631 2810 5685 .Sic
2835 5624 3397 5702 enimhuncEvagrit
3424 5624 3606 5702 logpm
3637 5637 3729 5675 ex.

2154 5690 2357 5779 pressit
2387 5724 2398 5759 :
2430 5690 2817 5775 ’Ῠεκμηριοῦσα
2845 5698 2938 5753 τοῦ
2967 5690 3322 5759 ἀναδιδόντοξ
3346 5695 3444 5766 τὴν
3470 5692 3725 5763 δύναμιν.
