4070 6176
529 241 672 307 289

1691 231 2010 296 EVAGRII
2051 229 2543 292 SCHOLASTICI

3647 238 3787 307 2500

524 355 692 426 paulo
728 364 859 410 ante
901 353 1244 411 celebratum
1287 350 1460 408 estin
1491 346 1785 417 metropoli
1833 344 2102 414 Ephesio—

2213 343 2505 413 γενομένης
2537 343 2756 398 συνόδου
2813 344 2872 399 ὲν
2917 346 2984 418 τῇ
3029 345 3294 417 Ἐφεσίων
3326 352 3682 422 μητροπόλει,
3717 358 3786 426 ἢν

523 462 680 511 rum,
727 444 875 516 quod
915 445 1128 501 utinam
1171 443 1512 500 celebratum
1553 452 1835 508 nunquam
1882 435 2099 498 fuisset,

523 553 594 592 ne
619 537 770 592 orbis
799 547 1070 592 terrarum
1106 535 1263 591 malis
1291 549 1356 589 ac
1381 530 1712 588 tumultibus
1741 528 2100 599 impleretur:

523 628 705 682 bonus
743 628 834 684 ille
864 627 1180 690 Dioscorus,
1212 626 1418 680 nullam
1447 622 1674 694 iustitia:
1707 620 1977 674 rationem
2007 619 2106 672 ha-

525 717 684 783 bens,
715 733 820 773 nec
849 717 946 772 Dei
993 719 1245 772 timorem
1287 714 1666 777 considerans,
1699 727 1824 767 cum
1855 709 2102 782 ejusdem

524 808 802 879 Opinionis
832 825 896 862 ac
925 809 1214 863 sententia:
1239 815 1386 862 esset
1410 823 1536 861 cum
1577 805 1844 876 Eutyche.
1875 804 2105 875 perdita:

525 900 726 954 mentis
780 899 1003 954 homine
1063 907 1225 968 atque
1277 898 1566 963 haeretico;
1622 897 1873 952 occultus
1919 906 2105 949 autem

522 999 693 1053 esset,
718 991 862 1046 sicut
884 1000 1073 1060 postea
1098 991 1444 1060 apertissime
1466 989 1792 1054 declaravit;
1814 987 2105 1042 occasione

523 1090 745 1152 arrepta
787 1097 855 1136 ex
893 1083 1246 1137 accusatione
1288 1097 1452 1152 quam
1483 1097 1587 1152 ego
1631 1081 1898 1135 adversus
1941 1078 2108 1149 Euty-

525 1175 682 1228 cbem
726 1174 934 1229 erroris
977 1175 1150 1245 ipsius
1187 1185 1498 1230 consortem
1543 1173 1913 1236 institueram,
1955 1181 2013 1226 et
2041 1186 2107 1225 ex

526 1267 798 1322 sententia
834 1283 866 1322 a
894 1268 1003 1336 pia:
1031 1267 1311 1322 memoriae
1343 1267 1604 1322 Flaviano
1630 1265 1889 1336 episcopo
1915 1271 2107 1318 contra

526 1359 784 1414 eumdem
818 1359 1120 1430 Eutychen]
1166 1359 1398 1429 prolata,
1435 1357 1652 1412 turbam
1690 1355 2108 1426 incompositam

527 1449 915 1503 seditiosorum
968 1449 1252 1503 hominum
1305 1449 1545 1519 collegit.
1584 1449 1834 1518 Cumque
1868 1447 2112 1517 tyranni-

525 1556 646 1596 cam
681 1540 1112 1596 dominationem
1145 1541 1377 1610 pecunia
1404 1540 1507 1596 sibi
1540 1550 1936 1610 comparasset,
1964 1539 2108 1610 piam

2205 431 2396 501 ὄφελόν
2432 449 2496 502 γε
2531 429 2599 506 ἦν
2643 436 2719 505 μὴ
2747 436 3022 504 γενέσθαι,
3060 439 3146 492 ἵνα
3178 439 3253 512 μὴ
3278 439 3463 496 κακῶν
3491 445 3584 498 καὶ
3615 463 3791 519 ταρα-

2205 523 2308 595 χῆς
2335 525 2435 594 τὴν
2477 525 2808 597 οἰκουμένην
2849 527 3130 600 ἐμπλήσῃ,
3163 531 3192 582 ὁ
3231 530 3464 599 χρηστὸς
3495 534 3792 608 Διόσκορος

2207 619 2339 688 παρ’
2381 618 2535 674 οὖδὶν
2566 619 2792 690 θέμενος
2827 621 2922 676 τὸν
2973 621 3067 677 τοῦ
3107 624 3320 677 δικαίου
3350 625 3528 694 λόγον,
3564 631 3662 684 καὶ
3691 633 3794 684 τὸν

2205 710 2301 762 τοῦ
2354 709 2494 764 Θεοῦ
2531 711 2716 781 φόϐον·
2764 713 3017 785 ὸμόδοξος
3068 712 3144 768 ὢν
3202 715 3297 768 καὶ
3325 717 3591 789 όμόφρων
3615 721 3797 776 Eia-ru»

2207 801 2337 872 χοῦς
2371 802 2466 857 τοῦ
2511 804 2912 874 ματαιόφρονος
2957 805 3052 859 καὶ
3095 805 3398 875 αἱρετικοῦ,
3430 805 3716 864 λανθάνων
3737 811 3795 866 δὲ

2207 891 2336 955 τοὺς
2359 892 2614 956 πολλοὺς,
2643 894 2718 957 ὡς
2742 893 2970 966 ὕστερον
2997 894 3192 950 ἑαυτὸν
3219 897 3592 966 ἐφανέρωσεν·
3617 900 3793 970 εὑρὼν

2211 987 2396 1054 καιρὸν
2428 986 2528 1058 τὴν
2569 987 2946 1059 γεγενημένην
2980 989 3112 1058 παρ’
3140 987 3280 1060 ιμοῦ
3319 989 3466 1044 κατά
3521 991 3791 1062 Εὑτυχοῦς

2207 1079 2302 1133 τοῦ
2345 1079 2608 1150 ὀμοδόξου
2649 1079 2812 1133 αὐτοῦ
2860 1081 3217 1151 κατηγορίαν,
3253 1082 3352 1136 καὶ
3393 1083 3496 1154 τὴν
3522 1084 3608 1138 ἀπ’
3637 1084 3793 1154 αὐτῷ

2210 1171 2584 1244 ἐξενεχθεῖσαν
2636 1172 2818 1242 ψῆφον
2851 1175 3004 1244 παρά
3064 1172 3158 1228 τοῦ
3213 1174 3314 1245 τῆς
3368 1176 3525 1238 ὁσίας
3586 1174 3799 1244 “Esne

2209 1264 2512 1318 Φλαὸιανοῦ
2563 1264 2660 1318 τοῦ
2712 1265 3014 1319 δπισκόπου
3037 1305 3053 1328 ,
3089 1265 3296 1336 πλῆθος
3331 1266 3590 1322 ἀτάκτων
3619 1269 3799 1338 ὄχλων

2213 1355 2558 1424 συναγαγὼν,
2612 1356 2706 1410 καὶ
2753 1355 3072 1410 δυναστείαν
3113 1357 3292 1428 ἐαυτῷ
3347 1357 3437 1411 διά
3489 1361 3798 1429 χρημάτων

2212 1448 2603 1518 πορισάμενος,
2632 1447 2735 1518 τὴν
2774 1445 2977 1524 εὐσεϐῆ
3017 1445 3314 1518 θρησκείαν
3356 1448 3467 1503 τῶν
3495 1449 3797 1520 ὁρθοδόξων

2211 1539 2338 1605 τόγε
2363 1534 2499 1610 ἦχον
2539 1539 2622 1602 είς
2661 1537 2824 1592 αὐτὸν
2851 1539 3183 1608 ἐλυμήνατο,
3214 1539 3308 1592 καὶ
3340 1541 3441 1610 τὴν
3472 1541 3798 1606 κακοδοξίαν

527 1631 749 1700 quidem
825 1632 1146 1702 religionem
1199 1633 1675 1697 orthodoxorum,
1731 1641 2000 1702 quantum
2051 1631 2104 1684 in

2214 1628 2485 1699 Εὑτυχοῦς
2526 1629 2623 1683 τοῦ
2670 1629 3016 1700 μονάζοντος,
3051 1630 3175 1699 ἥτις
3225 1631 3434 1684 ἀνωθεν
3483 1633 3578 1686 καὶ
3611 1630 3672 1697 ἐξ
3694 1634 3800 1704 ἀρα

532 1726 656 1794 ipso
689 1724 813 1788 fuit,
860 1724 1263 1788 labefactavit:
1296 1742 1516 1796 pravam
1568 1735 1752 1780 autem
1794 1725 2111 1795 opinionem

529 1814 794 1886 Eulycbis
827 1817 1104 1883 monachi,
1159 1833 1279 1886 qua:
1323 1816 1655 1888 jampridem
1700 1826 1757 1870 et
1784 1814 1854 1869 ab
1881 1813 2111 1869 exordio

527 1920 559 1958 a
585 1905 793 1960 sanctis
823 1905 1080 1961 Patribus
1111 1907 1475 1962 condemnata
1503 1907 1703 1970 fuerat,
1745 1906 2111 1960 confirmavit.

525 1995 666 2050 Cum
713 1997 879 2067 igitur
928 2013 1036 2052 non
1096 1998 1235 2052 levia
1282 1999 1414 2062 sint,
1461 2015 1583 2068 quae
1633 1999 1898 2054 adversus
1949 1999 2110 2053 fidem

526 2084 736 2141 Christi
767 2094 823 2142 et
855 2101 1045 2142 contra
1095 2104 1195 2143 nos
1221 2089 1403 2144 facere
1443 2089 1695 2153 tentavit,
1737 2089 2007 2160 provoluti
2043 2090 2110 2143 ad

531 2178 703 2248 pedes
749 2179 1047 2250 Maiestatis
1079 2192 1276 2236 vestrae
1306 2197 1582 2253 rogamus,
1621 2191 1682 2236 ut
1703 2181 1960 2238 eumdem
1987 2182 2114 2236 reli-

528 2270 902 2340 giosissimum
951 2272 1270 2341 episcOpum
1303 2273 1625 2328 Dioscorum
1665 2271 2001 2342 respondere
2027 2272 2116 2342 ju-

530 2359 708 2414 beatis
757 2359 825 2413 iis
873 2377 995 2430 qua:
1062 2377 1093 2414 a
1147 2362 1310 2416 nobis
1373 2361 1452 2416 illi
1509 2361 1899 2432 objiciuntur:
1956 2358 2113 2415 lectis

529 2450 746 2506 scilicet
805 2467 988 2505 coram
1055 2453 1402 2508 sanctissima
1462 2453 1669 2525 synodo
1739 2451 2114 2506 monumentis

529 2551 778 2596 actorum
830 2559 952 2610 qua:
1008 2543 1096 2596 iilc
1130 2553 1322 2598 contra
1359 2560 1460 2599 nos
1505 2543 1762 2599 confecit.
1802 2543 1879 2597 Ex
1910 2543 2116 2613 quibus

531 2633 914 2688 demonstrare
955 2650 1247 2702 possumus
1290 2635 1444 2688 illum
1475 2643 1532 2690 et
1571 2650 1601 2688 a
1637 2643 1785 2689 recta
1827 2633 1934 2688 ﬁde
1981 2634 2115 2688 alie-

531 2739 664 2780 num
707 2738 854 2787 esse,
894 2733 950 2778 ct
1003 2724 1254 2778 haeresim
1302 2726 1518 2794 plenam
1566 2725 1864 2796 impietatis
1907 2723 2111 2780 conﬁr-

533 2831 733 2881 masse,
786 2825 846 2871 et
891 2832 992 2871 nos
1050 2817 1250 2888 injuste
1303 2818 1645 2886 deposuisse.
1689 2828 1746 2873 et
1773 2817 2114 2889 gravissimis

533 2908 691 2961 malis
741 2907 1028 2962 aﬂ'ecissc:
1085 2909 1270 2963 missis
1322 2909 1580 2964 videlicet
1635 2909 1840 2964 divinis
1885 2918 1942 2964 et
1981 2910 2114 2964 ado-

2216 1722 2319 1790 χῆς
2365 1719 2516 1791 παρὰ
2548 1720 2658 1772 τῶν
2701 1719 2873 1788 ἁγίων
2936 1721 3200 1792 Πατέρων
3243 1721 3634 1794 ἀπεκηρύχθη,
3670 1723 3799 1776 ισε-

2214 1809 2471 1864 σαίωσεν.
2515 1810 2671 1864 Ἐπεὶ
2696 1810 2791 1864 οὖν
2820 1811 2880 1864 οὐ
2913 1812 3088 1883 μικρά
3121 1812 3191 1865 τὰ
3235 1813 3618 1884 τετολμημένα
3645 1813 3798 1884 αὐτῷ

2214 1905 2357 1957 κατά
2421 1919 2480 1955 τε
2508 1905 2609 1974 τῆς
2657 1904 2738 1965 είς
2784 1903 3022 1973 Χριστὸν
3057 1903 3294 1968 πίστεως
3336 1906 3432 1958 καὶ
3461 1905 3585 1958 καθ’
3611 1905 3794 1976 ἡμῶν,

2214 1994 2448 2064 δεόμεθα
2496 1994 2590 2047 καί⁵
2620 1995 3039 2066 προσπίπτομεν
3058 1996 3138 2066 τῷ
3166 1995 3418 2067 ὑμετέρῳ
3451 1996 3668 2067 κράτει,
3703 1997 3797 2050 θε-

2217 2091 2403 2145 σπίσαι
2422 2091 2514 2144 τὸν
2546 2091 2707 2145 αὑτὸν
2735 2090 3128 2146 εὐλαδέστατον
3162 2091 3460 2145 ἐπίσκοπον
3481 2094 3794 2165 Διόσκορον,

2214 2183 2656 2255 ἀπολογήσασθαι
2671 2185 2787 2246 τοῖς
2806 2184 2933 2252 παρ’
2947 2183 3103 2254 ἡμῶν
3121 2183 3269 2253 αὐτῷ
3287 2185 3652 2252 ἐπαγομένοις
3665 2201 3681 2216 ·
3702 2183 3797 2254 δηο

2216 2273 2350 2345 λαδὴ
2366 2274 2473 2326 τῶν
2489 2274 2617 2344 παρ’
2631 2273 2796 2327 αὐτοῦ
2814 2275 2935 2328 καθ’
2949 2278 2982 2345 ἡ
2993 2275 3107 2344 μῶν
3127 2275 3531 2346 πεπραγμένων
3549 2277 3796 2345 ὑπομνη-

2217 2365 2404 2432 μάτων
2422 2363 2948 2432 ἀναγινωσκομένων
2974 2365 3067 2416 ἐπὶ
3079 2365 3178 2433 τῆς
3205 2365 3368 2431 ἁγίας
3391 2365 3631 2418 συνόδου’
3651 2364 3701 2416 δι
3721 2358 3796 2417 ὧν

2213 2453 2494 2523 δυνάμεθα
2516 2453 2816 2520 ἀποδεῖξαι,
2837 2455 2929 2507 καὶ
2941 2453 3220 2526 ἀλλότριον
3247 2454 3376 2508 ὅντα
3393 2454 3496 2524 τῆς
3511 2454 3795 2525 ὀρθοδόξου

2215 2547 2480 2612 πίστεως,
2516 2547 2612 2600 καὶ
2642 2545 2855 2614 αἵρεσιν
2890 2546 3147 2610 ἁσεσείας
3179 2546 3622 2617 πεπληρωμένην
3657 2563 3797 2617 κρα-

2214 2638 2474 2702 τύναντα,
2503 2639 2598 2692 καὶ
2625 2637 2826 2701 ἀδίκως
2875 2639 3018 2708 ἡμᾶς
3068 2637 3388 2703 καθελόντα,
3419 2639 3516 2691 καὶ
3549 2637 3618 2692 τά
3647 2637 3800 2691 δεινά

2216 2725 2365 2794 ἡμᾶς
2399 2724 2868 2795 κατειργασμένον
2897 2740 2911 2755 °
2949 2724 3111 2779 θείων
3161 2729 3256 2780 καὶ
3304 2727 3799 2797 προσκυνουμένων

2216 2817 2374 2886 ἡμῶν
2423 2815 2468 2847 ⁸⁷
2516 2816 2802 2886 μανδάτων
2853 2818 3368 2888 καταπεμπομένων
3406 2820 3471 2888 τῇ
3524 2819 3655 2890 ἁγίᾳ
3702 2821 3800 2872 καὶ

2215 2908 2569 2978 οἰκουμενικῇ
2601 2907 2803 2978 συνόδῳ
2831 2908 2942 2960 τῶν
2974 2905 3408 2976 θεοφιλεστάτων
3456 2909 3794 2973 ἐπισκόπων,

536 2998 724 3051 randis
769 2998 1038 3053 mandatis
1078 2999 1276 3054 vestris
1304 2999 1370 3053 ad
1399 3009 1640 3055 sanctam
1665 3010 1720 3055 et
1743 3001 2108 3056 universalem

2217 2995 2302 3064 ἐφ’
2327 2990 2371 3063 ᾧ
2398 3012 2460 3048 τε
2484 2997 2551 3050 τά
2562 2996 3056 3068 ³⁸ὴμῶνκαὶτάτοῖρ
3078 2998 3478 3069 προειρημένου
3503 2999 3794 3070 Διοσκόρου

535 3087 802 3158 synodum
877 3089 990 3142 Deo
1053 3090 1507 3146 charissimorum
1571 3092 1986 3163 episcoporum,
2056 3101 2114 3145 ut

534 3193 758 3232 causam
801 3196 922 3248 qua:
959 3191 1044 3234 εει
1094 3181 1237 3237 inter
1284 3198 1387 3237 nos
1435 3193 1491 3238 et
1531 3199 1696 3254 supra
1748 3195 2114 3239 memoratum

535 3269 884 3334 Dioscorum,
923 3273 1132 3337 audiat,
1179 3283 1236 3329 et
1273 3275 1341 3329 ad
1372 3276 1621 3330 notitiam
1669 3277 1890 3346 pietatis
1919 3285 2116 3331 vestra:

534 3370 732 3417 cuncta
771 3364 937 3434 288
967 3365 1168 3420 referat
1209 3383 1331 3436 qua:
1364 3379 1651 3438 geruntur,
1697 3370 1850 3440 juxta
1885 3369 1938 3422 id
1967 3367 2113 3438 quod

535 3453 807 3522 placuerit
839 3455 1135 3510 immortali
1180 3459 1408 3512 culmini
1450 3469 1653 3514 vestro.
1693 3460 1808 3514 Hoc
1847 3460 1892 3514 si
1921 3474 2117 3514 conse—

535 3543 654 3597 cuti
686 3544 978 3608 fuerimus,
1032 3548 1324 3603 continuas
1367 3549 1432 3603 ad
1465 3541 1636 3604 Deum
1682 3565 1872 3619 preces
1915 3547 2113 3602 funde-

537 3648 661 3688 mus
709 3650 808 3704 pro
845 3637 1186 3706 sempiterno
1240 3638 1474 3709 imperio
1525 3650 1728 3702 vestro,
1786 3639 2112 3694 divinissimi

535 3723 918 3793 imperatores.
955 3727 1086 3782 Post
1124 3728 1240 3782 haec
1262 3730 1418 3798 juxta
1462 3730 1784 3800 petitionem
1815 3739 1922 3784 tam
1955 3730 2111 3783 Dios-

535 3815 673 3879 cori,
711 3832 874 3886 quam
903 3819 1148 3883 Eusebii,
1181 3831 1300 3877 acta
1333 3821 1588 3876 secunda
1611 3821 1804 3893 synodi
1825 3821 2114 3889 Ephesinte

533 3906 754 3974 publice
791 3909 1022 3963 recitata
1063 3921 1212 3965 sunt.
1253 3912 1496 3978 Quorum
1529 3911 1917 3981 particularem
1945 3926 2114 3980 expo-

534 3997 816 4064 sitionem,
857 4017 979 4069 quze
1011 4003 1198 4057 muitis
1239 4004 1462 4072 quidem
1490 4004 1675 4058 verbis
1715 4004 2112 4073 comprehensa

531 4100 639 4152 est,
664 4091 902 4146 habetur
926 4101 1110 4146 autem
1134 4093 1186 4146 in
1213 4094 1364 4149 Actis
1383 4094 1846 4150 Chalcedonensis
1868 4093 2109 4158 concilii.

533 4196 606 4236 ne
649 4183 718 4236 iis
747 4184 843 4252 qui
891 4184 958 4236 ad
1013 4185 1218 4238 exitum
1266 4201 1448 4240 rerum
1499 4197 1774 4256 gestarum
1821 4187 2110 4258 pervenire

2217 3085 2521 3151 διακοῦσαι,
2558 3087 2651 3140 καὶ
2681 3087 2998 3155 ἀνενεγκεῖν
3027 3089 3106 3151 εἰς
3135 3087 3335 3156 γνῶσιν
3381 3089 3484 3158 τῆς
3523 3089 3798 3161 ὑμετέρας

2217 3177 2503 3241 εὐσεϐείας
2555 3178 2730 3232 πάντα
2771 3179 2836 3230 τά
2878 3179 3230 3248 πραττόμενα
3257 3181 3392 3250 πρὸς
3434 3181 3497 3235 τὸ
3530 3183 3800 3252 παριστά-

2221 3283 2380 3337 μενον
2411 3269 2477 3337 τῇ
2513 3266 2767 3336 ἀθανάτῳ
2795 3266 2948 3337 ὑμῶν
2976 3271 3212 3339 κορυφῇ,
3247 3271 3340 3322 καὶ
3379 3269 3571 3324 τούτου
3600 3273 3794 3342 τυχόν-

2216 3375 2346 3424 τες,
2402 3357 2783 3422 ἀδιαλείπτους
2832 3359 3000 3430 εὐχάς
3047 3360 3449 3430 ἀναπέμψομεν
3506 3362 3647 3434 ὑπὲρ
3697 3345 3800 3417 τοῦ

2218 3451 2439 3505 αἰωνίου
2490 3451 2646 3522 ὑμῶν
2695 3452 2952 3522 κράτους,
3002 3451 3270 3506 θειότατοι
3319 3453 3582 3522 βασιλεῖς.
3638 3455 3802 3512 Μετὰ

2215 3539 2393 3596 ταῦτα
2429 3541 2495 3596 ὲκ
2531 3541 2717 3612 κοινῆς
2748 3543 2988 3614 δεήσεως
3035 3543 3327 3614 Διοσκόρου
3381 3561 3441 3598 τε
3489 3547 3583 3598 καὶ
3632 3545 3808 3601 Εὐσε-

2217 3633 2358 3696 ϐίου,
2403 3635 2476 3688 τὰ
2519 3637 2576 3687 ὲν
2604 3635 2684 3706 τῷ
2717 3635 2955 3706 δευτέρῳ
2986 3635 3248 3707 συνεδρίῳ
3283 3639 3656 3708 πεπραγμένα
3687 3639 3803 3693 τῶν

2216 3727 2274 3778 έν
2317 3727 2546 3796 Ἐφέσῳ,
2595 3725 2684 3780 διά
2729 3726 2828 3796 τῆς
2865 3724 3225 3794 ἀναγνώσεως
3263 3727 3680 3798 ὲδημοσιεύετο·
3721 3723 3805 3785 ὧν

2214 3817 2314 3887 τὴν
2359 3816 2756 3886 λεπτομέρειαν
2793 3816 2884 3870 διὰ
2930 3817 3140 3870 πολλῶν
3194 3817 3293 3886 μὲν
3351 3819 3803 3891 ἀνειλημμένην,

2217 3909 2692 3981 έμπεριεχομένην
2719 3909 2776 3964 δὲ
2806 3912 2918 3972 τοῖς
2948 3909 3007 3962 έν
3053 3909 3358 3979 Χαλκηδόνι
3392 3911 3806 3978 κεκινημένας,
3839 3937 3850 3942 -

2213 4003 2290 4067 ὡς
2321 4003 2386 4057 διν
2421 4001 2498 4071 μὴ
2529 4000 2834 4067 ἀδολεσχεῖν
2861 3999 2995 4066 δόξω
3017 4003 3131 4063 τοῖς
3177 4001 3314 4072 πρὸς
3360 4002 3422 4056 τὸ
3469 4003 3640 4074 πέρας
3686 4003 3807 4058 τῶν

2215 4093 2558 4164 πραγμάτων
2591 4092 2988 4162 ἐπειγομένοις,
3031 4090 3276 4156 ὑπέταξα
3316 4092 3393 4161 τῷ
3438 4091 3667 4164 παρόντι
3696 4095 3810 4164 τῆς

2219 4183 2460 4254 ἱστορίας
2497 4181 2708 4252 βιϐλίῳ,
2737 4179 2922 4236 ἄδειαν
2963 4181 3090 4245 δοὺς
3123 4185 3236 4244 τοῖς
3267 4183 3445 4238 πάντα
3473 4181 3689 4248 λεπτῶς
3712 4186 3807 4238 εἷο

536 4272 817 4337 festinant,
865 4273 1095 4328 nimium
1132 4276 1399 4330 verbosus
1426 4276 1639 4342 videar,
1686 4278 1818 4333 huic
1867 4275 2110 4332 secundo

2216 4274 2362 4328 δέναι
2405 4272 2770 4343 βουλομένοις,
2829 4272 2923 4326 καὶ
2974 4271 3192 4336 τούτοις
3225 4274 3492 4344 ἐντυχεῖν,
3553 4275 3648 4328 καὶ
3695 4275 3814 4346 τὴν

535 4362 777 4418 historia:
831 4375 1034 4419 nostra:
1085 4365 1228 4422 libro
1281 4369 1574 4438 subjunxi:
1627 4371 1716 4426 bis
1763 4370 1859 4439 qui
1912 4377 2112 4423 cuncta

2219 4365 2438 4418 πάντων
2470 4365 2759 4436 ἀκρίϐειαν
2788 4362 3196 4434 ἀναμάξασθαι.
3241 4364 3578 4437 Ἐπιτρέχων
3621 4367 3681 4421 δὲ
3729 4369 3814 4423 τὰ

535 4463 726 4510 exacte
756 4456 988 4524 cupiunt
1018 4473 1369 4529 cognoscere,
1400 4459 1501 4514 ista
1528 4459 1741 4530 legendi
1784 4467 2110 4529 potestatem

2217 4456 2558 4529 καιριώτερα
2589 4456 2755 4527 φημὶ,
2784 4457 2860 4520 ὡς
2892 4457 3152 4529 ἐφωράθη
3179 4458 3492 4529 Διόσκορος,
3531 4451 3605 4530 μη
3635 4458 3811 4524 δεξά-

537 4543 764 4611 faciens,
795 4554 851 4598 et
879 4555 1192 4602 accuratam
1230 4564 1415 4601 rerum
1461 4548 1713 4603 notitiam
1748 4547 2110 4618 percipiendi.

2222 4565 2384 4617 μενος
2417 4547 2517 4616 τὴν
2569 4547 2799 4610 Λέοντος
2847 4548 3138 4618 ἐπιστολὴν
3184 4548 3485 4602 ἐπισκόπου
3523 4549 3625 4619 τῆς
3664 4565 3814 4617 πρα-

537 4635 762 4690 lnterim
809 4649 940 4692 tero
984 4653 1048 4692 ea
1093 4654 1215 4708 qure
1259 4639 1483 4708 majoris
1514 4639 1781 4693 momenti
1811 4647 1941 4694 sunt
1987 4655 2110 4709 per-

2222 4639 2489 4710 σὸυτέρας
2533 4637 2776 4708 Ῥώμης,
2808 4639 2904 4693 καὶ
2921 4641 3058 4710 πρός
3091 4657 3156 4708 γε
3183 4640 3283 4710 τὴν
3316 4640 3637 4710 καθαίρεσιν
3662 4642 3817 4696 Φλα-

535 4728 1056 4792 eurreus,-strictim
1086 4730 1570 4784 commemorabo:
1611 4729 1922 4785 convictum
1961 4729 2110 4786 scili-

2219 4729 2408 4784 διανοῦ
2431 4731 2530 4800 τῆς
2581 4731 2708 4793 νέας
2753 4729 2972 4802 Ῥώμης
3002 4731 3322 4795 έπισκόπου,
3371 4733 3428 4798 ὲν
3475 4731 3659 4803 ἡμέρᾳ.
3699 4737 3818 4806 μιᾷ

535 4825 625 4870 εει
649 4831 770 4873 esse
794 4817 1139 4882 Dioscorum,
1163 4819 1308 4888 quod
1331 4818 1620 4888 epistolam
1644 4820 1846 4875 Leonis
1867 4822 2110 4894 episcopi

2221 4822 2621 4890 ποιησάμενος,
2672 4821 2730 4874 έν
2763 4822 2998 4892 ἀγράφῳ
3031 4839 3091 4875 τε
3139 4822 3316 4894 χάρτῃ
3365 4825 3817 4894 παρασκευάσας

535 4907 773 4965 senioris
797 4910 984 4966 Romae
1008 4926 1116 4964 non
1143 4912 1510 4980 suscepisset;
1537 4922 1592 4968 et
1613 4913 1759 4983 quod
1793 4912 2110 4968 Flavianum

2218 4913 2347 4974 τοὺς
2398 4909 2718 4974 άλισθέντας
2798 4912 3130 4976 ἐπισκόπους
3170 4913 3625 4986 ὑποσημήνασθαι
3655 4954 3670 4978 ,
3724 4915 3816 4982 ὡς

534 5001 854 5074 episcopum
879 5004 1120 5075 junioris
1155 5003 1343 5059 Roma
1379 5004 1521 5058 intra
1556 5003 1718 5058 unius
1747 5002 1856 5058 diei
1881 5005 2110 5073 spatium

2217 5004 2317 5071 τὴν
2344 5000 2669 5073 καθαίρεσιν
2715 5001 3018 5057 Φλαόιανοῢ
3071 5005 3399 5076 περιέχοντι.
3459 5005 3576 5076 Ἐφ’
3627 5000 3707 5069 οἷς
3760 5011 3819 5062 οι

535 5087 903 5159 deposuisset,
950 5101 1006 5148 et
1053 5092 1201 5162 quod
1253 5093 1542 5163 episcopos
1580 5093 1673 5164 qui
1705 5103 1866 5148 erant
1893 5109 2110 5165 congre-

2221 5094 2332 5148 ἀπὸ
2361 5092 2462 5164 τῆς
2502 5092 2806 5165 συγκλήτου
2844 5092 3037 5164 βουλῆς
3091 5095 3429 5167 ἐψηφίσαντο
3459 5099 3582 5152 τάδε
3661 5099 3820 5170 Περὶ

534 5181 668 5250 gaﬂ,
707 5171 770 5238 in
816 5182 1010 5243 charta
1057 5199 1194 5253 pura
1238 5186 1591 5241 subscribere
1641 5196 1909 5249 curasset,
1962 5187 2110 5256 quasi

2226 5183 2328 5256 μὲν
2357 5186 2460 5252 τῆς
2489 5184 2772 5256 ὀρθοδόξου
2801 5185 2915 5256 (26)
2951 5187 3046 5240 καὶ
3079 5188 3372 5260 καθολικῆς
3414 5190 3670 5255 πίστεως,
3707 5207 3820 5245 τε-

1810 5303 2045 5360 ἾΑΒΙιΕ
2081 5299 2480 5358 LECTIONES.

605 5367 650 5401 ⁸²
677 5367 741 5424 C.
763 5368 827 5427 C.
857 5369 1018 5435 ὑμῶν
1077 5372 1120 5404 ³⁸
1145 5373 1232 5446 ἐφ’
1259 5365 1304 5438 ᾧ
1333 5372 1401 5427 τά
1431 5391 1514 5427 τε.

1707 5469 1980 5524 VALESH
2019 5465 2575 5524 ANhOTATIONES.

563 5549 720 5636 27(26)
754 5554 903 5619 Περί
920 5556 1178 5636 μὲν-ςῆς
1209 5559 1730 5636 dp096d691:._ll:cc
1770 5570 1856 5636 est
1889 5573 2109 5636 senten-
2213 5558 3011 5636 Clmleedonensi_intererant
3086 5579 3248 5636 causa
3294 5572 3512 5631 cognita
3560 5571 3824 5636 pratule-

536 5625 628 5681 tia,
665 5637 831 5692 quam
878 5625 1411 5697 magnificentissimi
1455 5631 1674 5701 judires
1726 5633 1818 5701 qui
1869 5632 2105 5688 concilio
2219 5641 2388 5684 runt:
2425 5644 2546 5698 quae
2584 5629 2777 5685 iisdem
2810 5632 2998 5687 verbis
3025 5634 3268 5688 refertur
3295 5625 3600 5691 iu'actinu'e
3629 5642 3836 5710 prima
