4070 6176
341 241 486 307 2505

1243 239 1628 299 HISTORL‘E
1671 232 2265 299 ECCLESIASTIC/E
2305 230 2534 291 LIBER
2575 226 2656 286 ll.

3473 221 3613 285 9506

344 353 501 426 τικῆς
521 348 884 422 ἠλλοτρίωσεν
913 345 1214 417 ἐνεργείας.
1237 347 1537 417 Τοιγαροῦν
1572 351 1602 418 ἡ
1627 347 1756 415 ἁγία
1787 345 1928 415 αὐτη

2043 343 2199 414 igitur
2230 349 2287 394 et
2335 352 2528 405 magna
2567 335 2682 387 haec
2710 328 2985 401 synodus,-
3035 340 3098 381 ea
3146 346 3266 400 qua}
3311 333 3616 388 canonibus

348 448 437 499 καὶ
475 442 684 514 μεγάλη
718 441 936 501 σύνοδος
959 439 1030 490 τὰ
1060 437 1286 501 δόξαντα
1309 440 1425 501 τοῖς
1461 439 1702 503 κανόσιν,
1735 437 1827 489 ἐπ)⁵
1852 437 1930 507 τῷ

350 533 774 606 μνημονευθέντι
831 530 1104 600 Διοσκόρῳ
1158 530 1454 600 ψηφίζεται
1513 529 1648 600 (55).
1713 529 1930 581 Τούτων

345 627 498 697 παρά
540 626 642 694 τῆς
691 624 908 676 συνόδου
964 623 1322 695 κυρωθέντων
1370 622 1464 675 καί
1517 639 1679 674 τινων
1731 622 1932 688 ἐτέρων

347 715 773 788 πεπραγμένων,
822 714 871 765 οἱ
914 712 1014 782 μὲν
1039 711 1156 782 ἅμα
1190 711 1470 781 Διοσκόρω
1511 708 1934 779 καθαιρεθέντες

347 805 689 875 παρακλήσει
716 803 812 872 τῆς
845 802 1067 855 συνόδου
1108 801 1203 855 καὶ
1232 801 1467 872 νεύμασι
1507 801 1606 870 τῆς
1634 798 1930 870 βασιλείας,

346 894 700 963 ἀνακλήσεως
734 892 948 962 ἔτυχον.
989 892 1225 964 Ἐτέρων
1267 892 1326 945 δὲ
1363 889 1476 954 τοῖς
1524 891 1933 962 πεπραγμένοις

348 984 911 1055 ἐπισυνενεχθέντων,
971 984 1097 1053 ὄρος
1159 983 1473 1054 ἐξεφωνήθη
1532 982 1708 1050 λέγων
1753 982 1935 1043 αὐτοῖς

348 1079 575 1147 ὀνόμασι
625 1074 834 1128 ταῦτα·
878 1075 938 1127 ’0
993 1075 1199 1144 Κύριος
1252 1075 1408 1145 ἡμῶν
1448 1075 1542 1126 καὶ
1594 1073 1785 1142 Σωτὴρ
1823 1071 1934 1141 (54)

363 1167 570 1236 Ἰησοῦς
597 1167 857 1238 Χριστὸς,
893 1168 992 1237 τῆς
1039 1165 1275 1228 πίστεως
1309 1165 1407 1235 τὴν
1451 1165 1654 1234 γνῶσιν
1683 1165 1795 1226 τοῖς
1829 1181 1935 1233 μα-

351 1260 538 1329 θηταῖς
569 1256 803 1326 βεϐαιῶν
831 1256 1229 1327 ἐφηίΕξρήνην
1265 1255 1361 1326 τὴν
1387 1256 1526 1325 ἐμὴν
1561 1254 1753 1325 δίδωμι
1786 1255 1934 1324 ὑμῖν,

349 1351 575 1420 εἰρήνην
607 1348 706 1419 τὴν
736 1347 874 1420 ἐμὴν
905 1349 1110 1417 ἀφίημι
1134 1349 1285 1418 ὑμῖν·
1326 1365 1344 1398 ι
1367 1347 1442 1410 ὡς
1461 1347 1663 1418 μηδένα
1680 1347 1818 1417 πρὸς
1844 1346 1937 1398 τὸν

349 1441 579 1511 πλησίον
619 1443 907 1508 διαφωνεῖν
953 1442 1011 1492 ἐν
1045 1442 1157 1502 τοῖς
1203 1440 1438 1509 δόγμασι
1484 1438 1582 1507 τῆς
1630 1437 1934 1500 εὐσεϐείας,

349 1534 464 1586 ἀλλ’
487 1535 684 1603 ἐπίσης
707 1533 768 1586 τὸ
790 1533 890 1604 τῆς
924 1532 1180 1602 ἀληθείας
1211 1531 1619 1584 ἐπιδείκνυσθαι
1652 1531 1934 1600 κήρυγμα.

353 1628 466 1680 Καὶ
493 1629 631 1697 μετά
659 1626 833 1680 ταῦτα
859 1625 1298 1694 ἀναγνωσθέντος
1327 1625 1423 1677 τοῦ
1463 1627 1519 1677 ἐν
1547 1623 1752 1693 Νικαίᾳ
1781 1622 1938 1690 ἁγίου

2034 433 2230 504 placita
2257 439 2384 485 sunt
2411 442 2577 496 super
2602 431 2903 477 memorato
2931 422 3192 478 Dioscoro
3213 425 3494 479 decernat.
3521 426 3617 480 His

2016 543 2063 580 .a
2103 523 2312 593 synodo
2343 515 2680 575 conﬁrmatis
2716 522 2771 566 et
2816 513 3144 582 quibusdam
3190 514 3313 569 aliis
3355 516 3543 585 gestis,
3580 515 3616 568 ii

2034 615 2256 686 quidem
2290 612 2384 682 qui
2413 624 2538 663 eum
2574 606 2836 661 Dioscoro
2875 602 3109 676 depositi
3152 609 3392 673 fuerant,
3424 617 3615 677 rogatu

2035 711 2251 766 concilii
2272 707 2327 764 et
2356 711 2633 762 annuente
2658 703 3012 770 imperatore,
3041 704 3092 757 in
3118 703 3409 773 pristinum
3435 703 3616 756 locum

2037 803 2276 858 restituti
2303 809 2452 855 sunt.
2473 799 2610 854 Cum
2639 799 2743 853 alia
2770 799 3021 868 quaedam
3051 795 3431 866 superioribus
3451 795 3616 864 gestis

2035 893 2291 962 adjuncta
2320 899 2525 954 essent,
2561 889 2810 944 deﬁnitio
2858 889 2985 943 ﬁdei
3035 887 3376 958 promulgata
3408 896 3491 940 est
3531 885 3621 939 bis

2035 985 2262 1040 omnino
2310 983 2513 1037 verbis.
2550 982 2817 1038 Dominus
2847 991 2903 1037 et
2946 981 3209 1036 Servator
3243 992 3432 1036 noster
3462 981 3621 1036 Jesus

2035 1079 2288 1132 Christus
2319 1091 2442 1130 cum
2474 1074 2598 1130 ﬁdei
2641 1074 2892 1128 notitiam
2926 1073 3213 1142 discipulis
3248 1073 3618 1141 conﬁrmaret,

2038 1166 2175 1220 dixit
2207 1183 2220 1218 :
2256 1185 2273 1216 ‹
2310 1165 2504 1218 Pacem
2539 1177 2713 1216 meam
2761 1161 2832 1214 do
2865 1160 3022 1215 vobis
3043 1203 3057 1227 ,
3102 1177 3291 1232 pacem
3324 1179 3500 1218 meam
3533 1180 3620 1219 re-

2039 1259 2230 1327 linquo
2259 1256 2416 1311 vobis
2446 1255 2592 1320 ⁹-¹⁰;›
2618 1268 2685 1307 ne
2717 1252 2931 1308 scilicet
2975 1253 3268 1324 quisquam
3300 1256 3355 1310 in
3404 1257 3623 1326 pietatis

2039 1350 2277 1405 decretis
2325 1365 2354 1404 a
2401 1349 2652 1419 proximo
2703 1345 3056 1413 dissentiret;
3116 1347 3212 1402 sed
3265 1361 3324 1402 ut
3375 1351 3624 1405 veritatis

2040 1441 2355 1511 praedicatio
2415 1441 2671 1495 omnibus
2719 1456 2784 1494 ex
2829 1456 2986 1510 mquo
3040 1440 3443 1496 ostenderetur.
3496 1443 3625 1497 Post

2042 1533 2157 1586 haec
2179 1548 2304 1586 cum
2333 1531 2621 1586 recitatum
2650 1537 2799 1584 esset
2828 1537 3077 1583 sanctum
3106 1529 3423 1601 Symbolum
3447 1533 3621 1588 Nicae-

2042 1639 2210 1689 num,
2248 1634 2303 1678 et
2353 1633 2618 1693 prasterea
2668 1622 2985 1695 Symbolum
3036 1636 3354 1679 sanctorum
3403 1627 3622 1690 Patrum

357 1719 664 1788 συμϐόλου,
721 1719 816 1772 καὶ
880 1717 1019 1788 πρός
1077 1734 1139 1786 γε
1183 1717 1291 1770 τῶν
1350 1717 1547 1770 ἑκατὸν
1595 1716 1936 1786 πεντήκοντα

2043 1725 2262 1771 centum
2313 1725 2368 1770 et
2403 1716 2820 1788 quinquaginta,
2858 1716 2960 1771 ista
2992 1716 3414 1787 subiunxerunt.
3463 1717 3624 1772 Sulli-

351 1809 524 1876 ἁγίων
567 1810 845 1880 Πατέρων,
882 1811 1164 1879 ἐπήγαγον
1195 1826 1208 1840 ο
1252 1810 1452 1878 Ἤρκει
1492 1809 1590 1878 μὲν
1612 1807 1704 1860 οὖν
1735 1809 1814 1872 είς
1846 1810 1936 1860 ἐν-

350 1902 478 1970 τελῆ
511 1904 612 1970 τῆς
657 1900 944 1964 εὐσεϐείας
991 1900 1287 1968 ἐπίγνωσίν
1326 1917 1385 1952 τε
1433 1901 1526 1953 καὶ
1562 1899 1853 1969 βεϐαίωσιν
1879 1899 1939 1950 τὸ

356 1996 518 2062 σορὸν
549 1995 644 2047 καὶ
676 1999 947 2064 σωτήριον
979 1992 1136 2046 τοῦτο
1161 1994 1262 2064 τῆς
1291 1993 1439 2056 θείας
1479 1995 1702 2064 χάριτος
1736 1992 1940 2064 σύμϐο-

351 2087 463 2138 λον.
496 2087 634 2155 Περί
673 2103 732 2137 τε
764 2087 878 2157 γὰρ
918 2086 1010 2138 τοῦ
1053 2086 1266 2156 Πατρός
1291 2087 1387 2140 καὶ
1415 2086 1508 2138 τοῦ
1541 2085 1694 2152 Υίοῦ,
1723 2086 1817 2138 καὶ
1845 2083 1939 2141 τοῦ

352 2179 510 2246 ἁγίου
577 2179 894 2248 Πνεύματος
943 2179 1247 2233 ἐκδιδάσκει
1310 2178 1372 2231 τὸ
1421 2179 1646 2243 τέλειον,
1699 2181 1791 2230 καὶ
1846 2177 1940 2230 τοῦ

352 2271 561 2340 Κυρίου
618 2271 717 2338 τὴν
759 2269 1174 2343 ἐνανθρὼπησιν
1217 2274 1332 2334 τοῖς
1379 2270 1585 2333 πιστῶς
1631 2269 1942 2339 δεχομένοις

354 2365 705 2433 παρίστησιν.
789 2364 930 2416 Ἀλλ’
1008 2365 1308 2435 ἐπειδήπερ
1379 2365 1428 2417 οἱ
1508 2365 1605 2434 τῆς
1684 2361 1942 2432 ἀληθείας

353 2458 538 2527 ἐχθροὶ
582 2457 694 2528 (55)
725 2456 939 2510 ἀθετεῖν
968 2457 1304 2527 ἐπιχειροῦσι
1335 2456 1394 2508 τὸ
1421 2456 1684 2526 κήρυγμα
1718 2455 1806 2508 διὰ
1835 2453 1943 2510 τῶν

354 2550 572 2602 οἰκείων
614 2549 905 2619 αἱρέσεων,
963 2549 1059 2603 καὶ
1103 2549 1440 2618 κενοφωνίας
1467 2551 1532 2583 ⁸⁸⁶
1555 2549 1844 2614 ἀπέτεκον,
1893 2549 1942 2600 oi

365 2641 484 2710 μὲν,
522 2638 583 2692 τὸ
605 2641 706 2710 τῆς
735 2642 802 2694 δι’
838 2642 986 2712 ἡμᾶς
1015 2641 1109 2693 τοῦ
1159 2641 1367 2712 Κυρίου
1393 2641 1706 2710 οἰκονομίας
1736 2641 1944 2711 μυστή-

369 2751 483 2800 ριον
521 2734 922 2805 παραφθείρειν
963 2733 1357 2804 τολμήσαντες,
1398 2733 1495 2786 καὶ
1531 2733 1628 2801 τὴν
1660 2733 1944 2799 Θεοτόκος

356 2827 450 2877 ἐπὶ
479 2827 576 2891 τῆς
618 2825 895 2895 Παρθένου
924 2828 1107 2896 φωνὴν
1153 2827 1578 2898 ἀπαρνούμενοι·
1621 2830 1670 2880 ot
1701 2828 1779 2891 δὲ,
1811 2827 1944 2897 σύγ-

356 2933 512 2984 χυσιν
560 2916 654 2968 καὶ
705 2919 904 2987 κρᾶσιν
951 2919 1283 2986 εἰσάγοντες,
1329 2919 1424 2972 καὶ
1481 2920 1609 2989 μίαν
1667 2918 1805 2974 εἶναι
1848 2921 1944 2992 τὴν

356 3005 519 3072 φύσιν
569 3006 668 3076 τῆς
722 3007 927 3076 σαρκὸς
976 3008 1071 3060 καὶ
1119 3008 1219 3076 τῆς
1261 3008 1512 3078 θεότητος
1543 3009 1783 3081 ἀνοήτως
1814 3012 1944 3064 ἀνα-

357 3099 710 3163 πλάττοντες,
755 3099 854 3152 καὶ⁹
883 3099 1134 3171 παθητὴν
1173 3099 1266 3152 τοῦ
1298 3102 1637 3170 Μονογενοῦς
1666 3103 1763 3174 τὴν
1794 3104 1945 3158 θείαν

359 3191 525 3259 φύσιν
568 3195 634 3261 τῇ
677 3192 937 3261 συγχύσει
967 3194 1410 3264 τερατευόμενοιο
1439 3195 1526 3248 διὰ
1579 3196 1737 3250 τοῦτο
1766 3200 1945 3253 πᾶσαν

367 3285 552 3347 αὐτοῖς
590 3285 912 3340 ἀποκλεῖσαι
943 3287 1084 3338 κατά
1123 3286 1224 3354 τῆς
1253 3286 1508 3358 ἀληθείας
1541 3290 1790 3360 μηχανὴν
1819 3290 1945 3360 βου-

355 3377 564 3446 λομένη
614 3379 646 3448 ἡ
699 3377 950 3447 παροῦσα
985 3379 1081 3431 νῦν
1128 3378 1266 3450 αὐτη
1296 3380 1428 3448 άγία
1476 3382 1686 3452 μεγάλη
1729 3385 1822 3436 καὶ
1866 3386 1945 3437 οί-

357 3467 662 3535 κουμενικὴ
697 3467 934 3533 σύνοδος,
973 3471 1034 3519 τὸ
1056 3467 1148 3520 τοῦ
1178 3467 1540 3538 κηρύγματος
1571 3470 1780 3525 ἄνωθεν
1814 3472 1947 3525 ἀσά-

356 3555 546 3604 λευτον
582 3553 896 3617 ἐκδικοῦσα,
949 3554 1114 3625 ὥρισε
1171 3558 1601 3628 προηγουμένως
1631 3561 1742 3613 τῶν
1785 3579 1944 3631 τρια-

356 3645 560 3698 κοσίων
589 3645 722 3699 δέκα
765 3647 858 3699 καὶ
905 3647 1050 3701 ὀκτὼ
1103 3647 1276 3716 ἁγίων
1319 3650 1584 3720 [Ιατὲρων
1613 3653 1713 3723 τὴν
1763 3655 1946 3707 πίστιν

360 3737 550 3805 μένειν
593 3738 1086 3808 ἀπαρεγχείρητον·
1120 3741 1216 3792 καὶ
1257 3739 1344 3792 διά
1381 3740 1478 3810 μὲν
1509 3743 1638 3804 τοὺς
1667 3743 1744 3813 τῷ
1777 3745 1943 3798 Πνεύ-

359 3847 496 3899 ματι
522 3829 597 3899 τῷ
622 3831 762 3900 ἁγίῳ
794 3831 1158 3901 μαχομένους,
1184 3831 1281 3902 τὴν
1301 3832 1515 3902 χρόνοις
1539 3833 1765 3904 ὕστερον
1797 3838 1948 3906 παρά

353 3924 468 3976 τῶν
510 3923 604 3975 ἐπὶ
655 3923 757 3993 τῆς
817 3923 1214 3994 βασιλευούσης
1251 3925 1460 3988 πόλεως
1497 3927 1694 3980 ἑκατὸν
1748 3932 1948 4002 πεντή-

357 4031 528 4069 κοντα
561 4016 922 4071 συνελθόντων
962 4017 1222 4088 Πατέρων
1267 4018 1395 4086 περὶ
1425 4017 1526 4087 τῆς
1566 4019 1659 4072 τοῦ
1698 4021 1948 4092 Πνεύμαο

354 4122 450 4169 τος
509 4105 698 4168 οὐσίας
759 4106 1160 4174 παραδοθεῖσαν
1205 4104 1561 4170 διδασκαλίας
1591 4108 1826 4180 ³⁹κυροῖ,
1881 4112 1947 4182 ἦν

355 4200 559 4251 ἐκεῖνοι
595 4199 759 4250 πᾶσιν
783 4197 1106 4268 ἐγνώρισαν,
1145 4197 1244 4266 οὐχ
1279 4195 1351 4258 ὦς
1383 4212 1435 4247 τι
1465 4195 1652 4252 λεῖπον
1684 4205 1794 4265 τοῖς
1815 4220 1950 4274 προ-

2043 1811 2224 1866 ciebat
2266 1811 2490 1881 quidem
2537 1811 2604 1865 ad
2655 1811 2952 1882 perfectam
3002 1810 3220 1881 pietatis
3269 1812 3521 1866 notitiam
3571 1822 3626 1867 et

2043 1906 2542 1971 conﬁrmationem,
2589 1907 2806 1977 sapiens
2853 1903 3000 1959 istud
3049 1895 3113 1957 ac
3161 1902 3400 1958 salutare
3429 1902 3628 1960 divina:

2044 1998 2233 2069 gratia:
2276 1998 2616 2070 Symbolum.
2668 1999 2744 2053 De
2782 1999 2940 2053 Patre
2985 1998 3134 2052 enim
3185 2002 3240 2048 et
3269 1995 3337 2050 de
3386 1995 3524 2050 Filio
3564 2013 3627 2051 ac

2051 2092 2261 2162 Spiritu
2290 2103 2478 2147 sancto
2505 2093 2802 2164 perfectam
2834 2092 3003 2147 tradit
3028 2093 3625 2161 doctrinam,etinear-

2043 2183 2322 2238 nationem
2375 2184 2594 2238 Domini
2658 2185 2856 2239 astruit
2901 2185 2970 2239 iis
3011 2183 3105 2252 qui
3146 2199 3270 2238 eum
3330 2185 3435 2240 ﬁde
3479 2186 3628 2241 illam

2046 2275 2373 2344 suscipiunt.
2422 2275 2529 2329 Sed
2573 2276 2833 2345 quoniam
2866 2277 3115 2331 veritatis
3150 2276 3378 2340 inimici,
3427 2277 3627 2346 praedi-

2048 2365 2320 2420 cationem
2395 2366 2544 2421 illius
2586 2383 2684 2436 per
2726 2369 2981 2437 proprias
3031 2368 3268 2421 haereses
3306 2366 3627 2422 subvertere

2048 2458 2355 2522 molientes,
2378 2459 2644 2528 quasdam
2661 2474 2856 2514 vocum
2874 2463 3149 2516 novitates
3169 2457 3625 2530 pepererunt(alii

2046 2550 2270 2620 quidem
2322 2551 2644 2621 mysterium
2689 2551 2982 2610 dominica:
3030 2550 3462 2622 dispensationis
3508 2565 3630 2620 quae

2048 2650 2274 2710 propter
2305 2657 2403 2696 nos
2447 2642 2588 2696 facta
2632 2649 2739 2706 est,
2779 2654 3134 2712 corrumpere
3166 2640 3306 2704 ausi,
3341 2647 3396 2694 et
3435 2653 3627 2694 vocem

2047 2734 2295 2804 Deiparze
2344 2735 2399 2788 in
2451 2736 2618 2790 Maria
2669 2736 2894 2806 Virgine
2944 2735 3280 2804 denegantes
3316 2732 3451 2786 :alii
3472 2746 3626 2794 vero,

2048 2828 2424 2882 confusionem
2456 2838 2512 2882 et
2561 2828 2872 2883 mistionem
2909 2827 3342 2887 introducentes,
3379 2833 3434 2875 et
3465 2837 3628 2874 unam

2047 2935 2168 2974 esse
2201 2933 2450 2974 naturam
2489 2921 2672 2976 carnis
2701 2937 2765 2976 ac
2795 2919 3026 2975 Deitatis
3056 2914 3220 2968 stulte
3259 2913 3545 2984 ﬁngentes,
3575 2921 3631 2964 et

2049 3011 2289 3064 divinam
2321 3011 2598 3082 Uuigeniti
2632 3021 2881 3065 naturam
2915 3005 3156 3080 passioni
3190 3003 3481 3058 obnoxiam
3509 3016 3631 3056 esse

2047 3118 2147 3172 per
2180 3102 2557 3156 confusionem
2609 3101 2966 3170 somniantes)
3022 3096 3230 3152 idcirco
3279 3101 3466 3148 sancta
3515 3093 3632 3147 haec

2051 3210 2244 3264 magna
2281 3202 2336 3248 et
2385 3195 2712 3249 universalis
2752 3193 3027 3264 synodus,
3071 3202 3289 3242 onmem
3338 3186 3444 3240 iliis
3486 3187 3630 3240 viam

2049 3289 2258 3344 fraudis
2288 3299 2343 3344 et
2375 3280 2799 3343 machinationis
2825 3285 3092 3340 adversus
3114 3287 3398 3337 veritatem
3442 3281 3632 3335 volens

2049 3380 2406 3451 przecludere,
2435 3391 2490 3436 et
2533 3381 2941 3450 praedicationis
2965 3380 3075 3449 jam
3108 3376 3234 3431 inde
3255 3375 3333 3428 ab
3362 3374 3518 3428 initio
3545 3373 3631 3428 in—

2050 3486 2379 3525 concussum
2415 3471 2584 3524 robur
2617 3470 2924 3531 vindicans,
2961 3463 3211 3523 deﬁnivit
3239 3481 3252 3516 :
3290 3471 3415 3516 ante
3447 3461 3634 3514 omnia

2051 3571 2108 3615 ut
2139 3561 2274 3616 ﬁdes
2313 3569 2682 3615 trecentorum
2717 3568 2774 3614 et
2818 3557 3122 3614 octodecim
3172 3565 3488 3613 sanctorum
3533 3552 3632 3606 Pa-

2049 3661 2193 3706 trum
2231 3654 2551 3707 intemerata
2583 3659 2923 3722 permaneat,
2957 3666 3022 3705 ac
3068 3657 3294 3721 propter
3342 3647 3465 3700 illos
3511 3645 3634 3714 qui-

2049 3745 2172 3800 dem
2211 3747 2303 3816 qui
2338 3747 2604 3816 Spiritum
2632 3759 2882 3803 sanctum
2913 3749 3256 3817 impugnant,
3282 3743 3350 3797 de
3376 3742 3632 3796 substan-

2051 3837 2120 3891 tia
2179 3838 2418 3906 Spiritus
2470 3840 2645 3894 sancti
2697 3839 3042 3905 ductrinam,
3105 3853 3228 3911 quae
3283 3834 3630 3906 postmodum

2051 3930 2247 3984 tradita
2280 3939 2362 3985 est
2387 3946 2416 3985 a
2453 3941 2673 3985 centum
2723 3931 3119 4002 quinquaginta
3156 3930 3410 3986 Patribus
3439 3928 3530 3998 qui
3577 3926 3631 3980 in

2048 4022 2195 4090 regia
2229 4022 2366 4076 urbe
2409 4023 2722 4092 congregati
2767 4033 2914 4089 sunt,
2964 4023 3299 4078 conﬁrmat:
3343 4036 3507 4091 quam
3555 4019 3632 4074 illi

2047 4115 2302 4169 omnibus
2329 4115 2771 4185 promulgarunt,
2807 4131 2915 4168 non
2952 4123 3208 4185 tanquam
3245 4113 3450 4182 aliquid
3490 4111 3630 4182 adji-

2045 4205 2256 4259 cientes
2305 4205 2452 4274 quod
2498 4201 2782 4276 prioribus
2821 4207 3071 4275 deesset,
3113 4208 3208 4264 sed
3260 4214 3320 4260 ut
3366 4219 3523 4259 suam
3563 4203 3632 4256 de

355 4288 619 4343 λαϐοῦσιν
651 4290 1074 4358 ἐπεισάγοντες,
1126 4290 1260 4342 ἀλλὰ
1311 4287 1410 4358 τὴν
1463 4292 1592 4359 περί
1638 4290 1730 4346 τοῦ
1784 4295 1939 4363 ἁγίου

2049 4297 2259 4366 Spiritu
2305 4308 2495 4354 sancto
2529 4302 2857 4356 sententiam
2887 4301 3150 4357 adversus
3191 4316 3287 4356 eos
3321 4301 3415 4370 qui
3451 4297 3630 4353 domi-

389 4448 481 4482 ’-¹³
513 4451 669 4506 Joan.
737 4470 847 4522 xw,
873 4458 959 4512 27.

1650 4574 1879 4629 VARI/li
1920 4571 2323 4631 LECTIONES.

414 4670 581 4756 3f'Sic
603 4689 660 4736 et
700 4679 1317 4756 Steplianus._\’a|es_ius
1350 4695 1529 4756 tamen
1561 4689 1725 4740 vertit
1752 4687 1906 4755 quasi
1946 4687 2569 4756 Ιοείεεοικαινοφωνίας.
2653 4679 2696 4711 ³⁹
2729 4684 2816 4738 Sic
2845 4683 2977 4739 edit.
3027 4683 3238 4750 Paris;
3313 4683 3625 4754 Stephanus

369 4754 530 4803 habet
570 4752 966 4823 παραδοθείσης
989 4751 1361 4817 διδασκαλίας,
1387 4755 1504 4826 lege
1536 4751 1937 4828 παραδοθεῖσαν
1973 4751 2346 4810 δῖδασκαλίαν.

1572 4892 1842 4948 VALESII
1873 4892 2433 4949 ANNOTATIONES.

433 5003 547 5075 (53)
587 5008 923 5076 Ψηφίζετηι.
956 5007 1012 5061 ln
1044 5009 1212 5078 gestis
1253 5003 1719 5070 Chalcedonensis
1759 5015 1947 5070 conci-

357 5079 419 5154 l_i_i
452 5077 651 5145 legitur
699 5079 1022 5154 ψῃφίσεται,
1054 5077 1229 5144 recte,
1277 5097 1402 5154 meo
1442 5084 1666 5152 quidem
1710 5085 1942 5154 judicio;

361 5148 636 5223 ξυιυτιιηι
666 5149 811 5223 enim
852 5149 1128 5223 boc__loco
1175 5152 1401 5223 ponitur
1442 5148 1545 5222 pro
1593 5148 1943 5223 imperativo.

356 5217 498 5271 Nam
523 5233 645 5270 cum
675 5218 862 5294 Legati
890 5219 1039 5294 sedis
1063 5217 1377 5294 apostolicae
1398 5217 1779 5294 sinodum'hic
1808 5225 1946 5279 allo-

357 5296 640 5365 quantur._
676 5289 1004 5365 imperativo
1050 5289 1128 5365 uti
1169 5289 1466 5365 noluerunt
1493 5311 1519 5357 ;_
1557 5296 1762 5364 quippe
1797 5295 1945 5365 quod

355 5358 713 5435 arrogantius
759 5358 1000 5435 Videtur.
1054 5361 1328 5435 Futurum
1387 5358 1942 5435 igitur-posuerunt,

359 5436 424 5481 ut
455 5428 676 5506 mollius
723 5444 789 5506 ac
831 5429 1156 5506 modestius.
1208 5433 1378 5506 Vetus
1409 5428 1628 5490 'tamen'
1663 5428 1938 5506 interpres

357 5497 581 5550 concilii
617 5497 1230 5574 Chal_cedoner_isis,non
1256 5504 1416 5559 aliter
1440 5521 1602 5574 quam
1636 5522 1738 5560 nos
1763 5497 1937 5560 inter-

358 5575 612 5646 preta‘tus
639 5579 723 5623 est
749 5571 853 5646 lupo
867 5571 1036 5625 modo
1067 5589 1080 5625 ι
1112 5572 1285 5646 Igitur
1312 5571 1498 5629 sancta
1522 5577 1630 5630 haec
1665 5587 1714 5629 et
1742 5594 1937 5646 magna

352 5637 612 5715 synodus,
654 5637 1007 5715 quw‘placent
1032 5637 1234 5715 regulis
1266 5662 1425 5715 super
1453 5657 1746 5700 memorato
1777 5637 1900 5700 Divos
1922 5676 1936 5685 -

351 5723 482 5762 coro
507 5709 772 5762 decernat.
799 5709 965 5779 ‘Apnd
1002 5709 1368 5782 Nicephorum
1406 5717 1458 5768 in
1489 5716 1631 5771 libro
1680 5732 1786 5787 xtv,
1816 5731 1938 5785 cap.

688 5799 957 5869 ΡᾸτιιοι..
1010 5811 1123 5871 Gn.
1177 5811 1485 5872 LXXXVI.

2049 5015 2138 5075 '50.
2171 5015 2370 5085 legitur
2397 5013 2724 5085 ψηφίσηται.

2123 5080 2249 5155 (5έῖ
2285 5086 2346 5136 '0
2377 5080 2790 5155 Κύριορἠῶν
2835 5081 2932 5155 καί
2966 5085 3188 5150 Σωτήρ.
3221 5080 3626 5155 llzecdeﬁnitio

2049 5151 2449 5226 ﬁdeihabetur
2489 5154 2544 5206 in
2576 5153 2791 5226 actione
2837 5152 3030 5226 quinta
3077 5151 3627 5226 synodiCh‘a‘lcedo-

2046 5225 2258 5348 nensiz.
2292 5225 2485 5278 Exstat
2517 5223 2681 5278 etiam
2709 5221 2853 5292 apud
2883 5221 3255 5296 Nicephorum
3287 5223 3343 5276 in
3389 5222 3488 5277 lib.
3513 5240 3626 5290 xw,

2047 5312 2170 5348 can.
2245 5337 2258 5348 .

2047 5312 2170 5351 CBD.
2206 5312 2258 5350 υ.

2114 5313 2334 5434 ῗϐὅιῖὈὶ
2387 5363 2498 5432 τῆς
2551 5363 2848 5435 ἀληθείας,
2889 5363 3110 5435 ἐχθροί.
3192 5364 3476 5420 Postrema
3525 5380 3628 5420 vox

2045 5431 2202 5492 deest
2236 5437 2290 5489 in
2323 5431 2474 5507 Actis
2505 5433 2696 5507 synodi
2719 5431 3204 5507 Chalcedonensis.
3260 5436 3330 5489 Et
3361 5445 3511 5492 totus
3535 5435 3630 5492 llic

2044 5509 2204 5562 locus
2238 5508 2310 5561 ita
2347 5505 2570 5575 legitur,
2604 5507 2652 5557 οἱ
2723 5505 3109 5576 τῆςῖὰληθείας
3142 5506 3356 5560 ἀθετεῖν
3415 5508 3630 5576 ἐπιχει-

2049 5577 2268 5647 ροῦντες
2293 5576 2354 5629 τὸ
2387 5578 2670 5647 κήρυγμα,
2692 5581 2785 5628 etc.
2826 5575 2955 5641 Ουαέ
2981 5576 3203 5647 quidem
3253 5577 3420 5633 lectio
3469 5575 3631 5646 longe

2049 5645 2245 5702 melior
2277 5647 2415 5703 mihi
2447 5645 2688 5702 videtur.

3153 5806 3228 5880 79
