  <div class='ocr_page' id='page_1' title='image "/cluster/home/n/w/nwhite01/storage/ocr_20150623/86:2/hvd.32044054112354/381.png"; bbox 0 0 4070 6176; ppageno 0'>
   <div class='ocr_carea' id='block_1_1' title="bbox 368 219 516 286">
    <p class='ocr_par' dir='ltr' id='par_1_1' title="bbox 368 219 516 286">
     <span class='ocr_line' id='line_1_1' title="bbox 368 219 516 286; baseline 0.007 -2"><span class='ocrx_word' id='word_1_1' title='bbox 368 219 516 286; x_wconf 67' lang='lat' dir='ltr'><strong>eam</strong></span> 
     </span>
    </p>
   </div>
   <div class='ocr_carea' id='block_1_2' title="bbox 1564 222 2408 289">
    <p class='ocr_par' dir='ltr' id='par_1_2' title="bbox 1564 222 2408 289">
     <span class='ocr_line' id='line_1_2' title="bbox 1564 222 2408 289; baseline 0.006 -6"><span class='ocrx_word' id='word_1_2' title='bbox 1564 224 1876 286; x_wconf 80' lang='lat' dir='ltr'><strong>EVAGRII</strong></span> <span class='ocrx_word' id='word_1_3' title='bbox 1923 222 2160 287; x_wconf 86' lang='lat' dir='ltr'>SCHOL</span> <span class='ocrx_word' id='word_1_4' title='bbox 2172 228 2408 289; x_wconf 72' lang='lat' dir='ltr'><strong>ASTICI</strong></span> 
     </span>
    </p>
   </div>
   <div class='ocr_carea' id='block_1_3' title="bbox 3485 230 3630 296">
    <p class='ocr_par' dir='ltr' id='par_1_3' title="bbox 3485 230 3630 296">
     <span class='ocr_line' id='line_1_3' title="bbox 3485 230 3630 296; baseline 0.007 -2"><span class='ocrx_word' id='word_1_5' title='bbox 3485 230 3630 296; x_wconf 73' lang='lat'><strong>2508</strong></span> 
     </span>
    </p>
   </div>
   <div class='ocr_carea' id='block_1_4' title="bbox 366 333 1949 412">
    <p class='ocr_par' dir='ltr' id='par_1_4' title="bbox 366 333 1949 406">
     <span class='ocr_line' id='line_1_4' title="bbox 366 333 1949 406; baseline 0.001 -15"><span class='ocrx_word' id='word_1_6' title='bbox 366 336 657 392; x_wconf 69' lang='lat' dir='ltr'><strong>nationem</strong></span> <span class='ocrx_word' id='word_1_7' title='bbox 695 333 842 387; x_wconf 91' lang='lat' dir='ltr'><strong>illius</strong></span> <span class='ocrx_word' id='word_1_8' title='bbox 872 342 1122 388; x_wconf 73' lang='lat' dir='ltr'><strong>evertere</strong></span> <span class='ocrx_word' id='word_1_9' title='bbox 1147 334 1509 401; x_wconf 87' lang='lat' dir='ltr'><strong>conabantur,</strong></span> <span class='ocrx_word' id='word_1_10' title='bbox 1540 335 1949 406; x_wconf 89' lang='lat' dir='ltr'><strong>Scripturarum</strong></span> 
     </span>
    </p>
   </div>
   <div class='ocr_carea' id='block_1_5' title="bbox 2049 333 3628 412">
    <p class='ocr_par' dir='ltr' id='par_1_5' title="bbox 2055 338 3628 412">
     <span class='ocr_line' id='line_1_5' title="bbox 2055 338 3628 412; baseline 0.006 -21"><span class='ocrx_word' id='word_1_11' title='bbox 2055 338 2371 409; x_wconf 67' lang='grc' dir='ltr'><strong>Πνεύματος</strong></span> <span class='ocrx_word' id='word_1_12' title='bbox 2406 339 2585 393; x_wconf 85' lang='grc' dir='ltr'><strong>αὐτῶν</strong></span> <span class='ocrx_word' id='word_1_13' title='bbox 2621 339 2830 394; x_wconf 76' lang='grc' dir='ltr'><strong>ἔννοιαν</strong></span> <span class='ocrx_word' id='word_1_14' title='bbox 2875 343 3017 397; x_wconf 86' lang='grc' dir='ltr'><strong>κατά</strong></span> <span class='ocrx_word' id='word_1_15' title='bbox 3048 341 3154 396; x_wconf 84' lang='grc' dir='ltr'><strong>τῶν</strong></span> <span class='ocrx_word' id='word_1_16' title='bbox 3192 343 3291 412; x_wconf 73' lang='grc' dir='ltr'><strong>τὴν</strong></span> <span class='ocrx_word' id='word_1_17' title='bbox 3333 344 3500 400; x_wconf 85' lang='grc' dir='ltr'><strong>αὐτοῦ</strong></span> <span class='ocrx_word' id='word_1_18' title='bbox 3539 348 3628 401; x_wconf 83' lang='grc' dir='ltr'><strong>δε-</strong></span> 
     </span>
    </p>
   </div>
   <div class='ocr_carea' id='block_1_6' title="bbox 380 423 1313 493">
    <p class='ocr_par' dir='ltr' id='par_1_6' title="bbox 380 423 1313 493">
     <span class='ocr_line' id='line_1_6' title="bbox 380 423 1313 493; baseline -0.005 -12"><span class='ocrx_word' id='word_1_19' title='bbox 380 424 707 481; x_wconf 85' lang='lat' dir='ltr'><strong>testimoniis</strong></span> <span class='ocrx_word' id='word_1_20' title='bbox 743 423 900 493; x_wconf 78' lang='lat'><strong>291</strong></span> <span class='ocrx_word' id='word_1_21' title='bbox 944 424 1313 479; x_wconf 87' lang='lat' dir='ltr'><strong>declararent.</strong></span> 
     </span>
    </p>
   </div>
   <div class='ocr_carea' id='block_1_7' title="bbox 448 620 1953 697">
    <p class='ocr_par' dir='ltr' id='par_1_7' title="bbox 448 620 1953 697">
     <span class='ocr_line' id='line_1_7' title="bbox 448 620 1953 697; baseline 0.002 -22"><span class='ocrx_word' id='word_1_22' title='bbox 448 621 680 691; x_wconf 85' lang='lat' dir='ltr'><strong>Pmpter</strong></span> <span class='ocrx_word' id='word_1_23' title='bbox 710 635 805 675; x_wconf 89' lang='lat' dir='ltr'><strong>eos</strong></span> <span class='ocrx_word' id='word_1_24' title='bbox 851 635 984 675; x_wconf 88' lang='lat' dir='ltr'><strong>vero</strong></span> <span class='ocrx_word' id='word_1_25' title='bbox 1031 621 1126 689; x_wconf 87' lang='lat' dir='ltr'><strong>qui</strong></span> <span class='ocrx_word' id='word_1_26' title='bbox 1160 620 1586 690; x_wconf 81' lang='lat' dir='ltr'><strong>dispensationis</strong></span> <span class='ocrx_word' id='word_1_27' title='bbox 1632 625 1953 697; x_wconf 84' lang='lat' dir='ltr'><strong>mysterium</strong></span> 
     </span>
    </p>
   </div>
   <div class='ocr_carea' id='block_1_8' title="bbox 377 710 1953 783">
    <p class='ocr_par' dir='ltr' id='par_1_8' title="bbox 377 710 1953 783">
     <span class='ocr_line' id='line_1_8' title="bbox 377 710 1953 783; baseline 0.003 -18"><span class='ocrx_word' id='word_1_28' title='bbox 377 710 585 765; x_wconf 86' lang='lat' dir='ltr'><strong>audent</strong></span> <span class='ocrx_word' id='word_1_29' title='bbox 611 723 985 778; x_wconf 79' lang='lat' dir='ltr'><strong>corrumpere,</strong></span> <span class='ocrx_word' id='word_1_30' title='bbox 1027 718 1084 763; x_wconf 91' lang='lat' dir='ltr'><strong>et</strong></span> <span class='ocrx_word' id='word_1_31' title='bbox 1117 723 1242 763; x_wconf 84' lang='lat' dir='ltr'><strong>eum</strong></span> <span class='ocrx_word' id='word_1_32' title='bbox 1283 711 1376 779; x_wconf 89' lang='lat' dir='ltr'><strong>qui</strong></span> <span class='ocrx_word' id='word_1_33' title='bbox 1418 725 1485 765; x_wconf 76' lang='lat' dir='ltr'><strong>ex</strong></span> <span class='ocrx_word' id='word_1_34' title='bbox 1513 720 1702 767; x_wconf 88' lang='lat' dir='ltr'><strong>sancta</strong></span> <span class='ocrx_word' id='word_1_35' title='bbox 1731 713 1953 783; x_wconf 79' lang='lat' dir='ltr'><strong>Virgine</strong></span> 
     </span>
    </p>
   </div>
   <div class='ocr_carea' id='block_1_9' title="bbox 378 799 1952 872">
    <p class='ocr_par' dir='ltr' id='par_1_9' title="bbox 378 799 1952 872">
     <span class='ocr_line' id='line_1_9' title="bbox 378 799 1952 872; baseline 0.001 -17"><span class='ocrx_word' id='word_1_36' title='bbox 378 802 543 855; x_wconf 81' lang='lat' dir='ltr'><strong>Maria</strong></span> <span class='ocrx_word' id='word_1_37' title='bbox 574 808 736 855; x_wconf 88' lang='lat' dir='ltr'><strong>natus</strong></span> <span class='ocrx_word' id='word_1_38' title='bbox 771 808 876 863; x_wconf 89' lang='lat' dir='ltr'><strong>est,</strong></span> <span class='ocrx_word' id='word_1_39' title='bbox 907 813 1107 868; x_wconf 92' lang='lat' dir='ltr'><strong>purum</strong></span> <span class='ocrx_word' id='word_1_40' title='bbox 1136 799 1413 855; x_wconf 82' lang='lat' dir='ltr'><strong>hominem</strong></span> <span class='ocrx_word' id='word_1_41' title='bbox 1444 816 1566 856; x_wconf 89' lang='lat' dir='ltr'><strong>esse</strong></span> <span class='ocrx_word' id='word_1_42' title='bbox 1602 802 1952 872; x_wconf 90' lang='lat' dir='ltr'><strong>impudenter</strong></span> 
     </span>
    </p>
   </div>
   <div class='ocr_carea' id='block_1_10' title="bbox 377 889 1953 960">
    <p class='ocr_par' dir='ltr' id='par_1_10' title="bbox 377 889 1953 960">
     <span class='ocr_line' id='line_1_10' title="bbox 377 889 1953 960; baseline 0 -13"><span class='ocrx_word' id='word_1_43' title='bbox 377 892 644 954; x_wconf 79' lang='lat' dir='ltr'><strong>delirant,</strong></span> <span class='ocrx_word' id='word_1_44' title='bbox 693 889 839 959; x_wconf 79' lang='lat' dir='ltr'><strong>beati</strong></span> <span class='ocrx_word' id='word_1_45' title='bbox 888 890 1074 960; x_wconf 76' lang='lat' dir='ltr'><strong>Cyrilli</strong></span> <span class='ocrx_word' id='word_1_46' title='bbox 1121 891 1216 960; x_wconf 89' lang='lat' dir='ltr'><strong>qui</strong></span> <span class='ocrx_word' id='word_1_47' title='bbox 1268 891 1648 947; x_wconf 64' lang='lat' dir='ltr'><strong>Alexandrinae</strong></span> <span class='ocrx_word' id='word_1_48' title='bbox 1696 893 1953 948; x_wconf 68' lang='lat' dir='ltr'><strong>Ecclesiae</strong></span> 
     </span>
    </p>
   </div>
   <div class='ocr_carea' id='block_1_11' title="bbox 375 982 1950 1053">
    <p class='ocr_par' dir='ltr' id='par_1_11' title="bbox 375 982 1950 1053">
     <span class='ocr_line' id='line_1_11' title="bbox 375 982 1950 1053; baseline 0.001 -15"><span class='ocrx_word' id='word_1_49' title='bbox 375 993 560 1053; x_wconf 89' lang='lat' dir='ltr'><strong>pastor</strong></span> <span class='ocrx_word' id='word_1_50' title='bbox 581 982 703 1047; x_wconf 80' lang='lat' dir='ltr'><strong>fuit,</strong></span> <span class='ocrx_word' id='word_1_51' title='bbox 734 982 1027 1052; x_wconf 84' lang='lat' dir='ltr'><strong>synodales</strong></span> <span class='ocrx_word' id='word_1_52' title='bbox 1064 983 1326 1053; x_wconf 77' lang='lat' dir='ltr'><strong>epistolas</strong></span> <span class='ocrx_word' id='word_1_53' title='bbox 1360 982 1428 1037; x_wconf 86' lang='lat' dir='ltr'><strong>ad</strong></span> <span class='ocrx_word' id='word_1_54' title='bbox 1462 982 1773 1039; x_wconf 80' lang='lat' dir='ltr'><strong>Nestorium</strong></span> <span class='ocrx_word' id='word_1_55' title='bbox 1798 993 1855 1039; x_wconf 91' lang='lat' dir='ltr'><strong>et</strong></span> <span class='ocrx_word' id='word_1_56' title='bbox 1881 984 1950 1040; x_wconf 89' lang='lat' dir='ltr'><strong>ad</strong></span> 
     </span>
    </p>
   </div>
   <div class='ocr_carea' id='block_1_12' title="bbox 374 1072 1951 1144">
    <p class='ocr_par' dir='ltr' id='par_1_12' title="bbox 374 1072 1951 1144">
     <span class='ocr_line' id='line_1_12' title="bbox 374 1072 1951 1144; baseline 0.001 -16"><span class='ocrx_word' id='word_1_57' title='bbox 374 1073 683 1128; x_wconf 74' lang='lat' dir='ltr'><strong>Orientales</strong></span> <span class='ocrx_word' id='word_1_58' title='bbox 720 1072 1010 1142; x_wconf 82' lang='lat' dir='ltr'><strong>episcopos</strong></span> <span class='ocrx_word' id='word_1_59' title='bbox 1036 1076 1270 1143; x_wconf 87' lang='lat' dir='ltr'><strong>scriptas</strong></span> <span class='ocrx_word' id='word_1_60' title='bbox 1296 1074 1559 1143; x_wconf 82' lang='lat' dir='ltr'><strong>suscepit,</strong></span> <span class='ocrx_word' id='word_1_61' title='bbox 1588 1075 1791 1143; x_wconf 87' lang='lat' dir='ltr'><strong>quippe</strong></span> <span class='ocrx_word' id='word_1_62' title='bbox 1828 1090 1951 1144; x_wconf 77' lang='lat' dir='ltr'><strong>quae</strong></span> 
     </span>
    </p>
   </div>
   <div class='ocr_carea' id='block_1_13' title="bbox 375 1164 1947 1230">
    <p class='ocr_par' dir='ltr' id='par_1_13' title="bbox 375 1164 1947 1230">
     <span class='ocr_line' id='line_1_13' title="bbox 375 1164 1947 1230; baseline 0.001 -13"><span class='ocrx_word' id='word_1_63' title='bbox 375 1165 584 1219; x_wconf 62' lang='lat' dir='ltr'><strong>idoneae</strong></span> <span class='ocrx_word' id='word_1_64' title='bbox 604 1165 715 1219; x_wconf 89' lang='lat' dir='ltr'><strong>sint</strong></span> <span class='ocrx_word' id='word_1_65' title='bbox 738 1174 851 1218; x_wconf 91' lang='lat' dir='ltr'><strong>tum</strong></span> <span class='ocrx_word' id='word_1_66' title='bbox 879 1164 947 1218; x_wconf 90' lang='lat' dir='ltr'><strong>ad</strong></span> <span class='ocrx_word' id='word_1_67' title='bbox 968 1164 1246 1219; x_wconf 78' lang='lat' dir='ltr'><strong>vesaniam</strong></span> <span class='ocrx_word' id='word_1_68' title='bbox 1276 1164 1514 1219; x_wconf 88' lang='lat' dir='ltr'><strong>Nestorii</strong></span> <span class='ocrx_word' id='word_1_69' title='bbox 1538 1164 1947 1230; x_wconf 81' lang='lat' dir='ltr'><strong>confutandam,</strong></span> 
     </span>
    </p>
   </div>
   <div class='ocr_carea' id='block_1_14' title="bbox 378 1255 1948 1327">
    <p class='ocr_par' dir='ltr' id='par_1_14' title="bbox 378 1255 1948 1327">
     <span class='ocr_line' id='line_1_14' title="bbox 378 1255 1948 1327; baseline 0.003 -19"><span class='ocrx_word' id='word_1_70' title='bbox 378 1266 492 1309; x_wconf 85' lang='lat' dir='ltr'><strong>tum</strong></span> <span class='ocrx_word' id='word_1_71' title='bbox 542 1256 609 1309; x_wconf 87' lang='lat' dir='ltr'><strong>ad</strong></span> <span class='ocrx_word' id='word_1_72' title='bbox 644 1255 1030 1325; x_wconf 82' lang='lat' dir='ltr'><strong>exponendum</strong></span> <span class='ocrx_word' id='word_1_73' title='bbox 1063 1255 1302 1311; x_wconf 81' lang='lat' dir='ltr'><strong>salutare</strong></span> <span class='ocrx_word' id='word_1_74' title='bbox 1349 1257 1679 1327; x_wconf 81' lang='lat' dir='ltr'><strong>symbolum,</strong></span> <span class='ocrx_word' id='word_1_75' title='bbox 1726 1258 1779 1311; x_wconf 93' lang='lat' dir='ltr'><strong>in</strong></span> <span class='ocrx_word' id='word_1_76' title='bbox 1825 1274 1948 1327; x_wconf 85' lang='lat' dir='ltr'><strong>gra-</strong></span> 
     </span>
    </p>
   </div>
   <div class='ocr_carea' id='block_1_15' title="bbox 374 1346 1949 1417">
    <p class='ocr_par' dir='ltr' id='par_1_15' title="bbox 374 1346 1949 1417">
     <span class='ocr_line' id='line_1_15' title="bbox 374 1346 1949 1417; baseline 0 -15"><span class='ocrx_word' id='word_1_77' title='bbox 374 1349 506 1403; x_wconf 88' lang='lat' dir='ltr'><strong>tiam</strong></span> <span class='ocrx_word' id='word_1_78' title='bbox 554 1363 746 1403; x_wconf 89' lang='lat' dir='ltr'><strong>eorum</strong></span> <span class='ocrx_word' id='word_1_79' title='bbox 774 1348 889 1417; x_wconf 89' lang='lat' dir='ltr'><strong>qui,</strong></span> <span class='ocrx_word' id='word_1_80' title='bbox 941 1348 1031 1416; x_wconf 90' lang='lat' dir='ltr'><strong>pio</strong></span> <span class='ocrx_word' id='word_1_81' title='bbox 1075 1347 1194 1402; x_wconf 85' lang='lat' dir='ltr'><strong>zelo</strong></span> <span class='ocrx_word' id='word_1_82' title='bbox 1245 1346 1490 1411; x_wconf 85' lang='lat' dir='ltr'><strong>adducti,</strong></span> <span class='ocrx_word' id='word_1_83' title='bbox 1534 1347 1949 1417; x_wconf 81' lang='lat' dir='ltr'><strong>intelligentiam</strong></span> 
     </span>
    </p>
   </div>
   <div class='ocr_carea' id='block_1_16' title="bbox 374 1436 1949 1508">
    <p class='ocr_par' dir='ltr' id='par_1_16' title="bbox 374 1436 1949 1508">
     <span class='ocr_line' id='line_1_16' title="bbox 374 1436 1949 1508; baseline 0 -15"><span class='ocrx_word' id='word_1_84' title='bbox 374 1440 522 1493; x_wconf 87' lang='lat' dir='ltr'><strong>illius</strong></span> <span class='ocrx_word' id='word_1_85' title='bbox 557 1437 774 1507; x_wconf 86' lang='lat' dir='ltr'><strong>assequi</strong></span> <span class='ocrx_word' id='word_1_86' title='bbox 815 1436 1151 1491; x_wconf 91' lang='lat' dir='ltr'><strong>desiderant.</strong></span> <span class='ocrx_word' id='word_1_87' title='bbox 1176 1436 1391 1502; x_wconf 84' lang='lat' dir='ltr'><strong>Quibus</strong></span> <span class='ocrx_word' id='word_1_88' title='bbox 1423 1438 1707 1507; x_wconf 88' lang='lat' dir='ltr'><strong>epistolam</strong></span> <span class='ocrx_word' id='word_1_89' title='bbox 1726 1454 1949 1508; x_wconf 82' lang='lat' dir='ltr'><strong>quoque</strong></span> 
     </span>
    </p>
   </div>
   <div class='ocr_carea' id='block_1_17' title="bbox 374 1526 1948 1593">
    <p class='ocr_par' dir='ltr' id='par_1_17' title="bbox 374 1526 1948 1593">
     <span class='ocr_line' id='line_1_17' title="bbox 374 1526 1948 1593; baseline 0 -9"><span class='ocrx_word' id='word_1_90' title='bbox 374 1528 677 1584; x_wconf 85' lang='lat' dir='ltr'><strong>beatissimi</strong></span> <span class='ocrx_word' id='word_1_91' title='bbox 708 1537 763 1581; x_wconf 90' lang='lat' dir='ltr'><strong>et</strong></span> <span class='ocrx_word' id='word_1_92' title='bbox 784 1527 1117 1581; x_wconf 84' lang='lat' dir='ltr'><strong>sanctissimi</strong></span> <span class='ocrx_word' id='word_1_93' title='bbox 1153 1526 1376 1593; x_wconf 88' lang='lat' dir='ltr'><strong>Leonis,</strong></span> <span class='ocrx_word' id='word_1_94' title='bbox 1410 1529 1657 1583; x_wconf 71' lang='lat' dir='ltr'><strong>maxime:</strong></span> <span class='ocrx_word' id='word_1_95' title='bbox 1684 1538 1741 1584; x_wconf 90' lang='lat' dir='ltr'><strong>et</strong></span> <span class='ocrx_word' id='word_1_96' title='bbox 1765 1530 1948 1584; x_wconf 90' lang='lat' dir='ltr'><strong>senio-</strong></span> 
     </span>
    </p>
   </div>
   <div class='ocr_carea' id='block_1_18' title="bbox 373 1615 1951 1688">
    <p class='ocr_par' dir='ltr' id='par_1_18' title="bbox 373 1615 1951 1688">
     <span class='ocr_line' id='line_1_18' title="bbox 373 1615 1951 1688; baseline 0.001 -16"><span class='ocrx_word' id='word_1_97' title='bbox 373 1618 451 1672; x_wconf 87' lang='lat' dir='ltr'><strong>ris</strong></span> <span class='ocrx_word' id='word_1_98' title='bbox 469 1618 656 1671; x_wconf 68' lang='lat' dir='ltr'><strong>Romae</strong></span> <span class='ocrx_word' id='word_1_99' title='bbox 681 1615 1103 1685; x_wconf 83' lang='lat' dir='ltr'><strong>archiepiscopi,</strong></span> <span class='ocrx_word' id='word_1_100' title='bbox 1121 1616 1533 1686; x_wconf 62' lang='lat' dir='ltr'><strong>exstinguenda</strong></span> <span class='ocrx_word' id='word_1_101' title='bbox 1548 1617 1810 1688; x_wconf 85' lang='lat' dir='ltr'><strong>Eutychis</strong></span> <span class='ocrx_word' id='word_1_102' title='bbox 1837 1634 1951 1673; x_wconf 90' lang='lat' dir='ltr'><strong>ma-</strong></span> 
     </span>
    </p>
   </div>
   <div class='ocr_carea' id='block_1_19' title="bbox 2058 428 3626 507">
    <p class='ocr_par' dir='ltr' id='par_1_19' title="bbox 2058 428 3626 507">
     <span class='ocr_line' id='line_1_19' title="bbox 2058 428 3626 507; baseline 0.007 -28"><span class='ocrx_word' id='word_1_103' title='bbox 2058 429 2319 481; x_wconf 83' lang='grc' dir='ltr'><strong>σποτείαν</strong></span> <span class='ocrx_word' id='word_1_104' title='bbox 2343 428 2554 483; x_wconf 83' lang='grc' dir='ltr'>ἀθετεῖν</span> <span class='ocrx_word' id='word_1_105' title='bbox 2586 429 2942 500; x_wconf 78' lang='grc' dir='ltr'><strong>πειρωμένων</strong></span> <span class='ocrx_word' id='word_1_106' title='bbox 2966 430 3266 503; x_wconf 80' lang='grc' dir='ltr'><strong>Γραφικαῖς</strong></span> <span class='ocrx_word' id='word_1_107' title='bbox 3292 434 3626 507; x_wconf 74' lang='grc' dir='ltr'><strong>μαρτυρίαις</strong></span> 
     </span>
    </p>
   </div>
   <div class='ocr_carea' id='block_1_20' title="bbox 2054 518 2453 586">
    <p class='ocr_par' dir='ltr' id='par_1_20' title="bbox 2054 518 2453 586">
     <span class='ocr_line' id='line_1_20' title="bbox 2054 518 2453 586; baseline 0.003 -15"><span class='ocrx_word' id='word_1_108' title='bbox 2054 518 2453 586; x_wconf 82' lang='grc' dir='ltr'><strong>τρανὼσαντες.</strong></span> 
     </span>
    </p>
   </div>
   <div class='ocr_carea' id='block_1_21' title="bbox 2126 612 3626 688">
    <p class='ocr_par' dir='ltr' id='par_1_21' title="bbox 2126 612 3626 688">
     <span class='ocr_line' id='line_1_21' title="bbox 2126 612 3626 688; baseline 0.005 -23"><span class='ocrx_word' id='word_1_109' title='bbox 2126 612 2223 666; x_wconf 86' lang='grc' dir='ltr'><strong>Διὰ</strong></span> <span class='ocrx_word' id='word_1_110' title='bbox 2291 613 2348 666; x_wconf 80' lang='grc' dir='ltr'><strong>δὲ</strong></span> <span class='ocrx_word' id='word_1_111' title='bbox 2403 614 2529 677; x_wconf 76' lang='grc' dir='ltr'><strong>τοὺς</strong></span> <span class='ocrx_word' id='word_1_112' title='bbox 2593 614 2654 668; x_wconf 80' lang='grc' dir='ltr'><strong>τὸ</strong></span> <span class='ocrx_word' id='word_1_113' title='bbox 2697 614 2798 685; x_wconf 86' lang='grc' dir='ltr'><strong>τῆς</strong></span> <span class='ocrx_word' id='word_1_114' title='bbox 2842 615 3154 686; x_wconf 74' lang='grc' dir='ltr'><strong>οἰκονομίας</strong></span> <span class='ocrx_word' id='word_1_115' title='bbox 3221 616 3626 688; x_wconf 80' lang='grc' dir='ltr'><strong>παραφθείρειν</strong></span> 
     </span>
    </p>
   </div>
   <div class='ocr_carea' id='block_1_22' title="bbox 2050 703 3623 778">
    <p class='ocr_par' dir='ltr' id='par_1_22' title="bbox 2050 703 3623 778">
     <span class='ocr_line' id='line_1_22' title="bbox 2050 703 3623 778; baseline 0.004 -22"><span class='ocrx_word' id='word_1_116' title='bbox 2050 703 2362 774; x_wconf 77' lang='grc' dir='ltr'><strong>τολμῶντας</strong></span> <span class='ocrx_word' id='word_1_117' title='bbox 2423 708 2747 777; x_wconf 87' lang='grc' dir='ltr'><strong>μυστήριον,</strong></span> <span class='ocrx_word' id='word_1_118' title='bbox 2822 705 2918 761; x_wconf 74' lang='grc' dir='ltr'><strong>καὶ</strong></span> <span class='ocrx_word' id='word_1_119' title='bbox 2975 707 3128 776; x_wconf 77' lang='grc' dir='ltr'>ψιλὸν</span> <span class='ocrx_word' id='word_1_120' title='bbox 3178 708 3465 778; x_wconf 79' lang='grc' dir='ltr'><strong>ἄνθρωπον</strong></span> <span class='ocrx_word' id='word_1_121' title='bbox 3528 711 3623 763; x_wconf 71' lang='grc' dir='ltr'><strong>τὸν</strong></span> 
     </span>
    </p>
   </div>
   <div class='ocr_carea' id='block_1_23' title="bbox 2051 796 3626 868">
    <p class='ocr_par' dir='ltr' id='par_1_23' title="bbox 2051 796 3626 868">
     <span class='ocr_line' id='line_1_23' title="bbox 2051 796 3626 868; baseline 0.005 -22"><span class='ocrx_word' id='word_1_122' title='bbox 2051 796 2115 848; x_wconf 86' lang='grc' dir='ltr'><strong>ὲκ</strong></span> <span class='ocrx_word' id='word_1_123' title='bbox 2172 796 2272 864; x_wconf 78' lang='grc' dir='ltr'><strong>τῆς</strong></span> <span class='ocrx_word' id='word_1_124' title='bbox 2325 796 2489 863; x_wconf 87' lang='grc' dir='ltr'><strong>ἁγίας</strong></span> <span class='ocrx_word' id='word_1_125' title='bbox 2547 798 2827 868; x_wconf 79' lang='grc' dir='ltr'><strong>Παρθένου</strong></span> <span class='ocrx_word' id='word_1_126' title='bbox 2885 798 3146 868; x_wconf 75' lang='grc' dir='ltr'><strong>τεχθέντα</strong></span> <span class='ocrx_word' id='word_1_127' title='bbox 3190 799 3431 868; x_wconf 84' lang='grc' dir='ltr'><strong>Μαρίας,</strong></span> <span class='ocrx_word' id='word_1_128' title='bbox 3469 801 3626 854; x_wconf 84' lang='grc' dir='ltr'><strong>ἁναι-</strong></span> 
     </span>
    </p>
   </div>
   <div class='ocr_carea' id='block_1_24' title="bbox 2048 884 3622 962">
    <p class='ocr_par' dir='ltr' id='par_1_24' title="bbox 2048 884 3622 962">
     <span class='ocr_line' id='line_1_24' title="bbox 2048 884 3622 962; baseline 0.003 -24"><span class='ocrx_word' id='word_1_129' title='bbox 2048 884 2154 948; x_wconf 83' lang='grc' dir='ltr'><strong>δῶς</strong></span> <span class='ocrx_word' id='word_1_130' title='bbox 2193 885 3203 962; x_wconf 69' lang='grc' dir='ltr'><strong>ληρῳδοῦντας,(56)τὰςτοῦμακαρίοιΐ</strong></span> <span class='ocrx_word' id='word_1_131' title='bbox 3230 888 3499 960; x_wconf 80' lang='grc' dir='ltr'><strong>Κυρίλλου</strong></span> <span class='ocrx_word' id='word_1_132' title='bbox 3528 889 3622 944; x_wconf 88' lang='grc' dir='ltr'><strong>τοῦ</strong></span> 
     </span>
    </p>
   </div>
   <div class='ocr_carea' id='block_1_25' title="bbox 2049 976 3609 1051">
    <p class='ocr_par' dir='ltr' id='par_1_25' title="bbox 2049 976 3609 1051">
     <span class='ocr_line' id='line_1_25' title="bbox 2049 976 3609 1051; baseline 0.004 -21"><span class='ocrx_word' id='word_1_133' title='bbox 2049 980 2148 1047; x_wconf 85' lang='grc' dir='ltr'><strong>τῆς</strong></span> <span class='ocrx_word' id='word_1_134' title='bbox 2188 976 2577 1051; x_wconf 81' lang='grc' dir='ltr'><strong>Ἀλεξανδρέων</strong></span> <span class='ocrx_word' id='word_1_135' title='bbox 2600 979 2928 1051; x_wconf 85' lang='grc' dir='ltr'><strong>Ἐκκλησίας</strong></span> <span class='ocrx_word' id='word_1_136' title='bbox 3100 981 3392 1051; x_wconf 82' lang='grc' dir='ltr'><strong>γενομένου</strong></span> <span class='ocrx_word' id='word_1_137' title='bbox 3428 983 3609 1051; x_wconf 73' lang='grc' dir='ltr'><strong>ποιμέε</strong></span> 
     </span>
    </p>
   </div>
   <div class='ocr_carea' id='block_1_26' title="bbox 2050 1071 3617 1147">
    <p class='ocr_par' dir='ltr' id='par_1_26' title="bbox 2050 1071 3617 1147">
     <span class='ocr_line' id='line_1_26' title="bbox 2050 1071 3617 1147; baseline 0.003 -23"><span class='ocrx_word' id='word_1_138' title='bbox 2050 1089 2137 1133; x_wconf 77' lang='grc' dir='ltr'><strong>νος</strong></span> <span class='ocrx_word' id='word_1_139' title='bbox 2170 1071 2449 1135; x_wconf 83' lang='grc' dir='ltr'><strong>συνοδικὰς</strong></span> <span class='ocrx_word' id='word_1_140' title='bbox 2474 1073 2760 1136; x_wconf 75' lang='grc' dir='ltr'><strong>ἐπιστολὰς</strong></span> <span class='ocrx_word' id='word_1_141' title='bbox 2785 1076 2921 1144; x_wconf 85' lang='grc' dir='ltr'><strong>πρός</strong></span> <span class='ocrx_word' id='word_1_142' title='bbox 2949 1090 3007 1128; x_wconf 83' lang='grc' dir='ltr'><strong>τε</strong></span> <span class='ocrx_word' id='word_1_143' title='bbox 3038 1076 3333 1145; x_wconf 80' lang='grc' dir='ltr'><strong>Νεστόριον</strong></span> <span class='ocrx_word' id='word_1_144' title='bbox 3362 1078 3456 1130; x_wconf 68' lang='grc' dir='ltr'><strong>καὶ</strong></span> <span class='ocrx_word' id='word_1_145' title='bbox 3481 1076 3617 1147; x_wconf 71' lang='grc' dir='ltr'><strong>πρὸς</strong></span> 
     </span>
    </p>
   </div>
   <div class='ocr_carea' id='block_1_27' title="bbox 2048 1161 3621 1233">
    <p class='ocr_par' dir='ltr' id='par_1_27' title="bbox 2048 1161 3621 1233">
     <span class='ocr_line' id='line_1_27' title="bbox 2048 1161 3621 1233; baseline 0.004 -20"><span class='ocrx_word' id='word_1_146' title='bbox 2048 1161 2174 1223; x_wconf 82' lang='grc' dir='ltr'><strong>τοὺς</strong></span> <span class='ocrx_word' id='word_1_147' title='bbox 2220 1161 2318 1231; x_wconf 84' lang='grc' dir='ltr'><strong>τῆς</strong></span> <span class='ocrx_word' id='word_1_148' title='bbox 2346 1162 2633 1232; x_wconf 80' lang='grc' dir='ltr'><strong>Ἀνατολῆς</strong></span> <span class='ocrx_word' id='word_1_149' title='bbox 2671 1164 2960 1233; x_wconf 79' lang='grc' dir='ltr'><strong>ἁρμοδίους</strong></span> <span class='ocrx_word' id='word_1_150' title='bbox 3018 1164 3184 1229; x_wconf 76' lang='grc' dir='ltr'><strong>οὔσας</strong></span> <span class='ocrx_word' id='word_1_151' title='bbox 3247 1165 3485 1230; x_wconf 75' lang='grc' dir='ltr'><strong>ἐδέξατο,</strong></span> <span class='ocrx_word' id='word_1_152' title='bbox 3539 1167 3621 1227; x_wconf 84' lang='grc' dir='ltr'><strong>είς</strong></span> 
     </span>
    </p>
   </div>
   <div class='ocr_carea' id='block_1_28' title="bbox 2049 1250 3624 1328">
    <p class='ocr_par' dir='ltr' id='par_1_28' title="bbox 2049 1250 3624 1328">
     <span class='ocr_line' id='line_1_28' title="bbox 2049 1250 3624 1328; baseline 0.006 -26"><span class='ocrx_word' id='word_1_153' title='bbox 2049 1250 2267 1321; x_wconf 82' lang='grc' dir='ltr'><strong>ἔλεγχον</strong></span> <span class='ocrx_word' id='word_1_154' title='bbox 2309 1252 2408 1322; x_wconf 79' lang='grc' dir='ltr'><strong>μὲν</strong></span> <span class='ocrx_word' id='word_1_155' title='bbox 2455 1256 2552 1324; x_wconf 84' lang='grc' dir='ltr'><strong>τῆς</strong></span> <span class='ocrx_word' id='word_1_156' title='bbox 2590 1254 2886 1325; x_wconf 84' lang='grc' dir='ltr'><strong>Νεστορίου</strong></span> <span class='ocrx_word' id='word_1_157' title='bbox 2941 1258 3409 1326; x_wconf 75' lang='grc' dir='ltr'><strong>φρενοϐλαϐείας,</strong></span> <span class='ocrx_word' id='word_1_158' title='bbox 3451 1259 3624 1328; x_wconf 78' lang='grc' dir='ltr'><strong>ἑρμη-</strong></span> 
     </span>
    </p>
   </div>
   <div class='ocr_carea' id='block_1_29' title="bbox 2050 1343 3622 1419">
    <p class='ocr_par' dir='ltr' id='par_1_29' title="bbox 2050 1343 3622 1419">
     <span class='ocr_line' id='line_1_29' title="bbox 2050 1343 3622 1419; baseline 0.004 -24"><span class='ocrx_word' id='word_1_159' title='bbox 2050 1344 2196 1397; x_wconf 86' lang='grc' dir='ltr'><strong>νείαν</strong></span> <span class='ocrx_word' id='word_1_160' title='bbox 2225 1343 2281 1396; x_wconf 81' lang='grc' dir='ltr'><strong>δὲ</strong></span> <span class='ocrx_word' id='word_1_161' title='bbox 2305 1344 2414 1397; x_wconf 85' lang='grc' dir='ltr'><strong>τῶν</strong></span> <span class='ocrx_word' id='word_1_162' title='bbox 2454 1345 2511 1397; x_wconf 76' lang='grc' dir='ltr'><strong>έν</strong></span> <span class='ocrx_word' id='word_1_163' title='bbox 2537 1345 2754 1399; x_wconf 75' lang='grc' dir='ltr'><strong>εὐσεϐεῖ</strong></span> <span class='ocrx_word' id='word_1_164' title='bbox 2782 1347 2931 1417; x_wconf 72' lang='grc' dir='ltr'><strong>ζήλῳ</strong></span> <span class='ocrx_word' id='word_1_165' title='bbox 2968 1347 3062 1401; x_wconf 89' lang='grc' dir='ltr'><strong>τοῦ</strong></span> <span class='ocrx_word' id='word_1_166' title='bbox 3110 1350 3378 1419; x_wconf 79' lang='grc' dir='ltr'><strong>σωτηρίου</strong></span> <span class='ocrx_word' id='word_1_167' title='bbox 3410 1347 3622 1418; x_wconf 70' lang='grc' dir='ltr'><strong>συμϐότ</strong></span> 
     </span>
    </p>
   </div>
   <div class='ocr_carea' id='block_1_30' title="bbox 2046 1432 3624 1508">
    <p class='ocr_par' dir='ltr' id='par_1_30' title="bbox 2046 1432 3624 1508">
     <span class='ocr_line' id='line_1_30' title="bbox 2046 1432 3624 1508; baseline 0.004 -23"><span class='ocrx_word' id='word_1_168' title='bbox 2046 1432 2140 1485; x_wconf 86' lang='grc' dir='ltr'><strong>λου</strong></span> <span class='ocrx_word' id='word_1_169' title='bbox 2172 1434 2479 1488; x_wconf 71' lang='grc' dir='ltr'><strong>ποθούντων</strong></span> <span class='ocrx_word' id='word_1_170' title='bbox 2530 1435 2628 1506; x_wconf 84' lang='grc' dir='ltr'><strong>τὴν</strong></span> <span class='ocrx_word' id='word_1_171' title='bbox 2672 1435 2909 1490; x_wconf 75' lang='grc' dir='ltr'><strong>ἔννοιαν⁸</strong></span> <span class='ocrx_word' id='word_1_172' title='bbox 2945 1432 3034 1499; x_wconf 76' lang='grc' dir='ltr'><strong>αἷς</strong></span> <span class='ocrx_word' id='word_1_173' title='bbox 3067 1441 3163 1492; x_wconf 84' lang='grc' dir='ltr'><strong>καὶ</strong></span> <span class='ocrx_word' id='word_1_174' title='bbox 3189 1438 3288 1508; x_wconf 82' lang='grc' dir='ltr'><strong>τὴν</strong></span> <span class='ocrx_word' id='word_1_175' title='bbox 3328 1438 3624 1508; x_wconf 79' lang='grc' dir='ltr'><strong>ἐπιστολὴν</strong></span> 
     </span>
    </p>
   </div>
   <div class='ocr_carea' id='block_1_31' title="bbox 2046 1522 3625 1600">
    <p class='ocr_par' dir='ltr' id='par_1_31' title="bbox 2046 1522 3625 1600">
     <span class='ocr_line' id='line_1_31' title="bbox 2046 1522 3625 1600; baseline 0.005 -26"><span class='ocrx_word' id='word_1_176' title='bbox 2046 1522 2142 1575; x_wconf 86' lang='grc' dir='ltr'><strong>τοῦ</strong></span> <span class='ocrx_word' id='word_1_177' title='bbox 2191 1523 2291 1594; x_wconf 81' lang='grc' dir='ltr'><strong>τῆς</strong></span> <span class='ocrx_word' id='word_1_178' title='bbox 2334 1525 2601 1596; x_wconf 79' lang='grc' dir='ltr'><strong>μεγίστης</strong></span> <span class='ocrx_word' id='word_1_179' title='bbox 2644 1527 2737 1580; x_wconf 72' lang='grc' dir='ltr'><strong>καὶ</strong></span> <span class='ocrx_word' id='word_1_180' title='bbox 2775 1528 3154 1599; x_wconf 80' lang='grc' dir='ltr'><strong>πρεσϐυτέρας</strong></span> <span class='ocrx_word' id='word_1_181' title='bbox 3211 1528 3434 1599; x_wconf 82' lang='grc' dir='ltr'>Ῥώμης</span> <span class='ocrx_word' id='word_1_182' title='bbox 3486 1546 3625 1600; x_wconf 75' lang='grc' dir='ltr'><strong>προσ</strong></span> 
     </span>
    </p>
   </div>
   <div class='ocr_carea' id='block_1_32' title="bbox 2049 1612 3626 1689">
    <p class='ocr_par' dir='ltr' id='par_1_32' title="bbox 2049 1612 3626 1689">
     <span class='ocr_line' id='line_1_32' title="bbox 2049 1612 3626 1689; baseline 0.005 -26"><span class='ocrx_word' id='word_1_183' title='bbox 2049 1612 2224 1684; x_wconf 85' lang='grc' dir='ltr'><strong>έδρου,</strong></span> <span class='ocrx_word' id='word_1_184' title='bbox 2255 1614 2350 1667; x_wconf 86' lang='grc' dir='ltr'><strong>τοῦ</strong></span> <span class='ocrx_word' id='word_1_185' title='bbox 2412 1616 2829 1685; x_wconf 82' lang='grc' dir='ltr'><strong>μακαριωτάτου</strong></span> <span class='ocrx_word' id='word_1_186' title='bbox 2877 1619 2971 1671; x_wconf 74' lang='grc' dir='ltr'><strong>καὶ</strong></span> <span class='ocrx_word' id='word_1_187' title='bbox 3016 1620 3324 1687; x_wconf 81' lang='grc' dir='ltr'><strong>ἁγιωτάτου</strong></span> <span class='ocrx_word' id='word_1_188' title='bbox 3369 1621 3626 1689; x_wconf 86' lang='grc' dir='ltr'><strong>ἀρχιεπι-</strong></span> 
     </span>
    </p>
   </div>
   <div class='ocr_carea' id='block_1_33' title="bbox 372 1701 1949 1779">
    <p class='ocr_par' dir='ltr' id='par_1_33' title="bbox 372 1705 1947 1777">
     <span class='ocr_line' id='line_1_33' title="bbox 372 1705 1947 1777; baseline 0.001 -15"><span class='ocrx_word' id='word_1_189' title='bbox 372 1707 680 1762; x_wconf 65' lang='lat' dir='ltr'><strong>levolentiaa</strong></span> <span class='ocrx_word' id='word_1_190' title='bbox 704 1720 872 1760; x_wconf 86' lang='lat' dir='ltr'><strong>causa</strong></span> <span class='ocrx_word' id='word_1_191' title='bbox 896 1705 1155 1775; x_wconf 85' lang='lat' dir='ltr'><strong>scriptam</strong></span> <span class='ocrx_word' id='word_1_192' title='bbox 1195 1705 1262 1759; x_wconf 92' lang='lat' dir='ltr'><strong>ad</strong></span> <span class='ocrx_word' id='word_1_193' title='bbox 1302 1716 1552 1760; x_wconf 90' lang='lat' dir='ltr'><strong>sanctum</strong></span> <span class='ocrx_word' id='word_1_194' title='bbox 1572 1707 1947 1777; x_wconf 78' lang='lat' dir='ltr'><strong>archiepisco—</strong></span> 
     </span>
    </p>
   </div>
   <div class='ocr_carea' id='block_1_34' title="bbox 2049 1701 3625 1779">
    <p class='ocr_par' dir='ltr' id='par_1_34' title="bbox 2050 1703 3625 1779">
     <span class='ocr_line' id='line_1_34' title="bbox 2050 1703 3625 1779; baseline 0.004 -25"><span class='ocrx_word' id='word_1_195' title='bbox 2050 1704 2255 1755; x_wconf 85' lang='grc' dir='ltr'><strong>σκόπου</strong></span> <span class='ocrx_word' id='word_1_196' title='bbox 2291 1703 2539 1767; x_wconf 84' lang='grc' dir='ltr'><strong>Λέοντος,</strong></span> <span class='ocrx_word' id='word_1_197' title='bbox 2583 1705 2682 1776; x_wconf 77' lang='grc' dir='ltr'><strong>τὴν</strong></span> <span class='ocrx_word' id='word_1_198' title='bbox 2710 1711 3010 1776; x_wconf 78' lang='grc' dir='ltr'>γραφεῖσαν</span> <span class='ocrx_word' id='word_1_199' title='bbox 3053 1708 3191 1779; x_wconf 77' lang='grc' dir='ltr'><strong>πρὸς</strong></span> <span class='ocrx_word' id='word_1_200' title='bbox 3226 1709 3319 1762; x_wconf 80' lang='grc' dir='ltr'><strong>τὸν</strong></span> <span class='ocrx_word' id='word_1_201' title='bbox 3346 1710 3404 1762; x_wconf 85' lang='grc' dir='ltr'><strong>ὲν</strong></span> <span class='ocrx_word' id='word_1_202' title='bbox 3444 1709 3625 1776; x_wconf 87' lang='grc' dir='ltr'><strong>ἁγίοις</strong></span> 
     </span>
    </p>
   </div>
   <div class='ocr_carea' id='block_1_35' title="bbox 372 1796 1947 1869">
    <p class='ocr_par' dir='ltr' id='par_1_35' title="bbox 372 1796 1947 1869">
     <span class='ocr_line' id='line_1_35' title="bbox 372 1796 1947 1869; baseline -0.001 -15"><span class='ocrx_word' id='word_1_203' title='bbox 372 1814 506 1869; x_wconf 89' lang='lat' dir='ltr'><strong>pum</strong></span> <span class='ocrx_word' id='word_1_204' title='bbox 537 1798 859 1853; x_wconf 78' lang='lat' dir='ltr'><strong>Flavianum</strong></span> <span class='ocrx_word' id='word_1_205' title='bbox 886 1813 901 1851; x_wconf 89' lang='lat'><strong>:</strong></span> <span class='ocrx_word' id='word_1_206' title='bbox 928 1812 1049 1867; x_wconf 81' lang='lat' dir='ltr'><strong>quae</strong></span> <span class='ocrx_word' id='word_1_207' title='bbox 1076 1810 1200 1851; x_wconf 88' lang='lat' dir='ltr'><strong>cum</strong></span> <span class='ocrx_word' id='word_1_208' title='bbox 1230 1796 1374 1851; x_wconf 87' lang='lat' dir='ltr'><strong>beati</strong></span> <span class='ocrx_word' id='word_1_209' title='bbox 1417 1797 1566 1852; x_wconf 88' lang='lat' dir='ltr'><strong>Petri</strong></span> <span class='ocrx_word' id='word_1_210' title='bbox 1607 1798 1947 1855; x_wconf 79' lang='lat' dir='ltr'><strong>confessione</strong></span> 
     </span>
    </p>
   </div>
   <div class='ocr_carea' id='block_1_36' title="bbox 372 1884 1948 1953">
    <p class='ocr_par' dir='ltr' id='par_1_36' title="bbox 372 1884 1948 1953">
     <span class='ocr_line' id='line_1_36' title="bbox 372 1884 1948 1953; baseline -0.001 -9"><span class='ocrx_word' id='word_1_211' title='bbox 372 1887 669 1953; x_wconf 87' lang='lat' dir='ltr'><strong>consentit,</strong></span> <span class='ocrx_word' id='word_1_212' title='bbox 710 1893 768 1941; x_wconf 91' lang='lat' dir='ltr'><strong>et</strong></span> <span class='ocrx_word' id='word_1_213' title='bbox 808 1884 1119 1941; x_wconf 84' lang='lat' dir='ltr'><strong>communis</strong></span> <span class='ocrx_word' id='word_1_214' title='bbox 1159 1884 1406 1953; x_wconf 68' lang='lat' dir='ltr'><strong>quaedam</strong></span> <span class='ocrx_word' id='word_1_215' title='bbox 1450 1886 1705 1941; x_wconf 86' lang='lat' dir='ltr'><strong>columna</strong></span> <span class='ocrx_word' id='word_1_216' title='bbox 1736 1896 1820 1942; x_wconf 81' lang='lat' dir='ltr'><strong>est</strong></span> <span class='ocrx_word' id='word_1_217' title='bbox 1851 1887 1948 1942; x_wconf 86' lang='lat' dir='ltr'><strong>ad-</strong></span> 
     </span>
    </p>
   </div>
   <div class='ocr_carea' id='block_1_37' title="bbox 371 1974 1942 2047">
    <p class='ocr_par' dir='ltr' id='par_1_37' title="bbox 371 1974 1942 2047">
     <span class='ocr_line' id='line_1_37' title="bbox 371 1974 1942 2047; baseline -0.003 -12"><span class='ocrx_word' id='word_1_218' title='bbox 371 1993 567 2035; x_wconf 86' lang='lat' dir='ltr'><strong>versus</strong></span> <span class='ocrx_word' id='word_1_219' title='bbox 588 1992 686 2032; x_wconf 87' lang='lat' dir='ltr'><strong>eos</strong></span> <span class='ocrx_word' id='word_1_220' title='bbox 709 1976 804 2046; x_wconf 91' lang='lat' dir='ltr'><strong>qui</strong></span> <span class='ocrx_word' id='word_1_221' title='bbox 825 1975 967 2030; x_wconf 87' lang='lat' dir='ltr'><strong>male</strong></span> <span class='ocrx_word' id='word_1_222' title='bbox 990 1974 1253 2040; x_wconf 85' lang='lat' dir='ltr'><strong>sentiunt,</strong></span> <span class='ocrx_word' id='word_1_223' title='bbox 1271 1975 1397 2045; x_wconf 83' lang='lat' dir='ltr'><strong>jure</strong></span> <span class='ocrx_word' id='word_1_224' title='bbox 1419 1976 1616 2031; x_wconf 89' lang='lat' dir='ltr'><strong>merito</strong></span> <span class='ocrx_word' id='word_1_225' title='bbox 1639 1978 1942 2047; x_wconf 79' lang='lat' dir='ltr'><strong>conjunxit,</strong></span> 
     </span>
    </p>
   </div>
   <div class='ocr_carea' id='block_1_38' title="bbox 372 2064 1948 2138">
    <p class='ocr_par' dir='ltr' id='par_1_38' title="bbox 372 2064 1948 2138">
     <span class='ocr_line' id='line_1_38' title="bbox 372 2064 1948 2138; baseline -0.001 -13"><span class='ocrx_word' id='word_1_226' title='bbox 372 2071 441 2125; x_wconf 88' lang='lat' dir='ltr'><strong>ad</strong></span> <span class='ocrx_word' id='word_1_227' title='bbox 466 2078 745 2127; x_wconf 88' lang='lat' dir='ltr'><strong>rectorum</strong></span> <span class='ocrx_word' id='word_1_228' title='bbox 769 2067 1084 2138; x_wconf 86' lang='lat' dir='ltr'><strong>dogmatum</strong></span> <span class='ocrx_word' id='word_1_229' title='bbox 1111 2066 1602 2122; x_wconf 82' lang='lat' dir='ltr'><strong>conﬁrmationem.</strong></span> <span class='ocrx_word' id='word_1_230' title='bbox 1633 2067 1768 2123; x_wconf 85' lang='lat' dir='ltr'><strong>Nam</strong></span> <span class='ocrx_word' id='word_1_231' title='bbox 1796 2064 1948 2125; x_wconf 63' lang='lat' dir='ltr'><strong>et&#39;iis</strong></span> 
     </span>
    </p>
   </div>
   <div class='ocr_carea' id='block_1_39' title="bbox 371 2156 1946 2231">
    <p class='ocr_par' dir='ltr' id='par_1_39' title="bbox 371 2156 1946 2231">
     <span class='ocr_line' id='line_1_39' title="bbox 371 2156 1946 2231; baseline -0.002 -15"><span class='ocrx_word' id='word_1_232' title='bbox 371 2163 467 2231; x_wconf 91' lang='lat' dir='ltr'><strong>qui</strong></span> <span class='ocrx_word' id='word_1_233' title='bbox 493 2157 921 2231; x_wconf 79' lang='lat' dir='ltr'><strong>dispensationis</strong></span> <span class='ocrx_word' id='word_1_234' title='bbox 949 2157 1273 2229; x_wconf 86' lang='lat' dir='ltr'><strong>mysterium</strong></span> <span class='ocrx_word' id='word_1_235' title='bbox 1303 2156 1356 2211; x_wconf 89' lang='lat' dir='ltr'><strong>in</strong></span> <span class='ocrx_word' id='word_1_236' title='bbox 1390 2156 1532 2212; x_wconf 88' lang='lat' dir='ltr'><strong>duos</strong></span> <span class='ocrx_word' id='word_1_237' title='bbox 1569 2156 1711 2213; x_wconf 78' lang='lat' dir='ltr'><strong>ﬁlios</strong></span> <span class='ocrx_word' id='word_1_238' title='bbox 1749 2158 1946 2213; x_wconf 86' lang='lat' dir='ltr'><strong>distra-</strong></span> 
     </span>
    </p>
   </div>
   <div class='ocr_carea' id='block_1_40' title="bbox 374 2247 1948 2320">
    <p class='ocr_par' dir='ltr' id='par_1_40' title="bbox 374 2247 1948 2320">
     <span class='ocr_line' id='line_1_40' title="bbox 374 2247 1948 2320; baseline -0.001 -13"><span class='ocrx_word' id='word_1_239' title='bbox 374 2255 504 2309; x_wconf 84' lang='lat' dir='ltr'><strong>here</strong></span> <span class='ocrx_word' id='word_1_240' title='bbox 524 2255 824 2315; x_wconf 82' lang='lat' dir='ltr'><strong>conautur&#39;,</strong></span> <span class='ocrx_word' id='word_1_241' title='bbox 850 2257 1121 2319; x_wconf 83' lang='lat' dir='ltr'><strong>repugnat</strong></span> <span class='ocrx_word' id='word_1_242' title='bbox 1156 2266 1171 2303; x_wconf 89' lang='lat'><strong>:</strong></span> <span class='ocrx_word' id='word_1_243' title='bbox 1205 2256 1261 2302; x_wconf 91' lang='lat' dir='ltr'><strong>et</strong></span> <span class='ocrx_word' id='word_1_244' title='bbox 1284 2262 1381 2303; x_wconf 90' lang='lat' dir='ltr'><strong>eos</strong></span> <span class='ocrx_word' id='word_1_245' title='bbox 1406 2248 1501 2317; x_wconf 91' lang='lat' dir='ltr'><strong>qui</strong></span> <span class='ocrx_word' id='word_1_246' title='bbox 1530 2247 1804 2320; x_wconf 87' lang='lat' dir='ltr'><strong>Unigeniti</strong></span> <span class='ocrx_word' id='word_1_247' title='bbox 1830 2249 1948 2306; x_wconf 89' lang='lat' dir='ltr'><strong>dei-</strong></span> 
     </span>
    </p>
   </div>
   <div class='ocr_carea' id='block_1_41' title="bbox 374 2339 1946 2414">
    <p class='ocr_par' dir='ltr' id='par_1_41' title="bbox 374 2339 1946 2414">
     <span class='ocr_line' id='line_1_41' title="bbox 374 2339 1946 2414; baseline -0.003 -14"><span class='ocrx_word' id='word_1_248' title='bbox 374 2355 539 2400; x_wconf 83' lang='lat' dir='ltr'><strong>tatem</strong></span> <span class='ocrx_word' id='word_1_249' title='bbox 568 2341 911 2414; x_wconf 88' lang='lat' dir='ltr'><strong>perpessioni</strong></span> <span class='ocrx_word' id='word_1_250' title='bbox 945 2339 1236 2396; x_wconf 65' lang='lat' dir='ltr'><strong>obnoxiam</strong></span> <span class='ocrx_word' id='word_1_251' title='bbox 1267 2339 1449 2394; x_wconf 87' lang='lat' dir='ltr'><strong>dicere</strong></span> <span class='ocrx_word' id='word_1_252' title='bbox 1473 2354 1584 2394; x_wconf 86' lang='lat' dir='ltr'><strong>non</strong></span> <span class='ocrx_word' id='word_1_253' title='bbox 1611 2349 1887 2406; x_wconf 85' lang='lat' dir='ltr'><strong>verentur,</strong></span> <span class='ocrx_word' id='word_1_254' title='bbox 1914 2357 1946 2395; x_wconf 92' lang='lat' dir='ltr'><strong>a</strong></span> 
     </span>
    </p>
   </div>
   <div class='ocr_carea' id='block_1_42' title="bbox 370 2429 1945 2502">
    <p class='ocr_par' dir='ltr' id='par_1_42' title="bbox 370 2429 1945 2502">
     <span class='ocr_line' id='line_1_42' title="bbox 370 2429 1945 2502; baseline -0.003 -12"><span class='ocrx_word' id='word_1_255' title='bbox 370 2443 647 2491; x_wconf 87' lang='lat' dir='ltr'><strong>conventu</strong></span> <span class='ocrx_word' id='word_1_256' title='bbox 695 2445 980 2487; x_wconf 88' lang='lat' dir='ltr'><strong>sacrorum</strong></span> <span class='ocrx_word' id='word_1_257' title='bbox 1019 2429 1243 2500; x_wconf 83' lang='lat' dir='ltr'><strong>expellit</strong></span> <span class='ocrx_word' id='word_1_258' title='bbox 1284 2446 1298 2483; x_wconf 89' lang='lat'><strong>:</strong></span> <span class='ocrx_word' id='word_1_259' title='bbox 1338 2429 1448 2486; x_wconf 88' lang='lat' dir='ltr'><strong>illis</strong></span> <span class='ocrx_word' id='word_1_260' title='bbox 1487 2445 1708 2501; x_wconf 87' lang='lat' dir='ltr'><strong>quoque</strong></span> <span class='ocrx_word' id='word_1_261' title='bbox 1753 2431 1848 2502; x_wconf 90' lang='lat' dir='ltr'><strong>qui</strong></span> <span class='ocrx_word' id='word_1_262' title='bbox 1889 2433 1945 2486; x_wconf 94' lang='lat' dir='ltr'><strong>in</strong></span> 
     </span>
    </p>
   </div>
   <div class='ocr_carea' id='block_1_43' title="bbox 372 2521 1945 2581">
    <p class='ocr_par' dir='ltr' id='par_1_43' title="bbox 372 2521 1945 2581">
     <span class='ocr_line' id='line_1_43' title="bbox 372 2521 1945 2581; baseline -0.001 -1"><span class='ocrx_word' id='word_1_263' title='bbox 372 2527 589 2581; x_wconf 84' lang='lat' dir='ltr'><strong>duabus</strong></span> <span class='ocrx_word' id='word_1_264' title='bbox 616 2522 822 2579; x_wconf 84' lang='lat' dir='ltr'><strong>Christi</strong></span> <span class='ocrx_word' id='word_1_265' title='bbox 849 2521 1061 2576; x_wconf 87' lang='lat' dir='ltr'><strong>naturis</strong></span> <span class='ocrx_word' id='word_1_266' title='bbox 1099 2521 1411 2576; x_wconf 88' lang='lat' dir='ltr'><strong>mistionem</strong></span> <span class='ocrx_word' id='word_1_267' title='bbox 1439 2536 1536 2577; x_wconf 89' lang='lat' dir='ltr'><strong>seu</strong></span> <span class='ocrx_word' id='word_1_268' title='bbox 1566 2522 1945 2578; x_wconf 79' lang='lat' dir='ltr'><strong>confusionem</strong></span> 
     </span>
    </p>
   </div>
   <div class='ocr_carea' id='block_1_44' title="bbox 371 2612 1945 2683">
    <p class='ocr_par' dir='ltr' id='par_1_44' title="bbox 371 2612 1945 2683">
     <span class='ocr_line' id='line_1_44' title="bbox 371 2612 1945 2683; baseline -0.002 -10"><span class='ocrx_word' id='word_1_269' title='bbox 371 2616 895 2679; x_wconf 84' lang='lat' dir='ltr'><strong>comminiscuntur,</strong></span> <span class='ocrx_word' id='word_1_270' title='bbox 942 2612 1154 2668; x_wconf 87' lang='lat' dir='ltr'><strong>resistit</strong></span> <span class='ocrx_word' id='word_1_271' title='bbox 1200 2630 1213 2666; x_wconf 88' lang='lat'><strong>:</strong></span> <span class='ocrx_word' id='word_1_272' title='bbox 1250 2628 1348 2668; x_wconf 87' lang='lat' dir='ltr'><strong>eos</strong></span> <span class='ocrx_word' id='word_1_273' title='bbox 1395 2613 1525 2669; x_wconf 88' lang='lat' dir='ltr'><strong>item</strong></span> <span class='ocrx_word' id='word_1_274' title='bbox 1574 2614 1669 2683; x_wconf 92' lang='lat' dir='ltr'><strong>qui</strong></span> <span class='ocrx_word' id='word_1_275' title='bbox 1714 2614 1945 2670; x_wconf 80' lang='lat' dir='ltr'><strong>formam</strong></span> 
     </span>
    </p>
   </div>
   <div class='ocr_carea' id='block_1_45' title="bbox 372 2703 1946 2777">
    <p class='ocr_par' dir='ltr' id='par_1_45' title="bbox 372 2703 1946 2777">
     <span class='ocr_line' id='line_1_45' title="bbox 372 2703 1946 2777; baseline -0.003 -13"><span class='ocrx_word' id='word_1_276' title='bbox 372 2710 517 2765; x_wconf 86' lang='lat' dir='ltr'><strong>servi</strong></span> <span class='ocrx_word' id='word_1_277' title='bbox 557 2722 723 2777; x_wconf 84' lang='lat' dir='ltr'><strong>quam</strong></span> <span class='ocrx_word' id='word_1_278' title='bbox 767 2706 858 2761; x_wconf 91' lang='lat' dir='ltr'><strong>ille</strong></span> <span class='ocrx_word' id='word_1_279' title='bbox 904 2720 973 2760; x_wconf 84' lang='lat' dir='ltr'><strong>ex</strong></span> <span class='ocrx_word' id='word_1_280' title='bbox 1018 2703 1179 2760; x_wconf 90' lang='lat' dir='ltr'><strong>nobis</strong></span> <span class='ocrx_word' id='word_1_281' title='bbox 1221 2705 1546 2775; x_wconf 87' lang='lat' dir='ltr'><strong>assumpsit,</strong></span> <span class='ocrx_word' id='word_1_282' title='bbox 1586 2706 1825 2761; x_wconf 66' lang='lat' dir='ltr'><strong>caelestis</strong></span> <span class='ocrx_word' id='word_1_283' title='bbox 1852 2714 1946 2760; x_wconf 87' lang='lat' dir='ltr'><strong>aut</strong></span> 
     </span>
    </p>
   </div>
   <div class='ocr_carea' id='block_1_46' title="bbox 370 2794 1942 2870">
    <p class='ocr_par' dir='ltr' id='par_1_46' title="bbox 370 2794 1942 2870">
     <span class='ocr_line' id='line_1_46' title="bbox 370 2794 1942 2870; baseline -0.003 -15"><span class='ocrx_word' id='word_1_284' title='bbox 370 2801 602 2855; x_wconf 87' lang='lat' dir='ltr'><strong>alterius</strong></span> <span class='ocrx_word' id='word_1_285' title='bbox 627 2797 933 2870; x_wconf 69' lang='lat' dir='ltr'><strong>cuiuspiam</strong></span> <span class='ocrx_word' id='word_1_286' title='bbox 959 2795 1281 2852; x_wconf 80' lang='lat' dir='ltr'><strong>substantiae</strong></span> <span class='ocrx_word' id='word_1_287' title='bbox 1311 2810 1432 2852; x_wconf 90' lang='lat' dir='ltr'><strong>esse</strong></span> <span class='ocrx_word' id='word_1_288' title='bbox 1473 2794 1731 2861; x_wconf 87' lang='lat' dir='ltr'><strong>delirant,</strong></span> <span class='ocrx_word' id='word_1_289' title='bbox 1773 2796 1942 2866; x_wconf 87' lang='lat' dir='ltr'><strong>cjicit.</strong></span> 
     </span>
    </p>
   </div>
   <div class='ocr_carea' id='block_1_47' title="bbox 370 2888 1946 2962">
    <p class='ocr_par' dir='ltr' id='par_1_47' title="bbox 370 2888 1946 2962">
     <span class='ocr_line' id='line_1_47' title="bbox 370 2888 1946 2962; baseline -0.003 -15"><span class='ocrx_word' id='word_1_290' title='bbox 370 2893 498 2947; x_wconf 89' lang='lat' dir='ltr'><strong>lllos</strong></span> <span class='ocrx_word' id='word_1_291' title='bbox 528 2891 767 2962; x_wconf 89' lang='lat' dir='ltr'><strong>denique</strong></span> <span class='ocrx_word' id='word_1_292' title='bbox 798 2890 892 2960; x_wconf 93' lang='lat' dir='ltr'><strong>qui</strong></span> <span class='ocrx_word' id='word_1_293' title='bbox 932 2899 1060 2945; x_wconf 87' lang='lat' dir='ltr'><strong>ante</strong></span> <span class='ocrx_word' id='word_1_294' title='bbox 1093 2889 1398 2944; x_wconf 88' lang='lat' dir='ltr'><strong>unitioucm</strong></span> <span class='ocrx_word' id='word_1_295' title='bbox 1427 2888 1648 2959; x_wconf 88' lang='lat' dir='ltr'><strong>quidem</strong></span> <span class='ocrx_word' id='word_1_296' title='bbox 1675 2889 1811 2944; x_wconf 87' lang='lat' dir='ltr'><strong>duas</strong></span> <span class='ocrx_word' id='word_1_297' title='bbox 1840 2889 1946 2943; x_wconf 87' lang='lat' dir='ltr'><strong>Do-</strong></span> 
     </span>
    </p>
   </div>
   <div class='ocr_carea' id='block_1_48' title="bbox 369 2982 1946 3052">
    <p class='ocr_par' dir='ltr' id='par_1_48' title="bbox 369 2982 1946 3052">
     <span class='ocr_line' id='line_1_48' title="bbox 369 2982 1946 3052; baseline -0.001 -14"><span class='ocrx_word' id='word_1_298' title='bbox 369 2985 508 3039; x_wconf 88' lang='lat' dir='ltr'><strong>mini</strong></span> <span class='ocrx_word' id='word_1_299' title='bbox 558 2994 785 3038; x_wconf 84' lang='lat' dir='ltr'><strong>naturas</strong></span> <span class='ocrx_word' id='word_1_300' title='bbox 832 2982 1171 3047; x_wconf 79' lang='lat' dir='ltr'><strong>fabulantur,</strong></span> <span class='ocrx_word' id='word_1_301' title='bbox 1221 2996 1385 3036; x_wconf 88' lang='lat' dir='ltr'><strong>unam</strong></span> <span class='ocrx_word' id='word_1_302' title='bbox 1418 2997 1548 3037; x_wconf 90' lang='lat' dir='ltr'><strong>vero</strong></span> <span class='ocrx_word' id='word_1_303' title='bbox 1581 2989 1706 3052; x_wconf 88' lang='lat' dir='ltr'><strong>post</strong></span> <span class='ocrx_word' id='word_1_304' title='bbox 1741 2982 1946 3036; x_wconf 88' lang='lat' dir='ltr'><strong>unitio-</strong></span> 
     </span>
    </p>
   </div>
   <div class='ocr_carea' id='block_1_49' title="bbox 366 3072 1944 3144">
    <p class='ocr_par' dir='ltr' id='par_1_49' title="bbox 366 3072 1944 3144">
     <span class='ocr_line' id='line_1_49' title="bbox 366 3072 1944 3144; baseline 0 -16"><span class='ocrx_word' id='word_1_305' title='bbox 366 3090 495 3129; x_wconf 88' lang='lat' dir='ltr'><strong>nem</strong></span> <span class='ocrx_word' id='word_1_306' title='bbox 530 3074 701 3128; x_wconf 83' lang='lat' dir='ltr'><strong>fuisse</strong></span> <span class='ocrx_word' id='word_1_307' title='bbox 736 3072 1076 3143; x_wconf 79' lang='lat' dir='ltr'><strong>contingunt,</strong></span> <span class='ocrx_word' id='word_1_308' title='bbox 1117 3073 1467 3129; x_wconf 85' lang='lat' dir='ltr'><strong>anathemate</strong></span> <span class='ocrx_word' id='word_1_309' title='bbox 1508 3074 1775 3144; x_wconf 85' lang='lat' dir='ltr'><strong>percellit.</strong></span> <span class='ocrx_word' id='word_1_310' title='bbox 1808 3074 1944 3129; x_wconf 86' lang='lat' dir='ltr'><strong>San-</strong></span> 
     </span>
    </p>
   </div>
   <div class='ocr_carea' id='block_1_50' title="bbox 369 3163 1942 3234">
    <p class='ocr_par' dir='ltr' id='par_1_50' title="bbox 369 3163 1942 3234">
     <span class='ocr_line' id='line_1_50' title="bbox 369 3163 1942 3234; baseline 0.001 -16"><span class='ocrx_word' id='word_1_311' title='bbox 369 3174 587 3218; x_wconf 86' lang='lat' dir='ltr'><strong>ctorum</strong></span> <span class='ocrx_word' id='word_1_312' title='bbox 633 3163 801 3233; x_wconf 86' lang='lat' dir='ltr'><strong>igitur</strong></span> <span class='ocrx_word' id='word_1_313' title='bbox 828 3163 1053 3218; x_wconf 86' lang='lat' dir='ltr'><strong>Patrum</strong></span> <span class='ocrx_word' id='word_1_314' title='bbox 1100 3164 1345 3234; x_wconf 80' lang='lat' dir='ltr'><strong>vestigiis</strong></span> <span class='ocrx_word' id='word_1_315' title='bbox 1389 3163 1727 3229; x_wconf 87' lang='lat' dir='ltr'><strong>insistentes,</strong></span> <span class='ocrx_word' id='word_1_316' title='bbox 1772 3181 1942 3219; x_wconf 91' lang='lat' dir='ltr'><strong>unum</strong></span> 
     </span>
    </p>
   </div>
   <div class='ocr_carea' id='block_1_51' title="bbox 367 3253 1940 3330">
    <p class='ocr_par' dir='ltr' id='par_1_51' title="bbox 367 3253 1940 3330">
     <span class='ocr_line' id='line_1_51' title="bbox 367 3253 1940 3330; baseline 0.001 -21"><span class='ocrx_word' id='word_1_317' title='bbox 367 3253 734 3330; x_wconf 83' lang='lat' dir='ltr'><strong>eumdemque</strong></span> <span class='ocrx_word' id='word_1_318' title='bbox 789 3253 989 3308; x_wconf 85' lang='lat' dir='ltr'><strong>Filium</strong></span> <span class='ocrx_word' id='word_1_319' title='bbox 1047 3254 1298 3309; x_wconf 79' lang='lat' dir='ltr'><strong>conﬁteri</strong></span> <span class='ocrx_word' id='word_1_320' title='bbox 1345 3265 1601 3326; x_wconf 88' lang='lat' dir='ltr'><strong>oportere</strong></span> <span class='ocrx_word' id='word_1_321' title='bbox 1653 3256 1940 3310; x_wconf 89' lang='lat' dir='ltr'><strong>Dominum</strong></span> 
     </span>
    </p>
   </div>
   <div class='ocr_carea' id='block_1_52' title="bbox 367 3344 1945 3412">
    <p class='ocr_par' dir='ltr' id='par_1_52' title="bbox 367 3344 1945 3412">
     <span class='ocr_line' id='line_1_52' title="bbox 367 3344 1945 3412; baseline 0.002 -10"><span class='ocrx_word' id='word_1_322' title='bbox 367 3355 617 3402; x_wconf 87' lang='lat' dir='ltr'><strong>nostrum</strong></span> <span class='ocrx_word' id='word_1_323' title='bbox 638 3347 825 3403; x_wconf 86' lang='lat' dir='ltr'><strong>Jesum</strong></span> <span class='ocrx_word' id='word_1_324' title='bbox 851 3344 1160 3412; x_wconf 87' lang='lat' dir='ltr'><strong>Christum,</strong></span> <span class='ocrx_word' id='word_1_325' title='bbox 1192 3363 1301 3402; x_wconf 86' lang='lat' dir='ltr'><strong>uno</strong></span> <span class='ocrx_word' id='word_1_326' title='bbox 1331 3362 1602 3404; x_wconf 87' lang='lat' dir='ltr'><strong>consensu</strong></span> <span class='ocrx_word' id='word_1_327' title='bbox 1627 3363 1818 3405; x_wconf 76' lang='lat' dir='ltr'><strong>omnes</strong></span> <span class='ocrx_word' id='word_1_328' title='bbox 1846 3350 1945 3405; x_wconf 91' lang='lat' dir='ltr'><strong>do-</strong></span> 
     </span>
    </p>
   </div>
   <div class='ocr_carea' id='block_1_53' title="bbox 366 3437 1942 3508">
    <p class='ocr_par' dir='ltr' id='par_1_53' title="bbox 366 3437 1942 3508">
     <span class='ocr_line' id='line_1_53' title="bbox 366 3437 1942 3508; baseline 0.001 -15"><span class='ocrx_word' id='word_1_329' title='bbox 366 3453 591 3505; x_wconf 85' lang='lat' dir='ltr'><strong>cemus;</strong></span> <span class='ocrx_word' id='word_1_330' title='bbox 622 3437 878 3494; x_wconf 87' lang='lat' dir='ltr'><strong>eumdem</strong></span> <span class='ocrx_word' id='word_1_331' title='bbox 906 3438 1212 3508; x_wconf 74' lang='lat' dir='ltr'><strong>perfectum</strong></span> <span class='ocrx_word' id='word_1_332' title='bbox 1248 3438 1305 3493; x_wconf 90' lang='lat' dir='ltr'><strong>in</strong></span> <span class='ocrx_word' id='word_1_333' title='bbox 1344 3438 1571 3507; x_wconf 89' lang='lat' dir='ltr'><strong>deitate,</strong></span> <span class='ocrx_word' id='word_1_334' title='bbox 1600 3449 1658 3496; x_wconf 88' lang='lat' dir='ltr'><strong>et</strong></span> <span class='ocrx_word' id='word_1_335' title='bbox 1689 3440 1942 3496; x_wconf 88' lang='lat' dir='ltr'><strong>eumdem</strong></span> 
     </span>
    </p>
   </div>
   <div class='ocr_carea' id='block_1_54' title="bbox 367 3527 1945 3599">
    <p class='ocr_par' dir='ltr' id='par_1_54' title="bbox 367 3527 1945 3599">
     <span class='ocr_line' id='line_1_54' title="bbox 367 3527 1945 3599; baseline 0.002 -15"><span class='ocrx_word' id='word_1_336' title='bbox 367 3529 675 3599; x_wconf 75' lang='lat' dir='ltr'><strong>perfectum</strong></span> <span class='ocrx_word' id='word_1_337' title='bbox 704 3529 763 3584; x_wconf 87' lang='lat' dir='ltr'><strong>iu</strong></span> <span class='ocrx_word' id='word_1_338' title='bbox 788 3527 1132 3585; x_wconf 87' lang='lat' dir='ltr'><strong>humanitate</strong></span> <span class='ocrx_word' id='word_1_339' title='bbox 1157 3546 1171 3582; x_wconf 86' lang='lat'><strong>:</strong></span> <span class='ocrx_word' id='word_1_340' title='bbox 1196 3543 1325 3584; x_wconf 86' lang='lat' dir='ltr'><strong>vere</strong></span> <span class='ocrx_word' id='word_1_341' title='bbox 1354 3529 1546 3597; x_wconf 87' lang='lat' dir='ltr'><strong>Deum,</strong></span> <span class='ocrx_word' id='word_1_342' title='bbox 1577 3538 1633 3585; x_wconf 91' lang='lat' dir='ltr'><strong>et</strong></span> <span class='ocrx_word' id='word_1_343' title='bbox 1679 3546 1803 3586; x_wconf 87' lang='lat' dir='ltr'><strong>vere</strong></span> <span class='ocrx_word' id='word_1_344' title='bbox 1846 3532 1945 3587; x_wconf 89' lang='lat' dir='ltr'><strong>ho-</strong></span> 
     </span>
    </p>
   </div>
   <div class='ocr_carea' id='block_1_55' title="bbox 368 3620 1994 3697">
    <p class='ocr_par' dir='ltr' id='par_1_55' title="bbox 368 3620 1994 3697">
     <span class='ocr_line' id='line_1_55' title="bbox 368 3620 1994 3697; baseline 0.002 -21"><span class='ocrx_word' id='word_1_345' title='bbox 368 3622 571 3676; x_wconf 87' lang='lat' dir='ltr'><strong>minem</strong></span> <span class='ocrx_word' id='word_1_346' title='bbox 592 3620 872 3688; x_wconf 87' lang='lat' dir='ltr'><strong>eumdem,</strong></span> <span class='ocrx_word' id='word_1_347' title='bbox 908 3634 976 3676; x_wconf 82' lang='lat' dir='ltr'><strong>ex</strong></span> <span class='ocrx_word' id='word_1_348' title='bbox 1008 3622 1193 3677; x_wconf 90' lang='lat' dir='ltr'><strong>anima</strong></span> <span class='ocrx_word' id='word_1_349' title='bbox 1229 3623 1483 3678; x_wconf 87' lang='lat' dir='ltr'><strong>rationali</strong></span> <span class='ocrx_word' id='word_1_350' title='bbox 1516 3630 1860 3679; x_wconf 86' lang='lat' dir='ltr'><strong>constantem</strong></span> <span class='ocrx_word' id='word_1_351' title='bbox 1888 3632 1944 3680; x_wconf 89' lang='lat' dir='ltr'><strong>et</strong></span> <span class='ocrx_word' id='word_1_352' title='bbox 1979 3684 1994 3697; x_wconf 62' lang='grc'><strong>,</strong></span> 
     </span>
    </p>
   </div>
   <div class='ocr_carea' id='block_1_56' title="bbox 365 3716 1945 3785">
    <p class='ocr_par' dir='ltr' id='par_1_56' title="bbox 365 3716 1945 3785">
     <span class='ocr_line' id='line_1_56' title="bbox 365 3716 1945 3785; baseline 0.002 -14"><span class='ocrx_word' id='word_1_353' title='bbox 365 3730 597 3785; x_wconf 89' lang='lat' dir='ltr'><strong>corpore</strong></span> <span class='ocrx_word' id='word_1_354' title='bbox 625 3732 639 3768; x_wconf 89' lang='lat'><strong>:</strong></span> <span class='ocrx_word' id='word_1_355' title='bbox 667 3716 1194 3771; x_wconf 88' lang='lat' dir='ltr'><strong>consubstantialem</strong></span> <span class='ocrx_word' id='word_1_356' title='bbox 1239 3717 1390 3772; x_wconf 88' lang='lat' dir='ltr'><strong>Patri</strong></span> <span class='ocrx_word' id='word_1_357' title='bbox 1430 3718 1733 3773; x_wconf 87' lang='lat' dir='ltr'><strong>secundum</strong></span> <span class='ocrx_word' id='word_1_358' title='bbox 1768 3717 1945 3774; x_wconf 87' lang='lat' dir='ltr'><strong>deita-</strong></span> 
     </span>
    </p>
   </div>
   <div class='ocr_carea' id='block_1_57' title="bbox 362 3806 1941 3872">
    <p class='ocr_par' dir='ltr' id='par_1_57' title="bbox 362 3806 1941 3872">
     <span class='ocr_line' id='line_1_57' title="bbox 362 3806 1941 3872; baseline 0.002 -10"><span class='ocrx_word' id='word_1_359' title='bbox 362 3818 500 3872; x_wconf 83' lang='lat' dir='ltr'><strong>tem,</strong></span> <span class='ocrx_word' id='word_1_360' title='bbox 532 3806 791 3861; x_wconf 87' lang='lat' dir='ltr'><strong>eumdem</strong></span> <span class='ocrx_word' id='word_1_361' title='bbox 823 3821 958 3863; x_wconf 88' lang='lat' dir='ltr'><strong>vero</strong></span> <span class='ocrx_word' id='word_1_362' title='bbox 996 3807 1157 3863; x_wconf 88' lang='lat' dir='ltr'><strong>nobis</strong></span> <span class='ocrx_word' id='word_1_363' title='bbox 1186 3808 1708 3864; x_wconf 84' lang='lat' dir='ltr'><strong>consubstantialem</strong></span> <span class='ocrx_word' id='word_1_364' title='bbox 1744 3824 1941 3865; x_wconf 82' lang='lat' dir='ltr'><strong>secun-</strong></span> 
     </span>
    </p>
   </div>
   <div class='ocr_carea' id='block_1_58' title="bbox 362 3896 1942 3968">
    <p class='ocr_par' dir='ltr' id='par_1_58' title="bbox 362 3896 1942 3968">
     <span class='ocr_line' id='line_1_58' title="bbox 362 3896 1942 3968; baseline 0.003 -19"><span class='ocrx_word' id='word_1_365' title='bbox 362 3896 498 3950; x_wconf 88' lang='lat' dir='ltr'><strong>dum</strong></span> <span class='ocrx_word' id='word_1_366' title='bbox 528 3896 971 3952; x_wconf 89' lang='lat' dir='ltr'><strong>humanitatem:</strong></span> <span class='ocrx_word' id='word_1_367' title='bbox 998 3912 1097 3968; x_wconf 88' lang='lat' dir='ltr'><strong>per</strong></span> <span class='ocrx_word' id='word_1_368' title='bbox 1139 3898 1323 3952; x_wconf 88' lang='lat' dir='ltr'><strong>omnia</strong></span> <span class='ocrx_word' id='word_1_369' title='bbox 1369 3898 1602 3954; x_wconf 90' lang='lat' dir='ltr'><strong>similem</strong></span> <span class='ocrx_word' id='word_1_370' title='bbox 1632 3898 1811 3963; x_wconf 85' lang='lat' dir='ltr'><strong>nobis,</strong></span> <span class='ocrx_word' id='word_1_371' title='bbox 1845 3914 1942 3954; x_wconf 80' lang='lat' dir='ltr'><strong>ex-</strong></span> 
     </span>
    </p>
   </div>
   <div class='ocr_carea' id='block_1_59' title="bbox 358 3989 1944 4060">
    <p class='ocr_par' dir='ltr' id='par_1_59' title="bbox 358 3989 1944 4060">
     <span class='ocr_line' id='line_1_59' title="bbox 358 3989 1944 4060; baseline 0.001 -19"><span class='ocrx_word' id='word_1_372' title='bbox 358 3994 526 4056; x_wconf 85' lang='lat' dir='ltr'><strong>cepto</strong></span> <span class='ocrx_word' id='word_1_373' title='bbox 570 3995 796 4059; x_wconf 67' lang='lat' dir='ltr'><strong>peccato</strong></span> <span class='ocrx_word' id='word_1_374' title='bbox 833 4005 848 4041; x_wconf 91' lang='lat'><strong>:</strong></span> <span class='ocrx_word' id='word_1_375' title='bbox 892 3997 1020 4044; x_wconf 89' lang='lat' dir='ltr'><strong>ante</strong></span> <span class='ocrx_word' id='word_1_376' title='bbox 1070 3989 1269 4044; x_wconf 65' lang='lat' dir='ltr'><strong>saecula</strong></span> <span class='ocrx_word' id='word_1_377' title='bbox 1316 3989 1538 4059; x_wconf 88' lang='lat' dir='ltr'><strong>quidem</strong></span> <span class='ocrx_word' id='word_1_378' title='bbox 1589 3990 1832 4060; x_wconf 87' lang='lat' dir='ltr'><strong>genitum</strong></span> <span class='ocrx_word' id='word_1_379' title='bbox 1874 4005 1944 4045; x_wconf 75' lang='lat' dir='ltr'><strong>ex</strong></span> 
     </span>
    </p>
   </div>
   <div class='ocr_carea' id='block_1_60' title="bbox 363 4078 1944 4135">
    <p class='ocr_par' dir='ltr' id='par_1_60' title="bbox 363 4078 1944 4135">
     <span class='ocr_line' id='line_1_60' title="bbox 363 4078 1944 4135; baseline 0.001 -4"><span class='ocrx_word' id='word_1_380' title='bbox 363 4078 527 4131; x_wconf 72' lang='lat' dir='ltr'><strong>Patre</strong></span> <span class='ocrx_word' id='word_1_381' title='bbox 556 4078 860 4133; x_wconf 87' lang='lat' dir='ltr'><strong>secundum</strong></span> <span class='ocrx_word' id='word_1_382' title='bbox 889 4079 1155 4135; x_wconf 89' lang='lat' dir='ltr'><strong>Dcitatem</strong></span> <span class='ocrx_word' id='word_1_383' title='bbox 1184 4097 1197 4133; x_wconf 87' lang='lat'>:</span> <span class='ocrx_word' id='word_1_384' title='bbox 1228 4080 1282 4134; x_wconf 87' lang='lat' dir='ltr'><strong>in</strong></span> <span class='ocrx_word' id='word_1_385' title='bbox 1311 4081 1574 4135; x_wconf 81' lang='lat' dir='ltr'><strong>extremis</strong></span> <span class='ocrx_word' id='word_1_386' title='bbox 1598 4089 1781 4134; x_wconf 89' lang='lat' dir='ltr'><strong>autem</strong></span> <span class='ocrx_word' id='word_1_387' title='bbox 1808 4089 1944 4133; x_wconf 89' lang='lat' dir='ltr'><strong>tem-</strong></span> 
     </span>
    </p>
   </div>
   <div class='ocr_carea' id='block_1_61' title="bbox 248 4169 1943 4241">
    <p class='ocr_par' dir='ltr' id='par_1_61' title="bbox 248 4169 1943 4241">
     <span class='ocr_line' id='line_1_61' title="bbox 248 4169 1943 4241; baseline 0.002 -20"><span class='ocrx_word' id='word_1_388' title='bbox 248 4206 261 4211; x_wconf 70' lang='lat'><strong>-</strong></span> <span class='ocrx_word' id='word_1_389' title='bbox 363 4169 595 4241; x_wconf 71' lang='lat' dir='ltr'><strong>por-ibus</strong></span> <span class='ocrx_word' id='word_1_390' title='bbox 641 4169 897 4224; x_wconf 84' lang='lat' dir='ltr'><strong>eumder‘n</strong></span> <span class='ocrx_word' id='word_1_391' title='bbox 939 4180 1165 4241; x_wconf 87' lang='lat' dir='ltr'><strong>propter</strong></span> <span class='ocrx_word' id='word_1_392' title='bbox 1196 4186 1298 4226; x_wconf 85' lang='lat' dir='ltr'><strong>nos</strong></span> <span class='ocrx_word' id='word_1_393' title='bbox 1342 4181 1398 4226; x_wconf 90' lang='lat' dir='ltr'><strong>et</strong></span> <span class='ocrx_word' id='word_1_394' title='bbox 1430 4182 1655 4241; x_wconf 85' lang='lat' dir='ltr'><strong>propter</strong></span> <span class='ocrx_word' id='word_1_395' title='bbox 1698 4180 1943 4225; x_wconf 88' lang='lat' dir='ltr'><strong>nostram</strong></span> 
     </span>
    </p>
   </div>
   <div class='ocr_carea' id='block_1_62' title="bbox 2045 1794 3626 1869">
    <p class='ocr_par' dir='ltr' id='par_1_62' title="bbox 2045 1794 3626 1869">
     <span class='ocr_line' id='line_1_62' title="bbox 2045 1794 3626 1869; baseline 0.005 -24"><span class='ocrx_word' id='word_1_396' title='bbox 2045 1794 2472 1863; x_wconf 78' lang='grc' dir='ltr'><strong>ἁρχιεπίσκοπον</strong></span> <span class='ocrx_word' id='word_1_397' title='bbox 2519 1795 2816 1851; x_wconf 77' lang='grc' dir='ltr'><strong>Φλαϐιανὸν</strong></span> <span class='ocrx_word' id='word_1_398' title='bbox 2863 1798 2949 1850; x_wconf 79' lang='grc' dir='ltr'><strong>ἐπ’</strong></span> <span class='ocrx_word' id='word_1_399' title='bbox 2975 1799 3253 1869; x_wconf 81' lang='grc' dir='ltr'><strong>ἀναιρέσει</strong></span> <span class='ocrx_word' id='word_1_400' title='bbox 3301 1799 3399 1868; x_wconf 76' lang='grc' dir='ltr'><strong>τῆς</strong></span> <span class='ocrx_word' id='word_1_401' title='bbox 3447 1800 3626 1853; x_wconf 66' lang='lat' dir='ltr'><strong>E610-</strong></span> 
     </span>
    </p>
   </div>
   <div class='ocr_carea' id='block_1_63' title="bbox 2044 1884 3622 1962">
    <p class='ocr_par' dir='ltr' id='par_1_63' title="bbox 2044 1884 3622 1962">
     <span class='ocr_line' id='line_1_63' title="bbox 2044 1884 3622 1962; baseline 0.006 -26"><span class='ocrx_word' id='word_1_402' title='bbox 2044 1884 2172 1953; x_wconf 84' lang='grc' dir='ltr'><strong>χοῦς</strong></span> <span class='ocrx_word' id='word_1_403' title='bbox 2201 1886 2504 1952; x_wconf 75' lang='grc' dir='ltr'><strong>κακονοίας,</strong></span> <span class='ocrx_word' id='word_1_404' title='bbox 2558 1887 2750 1957; x_wconf 74' lang='grc' dir='ltr'><strong>ἥντινα</strong></span> <span class='ocrx_word' id='word_1_405' title='bbox 2782 1892 2847 1961; x_wconf 75' lang='grc' dir='ltr'><strong>τῇ</strong></span> <span class='ocrx_word' id='word_1_406' title='bbox 2874 1889 2966 1943; x_wconf 87' lang='grc' dir='ltr'><strong>τοῦ</strong></span> <span class='ocrx_word' id='word_1_407' title='bbox 2998 1891 3237 1958; x_wconf 77' lang='grc' dir='ltr'><strong>μεγάλου</strong></span> <span class='ocrx_word' id='word_1_408' title='bbox 3266 1892 3475 1961; x_wconf 80' lang='grc' dir='ltr'><strong>Πέτρου</strong></span> <span class='ocrx_word' id='word_1_409' title='bbox 3503 1890 3622 1962; x_wconf 79' lang='lat'><strong>(37)</strong></span> 
     </span>
    </p>
   </div>
   <div class='ocr_carea' id='block_1_64' title="bbox 2046 1973 3620 2054">
    <p class='ocr_par' dir='ltr' id='par_1_64' title="bbox 2046 1973 3620 2054">
     <span class='ocr_line' id='line_1_64' title="bbox 2046 1973 3620 2054; baseline 0.008 -28"><span class='ocrx_word' id='word_1_410' title='bbox 2046 1973 2305 2047; x_wconf 70' lang='grc' dir='ltr'><strong>ὁμολογίᾳ</strong></span> <span class='ocrx_word' id='word_1_411' title='bbox 2344 1977 2776 2048; x_wconf 76' lang='grc' dir='ltr'><strong>συμϐαίνουσαν,</strong></span> <span class='ocrx_word' id='word_1_412' title='bbox 2811 1984 2993 2051; x_wconf 75' lang='grc' dir='ltr'><strong>κοινήν</strong></span> <span class='ocrx_word' id='word_1_413' title='bbox 3022 1999 3146 2036; x_wconf 89' lang='grc' dir='ltr'><strong>τινα</strong></span> <span class='ocrx_word' id='word_1_414' title='bbox 3192 1983 3395 2053; x_wconf 74' lang='grc' dir='ltr'><strong>στήλην</strong></span> <span class='ocrx_word' id='word_1_415' title='bbox 3435 1983 3620 2054; x_wconf 73' lang='grc' dir='ltr'><strong>ὑπάρ-</strong></span> 
     </span>
    </p>
   </div>
   <div class='ocr_carea' id='block_1_65' title="bbox 2045 2069 3620 2145">
    <p class='ocr_par' dir='ltr' id='par_1_65' title="bbox 2045 2069 3620 2145">
     <span class='ocr_line' id='line_1_65' title="bbox 2045 2069 3620 2145; baseline 0.007 -29"><span class='ocrx_word' id='word_1_416' title='bbox 2045 2080 2247 2133; x_wconf 68' lang='grc' dir='ltr'><strong>χουσαν</strong></span> <span class='ocrx_word' id='word_1_417' title='bbox 2270 2069 2412 2122; x_wconf 84' lang='grc' dir='ltr'><strong>κατὰ</strong></span> <span class='ocrx_word' id='word_1_418' title='bbox 2434 2069 2543 2123; x_wconf 82' lang='grc' dir='ltr'><strong>τῶν</strong></span> <span class='ocrx_word' id='word_1_419' title='bbox 2571 2070 3024 2136; x_wconf 77' lang='grc' dir='ltr'><strong>κακοδοξοῦντων,</strong></span> <span class='ocrx_word' id='word_1_420' title='bbox 3056 2072 3280 2137; x_wconf 79' lang='grc' dir='ltr'><strong>εἰκότως</strong></span> <span class='ocrx_word' id='word_1_421' title='bbox 3307 2074 3620 2145; x_wconf 76' lang='grc' dir='ltr'><strong>συνήρμοσε</strong></span> 
     </span>
    </p>
   </div>
   <div class='ocr_carea' id='block_1_66' title="bbox 2046 2158 3619 2235">
    <p class='ocr_par' dir='ltr' id='par_1_66' title="bbox 2046 2158 3619 2235">
     <span class='ocr_line' id='line_1_66' title="bbox 2046 2158 3619 2235; baseline 0.004 -24"><span class='ocrx_word' id='word_1_422' title='bbox 2046 2158 2182 2228; x_wconf 77' lang='grc' dir='ltr'><strong>πρὸς</strong></span> <span class='ocrx_word' id='word_1_423' title='bbox 2211 2159 2310 2231; x_wconf 75' lang='grc' dir='ltr'><strong>τὴν</strong></span> <span class='ocrx_word' id='word_1_424' title='bbox 2355 2162 2463 2215; x_wconf 83' lang='grc' dir='ltr'><strong>τῶν</strong></span> <span class='ocrx_word' id='word_1_425' title='bbox 2504 2162 2679 2234; x_wconf 84' lang='grc' dir='ltr'><strong>ὀρθῶν</strong></span> <span class='ocrx_word' id='word_1_426' title='bbox 2715 2163 3000 2234; x_wconf 79' lang='grc' dir='ltr'><strong>δογμάτων</strong></span> <span class='ocrx_word' id='word_1_427' title='bbox 3051 2165 3363 2235; x_wconf 78' lang='grc' dir='ltr'><strong>βεὸαίωσιν.</strong></span> <span class='ocrx_word' id='word_1_428' title='bbox 3393 2167 3517 2229; x_wconf 80' lang='grc' dir='ltr'><strong>Τοῖς</strong></span> <span class='ocrx_word' id='word_1_429' title='bbox 3554 2181 3619 2218; x_wconf 80' lang='grc' dir='ltr'><strong>τε</strong></span> 
     </span>
    </p>
   </div>
   <div class='ocr_carea' id='block_1_67' title="bbox 2044 2250 3620 2329">
    <p class='ocr_par' dir='ltr' id='par_1_67' title="bbox 2044 2250 3620 2329">
     <span class='ocr_line' id='line_1_67' title="bbox 2044 2250 3620 2329; baseline 0.003 -26"><span class='ocrx_word' id='word_1_430' title='bbox 2044 2250 2153 2321; x_wconf 83' lang='grc' dir='ltr'><strong>γὰρ</strong></span> <span class='ocrx_word' id='word_1_431' title='bbox 2176 2253 2255 2315; x_wconf 88' lang='grc' dir='ltr'><strong>είς</strong></span> <span class='ocrx_word' id='word_1_432' title='bbox 2280 2253 2412 2306; x_wconf 84' lang='grc' dir='ltr'><strong>υἱῶν</strong></span> <span class='ocrx_word' id='word_1_433' title='bbox 2441 2254 2606 2309; x_wconf 84' lang='grc' dir='ltr'><strong>δυάδα</strong></span> <span class='ocrx_word' id='word_1_434' title='bbox 2644 2255 2704 2309; x_wconf 78' lang='grc' dir='ltr'><strong>τὸ</strong></span> <span class='ocrx_word' id='word_1_435' title='bbox 2733 2256 2833 2326; x_wconf 86' lang='grc' dir='ltr'><strong>τῆς</strong></span> <span class='ocrx_word' id='word_1_436' title='bbox 2872 2257 3186 2326; x_wconf 76' lang='grc' dir='ltr'><strong>οἰκονομίας</strong></span> <span class='ocrx_word' id='word_1_437' title='bbox 3227 2257 3462 2329; x_wconf 79' lang='grc' dir='ltr'><strong>διασπᾷν</strong></span> <span class='ocrx_word' id='word_1_438' title='bbox 3493 2259 3620 2308; x_wconf 79' lang='grc' dir='ltr'><strong>ἑπι-</strong></span> 
     </span>
    </p>
   </div>
   <div class='ocr_carea' id='block_1_68' title="bbox 2045 2343 3619 2417">
    <p class='ocr_par' dir='ltr' id='par_1_68' title="bbox 2045 2343 3619 2417">
     <span class='ocr_line' id='line_1_68' title="bbox 2045 2343 3619 2417; baseline 0.006 -23"><span class='ocrx_word' id='word_1_439' title='bbox 2045 2343 2288 2414; x_wconf 87' lang='grc' dir='ltr'><strong>χειροῦσι</strong></span> <span class='ocrx_word' id='word_1_440' title='bbox 2325 2347 2620 2417; x_wconf 85' lang='grc' dir='ltr'><strong>μυστήριον</strong></span> <span class='ocrx_word' id='word_1_441' title='bbox 2658 2348 3082 2417; x_wconf 69' lang='grc' dir='ltr'><strong>παρατάττεταιο</strong></span> <span class='ocrx_word' id='word_1_442' title='bbox 3129 2350 3222 2403; x_wconf 80' lang='grc' dir='ltr'><strong>καὶ</strong></span> <span class='ocrx_word' id='word_1_443' title='bbox 3261 2349 3385 2412; x_wconf 79' lang='grc' dir='ltr'><strong>τοὺς</strong></span> <span class='ocrx_word' id='word_1_444' title='bbox 3436 2346 3619 2416; x_wconf 81' lang='grc' dir='ltr'><strong>παθη·</strong></span> 
     </span>
    </p>
   </div>
   <div class='ocr_carea' id='block_1_69' title="bbox 2043 2433 3617 2508">
    <p class='ocr_par' dir='ltr' id='par_1_69' title="bbox 2043 2433 3617 2508">
     <span class='ocr_line' id='line_1_69' title="bbox 2043 2433 3617 2508; baseline 0.003 -22"><span class='ocrx_word' id='word_1_445' title='bbox 2043 2433 2141 2502; x_wconf 78' lang='grc' dir='ltr'><strong>τὴν</strong></span> <span class='ocrx_word' id='word_1_446' title='bbox 2174 2433 2267 2487; x_wconf 88' lang='grc' dir='ltr'><strong>τοῦ</strong></span> <span class='ocrx_word' id='word_1_447' title='bbox 2297 2434 2632 2504; x_wconf 81' lang='grc' dir='ltr'><strong>Μονογενοῦς</strong></span> <span class='ocrx_word' id='word_1_448' title='bbox 2673 2436 2855 2506; x_wconf 87' lang='grc' dir='ltr'><strong>λέγειν</strong></span> <span class='ocrx_word' id='word_1_449' title='bbox 2888 2438 3201 2506; x_wconf 82' lang='grc' dir='ltr'><strong>τολμῶντας</strong></span> <span class='ocrx_word' id='word_1_450' title='bbox 3229 2438 3328 2508; x_wconf 78' lang='grc' dir='ltr'><strong>τὴν</strong></span> <span class='ocrx_word' id='word_1_451' title='bbox 3362 2438 3617 2507; x_wconf 85' lang='grc' dir='ltr'><strong>θεότητα,</strong></span> 
     </span>
    </p>
   </div>
   <div class='ocr_carea' id='block_1_70' title="bbox 2043 2522 3617 2597">
    <p class='ocr_par' dir='ltr' id='par_1_70' title="bbox 2043 2522 3617 2597">
     <span class='ocr_line' id='line_1_70' title="bbox 2043 2522 3617 2597; baseline 0.002 -21"><span class='ocrx_word' id='word_1_452' title='bbox 2043 2522 2136 2577; x_wconf 87' lang='grc' dir='ltr'><strong>τοῦ</strong></span> <span class='ocrx_word' id='word_1_453' title='bbox 2160 2525 2266 2579; x_wconf 83' lang='grc' dir='ltr'><strong>τῶν</strong></span> <span class='ocrx_word' id='word_1_454' title='bbox 2301 2526 2461 2597; x_wconf 78' lang='grc' dir='ltr'><strong>ἱερῶν</strong></span> <span class='ocrx_word' id='word_1_455' title='bbox 2488 2528 2789 2583; x_wconf 80' lang='grc' dir='ltr'><strong>ἀπωθεῖται</strong></span> <span class='ocrx_word' id='word_1_456' title='bbox 2815 2529 3096 2596; x_wconf 72' lang='grc' dir='ltr'><strong>συλλόγου,</strong></span> <span class='ocrx_word' id='word_1_457' title='bbox 3128 2534 3224 2581; x_wconf 83' lang='grc' dir='ltr'><strong>καὶ</strong></span> <span class='ocrx_word' id='word_1_458' title='bbox 3249 2532 3358 2591; x_wconf 74' lang='grc' dir='ltr'><strong>τοῖς</strong></span> <span class='ocrx_word' id='word_1_459' title='bbox 3387 2528 3479 2580; x_wconf 71' lang='grc' dir='ltr'><strong>ἐπὶ</strong></span> <span class='ocrx_word' id='word_1_460' title='bbox 3503 2527 3617 2579; x_wconf 82' lang='grc' dir='ltr'><strong>τῶν</strong></span> 
     </span>
    </p>
   </div>
   <div class='ocr_carea' id='block_1_71' title="bbox 2044 2614 3622 2690">
    <p class='ocr_par' dir='ltr' id='par_1_71' title="bbox 2044 2614 3622 2690">
     <span class='ocr_line' id='line_1_71' title="bbox 2044 2614 3622 2690; baseline 0.003 -23"><span class='ocrx_word' id='word_1_461' title='bbox 2044 2614 2136 2668; x_wconf 88' lang='grc' dir='ltr'><strong>δύο</strong></span> <span class='ocrx_word' id='word_1_462' title='bbox 2162 2615 2379 2685; x_wconf 79' lang='grc' dir='ltr'><strong>φύσεων</strong></span> <span class='ocrx_word' id='word_1_463' title='bbox 2402 2618 2495 2672; x_wconf 91' lang='grc' dir='ltr'><strong>τοῦ</strong></span> <span class='ocrx_word' id='word_1_464' title='bbox 2524 2618 2761 2690; x_wconf 81' lang='grc' dir='ltr'><strong>Χριστοῦ</strong></span> <span class='ocrx_word' id='word_1_465' title='bbox 2798 2621 2993 2689; x_wconf 77' lang='grc' dir='ltr'><strong>κρᾶσιν</strong></span> <span class='ocrx_word' id='word_1_466' title='bbox 3013 2620 3047 2689; x_wconf 82' lang='grc' dir='ltr'>ἢ</span> <span class='ocrx_word' id='word_1_467' title='bbox 3077 2620 3339 2689; x_wconf 76' lang='grc' dir='ltr'><strong>σύγχυσιν</strong></span> <span class='ocrx_word' id='word_1_468' title='bbox 3368 2616 3622 2671; x_wconf 82' lang='grc' dir='ltr'><strong>ἐπινοοῦ-</strong></span> 
     </span>
    </p>
   </div>
   <div class='ocr_carea' id='block_1_72' title="bbox 2047 2706 3624 2782">
    <p class='ocr_par' dir='ltr' id='par_1_72' title="bbox 2047 2706 3624 2782">
     <span class='ocr_line' id='line_1_72' title="bbox 2047 2706 3624 2782; baseline 0.003 -25"><span class='ocrx_word' id='word_1_469' title='bbox 2047 2721 2130 2758; x_wconf 87' lang='grc' dir='ltr'><strong>σιν</strong></span> <span class='ocrx_word' id='word_1_470' title='bbox 2166 2706 2514 2769; x_wconf 65' lang='grc' dir='ltr'><strong>ἁνθίσταταν</strong></span> <span class='ocrx_word' id='word_1_471' title='bbox 2548 2710 2642 2762; x_wconf 76' lang='grc' dir='ltr'><strong>καὶ</strong></span> <span class='ocrx_word' id='word_1_472' title='bbox 2693 2711 2819 2772; x_wconf 74' lang='grc' dir='ltr'><strong>τοὺς</strong></span> <span class='ocrx_word' id='word_1_473' title='bbox 2860 2711 3109 2780; x_wconf 81' lang='grc' dir='ltr'><strong>οὐρανίου</strong></span> <span class='ocrx_word' id='word_1_474' title='bbox 3149 2711 3183 2782; x_wconf 83' lang='grc' dir='ltr'><strong>ἢ</strong></span> <span class='ocrx_word' id='word_1_475' title='bbox 3234 2711 3427 2779; x_wconf 79' lang='grc' dir='ltr'><strong>ἐτέρας</strong></span> <span class='ocrx_word' id='word_1_476' title='bbox 3471 2708 3624 2772; x_wconf 71' lang='grc' dir='ltr'><strong>τινος</strong></span> 
     </span>
    </p>
   </div>
   <div class='ocr_carea' id='block_1_73' title="bbox 2044 2796 3624 2872">
    <p class='ocr_par' dir='ltr' id='par_1_73' title="bbox 2044 2796 3624 2872">
     <span class='ocr_line' id='line_1_73' title="bbox 2044 2796 3624 2872; baseline 0.001 -23"><span class='ocrx_word' id='word_1_477' title='bbox 2044 2796 2230 2860; x_wconf 81' lang='grc' dir='ltr'><strong>οὐσίας</strong></span> <span class='ocrx_word' id='word_1_478' title='bbox 2279 2798 2376 2870; x_wconf 75' lang='grc' dir='ltr'><strong>τὴν</strong></span> <span class='ocrx_word' id='word_1_479' title='bbox 2433 2798 2492 2864; x_wconf 77' lang='grc' dir='ltr'><strong>ἐξ</strong></span> <span class='ocrx_word' id='word_1_480' title='bbox 2535 2800 2693 2871; x_wconf 76' lang='grc' dir='ltr'><strong>ἡμῶν</strong></span> <span class='ocrx_word' id='word_1_481' title='bbox 2738 2799 3036 2872; x_wconf 80' lang='grc' dir='ltr'><strong>ληφθεῖσαν</strong></span> <span class='ocrx_word' id='word_1_482' title='bbox 3082 2801 3231 2871; x_wconf 87' lang='grc' dir='ltr'><strong>αὐτῷ</strong></span> <span class='ocrx_word' id='word_1_483' title='bbox 3278 2798 3371 2852; x_wconf 88' lang='grc' dir='ltr'><strong>τοῦ</strong></span> <span class='ocrx_word' id='word_1_484' title='bbox 3425 2798 3624 2852; x_wconf 85' lang='grc' dir='ltr'><strong>δούλου</strong></span> 
     </span>
    </p>
   </div>
   <div class='ocr_carea' id='block_1_74' title="bbox 2048 2891 3629 2964">
    <p class='ocr_par' dir='ltr' id='par_1_74' title="bbox 2048 2891 3629 2964">
     <span class='ocr_line' id='line_1_74' title="bbox 2048 2891 3629 2964; baseline -0.001 -19"><span class='ocrx_word' id='word_1_485' title='bbox 2048 2892 2261 2963; x_wconf 68' lang='grc' dir='ltr'>μορφὴν</span> <span class='ocrx_word' id='word_1_486' title='bbox 2302 2894 2712 2964; x_wconf 85' lang='grc' dir='ltr'><strong>παραπαίοντας</strong></span> <span class='ocrx_word' id='word_1_487' title='bbox 2762 2893 3059 2960; x_wconf 73' lang='grc' dir='ltr'><strong>ἐξελαύνει·</strong></span> <span class='ocrx_word' id='word_1_488' title='bbox 3100 2892 3194 2945; x_wconf 71' lang='grc' dir='ltr'><strong>καὶ</strong></span> <span class='ocrx_word' id='word_1_489' title='bbox 3235 2892 3328 2945; x_wconf 88' lang='grc' dir='ltr'><strong>δύο</strong></span> <span class='ocrx_word' id='word_1_490' title='bbox 3367 2891 3465 2962; x_wconf 81' lang='grc' dir='ltr'><strong>μὲν</strong></span> <span class='ocrx_word' id='word_1_491' title='bbox 3510 2891 3629 2961; x_wconf 79' lang='grc' dir='ltr'><strong>πρὸ</strong></span> 
     </span>
    </p>
   </div>
   <div class='ocr_carea' id='block_1_75' title="bbox 2044 2981 3629 3054">
    <p class='ocr_par' dir='ltr' id='par_1_75' title="bbox 2044 2981 3629 3054">
     <span class='ocr_line' id='line_1_75' title="bbox 2044 2981 3629 3054; baseline -0.001 -17"><span class='ocrx_word' id='word_1_492' title='bbox 2044 2985 2140 3054; x_wconf 81' lang='grc' dir='ltr'><strong>τῆς</strong></span> <span class='ocrx_word' id='word_1_493' title='bbox 2166 2984 2410 3046; x_wconf 79' lang='grc' dir='ltr'><strong>ένώσεως</strong></span> <span class='ocrx_word' id='word_1_494' title='bbox 2444 2985 2634 3054; x_wconf 80' lang='grc' dir='ltr'>φύσεις</span> <span class='ocrx_word' id='word_1_495' title='bbox 2663 2983 2756 3038; x_wconf 87' lang='grc' dir='ltr'><strong>τοῦ</strong></span> <span class='ocrx_word' id='word_1_496' title='bbox 2788 2985 2993 3054; x_wconf 81' lang='grc' dir='ltr'><strong>Κυρίου</strong></span> <span class='ocrx_word' id='word_1_497' title='bbox 3020 2982 3370 3054; x_wconf 76' lang='grc' dir='ltr'><strong>μυθεύοντας,</strong></span> <span class='ocrx_word' id='word_1_498' title='bbox 3404 2981 3536 3051; x_wconf 88' lang='grc' dir='ltr'><strong>μίαν</strong></span> <span class='ocrx_word' id='word_1_499' title='bbox 3561 2981 3629 3035; x_wconf 71' lang='grc' dir='ltr'><strong>δὲ</strong></span> 
     </span>
    </p>
   </div>
   <div class='ocr_carea' id='block_1_76' title="bbox 2048 3073 3628 3148">
    <p class='ocr_par' dir='ltr' id='par_1_76' title="bbox 2048 3073 3628 3148">
     <span class='ocr_line' id='line_1_76' title="bbox 2048 3073 3628 3148; baseline 0 -20"><span class='ocrx_word' id='word_1_500' title='bbox 2048 3076 2186 3145; x_wconf 85' lang='grc' dir='ltr'><strong>μετὰ</strong></span> <span class='ocrx_word' id='word_1_501' title='bbox 2251 3076 2349 3148; x_wconf 79' lang='grc' dir='ltr'><strong>τὴν</strong></span> <span class='ocrx_word' id='word_1_502' title='bbox 2409 3076 2600 3130; x_wconf 76' lang='grc' dir='ltr'><strong>ἕνωσιν</strong></span> <span class='ocrx_word' id='word_1_503' title='bbox 2665 3076 3105 3139; x_wconf 77' lang='grc' dir='ltr'><strong>ἀναπλάττοντας</strong></span> <span class='ocrx_word' id='word_1_504' title='bbox 3135 3114 3150 3139; x_wconf 90' lang='lat'><strong>,</strong></span> <span class='ocrx_word' id='word_1_505' title='bbox 3201 3073 3628 3145; x_wconf 73' lang='grc' dir='ltr'><strong>ἁναθεματίζει.</strong></span> 
     </span>
    </p>
   </div>
   <div class='ocr_carea' id='block_1_77' title="bbox 2055 3164 3634 3236">
    <p class='ocr_par' dir='ltr' id='par_1_77' title="bbox 2055 3164 3634 3236">
     <span class='ocr_line' id='line_1_77' title="bbox 2055 3164 3634 3236; baseline -0.001 -18"><span class='ocrx_word' id='word_1_506' title='bbox 2055 3165 2342 3236; x_wconf 74' lang='grc' dir='ltr'><strong>Ἐπόμενοι</strong></span> <span class='ocrx_word' id='word_1_507' title='bbox 2371 3166 2549 3219; x_wconf 86' lang='grc' dir='ltr'><strong>τοίνυν</strong></span> <span class='ocrx_word' id='word_1_508' title='bbox 2578 3168 2689 3229; x_wconf 83' lang='grc' dir='ltr'><strong>τοῖς</strong></span> <span class='ocrx_word' id='word_1_509' title='bbox 2723 3167 2897 3234; x_wconf 80' lang='grc' dir='ltr'><strong>ἁγίοις</strong></span> <span class='ocrx_word' id='word_1_510' title='bbox 2943 3167 3237 3236; x_wconf 75' lang='grc' dir='ltr'><strong>Πατρὰσιν,</strong></span> <span class='ocrx_word' id='word_1_511' title='bbox 3270 3164 3367 3218; x_wconf 73' lang='grc' dir='ltr'><strong>ἕνα</strong></span> <span class='ocrx_word' id='word_1_512' title='bbox 3404 3166 3502 3217; x_wconf 77' lang='grc' dir='ltr'><strong>καὶ</strong></span> <span class='ocrx_word' id='word_1_513' title='bbox 3530 3164 3634 3217; x_wconf 79' lang='grc' dir='ltr'><strong>τὸν</strong></span> 
     </span>
    </p>
   </div>
   <div class='ocr_carea' id='block_1_78' title="bbox 2045 3254 3635 3329">
    <p class='ocr_par' dir='ltr' id='par_1_78' title="bbox 2045 3254 3635 3329">
     <span class='ocr_line' id='line_1_78' title="bbox 2045 3254 3635 3329; baseline -0.001 -18"><span class='ocrx_word' id='word_1_514' title='bbox 2045 3257 2204 3311; x_wconf 80' lang='grc' dir='ltr'><strong>αὐτὸν</strong></span> <span class='ocrx_word' id='word_1_515' title='bbox 2232 3257 2600 3328; x_wconf 81' lang='grc' dir='ltr'><strong>ὁμολογοῦμεν</strong></span> <span class='ocrx_word' id='word_1_516' title='bbox 2649 3259 2761 3329; x_wconf 75' lang='lat'><strong>(38)</strong></span> <span class='ocrx_word' id='word_1_517' title='bbox 2788 3259 2918 3311; x_wconf 82' lang='grc' dir='ltr'><strong>Υίὸν</strong></span> <span class='ocrx_word' id='word_1_518' title='bbox 2962 3257 3167 3327; x_wconf 86' lang='grc' dir='ltr'>Κύριον</span> <span class='ocrx_word' id='word_1_519' title='bbox 3200 3255 3360 3326; x_wconf 75' lang='grc' dir='ltr'><strong>ἡμῶν</strong></span> <span class='ocrx_word' id='word_1_520' title='bbox 3410 3254 3635 3324; x_wconf 77' lang='grc' dir='ltr'><strong>Ἰησοῦν</strong></span> 
     </span>
    </p>
   </div>
   <div class='ocr_carea' id='block_1_79' title="bbox 2043 3346 3638 3420">
    <p class='ocr_par' dir='ltr' id='par_1_79' title="bbox 2043 3346 3638 3420">
     <span class='ocr_line' id='line_1_79' title="bbox 2043 3346 3638 3420; baseline -0.002 -19"><span class='ocrx_word' id='word_1_521' title='bbox 2043 3349 2301 3420; x_wconf 80' lang='grc' dir='ltr'><strong>Χριστὸν,</strong></span> <span class='ocrx_word' id='word_1_522' title='bbox 2350 3349 2442 3402; x_wconf 59' lang='grc' dir='ltr'><strong>καλ¹</strong></span> <span class='ocrx_word' id='word_1_523' title='bbox 2490 3350 2794 3419; x_wconf 81' lang='grc' dir='ltr'><strong>συμφώνως</strong></span> <span class='ocrx_word' id='word_1_524' title='bbox 2825 3346 3064 3410; x_wconf 72' lang='grc' dir='ltr'><strong>ἅπαντες</strong></span> <span class='ocrx_word' id='word_1_525' title='bbox 3090 3346 3507 3415; x_wconf 82' lang='grc' dir='ltr'><strong>ὲκδιδάσκομεν,</strong></span> <span class='ocrx_word' id='word_1_526' title='bbox 3537 3346 3638 3398; x_wconf 79' lang='grc' dir='ltr'><strong>τέ-</strong></span> 
     </span>
    </p>
   </div>
   <div class='ocr_carea' id='block_1_80' title="bbox 2045 3435 3639 3508">
    <p class='ocr_par' dir='ltr' id='par_1_80' title="bbox 2045 3435 3639 3508">
     <span class='ocr_line' id='line_1_80' title="bbox 2045 3435 3639 3508; baseline -0.001 -17"><span class='ocrx_word' id='word_1_527' title='bbox 2045 3439 2190 3491; x_wconf 84' lang='grc' dir='ltr'>λειον</span> <span class='ocrx_word' id='word_1_528' title='bbox 2215 3439 2306 3491; x_wconf 88' lang='grc' dir='ltr'><strong>τὸν</strong></span> <span class='ocrx_word' id='word_1_529' title='bbox 2332 3438 2496 3492; x_wconf 80' lang='grc' dir='ltr'><strong>αὐτὸν</strong></span> <span class='ocrx_word' id='word_1_530' title='bbox 2520 3440 2577 3491; x_wconf 81' lang='grc' dir='ltr'><strong>ἐν</strong></span> <span class='ocrx_word' id='word_1_531' title='bbox 2613 3438 2848 3508; x_wconf 82' lang='grc' dir='ltr'><strong>θεότητι,</strong></span> <span class='ocrx_word' id='word_1_532' title='bbox 2890 3438 2983 3491; x_wconf 80' lang='grc' dir='ltr'><strong>καὶ</strong></span> <span class='ocrx_word' id='word_1_533' title='bbox 3014 3436 3218 3490; x_wconf 88' lang='grc' dir='ltr'><strong>τέλειον</strong></span> <span class='ocrx_word' id='word_1_534' title='bbox 3250 3437 3343 3489; x_wconf 81' lang='grc' dir='ltr'><strong>τὸν</strong></span> <span class='ocrx_word' id='word_1_535' title='bbox 3371 3435 3541 3490; x_wconf 79' lang='grc' dir='ltr'><strong>αὐτὸν</strong></span> <span class='ocrx_word' id='word_1_536' title='bbox 3568 3436 3639 3490; x_wconf 82' lang='grc' dir='ltr'><strong>ὲν</strong></span> 
     </span>
    </p>
   </div>
   <div class='ocr_carea' id='block_1_81' title="bbox 2043 3526 3635 3600">
    <p class='ocr_par' dir='ltr' id='par_1_81' title="bbox 2043 3526 3635 3600">
     <span class='ocr_line' id='line_1_81' title="bbox 2043 3526 3635 3600; baseline -0.003 -18"><span class='ocrx_word' id='word_1_537' title='bbox 2043 3530 2448 3600; x_wconf 85' lang='grc' dir='ltr'><strong>ἁνθρωπότητι,</strong></span> <span class='ocrx_word' id='word_1_538' title='bbox 2490 3528 2623 3581; x_wconf 78' lang='grc' dir='ltr'><strong>Θεὸν</strong></span> <span class='ocrx_word' id='word_1_539' title='bbox 2662 3527 2895 3598; x_wconf 84' lang='grc' dir='ltr'><strong>ἀληθῶς,</strong></span> <span class='ocrx_word' id='word_1_540' title='bbox 2934 3528 3030 3581; x_wconf 77' lang='grc' dir='ltr'><strong>καὶ</strong></span> <span class='ocrx_word' id='word_1_541' title='bbox 3056 3527 3343 3597; x_wconf 75' lang='grc' dir='ltr'><strong>ἄνθρωπον</strong></span> <span class='ocrx_word' id='word_1_542' title='bbox 3379 3526 3635 3597; x_wconf 82' lang='grc' dir='ltr'><strong>ἀληθῶς,</strong></span> 
     </span>
    </p>
   </div>
   <div class='ocr_carea' id='block_1_82' title="bbox 2044 3618 3640 3691">
    <p class='ocr_par' dir='ltr' id='par_1_82' title="bbox 2044 3618 3640 3691">
     <span class='ocr_line' id='line_1_82' title="bbox 2044 3618 3640 3691; baseline -0.002 -17"><span class='ocrx_word' id='word_1_543' title='bbox 2044 3622 2136 3675; x_wconf 73' lang='grc' dir='ltr'><strong>τὸν</strong></span> <span class='ocrx_word' id='word_1_544' title='bbox 2172 3621 2331 3675; x_wconf 79' lang='grc' dir='ltr'><strong>αὐτὸν</strong></span> <span class='ocrx_word' id='word_1_545' title='bbox 2360 3623 2424 3674; x_wconf 73' lang='grc' dir='ltr'><strong>ἐκ</strong></span> <span class='ocrx_word' id='word_1_546' title='bbox 2451 3620 2629 3691; x_wconf 81' lang='grc' dir='ltr'><strong>ψυχῆς</strong></span> <span class='ocrx_word' id='word_1_547' title='bbox 2652 3620 2872 3691; x_wconf 82' lang='grc' dir='ltr'><strong>λογικῆς</strong></span> <span class='ocrx_word' id='word_1_548' title='bbox 2899 3619 2994 3672; x_wconf 78' lang='grc' dir='ltr'><strong>καὶ</strong></span> <span class='ocrx_word' id='word_1_549' title='bbox 3038 3619 3313 3689; x_wconf 80' lang='grc' dir='ltr'><strong>σώματος,</strong></span> <span class='ocrx_word' id='word_1_550' title='bbox 3335 3618 3640 3688; x_wconf 75' lang='grc' dir='ltr'><strong>ὁμοούσιον</strong></span> 
     </span>
    </p>
   </div>
   <div class='ocr_carea' id='block_1_83' title="bbox 2043 3709 3641 3788">
    <p class='ocr_par' dir='ltr' id='par_1_83' title="bbox 2043 3709 3641 3788">
     <span class='ocr_line' id='line_1_83' title="bbox 2043 3709 3641 3788; baseline -0.003 -18"><span class='ocrx_word' id='word_1_551' title='bbox 2043 3716 2122 3788; x_wconf 83' lang='grc' dir='ltr'><strong>τῷ</strong></span> <span class='ocrx_word' id='word_1_552' title='bbox 2155 3717 2330 3787; x_wconf 76' lang='grc' dir='ltr'><strong>Πατρὶ</strong></span> <span class='ocrx_word' id='word_1_553' title='bbox 2359 3717 2499 3769; x_wconf 85' lang='grc' dir='ltr'><strong>κατὰ</strong></span> <span class='ocrx_word' id='word_1_554' title='bbox 2528 3714 2627 3784; x_wconf 83' lang='grc' dir='ltr'><strong>τὴν</strong></span> <span class='ocrx_word' id='word_1_555' title='bbox 2649 3713 2895 3783; x_wconf 83' lang='grc' dir='ltr'><strong>θεότητα,</strong></span> <span class='ocrx_word' id='word_1_556' title='bbox 2934 3712 3028 3765; x_wconf 77' lang='grc' dir='ltr'><strong>καὶ</strong></span> <span class='ocrx_word' id='word_1_557' title='bbox 3056 3709 3343 3779; x_wconf 85' lang='grc' dir='ltr'><strong>ὁμοούσιον</strong></span> <span class='ocrx_word' id='word_1_558' title='bbox 3371 3713 3511 3781; x_wconf 74' lang='grc' dir='ltr'><strong>ἡμῖν</strong></span> <span class='ocrx_word' id='word_1_559' title='bbox 3536 3714 3641 3765; x_wconf 61' lang='grc' dir='ltr'><strong>τὸν</strong></span> 
     </span>
    </p>
   </div>
   <div class='ocr_carea' id='block_1_84' title="bbox 2044 3801 3644 3876">
    <p class='ocr_par' dir='ltr' id='par_1_84' title="bbox 2044 3801 3644 3876">
     <span class='ocr_line' id='line_1_84' title="bbox 2044 3801 3644 3876; baseline -0.004 -15"><span class='ocrx_word' id='word_1_560' title='bbox 2044 3808 2206 3862; x_wconf 74' lang='grc' dir='ltr'><strong>αὐτὸν</strong></span> <span class='ocrx_word' id='word_1_561' title='bbox 2231 3806 2372 3860; x_wconf 86' lang='grc' dir='ltr'><strong>κατὰ</strong></span> <span class='ocrx_word' id='word_1_562' title='bbox 2422 3805 2520 3876; x_wconf 84' lang='grc' dir='ltr'><strong>τὴν</strong></span> <span class='ocrx_word' id='word_1_563' title='bbox 2562 3803 2977 3875; x_wconf 84' lang='grc' dir='ltr'><strong>ἀνθρωπότητα,</strong></span> <span class='ocrx_word' id='word_1_564' title='bbox 3029 3802 3173 3855; x_wconf 88' lang='grc' dir='ltr'><strong>κατὰ</strong></span> <span class='ocrx_word' id='word_1_565' title='bbox 3218 3803 3399 3855; x_wconf 85' lang='grc' dir='ltr'><strong>πάντα</strong></span> <span class='ocrx_word' id='word_1_566' title='bbox 3439 3801 3644 3870; x_wconf 83' lang='grc' dir='ltr'><strong>ὅμοιον</strong></span> 
     </span>
    </p>
   </div>
   <div class='ocr_carea' id='block_1_85' title="bbox 2044 3892 3644 3969">
    <p class='ocr_par' dir='ltr' id='par_1_85' title="bbox 2044 3892 3644 3969">
     <span class='ocr_line' id='line_1_85' title="bbox 2044 3892 3644 3969; baseline -0.003 -18"><span class='ocrx_word' id='word_1_567' title='bbox 2044 3901 2175 3969; x_wconf 76' lang='grc' dir='ltr'><strong>ἡμῖν</strong></span> <span class='ocrx_word' id='word_1_568' title='bbox 2205 3899 2371 3969; x_wconf 72' lang='grc' dir='ltr'><strong>χωρὶς</strong></span> <span class='ocrx_word' id='word_1_569' title='bbox 2412 3896 2708 3967; x_wconf 70' lang='grc' dir='ltr'><strong>ἁμαρτίας*</strong></span> <span class='ocrx_word' id='word_1_570' title='bbox 2742 3894 2849 3965; x_wconf 81' lang='grc' dir='ltr'><strong>πρὸ</strong></span> <span class='ocrx_word' id='word_1_571' title='bbox 2891 3892 3105 3947; x_wconf 75' lang='grc' dir='ltr'><strong>αἰώνων</strong></span> <span class='ocrx_word' id='word_1_572' title='bbox 3137 3892 3238 3964; x_wconf 75' lang='grc' dir='ltr'><strong>μὲν</strong></span> <span class='ocrx_word' id='word_1_573' title='bbox 3282 3895 3349 3945; x_wconf 79' lang='grc' dir='ltr'><strong>ὲκ</strong></span> <span class='ocrx_word' id='word_1_574' title='bbox 3379 3892 3478 3951; x_wconf 81' lang='grc' dir='ltr'><strong>τοῦ</strong></span> <span class='ocrx_word' id='word_1_575' title='bbox 3514 3894 3644 3946; x_wconf 84' lang='grc' dir='ltr'><strong>Πα-</strong></span> 
     </span>
    </p>
   </div>
   <div class='ocr_carea' id='block_1_86' title="bbox 2044 3982 3647 4060">
    <p class='ocr_par' dir='ltr' id='par_1_86' title="bbox 2044 3982 3647 4060">
     <span class='ocr_line' id='line_1_86' title="bbox 2044 3982 3647 4060; baseline -0.003 -18"><span class='ocrx_word' id='word_1_576' title='bbox 2044 3989 2169 4060; x_wconf 83' lang='grc' dir='ltr'><strong>τρὸς</strong></span> <span class='ocrx_word' id='word_1_577' title='bbox 2194 3988 2523 4058; x_wconf 79' lang='grc' dir='ltr'><strong>γεννηθέντα</strong></span> <span class='ocrx_word' id='word_1_578' title='bbox 2566 3984 2710 4038; x_wconf 88' lang='grc' dir='ltr'><strong>κατὰ</strong></span> <span class='ocrx_word' id='word_1_579' title='bbox 2748 3984 2847 4055; x_wconf 77' lang='grc' dir='ltr'><strong>τὴν</strong></span> <span class='ocrx_word' id='word_1_580' title='bbox 2873 3983 3125 4054; x_wconf 80' lang='grc' dir='ltr'><strong>θεότητα·</strong></span> <span class='ocrx_word' id='word_1_581' title='bbox 3159 3982 3247 4036; x_wconf 71' lang='grc' dir='ltr'><strong>ἐπ’</strong></span> <span class='ocrx_word' id='word_1_582' title='bbox 3283 3984 3537 4053; x_wconf 71' lang='grc' dir='ltr'><strong>ἐσχάτων</strong></span> <span class='ocrx_word' id='word_1_583' title='bbox 3580 3984 3647 4037; x_wconf 85' lang='grc' dir='ltr'><strong>δὲ</strong></span> 
     </span>
    </p>
   </div>
   <div class='ocr_carea' id='block_1_87' title="bbox 2043 4072 3649 4147">
    <p class='ocr_par' dir='ltr' id='par_1_87' title="bbox 2043 4072 3649 4147">
     <span class='ocr_line' id='line_1_87' title="bbox 2043 4072 3649 4147; baseline -0.002 -16"><span class='ocrx_word' id='word_1_584' title='bbox 2043 4079 2153 4132; x_wconf 82' lang='grc' dir='ltr'><strong>τῶν</strong></span> <span class='ocrx_word' id='word_1_585' title='bbox 2190 4077 2410 4147; x_wconf 79' lang='grc' dir='ltr'><strong>ἡμερῶν</strong></span> <span class='ocrx_word' id='word_1_586' title='bbox 2442 4078 2533 4128; x_wconf 81' lang='grc' dir='ltr'><strong>τὸν</strong></span> <span class='ocrx_word' id='word_1_587' title='bbox 2566 4076 2729 4128; x_wconf 82' lang='grc' dir='ltr'><strong>αὐτὸν</strong></span> <span class='ocrx_word' id='word_1_588' title='bbox 2770 4074 2836 4127; x_wconf 85' lang='grc' dir='ltr'><strong>δι’</strong></span> <span class='ocrx_word' id='word_1_589' title='bbox 2868 4075 3020 4146; x_wconf 71' lang='grc' dir='ltr'><strong>ἡμᾶς</strong></span> <span class='ocrx_word' id='word_1_590' title='bbox 3063 4073 3158 4126; x_wconf 78' lang='grc' dir='ltr'><strong>καὶ</strong></span> <span class='ocrx_word' id='word_1_591' title='bbox 3202 4072 3297 4126; x_wconf 75' lang='grc' dir='ltr'><strong>διὰ</strong></span> <span class='ocrx_word' id='word_1_592' title='bbox 3341 4075 3443 4145; x_wconf 74' lang='grc' dir='ltr'><strong>τὴν</strong></span> <span class='ocrx_word' id='word_1_593' title='bbox 3488 4075 3649 4144; x_wconf 81' lang='grc' dir='ltr'><strong>ἡμε-</strong></span> 
     </span>
    </p>
   </div>
   <div class='ocr_carea' id='block_1_88' title="bbox 2044 4164 3651 4239">
    <p class='ocr_par' dir='ltr' id='par_1_88' title="bbox 2044 4164 3651 4239">
     <span class='ocr_line' id='line_1_88' title="bbox 2044 4164 3651 4239; baseline -0.003 -17"><span class='ocrx_word' id='word_1_594' title='bbox 2044 4169 2207 4239; x_wconf 83' lang='grc' dir='ltr'><strong>τέραν</strong></span> <span class='ocrx_word' id='word_1_595' title='bbox 2247 4165 2520 4237; x_wconf 86' lang='grc' dir='ltr'><strong>σωτηρίαν</strong></span> <span class='ocrx_word' id='word_1_596' title='bbox 2550 4167 2612 4219; x_wconf 73' lang='grc' dir='ltr'><strong>ἐκ</strong></span> <span class='ocrx_word' id='word_1_597' title='bbox 2658 4165 2878 4236; x_wconf 88' lang='grc' dir='ltr'><strong>Μαρίας</strong></span> <span class='ocrx_word' id='word_1_598' title='bbox 2909 4164 3010 4234; x_wconf 84' lang='grc' dir='ltr'><strong>τῆς</strong></span> <span class='ocrx_word' id='word_1_599' title='bbox 3045 4164 3330 4233; x_wconf 82' lang='grc' dir='ltr'><strong>Παρθένου</strong></span> <span class='ocrx_word' id='word_1_600' title='bbox 3363 4164 3463 4217; x_wconf 77' lang='grc' dir='ltr'><strong>καὶ</strong></span> <span class='ocrx_word' id='word_1_601' title='bbox 3501 4165 3651 4217; x_wconf 83' lang='grc' dir='ltr'><strong>Θεο-</strong></span> 
     </span>
    </p>
   </div>
   <div class='ocr_carea' id='block_1_89' title="bbox 368 4256 1949 4332">
    <p class='ocr_par' dir='ltr' id='par_1_89' title="bbox 368 4260 1942 4332">
     <span class='ocr_line' id='line_1_89' title="bbox 368 4260 1942 4332; baseline 0.003 -20"><span class='ocrx_word' id='word_1_602' title='bbox 368 4261 598 4314; x_wconf 75' lang='lat' dir='ltr'><strong>salutein</strong></span> <span class='ocrx_word' id='word_1_603' title='bbox 621 4276 687 4313; x_wconf 82' lang='lat' dir='ltr'><strong>ex</strong></span> <span class='ocrx_word' id='word_1_604' title='bbox 713 4260 881 4316; x_wconf 80' lang='lat' dir='ltr'><strong>Maria</strong></span> <span class='ocrx_word' id='word_1_605' title='bbox 910 4262 1134 4332; x_wconf 84' lang='lat' dir='ltr'><strong>Virgine</strong></span> <span class='ocrx_word' id='word_1_606' title='bbox 1164 4278 1230 4317; x_wconf 88' lang='lat' dir='ltr'><strong>ac</strong></span> <span class='ocrx_word' id='word_1_607' title='bbox 1256 4262 1480 4332; x_wconf 89' lang='lat' dir='ltr'><strong>deipara</strong></span> <span class='ocrx_word' id='word_1_608' title='bbox 1511 4272 1701 4317; x_wconf 89' lang='lat' dir='ltr'><strong>natum</strong></span> <span class='ocrx_word' id='word_1_609' title='bbox 1728 4278 1744 4314; x_wconf 87' lang='lat'><strong>:</strong></span> <span class='ocrx_word' id='word_1_610' title='bbox 1772 4278 1942 4317; x_wconf 89' lang='lat' dir='ltr'><strong>unum</strong></span> 
     </span>
    </p>
   </div>
   <div class='ocr_carea' id='block_1_90' title="bbox 2049 4256 3656 4332">
    <p class='ocr_par' dir='ltr' id='par_1_90' title="bbox 2049 4256 3656 4329">
     <span class='ocr_line' id='line_1_90' title="bbox 2049 4256 3656 4329; baseline -0.001 -16"><span class='ocrx_word' id='word_1_611' title='bbox 2049 4260 2209 4314; x_wconf 84' lang='grc' dir='ltr'><strong>τόκου</strong></span> <span class='ocrx_word' id='word_1_612' title='bbox 2264 4260 2405 4314; x_wconf 86' lang='grc' dir='ltr'><strong>κατὰ</strong></span> <span class='ocrx_word' id='word_1_613' title='bbox 2437 4258 2533 4329; x_wconf 79' lang='grc' dir='ltr'><strong>τὴν</strong></span> <span class='ocrx_word' id='word_1_614' title='bbox 2576 4258 2991 4328; x_wconf 84' lang='grc' dir='ltr'><strong>ἁνθρωπότητα·</strong></span> <span class='ocrx_word' id='word_1_615' title='bbox 3044 4258 3145 4310; x_wconf 72' lang='grc' dir='ltr'><strong>ἕνα</strong></span> <span class='ocrx_word' id='word_1_616' title='bbox 3194 4256 3294 4310; x_wconf 74' lang='grc' dir='ltr'><strong>καὶ</strong></span> <span class='ocrx_word' id='word_1_617' title='bbox 3342 4257 3438 4311; x_wconf 74' lang='grc' dir='ltr'><strong>τὸν</strong></span> <span class='ocrx_word' id='word_1_618' title='bbox 3469 4258 3656 4312; x_wconf 77' lang='grc' dir='ltr'><strong>αὐτὸν</strong></span> 
     </span>
    </p>
   </div>
   <div class='ocr_carea' id='block_1_91' title="bbox 364 4349 1949 4440">
    <p class='ocr_par' dir='ltr' id='par_1_91' title="bbox 364 4349 1942 4419">
     <span class='ocr_line' id='line_1_91' title="bbox 364 4349 1942 4419; baseline 0.002 -16"><span class='ocrx_word' id='word_1_619' title='bbox 364 4349 731 4419; x_wconf 89' lang='lat' dir='ltr'><strong>cumdemque</strong></span> <span class='ocrx_word' id='word_1_620' title='bbox 774 4351 961 4405; x_wconf 84' lang='lat' dir='ltr'><strong>Jcsum</strong></span> <span class='ocrx_word' id='word_1_621' title='bbox 1009 4351 1311 4413; x_wconf 86' lang='lat' dir='ltr'><strong>Christum,</strong></span> <span class='ocrx_word' id='word_1_622' title='bbox 1363 4351 1582 4417; x_wconf 88' lang='lat' dir='ltr'><strong>Filium,</strong></span> <span class='ocrx_word' id='word_1_623' title='bbox 1625 4352 1942 4417; x_wconf 87' lang='lat' dir='ltr'><strong>Dominum,</strong></span> 
     </span>
    </p>
   </div>
   <div class='ocr_carea' id='block_1_92' title="bbox 2049 4349 3663 4440">
    <p class='ocr_par' dir='ltr' id='par_1_92' title="bbox 2062 4349 3663 4422">
     <span class='ocr_line' id='line_1_92' title="bbox 2062 4349 3663 4422; baseline 0 -18"><span class='ocrx_word' id='word_1_624' title='bbox 2062 4350 2269 4422; x_wconf 79' lang='grc' dir='ltr'><strong>Ἰησοῦν</strong></span> <span class='ocrx_word' id='word_1_625' title='bbox 2294 4351 2525 4419; x_wconf 67' lang='grc' dir='ltr'><strong>Χριστὸν</strong></span> <span class='ocrx_word' id='word_1_626' title='bbox 2554 4349 2681 4403; x_wconf 83' lang='grc' dir='ltr'><strong>Υίὸν</strong></span> <span class='ocrx_word' id='word_1_627' title='bbox 2724 4350 2928 4420; x_wconf 86' lang='grc' dir='ltr'>Κύριον</span> <span class='ocrx_word' id='word_1_628' title='bbox 2966 4350 3250 4419; x_wconf 83' lang='grc' dir='ltr'><strong>Μονογενῆ</strong></span> <span class='ocrx_word' id='word_1_629' title='bbox 3302 4351 3362 4402; x_wconf 82' lang='grc' dir='ltr'><strong>ὲν</strong></span> <span class='ocrx_word' id='word_1_630' title='bbox 3400 4349 3499 4402; x_wconf 86' lang='grc' dir='ltr'><strong>δύο</strong></span> <span class='ocrx_word' id='word_1_631' title='bbox 3540 4352 3663 4420; x_wconf 75' lang='grc' dir='ltr'>φύ-</span> 
     </span>
    </p>
   </div>
   <div class='ocr_carea' id='block_1_93' title="bbox 371 4439 1949 4512">
    <p class='ocr_par' dir='ltr' id='par_1_93' title="bbox 371 4441 1948 4511">
     <span class='ocr_line' id='line_1_93' title="bbox 371 4441 1948 4511; baseline 0.001 -16"><span class='ocrx_word' id='word_1_632' title='bbox 371 4441 718 4511; x_wconf 79' lang='lat' dir='ltr'><strong>llnigenitum</strong></span> <span class='ocrx_word' id='word_1_633' title='bbox 749 4460 763 4497; x_wconf 88' lang='lat'><strong>:</strong></span> <span class='ocrx_word' id='word_1_634' title='bbox 789 4442 844 4495; x_wconf 87' lang='lat' dir='ltr'><strong>in</strong></span> <span class='ocrx_word' id='word_1_635' title='bbox 869 4442 1084 4497; x_wconf 90' lang='lat' dir='ltr'><strong>duabus</strong></span> <span class='ocrx_word' id='word_1_636' title='bbox 1112 4443 1326 4498; x_wconf 88' lang='lat' dir='ltr'><strong>naturis</strong></span> <span class='ocrx_word' id='word_1_637' title='bbox 1352 4442 1659 4508; x_wconf 81' lang='lat' dir='ltr'><strong>inconfuse,</strong></span> <span class='ocrx_word' id='word_1_638' title='bbox 1688 4445 1948 4498; x_wconf 89' lang='lat' dir='ltr'><strong>immuta-</strong></span> 
     </span>
    </p>
   </div>
   <div class='ocr_carea' id='block_1_94' title="bbox 2049 4439 3659 4512">
    <p class='ocr_par' dir='ltr' id='par_1_94' title="bbox 2052 4439 3659 4512">
     <span class='ocr_line' id='line_1_94' title="bbox 2052 4439 3659 4512; baseline 0.002 -19"><span class='ocrx_word' id='word_1_639' title='bbox 2052 4459 2202 4494; x_wconf 87' lang='grc' dir='ltr'>σεσιν</span> <span class='ocrx_word' id='word_1_640' title='bbox 2231 4439 2570 4509; x_wconf 74' lang='grc' dir='ltr'><strong>ἁσυγχύτως,</strong></span> <span class='ocrx_word' id='word_1_641' title='bbox 2595 4441 2901 4509; x_wconf 84' lang='grc' dir='ltr'><strong>ἀτρέπτως,</strong></span> <span class='ocrx_word' id='word_1_642' title='bbox 2929 4440 3277 4510; x_wconf 83' lang='grc' dir='ltr'><strong>ἁδιαιρέτως,</strong></span> <span class='ocrx_word' id='word_1_643' title='bbox 3307 4443 3659 4512; x_wconf 79' lang='grc' dir='ltr'><strong>ἅχωρίστως</strong></span> 
     </span>
    </p>
   </div>
   <div class='ocr_carea' id='block_1_95' title="bbox 368 4530 1949 4606">
    <p class='ocr_par' dir='ltr' id='par_1_95' title="bbox 368 4531 1947 4606">
     <span class='ocr_line' id='line_1_95' title="bbox 368 4531 1947 4606; baseline 0.003 -23"><span class='ocrx_word' id='word_1_644' title='bbox 368 4531 585 4595; x_wconf 89' lang='lat' dir='ltr'><strong>biliter,</strong></span> <span class='ocrx_word' id='word_1_645' title='bbox 633 4532 869 4589; x_wconf 88' lang='lat' dir='ltr'><strong>indivise</strong></span> <span class='ocrx_word' id='word_1_646' title='bbox 917 4543 1083 4604; x_wconf 91' lang='lat' dir='ltr'><strong>atque</strong></span> <span class='ocrx_word' id='word_1_647' title='bbox 1116 4533 1559 4603; x_wconf 89' lang='lat' dir='ltr'><strong>inseparabiliter</strong></span> <span class='ocrx_word' id='word_1_648' title='bbox 1599 4535 1886 4606; x_wconf 81' lang='lat' dir='ltr'><strong>cognitum</strong></span> <span class='ocrx_word' id='word_1_649' title='bbox 1934 4551 1947 4587; x_wconf 91' lang='lat'><strong>:</strong></span> 
     </span>
    </p>
   </div>
   <div class='ocr_carea' id='block_1_96' title="bbox 2049 4530 3663 4606">
    <p class='ocr_par' dir='ltr' id='par_1_96' title="bbox 2050 4530 3663 4605">
     <span class='ocr_line' id='line_1_96' title="bbox 2050 4530 3663 4605; baseline 0.004 -22"><span class='ocrx_word' id='word_1_650' title='bbox 2050 4531 2449 4603; x_wconf 75' lang='grc' dir='ltr'><strong>γνωριζόμενον</strong></span> <span class='ocrx_word' id='word_1_651' title='bbox 2486 4530 2724 4600; x_wconf 78' lang='grc' dir='ltr'><strong>οὐδαμοῦ</strong></span> <span class='ocrx_word' id='word_1_652' title='bbox 2774 4532 2873 4601; x_wconf 82' lang='grc' dir='ltr'><strong>τῆς</strong></span> <span class='ocrx_word' id='word_1_653' title='bbox 2935 4531 3045 4584; x_wconf 85' lang='grc' dir='ltr'><strong>τῶν</strong></span> <span class='ocrx_word' id='word_1_654' title='bbox 3100 4532 3322 4600; x_wconf 78' lang='grc' dir='ltr'>φύσεων</span> <span class='ocrx_word' id='word_1_655' title='bbox 3371 4533 3663 4605; x_wconf 79' lang='grc' dir='ltr'><strong>διαφορᾶς</strong></span> 
     </span>
    </p>
   </div>
   <div class='ocr_carea' id='block_1_97' title="bbox 366 4619 1949 4695">
    <p class='ocr_par' dir='ltr' id='par_1_97' title="bbox 366 4621 1949 4693">
     <span class='ocr_line' id='line_1_97' title="bbox 366 4621 1949 4693; baseline 0.002 -21"><span class='ocrx_word' id='word_1_656' title='bbox 366 4629 685 4674; x_wconf 85' lang='lat' dir='ltr'><strong>naturarum</strong></span> <span class='ocrx_word' id='word_1_657' title='bbox 711 4621 1027 4677; x_wconf 68' lang='lat' dir='ltr'><strong>diﬂ‘erentia</strong></span> <span class='ocrx_word' id='word_1_658' title='bbox 1048 4622 1370 4693; x_wconf 89' lang='lat' dir='ltr'><strong>neutiquam</strong></span> <span class='ocrx_word' id='word_1_659' title='bbox 1399 4623 1671 4679; x_wconf 77' lang='lat' dir='ltr'><strong>exstincta</strong></span> <span class='ocrx_word' id='word_1_660' title='bbox 1698 4638 1802 4692; x_wconf 89' lang='lat' dir='ltr'><strong>per</strong></span> <span class='ocrx_word' id='word_1_661' title='bbox 1828 4622 1949 4677; x_wconf 92' lang='lat' dir='ltr'><strong>uni-</strong></span> 
     </span>
    </p>
   </div>
   <div class='ocr_carea' id='block_1_98' title="bbox 2049 4619 3665 4695">
    <p class='ocr_par' dir='ltr' id='par_1_98' title="bbox 2051 4619 3665 4695">
     <span class='ocr_line' id='line_1_98' title="bbox 2051 4619 3665 4695; baseline 0.004 -21"><span class='ocrx_word' id='word_1_662' title='bbox 2051 4621 2402 4694; x_wconf 78' lang='grc' dir='ltr'><strong>ἀνῃρημένης</strong></span> <span class='ocrx_word' id='word_1_663' title='bbox 2451 4620 2539 4674; x_wconf 71' lang='grc' dir='ltr'><strong>διὰ</strong></span> <span class='ocrx_word' id='word_1_664' title='bbox 2596 4620 2694 4691; x_wconf 85' lang='grc' dir='ltr'><strong>τὴν</strong></span> <span class='ocrx_word' id='word_1_665' title='bbox 2720 4621 2940 4695; x_wconf 27' lang='grc' dir='ltr'><strong>ίένωσιψ</strong></span> <span class='ocrx_word' id='word_1_666' title='bbox 2974 4619 3296 4693; x_wconf 77' lang='grc' dir='ltr'><strong>σωζομένης</strong></span> <span class='ocrx_word' id='word_1_667' title='bbox 3349 4623 3408 4676; x_wconf 84' lang='grc' dir='ltr'><strong>δὲ</strong></span> <span class='ocrx_word' id='word_1_668' title='bbox 3441 4625 3665 4694; x_wconf 78' lang='grc' dir='ltr'><strong>μᾶλλον</strong></span> 
     </span>
    </p>
   </div>
   <div class='ocr_carea' id='block_1_99' title="bbox 367 4709 1949 4785">
    <p class='ocr_par' dir='ltr' id='par_1_99' title="bbox 367 4709 1949 4782">
     <span class='ocr_line' id='line_1_99' title="bbox 367 4709 1949 4782; baseline 0.002 -19"><span class='ocrx_word' id='word_1_669' title='bbox 367 4709 569 4764; x_wconf 88' lang='lat' dir='ltr'><strong>tionem</strong></span> <span class='ocrx_word' id='word_1_670' title='bbox 596 4728 609 4763; x_wconf 88' lang='lat'>:</span> <span class='ocrx_word' id='word_1_671' title='bbox 634 4710 730 4765; x_wconf 92' lang='lat' dir='ltr'><strong>sed</strong></span> <span class='ocrx_word' id='word_1_672' title='bbox 773 4719 987 4765; x_wconf 83' lang='lat' dir='ltr'><strong>servata</strong></span> <span class='ocrx_word' id='word_1_673' title='bbox 1021 4712 1204 4781; x_wconf 89' lang='lat' dir='ltr'><strong>potius</strong></span> <span class='ocrx_word' id='word_1_674' title='bbox 1247 4711 1535 4781; x_wconf 89' lang='lat' dir='ltr'><strong>utriusque</strong></span> <span class='ocrx_word' id='word_1_675' title='bbox 1575 4722 1796 4767; x_wconf 68' lang='lat' dir='ltr'><strong>naturae</strong></span> <span class='ocrx_word' id='word_1_676' title='bbox 1825 4726 1949 4782; x_wconf 89' lang='lat' dir='ltr'><strong>pro-</strong></span> 
     </span>
    </p>
   </div>
   <div class='ocr_carea' id='block_1_100' title="bbox 2049 4709 3671 4785">
    <p class='ocr_par' dir='ltr' id='par_1_100' title="bbox 2050 4710 3671 4785">
     <span class='ocr_line' id='line_1_100' title="bbox 2050 4710 3671 4785; baseline -0.002 -21"><span class='ocrx_word' id='word_1_677' title='bbox 2050 4712 2149 4781; x_wconf 78' lang='grc' dir='ltr'><strong>τῆς</strong></span> <span class='ocrx_word' id='word_1_678' title='bbox 2189 4710 2448 4779; x_wconf 83' lang='grc' dir='ltr'><strong>ἰδιότητος</strong></span> <span class='ocrx_word' id='word_1_679' title='bbox 2506 4711 2772 4781; x_wconf 75' lang='grc' dir='ltr'><strong>ἑκατέρας</strong></span> <span class='ocrx_word' id='word_1_680' title='bbox 2825 4710 3043 4779; x_wconf 82' lang='grc' dir='ltr'>φύσεως</span> <span class='ocrx_word' id='word_1_681' title='bbox 3083 4712 3180 4766; x_wconf 77' lang='grc' dir='ltr'><strong>καὶ</strong></span> <span class='ocrx_word' id='word_1_682' title='bbox 3228 4715 3308 4777; x_wconf 68' lang='grc' dir='ltr'><strong>είς.</strong></span> <span class='ocrx_word' id='word_1_683' title='bbox 3352 4712 3413 4767; x_wconf 78' lang='grc' dir='ltr'><strong>ἓν</strong></span> <span class='ocrx_word' id='word_1_684' title='bbox 3472 4716 3671 4785; x_wconf 81' lang='grc' dir='ltr'><strong>πρόσ-</strong></span> 
     </span>
    </p>
   </div>
   <div class='ocr_carea' id='block_1_101' title="bbox 364 4799 1949 4876">
    <p class='ocr_par' dir='ltr' id='par_1_101' title="bbox 364 4799 1949 4873">
     <span class='ocr_line' id='line_1_101' title="bbox 364 4799 1949 4873; baseline 0 -21"><span class='ocrx_word' id='word_1_685' title='bbox 364 4800 630 4868; x_wconf 87' lang='lat' dir='ltr'><strong>prietate,</strong></span> <span class='ocrx_word' id='word_1_686' title='bbox 679 4809 735 4854; x_wconf 90' lang='lat' dir='ltr'><strong>et</strong></span> <span class='ocrx_word' id='word_1_687' title='bbox 786 4799 841 4854; x_wconf 91' lang='lat' dir='ltr'><strong>in</strong></span> <span class='ocrx_word' id='word_1_688' title='bbox 889 4815 1052 4853; x_wconf 90' lang='lat' dir='ltr'><strong>unam</strong></span> <span class='ocrx_word' id='word_1_689' title='bbox 1106 4814 1394 4868; x_wconf 85' lang='lat' dir='ltr'><strong>personam</strong></span> <span class='ocrx_word' id='word_1_690' title='bbox 1448 4816 1546 4856; x_wconf 90' lang='lat' dir='ltr'><strong>seu</strong></span> <span class='ocrx_word' id='word_1_691' title='bbox 1603 4801 1949 4873; x_wconf 88' lang='lat' dir='ltr'><strong>bypostasim</strong></span> 
     </span>
    </p>
   </div>
   <div class='ocr_carea' id='block_1_102' title="bbox 2049 4799 3672 4876">
    <p class='ocr_par' dir='ltr' id='par_1_102' title="bbox 2058 4800 3672 4876">
     <span class='ocr_line' id='line_1_102' title="bbox 2058 4800 3672 4876; baseline 0.005 -23"><span class='ocrx_word' id='word_1_692' title='bbox 2058 4817 2226 4862; x_wconf 87' lang='grc' dir='ltr'><strong>ωπον,</strong></span> <span class='ocrx_word' id='word_1_693' title='bbox 2257 4800 2354 4853; x_wconf 77' lang='grc' dir='ltr'><strong>καὶ</strong></span> <span class='ocrx_word' id='word_1_694' title='bbox 2385 4801 2512 4869; x_wconf 78' lang='grc' dir='ltr'><strong>μίαν</strong></span> <span class='ocrx_word' id='word_1_695' title='bbox 2546 4801 2846 4854; x_wconf 83' lang='grc' dir='ltr'><strong>ὑπόστασιν</strong></span> <span class='ocrx_word' id='word_1_696' title='bbox 2874 4803 3301 4875; x_wconf 68' lang='grc' dir='ltr'><strong>συντρεχούσης</strong></span> <span class='ocrx_word' id='word_1_697' title='bbox 3331 4806 3435 4876; x_wconf 71' lang='grc' dir='ltr'><strong>οὐχ</strong></span> <span class='ocrx_word' id='word_1_698' title='bbox 3462 4805 3545 4869; x_wconf 64' lang='grc' dir='ltr'><strong>ὡς</strong></span> <span class='ocrx_word' id='word_1_699' title='bbox 3575 4809 3672 4873; x_wconf 75' lang='grc' dir='ltr'><strong>εἰς</strong></span> 
     </span>
    </p>
   </div>
   <div class='ocr_carea' id='block_1_103' title="bbox 363 4886 1949 4974">
    <p class='ocr_par' dir='ltr' id='par_1_103' title="bbox 363 4886 1949 4974">
     <span class='ocr_line' id='line_1_103' title="bbox 363 4886 1949 4974; baseline -0.001 -33"><span class='ocrx_word' id='word_1_700' title='bbox 363 4898 727 4944; x_wconf 84' lang='lat' dir='ltr'><strong>concurrente</strong></span> <span class='ocrx_word' id='word_1_701' title='bbox 775 4906 789 4941; x_wconf 90' lang='lat'><strong>:</strong></span> <span class='ocrx_word' id='word_1_702' title='bbox 835 4904 944 4943; x_wconf 91' lang='lat' dir='ltr'><strong>non</strong></span> <span class='ocrx_word' id='word_1_703' title='bbox 989 4888 1043 4955; x_wconf 85' lang='lat' dir='ltr'><strong>in</strong></span> <span class='ocrx_word' id='word_1_704' title='bbox 1092 4887 1228 4943; x_wconf 88' lang='lat' dir='ltr'><strong>duas</strong></span> <span class='ocrx_word' id='word_1_705' title='bbox 1259 4888 1521 4974; x_wconf 66' lang='lat' dir='ltr'><strong>partitum</strong></span> <span class='ocrx_word' id='word_1_706' title='bbox 1568 4896 1670 4943; x_wconf 90' lang='lat' dir='ltr'><strong>aut</strong></span> <span class='ocrx_word' id='word_1_707' title='bbox 1711 4886 1949 4945; x_wconf 87' lang='lat' dir='ltr'><strong>divisum</strong></span> 
     </span>
    </p>
   </div>
   <div class='ocr_carea' id='block_1_104' title="bbox 2049 4886 3675 4974">
    <p class='ocr_par' dir='ltr' id='par_1_104' title="bbox 2061 4888 3675 4965">
     <span class='ocr_line' id='line_1_104' title="bbox 2061 4888 3675 4965; baseline 0.007 -24"><span class='ocrx_word' id='word_1_708' title='bbox 2061 4889 2154 4942; x_wconf 86' lang='grc' dir='ltr'>δύο</span> <span class='ocrx_word' id='word_1_709' title='bbox 2184 4888 2455 4959; x_wconf 85' lang='grc' dir='ltr'><strong>πρόσωπα</strong></span> <span class='ocrx_word' id='word_1_710' title='bbox 2497 4889 2874 4960; x_wconf 72' lang='grc' dir='ltr'><strong>μεριζόμενον,</strong></span> <span class='ocrx_word' id='word_1_711' title='bbox 2902 4891 2936 4962; x_wconf 82' lang='grc' dir='ltr'>ἢ</span> <span class='ocrx_word' id='word_1_712' title='bbox 2969 4892 3378 4965; x_wconf 60' lang='grc' dir='ltr'><strong>διαιρούμενον</strong></span> <span class='ocrx_word' id='word_1_713' title='bbox 3411 4894 3530 4949; x_wconf 81' lang='grc' dir='ltr'><strong>ἁλλ’</strong></span> <span class='ocrx_word' id='word_1_714' title='bbox 3558 4895 3675 4952; x_wconf 65' lang='grc' dir='ltr'><strong>ἕνα</strong></span> 
     </span>
    </p>
   </div>
   <div class='ocr_carea' id='block_1_105' title="bbox 1566 5021 2438 5079">
    <p class='ocr_par' dir='ltr' id='par_1_105' title="bbox 1566 5021 2438 5079">
     <span class='ocr_line' id='line_1_105' title="bbox 1566 5021 2438 5079; baseline 0.001 -1"><span class='ocrx_word' id='word_1_715' title='bbox 1566 5021 1855 5078; x_wconf 80' lang='lat' dir='ltr'><strong>VALESII</strong></span> <span class='ocrx_word' id='word_1_716' title='bbox 1887 5021 2438 5079; x_wconf 71' lang='lat' dir='ltr'><strong>ANNOTATEONES.</strong></span> 
     </span>
    </p>
   </div>
   <div class='ocr_carea' id='block_1_106' title="bbox 2065 5137 2711 5195">
    <p class='ocr_par' dir='ltr' id='par_1_106' title="bbox 2065 5137 2711 5195">
     <span class='ocr_line' id='line_1_106' title="bbox 2065 5137 2711 5195; baseline 0.003 -4"><span class='ocrx_word' id='word_1_717' title='bbox 2065 5139 2193 5193; x_wconf 90' lang='lat' dir='ltr'><strong>nodi</strong></span> <span class='ocrx_word' id='word_1_718' title='bbox 2221 5137 2711 5195; x_wconf 86' lang='lat' dir='ltr'><strong>Chalcedonensis.</strong></span> 
     </span>
    </p>
   </div>
   <div class='ocr_carea' id='block_1_107' title="bbox 2130 5208 3685 5286">
    <p class='ocr_par' dir='ltr' id='par_1_107' title="bbox 2130 5208 3685 5286">
     <span class='ocr_line' id='line_1_107' title="bbox 2130 5208 3685 5286; baseline 0.01 -28"><span class='ocrx_word' id='word_1_719' title='bbox 2130 5209 2248 5286; x_wconf 76' lang='lat'><strong>(38_)_</strong></span> <span class='ocrx_word' id='word_1_720' title='bbox 2276 5208 2429 5286; x_wconf 48' lang='lat' dir='ltr'><strong>&quot;nigras</strong></span> <span class='ocrx_word' id='word_1_721' title='bbox 2453 5211 2550 5286; x_wconf 65' lang='grc' dir='ltr'><strong>καὶ</strong></span> <span class='ocrx_word' id='word_1_722' title='bbox 2576 5212 2685 5263; x_wconf 81' lang='grc' dir='ltr'><strong>τὸν</strong></span> <span class='ocrx_word' id='word_1_723' title='bbox 2706 5210 2914 5286; x_wconf 30' lang='grc' dir='ltr'><strong>ἀὐτ-ρν</strong></span> <span class='ocrx_word' id='word_1_724' title='bbox 2937 5214 3380 5286; x_wconf 68' lang='grc' dir='ltr'><strong>ὁμολογοῦμεν.</strong></span> <span class='ocrx_word' id='word_1_725' title='bbox 3414 5215 3478 5271; x_wconf 84' lang='lat' dir='ltr'><strong>In</strong></span> <span class='ocrx_word' id='word_1_726' title='bbox 3508 5215 3685 5276; x_wconf 76' lang='lat' dir='ltr'><strong>Actis</strong></span> 
     </span>
    </p>
   </div>
   <div class='ocr_carea' id='block_1_108' title="bbox 2060 5276 3685 5413">
    <p class='ocr_par' dir='ltr' id='par_1_108' title="bbox 2060 5276 3685 5413">
     <span class='ocr_line' id='line_1_108' title="bbox 2060 5276 3685 5357; baseline 0.009 -28"><span class='ocrx_word' id='word_1_727' title='bbox 2060 5276 2250 5346; x_wconf 84' lang='lat' dir='ltr'><strong>synodi</strong></span> <span class='ocrx_word' id='word_1_728' title='bbox 2281 5276 2752 5335; x_wconf 88' lang='lat' dir='ltr'><strong>Chalcedonensis</strong></span> <span class='ocrx_word' id='word_1_729' title='bbox 2782 5281 2947 5337; x_wconf 87' lang='lat' dir='ltr'><strong>aliter</strong></span> <span class='ocrx_word' id='word_1_730' title='bbox 2968 5276 2984 5282; x_wconf 60' lang='grc'>⁷</span> <span class='ocrx_word' id='word_1_731' title='bbox 3006 5276 3281 5339; x_wconf 68' lang='lat' dir='ltr'><strong>scribitur</strong></span> <span class='ocrx_word' id='word_1_732' title='bbox 3331 5286 3426 5341; x_wconf 86' lang='lat' dir='ltr'><strong>hic</strong></span> <span class='ocrx_word' id='word_1_733' title='bbox 3480 5286 3685 5357; x_wconf 86' lang='lat' dir='ltr'><strong>locus,</strong></span> 
     </span>
     <span class='ocr_line' id='line_1_109' title="bbox 2060 5345 3685 5413; baseline 0.01 -16"><span class='ocrx_word' id='word_1_734' title='bbox 2060 5345 2165 5398; x_wconf 87' lang='lat' dir='ltr'><strong>hoc</strong></span> <span class='ocrx_word' id='word_1_735' title='bbox 2194 5346 2407 5400; x_wconf 88' lang='lat' dir='ltr'><strong>scilicet</strong></span> <span class='ocrx_word' id='word_1_736' title='bbox 2443 5348 2648 5402; x_wconf 90' lang='lat' dir='ltr'><strong>modo:</strong></span> <span class='ocrx_word' id='word_1_737' title='bbox 2689 5352 2824 5403; x_wconf 80' lang='grc' dir='ltr'><strong>Ἕνα</strong></span> <span class='ocrx_word' id='word_1_738' title='bbox 2875 5354 2972 5405; x_wconf 74' lang='grc' dir='ltr'><strong>καὶ</strong></span> <span class='ocrx_word' id='word_1_739' title='bbox 3013 5353 3108 5405; x_wconf 85' lang='grc' dir='ltr'><strong>τὸν</strong></span> <span class='ocrx_word' id='word_1_740' title='bbox 3155 5356 3324 5408; x_wconf 79' lang='grc' dir='ltr'><strong>αὐτὸν</strong></span> <span class='ocrx_word' id='word_1_741' title='bbox 3371 5356 3685 5413; x_wconf 79' lang='grc' dir='ltr'><strong>ὁμολογεῖν</strong></span> 
     </span>
    </p>
   </div>
   <div class='ocr_carea' id='block_1_109' title="bbox 2336 5373 3401 5408">
    <p class='ocr_par' dir='ltr' id='par_1_109' title="bbox 2336 5373 3401 5408">
     <span class='ocr_line' id='line_1_110' title="bbox 2336 5373 3401 5408; baseline 0.01 -10"><span class='ocrx_word' id='word_1_742' title='bbox 2336 5373 2407 5400; x_wconf 66' lang='grc' dir='ltr'><strong>κει</strong></span> <span class='ocrx_word' id='word_1_743' title='bbox 2443 5373 2648 5402; x_wconf 83' lang='grc' dir='ltr'><strong>ιιιυυυ;</strong></span> <span class='ocrx_word' id='word_1_744' title='bbox 2718 5373 2824 5403; x_wconf 61' lang='grc' dir='ltr'><strong>τινα</strong></span> <span class='ocrx_word' id='word_1_745' title='bbox 2875 5373 2972 5405; x_wconf 84' lang='grc' dir='ltr'><strong>και</strong></span> <span class='ocrx_word' id='word_1_746' title='bbox 3013 5373 3108 5405; x_wconf 83' lang='grc' dir='ltr'><strong>τον</strong></span> <span class='ocrx_word' id='word_1_747' title='bbox 3155 5373 3324 5408; x_wconf 84' lang='grc' dir='ltr'><strong>αυτον</strong></span> <span class='ocrx_word' id='word_1_748' title='bbox 3371 5373 3401 5408; x_wconf 86' lang='grc' dir='ltr'><strong>ο</strong></span> 
     </span>
    </p>
   </div>
   <div class='ocr_carea' id='block_1_110' title="bbox 2061 5373 3690 5497">
    <p class='ocr_par' dir='ltr' id='par_1_110' title="bbox 2061 5373 3690 5497">
     <span class='ocr_line' id='line_1_111' title="bbox 2061 5373 3689 5425; baseline 0.01 -28"><span class='ocrx_word' id='word_1_749' title='bbox 2061 5373 2165 5398; x_wconf 78' lang='lat' dir='ltr'><strong>um;</strong></span> <span class='ocrx_word' id='word_1_750' title='bbox 2194 5373 2407 5400; x_wconf 65' lang='lat' dir='ltr'><strong>autumn.</strong></span> <span class='ocrx_word' id='word_1_751' title='bbox 2443 5373 2648 5402; x_wconf 85' lang='lat' dir='ltr'><strong>muuu:</strong></span> <span class='ocrx_word' id='word_1_752' title='bbox 2718 5373 2824 5403; x_wconf 66' lang='lat' dir='ltr'><strong>uva</strong></span> <span class='ocrx_word' id='word_1_753' title='bbox 2875 5373 2972 5405; x_wconf 86' lang='grc' dir='ltr'><strong>και</strong></span> <span class='ocrx_word' id='word_1_754' title='bbox 3013 5373 3108 5405; x_wconf 84' lang='grc' dir='ltr'><strong>τον</strong></span> <span class='ocrx_word' id='word_1_755' title='bbox 3155 5373 3324 5408; x_wconf 85' lang='grc' dir='ltr'><strong>αυτον</strong></span> <span class='ocrx_word' id='word_1_756' title='bbox 3371 5373 3689 5425; x_wconf 76' lang='grc' dir='ltr'><strong>ομοΑογεῑν</strong></span> 
     </span>
     <span class='ocr_line' id='line_1_112' title="bbox 2061 5414 3690 5497; baseline 0.012 -34"><span class='ocrx_word' id='word_1_757' title='bbox 2061 5414 2184 5496; x_wconf 51' lang='grc' dir='ltr'><strong>ξ’ίὸν</strong></span> <span class='ocrx_word' id='word_1_758' title='bbox 2211 5415 2299 5465; x_wconf 79' lang='grc' dir='ltr'><strong>τὸν</strong></span> <span class='ocrx_word' id='word_1_759' title='bbox 2341 5416 2555 5497; x_wconf 38' lang='grc' dir='ltr'><strong>,Κύριον</strong></span> <span class='ocrx_word' id='word_1_760' title='bbox 2592 5420 2747 5489; x_wconf 78' lang='grc' dir='ltr'><strong>ἡμῶν</strong></span> <span class='ocrx_word' id='word_1_761' title='bbox 2785 5422 3310 5497; x_wconf 38' lang='grc' dir='ltr'><strong>ξίησοῦν-Χριστὸν,</strong></span> <span class='ocrx_word' id='word_1_762' title='bbox 3349 5428 3690 5497; x_wconf 77' lang='grc' dir='ltr'><strong>συμφώνως</strong></span> 
     </span>
    </p>
   </div>
   <div class='ocr_carea' id='block_1_111' title="bbox 2058 5485 3694 5569">
    <p class='ocr_par' dir='ltr' id='par_1_111' title="bbox 2058 5485 3694 5569">
     <span class='ocr_line' id='line_1_113' title="bbox 2058 5485 3694 5569; baseline -0.012 0"><span class='ocrx_word' id='word_1_763' title='bbox 2058 5485 2297 5569; x_wconf 35' lang='lat' dir='ltr'><strong>qlia}???</strong></span> <span class='ocrx_word' id='word_1_764' title='bbox 2338 5485 2747 5569; x_wconf 52' lang='grc' dir='ltr'><strong>ξῖίῖδιδᾴῗκέίιεν·</strong></span> <span class='ocrx_word' id='word_1_765' title='bbox 2777 5485 2911 5559; x_wconf 58' lang='grc' dir='ltr'><strong>τὶὗῶ</strong></span> <span class='ocrx_word' id='word_1_766' title='bbox 2939 5485 3170 5563; x_wconf 69' lang='lat' dir='ltr'><strong>quidem</strong></span> <span class='ocrx_word' id='word_1_767' title='bbox 3195 5485 3694 5569; x_wconf 55' lang='lat' dir='ltr'><strong>scriptura&#39;longé</strong></span> 
     </span>
    </p>
   </div>
   <div class='ocr_carea' id='block_1_112' title="bbox 2060 5552 2702 5613">
    <p class='ocr_par' dir='ltr' id='par_1_112' title="bbox 2060 5552 2702 5613">
     <span class='ocr_line' id='line_1_114' title="bbox 2060 5552 2702 5613; baseline 0.014 -9"><span class='ocrx_word' id='word_1_768' title='bbox 2060 5552 2263 5607; x_wconf 88' lang='lat' dir='ltr'><strong>rectior</strong></span> <span class='ocrx_word' id='word_1_769' title='bbox 2288 5552 2425 5607; x_wconf 90' lang='lat' dir='ltr'><strong>mihi</strong></span> <span class='ocrx_word' id='word_1_770' title='bbox 2457 5552 2702 5613; x_wconf 83' lang='lat' dir='ltr'><strong>videtur.</strong></span> 
     </span>
    </p>
   </div>
   <div class='ocr_carea' id='block_1_113' title="bbox 421 5135 1961 5210">
    <p class='ocr_par' dir='ltr' id='par_1_113' title="bbox 421 5135 1961 5210">
     <span class='ocr_line' id='line_1_115' title="bbox 421 5135 1961 5210; baseline -0.002 -17"><span class='ocrx_word' id='word_1_771' title='bbox 421 5139 533 5210; x_wconf 80' lang='lat'><strong>(56)</strong></span> <span class='ocrx_word' id='word_1_772' title='bbox 572 5137 857 5204; x_wconf 74' lang='grc' dir='ltr'><strong>Ἀναιδῶς</strong></span> <span class='ocrx_word' id='word_1_773' title='bbox 910 5135 1369 5210; x_wconf 53' lang='grc' dir='ltr'><strong>,βοέδοροῦνταᾳ</strong></span> <span class='ocrx_word' id='word_1_774' title='bbox 1436 5136 1817 5210; x_wconf 84' lang='lat' dir='ltr'><strong>scribendum</strong></span> <span class='ocrx_word' id='word_1_775' title='bbox 1848 5146 1961 5210; x_wconf 86' lang='lat' dir='ltr'><strong>_est</strong></span> 
     </span>
    </p>
   </div>
   <div class='ocr_carea' id='block_1_114' title="bbox 361 5205 1960 5280">
    <p class='ocr_par' dir='ltr' id='par_1_114' title="bbox 361 5205 1960 5280">
     <span class='ocr_line' id='line_1_116' title="bbox 361 5205 1960 5280; baseline -0.003 -18"><span class='ocrx_word' id='word_1_776' title='bbox 361 5205 553 5280; x_wconf 82' lang='lat' dir='ltr'><strong>procul</strong></span> <span class='ocrx_word' id='word_1_777' title='bbox 578 5209 747 5264; x_wconf 89' lang='lat' dir='ltr'><strong>dubio</strong></span> <span class='ocrx_word' id='word_1_778' title='bbox 763 5210 826 5277; x_wconf 87' lang='grc' dir='ltr'><strong>λη</strong></span> <span class='ocrx_word' id='word_1_779' title='bbox 836 5205 1162 5280; x_wconf 21' lang='grc' dir='ltr'><strong>ρῳδοῦνταᾼς,</strong></span> <span class='ocrx_word' id='word_1_780' title='bbox 1186 5217 1247 5280; x_wconf 88' lang='lat' dir='ltr'><strong>ut</strong></span> <span class='ocrx_word' id='word_1_781' title='bbox 1268 5207 1472 5280; x_wconf 80' lang='lat' dir='ltr'><strong>legitur</strong></span> <span class='ocrx_word' id='word_1_782' title='bbox 1496 5209 1554 5260; x_wconf 93' lang='lat' dir='ltr'><strong>in</strong></span> <span class='ocrx_word' id='word_1_783' title='bbox 1571 5205 1960 5280; x_wconf 34' lang='lat' dir='ltr'><strong>mahnuscripto</strong></span> 
     </span>
    </p>
   </div>
   <div class='ocr_carea' id='block_1_115' title="bbox 361 5274 1958 5346">
    <p class='ocr_par' dir='ltr' id='par_1_115' title="bbox 361 5274 1958 5346">
     <span class='ocr_line' id='line_1_117' title="bbox 361 5274 1958 5346; baseline -0.005 -12"><span class='ocrx_word' id='word_1_784' title='bbox 361 5274 551 5334; x_wconf 74' lang='lat' dir='ltr'><strong>codice</strong></span> <span class='ocrx_word' id='word_1_785' title='bbox 614 5274 936 5333; x_wconf 82' lang='lat' dir='ltr'><strong>Florentino</strong></span> <span class='ocrx_word' id='word_1_786' title='bbox 995 5283 1053 5329; x_wconf 91' lang='lat' dir='ltr'><strong>et</strong></span> <span class='ocrx_word' id='word_1_787' title='bbox 1105 5275 1161 5328; x_wconf 91' lang='lat' dir='ltr'><strong>in</strong></span> <span class='ocrx_word' id='word_1_788' title='bbox 1207 5274 1360 5330; x_wconf 76' lang='lat' dir='ltr'><strong>Actis</strong></span> <span class='ocrx_word' id='word_1_789' title='bbox 1408 5276 1611 5346; x_wconf 77' lang='lat' dir='ltr'><strong>synodi</strong></span> <span class='ocrx_word' id='word_1_790' title='bbox 1644 5274 1958 5328; x_wconf 83' lang='lat' dir='ltr'><strong>Chalcedo-</strong></span> 
     </span>
    </p>
   </div>
   <div class='ocr_carea' id='block_1_116' title="bbox 360 5361 568 5402">
    <p class='ocr_par' dir='ltr' id='par_1_116' title="bbox 360 5361 568 5402">
     <span class='ocr_line' id='line_1_118' title="bbox 360 5361 568 5402; baseline 0 -1"><span class='ocrx_word' id='word_1_791' title='bbox 360 5361 568 5402; x_wconf 71' lang='lat' dir='ltr'><strong>HBIISIS.</strong></span> 
     </span>
    </p>
   </div>
   <div class='ocr_carea' id='block_1_117' title="bbox 432 5407 1959 5485">
    <p class='ocr_par' dir='ltr' id='par_1_117' title="bbox 432 5407 1959 5485">
     <span class='ocr_line' id='line_1_119' title="bbox 432 5407 1959 5485; baseline -0.005 -18"><span class='ocrx_word' id='word_1_792' title='bbox 432 5416 542 5484; x_wconf 81' lang='grc'><strong>(57)</strong></span> <span class='ocrx_word' id='word_1_793' title='bbox 580 5419 829 5471; x_wconf 82' lang='grc' dir='ltr'><strong>Ἦντινα</strong></span> <span class='ocrx_word' id='word_1_794' title='bbox 894 5411 1158 5485; x_wconf 32' lang='grc' dir='ltr'><strong>τῇυ-τοῆ</strong></span> <span class='ocrx_word' id='word_1_795' title='bbox 1202 5412 1479 5485; x_wconf 57' lang='grc' dir='ltr'><strong>μεγάλαι]</strong></span> <span class='ocrx_word' id='word_1_796' title='bbox 1535 5410 1789 5475; x_wconf 83' lang='grc' dir='ltr'><strong>Πέτρου.</strong></span> <span class='ocrx_word' id='word_1_797' title='bbox 1814 5477 1825 5485; x_wconf 87' lang='lat'>_</span> <span class='ocrx_word' id='word_1_798' title='bbox 1869 5407 1959 5485; x_wconf 79' lang='lat' dir='ltr'><strong>Sic</strong></span> 
     </span>
    </p>
   </div>
   <div class='ocr_carea' id='block_1_118' title="bbox 350 5476 1960 5554">
    <p class='ocr_par' dir='ltr' id='par_1_118' title="bbox 350 5476 1960 5554">
     <span class='ocr_line' id='line_1_120' title="bbox 350 5476 1960 5554; baseline -0.008 -15"><span class='ocrx_word' id='word_1_799' title='bbox 350 5476 533 5554; x_wconf 65' lang='lat' dir='ltr'><strong>etiam</strong></span> <span class='ocrx_word' id='word_1_800' title='bbox 555 5486 756 5554; x_wconf 88' lang='lat' dir='ltr'><strong>legitur</strong></span> <span class='ocrx_word' id='word_1_801' title='bbox 788 5476 1373 5554; x_wconf 68' lang='lat' dir='ltr'><strong>apudNicephdruhr.</strong></span> <span class='ocrx_word' id='word_1_802' title='bbox 1425 5480 1645 5554; x_wconf 77' lang='lat' dir='ltr'><strong>Verum</strong></span> <span class='ocrx_word' id='word_1_803' title='bbox 1666 5476 1960 5554; x_wconf 30' lang='lat' dir='ltr'><strong>‘orationis</strong></span> 
     </span>
    </p>
   </div>
   <div class='ocr_carea' id='block_1_119' title="bbox 353 5546 1957 5623">
    <p class='ocr_par' dir='ltr' id='par_1_119' title="bbox 353 5546 1957 5623">
     <span class='ocr_line' id='line_1_121' title="bbox 353 5546 1957 5623; baseline -0.003 -18"><span class='ocrx_word' id='word_1_804' title='bbox 353 5552 524 5623; x_wconf 84' lang='lat' dir='ltr'><strong>series</strong></span> <span class='ocrx_word' id='word_1_805' title='bbox 573 5546 1085 5623; x_wconf 34' lang='lat' dir='ltr'><strong>ofnninojpostulat</strong></span> <span class='ocrx_word' id='word_1_806' title='bbox 1108 5546 1187 5623; x_wconf 62' lang='lat' dir='ltr'><strong>&#39;ut</strong></span> <span class='ocrx_word' id='word_1_807' title='bbox 1221 5554 1481 5623; x_wconf 79' lang='lat' dir='ltr'><strong>legamus</strong></span> <span class='ocrx_word' id='word_1_808' title='bbox 1532 5549 1632 5623; x_wconf 73' lang='grc' dir='ltr'><strong>ἅτε</strong></span> <span class='ocrx_word' id='word_1_809' title='bbox 1660 5546 1725 5623; x_wconf 74' lang='grc' dir='ltr'><strong>δη</strong></span> <span class='ocrx_word' id='word_1_810' title='bbox 1753 5548 1819 5623; x_wconf 75' lang='grc' dir='ltr'><strong>τῇ</strong></span> <span class='ocrx_word' id='word_1_811' title='bbox 1863 5546 1957 5595; x_wconf 84' lang='grc' dir='ltr'><strong>τοῦ</strong></span> 
     </span>
    </p>
   </div>
   <div class='ocr_carea' id='block_1_120' title="bbox 353 5616 1949 5688">
    <p class='ocr_par' dir='ltr' id='par_1_120' title="bbox 353 5616 1949 5688">
     <span class='ocr_line' id='line_1_122' title="bbox 353 5616 1949 5688; baseline -0.006 -15"><span class='ocrx_word' id='word_1_812' title='bbox 353 5622 610 5688; x_wconf 75' lang='grc' dir='ltr'><strong>μεγάλου,</strong></span> <span class='ocrx_word' id='word_1_813' title='bbox 641 5632 743 5674; x_wconf 86' lang='lat' dir='ltr'><strong>etc.</strong></span> <span class='ocrx_word' id='word_1_814' title='bbox 780 5617 1263 5682; x_wconf 87' lang='lat' dir='ltr'><strong>Quemadmodum</strong></span> <span class='ocrx_word' id='word_1_815' title='bbox 1280 5616 1568 5675; x_wconf 61' lang='lat' dir='ltr'><strong>Scribitur</strong></span> <span class='ocrx_word' id='word_1_816' title='bbox 1605 5616 1659 5669; x_wconf 85' lang='lat' dir='ltr'><strong>in</strong></span> <span class='ocrx_word' id='word_1_817' title='bbox 1694 5616 1845 5667; x_wconf 81' lang='lat' dir='ltr'><strong>Actis</strong></span> <span class='ocrx_word' id='word_1_818' title='bbox 1867 5626 1949 5680; x_wconf 81' lang='lat' dir='ltr'><strong>sy-</strong></span> 
     </span>
    </p>
   </div>
  </div>
