4070 6176
492 194 540 257 9·
562 195 631 256 0'.)

1414 196 1800 257 HISTORUE
1839 195 2434 257 ECCLESIASTICAE
2476 197 2708 258 LIBER
2751 201 2833 260 II.

3616 206 3760 273 2510

498 301 714 356 καὶτὸν
761 301 928 354 αὐτὸν
981 301 1108 354 Υίδν
1161 301 1421 372 μονογενῆ
1451 301 1584 354 Θεὸν
1632 277 1842 370 Λόγον)
1878 300 2074 372 Κύριον

2184 317 2466 372 personas,
2509 304 2603 358 sed
2639 320 2806 357 unum
2853 305 3219 375 eumdemque
3268 310 3464 366 Filium
3513 316 3757 387 unigeni-

505 394 712 464 Ἰησοῦν
731 394 987 462 Χριστὸν,
1021 392 1274 460 καθάπερ
1313 392 1516 446 ἄνωθεν
1545 394 1594 444 οί
1630 393 1908 462 προψῆται
1949 396 2076 462 περὶ

494 486 660 540 αὑτοῦ
691 486 782 539 καὶ
814 485 975 548 αὐτὸς
1007 486 1156 554 ἡμᾶς
1209 486 1236 537 ό
1285 484 1520 553 Χριστὸς
1567 482 1936 549 ἐξεπαίδευσε,
1986 484 2080 535 καὶ

493 576 550 629 τὸ
590 576 698 628 τῶν
740 574 1005 646 Πατὲρων
1037 577 1171 646 ἡμῖν
1217 575 1571 642 παραδέδωκε
1617 574 1906 644 σύμϐολον.
1939 573 2078 635 Τού-

492 687 599 721 των
632 668 817 720 τοίνυν
865 665 1007 737 μετὰ
1054 667 1236 735 πάσης
1263 665 1554 737 ἀκριϐείας
1583 666 1676 718 καὶ
1709 666 2005 736 ἐμμελείας
2033 659 2102 699 ³³⁶

494 763 624 830 παρ’
655 761 812 830 ἡμῶν
861 758 1338 823 διατυπωθέντων,
1393 759 1594 828 ὥρισεν
1634 760 1667 830 ἡ
1711 759 1842 827 ἁγία
1875 759 1969 812 καὶ
2001 760 2079 811 οῖ-

494 853 790 924 κουμενικὴ
849 852 1088 915 σύνοδος,
1143 851 1337 921 ἑτέραν
1395 850 1578 905 πίστιν
1631 851 1822 920 μηδενὶ
1879 849 2076 916 ἐξεῖναι

497 945 790 1015 προφέρειν
816 983 829 1006 ,
872 943 973 995 εἴτ’
1015 941 1107 995 οὖν
1167 943 1545 1014 συγγράφειν,
1583 943 1614 1013 ἦ
1655 943 2003 1006 συντιθέναι,
2041 943 2074 1014 ἥ

494 1039 732 1106 φρονεῖν,
766 1036 798 1106 ἢ
833 1035 1103 1087 διδάσκειν
1137 1035 1378 1106 ἐτέρους.
1420 1035 1560 1099 Τοὺς
1597 1035 1653 1087 δὲ
1701 1035 2073 1106 τολμῶνταςῆ

496 1128 800 1182 συντιθέναι
845 1128 1031 1180 πίστιν
1067 1127 1262 1197 ἑτέραν
1309 1128 1478 1197 ἧγουν
1533 1127 1888 1200 προκομίζειν
1930 1127 2075 1198 ἥδι-

494 1221 735 1286 δάσκειν,
772 1219 803 1291 ἠ
853 1219 1208 1290 παραδιδόναι
1260 1219 1448 1291 ἕτερον
1492 1219 1760 1290 σύμϐολον
1809 1222 1922 1280 τοῖς
1961 1219 2078 1272 ὲθέ-

489 1312 670 1364 λουσιν
692 1311 1040 1381 ἐπιστρέφειν
1072 1313 1151 1374 εἰς
1180 1311 1474 1378 ἐπίγνωσιν
1507 1311 1765 1382 ἀληθείας
1798 1311 1856 1375 ἐξ
1888 1311 2076 1381 Ἐλλη-

491 1403 684 1473 νισμοῦ
733 1403 824 1464 καὶ
870 1403 1205 1472 Ἰουδαϊσμοῦ
1250 1403 1282 1474 ἢ
1325 1402 1385 1467 ἐξ
1427 1404 1620 1474 ἐτέρας
1667 1404 1928 1475 αἱρέσεως
1957 1403 2076 1465 οἵας

490 1495 551 1563 δὴ
588 1512 743 1558 ποτε,
774 1494 995 1558 τούτους
1028 1496 1077 1547 εἰ
1116 1496 1213 1564 μὲν
1245 1491 1356 1548 εἷεν
1391 1497 1761 1566 ἐπίσκοποι,ἥ
1795 1496 2072 1567 κληρικοὶ,

490 1587 827 1657 ἀλλοτρίους,
881 1580 1044 1651 εἶναι,
1082 1589 1208 1650 τοὺς
1239 1587 1573 1650 ἐπισκόπους
1614 1587 1713 1656 τῆς
1741 1587 2069 1655 ἐπισκοπῆς,

2182 403 2296 446 tum
2349 395 2519 448 Deum
2576 395 2812 449 Verbum
2864 397 3156 452 Dominum
3208 401 3394 456 Jesum
3440 405 3758 481 Christum,

2178 485 2320 541 sicut
2365 487 2497 540 olim
2539 487 2843 556 prophetae,
2877 497 2935 542 et
2981 490 3098 558 ipse
3147 506 3247 545 nos
3298 493 3366 548 de
3417 511 3475 551 se
3509 498 3761 559 Christus

2179 577 2424 640 edocuit,
2462 587 2518 629 et
2551 578 2774 630 Patrum
2813 579 3123 650 symbolum
3171 582 3332 638 nobis
3385 587 3630 645 tradidit.
3664 593 3761 647 His

2138 697 2148 710 ο
2179 666 2347 738 igitur
2377 683 2501 721 cum
2537 667 2688 721 omni
2720 683 2851 722 cura
2883 683 2949 723 ac
2983 669 3269 741 diligentia
3301 689 3330 746 a
3364 673 3526 731 nobis
3557 684 3763 736 consti-

2178 761 2348 824 tutis,
2379 770 2565 814 saneta
2611 769 2666 814 ct
2712 761 3042 817 universalis
3088 765 3331 834 synodus
3380 767 3662 838 decrevit,
3702 783 3761 828 ut
3799 809 3818 817 ς

2177 856 2383 910 nemini
2421 855 2583 909 liceat
2630 855 2792 908 aliam
2845 855 3006 910 ﬁdem
3053 859 3336 926 proferre,
3387 874 3482 916 aut
3518 869 3761 923 conscri-

2177 948 2332 1013 bere,
2359 955 2453 1000 aut
2483 962 2836 1016 componere,
2874 957 2968 1003 aut
2995 951 3223 1016 sentire,
3258 955 3342 1008 vel
3372 956 3512 1012 alios
3538 958 3756 1016 docere.

2177 1041 2340 1110 292
2362 1039 2690 1108 Quicunque
2716 1054 2848 1094 vero
2870 1042 2988 1095 ausi
3015 1041 3219 1099 fuerint
3240 1046 3401 1100 aliam
3432 1047 3592 1104 fidem
3615 1066 3761 1107 com-

2177 1145 2404 1199 ponere,
2431 1137 2526 1184 aut
2556 1129 2822 1199 proferre,
2851 1142 2945 1186 aut
2977 1133 3195 1200 docere,
3231 1137 3316 1192 vel
3352 1138 3500 1194 aliud
3533 1144 3759 1211 symbo—

2177 1224 2291 1276 lum
2338 1222 2557 1276 tradere
2605 1223 2672 1276 iis
2707 1224 2800 1292 qui
2847 1239 2877 1278 a
2915 1225 3202 1294 gentilium
3237 1229 3630 1298 superstitione
3671 1236 3756 1289 vel

2176 1311 2481 1375 Judaismo,
2529 1313 2614 1367 vel
2666 1313 2733 1366 ab
2768 1313 2874 1367 alia
2905 1314 3153 1383 qualibet
3206 1327 3353 1372 secta
3398 1320 3465 1373 ad
3509 1322 3760 1378 veritatis
3829 1384 3835 1389 ,

2177 1405 2551 1474 cognitionem
2603 1415 2928 1460 convertere
2979 1422 3037 1461 se
3089 1409 3412 1464 voluerint:
3444 1412 3489 1465 si
3535 1414 3758 1484 quidem

2176 1494 2423 1566 episcopi
2464 1495 2597 1560 sint,
2634 1496 2703 1548 ab
2743 1496 3040 1566 episcopali
3079 1498 3344 1568 dignitate
3372 1520 3385 1554 :
3409 1503 3455 1556 si
3480 1519 3612 1559 vero
3648 1507 3760 1561 cle-

2177 1579 2326 1651 rici,"
2363 1601 2392 1640 a
2440 1587 2588 1640 clero
2623 1595 2954 1641 censeantur
2984 1589 3170 1643 alieni.
3211 1591 3367 1655 Quod
3411 1592 3457 1646 si
3502 1597 3757 1650 monachi

490 1681 584 1733 καὶ
621 1681 748 1742 τοὺς
776 1679 1075 1750 κληρικοὺς
1121 1678 1214 1731 τοῦ
1248 1679 1476 1749 κλῆρον’
1513 1681 1561 1731 εί
1589 1679 1645 1731 δὲ
1685 1677 2070 1748 μονάζοντεςῆ

2177 1675 2387 1730 fuerint
2440 1683 2536 1728 aut
2587 1674 2746 1738 laici,
2800 1675 3135 1729 anathemati
3191 1677 3573 1747 subjiciuntur.
3620 1681 3757 1737 Cum

490 1771 670 1823 λαῑκοὶ
696 1767 823 1835 εἷεν,
852 1770 1368 1839 ἁναθεματίζεσθαι.
1407 1771 1563 1823 Μετὰ
1611 1770 1797 1823 τοίνυν
1841 1770 1932 1822 τὸν
1979 1770 2074 1822 άν-

492 1862 834 1932 εγνωσμένον
862 1861 1008 1932 ὅρον,
1055 1861 1149 1912 καὶ
1197 1860 1451 1930 βασιλεὺς
1481 1861 1795 1932 Μαρκιανὸς
1842 1859 1943 1914 ἀνὰ
1973 1860 2072 1927 τὴν

489 1951 875 2022 Καλχηδονέων
903 1954 967 2022 τῇ
1017 1951 1217 2022 συνόδῳ
1247 1953 1716 2023 παραγενόμενος,
1750 1953 2072 2022 δημηγορή-

490 2058 586 2104 σας
611 2059 668 2094 τε
699 2036 765 2094 αὖ
801 2040 1146 2106 ἐπανέζευξε.
1201 2041 1308 2095 Καί
1338 2059 1450 2094 τισι
1495 2043 1829 2110 συμϐάσεσιν
1871 2043 2070 2096 Ἰουῦε-

488 2131 667 2195 valid;
699 2149 759 2184 τε
800 2132 894 2185 καὶ
948 2130 1201 2202 Μάξιμος
1257 2132 1327 2186 τὰ
1379 2133 1510 2204 περὶ
1553 2133 1662 2186 τῶν
1698 2133 1819 2186 κατ’
1872 2134 2071 2196 αὐτοὺς

490 2223 768 2293 ἐπαρχιῶν
807 2221 1103 2294 διῴκησαν,
1139 2226 1233 2276 καὶ
1281 2223 1613 2293 Θεοδώριτος
1656 2225 1748 2277 καὶ
1784 2224 1936 2286 Ἴδας
1978 2225 2070 2277 ἀν-

489 2314 818 2386 εκλήθησαν,
857 2316 951 2368 καὶ
980 2313 1143 2388 ἔτερα
1172 2315 1448 2385 κεκίνητο,
1475 2315 1640 2386 άπερ,
1672 2316 1747 2378 ὡς
1790 2314 1960 2385 ἔφθην
1992 2315 2068 2368 εί-

491 2407 628 2470 πὼν,
671 2408 786 2478 μετ’
828 2408 997 2478 αὐτὴν
1047 2406 1144 2478 τὴν
1188 2407 1432 2478 ἱστορίαν
1475 2408 1882 2478 ἐγγέγραπται.
1925 2405 2071 2459 Ἐδό-

469 2518 572 2552 -ικει
601 2500 657 2552 δέ
699 2500 793 2553 καὶ
823 2502 914 2552 τὸν
939 2499 1130 2570 θρόνον
1157 2499 1257 2568 τῆς
1293 2501 1419 2564 νέας
1461 2499 1682 2571 Ῥώμης
1709 2503 1775 2553 ἐκ
1812 2501 1921 2553 τῶν
1946 2499 2070 2553 δευ-

489 2595 716 2665 τερείων
779 2594 882 2662 τῆς
936 2593 1316 2666 πρεσϐυτέρας
1368 2593 1609 2666 Ῥώμης,
1636 2594 1744 2648 τῶν
1782 2595 1959 2649 ἄλλων
2002 2597 2070 2649 τὰ

490 2704 590 2758 πρε
600 2687 752 2742 σϐεἶα
781 2687 990 2758 φέρειν.

1091 2887 1342 2940 ΚΕΦΑΛ.
1386 2888 1462 2938 E'.

492 2981 631 3066 "apt
665 2980 775 3048 τῆς
810 2980 1137 3062 γενομένης
1185 2980 1460 3066 στάσεως
1517 2980 1604 3066 ἐκ
1647 2976 2070 3066 Ἀθεξᾳγδᾳίςξ

556 3052 730 3156 acip:
772 3049 883 3118 τῆς
909 3049 1301 3156 2jgevporor'luq
1332 3049 1674 3119 Προτερίου,
1708 3051 1924 3118 ὁμοίως
1967 3049 2066 3104 καὶ
2096 3093 2140 3156 C

558 3123 627 3174 ἑν
671 3122 926 3188 Ἰεροσολ
937 3125 1127 3192 ὐμοις.

570 3213 693 3267 Ἐπὶ
721 3215 933 3277 τούτοις
958 3215 1033 3285 (Ir)
1056 3214 1344 3286 Διόσκορος
1365 3213 1461 3284 μὲν
1487 3213 1588 3283 τὴν
1602 3213 1937 3284 Γαγγρηνῶν
1964 3210 2072 3265 τῶν

490 3307 854 3375 Παφλαγόνων
878 3309 1054 3362 οίκείν
1097 3308 1506 3378 κατακρίνεταν
1543 3306 1835 3380 Προτέριος
1882 3305 1938 3359 δὲ
1970 3304 2071 3376 τὴν

489 3400 811 3471 ἐπισκοπὴν,
855 3400 1021 3470 ψήφῳ
1067 3403 1219 3471 κοινῇ
1251 3400 1351 3469 τῆς
1389 3399 1628 3461 συνόδου,
1661 3401 1760 3470 τῆς
1822 3397 2071 3464 Ἀλεξαν-

487 3491 656 3560 δρέων
692 3489 1025 3559 κληροῦται·
1073 3489 1133 3554 ὃς
1171 3490 1361 3561 ἐπειδὴ
1411 3490 1502 3542 τὸν
1529 3491 1727 3543 οἰκεῖον
1756 3489 2071 3559 κατειλήφει

487 3581 675 3651 θρόνον
727 3582 980 3651 μέγιστος
1011 3583 1106 3635 καὶ
1153 3581 1482 3645 ἀνύποιστος
1523 3583 1764 3651 τάραχος
1804 3580 1881 3650 τῷ
1911 3580 2070 3651 δήμῳ

487 3674 737 3746 διανέστη
781 3677 918 3745 πρὸς
966 3675 1256 3747 διαφόρους
1302 3674 1690 3746 κυμαινομένῳ
1721 3674 1969 3746 γνώμας.
2006 3674 2069 3726 υί

490 3767 588 3836 μέν
617 3769 726 3838 γὰρ
755 3769 1044 3836 Διόσκορον
1072 3767 1392 3838 ἐπεζήτουν,
1433 3762 1631 3839 οἷάπερ
1684 3767 1831 3830 εἰκὸς
1868 3768 1924 3819 ἐν
1957 3767 2070 3829 τοῖς

487 3859 749 3922 τοιούτοις
799 3859 1070 3928 γίνεσθαι·
1107 3862 1155 3914 oi
1194 3862 1270 3925 δέ,
1308 3861 1608 3932 Προτερίου
1655 3860 1796 3932 μάλα
1839 3858 2069 3926 γενικῶς

487 3948 815 4018 ἀντείχοντο,
847 3950 921 4013 ὡς
952 3952 1045 4003 καὶ
1084 3950 1256 4003 πολλὰ
1303 3950 1400 4003 καὶ
1439 3951 1717 4021 ἀνήκεστα
1764 3949 2069 4017 προελθεῖν.

499 4040 725 4112 Ἱστορεῖ
752 4041 797 4095 δ’
819 4043 911 4096 οὖν
944 4043 1178 4113 Πρίσκος
1205 4044 1233 4095 ὁ
1262 4043 1496 4113 Ῥήτωρ,
1531 4043 1728 4114 φθῆναι
1769 4042 2070 4112 τηνικαῦτα

487 4133 582 4203 τὴν
631 4133 980 4206 Ἀλεξάνδρου
1031 4135 1131 4204 τῆς
1168 4134 1421 4204 Θηϐαίων
1469 4135 1738 4205 ἐπαρχίας
1768 4133 1906 4206 (59),
1941 4133 2069 4186 ἰδεῖν

484 4241 542 4278 τε
573 4226 665 4279 τὸν
714 4226 882 4296 δῆμον
923 4227 1089 4296 ὁμόσε
1133 4227 1274 4278 κατὰ
1307 4226 1412 4279 τῶν
1457 4226 1734 4295 ἀρχόντων
1765 4225 2065 4295 χωρούντασ
2107 4290 2113 4299 _

485 4316 581 4385 τῆς
631 4334 688 4369 τε
746 4319 1144 4388 στρατιωτικῆς
1184 4317 1467 4386 δυνάμεως
1497 4317 1595 4388 τὴν
1629 4316 1818 4370 στάσιν
1866 4313 2067 4368 διακω-

485 4404 630 4458 λύειν
672 4405 1026 4476 βουλομένης,
1057 4406 1220 4460 λίθων
1260 4405 1441 4476 βολαῖς
1490 4405 1690 4468 αὐτοὺς
1733 4403 2062 4476 χρήσασθαι·

558 4543 594 4574 ¹¹
631 4540 824 4597 Canon
850 4540 919 4594 28
955 4542 1121 4612 hujus
1147 4542 1392 4598 concilii.

2177 1765 2293 1820 haec
2318 1765 2566 1820 deﬁnitio
2589 1765 2730 1819 lecta
2753 1772 2918 1830 esset,
2934 1765 3232 1834 imperator
3249 1767 3576 1836 Marcianus,
3595 1771 3758 1827 Chal-

2175 1856 2440 1911 cedonem
2467 1857 2768 1927 ingressus,
2797 1856 3006 1927 synodo
3035 1857 3304 1923 interfuit,
3331 1869 3386 1914 et
3412 1863 3662 1917 oratione
3687 1864 3755 1918 ad

2173 1949 2465 2018 episcopos
2500 1947 2688 2002 habita
2709 1988 2724 2012 ,
2757 1964 2884 2002 mox
2931 1949 3178 2004 recessit.
3210 1950 3493 2007 Juvenalis
3536 1953 3666 2009 item
3699 1966 3756 2011 et

2173 2037 2441 2092 Maximus
2486 2037 2895 2092 controversias
2941 2053 3063 2106 qua:
3113 2039 3257 2093 inter
3306 2039 3455 2109 ipsos
3497 2039 3654 2100 ciant
3685 2045 3754 2100 de

2171 2128 2503 2198 quibusdam
2553 2127 2879 2197 provinciis,
2907 2129 3074 2184 certis
3114 2132 3576 2188 conventionibus
3608 2134 3756 2191 dire-

2174 2229 2420 2275 mcrunt.
2447 2221 2718 2275 Praeterea
2740 2220 3108 2276 Theodoritus
3129 2231 3185 2276 et
3210 2223 3332 2278 [bas
3361 2226 3604 2296 restituti
3626 2238 3755 2284 sunt

2175 2311 2230 2365 in
2276 2311 2572 2383 integrum.
2614 2312 2732 2367 Alia
2761 2328 2980 2383 quoque
3025 2322 3254 2370 tractata
3297 2325 3456 2382 sunt,
3506 2334 3660 2387 qua},
3694 2330 3756 2376 ut

2173 2418 2336 2473 supra
2369 2403 2502 2468 dixi,
2538 2404 2606 2458 ad
2635 2405 2840 2459 calcem
2869 2405 3034 2476 hujus
3064 2406 3189 2460 libri
3231 2407 3437 2477 scripta
3471 2409 3647 2465 lector
3673 2413 3756 2466 in-

2176 2495 2383 2551 veniet.
2420 2497 2667 2566 Denique
2709 2497 2993 2551 decretum
3039 2507 3144 2564 est,
3192 2507 3252 2552 ut
3284 2499 3444 2556 sedes
3483 2501 3758 2574 archiepi-

2177 2587 2362 2657 scopis
2403 2588 2642 2658 junioris
2690 2588 2902 2652 Romae,
2934 2604 3002 2644 eo
3049 2591 3196 2658 quod
3245 2593 3486 2647 secunda
3529 2595 3602 2649 sit
3635 2604 3758 2665 post

2173 2677 2454 2736 seniorem
2503 2678 2766 2751 Romam,
2830 2681 3247 2751 praerogativam
3306 2697 3470 2752 supra
3519 2685 3756 2756 reliquas

2173 2769 2334 2825 sedes
2367 2769 2615 2825 obtineat
2651 2770 2712 2823 ιι.

2832 2885 2985 2941 CAP.
3028 2884 3092 2940 ν.

2176 2974 2256 3029 De
2290 2976 2545 3030 seditione
2575 2991 2692 3046 qua:
2717 2975 3058 3030 Alexandria:
3093 2975 3237 3045 facta
3265 2985 3340 3030 est
3373 2978 3434 3031 ob
3465 2978 3759 3032 ordinatic-

2246 3062 2374 3168 pem.
2421 3046 2650 3100 Proterii
2685 3055 2783 3100 :.et
2834 3048 2898 3099 de
2946 3063 3009 3101 ea
3071 3063 3188 3117 qua:
3247 3049 3463 3118 contigit
3513 3048 3759 3103 Hieroso-

2269 3134 2421 3187 ymts.

2244 3209 2491 3264 Posthaec
2513 3209 2806 3264 Dioscorus
2833 3209 3054 3279 quidem
3078 3209 3129 3263 in
3149 3210 3344 3266 urbem
3374 3210 3758 3282 Paphlagonia:

2173 3299 2443 3370 Gangram
2487 3310 2572 3354 est
2620 3300 2895 3372 relegatus
2926 3319 2939 3354 :
2974 3301 3254 3356 Protcrius
3301 3317 3432 3356 vero
3477 3303 3755 3357 communi

2175 3392 2343 3447 totius
2377 3393 2569 3463 synodi
2610 3393 2872 3464 suﬂ‘ragio
2901 3393 3333 3448 Alexandrinum
3375 3395 3754 3465 episcopatum

2173 3483 2421 3537 sortitur.
2450 3483 2552 3549 Qui
2580 3500 2704 3538 eum
2729 3485 2915 3540 sedem
2947 3501 3100 3541 suam
3131 3487 3534 3555 capessivisset,
3565 3488 3756 3558 ingens

2172 3587 2337 3644 atque
2374 3575 2737 3630 intolerabilis
2769 3585 2995 3632 exortus
3025 3587 3109 3632 est
3141 3579 3413 3634 tumultus
3435 3578 3489 3633 in
3511 3579 3754 3643 civitate,

2173 3667 2376 3736 populo
2414 3668 2468 3720 in
2505 3667 2752 3722 diversas
2791 3670 3094 3725 sententias
3128 3671 3410 3725 distracto.
3456 3672 3562 3726 Alii
3605 3672 3756 3727 enim

2173 3759 2492 3813 Dioscorum
2540 3759 2916 3828 requirebant,
2955 3770 3014 3814 ut
3059 3761 3115 3815 in
3159 3761 3476 3833 hujusmodi
3511 3764 3757 3820 occasio—

2171 3852 2337 3906 nibus
2372 3851 2492 3906 ﬁeri
2535 3852 2694 3906 solet.
2745 3851 2851 3905 Alii
2901 3853 3210 3907 Protcrium
3261 3855 3620 3924 pertinaciter
3661 3856 3760 3912 de-

2171 3941 2472 3996 fendebant
2510 3960 2522 3994 :
2562 3942 2703 3996 adeo
2756 3951 2816 3996 ut
2867 3945 3038 3998 multa
3083 3945 3380 3999 admodum
3430 3948 3642 4017 gravia,
3693 3963 3758 4004 ac

2171 4048 2344 4102 prope
2376 4033 2700 4086 insanabilia
2745 4033 2870 4088 inde
2916 4035 3299 4105 produxerim.
3331 4037 3493 4092 Certe
3538 4038 3758 4094 Priscus

2172 4126 2364 4182 rhetor
2403 4126 2460 4180 in
2501 4127 2743 4181 Historia
2781 4143 2877 4183 sua
2921 4130 3114 4185 scribit
3153 4131 3240 4187 his
3281 4134 3624 4204 temporibus
3666 4150 3758 4189 ve—

2172 4218 2320 4273 nisse
2364 4233 2422 4272 se
2465 4217 2854 4274 Alexandriam
2899 4234 2968 4275 ex
3006 4225 3290 4292 provincia
3339 4226 3657 4293 Thebaide,
3703 4237 3758 4282 et

2172 4309 2361 4381 populi
2386 4308 2796 4364 multitudinem
2822 4311 3086 4384 impetum
3111 4313 3166 4368 in
3191 4317 3538 4387 magistratus
3557 4318 3761 4372 facien-

2181 4411 2290 4458 tem
2335 4401 2561 4458 vidisse.
2592 4402 2841 4474 Cumque
2889 4407 3090 4463 milites
3134 4409 3463 4466 seditionem
3507 4409 3762 4465 inhibere

1828 4634 2064 4690 VARIAE
2109 4634 2497 4693 LECTIONES
2513 4659 2528 4677 -

545 4702 960 4777 ³⁹⁶ἐπιμελείας.

1699 4799 1973 4858 VALESII
2013 4800 2582 4859 ANNOTATIONES.

556 4892 670 4973 .(39)
711 4895 834 4973 Teir
864 4892 1134 4973 Θῃξαίων
1155 4893 1477 4973 ἐπαρχίαν.
1510 4894 1666 4949 Hunc
1686 4897 1873 4973 locum
1907 4895 2070 4973 resti-

2179 4912 2306 4973 s_cus
2335 4896 2544 4949 rhetor.
2573 4893 2735 4973 Certe
2782 4891 3005 4973 Priscus
3045 4891 3104 4973 in
3151 4891 3433 4973 provincia
3472 4891 3756 4973 Thebaide

492 4963 565 5015 tui
599 4979 666 5016 ex
708 4961 898 5017 codice
927 4961 1290 5026 Florentino,'
1320 4961 1410 5019 cui
1448 4967 1726 5020 consentit
1777 4967 1943 5020 etiam
1977 4965 2073 5019 Ni—

487 5033 761 5100 cephorus
807 5033 863 5086 in
916 5049 1037 5102 cap.
1098 5051 1206 5088 vnr
1242 5035 1368 5088 libri
1403 5035 1488 5089 15.
1535 5037 1777 5090 Pessime
1820 5035 2074 5091 Christo-

487 5103 1212 5176 p_horsonus_emendaverat
1249 5107 1339 5176 τὸν
1373 5108 1483 5158 τῶν
1517 5107 1770 5176 Θηϐαίων
1811 5107 2071 5174 ἔπαρχον.

486 5172 673 5258 tVeque
723 5172 872 5258 enim
911 5173 1148 5258 Thebais
1180 5175 1466 5258 P‘roviucia
1495 5191 1537 5258 ἓν
1563 5172 1820 5258 praefecto
1851 5172 2075 5258 regeba-

488 5249 577 5295 tur
604 5261 635 5316 ;Δ
663 5242 781 5316 διξάῄ
809 5245 1126 5316 a_praeside,
1172 5253 1234 5298 ut
1287 5245 1450 5301 docet
1490 5242 1690 5300 No'titia
1725 5242 1936 5316 imperii
1965 5244 2072 5299 Ro-

489 5313 654 5386 ma_ni.
686 5312 1046 5386 peindenon
1097 5323 1366 5386 rectorem
1416 5317 1716 5386 provincias
1742 5312 2068 5376 Thebaidis.

487 5381 584 5438 sed
619 5383 867 5453 seipsum
896 5384 1282 5439 Alexandriam
1312 5381 1442 5441 tunc
1476 5387 1694 5441 venisse
1721 5386 1917 5442 scribit
1946 5387 2070 5440 Pri-

2182 4967 2277 5021 diu
2311 4975 2564 5020 versatus
2595 4965 2771 5019 fuerat
2797 4978 2920 5017 cum
2947 4961 3241 5016 Maximino
3266 4963 3427 5024 duce,
3452 4963 3611 5031 cujus
3639 4971 3760 5016 erat

2183 5035 2535 5090 consiliarius
2576 5045 2632 5089 et
2676 5048 2942 5094 assessor,
3001 5039 3135 5085 tunc
3187 5047 3312 5086 cum
3366 5031 3456 5086 ille
3495 5033 3760 5086 adversus

2183 5106 2372 5160 Nubas
2433 5114 2493 5158 et
2527 5105 2836 5174 Blemmyas
2884 5101 3091 5174 bellum
3140 5110 3371 5174 gereret,
3420 5111 3480 5174 ut
3530 5102 3765 5174 ipsemet

2182 5176 2344 5230 docet
2369 5174 2424 5228 in
2457 5171 3126 5242 Excerptis'legationum.
3152 5171 3214 5226 'ln
3241 5171 3764 5242 Telleriano'codice

2180 5243 2526 5299 hunclocum
2559 5240 2916 5312 ita—scriptum
2945 5240 3152 5312 inveni,
3181 5241 3383 5312 φθῆναι
3416 5241 3482 5294 δι’
3522 5244 3766 5309 Ἀλεξάν-

2179 5316 2308 5386 δρου
2345 5317 2443 5381 τῆς
2490 5313 2742 5386 Θηϐαίων
2768 5311 3062 5386 ἐπαρχίας.
3091 5311 3274 5386 Malim
3308 5320 3490 5367 tamen
3519 5313 3765 5368 scribere

2182 5381 2383 5456 φθῆναι
2413 5386 2472 5447 ἐς
2501 5381 2605 5454 τῆν
2646 5381 2996 5450 Ἀλεξάνδρου
3029 5384 3092 5434 ἐκ
3113 5381 3233 5452 τῆς,
3269 5390 3370 5437 etc.

1943 5499 2340 5556 VARIORUM.

569 5588 646 5661 (ἡ)
681 5590 1012 5660 Διόσκορος
1040 5591 1156 5662 μὲν
1181 5592 1296 5660 τὴν
1329 5593 1711 5662 Γαγγρηνῶν.
1743 5593 1967 5648 Certum
1990 5603 2077 5648 est

387 5663 402 5672 ‘
489 5658 814 5718 Dioscorum
843 5658 1117 5737 Gangram
1143 5658 1282 5720 Asiae
1323 5658 1852 5720 Minoris‘civitatem
1880 5665 2080 5734 depor-

2145 5599 2156 5612 ‘
2187 5601 2360 5647 tatum
2394 5605 2517 5646 esse
2542 5577 2688 5644 anno
2722 5587 2849 5656 451,
2889 5589 3078 5658 ibique
3132 5589 3410 5650 interiisse
3458 5607 3602 5649 anno
3636 5592 3772 5649 45d.

2191 5663 2327 5720 Vide
2365 5662 2492 5720 Ant.
2521 5660 2652 5732 Pag.
2687 5659 2756 5715 ad
2785 5676 2911 5717 ann.
2951 5662 3079 5724 451,
3110 5676 3167 5715 ιι.
3194 5660 3287 5718 66.
3365 5667 3368 5670 ’
