4070 6176
393 369 529 436 2513

1327 379 1702 442 HISTORI/E
1743 381 2341 450 ECCLESIASTIC/E
2380 385 2612 450 LIBER
2648 387 2732 448 II.

3517 391 3659 456 2514

394 483 784 554 ἁναῤῥιπίσαι,
830 484 926 538 καὶ
967 485 1325 556 ἀνασοὸἧσαι.
1371 489 1484 542 Καὶ
1517 490 1818 563 ἐπειδήπερ
1856 493 1986 548 Ἰου-

2093 512 2215 551 nam
2242 507 2517 553 venerunt
2554 518 2568 551 :
2599 497 2874 569 ﬁdemque
2898 499 3174 569 proditam
3197 506 3504 574 conquesti,
3535 511 3660 562 uni-

394 575 638 640 ϐενάλιος
666 575 759 629 τὸν
782 579 983 632 οἰκεῖον
1015 579 1560 652 κατειλήφειθρόνον,
1595 583 1692 636 καὶ
1722 583 1979 656 βιαζόμε-

391 682 482 729 νος
523 664 679 736 παρὰ
718 666 827 719 τῶν
858 668 1240 739 ἀνασυρόντων
1289 671 1358 723 τὰ
1397 673 1576 726 οἰκεῖα
1605 661 1981 730 ἀνασκευάσαι

389 774 449 810 τε
489 757 585 811 καὶ
607 757 1029 829 ἀναθεματίσαι,
1065 760 1209 813 κατὰ
1231 761 1330 831 τὴν
1361 762 1630 832 βασιλέως
1683 767 1838 820 πόλιν
1884 770 1978 823 dvo

394 848 652 919 έδραμεν,
688 849 1001 916 ἁλισθέντες
1041 854 1090 906 oi
1131 853 1391 908 τάναντία
1430 856 1531 926 τῆς
1579 858 1638 909 ὲν
1675 859 1981 931 Καλχηδόνι

394 942 634 1004 συνόδου,
671 943 746 1007 ὡς
797 945 1056 1014 ἀνωτέρω
1102 946 1444 1017 εἰρήκαμεν,
1491 949 1839 1019 φρονοῦντες,
1871 970 1983 1022 χει-

397 1035 705 1103 ροτονοῦσιν
737 1036 842 1090 ἀνὰ
869 1037 970 1106 τὴν
999 1037 1163 1105 ἁγίαν
1192 1039 1490 1093 ἀνάστασιν
1528 1042 1641 1112 (45')
1675 1043 1978 1111 Θεοδόσιον,

393 1126 483 1178 τὸν
520 1127 759 1196 μάλιστα
789 1129 1107 1198 κυκήσαντα
1157 1131 1258 1202 τὴν
1312 1133 1370 1186 ἐν
1400 1133 1708 1206 Καλχηδόνι
1740 1136 1976 1205 σύνοδον,

395 1215 485 1270 τὸν
531 1219 628 1272 καὶ
684 1220 901 1290 πρῶτον
957 1223 1086 1293 περὶ
1139 1225 1344 1295 ταύτης
1395 1225 1578 1290 αὐτοῖς
1621 1229 1978 1298 ἀγγείλαντα.

400 1308 530 1378 Περὶ
559 1302 621 1361 οὗ
658 1309 885 1381 ὕστερον
935 1312 994 1365 τὸ
1041 1315 1098 1367 ὲν
1131 1315 1468 1388 Παλαιστίνῃ
1509 1320 1805 1389 μοναχικὸν
1845 1323 1982 1393 πρὸς

410 1397 708 1452 Ἀκλίσωνα
737 1402 946 1471 γράφον
979 1403 1093 1473 (46)
1124 1407 1366 1476 εἴρηκεν,
1396 1406 1472 1470 ὡς
1502 1411 1596 1461 καὶ¹
1625 1411 1755 1482 περὶ
1783 1412 1878 1465 τοῦ
1907 1415 1984 1467 oi-

398 1490 542 1543 κείου
590 1493 894 1547 ἐπισκόπου
945 1496 1065 1566 (47)
1119 1499 1211 1550 ἐπὶ
1269 1501 1634 1569 κακουργίαις
1666 1502 1848 1567 ἁλοὺς,
1887 1505 1981 1556 τοῦ

399 1581 517 1633 κατ’
564 1583 728 1635 αὐτὸν
761 1586 1016 1659 ἀπηλάθη
1073 1594 1459 1663 μοναστηρίου,
1507 1595 1601 1646 καὶ
1639 1595 1720 1648 ὅτι
1747 1613 1810 1664 γε
1843 1596 1983 1648 κατά

395 1671 494 1740 τὴν
533 1672 888 1748 Ἀλεξάνδρου
935 1681 1228 1751 γενόμενος
1283 1685 1589 1738 ἀπελὰὁετο
1612 1686 1705 1738 τοῦ
1761 1687 1984 1742 Διοσκό-

399 1780 494 1833 ρου
519 1765 632 1836 (48)
661 1769 755 1821 καὶ
777 1769 1000 1834 πολλαῖς
1025 1773 1101 1836 ὡς
1132 1776 1436 1846 στασιώδης
1461 1777 1818 1844 καταξανθεὶς
1847 1777 1984 1846 πλη-

2085 1788 2254 1847 esset,
2288 1783 2628 1838 monasterio
2661 1799 2764 1837 suo
2805 1784 3097 1853 expulsum
3148 1785 3319 1841 fuisse

2082 604 2274 645 versos
2303 590 2604 644 monachos
2631 591 2911 647 concitare
2950 599 3118 663 atque
3167 593 3508 652 inﬂammare
3549 615 3663 655 cae-

2083 689 2303 750 perunt.
2342 683 2411 736 Et
2445 682 2708 752 quoniam
2736 683 3028 740 Juvenalis
3062 687 3345 756 propriam
3369 689 3554 744 sedem
3579 707 3666 746 re-

2083 785 2329 843 ceperat,
2379 791 2617 846 cumque
2670 794 2700 831 a
2768 775 3050 832 seditiosis
3116 780 3544 849 compelleretur
3608 791 3666 836 ut

2083 866 2412 920 sententiam
2473 883 2626 922 suam
2689 877 3014 923 retractaret
3095 879 3261 939 atque
3314 873 3669 929 anathemate

2083 955 2392 1021 damnaret,
2425 957 2492 1011 ad
2550 957 2744 1012 urbem
2798 957 3003 1028 regiam
3055 959 3433 1026 contenderat,
3483 963 3519 1016 ii
3570 967 3666 1034 qui

2082 1047 2520 1103 Chalcedonensi
2581 1049 2792 1119 synodo
2844 1051 3122 1104 contraria
3185 1054 3520 1117 sentiebant,
3586 1057 3666 1110 uti

2083 1155 2254 1210 supra
2280 1138 2415 1202 dixi,
2465 1138 2521 1192 in
2553 1154 2723 1192 unum
2756 1144 3042 1202 coeuntes,
3075 1140 3128 1193 in
3169 1141 3402 1196 ecclesia
3451 1142 3668 1200 Sancta:

2083 1230 2538 1285 Resurrcctionis
2579 1233 2905 1300 episcopum
2955 1230 3218 1286 ordinant
3269 1233 3676 1299 Theodosium,

2083 1339 2210 1377 eum
2231 1323 2323 1391 qui
2350 1322 2404 1376 in
2424 1320 2862 1378 Chalcedonensi
2887 1322 3098 1394 synodo
3114 1325 3380 1379 maximos
3400 1327 3670 1382 tumultus

2083 1415 2442 1476 excitaverat,
2463 1413 2788 1484 primusque
2818 1415 2950 1484 ipsis
2981 1414 3048 1470 de
3077 1417 3268 1471 eadem
3291 1419 3501 1488 synodo
3527 1436 3669 1474 nun-

2085 1506 2338 1560 tiaverat.
2363 1507 2440 1560 De
2463 1520 2575 1574 quo
2603 1514 2793 1575 postea
2818 1507 3071 1562 monachi
3094 1509 3396 1565 Palaestinae
3441 1526 3566 1567 cum
3597 1515 3667 1569 ad

2090 1597 2254 1668 294
2279 1597 2592 1652 Alcisonem
2623 1599 2958 1664 scriberent,
2981 1600 3098 1655 haec
3115 1601 3426 1657 retulerunt
3462 1621 3474 1656 :
3515 1620 3665 1669 eum,

2086 1706 2210 1744 cum
2240 1706 2270 1744 a
2302 1690 2526 1760 proprio
2559 1691 2820 1761 episcopo
2870 1693 2925 1746 in
2974 1692 3259 1748 maleficiis
3291 1694 3670 1764 deprehensus

3367 1803 3380 1840 :
3431 1803 3680 1858 cumque.

400 1857 540 1923 ταῖς,
588 1857 681 1910 ἐπὶ
711 1862 963 1932 καμήλου
999 1864 1091 1919 ἴσα
1122 1867 1453 1938 κακούργοις
1475 1911 1489 1936 ,
1523 1869 1626 1924 ἀνά
1677 1870 1776 1940 τὴν
1826 1869 1978 1922 πόλιν

2093 1875 2472 1930 Alexandriam
2506 1875 2774 1941 venisset,
2825 1877 3084 1931 adortum
3141 1893 3263 1933 esse
3314 1878 3664 1942 Dioscorum,

402 1948 753 2021 περιηνέχθη.

477 2232 622 2304 Πρὸς
664 2234 724 2288 ὃν
759 2237 950 2292 πολλα).
980 2238 1088 2292 τῶν
1119 2241 1175 2292 ἐν
1209 2240 1595 2304 Παλαιστίναις
1633 2241 1841 2294 πόλεων
1876 2243 1982 2310 ἀερ-

403 2326 720 2397 ικνούμεναι
769 2327 881 2400 (49)
911 2370 926 2393 ,
975 2333 1396 2402 χειροτονεῖσθαι
1429 2333 1609 2401 σφίσιν
1641 2334 1974 2396 ἐπισκόπους

403 2417 836 2485 παρεσκεύαζον.
886 2421 974 2473 Ἐν
1002 2416 1086 2484 οἷς
1114 2423 1467 2493 καθειστήκει
1495 2428 1589 2476 κα)⁸
1618 2424 1890 2494 Πέτρος“ό
1925 2428 1984 2492 ἐξ

414 2505 672 2578 Ἰϐηρίας,
699 2510 792 2563 τοῦ
817 2511 1154 2581 καλουμένου
1184 2515 1446 2584 Μαῖουμᾶ
1483 2516 1576 2567 τοῦ
1609 2516 1746 2586 πρὸς
1783 2520 1848 2586 τῇ
1883 2517 1921 2568 Γ
1924 2534 1984 2570 α-

402 2596 571 2659 ζαίων
595 2599 747 2653 πόλει
772 2603 900 2666 τοὺς
941 2605 1133 2667 οἴακας
1161 2607 1259 2675 τῆς
1299 2607 1608 2676 ἐπισκοπῆς
1639 2609 1980 2672 πιστευθείς.

402 2691 585 2762 "Amp
618 2695 806 2763 ἐπειδὴ
853 2697 1174 2767 Μαρκιανὸς
1212 2698 1374 2768 ἔγνω,
1400 2700 1593 2770 πρῶτα
1624 2702 1722 2768 μὲν
1749 2702 1984 2773 ἀχθῆναι

403 2785 536 2853 παρ’
563 2784 713 2856 αὐτῷ
761 2787 903 2840 κατά
935 2788 996 2841 τὸ
1031 2790 1393 2859 στρατόπεδον
1427 2793 1518 2844 τὸν
1568 2792 1848 2849 Θεοδόσιον
1894 2809 1985 2845 κε-

400 2874 567 2930 λεύει.
613 2877 916 2948 Ἐκπέμπει
946 2880 1001 2933 δὲ
1035 2880 1124 2933 τὸν
1164 2881 1543 2947 Ἰουϐενόιλιον,
1578 2883 1716 2952 πρὸς
1757 2882 1985 2954 διόρθω-

406 2983 488 3019 σιν
516 2967 624 3020 τῶν
663 2962 1068 3042 γεγενημένων,
1102 2973 1444 3043 ἀπελαθῆναι
1480 2975 1688 3038 πάντας
1722 2975 1849 3040 τοὺς
1880 2975 1986 3029 ὑπὸ

403 3057 680 3114 Θεοδοσίου
739 3063 1216 3134 χειροτονηθέντας
1281 3065 1762 3136 ἐγκελευσάμενος.
1830 3067 1985 3120 Μετὰ

2085 1975 2141 2020 et
2164 1973 2421 2035 tanquam
2447 1967 2773 2021 seditiosum
2801 1968 2990 2023 multis
3009 1969 3294 2023 concisum
3319 1969 3664 2032 verberibus,

2085 2066 2141 2110 et
2171 2057 2382 2112 camelo
2414 2057 2736 2126 impositum
2773 2075 2874 2128 per
2905 2060 3220 2114 universam
3251 2059 3466 2126 urbem,
3498 2061 3668 2117 instar

2089 2147 2344 2213 malefici,
2396 2146 2713 2202 traductum
2767 2149 2962 2204 fuisse.

2157 2239 2237 2294 Ad
2273 2221 2423 2295 hunc
2454 2241 2625 2311 igitur
2652 2242 2812 2296 multi
2855 2259 2922 2297 ex
2965 2242 3198 2297 urbibus
3234 2243 3399 2296 trium
3427 2243 3668 2298 Palaesti-

2087 2344 2280 2382 narum
2316 2330 2666 2395 accedentes,
2699 2333 2990 2401 episcopos
3021 2333 3089 2387 ab
3142 2333 3236 2387 illo
3265 2332 3373 2388 sibi
3421 2333 3690 2387 ordinari.

2086 2427 2376 2475 curarunt.
2409 2421 2561 2477 Inter
2590 2438 2731 2492 quos
2760 2423 2864 2478 fuit
2893 2425 3091 2478 Petrus
3117 2425 3340 2494 quidam
3400 2424 3679 2480 oriundus

2085 2524 2154 2562 ex
2198 2509 2449 2576 Hiberia,
2494 2515 2583 2568 cui
2619 2514 2892 2586 Majumm,
2937 2514 3086 2584 quod
3130 2515 3395 2585 oppidum
3431 2523 3516 2569 est
3547 2515 3669 2585 jux-

2087 2606 2140 2653 ta
2165 2602 2361 2656 urbem
2389 2602 2733 2671 Gazaeorum,
2777 2607 3134 2676 episcopatus
3182 2607 3513 2662 commissus
3559 2615 3664 2661 est.

2086 2689 2214 2746 Haec
2278 2693 2374 2747 ubi
2448 2696 2721 2765 comperit
2785 2696 3116 2761 Marcianus,
3191 2698 3374 2768 primo
3448 2696 3684 2767 quidem

2086 2781 2458 2840 Theodosium
2514 2786 2582 2840 ad
2645 2803 2703 2842 se
2742 2786 2798 2842 in
2848 2789 3167 2844 comitatum
3217 2788 3446 2859 perduci
3488 2789 3665 2859 jubet.

2086 2874 2295 2929 Deinde
2320 2875 2644 2932 Iuvenalem
2684 2879 2873 2943 mittit,
2904 2888 3056 2934 utea
3096 2896 3219 2949 qua:
3261 2887 3412 2950 gesta
3453 2878 3670 2932 fuerant

2085 2966 2388 3036 corrigeret
2423 2968 2737 3023 :mandans
2767 2979 2828 3023 ut
2852 2978 3082 3024 cunctos
3128 2970 3224 3039 qui
3278 2985 3314 3023 a
3357 2968 3670 3023 Theodosio

2086 3056 2326 3111 ordinati
2355 3058 2595 3124 fuerant,
2641 3059 2962 3130 expelleret.
2991 3060 3123 3115 Post
3155 3060 3458 3114 adventum
3503 3057 3674 3128 igitur

402 3151 535 3220 γοῦν
567 3153 664 3222 τὴν
699 3153 884 3223 ἄφιξιν
927 3155 1301 3221 Ἰουόεναλίου,
1338 3156 1507 3210 πολλὰ
1540 3162 1635 3212 καὶ
1664 3159 1864 3229 ἀνιαρὰ
1889 3175 1983 3226 γε·-

2093 3149 2390 3216 Iuvenalis,
2437 3153 2611 3207 multa
2641 3152 2818 3207 tristia
2848 3161 3014 3222 atque
3059 3153 3260 3208 acerba
3288 3151 3665 3221 contigerunt,

404 3240 625 3307 γόνασιν
677 3242 884 3297 ἐκεῖθεν
942 3244 1095 3299 ἐνθεν
1131 3246 1450 3318 προϊόντων,
1481 3239 1704 3317 ὅσαπερ
1736 3249 1764 3301 ό
1816 3247 1986 3317 θυμὸς

407 3332 589 3396 αὐτοῖς
619 3335 949 3407 ὑπηγόρευε.
975 3337 1081 3391 Τοῦ
1113 3338 1387 3408 βασκάνου
1417 3339 1511 3391 καὶ
1549 3339 1835 3410 θεομισοῦς
1867 3340 1975 3394 δαί-

2093 3258 2218 3297 cum
2244 3258 2311 3298 ex
2334 3254 2570 3314 utraque
2602 3254 2758 3315 parte
2793 3245 2990 3302 ﬁerent
3017 3259 3380 3316 quaacumque
3409 3243 3566 3300 furor
3592 3243 3674 3312 ip-

2095 3339 2172 3394 sis
2219 3336 2568 3408 suggerebat.
2601 3335 2816 3408 Quippe
2865 3337 3107 3401 invidus,
3168 3337 3396 3406 Deoque
3464 3333 3690 3390 invisus.

412 3441 592 3493 μονος,
628 3426 804 3491 οὕτως
839 3429 959 3493 ἑνὸς
987 3431 1320 3502 γράμματος
1372 3431 1680 3502 ἐναλλαγὴν
1730 3431 1844 3503 (50)
1891 3450 1989 3486 κα-

2093 3433 2326 3495 daemon,
2375 3429 2543 3483 unius
2589 3428 2789 3484 litterae
2844 3431 3206 3488 mutationem
3253 3428 3394 3484 adeo
3441 3426 3691 3496 maligne-

411 3515 660 3586 κούργως
723 3519 1086 3590 τεχνάσαντός
1139 3539 1200 3575 τε
1252 3523 1347 3577 καὶ
1395 3524 1988 3594 παρερμηνεύσαντος,

411 3606 548 3662 ὥστε
579 3610 681 3680 τῆς
709 3611 936 3684 θατέρου
965 3614 1172 3669 τούτων
1200 3607 1565 3684 ὲκφωνήσεώς
1599 3616 1734 3684 (51),
1762 3616 1982 3680 πάντως

415 3701 723 3775 ἐπαγούσης
745 3705 979 3760 ἐνταῦθα
993 3706 1053 3760 τὸ
1079 3706 1165 3760 Ere
1174 3725 1284 3779 ρον,
1308 3707 1444 3761 πολὺ
1461 3706 1522 3760 τὸ
1537 3705 1818 3762 διαλάττον
1841 3707 1993 3777 παρά

416 3794 522 3856 τοῖς
552 3793 763 3847 πλείοσι
793 3794 1133 3866 νομίζεσθαι,
1179 3797 1270 3850 καὶ
1301 3795 1532 3868 ἀντικρὺ
1563 3795 1662 3858 τὰς
1697 3794 1904 3858 ἐννοίας
1932 3796 1996 3848 ὲκ

2090 3517 2438 3578 commentus
2475 3537 2540 3576 ac
2573 3538 2865 3592 perperam
2919 3523 3322 3589 interpretatus
3380 3518 3583 3581 fuerat,
3613 3525 3692 3569 ut<

2091 3627 2218 3667 cum
2249 3611 2416 3666 unius
2453 3610 2653 3667 litterae
2674 3612 2912 3681 prolatio
2951 3611 3180 3665 alteram
3231 3610 3459 3663 omnino
3509 3605 3690 3661 simul.

2095 3703 2342 3768 inducat,
2378 3703 2616 3757 multum
2640 3710 2825 3758 tamen
2868 3703 3014 3756 inter
3039 3715 3134 3755 eas
3158 3715 3281 3755 esse
3313 3696 3690 3756 discriminis,.

2095 3803 2152 3850 et
2184 3809 2382 3851 sensus
2414 3793 2710 3866 utriusque
2738 3809 2808 3850 ex
2830 3794 3101 3850 diametro
3137 3793 3296 3852 inter.
3327 3808 3387 3850 se
3433 3805 3675 3861 pugnare

1618 3958 1888 4016 VALESN
1930 3957 2492 4015 ANNOTATIONES.
2753 4025 2756 4028 1

485 4070 599 4141 (45)
649 4071 789 4154 Ἀνά
816 4072 1541 4154 τὴν-ἁγίανοάννάστασιν.
1575 4075 1711 4154 Male
1754 4073 1989 4154 Christo-

2104 4073 2412 4154 p_retat_ione
2443 4088 2563 4154 mea
2590 4087 2711 4126 sum
2741 4069 3127 4154 secutus.“Nec
3154 4063 3564 4154 alitervidetur
3597 4065 3676 4118 le-

421 4144 733 4211 phorsonus
770 4142 919 4196 hunc
950 4143 1129 4196 locum
1153 4143 1549 4212 interpretatus
1574 4154 1658 4200 est
1684 4145 1790 4198 hoc
1815 4143 2000 4198 modo:

416 4215 472 4265 In
508 4221 696 4265 sancto
732 4214 814 4265 die
851 4213 983 4280 festo
1030 4213 1474 4276 Resurrectionis,
1511 4215 1855 4268 Theodosium
1907 4213 2002 4266 de-

419 4285 631 4352 signant
692 4284 1012 4352 episcopum.
1050 4282 1276 4337 Rectius
1322 4283 1621 4349 Musculus,
1678 4284 1998 4338 ordinarunt

420 4351 476 4405 in
520 4352 738 4406 ecclesia
767 4351 980 4406 Sanctae
1001 4352 1415 4407 Resurrectionis
1442 4354 1784 4408 Theodosium
1815 4351 1992 4418 illum,

420 4432 525 4476 etc.
565 4423 641 4476 De
665 4422 770 4476 hac
791 4422 1022 4476 ecclesia
1057 4422 1271 4478 Sancta:
1308 4424 1770 4483 Resurrectionis,
1821 4422 1988 4475 multa

2101 4135 2242 4214 gisse
2267 4143 2637 4214 ,Nicephorus,
2672 4141 2764 4214 qui
2803 4140 2949 4214 hunc
2978 4136 3198 4214 Evagrii
3239 4135 3420 4214 locum
3469 4135 3550 4187 sic
3579 4150 3676 4214 ex-

2099 4205 2324 4282 pressit,
2385 4205 2482 4265 καὶ
2527 4211 2620 4264 ἐπὶ
2684 4205 2787 4282 ξιῇς
2869 4205 3219 4282 ξΑλεξὰνδρου
3260 4205 3518 4282 διᾴφορος
3571 4208 3682 4282 Διο-

2098 4275 2279 4354 ξτκόρῳ
2311 4275 2571 4354 κατέστη.
2595 4275 3588 4354 AtMusoniusgetChristophorsonus
3623 4277 3686 4327 in

2093 4348 2261 4420 hujus
2289 4353 2394 4406 loci
2425 4348 2678 4406 versione
2709 4349 2849 4420 nihil
2870 4348 3160 4420 viderunt.
3191 4397 3193 4399 .

2126 4413 2237 4492 (49)
2257 4423 2410 4489 Πρὸς
2439 4421 2513 4474 ὃν
2532 4419 2802 4492 πολλοὺς
2819 4419 2938 4472 τῶν
2953 4419 3022 4471 ἐν
3041 4414 3418 4492 Παλαιστίνη
3444 4413 3683 4492 πόλεων

423 4494 548 4546 olim
597 4492 885 4546 observavi
934 4491 987 4544 in
1032 4492 1494 4546 Adnotationibus
1528 4491 1874 4547 Eusebianis.
1922 4491 1997 4546 De
2024 4498 2078 4557 1)
2104 4483 2569 4560 ἀφικνούμενον.
2603 4489 2761 4544 Hunc
2782 4483 2970 4560 locum
3001 4486 3214 4560 corregti
3248 4501 3316 4560 ex
3353 4483 3682 4560 ms._co¢_l_ice

425 4561 946 4634 Theodosioautem
972 4561 1081 4616 isto
1115 4563 1628 4634 llierosolyinitanm
1657 4560 1996 4634 sedis__inva-_-

425 4646 567 4698 sore,
595 4631 975 4686 consulendus
1003 4638 1090 4685 est
1118 4630 1388 4687 Baronius
1418 4632 1487 4686 ad
1531 4647 1739 4690 annum
1788 4630 1995 4686 Christi

494 4772 607 4838 (46)
638 4769 794 4837 Πρός
834 4770 1173 4823 Ἀκλίσωνα
1197 4771 1445 4840 γράφον.
1475 4770 1842 4827 Scribendum
1869 4785 1998 4839 pro-

428 4843 511 4912 cul
533 4843 705 4896 dubio
730 4850 814 4912 est
839 4839 1317 4912 πρδςἈλκίσωνα,
1345 4850 1405 4912 ut
1427 4841 1634 4911 legitur
1661 4843 1808 4912 apud
1835 4841 1998 4912 Nicef

429 4911 679 4978 phorum.
741 4910 867 4965 Haec
899 4909 1098 4964 litterae
1139 4909 1538 4964 monachorum
1586 4909 1888 4966 Palaestina:
1931 4910 2001 4964 ad

429 4980 735 5062 Alcisonem
763 4980 1079 5062 referuntur
1099 4981 1166 5062 ab
1194 4981 1428 5062 Evagrio
1451 4980 1505 5035 in
1522 4997 1650 5062 cap.
1675 4982 1736 5062 Eii
1765 4981 1891 5036 libri
1920 4995 1998 5045 ιιι,

427 5051 494 5104 ad
519 5067 683 5120 quem
708 5050 891 5104 locum
922 5049 1085 5118 plura
1112 5051 1180 5120 de
1214 5049 1472 5106 Alcisone
1503 5049 1706 5105 dicturi
1734 5066 1949 5106 sumus.

498 5119 608 5191 (47)
650 5119 747 5185 Ὠς
782 5120 879 5172 καί
907 5120 1048 5191 (περὶ
1078 5119 1182 5173 τοῦ
1212 5121 1433 5191 ο-Ικείου
1453 5122 1814 5175 ἐπισκόπου.
1852 5121 2000 5176 Hen-

429 5189 848 5246 ric'us'Savilius
903 5190 959 5243 in
1020 5204 1120 5244 suo
1154 5189 1344 5245 codice
1392 5191 1458 5244 ad
1501 5192 1647 5244 latus
1673 5199 2000 5244 annotarat:

430 5261 562 5328 forte
591 5261 760 5330 παρά.
802 5260 880 5313 ita
911 5266 1062 5330 certe
1096 5261 1346 5330 legerunt
1369 5261 1648 5314 Musculus
1671 5270 1727 5314 et
1748 5261 2002 5315 Christo-

431 5329 756 5399 phorsonus.
778 5330 890 5400 Nec
918 5329 1079 5383 aliter
1114 5329 1405 5400 Evagrium
1440 5331 1726 5398 scripsisse
1759 5346 1862 5400 pro
1885 5345 2004 5385 cer-

432 5409 486 5455 to
515 5401 712 5455 habeo.
752 5399 859 5454 Sed
903 5399 1208 5468 antiquarii
1246 5400 1301 5452 in
1336 5400 1422 5455 his
1471 5400 1688 5454 duabus
1739 5399 2002 5469 praeposi-

431 5472 671 5525 tionibus
710 5469 1030 5540 frequenter
1078 5470 1187 5524 labi
1235 5471 1433 5534 solent,
1473 5479 1534 5524 ut
1581 5470 1763 5524 sciunt
1818 5470 1856 5525 ii
1907 5471 2002 5540 qui

434 5542 835 5609 manuscriptos
868 5539 1088 5609 codices
1119 5540 1465 5594 evolverunt.

502 5613 612 5680 (48)
678 5608 1028 5680 ’Ᾱπεᾼάξῖετο
1078 5610 1185 5664 τοῦ
1236 5612 1584 5679 Διοσκόρου.
1641 5609 1879 5664 Savilius
1936 5610 2002 5663 ad

435 5679 583 5735 oram
614 5680 699 5736 sui
735 5679 946 5734 codicis
975 5681 1207 5750 notavit,
1245 5681 1384 5735 forte
1417 5680 1706 5750 legendum
1730 5696 1853 5734 esse
1881 5682 2006 5731 ἐπε-

434 5750 643 5819 λάϐετο,
675 5750 820 5819 quod
853 5765 960 5801 non
994 5748 1266 5818 displicet.
1312 5748 1521 5804 Mallem
1550 5759 1728 5803 tamen
1761 5750 2004 5804 scribere

440 5817 732 5876 ἐπεϐάλετό
758 5819 834 5891 τῷ
861 5817 1152 5890 Διοσκόρω.
1196 5824 1368 5887 Quam
1401 5823 1725 5893 seripturaun
1754 5821 1806 5877 in
1837 5821 2006 5876 inter-

2104 4553 2445 4632 Florentino,
2479 4561 2534 4632 in
2573 4577 2686 4629 quo
2718 4560 2792 4614 ita
2824 4559 3044 4632 legitur,
3096 4556 3288 4632 πολλοὶ
3314 4553 3424 4608 τῶν
3470 4555 3526 4604 ὲν
3562 4554 3682 4632 Πα-

2101 4630 2402 4693 λαιστίναις
2435 4626 2642 4684 πόλεων
2684 4626 3100 4698 ἀφικνούμεναι.
3142 4626 3584 4698 Sicconvenerat
3628 4626 3702 4674 in.

2101 4701 2312 4772 synodo
2334 4692 2777 4772 Chalcedonensi
2801 4692 2946 4753 inter
2974 4692 3682 4772 episcoposAntiochenum

2101 4761 2156 4842 et
2183 4771 2763 4842 llierosolymitanum,
2797 4777 2857 4822 ut
2889 4761 3336 4842 tres'Palafstina:
3365 4769 3553 4816 essent
3578 4761 3681 4815 sub

2103 4835 2466 4912 dispositione
2491 4841 2662 4912 episc.
2699 4835 3203 4912 Hierosolymitani.
3260 4904 3280 4912 _
3332 4910 3338 4912 _
3481 4899 3492 4911 .

2175 4900 2286 4982 (ΞΟ)
2320 4910 2493 4975 Ἐνὸς
2512 4900 3230 4982 ᾗςάμματοςέγᾰλλαγήνι
3260 4900 3681 4982 lntclligit'idva-

2103 4971 2717 5064 gri‘us'pragpo—si't‘imleS
2743 4979 2871 5064 illas
2890 4979 3038 5064 favet
3065 4971 3705 5064 quae“

2106 5043 2249 5123 inter
2275 5043 2335 5105 se
2365 5043 2592 5123 distant.
2627 5049 2692 5102 Et
2723 5047 2980 5123 catholici
3026 5046 3251 5123 quidem
3297 5043 3578 5123 Christum
3625 5043 3680 5123 in

2105 5120 2321 5175 duabus
2366 5119 2582 5190 naturis
2633 5114 3086 5190 conﬁtebantuﬂ
3117 5114 3560 5190 Haaretici_vero
3618 5118 3683 5190 ex

2105 5189 2324 5245 duabus
2353 5189 2568 5262 naturis
2599 5204 2725 5244 eum
2753 5187 3281 5262 constareaiebant,
3313 5181 3408 5262 sed
3444 5195 3568 5262 quae
3605 5181 3676 5262 ‘in

2107 5275 2272 5315 unam
2324 5258 2682 5314 coaluissent.
2753 5259 2883 5312 Post
2937 5249 3245 5312 unitioném
3289 5252 3437 5308 enim
3496 5249 3684 5312 Verbi,

2106 5345 2272 5385 unam
2304 5329 2572 5385 duntaxat
2603 5327 2808 5384 Christi
2845 5337 3096 5382 naturam
3127 5339 3250 5380 esse
3281 5319 3652 5378 aﬂirmabant.

2179 5400 2279 5470 (5|,
2330 5399 2445 5470 Τῆς
2474 5399 2725 5467 θατέρου
2751 5400 2982 5453 τούτων
3007 5395 3452 5470 ἐκφρονήοεως.
3483 5391 3685 5445 Assen-

2110 5468 2216 5524 tior
2234 5469 2368 5541 viris
2386 5469 2673 5541 doctisqui
2691 5470 3057 5541 ἐκφωνήσεως
3086 5468 3478 5541 emendarunt,
3496 5476 3692 5541 qucrn-

2107 5540 2404 5611 admodum
2470 5531 2674 5610 legit-ur
2742 5531 2911 5608 a‘pud'
2955 5537 3358 5611 Nicephorum.
3396 5531 3700 5611 ‘Atqucjta

2109 5611 2241 5679 legit
2270 5599 2858 5680 Christopvhorsonu's;
2900 5610 2996 5679 qui
3051 5599 3241 5680 tamen
3287 5611 3350 5663 in
3396 5601 3567 5680 iulius
3593 5599 3701 5650 10⁸³)

2110 5676 2568 5751 interpretatione
2601 5691 2838 5751 mentem
2866 5676 3083 5751 Evagrii
3115 5676 3710 5751 minimecstassemtj

2112 5760 2220 5805 tus.
2259 5746 2440 5807 Certe
2486 5751 2541 5804 in
2593 5750 2784 5808 codice
2829 5746 3141 5810 Telleriano
3194 5749 3497 5816 scriptum
3539 5746 3714 5788 lltVCill

2113 5821 2506 5890 ὲκφωνήσεως.
