3940 6202
355 383 495 450 2515

1555 385 1748 446 EVAG
1759 385 1804 444 Β
1817 383 1834 442 l
1847 384 1870 442 Ι
1913 385 1995 444 SC
2003 383 2196 444 ηοω
2207 385 2400 446 STlCl

3451 389 3577 454 2516

354 513 419 552 ac
457 509 579 548 sese
631 493 868 548 invicem
905 489 1202 564 perimere,
1247 505 1275 543 a
1309 490 1584 560 plerisque
1615 475 1935 545 existimen-

2048 491 2328 564 διαμέτρου
2357 491 2640 564 φέρεσθαι,
2666 491 2760 546 καὶ
2791 493 3037 564 ἀλλήλων
3093 495 3416 566 ἁναιρετικὰς
3453 505 3576 554 καθ-

358 595 466 643 tur.
493 587 627 642 Nam
647 586 742 655 qui
765 585 1047 640 Christum
1068 583 1122 638 in
1144 583 1365 638 duabus
1387 583 1600 638 naturis
1621 583 1939 647 confitetur,

359 681 512 734 illum
541 695 608 733 ex
635 677 852 732 duabus
881 675 1096 731 naturis
1122 683 1460 744 esseapcrte
1505 675 1666 728 dicit.
1711 673 1768 728 Si
1817 675 1942 744 qui-

357 773 482 828 dem
511 773 644 826 dum
670 770 954 826 Christum
981 769 1036 822 in
1067 767 1273 824 deitate
1305 776 1362 821 et
1409 767 1756 822 humanitate
1800 783 1936 822 eon-

359 863 564 927 titetnr,
627 879 692 918 ex
749 861 955 916 deitate
998 869 1056 916 et
1111 860 1454 915 humanitate
1506 876 1633 915 eum
1687 868 1940 914 constare

356 954 630 1009 concedit.
665 955 878 1008 Rursus
901 953 994 1022 qui
1019 967 1088 1006 ex
1116 951 1332 1006 duabus
1362 952 1582 1006 naturis
1608 951 1762 1015 dicit,
1793 951 1938 1005 idem

355 1055 764 1116 consequenter
807 1046 864 1099 in
909 1045 1123 1100 duabus
1163 1046 1326 1098 etiam
1367 1045 1685 1110 conﬁtetur.
1725 1043 1940 1113 Quippe

355 1137 486 1192 dum
523 1154 590 1192 nx
625 1136 832 1192 deitate
865 1145 922 1191 et
951 1136 1296 1190 humanitate
1321 1135 1602 1190 Christum
1637 1150 1758 1190 esse
1783 1135 1936 1198 dicit,

357 1229 410 1282 in
444 1227 646 1282 deitate
671 1235 728 1283 et
753 1228 1102 1281 humanitate
1126 1241 1254 1281 eum
1285 1226 1592 1280 consistere
1623 1225 1938 1294 proﬁtetur,

357 1335 459 1374 nec
487 1335 651 1374 carne
689 1319 746 1373 in
790 1319 1051 1374 deitatem
1089 1333 1380 1382 conversa,
1417 1333 1520 1372 nec
1553 1317 1758 1372 deitate
1805 1317 1938 1370 item

357 1412 409 1465 in
447 1427 670 1466 carnem
696 1419 904 1465 mutata
935 1431 946 1465 :
980 1427 1214 1481 quarum
1239 1409 1535 1464 incﬂ‘abilis
1573 1410 1790 1466 exsistit
1813 1409 1938 1464 uni-

359 1501 452 1556 tio.
487 1501 639 1557 Adeo
672 1510 730 1556 ut
771 1517 872 1572 per
913 1517 1106 1556 vocem
1161 1501 1325 1566 hanc,
1363 1517 1430 1555 ex
1481 1501 1720 1566 duabus,
1774 1499 1938 1556 simul

356 1594 521 1648 etiam
552 1593 840 1648 commode
867 1593 1207 1663 intelligatur
1235 1593 1291 1646 in
1321 1591 1573 1658 duabus;
1612 1601 1668 1648 et
1713 1609 1812 1664 per
1838 1609 1939 1648 vo-

357 1699 476 1739 cem
508 1685 670 1748 hanc,
713 1683 768 1738 in
799 1684 1034 1748 duabus,
1069 1684 1410 1755 intelligatur
1437 1700 1660 1756 quoque
1701 1700 1766 1738 ex
1804 1684 1940 1738 dua-

360 1777 480 1839 bus,
505 1791 610 1830 nec
644 1777 877 1831 alterum
913 1777 1080 1832 distet
1125 1777 1194 1830 ab
1232 1777 1425 1831 altero.
1479 1775 1936 1846 Quandoquidem

2047 581 2288 636 εστάναι.
2322 583 2390 636 "0
2425 599 2484 634 τε
2521 583 2630 653 γὰρ
2669 583 2727 634 ὲν
2767 582 2861 636 δύο
2897 583 3094 653 φύσεσι
3113 585 3202 638 τὸν
3232 587 3436 657 Χριστὸν
3457 593 3574 662 ὀμο-
3673 603 3678 608 ·

2044 671 2242 740 λογῶν,
2274 673 2338 728 ὲκ
2369 673 2460 728 δύο
2491 673 2753 744 ἀντικρὺς
2775 673 2943 743 λέγει,
2989 676 3146 747 εἴπερ
3176 679 3230 730 ἐν
3269 678 3456 747 θεότητι
3493 685 3577 736 καὶ

2044 763 2424 834 ἀνθρωπότητι
2448 765 2826 836 συνομολογῶν
2847 767 2938 820 τὸν
2973 769 3224 838 Χριστὸν,
3253 771 3496 840 ὁμολογῶν
3522 777 3576 828 ὲκ

2045 855 2297 926 θεότητος
2326 857 2460 926 (52),
2479 857 2573 910 καὶ
2599 857 3022 929 άνθρωπότητος
3053 861 3408 916 συντεθεῖσθαι
3431 864 3578 932 λέγει.

2047 949 2115 1000 Ὅ
2149 965 2206 1000 τε
2243 950 2307 1002 ὲκ
2353 948 2448 1001 δύο
2479 949 2676 1016 λέγων,
2707 949 2808 1020 τὴν
2847 953 2903 1004 ἐν
2937 950 3032 1004 δύο
3085 953 3298 1016 πάντως
3327 955 3584 1024 ὁμολογίαν

2043 1040 2276 1108 ἐπάγει,
2325 1041 2482 1114 εἴπερ
2535 1041 2600 1094 ἐκ
2641 1041 2892 1112 θεότητος
2943 1045 3036 1095 καὶ
3073 1044 3472 1115 ἀνθρωπὰτητος
3509 1047 3592 1100 τὸν

2042 1134 2282 1202 Χριστὸν
2325 1132 2523 1200 λέγων,
2558 1135 2617 1186 ἐν
2661 1133 2875 1204 θεότητι
2917 1137 3010 1188 καὶ
3039 1135 3596 1206 ἀνθρωπότητιομολο-

2042 1228 2130 1294 γεῖ
2155 1225 2318 1278 αὑτὸν
2347 1225 2679 1278 καθεστάναι
2705 1242 2717 1254 ·
2752 1225 2876 1278 οὔτε
2907 1226 3005 1296 τῆς
3056 1227 3255 1298 σαρκὸς
3293 1230 3347 1289 ἐς
3393 1227 3599 1296 θεότητα

2045 1312 2506 1384 μεταϐληθείσης,
2539 1313 2666 1366 οὔτε
2701 1310 2767 1368 αὗ
2799 1316 2896 1385 τῆς
2931 1315 3188 1386 θεότητος
3216 1318 3270 1380 ὲς
3307 1317 3474 1386 σάρκα
3507 1336 3598 1388 xta-

2044 1405 2312 1478 ρησάσης,
2341 1405 2402 1468 ἐξ
2435 1397 2510 1460 ὧν
2555 1407 2588 1476 ἡ
2639 1406 2878 1477 ἄῤῥητος
2911 1407 3126 1472 ἓνωσις.
3173 1410 3259 1473 Ὠς
3297 1409 3382 1462 διὰ
3419 1408 3512 1477 τῆς
3545 1410 3602 1460 ἐκ

2041 1497 2136 1550 δύο
2167 1498 2350 1568 φωνῆς
2383 1496 2620 1550 ἐνταῦθα
2657 1497 2896 1552 νοεῖσθαι
2926 1500 3250 1570 προσφόρως
3289 1500 3386 1570 τὴν
3417 1502 3474 1552 ὲν
3499 1499 3602 1565 δύο,

2041 1587 2135 1641 καὶ
2163 1585 2251 1642 διὰ
2277 1589 2374 1656 τῆς
2405 1589 2462 1642 ὲν
2483 1588 2576 1642 δύο
2596 1589 2695 1660 τὴν
2726 1591 2790 1642 ὲκ
2818 1590 2930 1657 δύο,
2955 1591 3050 1644 καὶ
3071 1590 3295 1661 θάτερον
3322 1591 3412 1644 τοῦ
3435 1591 3604 1660 ἑτέρου

2045 1679 2119 1751 μὴ
2173 1679 2666 1750 ἀπολιμπάνεσθαι.
2701 1682 2873 1736 Ὅπου
2917 1699 2982 1750 γε
3031 1683 3176 1738 κατὰ
3205 1684 3266 1736 τὸ
3293 1682 3604 1754 περιούσιον,

2041 1773 2100 1826 οὐ
2136 1773 2296 1843 μόνον
2346 1774 2408 1828 τὸ
2458 1773 2577 1828 ὅλον
2606 1775 2670 1828 ὲκ
2703 1775 2906 1846 μερῶν,
2935 1776 3070 1830 ἀλλὰ
3109 1777 3208 1830 καὶ
3247 1778 3304 1828 ἐν
3353 1776 3532 1846 μέρεσι
3555 1773 3608 1826 τὸ

351 1871 506 1940 juxta
537 1869 912 1923 abundantem
963 1868 1230 1938 loquendi
1269 1885 1455 1935 usum,
1488 1885 1600 1924 non
1649 1869 1828 1924 solum
1873 1885 1935 1924 ex

2048 1865 2160 1918 ὅλον
2176 1866 2522 1937 γνωρίζεται·
2557 1867 2650 1921 καὶ
2674 1868 2820 1938 ὅμως
2855 1867 3026 1932 οὕτως
3049 1867 3297 1940 ἀλλήλων
3321 1866 3610 1936 ἀπεσχοινι-

359 1959 628 2030 partibus,
675 1975 868 2016 verum
900 1961 1066 2015 etiam
1115 1960 1172 2015 in
1207 1961 1460 2031 partibus
1509 1970 1684 2016 totum
1733 1976 1935 2032 cogno-

2048 1956 2159 2008 ςθαι
2196 1956 2369 2010 ταῦτα
2394 1957 2704 2026 νομίζουσιν
2753 1959 3048 2030 ἄνθρωποι,
3077 1961 3334 2032 συνηθείᾳ
3371 1960 3471 2012 τινὶ
3497 1957 3610 2028 περὶ

357 2053 550 2106 scitur.
584 2051 956 2108 Nihilominus
993 2062 1172 2108 tamen
1203 2053 1319 2107 hac
1363 2053 1510 2108 inter
1545 2053 1604 2108 se
1647 2052 1785 2108 adeo
1815 2068 1935 2108 esse

2048 2051 2132 2120 τῆς
2158 2049 2292 2102 θεοῦ
2319 2049 2499 2120 δόξης,
2529 2050 2561 2120 ἢ
2597 2050 2692 2104 καὶ
2725 2051 2788 2104 τὸ
2825 2051 2966 2106 οὕτω
3005 2052 3292 2122 βούλεσθαι
3333 2049 3612 2122 προειλημ-

357 2145 631 2216 disjuncta
652 2145 813 2215 295
827 2160 888 2200 ac
903 2153 1152 2214 separata
1169 2145 1418 2200 homines
1439 2145 1936 2208 arbitrantur,c0n—

2015 2142 2210 2212 ⁹μένοι,
2245 2143 2321 2203 ὡς
2355 2143 2536 2211 πάσης
2569 2141 2710 2206 ἰδέας
2739 2143 2967 2198 θανάτου
3003 2146 3370 2214 περιφρονεῖν,
3406 2143 3436 2210 ἢ
3491 2138 3612 2207 πρὸς

357 2236 653 2292 suetudine
685 2236 920 2306 quadam
939 2236 1006 2291 de
1035 2234 1144 2290 Deo
1169 2235 1464 2308 sentiendi,
1485 2236 1572 2290 vel
1602 2242 1750 2290 certe
1771 2233 1934 2288 indu-

2048 2233 2132 2304 τὴν
2161 2232 2254 2286 τοῦ
2302 2233 2452 2296 ὄντος
2479 2234 2613 2288 ἰέναι
2646 2235 3060 2303 συγκατάθεσιν·
3093 2236 3218 2290 ὅθεν
3243 2235 3312 2288 τὰ
3335 2230 3612 2301 λελεγμένα

357 2327 540 2384 ctione
565 2328 732 2382 animi
757 2329 1124 2398 praeoccupati
1147 2345 1162 2394 ;
1201 2339 1262 2383 ut
1291 2327 1526 2398 quodvis
1549 2327 1741 2382 mortis
1761 2339 1935 2398 genus

2048 2342 2126 2394 μοι
2150 2325 2539 2392 γεγόνασι.Καὶ
2567 2324 2736 2378 ταῦτα
2779 2326 2878 2396 μὲν
2907 2325 3063 2398 ἔσχεν
3086 2327 3278 2391 οὕτως.

358 2423 545 2479 subire
579 2425 792 2488 malint,
821 2441 988 2494 quam
1015 2425 1234 2479 veritati
1253 2439 1588 2480 consensum
1609 2421 2047 2478 accommodare.
2081 2421 2260 2492 Atque
2294 2420 2424 2476 hinc
2479 2429 2602 2475 orta
2618 2429 2750 2476 sunt
2777 2423 2922 2478 mala
2963 2439 3090 2494 qua:
3155 2439 3326 2494 supra
3387 2431 3614 2478 comme-

359 2516 590 2569 moravi.
618 2515 815 2570 \‘crum
842 2517 958 2571 haec
986 2515 1212 2586 quidem
1247 2516 1322 2570 ita
1349 2531 1408 2570 se
1436 2515 1701 2570 habuere.

1007 2626 1160 2682 CAP.
1203 2629 1294 2683 Vl.

357 2721 434 2776 De
467 2722 721 2786 siccitate,
753 2728 802 2774 et
841 2722 904 2774 de
929 2721 1071 2788 fame
1089 2737 1150 2774 ac
1177 2729 1338 2791 peste.
1365 2721 1434 2776 Et
1461 2721 1720 2787 quomodo
1745 2722 1798 2774 in
1823 2721 1942 2789 qui-

429 2791 648 2845 busdam
686 2791 808 2846 loris
843 2791 996 2846 tellus
1029 2807 1128 2846 sua
1158 2801 1345 2864 sponte
1385 2791 1586 2862 fructus
1622 2791 1866 2870 ediderit.

425 2942 626 2998 lisdcm
657 2945 1002 3014 temporibus
1046 2946 1244 3016 ingens
1273 2945 1494 3000 siccitas
1543 2945 1648 3000 fuit
1693 2945 1748 2998 in
1785 2951 1942 3000 utra-

355 3051 464 3106 que
494 3034 728 3106 Phrygia
785 3045 840 3090 et
875 3037 928 3090 in
959 3045 1192 3106 utraque
1222 3035 1456 3101 Galatia,
1496 3035 1850 3106 Cappadocia
1878 3051 1941 3090 ac

355 3127 566 3184 Cilicia.
587 3128 738 3183 Adeo
769 3139 827 3183 ut
859 3141 1047 3185 secuta
1066 3130 1266 3184 exinde
1295 3143 1482 3184 rerum
1497 3129 1940 3185 necessariarum

355 3221 608 3290 penuria.
641 3221 894 3276 homines
928 3223 1109 3277 noxiis
1133 3223 1218 3276 usi
1245 3222 1356 3278 sint
1383 3221 1544 3276 cibis.
1573 3221 1731 3277 Unde
1759 3221 1938 3290 pestis

353 3310 520 3365 etiam
539 3319 730 3366 exorta
755 3321 858 3366 est.
879 3313 958 3366 Ex
985 3313 1164 3368 victus
1190 3313 1338 3366 enim
1367 3312 1674 3368 mutatione
1709 3313 1766 3367 in
1793 3329 1942 3368 mor-

353 3395 485 3449 bum
521 3395 757 3467 delapsi,
799 3400 1129 3468 corporibus
1175 3400 1246 3454 ob
1279 3399 1506 3454 nimiam
1555 3401 1934 3458 inﬂammatio-

355 3501 478 3540 nem
525 3491 986 3554 tumescentibus,
1024 3490 1216 3546 oculos
1256 3491 1628 3548 amittebant:
1663 3493 1939 3564 simulque

355 3574 491 3629 tussi
519 3575 722 3640 vexati,
751 3576 914 3630 tertio
943 3577 1033 3632 die
1063 3580 1463 3634 moriebantur.
1495 3581 1572 3636 Ac
1606 3583 1780 3652 pestis
1815 3583 1940 3652 qui-

351 3663 478 3718 dem
512 3665 725 3720 nullum
759 3675 892 3722 tunc
919 3670 1227 3725 remedium
1269 3671 1451 3741 potuit
1494 3673 1752 3728 inveniri.
1793 3673 1939 3730 Con-

353 3765 435 3810 tra
471 3755 669 3812 famem
693 3775 848 3825 vero,
891 3761 960 3816 iis
987 3762 1082 3832 qui
1127 3763 1332 3818 residui
1391 3772 1569 3830 erant,
1630 3765 1936 3822 remedium

337 3849 614 3930 ‘prmstitit
671 3849 766 3904 Dei
827 3851 1176 3920 providentia
1229 3853 1475 3908 omnium
1535 3857 1933 3912 conservatrix.

351 3937 566 4008 Quippe
596 3955 742 3994 anno
776 3942 868 3996 illo
905 3943 998 4016 qui
1053 3945 1260 4000 sterilis
1289 3945 1490 4011 fuerat,
1535 3947 1695 4002 cibus
1733 3963 1763 4002 e
1793 3949 1936 4002 ccelo

351 4029 586 4098 depluit,
619 4031 766 4100 quod
805 4049 1004 4088 manna
1027 4045 1250 4100 vocant,
1273 4051 1382 4088 non
1415 4051 1578 4090 secus
1607 4045 1772 4106 atque
1803 4038 1934 4091 olim

351 4121 640 4178 lsraelitis.
673 4125 1004 4195 [insequente
1034 4136 1218 4182 autem
1247 4143 1394 4182 anno
1415 4129 1578 4182 tellus
1607 4143 1703 4183 sua
1739 4137 1935 4199 sponte

351 4221 600 4268 maturos
625 4213 838 4270 fructus
874 4217 1127 4286 protulit.
1157 4219 1332 4273 Porro
1367 4219 1484 4274 haec
1517 4221 1803 4284 calamitas
1833 4221 1935 4274 Pa-

351 4305 618 4360 laestinam
647 4323 871 4377 quoque
905 4319 964 4364 et
1005 4309 1142 4365 alias
1175 4311 1430 4381 regiones
1465 4327 1636 4381 prope
1675 4313 1934 4367 innume-

351 4395 557 4450 rabiles
593 4396 822 4467 depasta
857 4407 963 4465 est,
1001 4401 1224 4456 duobus
1259 4402 1348 4456 his
1377 4403 1536 4456 malis
1565 4419 1664 4472 per
1705 4405 1932 4458 univer-

353 4503 474 4540 sum
515 4499 791 4544 terrarum
817 4491 1006 4548 orbem
1032 4493 1483 4566 pcrvagantibus.

993 4607 1146 4664 CAP.
1183 4611 1296 4664 Vll.

349 4695 428 4750 De
455 4697 596 4771 ccede
625 4697 962 4771 imperatoris
1003 4699 1387 4766 Valentiniani,
1441 4712 1488 4756 et
1529 4703 1788 4771 quomodo
1837 4723 1928 4758 ca-

417 4777 514 4843 pta
532 4769 602 4821 sit
625 4767 796 4822 Roma
831 4784 850 4822 :
878 4779 928 4823 et
951 4771 1013 4823 de
1043 4771 1452 4842 imperatoribus
1475 4767 1564 4843 qui
1594 4784 1710 4842 post
1737 4773 1928 4828 Valen-

416 4839 681 4892 tinianum
713 4849 1024 4910 regnarunt.

419 4929 558 4984 Dum
593 4931 710 4986 haec
739 4933 794 4986 in
825 4930 1070 4988 Orientis
1105 4934 1357 5002 partibus
1403 4943 1695 5004 geruntur,
1741 4937 1930 4992 Roma:

347 5021 542 5076 Aetius
593 5023 899 5078 crudeliter
955 5023 1283 5080 interfectus
1341 5035 1446 5080 est.
1505 5026 1930 5084 Valentinianus

2646 2625 2900 2678 ΚΕΦΑΛ.
2938 2627 3031 2692 cr.

2045 2715 2186 2784 Περὶ
2213 2715 2323 2782 τῆς
2351 2715 2677 2784 γενομένης
2704 2717 3048 2784 ἀνομϐρίας,
3074 2716 3260 2785 λιμοῦ
3287 2735 3349 2771 τε
3379 2716 3472 2770 καὶ
3505 2719 3614 2770 .lot-

2113 2787 2230 2855 μοῦ
2253 2802 2276 2857 ᾗ·
2298 2786 2457 2850 ὅπως
2487 2803 2550 2857 τε
2607 2787 2960 2857 παραδόξως
2985 2787 3056 2840 ἕν
3109 2803 3234 2840 τισι
3270 2789 3478 2857 χώραις
3517 2787 3616 2840 αὑ-

2117 2854 2380 2924 τομὰτως
2403 2857 2440 2924 ἠ
2466 2854 2542 2924 γῆ
2571 2855 2712 2921 τοὺς
2743 2859 3012 2924 καρποὺς
3045 2854 3452 2924 ἐϐλάστησεν.
3577 2859 3594 2866 ”

2135 2947 2272 3001 Ὑπὸ
2298 2947 2512 3010 τούτοις
2539 2946 2598 2998 δὲ
2623 2949 2733 3010 τοῖς
2761 2947 2993 3018 χρόνοις,
3023 2949 3118 3002 καὶ
3145 2951 3391 3022 ὀμϐρίων
3425 2947 3616 3002 ὑδάτων

2052 3038 2249 3100 σπάνις
2283 3038 2512 3105 γέγονεν
2544 3035 2600 3088 ἐν
2625 3053 2681 3088 τε
2711 3035 3322 3106 Φρυγίαις,Ταλατίαις
3345 3057 3402 3090 τε
3435 3033 3497 3091 αὖ
3533 3039 3618 3090 καὶΙ

1967 3167 2011 3226 C
2049 3128 2498 3192 Καππαδοκίαις,
2542 3128 2634 3180 καὶ
2665 3127 2943 3191 Κιλικῖαις
2965 3167 2980 3192 ,
3013 3129 3088 3192 ὡς
3115 3130 3294 3201 ἐνδείᾳ
3326 3129 3430 3182 τῶν
3459 3130 3616 3196 ἀναγ-

2044 3209 2216 3275 καῗων
2245 3220 2343 3274 καὶ
2373 3217 2774 3290 ὀλεθριωτέρας
2807 3220 3014 3290 τροφῆς
3046 3221 3484 3291 μεταλαμϐάνειν
3505 3220 3620 3280 τοὺς

2042 3311 2371 3384 ἀνθρώπους
2393 3326 2406 3341 ⁸
2431 3311 2557 3366 ὅθεν
2581 3315 2676 3365 καὶ
2702 3312 2886 3384 λοιμὸς
2910 3311 3156 3380 γέγονεν.
3203 3313 3456 3366 Ἑνοσουν
3485 3327 3536 3362 τε
3561 3311 3622 3380 τῇ

2047 3405 2319 3477 μεταϐολῇ
2359 3405 2460 3476 τῆς
2483 3404 2718 3476 διαίτης,
2750 3407 2846 3459 καὶ
2879 3403 3202 3470 οἰδαίνοντος
3239 3405 3390 3474 σφίσι
3408 3404 3499 3456 τοῦ
3525 3401 3622 3454 σώ-

2049 3513 2222 3568 ματος
2253 3497 2322 3551 δι’
2357 3495 2665 3568 ὑπερϐολὴν
2707 3499 2806 3568 τῆς
2839 3495 3170 3566 φλεγμονῆς,
3209 3497 3311 3560 τὰς
3343 3495 3492 3565 ὄψεις
3527 3494 3624 3545 ἀπ-

2044 3589 2268 3644 έϐαλλον
2295 3605 2308 3618 ·
2343 3589 2510 3662 βηχὸς
2538 3607 2596 3642 τε
2635 3590 3063 3660 συγγενομένης,
3113 3593 3354 3660 τριταῖοι
3394 3587 3482 3640 τὸν
3521 3585 3624 3655 βίον

2040 3681 2443 3750 ἀπελίμπανον.
2491 3681 2603 3734 Καὶ
2645 3681 2740 3736 τοῦ
2795 3681 2896 3752 μὲν
2926 3680 3118 3752 λοιμοῦ
3182 3681 3327 3745 τέως
3381 3679 3622 3750 βοήθειαν

2040 3774 2286 3843 ἐξευρεῖν
2325 3773 2425 3828 οὐκ
2470 3773 2619 3844 ὲνῆν.
2671 3775 2839 3835 ’Δκος
2889 3771 2948 3826 δὲ
2994 3773 3086 3840 τοῦ
3123 3773 3290 3844 λιμοῦ
3339 3774 3454 3835 τοῖς
3501 3769 3624 3822 ὐπο-

2038 3865 2332 3936 λειιρθεῖσιν
2362 3868 2395 3936 ἡ
2429 3865 2646 3920 πάντων
2677 3867 2916 3936 σώτειρα
2944 3865 3143 3918 δέδωκε
3183 3865 3464 3940 Πρόνοιαν
3493 3861 3623 3914 κατὰ

2041 3958 2143 4028 μὲν
2167 3959 2228 4012 τὸ
2251 3959 2444 4026 ἄγονον
2467 3956 2585 4021 ἔτος
2613 3957 2820 4028 τροφὴν
2853 3961 2917 4010 ὲκ
2943 3957 3038 4010 τοῦ
3067 3959 3236 4028 άέρος
3269 3954 3622 4027 ὲπιϐρέξασα.

2043 4049 2136 4102 lca.
2193 4053 2308 4114 τοῖς
2349 4049 2714 4120 Ἰσραηλίταις
2790 4050 2966 4120 μάννα
2997 4051 3487 4121 προσηγόρευται·
3529 4043 3624 4098 ἀνά

2037 4141 2092 4194 δὲ
2121 4140 2181 4194 τὸ
2205 4140 2330 4211 ἑξῆς
2358 4139 2476 4205 ἔτος
2502 4141 2824 4210 αὐτομάτως
2846 4141 3192 4212 εὐδοκήσασα
3230 4142 3358 4205 τοὺς
3387 4136 3624 4210 καρποὺς

2035 4231 2568 4304 τελεσιουργηθῆναι.
2603 4233 2790 4286 Ταῦτα
2841 4235 2936 4286 καὶ
2969 4235 3066 4304 τὴν
3099 4231 3478 4286 Παλαιστινῶν
3519 4225 3622 4296 χώ-

2041 4343 2144 4398 ραν
2177 4325 2442 4396 ἑνεμήθη,
2485 4325 2654 4388 ἄλλας
2699 4343 2758 4378 τε
2799 4326 3001 4389 πολλὰς
3043 4326 3139 4378 καὶ
3169 4323 3575 4396 ἀναριθμήτους
3605 4357 3618 4382 ν

2037 4417 2134 4490 τὴν
2153 4419 2266 4488 ’γῆν
2293 4417 2400 4472 τῶν
2426 4415 2616 4470 παθῶν
2644 4419 3128 4487 περινοστοῦντων.

2650 4617 2901 4672 ΚΕΦΔΛ.
2945 4617 3020 4671 Z'.

2039 4707 2178 4775 Περὶ
2207 4707 2318 4776 τῆς
2344 4709 2712 4776 ἀναιρέσεως
2761 4709 3272 4762 audieramus-of:
3323 4707 3424 4761 καὶ
3460 4705 3626 4776 ἀλώ-

2109 4775 2275 4862 aeros
2299 4775 2522 4850 Ῥώμης
2542 4795 2558 4810 ·
2592 4784 2690 4832 καὶ
2713 4777 2844 4846 περὶ
2869 4777 3088 4844 ἐτέρων
3109 4775 3624 4841 βασιλευσάντων

2109 4865 2320 4904 avt-nc.

2110 4869 2248 4902 avri
2306 4889 2320 4904 ο

2110 4869 2329 4992 Τούτξν
2363 4941 2546 5004 ἐντοῖς
2563 4933 2718 5011 ἑῴοις
2745 4940 3062 5010 προϊόντων,
3087 4939 3192 4992 ἀνὰ
3219 4939 3325 5010 τὴν
3356 4935 3629 5008 προτέραν

2051 5027 2278 5100 Ῥώμην
2303 5029 2510 5094 Ἀἐτιος
2537 5031 2602 5102 (j)
2633 5031 2882 5095 δειλαίως
2923 5031 2984 5096 ἐξ
3017 5029 3328 5102 ἀνθρώπων
3371 5027 3626 5100 μεθίστα-

1567 5165 1840 5220 VALESII
1873 5163 2431 5220 ANNOTATIONES.

413 5255 526 5326 (52)
569 5255 912 5326 Ὀμολογῶν
958 5257 1027 5310 ἐκ
1066 5259 1369 5326 θεότητος.
1397 5261 1636 5314 Delcnda
1690 5269 1774 5316 est
1825 5275 1932 5314 vox

345 5325 639 5394 ὁμολογῶν
683 5325 874 5398 ιιιμοιε
906 5329 1204 5400 superﬂua.
1233 5325 1414 5386 Certe
1459 5333 1606 5402 apud
1649 5331 1924 5402 Nicepho-

2041 5275 2164 5313 rum
2199 5275 2308 5314 non
2339 5259 2557 5328 legitur,
2587 5269 2641 5314 et
2685 5259 2924 5315 Savilius
2981 5261 3035 5314 in
3092 5275 3192 5314 suo
3245 5257 3446 5313 codice
3500 5267 3616 5310 eam

2033 5329 2234 5384 lineola
2267 5329 2614 5384 subnotarat.

1809 5449 2198 5508 VARIORUM.

413 5535 482 5618 (jl
523 5535 774 5618 λΛᾴτιρς.
821 5541 1041 5618 Mortem
1077 5543 1215 5596 Aetii
1249 5543 1419 5614 [anno
1448 5545 1580 5618 Chr.
1614 5545 1740 5618 lilii]
1789 5563 1928 5618 mors

347 5605 708 5688 Valentiniatti
743 5627 846 5664 non
870 5613 1022 5688 longo
1059 5621 1172 5688 post
1199 5605 1427 5684 tempore
1457 5615 1600 5688 [sciL
1627 5605 1773 5670 autin
1801 5614 1926 5685 455]

349 5685 624 5752 consecuta
659 5689 756 5752 est,
800 5691 907 5733 tam
949 5685 1313 5752 imprudenter
1359 5685 1476 5740 non'
1518 5687 1782 5740 declinata
1811 5728 1824 5750 ,
1875 5695 1930 5738 ut

347 5747 654 5828 mterfertor
691 5749 841 5828 Aetii
874 5747 1068 5804 autirus
1112 5756 1505 5828 armiger-osque
1554 5759 1667 5828 ejus
1725 5747 1930 5810 sibimet

351 5821 696 5886 cuusociurct,
755 5823 841 5886 qui
893 5825 1125 5889 ξυνα-ινινὶ
1173 5821 1427 5890 facinoris
1483 5821 1932 5900 opportunitatem

2029 5545 2426 5598 dissimulanter
2449 5553 2782 5614 occupantes,
2807 5563 3071 5612 egressum
3089 5555 3238 5600 extra
3273 5545 3460 5596 urbem
3485 5543 3628 5614 prin-

2029 5616 2218 5684 cipem,
2260 5623 2309 5667 et
2338 5615 2462 5670 ludo
2487 5613 2794 5684 gestationis
2819 5616 3080 5670 intentum
3117 5615 3411 5684 inopinatis
3445 5613 3628 5684 ictibus

2033 5673 2400 5754 confoderunt.
2449 5673 2696 5740 Heraclio
2728 5687 2908 5750 simul,
2951 5697 3006 5740 ut
3049 5695 3166 5742 erat
3205 5673 3506 5755 proximus,
3551 5681 3626 5734 in-

2035 5765 2310 5826 terempto,
2347 5767 2394 5808 ct
2425 5755 2572 5808 nullo
2609 5773 2674 5808 ea:
2707 5757 3040 5812 multitudine
3089 5754 3230 5825 regia
3262 5755 3338 5826 ad
3367 5754 3622 5806 ultionem

2035 5827 2170 5882 tuuti
2201 5825 2405 5882 Sceleris
2441 5843 2676 5884 accenso.
2709 5827 2770 5883 Ut
2799 5839 2970 5882 autem
3003 5831 3096 5882 hoc
3121 5825 3474 5897 parricidium
3507 5835 3626 5892 prr-
