4070 6176
408 277 544 341 2517

1324 281 1712 342 IIISTORI/E
1752 276 2349 341 ECCILESIASTIC/E
2391 280 2622 341 LIBER
2664 281 2746 342 Π.

3526 281 3665 345 2528

408 405 512 442 ται·
541 385 991 450 Ούαλεντινιανός
1013 403 1072 439 τε
1093 388 1119 439 ὁ
1145 384 1254 437 τών
1290 384 1595 453 Ἑσπερίων
1624 383 1809 454 μερῶν
1842 383 1991 450 βασι⁸

2102 397 2318 451 quoque
2340 382 2779 438 Occidentalium
2817 384 3054 453 partium
3088 383 3410 453 imperator,
3458 395 3512 441 et
3542 405 3664 443 cum

408 481 552 542 λευς,
588 479 687 530 σὺν
727 475 878 546 αύτῷ
907 494 968 529 τε
1016 477 1338 548 Ἡράκλειος
1360 516 1374 540 ,
1411 477 1546 546 πρός
1579 494 1742 528 τινων
1781 475 1991 528 ’Λετίου

407 569 740 638 δορυφόρων,
772 567 1064 638 ἐπιϐουλῆς
1095 567 1457 638 καττυθείσης
1487 569 1608 620 κατ’
1637 567 1818 619 αὐτῶν
1843 565 1995 634 παρὰ

407 657 662 726 Μαξίμου
686 657 779 708 τοῦ
815 657 910 710 καὶ
934 659 1034 728 τὴν
1067 657 1244 728 ἀρχὴν
1279 659 1754 729 περιζωσαμένου,
1778 657 1914 710 διότι
1937 658 1994 719 ὲς

411 748 509 816 τὴν
540 746 793 816 Μαξίμου
836 747 1088 818 γαμετὴν
1111 749 1557 810 Οὐαλεντινιανὸς
1593 747 1784 817 ὕϐρισε
1813 789 1827 812 ,
1858 746 1996 814 πρὸς

412 835 532 906 βίας
562 836 701 906 αὐτῇ
735 837 1099 906 συμφθαρείς.
1138 833 1310 901 Οὗτος
1337 841 1365 892 ὁ
1398 838 1649 906 Μάξιμος
1688 837 1795 908 τὴν
1838 836 1998 889 Εὑδο-

417 927 534 990 ξίαν
566 926 666 995 τὴν
695 927 1140 981 Οὐαλεντινιανοῦ
1177 930 1424 999 γαμετὴν
1475 929 1747 1000 συμπάσῃ
1782 927 1996 996 ἀνάγκη

413 1019 766 1081 ὲσοικίζεται.
803 1019 867 1072 Ἦ
905 1019 961 1072 δέ
994 1037 1058 1087 γε
1089 1021 1248 1092 ὖϐῥιν
1281 1021 1376 1073 καὶ
1399 1022 1578 1072 πᾶσαν
1601 1019 1834 1072 ἀτοπίαν
1855 1020 1998 1072 εἰκό-

411 1126 520 1171 τως
548 1109 608 1161 τὸ
642 1111 874 1180 πρᾶγμα
900 1109 1258 1180 λογισαμένη,
1297 1113 1394 1164 καὶ
1420 1111 1598 1164 πάντα
1625 1110 1814 1173 κύϐον,
1844 1109 1903 1162 τὸ
1934 1107 1997 1178 δὴ

414 1201 725 1270 λεγόμενον,
753 1201 964 1270 ῥίπτειν
990 1202 1404 1272 αίρετισαμένη,
1440 1202 1581 1272 ὑπὲρ
1617 1194 1694 1254 ὧν
1725 1200 1780 1263 ἐς
1810 1217 1868 1253 τε
1905 1199 1996 1252 τὸν

414 1291 986 1361 γαμέτηνιὲπεπόνθει,
1023 1293 1118 1345 καὶ
1149 1294 1205 1355 ἐς
1230 1292 1327 1363 τὴν
1346 1292 1663 1362 ἐλευθερίαν
1687 1290 1993 1362 ὲξύϐριστο·

413 1383 556 1451 δεινὴ
583 1383 690 1452 γὰρ
717 1385 853 1454 γυνὴ
893 1385 988 1436 καὶ
1013 1383 1374 1454 ἀδυσώπητος
1406 1384 1605 1454 λύπης,
1643 1381 1998 1454 σωφροσύνης

413 1476 773 1544 ἀντεχομένη,
807 1475 855 1527 ει
885 1474 1088 1544 ταύτην
1107 1475 1451 1546 ἀφαιρεθείη,
1481 1475 1576 1528 καὶ
1608 1475 1844 1545 μάλιστα
1869 1475 1996 1544 παρ’

410 1557 474 1614 οὗ
509 1563 598 1614 τὸν
634 1564 807 1633 ἄνδρα
830 1554 1036 1634 ’ἔτυχεν
1081 1565 1410 1618 ἀπολέσασα
1440 1581 1452 1594 ’
1479 1565 1624 1618 κατὰ
1656 1563 1754 1634 τὴν
1788 1563 1997 1634 Λιϐύην

419 1653 695 1722 ἐκπέμπει
720 1692 735 1716 ,
770 1656 864 1707 καὶ
903 1655 1052 1725 δῶρα
1079 1655 1306 1709 πλεῖστα
1334 1656 1654 1726 παραυτίκα
1688 1655 1857 1708 δοῦσα
1884 1695 1898 1718 ,
1935 1656 1996 1708 τό

415 1761 472 1796 τε
508 1743 695 1798 εὔελπι
725 1747 827 1798 κάν
850 1750 962 1809 τοῖς
991 1748 1122 1816 ἑξῆς
1149 1747 1501 1817 ὑποσχομένη
1522 1788 1536 1812 ,
1577 1745 1756 1799 πείθει
1787 1745 1998 1816 Γιζέρι-

421 1853 512 1906 χον
537 1837 860 1890 ἐπανελθεῖν
887 1839 1166 1908 ἀδοκήτως
1197 1841 1264 1910 τῇ
1309 1838 1599 1909 Ῥωμαίων
1631 1838 1960 1909 ἐπικρατείᾳ
1978 1877 1995 1903 ,

419 1933 596 1985 πάντα
637 1933 686 1984 oi
725 1932 1026 2004 προδώσειν
1053 1931 1398 2002 ὑποσχομένη
1434 1949 1448 1963 °
1475 1925 1536 1985 οὗ
1573 1932 1636 2002 δὴ
1667 1931 1953 2000 γεγονότος
1979 1970 1996 1997 ,

418 2024 449 2091 ἡ
493 2021 677 2091 Ῥώμη
724 2024 1024 2076 ἁλίσκεται.
1071 2023 1131 2076 Ὃ
1176 2023 1229 2076 δὲ
1261 2022 1560 2094 Γιζέριχος,
1601 2018 1689 2076 οἷα
1724 2021 2000 2093 βάρϐαρος

420 2112 509 2163 καὶ
565 2114 656 2164 τὸν
692 2113 889 2184 τρόπον
931 2113 1169 2183 ἀσταθής
1210 2130 1268 2165 τε
1310 2115 1401 2166 καὶ
1450 2113 1811 2183 παλίμϐολος,
1877 2113 2000 2168 οὐδὲ

417 2201 587 2272 ταύτῃ
610 2202 671 2255 τὸ
693 2203 884 2256 πιστὸν
909 2203 1194 2271 ἐφύλαξεν.
1236 2203 1398 2257 una
1424 2202 1520 2273 τὴν
1539 2204 1690 2257 πόλιν
1717 2205 2000 2275 πυρπολή-

421 2309 516 2356 σας
545 2293 619 2360 (k)
652 2334 666 2356 ,
699 2295 879 2349 πάντα
913 2313 971 2347 τε
1005 2295 1328 2366 ληϊσάμενος
1353 2276 1585 2359 [λαϐὼν
1615 2294 1712 2366 τὴν
1741 2293 2002 2360 Εύδοξίαν

421 2385 514 2436 σὺν
546 2385 640 2437 καὶ
666 2386 784 2446 ταῖς
807 2384 901 2438 δύο
930 2383 1288 2454 θυγατράσιν,
1322 2385 1380 2448 ὲς
1409 2384 1654 2437 τούπίσω
1682 2384 1784 2454 τὴν
1816 2386 2002 2440 ἔλασιν

418 2478 653 2527 ποιεῖται
674 2491 688 2504 ο
722 2475 816 2528 καί⁸
847 2476 988 2529 κατὰ
1025 2477 1118 2546 τὴν
1146 2476 1352 2545 Λιϐύην
1395 2476 1578 2528 ἀπιὼν
1620 2475 1794 2546 ᾤχετο
1824 2494 1838 2508 ’
1907 2479 2001 2532 καὶ

418 2569 516 2637 τὴν
549 2569 648 2638 μὲν
678 2567 1055 2638 πρεσϐυτέραν
1082 2568 1190 2620 τῶν
1241 2556 1499 2633 Εύὲοξίας
1536 2566 1852 2638 θυγατέρων
1899 2571 2003 2623 Εὑ-

419 2659 627 2722 δοκίαν,
669 2660 943 2730 Ὀνώρίχῳ
975 2660 1235 2714 συνάπτει
1265 2657 1339 2727 τῷ
1363 2658 1549 2729 οἰκείῳ
1575 2658 1724 2712 παιδί
1753 2677 1768 2692 ο
1795 2659 2002 2713 Πλακι-

418 2754 537 2808 δίαν
569 2754 626 2807 δὲ
659 2755 756 2822 τὴν
791 2753 1083 2824 νεωτέραν,
1141 2753 1259 2822 ἅμα
1306 2753 1534 2824 Εὐδοξίᾳ.
1571 2755 1638 2824 τῇ
1686 2755 1858 2824 μητρὶ
1906 2755 2004 2808 σὺν

421 2844 739 2914 θεραπείαις
767 2844 994 2915 ὕστερον
1027 2843 1336 2915 βασιλικαῖς
1373 2845 1430 2905 ἐς
1456 2843 1756 2908 Βυζάντιον
1797 2845 2004 2916 ἐκπέμ-

424 2952 538 2996 πει,
562 2935 881 3003 Μαρκιανὸν
907 2934 1282 3005 ἡμερούμενος
1311 2934 1397 3005 (ί).
1441 2935 1639 3004 Ἑνῆγε
1685 2936 1794 3007 γάρ
1842 2937 2004 2989 αὐτὸν

2093 487 2164 526 eo
2197 473 2482 528 Heraclius
2513 490 2543 528 a
2573 473 2904 543 quibusdam
2951 473 3096 527 Aetii
3147 473 3478 530 satellitibus
3517 478 3668 532 occi-

2095 563 2325 629 duntur,
2363 565 2578 620 insidiis
2619 581 2648 620 a
2697 565 2932 619 Maximo
2980 566 3096 634 qui-
3131 575 3320 635 postea
3376 568 3666 636 imperium

2096 656 2354 725 arripuit,
2387 657 2653 712 adversus
2691 673 2788 712 eos
2817 657 3062 722 structis,
3107 672 3174 711 eo
3223 658 3371 727 quod
3432 659 3665 713 Valenti.

2097 747 2301 801 nianus
2331 750 2620 817 conjugem
2655 747 2876 802 Maximi
2933 762 3033 816 per
3072 747 3183 800 vim
3229 756 3666 816 eonstuprassct.

2098 836 2272 891 Porro
2298 837 2390 891 hic
2417 839 2682 893 Maximus
2700 838 3004 892 Eudoviam
3034 837 3399 893 Valentiniani
3420 855 3667 905 uxorem,

2100 927 2328 982 invitam
2379 928 2484 983 sibi
2529 929 2744 984 nubere
2781 931 2981 1000 coegit.
3018 933 3148 996 Qum
3187 946 3312 985 eum
3353 931 3406 984 id
3443 929 3668 995 factum,

2099 1019 2451 1074 contumeliae
2481 1020 2606 1074 loco
2630 1030 2687 1075 et
2719 1029 2980 1075 extremm
3007 1023 3268 1091 nequitia:
3311 1021 3510 1076 merito
3548 1037 3667 1076 esse

2101 1109 2353 1174 duceret,
2382 1111 2549 1180 jacta,
2594 1120 2655 1164 ut
2681 1111 2902 1176 dicitur,
2936 1113 3056 1166 alea
3085 1112 3322 1181 quodvis
3361 1113 3666 1182 periculum
3742 1129 3750 1139 ί

2101 1202 2290 1256 subire
2324 1203 2638 1268 constituit,
2675 1212 2734 1257 ut
2776 1205 2979 1258 caedem
3014 1204 3117 1257 viri
3153 1203 3259 1268 sui,
3288 1214 3345 1258 et
3386 1213 3677 1258 contumeo

2099 1293 2228 1346 liam
2269 1293 2512 1348 libertati
2550 1309 2662 1348 sua:
2697 1294 2902 1348 illatam
2931 1295 3315 1349 ulcisceretur.
3342 1293 3498 1348 Acris
3521 1293 3667 1347 enim

2099 1380 2263 1451 296
2281 1391 2364 1437 est
2403 1383 2624 1448 femina,
2646 1391 2701 1436 et
2730 1383 3092 1452 implacabilis
3115 1382 3431 1446 iracundizc,
3451 1381 3671 1451 quoties

2098 1473 2364 1543 pudicitia
2400 1489 2562 1543 quam
2615 1475 2930 1528 inviolatam
2975 1489 3193 1529 servare
3232 1475 3370 1540 vult,
3415 1489 3516 1543 per
3560 1473 3668 1527 vim

2100 1566 2205 1636 ipsi
2241 1576 2430 1636 erepta
2458 1567 2644 1632 fuerit,
2677 1582 2739 1622 ac
2772 1567 3044 1637 praecipue
3067 1567 3135 1621 ab
3166 1566 3260 1620 illo
3291 1566 3384 1636 qui
3411 1566 3665 1620 maritum

2102 1658 2275 1730 ipsius
2299 1658 2662 1714 interfecerit.
2687 1659 2852 1714 Mittit
2874 1674 3004 1730 ergo
3039 1658 3096 1713 in
3136 1659 3374 1713 Africam
3406 1657 3473 1712 ad
3507 1655 3664 1712 Gize-

2101 1752 2277 1806 ricum
2314 1769 2328 1806 :
2363 1751 2636 1822 donisque
2676 1751 2752 1806 illi
2782 1767 2945 1821 quam
2973 1751 3227 1821 plurimis
3250 1751 3396 1805 illico
3425 1749 3588 1814 datis,
3615 1760 3670 1803 et

2099 1840 2168 1896 de
2195 1841 2411 1911 reliquo
2451 1843 2592 1896 bene
2617 1857 2839 1912 sperare
2869 1857 2995 1896 eum
3023 1841 3244 1912 jubens,
3279 1840 3575 1911 persuadet
3612 1850 3670 1893 ut
3771 1833 3778 1836 ’

2099 1947 2167 1987 ex
2199 1932 2501 2002 improviso
2522 1933 2829 1987 Romanum
2867 1931 3160 2002 imperium
3193 1930 3440 1994 invadat,
3471 1939 3669 1984 cuncta

2100 2040 2159 2080 se
2187 2024 2264 2078 illi
2302 2025 2644 2094 prodituram
2675 2023 2946 2094 pollicita.
2975 2022 3189 2088 Quibus
3217 2024 3290 2076 ita
3318 2021 3667 2092 perpetratis,

2100 2123 2257 2186 capta
2281 2124 2366 2171 est
2399 2116 2530 2170 urbs
2561 2115 2750 2169 Roma.
2782 2115 2850 2169 At
2889 2114 3196 2176 Gizcrieus,
3243 2123 3434 2183 utpote
3478 2113 3672 2167 barba-

2101 2224 2200 2263 rus
2227 2218 2284 2263 et
2313 2207 2536 2277 ingenio
2569 2207 2890 2261 inconstans
2917 2215 3084 2276 atque
3125 2205 3432 2267 mutabilis,
3485 2220 3552 2258 ne
3592 2203 3669 2258 illi

2102 2300 2328 2371 quidem
2366 2299 2529 2354 ﬁdem
2564 2299 2822 2354 servavit.
2851 2297 2978 2361 Sed,
3009 2297 3147 2352 urbe
3179 2297 3423 2362 incensa,
3456 2304 3512 2350 et
3539 2311 3673 2349 cun-

2103 2393 2209 2447 ctis
2235 2391 2437 2462 opibus
2487 2390 2741 2460 direptis.
2777 2391 2831 2444 in
2861 2388 3097 2443 Africam
3129 2402 3386 2443 reversus
3425 2395 3530 2449 est,
3559 2386 3672 2441 Eu-

2103 2484 2322 2539 doxiam
2356 2498 2462 2538 una
2496 2499 2620 2538 cum
2653 2481 2867 2536 duabus
2891 2479 3110 2535 ﬁliabus
3153 2495 3338 2535 secum
3368 2479 3671 2533 abducens.

2107 2577 2184 2630 Ex
2227 2576 2316 2631 his
2354 2576 2617 2645 majorem
2653 2583 2808 2638 natu,
2856 2573 3154 2628 Eudociam
3203 2571 3449 2636 nomine,
3491 2570 3676 2624 Hune-

2104 2669 2220 2722 rico
2245 2668 2358 2722 lilio
2389 2683 2489 2722 suo
2519 2668 2809 2737 coniugem
2841 2665 3015 2720 dedit.
3046 2663 3331 2720 Juniorem
3355 2676 3508 2724 vero,
3551 2661 3674 2715 Pla-

2105 2758 2307 2813 eidiam
2339 2755 2585 2817 nomine,
2614 2770 2721 2808 una
2745 2769 2870 2808 cum
2899 2761 3072 2807 matre
3109 2751 3380 2813 Eudoxia,
3421 2749 3676 2818 aliquan-

2107 2857 2163 2904 to
2206 2854 2330 2918 post
2373 2861 2496 2900 cum
2550 2845 2701 2914 regio
2753 2843 2900 2897 cultu
2944 2857 3008 2895 ac
3047 2839 3305 2894 satellitio
3352 2835 3674 2907 Byzantium

2107 2940 2278 3004 misit,
2310 2946 2370 2992 ut
2400 2936 2736 2990 Marcianum
2784 2933 3170 3002 imperatorem
3217 2931 3484 3000 placaret.
3531 2925 3677 2979 Indi-

422 3027 479 3088 ἐς
505 3025 695 3096 ὀργὴν,
737 3027 796 3078 τό
831 3043 888 3078 τε
936 3025 1034 3098 τὴν
1071 3027 1289 3097 Ῥώμην
1305 3025 1715 3096 ἐμπεπρῆσθαι,
1741 3027 1802 3079 τό
1827 3044 1882 3080 τε
1909 3026 2001 3088 τὰς

2112 3031 2382 3106 guabatur
2410 3029 2558 3084 enim
2592 3025 2916 3087 Marcianus,
2964 3033 3078 3078 tum
3133 3019 3277 3090 quod
3335 3017 3468 3072 urbs
3502 3017 3675 3070 Roma

423 3117 701 3187 βασιλίδας
727 3116 868 3171 οὕτω
897 3118 1306 3190 περιυϐρίσθαι.
1357 3118 1420 3170 'll
1446 3118 1544 3187 μὲν
1589 3114 1682 3170 οὖν
1723 3119 1988 3173 Πλακιδία

423 3211 620 3278 γάμοις
644 3209 824 3280 ὁμιλεῖ
851 3209 1186 3279 κελεύσμασι
1208 3209 1529 3280 Μαρκιανοῦ
1573 3209 1840 3279 ’Θλυϐρίῳ
1866 3209 1968 3262 ταύ
1989 3238 2001 3250 ο

422 3320 521 3372 την
550 3303 948 3372 ὲσοικισαμένῳ
974 3317 988 3333 °
1015 3301 1072 3365 ὃς
1099 3301 1370 3370 ἐπίσημος
1399 3300 1501 3368 τῆς
1529 3300 1818 3370 γερουσίας
1838 3299 1995 3368 ὲτύγ-

421 3393 695 3464 χανενών,
727 3396 790 3447 ὲκ
813 3394 914 3464 τῆς
939 3393 1159 3465 Ῥώμης
1174 3393 1408 3462 ἀλούσης
1439 3391 1543 3447 ἀνὰ
1569 3392 1668 3462 τὴν
1698 3393 2001 3446 Κώνσταν-

424 3485 728 3539 τινούπολιν
758 3485 1112 3556 ἀφικόμενος.
1142 3485 1298 3540 Μετὰ
1321 3485 1376 3538 δὲ
1419 3484 1487 3539 αὖ
1527 3483 1801 3554 Μάξιμον,
1849 3483 2002 3555 βασι-

425 3577 569 3631 λεύει
601 3578 889 3648 Ῥωμαίων
925 3577 1144 3642 Ἀϐιτος
1171 3579 1347 3651 μῆνας
1376 3577 1472 3648 (m)
1502 3575 1647 3631 ὀκτώ
1680 3576 1818 3646 {55).
1861 3575 2001 3628 Τού-

2097 3121 2360 3182 iucendio
2385 3125 2710 3187 consumpta
2735 3125 2904 3181 esset,
2937 3123 3052 3168 tum
3078 3112 3225 3182 quod
3247 3107 3503 3181 Augustin
3529 3115 3677 3161 tanta

2106 3209 2439 3268 contumelia
2495 3206 2706 3261 affectae
2772 3204 3025 3258 ﬁnissent.
3104 3201 3376 3256 Creterum
3439 3193 3676 3252 Placidia

2102 3302 2260 3372 jussu
2297 3295 2556 3353 Marciani
2584 3293 2771 3364 nupsit
2805 3291 3052 3364 Olybrio,
3086 3290 3179 3360 qui
3225 3289 3368 3342 inter
3396 3295 3680 3342 senatores

2107 3393 2386 3448 Romanos
2416 3386 2798 3441 nobilissimus
2844 3383 3173 3445 habebatur,
3235 3391 3288 3438 et
3339 3385 3494 3448 capta
3540 3375 3677 3429 urbe

2108 3485 2283 3538 Roma
2323 3475 2853 3546 Constantinopolim
2888 3491 2947 3530 se
2989 3481 3294 3542 receperat.
3339 3469 3467 3524 Post
3513 3464 3678 3520 Maxi-

2109 3589 2258 3629 mum
2302 3571 2498 3627 Avitus
2541 3569 2727 3622 Romae
2771 3563 3064 3636 imperavit
3114 3575 3331 3617 menses
3380 3566 3525 3614 octo.
3573 3554 3676 3620 Qui

1616 3727 1888 3783 VALESll
1929 3724 2496 3784 ANNOTATIONES.

497 3824 606 3888 (53l
635 3825 871 3888 Ἀϐιτος
896 3821 1092 3892 μῆνας
1121 3822 1291 3878 ὀκτώ.
1325 3822 1454 3877 Post
1477 3821 1844 3892 Valentiniani
1863 3821 1985 3892 Pla-

428 3893 530 3946 ridi
569 3894 873 3957 interitum,
897 3889 953 3948 et
982 3901 1105 3962 post
1150 3893 1352 3948 caedem
1389 3892 1631 3962 maximi,
1663 3891 1855 3962 Avitus
1877 3889 1992 3958 pri-

429 3979 574 4016 mum
612 3963 826 4017 Tolosa:
879 3979 943 4016 ac
971 3960 1172 4018 deinde
1208 3963 1423 4017 Arelate
1453 3961 1750 4029 imperator
1783 3960 1996 4014 levatus

427 4043 506 4084 est
550 4033 838 4085 consulatu
883 4033 1254 4086 Valentiniani
1296 4047 1388 4084 vm
1419 4040 1474 4085 et
1498 4029 1800 4092 Anthemii,
1852 4045 1997 4083 anno

426 4101 629 4154 Christi
685 4102 811 4165 455,
854 4101 944 4155 die
995 4117 1047 4154 νι
1097 4102 1224 4156 ldus
1269 4101 1463 4160 Julias,
1527 4109 1589 4152 ut
1641 4099 1807 4152 habet
1839 4107 1999 4152 vetus

430 4169 736 4240 Chronicum
758 4171 900 4239 quod
926 4172 1136 4240 primus
1150 4171 1321 4225 edidit
1338 4168 1789 4240 GuSpinianusin
1806 4167 1997 4240 Fastis.

429 4239 689 4308 Sequenti
729 4238 1100 4294 autem'anno
1135 4241 1279 4295 idem
1316 4239 1510 4293 Avitus
1544 4239 1734 4292 consul
1769 4238 1891 4308 fuit,
1939 4244 2000 4308 ut

428 4307 624 4376 legitur
659 4311 713 4362 in
736 4309 904 4363 Fastis
968 4325 1068 4364 uos
1096 4311 1198 4365 sub
1253 4309 1411 4364 ldatii
1440 4308 1663 4361 nomine
1692 4307 2000 4376 publicavit

429 4377 664 4432 lacobus
706 4325 1034 4432 Sirmoniius
1068 4397 1079 4432 :
1108 4379 1410 4432 eodemque
1436 4393 1582 4430 anno
1608 4376 1892 4432 depositus
1919 4382 2000 4429 est

429 4377 664 4448 lacubus
706 4376 1034 4433 Sirmondus
1068 4397 1079 4432 :
1108 4379 1410 4448 eodemque
1435 4393 1582 4448 anno
1608 4376 2002 4448 depositus_est

433 4447 742 4514 Placentia,
771 4458 831 4503 ut
856 4449 1084 4504 tradunt
1112 4444 1784 4505 Marius—etCassiodo’rus
1817 4447 1872 4500 in
1892 4444 2000 4498 Fa-

2083 3822 2200 3882 stis,
2225 3825 2460 3874 etvetus
2492 3815 2581 3870 ille
2609 3811 3074 3881 Cbronographus
3119 3824 3168 3884 a_
3191 3804 3528 3884 C_uspiniano
3559 3802 3679 3883 edi-

2090 3878 2203 3944 tus.
2235 3889 2436 3943 Verum
2474 3900 2585 3954 quo
2623 3878 2910 3954 dieietquo
2933 3878 3119 3954 mense
3143 3878 3337 3931 Avitus
3383 3878 3677 3954 imperium

2091 3955 2434 4027 deposuerit,
2454 4025 2462 4027 _
2484 3949 2553 4027 ab
2615 3952 2860 4027 antiquis
2921 3949 3210 4027 proditum.
3236 3949 3674 4027 .nonninveni'o.

2095 4014 2352 4095 Sifzonius
2372 4014 2597 4095 quidem
2617 4023 2676 4095 in
2694 4014 2836 4075 libro
2858 4014 3073 4095 εώιι-ρε
3092 4014 3412 4095 occidentali
3434 4014 3676 4092 imperio,

2099 4085 2318 4150 Avitum
2368 4085 2458 4148 die
2505 4093 2726 4148 decimo
2760 4098 2915 4145 sexto
2972 4087 3242 4142 Kalendas
3272 4085 3465 4140 Juuias
3504 4085 3673 4149 impe-

2106 4168 2250 4220 rium
2305 4164 2626 4234 deposuisse
2674 4160 2883 4215 scribit.
2937 4158 3136 4234 \_’erum
3165 4152 3676 4234 Sigonius-napum

2109 4237 2273 4306 hujus
2305 4220 2392 4306 rei
2413 4233 2929 4306 laudatauctorem.
2954 4228 3126 4306 vetus
3143 4220 3365 4306 quidem
3392 4220 3682 4306 IlleﬂChro-

2108 4291 2422 4374 noigraphus
2455 4301 2777 4374 Cuspiniani
2815 4301 2889 4374 ita
2908 4297 3099 4374 scribit
3131 4291 3382 4374 {Joanne
3400 4303 3446 4346 et
3472 4291 3683 4374 Vara‘ne

2109 4365 2242 4429 coss.
2279 4365 2466 4442 captus
2507 4365 2586 4424 esi
2620 4373 2748 4442 imp.
2793 4370 2974 4442 Avitus
3017 4365 3319 4442 Placentiae
3355 4381 3387 4416 a
3431 4365 3682 4439 magistro

2110 4430 2650 4499 militum-Ricimere.
2695 4430 2761 4496 Et
2800 4441 2997 4494 occisus
3040 4445 3113 4490 est
3161 4434 3456 4489 Messianus
3515 4430 3683 4503 patri-

1874 4597 2262 4656 VARIORUM.

433 4703 699 4762 petratnm
738 4705 834 4758 est,
879 4693 1166 4758 Maximus,
1215 4696 1295 4748 vir
1335 4694 1528 4763 gemini
1577 4693 1904 4757 consulatus,
1958 4700 2006 4744 et
2040 4696 2084 4750 D
2109 4691 2294 4763 berim,
2324 4691 2598 4763 sepultura
2627 4685 3052 4763 quoque__t_:aruit.
3089 4687 3324 4753 Prosper
3347 4681 3401 4735 in
3430 4679 3683 4735 Chronico

431 4769 664 4835 patricia:
703 4766 999 4835 dignitatis,
1042 4765 1262 4834 sumpsit
1292 4765 1591 4835 imperium,
1635 4765 1722 4832 qui
1761 4779 1878 4835 cum
1920 4780 2010 4832 pe-

433 4832 689 4889 riclitanti
712 4832 1011 4904 reipublicae
1034 4851 1125 4904 per
1151 4832 1327 4904 omnia
1353 4833 1658 4900 profuturus
1688 4832 2007 4904 crederetur,

431 4923 529 4957 non
575 4921 693 4958 sero
727 4903 1036 4957 documento
1077 4903 1409 4973 quidianimi
1451 4904 1681 4965 haberet,
1725 4903 2007 4973 probavit:

433 4976 689 5041 siquidem
722 4970 1098 5042 interfectores
1126 4971 1482 5025 Valentiniani
1537 4988 1638 5023 non
1694 4970 1866 5023 solum
1903 4989 2006 5025 non

430 5043 686 5109 rlecterit,
715 5043 805 5096 sed
841 5044 1003 5096 etiam
1033 5044 1087 5095 in
1127 5042 1416 5094 amicitiam
1463 5042 1733 5109 receperit,
1764 5057 2008 5095 uxorem-

429 5130 528 5179 que
564 5113 677 5181 ejus
716 5113 1029 5181 Augustam.
1063 5112 1398 5165 amissionem
1426 5112 1524 5164 viri
1565 5111 1740 5179 lugere
1771 5113 2004 5177 prohibi-

429 5191 560 5246 tam,
619 5184 763 5235 intra
823 5181 1165 5251 paucis_simos
1213 5182 1321 5234 dies
1371 5182 1425 5234 in
1491 5181 1999 5251 conjugiumsuum

429 5252 657 5304 transire
697 5248 940 5320 coegerit.
980 5248 1082 5304 Sed
1111 5253 1208 5304 hac
1256 5248 1630 5304 incontinentia
1653 5248 1763 5301 non
1784 5249 1880 5320 diu
1906 5268 1999 5317 po-

428 5323 555 5372 litus
594 5328 671 5373 est
706 5335 724 5373 :
757 5319 883 5373 nam
933 5330 1045 5388 post
1084 5320 1312 5374 alterum
1362 5335 1592 5388 mensem
1639 5319 1920 5388 nuntiatur
1950 5338 2014 5374 ea:

431 5391 612 5458 Africa
649 5389 916 5445 Genserici
936 5387 1077 5459 regis
1119 5390 1412 5450 adventus;
1446 5387 1726 5457 multisque
1757 5387 2014 5444 nobilibus

431 5477 494 5511 ac
521 5459 870 5529 popularibus
907 5475 970 5511 ea:
1005 5458 1128 5526 urbe
1160 5458 1492 5528 fugientibus,
1523 5474 1651 5529 cum,
1668 5459 1786 5529 ipse
1813 5475 2018 5529 quoque

428 5526 559 5582 (lata
589 5526 794 5582 cunctis
816 5528 1049 5582 abeundi
1083 5526 1316 5589 licentia,
1358 5528 1558 5596 trepide
1574 5526 1724 5580 vellit
1759 5526 2015 5595 recedere,

431 5599 818 5668 septuagesimo
854 5599 1076 5666 septimo
1117 5598 1290 5666 adepti
1325 5597 1544 5668 imperii
1590 5597 1675 5668 die
1719 5614 1751 5647 a
1799 5597 2019 5664 famulis

443 5666 926 5734 régiisﬁdilaniatus
962 5678 1058 5732 est,
1091 5677 1137 5720 et
1179 5666 1508 5719 membratim
1564 5667 1792 5736 deiectus
1839 5669 1889 5719 in
1937 5669 2022 5722 Ti-

2114 4762 2216 4815 sub
2251 4758 2570 4816 consulibus
2621 4759 2746 4813 anni
2779 4758 2902 4812 455.

2186 4831 2266 4906 (Ir)
2307 4831 2632 4906 Thracum
2659 4825 3080 4906 πυρπολήεγας.
3110 4821 3199 4877 Ait
3227 4819 3686 4906 Prosperﬂense-

2112 4894 2218 4953 τιεί)
2241 4894 2526 4954 occurrisse
2548 4909 2696 4952 extra
2728 4906 2909 4960 portas
2940 4896 3162 4949 Leonem
3193 4894 3506 4960 episcopum,
3538 4894 3684 4957 cujus

2110 4971 2425 5039 supplicatio
2454 4973 2529 5023 ita
2554 4985 2670 5021 eum
2698 4960 2810 5019 Deo
2833 4975 3020 5039 agente
3045 4963 3336 5039 lenivittut
3363 4975 3480 5039 cum
3505 4960 3684 5039 omnia

2111 5028 2382 5108 potestatis
2425 5041 2588 5109 ipsius
2636 5044 2831 5097 essent,
2863 5028 3060 5109 tradita
3081 5034 3183 5109 sibi
3221 5032 3448 5109 civitate,
3475 5028 3539 5080 ab
3568 5029 3685 5098 igne

2113 5103 2295 5162 tamen
2332 5117 2379 5163 et
2409 5103 2546 5162 ccede
2589 5116 2749 5175 atque
2794 5104 3062 5175 suppliciis
3083 5103 3472 5175 _(1Abstin_eretur.

2179 5178 2241 5248 ll)
2269 5178 2612 5245 Μαρκίαν-ὸν
2635 5166 3444 5248 iiuepob'p'gnoq.Theophanes
3464 5166 3530 5248 ad
3556 5182 3681 5248 ann.

2105 5235 2206 5302 457
2223 5237 2300 5302 ait
2320 5266 2333 5301 :
2355 5235 2468 5301 Hoc
2480 5263 2619 5301 anno
2640 5235 3178 5308 Etuioxibﬂhebdosii
3197 5235 3532 5312 imperatoris
3549 5235 3683 5304 ﬁlia,

2117 5318 2476 5372 Valentiniani
2495 5333 2614 5371 vero
2639 5317 2781 5368 tertii
2806 5307 3018 5382 conjua‘,
3044 5329 3159 5364 cum
3188 5307 3684 5382 Placidiaﬁliarum

2115 5388 2309 5446 altera,
2347 5387 2548 5458 Olybrii
2577 5401 2763 5449 uxore,
2795 5399 2858 5458 ea:
2897 5377 3084 5458 'Africa
3113 5381 3385 5434 remeavit.
3412 5377 3689 5458 illaesum

2115 5474 2261 5512 anno
2290 5447 2622 5526 Majo'rianus
2648 5447 3200 5522 imperium'adcptus
3223 5459 3328 5512 est,
3368 5456 3428 5503 ut
3471 5447 3691 5500 Priscus

2117 5529 2284 5581 etiam
2328 5528 2556 5588 notavit,
2590 5543 2642 5594 p.
2675 5526 2800 5596 'l.l._
3002 5591 3011 5596 _
3328 5590 3383 5596 η
3522 5586 3551 5596 _,
3645 5584 3663 5596 ,

2191 5597 2287 5663 (in)
2333 5597 2546 5663 Μ-ἡνας
2567 5589 2737 5648 ὁκτώ.
2776 5591 3041 5664 Regnavit
3067 5605 3285 5664 menses
3324 5590 3389 5664 ιο
3424 5595 3476 5639 ct
3504 5589 3617 5637 dies
3642 5589 3691 5636 ὃ.

2115 5657 2279 5737 Ῑιιθέιίι
2317 5657 2539 5738 Pagina:
2576 5665 2642 5719 ad
2689 5679 2820 5718 ann.
2860 5657 2996 5730 ‘456,
3033 5678 3086 5715 ιι.
3123 5661 3175 5714 6.
3210 5660 3296 5712 \V.
3336 5657 3555 5710 Lmnu.
