3940 6202
250 350 393 418 2519

1466 356 1779 416 EVAGRII
1818 357 2303 418 SCHOLASTICI

3359 370 3504 434 2520

248 480 375 519 cum
405 468 556 533 peste
605 461 771 515 vitam
802 461 1055 528 finiisset,
1088 461 1421 534 Majorianus
1456 464 1683 520 biennio
1715 465 1819 519 im-

1932 482 2017 519 του
2052 466 2109 520 δὲ
2133 468 2227 520 τὸν
2257 467 2370 538 βίον
2398 468 2541 541 λιμῷ
2574 470 3004 539 μεταλλάξαντος
3040 473 3150 545 (54)
3170 477 3502 551 Μαῖουρῖνος

251 555 465 625 perium
516 553 779 609 obtinuit.
822 553 921 610 Hic
975 570 1100 610 cum
1146 571 1176 608 a
1228 556 1514 611 Recimcre
1555 556 1817 626 magistro

252 644 491 697 militum
516 656 615 712 per
638 641 885 697 fraudem
919 642 1243 699 interfectus
1265 652 1432 709 esset,
1459 642 1697 700 Severus
1714 644 1818 698 im-

254 735 467 805 perium
491 734 779 804 occupavit
814 734 975 789 annis
1011 733 1209 788 tribus.
1250 770 1263 779 .

775 936 936 1006 297
973 935 1123 992 CAP.
1164 936 1298 990 vnl.

253 1029 329 1082 De
358 1030 499 1082 obitu
531 1002 825 1092 Marciani:
841 1002 982 1081 et—de
1007 1029 1228 1095 imperio
1262 1002 1483 1090 Leonis;
1517 1034 1565 1078 et
1597 1042 1817 1096 quomo-

320 1099 386 1151 do
407 1100 636 1153 haeretici
667 1096 1010 1151 Alexandria:
1048 1097 1351 1150 Proterium
1378 1097 1590 1165 quidem
1621 1096 1820 1149 occide—

325 1176 481 1289 rzmt;
512 1167 836 1221 Timotheum
869 1176 1047 1221 autent
1085 1165 1336 1221 [Elurum
1369 1167 1820 1236 archiepiscopum

320 1254 348 1290 e
372 1245 609 1307 egerunt.

323 1329 497 1382 Porro
524 1327 655 1381 dum
686 1326 924 1382 Severus
945 1326 1129 1380 Romae
1156 1326 1448 1395 imperium
1471 1325 1822 1380 administra-

253 1426 362 1483 ret,
411 1417 725 1472 Marcianus
769 1432 836 1472 ex
887 1418 1134 1472 terrestri
1185 1433 1354 1487 regno
1406 1417 1475 1471 ad
1533 1418 1820 1472 meliorem

252 1517 455 1562 sortem
482 1508 783 1584 translatys
810 1514 915 1571 est,
951 1522 1074 1562 cum
1110 1517 1319 1577 septem
1365 1507 1633 1561 duntaxat
1660 1508 1821 1562 annis

254 1600 600 1669 imperasset,
641 1586 1058 1652 monumentum
1105 1606 1288 1653 autem
1332 1613 1561 1667 prorsus
1611 1599 1821 1669 regium

253 1690 468 1745 cunctis
499 1689 824 1743 mortalibus
854 1690 1189 1758 reliquisset.
1228 1690 1401 1744 Morte
1447 1690 1567 1759 ejus
1607 1690 1817 1756 audita,

1919 557 2168 629 δεύτερον
2199 557 2317 622 ἔτος
2349 558 2462 629 (55)
2513 560 2613 632 τὴν
2653 560 2931 630 βασιλειαν
2957 568 3216 639 κατέσχεν
3238 586 3254 602 ⁸
3284 573 3498 626 Μαῖου-

1921 645 2071 716 ρίνου
2123 647 2260 718 πρὸς
2316 648 2633 720 Ῥεκιμέρου
2691 652 2803 705 τῶν
2851 653 3137 735 Ῥωμαίων
3186 662 3492 731 στρατηγοῦ

1919 736 2400 880 δολοιῗονηθέντος,
2431 740 2665 810 κατέσχε
2707 741 2807 813 τὴν
2848 742 3025 816 ἀρχὴν
3072 747 3305 819 Σέὸηρος
3345 751 3491 805 ἔτεσι

1920 843 2046 880 tota
2071 845 2119 880 ν.

1920 843 2119 896 τρισιν.

2519 946 2767 1002 ΚΕΦΔΛ.
2810 947 2891 1003 H’.

1922 1029 2070 1115 Περὶ,
2089 1031 2195 1085 τοῦ
2227 1032 2484 1115 θανάτοιν
2511 1038 2879 1115 Μᾳρξιαιςοῦ,
2916 1040 3015 1115 ita!
3032 1042 3151 1115 Δτῆς
3175 1045 3506 1115 ,βασιλείας
3556 1060 3560 1062 ⁷

1990 1099 2249 1185 Λέονζος
2268 1103 2413 1185 Lami
2432 1105 2518 1185 ᾡς
2541 1099 2736 1185 οῖ’ῖῶν
2769 1099 3210 1185 Ἀτέεεανδρέξυὲ
3233 1099 3509 1185 abso-t2;-

1992 1186 2085 1247 ται
2118 1169 2228 1253 ςτρῖ
2258 1169 2579 1253 ῌροτέρὶον
2594 1169 3103 1253 ᾀποσφὰτςουσῖ,
3140 1169 3507 1253 Tegeam-Ed

1990 1241 2071 1302 τῷ
2099 1241 2370 1308 Αὶλούρῳ
2416 1243 2534 1311 τὴν
2574 1241 3030 1318 ἁρχιερωσύνην
3080 1241 3500 1322 ἑεαρὶιδιὸἇαάιζ

1998 1330 2115 1382 Ἔτι
2162 1330 2222 1384 δὲ
2277 1332 2652 1402 βασιλεύοντος
2716 1338 3005 1410 Ῥωμαίων
3061 1345 3301 1417 Σεὸήρου
3346 1349 3459 1421 (56)
3484 1390 3502 1416 ,

1922 1421 2238 1512 Μαρκιανὸς
2269 1423 2370 1494 τὴν
2415 1424 2696 1495 βασιλείαν
2743 1432 3058 1487 ὲναλλάττει
3088 1436 3190 1507 (n),
3222 1440 3358 1510 πρὸς
3397 1443 3507 1512 τὴν

1924 1511 2206 1582 κρείττονα
2242 1518 2639 1588 μεταχωρήσας
2662 1520 2837 1590 λῆξιν,
2870 1525 3009 1580 ἑπτὰ
3037 1528 3134 1597 μὲν
3160 1532 3346 1599 μόνοις
3382 1532 3507 1587 ἔτεα

1925 1618 1978 1654 σι
2010 1601 2124 1674 (57)
2169 1603 2267 1674 τὴν
2314 1604 2594 1674 βασιλείαν
2635 1610 3094 1687 διακυϐερνῆσας,
3132 1624 3395 1690 μνημεῖον
3443 1623 3506 1675 δὲ

1923 1693 2091 1759 ὅντως
2119 1696 2398 1766 βασιλικὸν
2428 1699 2540 1769 (58)
2575 1703 2981 1769 καταλελοιπὼς
3014 1711 3169 1778 παρὰ
3194 1712 3362 1764 πᾶσιν
3398 1714 3508 1766 ἀν-

251 1782 401 1835 civ‘es
431 1780 789 1833 Alexandrini
838 1780 974 1835 iram
1019 1780 1289 1835 adversus
1335 1781 1644 1835 Protcrium
1688 1797 1819 1837 con-

1932 1784 2186 1858 θρώποις.
2218 1789 2398 1859 Ὅπερ
2431 1792 2479 1844 οἱ
2505 1793 2604 1863 τῆς
2644 1794 3040 1869 Ἀλεξανδρέων
3065 1801 3376 1872 πυθόμενοι,
3398 1804 3507 1876 τὴν

251 1880 464 1943 coptam
487 1873 673 1927 acrius
697 1888 762 1928 ac
790 1872 1088 1929 violentius
1117 1881 1475 1927 renovarunt.
1513 1872 1674 1927 Plebs
1702 1872 1824 1944 qui-

252 1965 376 2021 dem
408 1967 592 2021 omnis
642 1973 837 2035 suopte
874 1966 1095 2036 ingenio
1126 1981 1299 2035 prona
1349 1977 1434 2021 est
1474 1965 1542 2020 ad
1591 1966 1819 2020 iracun-

253 2058 421 2126 diam,
465 2068 522 2115 et
569 2076 635 2115 ex
665 2060 964 2115 levissimis
1004 2060 1190 2114 causis
1219 2073 1408 2113 ansam
1449 2057 1822 2113 tumultuandi

1927 1878 2069 1931 κατᾶ
2096 1881 2392 1952 Προτερεου
2423 1884 2566 1954 μετὰ
2608 1887 2855 1955 μείζονος
2885 1888 3061 1958 θυμοῦ
3106 1894 3204 1946 καὶ
3241 1894 3506 1965 πλείστης

1928 1971 2261 2043 Θερμότητος
2314 1975 2632 2031 ἀνενεοῢντο
2689 1980 2871 2051 μῆνιν.
2924 1982 3235 2049 Εὐέξαπτον
3282 1986 3390 2057 γάρ
3445 2003 3505 2039 τι

1929 2065 2117 2134 χρῆμα
2149 2065 2283 2135 πρὸς
2316 2067 2485 2137 ὀργὴν
2513 2070 2542 2121 ό
2568 2069 2763 2140 δῆμος,
2800 2074 2892 2127 καὶ
2921 2074 3018 2139 τὰς
3038 2076 3304 2146 τυχούσας
3326 2079 3504 2149 ἀφορ-

1451 2204 1721 2261 VALESH
1755 2204 2309 2265 ANNOTATIONES.

253 2321 353 2373 tius
378 2320 488 2389 ejus
512 2319 719 2391 decima
736 2328 885 2376 sexta
908 2321 1178 2376 Kalendas
1195 2321 1405 2375 Junius.
1432 2320 1511 2376 Ex
1533 2321 1638 2375 hoc
1656 2320 1820 2391 igitur

252 2398 371 2461 loco
402 2390 717 2461 conjectura
758 2392 1028 2447 adductus
1056 2392 1333 2461 Sigonius,
1372 2407 1482 2445 uno
1514 2390 1819 2460 eodemque

252 2459 342 2521 die
387 2457 608 2512 Avitum
663 2475 963 2530 purpuram
1008 2457 1328 2530 deposuisse
1379 2469 1437 2515 et
1488 2457 1817 2515 Messianum

253 2538 508 2589 necatum
554 2544 701 2599 esse“
724 2531 1077 2594 existimavit,
1109 2531 1238 2585 licet
1275 2540 1432 2585 vetus
1465 2530 1817 2599 Chronogra-

294 2606 396 2659 hus
431 2598 482 2652 id
516 2611 625 2650 non
654 2598 819 2653 dicat.
855 2601 981 2653 Dies
1023 2600 1170 2655 enim
1208 2600 1299 2654 ille
1349 2600 1598 2655 decimus
1631 2598 1818 2654 sextus

295 2622 396 2659 nus
431 2622 482 2652 lu
516 2622 625 2650 IIUll
654 2622 819 2653 UlCﬂl.
855 2622 981 2653 υιεδ
1023 2622 1170 2655 8111111
1208 2622 1299 2654 me
1349 2622 1598 2655 UCCIIIIUS
1631 2622 1817 2654 scmus

252 2622 523 2728 Kalendas
566 2666 757 2722 lunias
792 2669 860 2722 ad
894 2669 1098 2723 eaedem
1127 2670 1378 2724 Messiani
1422 2670 1677 2733 refertur,
1708 2685 1817 2723 non

254 2744 322 2798 ad
366 2738 513 2808 Aviti
545 2737 979 2808 idepositjonem.
1026 2739 1187 2793 Certe
1221 2739 1265 2793 si
1313 2755 1502 2793 verum
1553 2746 1637 2792 est
1665 2739 1811 2806 quod

254 2813 345 2871 hic
391 2806 583 2865 scribit
636 2806 921 2877 Et'agrius,
955 2817 1081 2862 octo
1096 2809 1365 2862 mensium
1398 2808 1574 2878 spatio
1596 2809 1816 2863 Avitum

257 2897 530 2953 regnasse,
575 2879 695 2953 ejus
729 2877 1106 2932 exauctoratio
1152 2877 1500 2953 in_m_ense_m
1562 2878 1813 2953 Martium

1926 2337 2092 2404 anno,
2130 2320 2389 2404 Kalendis
2415 2326 2715 2404 Aprilibus,
2756 2327 2810 2404 id
2833 2335 2941 2404 e_st_
2961 2327 3178 2404 duobus
3200 2327 3309 2384 fere
3337 2346 3502 2404 men-

1924 2393 2078 2447 sibus
2109 2402 2234 2462 post
2273 2393 2482 2449 obitum
2528 2396 2807 2451 Marciani.
2842 2396 2942 2450 Cui
2991 2398 3190 2453 deinde
3231 2402 3503 2456 successit

1924 2462 2163 2518 Severus
2192 2478 2336 2538 anno
2385 2464 2592 2538 Christi
2640 2466 2765 2530 461,
2814 2466 3081 2538 Severino
3128 2476 3184 2521 et
3219 2468 3503 2538 Dagalaifo

1923 2548 2088 2607 coss._
2116 2533 2360 2607 quinque
2393 2534 2510 2607 fere
2551 2538 2711 2607 annis
2740 2546 2865 2606 post
2903 2537 3114 2591 obitum
3151 2533 3504 2607 imperatoris

1924 2602 2207 2678 Marciani.
2259 2603 2430 2658 Porro
2471 2604 2562 2678 hic
2597 2602 2832 2678 Sever_us
2859 2607 2967 2678 alio
2999 2602 3500 2678 nomine-Serpen-

1924 2672 2035 2726 tius
2065 2671 2249 2745 dictus
2280 2681 2398 2745 est,_
2427 2684 2500 2745 nt
2532 2674 2693 2729 docet
2736 2675 3101 2745 Theophanes
3128 2677 3181 2730 in
3217 2671 3501 2744 Chronico,

1923 2756 2045 2818 pag.
2063 2742 2153 2806 97,
2174 2741 2259 2818 his
2284 2743 2638 2818 verbisz‘Kal.
2665 2745 2768 2818 ὲπή
2779 2741 3167 2816 ρθηῖευῆρος,
3190 2748 3218 2798 ὁ
3244 2750 3335 2799 καὶ
3366 2741 3503 2818 Σερὲ

1924 2811 2157 2886 πένητι-ος.
2185 2811 2295 2886 ἐἰς
2336 2813 2482 2886 enim
2509 2811 2801 2886 legendum
2824 2811 3212 2886 est,_ut:'recte
3255 2811 3503 2886 conjecit

1922 2879 2005 2933 vir
2051 2879 2406 2936 doctissimus
2437 2879 2761 2938 Fran'ciscus
2812 2882 3197 2939 Combeiisius.
3240 2879 3401 2940 Certe
3441 2886 3501 2940 in

253 2936 382 3008 anili
415 2936 527 3005 456'
553 2936 710 3004 cadat
747 2961 971 3002 necesse
1017 2956 1121 3000 est.
1186 2947 1393 3001 ldatius
1442 2948 1498 3001 in
1558 2946 1814 3001 Chronico
1843 2936 1888 2999 C
1918 2947 2172 3003 Chronico
2209 2936 2691 3007 Alexandrinoiita
2740 2936 3501 3010 dicitur.indictione—enim

255 3031 366 3078 tres
393 3035 565 3075 annos
592 3017 810 3088 imperii
829 3016 990 3071 Avito
1015 3017 1259 3071 tribuere
1282 3017 1518 3072 videtur.
1547 3016 1638 3088 Sic
1672 3018 1821 3088 enim

256 3091 452 3149 scribit
482 3108 495 3143 :
529 3086 710 3145 Avitus
750 3090 902 3141 tertio
949 3103 1089 3140 anno
1129 3095 1471 3157 posteaquam
1505 3105 1538 3140 a
1579 3086 1747 3141 Gallis
1771 3098 1819 3141 et

255 3179 287 3213 a
332 3161 507 3216 Gothis
538 3159 709 3228 factus
735 3158 906 3228 fuerat
934 3157 1241 3228 imperator,
1278 3166 1428 3228 caret
1456 3158 1696 3225 imperio,
1720 3157 1822 3213 Go-

254 3233 463 3284 thorum
514 3225 769 3299 promisso
812 3225 1095 3299 destitutus
1137 3225 1359 3290 auxilio,
1400 3237 1573 3299 δεινα-
1602 3236 1652 3279 et
1688 3230 1817 3299 vita.

254 3301 454 3354 Verum
488 3293 544 3352 in
589 3312 691 3351 ms.
728 3296 918 3350 codice
953 3310 1066 3354 quo
1109 3311 1241 3351 usus
1294 3303 1378 3349 est
1426 3293 1664 3350 Jacobus
1707 3296 1824 3351 Sir-

260 3312 454 3354 Verum
488 3315 544 3352 In
589 3312 691 3351 ms.
728 3312 918 3350 conice
995 3312 1066 3349 uo
1109 3312 1241 3351 usus
1294 3312 1378 3349 εει
1426 3312 1664 3350 Jaconus
1707 3312 1818 3351 Sir-

255 3369 514 3434 mundus,
543 3368 636 3421 hic
672 3368 826 3421 locus
855 3366 931 3419 ita
953 3312 1210 3436 (legitur:
1242 3364 1413 3436 Tertio
1447 3381 1587 3436 anno
1618 3364 1818 3435 Avitus,

252 3441 472 3509 septimo
512 3453 685 3509 mense
711 3434 1058 3507 posteaquam
1085 3454 1126 3509 _a
1160 3434 1328 3509 Gallis
1348 3442 1415 3509 _e_t
1453 3453 1486 3488 a
1529 3435 1706 3509 Gothis
1737 3434 1820 3506 fa;

256 3504 368 3566 ctus
396 3510 569 3579 fuerat
603 3504 913 3579 imperator,
942 3514 1048 3561 etc.
1077 3505 1314 3560 Iacobus
1335 3504 1673 3579 ‘Sirnntndus
1696 3504 1819 3579 cum

257 3574 537 3636 hac'duo
578 3574 745 3632 simul
798 3584 944 3631 stare
988 3591 1100 3630 non
1140 3589 1299 3645 posse
1325 3574 1685 3645 intelligeret,
1722 3576 1821 3630 has

254 3650 390 3704 duas
436 3663 599 3705 voces
618 3649 837 3717 septimo
871 3662 1063 3717 mense,
1094 3644 1155 3700 in
1202 3644 1445 3717 editione
1474 3644 1571 3697 sua
1612 3646 1818 3710 omisit,

254 3720 450 3775 melius
495 3716 740 3774 facturus
788 3717 833 3770 si
873 3716 1011 3769 duas
1049 3717 1171 3770 illas
1211 3716 1365 3768 tertio
1413 3730 1576 3777 anno,
1609 3730 1817 3784 expun-

252 3791 441 3844 xisset.
478 3788 664 3857 Neque
703 3788 853 3842 enim
898 3785 1091 3841 Avitus
1137 3793 1248 3841 tres
1285 3799 1460 3857 annos
1509 3785 1817 3857 imperavit,

251 3858 345 3914 sed
387 3853 597 3927 septeni
645 3856 908 3911 duntaxat
937 3865 1032 3909 aut
1072 3862 1199 3911 octo
1237 3853 1540 3927 mensibus,
1577 3854 1675 3927 qui
1687 3856 1820 3927 _sub

251 3923 468 3983 duobus
507 3926 886 3983 consulatibus
907 3932 1294 3981 cucurrerunt.
1326 3923 1480 3978 Unde
1519 3940 1548 3977 a
1586 3924 1818 3993 quibus-

251 3998 374 4051 dam
396 3997 763 4067 scriptoribus
786 3995 1071 4067 biennium
1100 4009 1356 4067 regnasse
1409 3992 1632 4049 dicitur.
1658 3992 1818 4049 Certe

248 4065 532 4123 Cedrenus
575 4067 631 4121 in
677 4065 932 4121 Chronico
962 4066 1036 4119 ita
1070 4065 1282 4119 scribit.

322 4137 432 4206 (54)
508 4136 667 4205 Λιμῷ
690 4136 1200 4206 μεταλλάξαντοςτ
1254 4132 1529 4206 Musculus
1573 4140 1629 4187 et
1655 4132 1818 4188 Chri-

252 4203 649 4286 stophOrson'us
680 4206 852 4286 λοιμῷ
875 4206 1144 4286 legerunt.
1169 4204 1347 4286 Quam
1365 4203 1693 4286 scripturam
1730 4219 1821 4257 ve-

1922 3018 2136 3098 decima
2177 3020 2393 3098 quinta,
2439 3022 2569 3098 Leo.
2604 3023 2883 3098 Augustus
2931 3024 3121 3077 consul
3165 3026 3361 3098 iterum
3392 3040 3502 3093 po-

1922 3090 2273 3161 niturcum
2317 3090 2631 3161 Serpentio.
2681 3090 2911 3147 Constat
2953 3102 3138 3147 autem
3201 3094 3304 3149 hoc
3350 3090 3503 3150 anno

1923 3159 2203 3233 consulem
2251 3158 2725 3233 fuisse'severum
2768 3162 3073 3233 Augustth
3122 3179 3246 3218 cum
3289 3163 3531 3219 Leone.‘

1923 3225 2016 3281 Sic
2061 3229 2210 3282 enim
2254 3229 2449 3298 scribit
2488 3225 2942 3288 Cassiodorus'in
2994 3231 3187 3298 Fastis,
3234 3241 3291 3288 et
3338 3242 3503 3289 vetus

1922 3305 2117 3368 auctor
2157 3313 2187 3352 a
2234 3297 2570 3368 Cuspiniano
2608 3301 2808 3356 editus.

2530 3370 2741 3455 udi-cie
2763 3372 2944 3427 ἔτεσι.
2977 3373 3289 3455 Marcianus
3327 3374 3504 3455 impee

1923 3439 2068 3489 ravit
2108 3439 2270 3491 annis
2321 3452 2416 3493 sex
2455 3454 2521 3495 ac
2570 3439 2798 3495 totidem
2833 3444 3137 3503 mensibus,
3184 3452 3246 3495 ut
3300 3439 3503 3499 scribit

1922 3504 2270 3561 Marcellinus
2298 3516 2354 3562 et
2381 3508 2569 3563 Victor
2607 3506 2954 3566 Tunonensis
2992 3513 3046 3565 in
3082 3510 3357 3566 Chronico.
3392 3514 3501 3567 lmr

1921 3575 2133 3699 ggrium
2179 3577 2302 3657 iniit
2331 3592 2476 3657 anno
2500 3579 2706 3633 Christi
2720 3580 2857 3662 βξςο,
2887 3581 2979 3662 die
3004 3590 3199 3662 octavo
3227 3583 3505 3637 Kalendas

1998 3646 2285 3699 Dtembrts.
2311 3645 2450 3699 ferta
2471 3647 2525 3699 5.
2551 3658 2612 3699 ut
2628 3649 2888 3699 scribitur
2908 3667 2961 3699 ιη
2993 3650 3249 3699 Chronico
3266 3651 3503 3699 Alcman-

1998 3646 2285 3714 ptembris,
2311 3645 2450 3701 feria
2471 3647 2525 3710 5,
2551 3658 2612 3703 ut
2628 3649 2888 3704 scribitur
2908 3650 2963 3704 in
2993 3650 3249 3706 Chronico
3266 3651 3503 3705 Aleman-

1921 3715 2096 3767 drino.
2128 3714 2297 3769 Obiit
2325 3725 2507 3771 autem
2550 3734 2696 3772 anno
2736 3717 2941 3775 Christi
2971 3721 3094 3784 457,
3143 3721 3247 3773 sub
3282 3722 3497 3774 exitum

1921 3784 2129 3839 mensis
2173 3785 2442 3848 Januarii,
2474 3796 2535 3840 ut
2568 3788 2761 3842 scribit
2799 3789 3124 3844 Theodorus
3158 3789 3374 3852 Lector,
3403 3792 3499 3844 cui

1921 3853 2198 3909 consentit
2250 3863 2444 3909 auctor
2493 3855 2740 3911 Chronici
2780 3857 3153 3912 Alexandrini.
3203 3858 3303 3913 Hic
3346 3861 3501 3913 enim

1921 3923 2160 3978 Leonem
2190 3923 2286 3993 qui
2313 3927 2583 3980 successit
2607 3927 2902 3993 Marciano,
2936 3928 3173 3983 levatum
3204 3943 3325 3982 esse
3355 3929 3498 3983 scri-

1921 3994 2234 4066 bit_t_nense
2271 3994 2501 4066 Peritio,
2551 3995 2641 4066 die
2689 3996 2924 4066 septimo
2965 3997 3097 4051 Idus"
3142 3996 3497 4052 Februarias.

1919 4062 2944 4186 lttagiarcinnusigniperavitsex'annos
2989 4082 3207 4122 menses
3248 4067 3500 4136 quinque

1919 4147 1950 4186 e
2050 4149 2127 4186 tes
2165 4149 2195 4186 a
2222 4149 2350 4186 nouo
2384 4175 2396 4186 .
2479 4168 2489 4181 .

1919 4142 1977 4188 et
2009 4142 2127 4187 dies
2165 4142 2396 4188 aliouot.
2479 4168 2489 4181 ι

2009 4149 2127 4187 ales
2165 4149 2396 4203 anquor.
2479 4168 2489 4181 ι

1994 4201 2103 4272 (58)
2144 4205 2448 4272 Μνημεῖον
2464 4204 2532 4256 δὲ
2555 4204 2740 4271 ὄντως
2756 4207 3108 4270 βασιλικόν.
3134 4204 3292 4259 Hunc
3309 4205 3497 4258 locum

253 4272 454 4331 riorem
488 4284 642 4344 puto.
689 4272 884 4344 Neque
924 4272 1071 4328 cnim
1101 4273 1385 4344 probabile
1426 4281 1545 4344 est?
1572 4273 1815 4339 Avitum,
1851 4278 1897 4336 υ
1925 4272 2280 4344 interpolavit
2322 4272 2666 4344 Nicephorius
2708 4275 2813 4330 hoc
2861 4276 3046 4338 modo,
3094 4276 3188 4327 xui.
3231 4278 3499 4344 μνημεῖον

251 4344 344 4415 qui
370 4343 501 4413 post
532 4344 853 4415 depositum
873 4343 1499 4415 imperium_episcopus
1528 4343 1820 4415 Placentiae

253 4410 429 4467 factus
467 4422 572 4475 est,
608 4410 688 4467 fut
731 4412 922 4467 scribit
952 4410 1134 4467 Victor
1160 4410 1511 4465 Tunoncnsis
1537 4418 1594 4464 et
1621 4410 1823 4466 Marius

257 4486 308 4536 in
346 4482 625 4545 Chronico,
672 4481 813 4537 fame
860 4480 1156 4535 interiisse.
1208 4480 1494 4548 Vulgatam
1531 4488 1710 4533 tamen
1739 4481 1822 4536 le—

257 4552 491 4606 etionem
525 4552 756 4606 retinuit
802 4550 1168 4621 Nicephorus.

347 4622 438 4691 55)
476 4621 832 4691 Μιεϊουρῖνος
850 4618 1131 4686 δεύτερον
1152 4619 1309 4691 ἔτος.
1336 4618 1666 4691 Maiorianus
1692 4634 1825 4688 qua-

252 4701 380 4745 tuor
414 4688 590 4746 annos
610 4706 673 4744 ac
697 4690 923 4745 totidem
957 4704 1173 4744 menses
1197 4688 1490 4757 imperium
1518 4689 1821 4742 Romanum

253 4760 679 4825 administravit,
708 4769 769 4814 nt
790 4761 951 4815 docet
974 4768 1132 4812 vetus
1153 4758 1617 4826 Ghronographus
1644 4757 1825 4812 editus

252 4848 283 4885 a
317 4830 673 4901 Clispiniano,
711 4830 799 4901 cui
847 4829 1111 4901 suscribit
1138 4828 1348 4901 ldatius
1381 4836 1438 4882 et
1476 4827 1822 4901 Marcellinus

254 4901 310 4955 in
360 4897 635 4955 Chronico.
684 4900 823 4954 Huic
879 4899 1183 4954 succedens
1241 4898 1499 4960 Severus,
1543 4897 1659 4967 pari
1706 4897 1819 4951 fere

252 4985 520 5024 annorum
551 4971 731 5038 spatio
755 4970 1064 5039 imperavit,
1103 4978 1162 5023 ut
1187 4968 1352 5039 iidem
1382 4968 1819 5039 scriptor-estra-

252 5040 409 5093 dunt.
449 5037 649 5096 Verum
704 5037 971 5109 haec—post
1024 5037 1653 5109 mortemimpcratoris
1679 5037 1821 5109 illar-

248 5110 393 5164 ciani
442 5113 809 5179 contigerunt,
850 5107 1043 5165 Leone
1082 5109 1219 5180 Aug.
1254 5108 1493 5165 Orientis
1530 5107 1820 5176 imperium

253 5180 691 5234 administrante.

326 5250 436 5318 (56)
460 5252 898 5315 Βασιλεύοντος
915 5252 1192 5317 Σευῆρον.
1208 5249 1372 5302 Errat
1385 5247 1667 5317 Evagrius.
1684 5248 1821 5318 Mor-

252 5317 385 5373 tuus
430 5330 514 5374 est
547 5321 856 5392 Ma_rcianus
892 5320 1169 5392 Augustus
1196 5317 1822 5392 Constalttitto_et_llufo

255 5402 396 5441 coss.
434 5405 578 5443 anno
610 5390 813 5450 Christi
843 5387 1193 5457 457,'mense
1225 5389 1542 5443 Februario.
1570 5387 1820 5456 Majoria-

256 5471 360 5510 nus
405 5475 532 5513 vero
579 5462 851 5518 ltavcnme
906 5463 1205 5532 imperator
1253 5461 1466 5513 levatus
1515 5466 1598 5513 est
1628 5458 1819 5513 eodem

1922 4340 2089 4396 πᾶσιν
2108 4340 2421 4412 ἀνθρώποις
2438 4340 2537 4413 τὴν
2559 4342 2837 4412 βασιλείαν
2858 4340 3285 4405 καταλελοιπώς.
3319 4340 3499 4397 Eum-

1921 4413 2048 4484 dem
2090 4425 2313 4484 sensum
2352 4422 2580 4484 secutus
2612 4422 2697 4466 est
2734 4413 3287 4484 Christoplwrsonus,
3334 4421 3393 4484 ut
3428 4428 3500 4466 ex

1921 4481 2382 4551 interpretatione
2406 4482 2527 4551 ejus
2559 4492 2805 4551 apparet.
2838 4483 2927 4537 Sic
2958 4481 3116 4537 'enim
3144 4483 3309 4536 vertit
3348 4481 3503 4536 hunc

1922 4550 2463 4622 locum._Exemplari
2494 4567 2611 4604 vere
2632 4554 2776 4622 regio
2805 4553 3041 4606 omnibus
3073 4552 3143 4604 ad
3183 4551 3500 4622 intuendum

1925 4618 2413 4692 relicto.Musculus
2439 4634 2573 4675 vero
2598 4618 3107 4692 sic'interpretatus
3141 4629 3246 4675 est.
3280 4620 3349 4674 Et
3391 4636 3506 4692 rne-

1928 4691 2153 4760 moriam
2200 4691 2286 4743 sui
2315 4705 2433 4743 vere
2474 4690 2805 4759 imperialem
2838 4689 2980 4760 apud
3006 4697 3217 4744 cunctos
3248 4689 3502 4760 mortales

1925 4758 2242 4828 reliquisset.
2284 4760 2487 4830 verum
2522 4760 2589 4830 id
2611 4774 2722 4813 non
2768 4758 2902 4814 dicit
2928 4761 3217 4830 Evagrius,
3245 4759 3342 4813 scd
3375 4774 3501 4813 mo-

1927 4837 2253 4882 numentum
2287 4829 2447 4897 plane
2482 4828 2690 4898 regium
2734 4844 2764 4882 a
2790 4828 3067 4884 Marciano
3094 4830 3346 4884 relictum
3378 4843 3505 4883 esse

1926 4898 2071 4954 anud
2136 4908 2366 4952 cunctos
2410 4898 2687 4952 mortales.
2746 4899 2803 4952 Id
2844 4908 3028 4954 autem
3079 4906 3503 4953 monumentum

1924 4966 2075 5020 aliud
2115 4983 2236 5023 esse
2270 4983 2379 5021 non
2426 4976 2627 5036 potest,
2673 4984 2837 5036 quam
2876 4977 2971 5022 aut
3017 4970 3126 5023 vita
3160 4968 3330 5036 ipsius
3370 4966 3503 5018 reli-

1926 5037 2075 5117 giose
2105 5045 2538 5117 acta,aut‘certe
2562 5038 3311 5117 synodusChalcedonensis,
3330 5049 3501 5113 qualn

1927 5104 2019 5162 ille
2068 5108 2135 5162 ad
2182 5106 2453 5167 tollendas
2482 5104 2741 5161 Ecclesia:
2772 5108 3144 5162 dissensiones
3175 5104 3501 5173 congregari

1921 5178 2107 5246 jussit,
2151 5186 2207 5232 et
2239 5177 2328 5231 cui
2377 5178 2513 5246 ipse,
2571 5178 2824 5246 exemplo
2880 5175 3225 5233 Constantini
3255 5174 3501 5235 Maximi,

1927 5250 2195 5303 interesse
2226 5245 2419 5302 voluit.
2450 5246 2587 5301 Cum
2615 5245 2781 5316 igitur
2810 5248 2931 5317 ejus
2957 5246 3306 5317 potissimum
3332 5258 3502 5311 opera

1926 5334 1989 5391 ac
2025 5317 2209 5391 studio
2237 5318 2466 5391 collecta
2495 5314 2663 5385 atque
2705 5314 2942 5387 perfecta
2959 5314 3136 5370 fuerit
3185 5314 3303 5391 hanc
3341 5327 3504 5391 svnot

1926 5388 2049 5452 dus,
2088 5388 2214 5457 jure
2259 5388 2458 5442 merito
2502 5382 2643 5455 opus
2686 5382 2747 5442 ac
2791 5395 3205 5442 monumentum
3238 5382 3504 5436 Marciani

1924 5457 2056 5527 imp.
2097 5459 2278 5512 vocari
2321 5467 2520 5527 potest.

1704 5594 2084 5650 \‘ARIORUM.

328 5688 407 5759 (η)
447 5690 785 5759 Μαρκιανὸς
830 5692 942 5758 τὴν
972 5693 1297 5755 ,βασιλείαν
1340 5690 1709 5744 ἐπαλλάττει.
1755 5692 1819 5745 De

1932 5705 2108 5759 nporc
2153 5690 2336 5744 obitus
2378 5689 2633 5745 Marciani
2678 5689 2799 5745 vide
2863 5688 3020 5756 plura
3064 5684 3121 5739 in
3192 5675 3505 5737 adnotatioo

266 5758 522 5822 nibnsad
565 5759 912 5814 Theodorum
959 5762 1263 5829 hectorem,
1296 5762 1391 5816 lib.
1428 5777 1463 5826 ι,
1498 5760 1673 5814 initio.
