3940 6202
464 259 607 321 25-23

1683 257 1999 319 EVAGRII
2052 255 2541 318 SCHOLASTICI

3579 254 3700 319 εδει

467 377 866 439 Alexandrina,
915 374 1011 429 sed
1068 390 1097 427 a
1150 372 1325 427 milite
1384 370 1648 441 quapiam
1699 369 2053 424 interfectum

2163 368 2322 437 φότος
2356 366 2414 420 δὲ
2445 365 2725 419 Διονυσίου
2751 364 2850 449 τὴν
2874 364 3029 437 πόλιν
3058 365 3196 437 μετὰ
3225 365 3470 420 πλείστου
3506 366 3697 438 τάχους,

468 473 659 527 fuisse.
691 471 864 524 Porro
898 482 1021 521 cum
1071 465 1368 535 Dionysius
1396 466 1689 520 celerrime
1736 462 2055 517 advenisset

468 559 881 618 Alexandriam,
913 565 1145 627 urgente
1168 554 1385 610 Scilicet
1405 554 1693 608 atrocitate
1723 568 1909 606 rerum
1932 566 2054 620 quae

470 654 584 707 illic
613 649 1099 722 perpetrabantur,
1143 646 1369 715 quidam
1401 662 1469 700 ex
1505 644 1894 700 Alexandrinis
1917 642 2055 697 inci-

471 744 571 798 tati
601 759 631 797 a
663 741 981 801 Timotheo,
1021 738 1169 792 sient
1217 737 1487 807 scriptum
1520 745 1607 792 est
1650 737 1704 790 in
1743 736 1946 790 litteris
1985 734 2055 789 ad

470 836 711 890 Leonem
744 832 1079 901 Augustum,
1111 828 1423 882 Proterium
1466 827 1831 887 interficiunt.
1872 825 2055 896 gladio

471 927 527 978 in
555 924 675 992 ejus
702 920 911 975 viscera
943 920 1160 981 adacta,
1193 934 1319 973 eum
1353 919 1402 973 is
1432 918 1501 973 ad
1526 934 1744 972 sacrum
1785 919 2055 988 baptiste-

473 1014 615 1087 rium
638 1011 998 1083 confugisset.
1032 1012 1282 1080 Eumque
1314 1009 1446 1065 fune
1500 1009 1949 1079 circumligatum
1992 1024 2057 1064 ac

471 1120 825 1174 suspensum,
869 1104 925 1158 in
955 1105 1078 1158 loco
1100 1104 1194 1173 qui
1231 1102 1585 1173 Tetrapylum
1614 1102 1820 1157 dicitur
1842 1102 2059 1158 cunctis

469 1204 773 1259 ostentant,
803 1193 1104 1248 irridentes
1132 1210 1196 1248 ac
1216 1193 1587 1249 vociferantes
1605 1193 1916 1248 Proterium
1936 1209 2058 1249 esse

474 1302 600 1340 cum
632 1284 727 1355 qui
760 1284 979 1340 occisus
1002 1284 1222 1361 fuisset.
1252 1286 1382 1340 Post
1409 1285 1526 1339 haec
1557 1284 1795 1340 cadaver
1816 1285 1937 1356 ejus
1958 1301 2059 1355 per

477 1380 792 1433 universam
847 1380 1040 1434 urbem
1090 1386 1363 1448 raptatum
1414 1377 1804 1441 incenderunt,
1843 1377 2075 1447 viscera.

476 1487 695 1540 quoque
716 1472 835 1542 ejus
867 1471 1112 1526 ferarum
1144 1486 1301 1525 more
1329 1470 1626 1539 degustare
1675 1485 1788 1524 non
1837 1469 1997 1524 veriti
2042 1487 2056 1523 :

475 1563 620 1617 sicut
670 1563 918 1617 continet
976 1562 1201 1616 libellus
1263 1577 1517 1632 precum,
1576 1577 1742 1632 quem
1811 1562 2057 1631 episcopi

475 1653 713 1724 Egypti,
741 1663 795 1707 et
818 1655 1115 1708 universus
1144 1653 1329 1707 clerus
1354 1652 1509 1708 urbis
1539 1653 1927 1709 Alexandrinae
1957 1654 2061 1708 mi-

476 1753 668 1798 serunt
696 1745 764 1800 ad
809 1745 1213 1816 Leonem,qni,
1248 1754 1467 1801 mortuo
1508 1745 1807 1813 Marciano,
1836 1756 1899 1802 ut
1944 1748 2058 1818 jam

475 1837 609 1901 dixi,
646 1839 953 1892 Romanum
992 1837 1285 1908 imperium
1328 1836 1783 1891 administrabat.
1812 1836 2061 1892 Libellus

475 1937 660 1982 autem
695 1930 775 1983 sic
816 1928 985 1984 habet
1022 1947 1035 1982 ;
1087 1929 1186 1983 Pio
1208 1937 1266 1982 et
1290 1926 1498 1984 Christi
1542 1927 1949 1992 amantissimo,
2004 1934 2063 1982 et

473 2035 504 2073 a
537 2020 649 2075 Deo
693 2020 1004 2092 designato,
1037 2020 1248 2076 Victori
1290 2035 1355 2075 ac
1398 2017 1818 2088 Triumphatori
1854 2027 1909 2073 et
1951 2016 2063 2073 Au-

474 2119 634 2179 gusto
662 2110 854 2174 Leoni,
893 2126 1086 2180 preces
1120 2111 1318 2166 oblatae
1350 2109 1420 2164 ab
1464 2108 1744 2164 universis
1776 2108 2062 2179 episcopis

471 2200 808 2271 Egyptiacze
839 2201 1096 2257 dioecesis
1128 2210 1350 2266 vestrae,
1376 2210 1434 2257 et
1478 2217 1508 2256 a
1553 2201 1774 2256 clericis
1806 2200 2061 2256 maximae

473 2304 531 2348 et
546 2297 908 2352 sanctissimae
922 2298 1185 2354 Ecclesia:
1199 2298 1694 2353 Alexandrinorum
1717 2308 2057 2355 vestrorum.

468 2382 612 2442 Cum
656 2388 868 2443 cmlesti
921 2391 1097 2459 gratia
1153 2398 1413 2459 tanquam
1469 2389 1735 2445 eximium
1780 2389 2059 2459 quoddam

478 2494 681 2532 munus
712 2479 835 2534 orbi
870 2487 1141 2533 terrarum
1165 2496 1466 2536 concessus
1495 2481 1695 2546 fueris,
1713 2482 1841 2552 jure
1858 2482 2060 2537 merito

477 2567 727 2635 quotidie
764 2576 890 2637 post
921 2569 1092 2622 Deum
1127 2569 1446 2638 reipublicae
1479 2570 1775 2639 providere
1806 2585 1917 2625 non
1941 2585 2061 2625 ces-

474 2673 588 2720 sas,
641 2660 890 2713 omnium
938 2660 1337 2729 imperatorum
1390 2661 1741 2717 sanctissime
1790 2661 2058 2732 Auguste.

479 2748 691 2819 Etpast
739 2749 851 2804 alia
884 2768 903 2805 :
941 2751 1191 2821 Dumque
1232 2752 1529 2822 tranquilla
1580 2768 1686 2823 pax
1738 2753 2061 2809 orthodoxae

401 2881 414 2902 κ
476 2840 679 2908 plebis,
705 2852 819 2896 tum
839 2842 983 2912 apud
1008 2860 1129 2908 nos,
1151 2854 1268 2898 tum
1300 2843 1358 2898 in
1376 2844 1514 2898 urbe
1535 2844 1866 2899 Alexandria
1890 2852 2057 2911 esset,

481 2948 675 2987 rursus
706 2933 880 2988 turba:
898 2935 1149 2989 excitate
1173 2944 1324 3000 sunt,
1351 2951 1475 2990 cum
1502 2936 1830 2992 Timotheus
1869 2937 2057 2991 statim

2154 457 2263 509 τῶν
2320 455 2631 526 γενομένων
2680 456 3054 524 ἀτοπημάτων
3113 456 3484 509 συνωθούντων
3514 458 3698 524 αὑτὸν,

2156 546 2485 609 σπεύδοντός
2510 563 2572 598 τε
2619 546 2718 615 τὴν
2763 547 3130 600 διαναστᾶσαν
3157 546 3255 616 τῆς
3280 547 3501 610 στάσεως
3537 550 3701 619 πυρὰν

2158 639 2351 691 σϐέσαι
2374 680 2388 703 ,
2416 638 2549 692 ἔνιοι
2584 637 2694 691 τῶν
2748 637 3146 709 ’Δλεξανδρέων
3193 640 3587 708 παροτρύνοντος
3609 642 3697 693 Τι-

2160 732 2376 801 μοθέου,
2410 731 2484 793 ὡς
2514 731 2733 801 ἐγράφη
2775 730 2853 801 τῷ
2885 718 3079 784 Λέοντι
3102 772 3117 797 ,
3149 730 3431 785 ἐπελθόντα
3454 732 3535 785 τὸν
3570 734 3699 805 Προ-

2156 823 2768 893 τέριονδιαχειρίζονται
2788 822 2887 893 (p),
2920 820 3103 891 ξίφους
3128 824 3268 876 κατὰ
3291 821 3391 874 τῶν
3414 822 3701 892 σπλάγχνων

2156 915 2441 977 ὠσθέντος,
2481 916 2623 969 κατὰ
2650 915 2711 967 τὸ
2753 917 3022 983 πανὰγιον
3083 914 3461 985 βαπτιστήριον
3488 932 3702 968 γαταπε-

2158 1007 2398 1076 φευγότα
2421 1023 2433 1036 ·
2486 1007 2545 1060 ὃν
2579 1009 2671 1061 καὶ
2714 1007 2959 1077 καλωδίῳ
3013 1009 3501 1078 περιαρτὴσαντες,
3530 1007 3620 1060 ἀνὰ
3643 1007 3697 1060 τὸ

2158 1099 2498 1167 καλούμενον
2551 1099 2905 1171 Τετρὰπυλον
2971 1104 3082 1163 τοῖς
3136 1102 3299 1154 πᾶσιν
3359 1101 3701 1166 ἐπεδείκνυον,

2160 1192 2598 1257 ὲπιτωθάζοντές
2624 1211 2681 1246 τε
2707 1193 2801 1246 καὶ
2831 1193 3258 1264 κραυγάζοντες,
3290 1191 3561 1263 Προτέριον
3585 1185 3704 1245 εἶναι

2158 1284 2251 1337 τὸν
2281 1284 2646 1354 ἀνῃρημένον.
2670 1285 2779 1338 Καὶ
2802 1284 2945 1337 κατὰ
2964 1283 3140 1337 ταῦτα
3165 1283 3228 1337 τὸ
3261 1283 3415 1353 σῶμα
3445 1282 3526 1336 διὰ
3548 1284 3702 1353 πάσης

2160 1375 2259 1444 τῆς
2292 1374 2498 1438 πόλεως
2528 1374 3009 1445 περιελκύσαντες,
3045 1376 3184 1447 πυρὶ
3221 1373 3513 1447 παρέδοσαν
3548 1391 3561 1407 ⁸
3601 1373 3704 1428 οὐδὲ

2161 1465 2271 1519 τῶν
2297 1465 2627 1535 σπλάγχνων
2652 1466 2830 1520 αὐτῶν
2849 1468 2939 1520 ῐσα
2960 1466 3169 1538 Θηρίοις
3195 1466 3707 1536 ἀπογι-ῑύσασθαιναρ⁶

2162 1558 2455 1626 κήσαντες,
2510 1555 2584 1619 ὥς
2638 1574 2740 1611 που
2776 1557 2950 1612 ταῦτα
2991 1558 3174 1611 πάντα.
3206 1560 3240 1626 ἡ
3267 1558 3448 1627 δέησις
3487 1556 3705 1627 περιέχει

2162 1651 2269 1704 τῶν
2290 1652 2606 1707 ἐπισκόπων
2627 1653 2735 1706 τῶν
2765 1653 2868 1705 ἀνὰ
2894 1653 2992 1720 τὴν
3024 1651 3320 1719 Αἴγυπτον,
3351 1651 3441 1704 καὶ
3471 1650 3556 1703 τοῦ
3581 1649 3702 1718 σύμ-

2163 1758 2365 1804 παντος
2400 1742 2605 1813 κλήρου
2646 1743 2746 1812 τῆς
2791 1742 3181 1813 Ἀλεξάνδρου,
3220 1736 3355 1812 πρδς
3404 1741 3591 1794 Λέοντα
3628 1739 3705 1791 τὸν

2166 1836 2305 1904 μετὰ
2336 1833 2653 1904 Μαρκιανὸς)
2675 1877 2689 1900 ,
2741 1836 2817 1900 ὡς
2845 1836 3096 1908 εἴρηται,
3133 1839 3235 1905 τὴν
3270 1833 3576 1904 ὲπικρατίαν
3612 1829 3704 1883 τῶν

2178 1927 2464 1995 Ῥωμαίων
2490 1926 2849 1997 περιθέμενον
2875 1928 3241 1998 γεγενημένη,
3268 1928 3369 1998 ἦπε
3379 1943 3408 1998 ρ
3431 1923 3704 1994 γέγραπται

2160 2018 2389 2089 ὀνόμασι
2433 2019 2645 2082 τούτοις
2671 2036 2684 2048 ·
2718 2019 2809 2090 Τῷ
2858 2020 3087 2073 Εὐσεὸεἶ
3139 2021 3238 2073 καὶ
3274 2016 3587 2087 Φιλοχρίστῳ
3625 2012 3704 2065 καὶ

2164 2108 2315 2177 παρὰ
2342 2108 2478 2162 Θεοῦ
2524 2110 2889 2179 ἁναδειχϐἑντι
2912 2150 2927 2174 ,
2961 2110 3179 2182 Νικητῇ
3206 2153 3221 2174 ,
3254 2105 3596 2181 Τροπαιούχῳ
3627 2103 3704 2156 καὶ

2160 2199 2457 2270 Αὐγούστῳ
2486 2201 2699 2267 Λέοντι,
2730 2200 2917 2271 δέησις
2950 2203 3104 2271 παρά
3126 2202 3239 2256 τῶν
3277 2199 3572 2254 ἐπισκόπων
3596 2195 3703 2247 πᾶν·

2160 2310 2269 2347 των
2295 2293 2393 2361 τῆς
2412 2293 2687 2364 ὑμετέρας
2713 2293 3095 2363 Αἰγυπτιακῆς
3111 2294 3455 2364 διοικήσεως,
3484 2289 3570 2343 καὶ
3592 2286 3703 2355 κλη-

2164 2385 2333 2455 ρικῶν
2367 2383 2479 2437 τῶν
2512 2385 2658 2443 κατὰ
2703 2385 2802 2456 τὴν
2847 2385 3113 2455 μεγίστην
3162 2385 3433 2456 ὑμετέραν
3489 2381 3703 2445 Ἀλεξαν-

2160 2475 2330 2547 δρέων
2363 2477 2679 2554 ἁγιωτέιτην
2712 2477 3029 2546 ἐκκλησίαν.
3086 2477 3188 2531 Ἐκ
3229 2480 3326 2546 τῆς
3355 2473 3549 2529 ἄνωθεν
3573 2471 3706 2540 χάρι-

2162 2582 2250 2627 τος
2279 2565 2452 2636 δῶρον
2483 2565 2561 2637 τῷ
2597 2567 2698 2637 βίῳ
2744 2567 3146 2638 παρασχεοεὶξ,
3185 2566 3405 2629 εἰκότως
3448 2565 3504 2617 οὐ
3555 2562 3706 2628 λέγεις

2135 2656 2431 2727 ,ὁσημέραι
2461 2657 2557 2710 τοῦ
2585 2657 2765 2712 κοινοῦ
2808 2659 2949 2729 μετὰ
2991 2659 3081 2712 τὸν
3118 2658 3258 2712 Θεὸν
3276 2652 3704 2729 προμηθούμενοςι

2163 2748 2495 2815 εύαγέστατε
2535 2750 2752 2804 πάντων
2808 2750 3235 2821 αὐτοκρατόρων
3283 2748 3564 2816 Αὔγουστε.
3615 2739 3707 2796 Καὶ

2158 2840 2288 2910 μεθ’
2314 2839 2506 2909 ἕτερα·
2535 2841 2932 2895 Ἀστασιάστου
2964 2858 3024 2893 τε
3052 2842 3283 2913 εἰρήνης
3316 2840 3420 2892 τῶν
3447 2833 3709 2908 ὀρθοδόξων

2162 2932 2308 2987 λαῶν
2340 2934 2470 3001 παρ’
2503 2934 2635 3002 ἡμὶν
2659 2949 2719 2986 τε
2754 2934 2848 2986 καὶ
2880 2932 3025 2986 κατὰ
3070 2932 3175 3003 τὴν
3212 2933 3319 2985 τῶν
3356 2924 3711 2996 Ἀλεξανδρέων

479 3033 605 3091 post
638 3033 887 3079 sanctum
912 3025 1078 3095 299
1109 3025 1565 3082 Chalcedonense
1597 3028 1918 3092 concilium,
1947 3045 2059 3099 quo

2167 3023 2539 3092 ὑπαρχούσης,
2566 3022 2729 3076 πάλιν
2760 3020 3024 3091 Τιμοοέου
3046 3020 3520 3091 ἀποσχοινίσαντος
3545 3011 3709 3067 ἑαυτὸν

478 3121 728 3182 tempore
755 3113 1025 3168 duntaxat
1047 3115 1336 3195 presbyter
1376 3123 1517 3183 erat,
1543 3117 1614 3172 ab
1663 3118 1924 3174 Ecclesiae
1971 3136 2059 3174 ca-

2161 3114 2261 3185 τῆς
2287 3114 2583 3185 καθολικῆς
2620 3114 2947 3184 Ἐκκλησίας
2983 3113 3077 3166 καί
3105 3112 3368 3175 πίστεως,
3410 3108 3500 3161 καὶ
3533 3108 3712 3160 ἀποτε-

422 3252 435 3261 ,
484 3203 703 3259 tholieze
737 3207 1126 3261 communione
1150 3215 1207 3262 et
1229 3223 1365 3278 pace
1396 3218 1710 3279 separasset
1737 3226 1796 3265 se
1826 3226 1890 3265 ac
1922 3227 2062 3281 pra:-

474 3291 531 3346 ci
556 3294 729 3357 Eisset,
767 3310 875 3348 una
902 3310 1027 3349 cum
1054 3303 1295 3365 quatuor
1334 3304 1433 3351 aut
1480 3297 1729 3366 quinque
1780 3299 2061 3369 quondam

483 3382 760 3454 episcopis
791 3393 847 3440 et
875 3388 1064 3455 paucis
1094 3388 1403 3453 monachis,
1426 3390 1520 3459 qui
1550 3390 1821 3460 pestifero
1848 3391 2061 3461 Apolli—

481 3471 631 3527 naris
657 3481 713 3528 et
739 3474 1006 3547 Eutychis
1050 3491 1245 3534 errore
1288 3478 1519 3548 perinde
1543 3494 1609 3535 ac
1638 3479 1755 3550 ipse
1808 3480 2060 3551 impliciti

478 3564 832 3621 tenebantur.
868 3567 1043 3634 Quam
1068 3569 1141 3624 ob
1174 3585 1396 3626 causam
1435 3579 1571 3627 tunc
1598 3573 1866 3628 canonice
1892 3574 2065 3644 depo—

478 3654 571 3709 siti
603 3672 632 3711 a
658 3657 832 3714 beata:
853 3662 1135 3716 memoria:
1156 3663 1431 3727 Proterio,
1464 3674 1520 3719 et
1540 3665 1610 3721 ab
1640 3666 1906 3722 universo
1936 3683 2064 3723 con-

475 3746 608 3801 cilio
635 3751 1023 3822 episcoporum
1049 3753 1291 3827 Egypti,
1319 3757 1661 3830 imperialem
1692 3774 1914 3830 quoque
1946 3775 2064 3815 me-

479 3837 585 3892 rito
612 3839 911 3898 vindictam
946 3826 1571 3917 exsilioexpertiisunt.
1606 3849 1671 3903 Et
1695 3826 1858 3921 paulo
1902 3860 2017 3921 post
2040 3865 2059 3903 :

474 3926 727 4002 Cumque
755 3943 974 4006 tempus
1003 3947 1281 4007 captasset
1314 3940 1504 3996 obitus
1528 3941 1671 3996 divae
1712 3942 2057 3997 recordatio-

478 4020 566 4076 nis
594 4023 853 4082 Marciani
895 4029 1150 4101 Augusti,
1178 4033 1363 4101 impiis
1393 4034 1627 4089 vocibus
1661 4050 1726 4089 ae
1750 4036 2063 4090 maledictis

478 4127 679 4168 nomen
711 4117 863 4172 illius
894 4120 1249 4189 impudenter
1297 4124 1605 4188 incessens,
1644 4134 1904 4194 tanquam
1940 4125 2064 4178 nul-

478 4201 547 4255 lis
577 4202 796 4272 legibus
816 4206 1099 4277 subjectus
1130 4225 1142 4260 :
1175 4219 1426 4263 sanctum
1457 4220 1725 4279 praeterea
1756 4221 1813 4267 et
1839 4214 2064 4266 univer-

474 4294 591 4348 sale
613 4294 1064 4353 Chalcedonense
1103 4300 1396 4354 concilium
1432 4302 1696 4371 perfricta
1723 4304 1905 4358 fronte
1931 4304 2062 4359 aha-

2166 3207 2358 3276 μόντος
2386 3206 2549 3270 εὐθὺς
2586 3206 2728 3277 μετά
2758 3206 2857 3277 τὴν
2890 3207 2950 3259 ἐν
2983 3205 3297 3278 Καλχηδόνι
3321 3203 3477 3272 ἁγίαν
3502 3199 3707 3257 σύνοδον,

2162 3297 2222 3350 τὸ
2259 3297 2564 3369 τηνικαῦτα
2585 3297 2747 3369 δῆθεν
2780 3296 3165 3369 πρεσϐυτέρου
3201 3296 3549 3366 τυγχάνοντος
3573 3329 3586 3352 ,
3614 3288 3711 3357 ἅμα

2161 3388 2416 3460 τέταρσιν
2471 3390 2504 3460 ἢ
2538 3390 2699 3443 πέντε
2739 3390 2922 3460 μόνοις
2946 3390 3081 3444 ποτὲ
3118 3389 3442 3448 ἐπισκόποις
3462 3425 3474 3447 ,
3502 3386 3587 3437 καὶ
3618 3379 3709 3431 ὀλί-

2162 3496 2280 3548 γοις
2309 3479 2604 3550 μονάζουσι
2630 3520 2646 3545 ,
2678 3482 2776 3534 σὺν
2807 3481 2956 3551 αύτῷ
3001 3481 3103 3550 τὴν
3136 3480 3422 3552 αἱρετικὴν
3459 3474 3707 3529 Ἀπολινα-

2166 3573 2283 3642 ρίου
2308 3574 2404 3625 καὶ⁵
2431 3573 2530 3644 τὴν
2553 3574 2673 3627 κατ’
2706 3575 2915 3626 ἐκεῖνον
2934 3572 3242 3626 νοσούντων
3273 3567 3578 3633 κακοδοξίαν
3607 3579 3619 3593 ’
3653 3560 3711 3611 δι’

2162 3667 2229 3737 ἣν
2262 3664 2687 3736 καθαιρεθέντες
2709 3667 2833 3719 τότε
2864 3664 3172 3728 κανονικῶς
3205 3663 3311 3717 ὑπὸ
3343 3661 3433 3715 τοῦ
3461 3660 3553 3728 τῆς
3582 3652 3711 3713 Θείας

2167 3758 2391 3829 μνήμης
2422 3758 2466 3811 Π
2472 3774 2593 3828 ροτε
2603 3757 2722 3829 ρίου
2757 3759 2852 3811 καὶ
2880 3757 3061 3827 πάσης
3090 3753 3471 3824 Αἰγυπτιακῆς
3499 3744 3710 3805 συνόδου.

2165 3848 2451 3919 βασιλικῆς
2479 3849 2707 3913 εἰκότως
2738 3851 2835 3902 σὺν
2861 3848 3046 3920 ἐξορίᾳ
3062 3849 3337 3919 κινήσεως
3354 3840 3711 3912 ἐπειράθησαν.

2163 3940 2271 3994 Kal
2295 3940 2424 4009 μεθ’
2450 3924 2625 4007 ἕτερα
2649 3955 2660 3969 ’
2709 3941 3084 4010 Ἐπιτηρήσας
3116 3957 3181 3993 τε
3210 3940 3308 4010 τὴν
3335 3934 3571 3990 ἐντεῦθεν
3598 3926 3714 3999 πρὸς

2163 4032 2296 4088 Θεὸν
2324 4033 2593 4105 ἐκδημίαν
2623 4030 2717 4085 τοῦ
2743 4032 2845 4102 τῆς
2879 4031 3110 4101 εὐαγοῦς
3165 4012 3375 4102 λήξεως
3422 4012 3713 4094 Μαρκιανοῢ

2162 4124 2256 4177 τοῦ
2286 4125 2586 4194 γενομένου
2613 4123 2897 4195 βασιλέως,
2933 4123 3281 4194 βλασφήμοις
3306 4137 3364 4174 τε
3410 4115 3627 4186 φωναῖς,
3651 4106 3715 4167 ὡς

2164 4215 2487 4285 αὐτόνομος,
2530 4216 2765 4280 ἀναιδῶς
2793 4216 2912 4270 κατ’
2961 4214 3129 4269 αὐτοῦ
3184 4211 3592 4285 θρασυνόμενος,
3634 4196 3715 4251 καὶ

2162 4306 2262 4376 τὴν
2296 4305 2458 4375 ἁγίαν
2493 4308 2588 4360 καὶ
2616 4306 3001 4377 οἰκουμενικὴν
3034 4306 3132 4376 τὴν
3166 4309 3226 4359 έν
3258 4300 3556 4372 Καλχηδόνι
3605 4289 3715 4343 σύνο

481 4384 864 4451 thematizans,
894 4390 1307 4444 multitudinem
1339 4392 1628 4447 hominum
1666 4396 1945 4449 venalium
1994 4413 2059 4450 ac

2162 4396 2279 4449 οδον
2321 4395 2737 4466 ἀναθεματίζων
2758 4396 3309 4468 ἀπερυθριασμένως,
3345 4388 3538 4458 πλῆθος
3561 4383 3713 4450 δῆμον

477 4474 873 4531 seditiosorum
908 4490 1032 4548 post
1066 4495 1125 4535 se
1156 4482 1399 4545 trahens,
1438 4499 1582 4552 quos
1612 4495 1807 4538 contra
1839 4486 2058 4542 divinas

480 4568 698 4637 regulas
725 4580 783 4624 et
799 4571 1239 4627 ecclesiasticam
1269 4573 1642 4643 disciplinam,
1680 4585 1877 4631 contra
1907 4579 2059 4648 leges

474 4667 528 4712 et
557 4659 955 4728 rempublicam
990 4670 1323 4727 armaverat,
1360 4666 1415 4717 in
1445 4672 1692 4719 sanctam
1727 4666 1823 4720 Dei
1866 4667 2057 4723 Eccle-

476 4749 613 4804 siam
636 4750 859 4822 irrupit,
893 4769 1015 4823 qua:
1042 4761 1321 4824 pastorem
1348 4764 1406 4809 et
1435 4755 1721 4811 doctorem
1757 4766 1890 4813 tunc
1923 4767 2060 4813 tem-

478 4842 628 4910 poris
675 4844 918 4901 habebat
975 4846 1387 4903 sanctissimum
1428 4857 1679 4904 nostrum
1727 4849 1946 4905 Patrem
2002 4862 2060 4907 et

474 4934 960 5008 archiepiscopum
988 4930 1322 5005 Proteriuin,
1360 4941 1452 5010 qui
1485 4949 1600 4994 tum
1634 4943 1912 4999 solemnes
1943 4946 2057 4998 col-

475 5026 645 5082 lectas
670 5029 1013 5095 celebrabat,
1062 5040 1119 5087 et
1170 5031 1453 5087 Servatori
1514 5035 1758 5115 onlnium
1802 5044 2054 5092 nostrum

469 5119 697 5176 Christo
720 5139 916 5192 preces
942 5140 1008 5179 ac
1041 5134 1167 5180 vota
1198 5125 1436 5181 faciebat
1467 5142 1568 5197 pro
1596 5128 1855 5198 religioso
1882 5131 2056 5200 impe-

478 5209 559 5262 rio
592 5224 774 5268 vestro
799 5223 856 5268 et
894 5230 996 5285 pro
1018 5214 1227 5272 Christi
1274 5218 1655 5273 amantissimo
1707 5220 1935 5289 palatio.
1987 5221 2055 5275 Et

475 5312 589 5360 μασι
605 5320 809 5372 pauca:
836 5307 1067 5371 Deinde,
1088 5309 1253 5363 unico
1269 5309 1359 5363 die
1383 5309 1592 5380 elapso,
1614 5326 1739 5366 eum
1772 5314 2055 5368 Proterius

474 5389 587 5443 Deo
613 5392 978 5452 charissimus
1004 5397 1159 5467 juxta
1196 5413 1406 5452 morem
1442 5398 1495 5451 in
1534 5399 1841 5471 episcopali
1886 5402 2052 5457 domo

2159 4485 2384 4553 ὡνητῶν
2411 4504 2469 4541 τε
2500 4487 2598 4540 καὶ⁸
2621 4488 2875 4541 ἀτάκτων
2898 4486 3319 4557 ἐπισυρόμενος,
3352 4481 3443 4537 καὶ
3471 4467 3712 4546 στρατεύ-

2160 4596 2261 4642 σας
2285 4579 2426 4633 κατά
2454 4597 2512 4634 τε
2551 4579 2662 4633 τῶν
2691 4579 2853 4633 θείων
2885 4580 3130 4634 κανόνων
3185 4579 3281 4632 καὶ
3313 4576 3412 4644 τῆς
3442 4569 3713 4635 ἐκκλησια-

2160 4672 2354 4743 στικῆς
2383 4674 2775 4737 καταστάσεως
2822 4675 2919 4727 καὶ
2961 4673 3062 4743 τῆς
3092 4675 3288 4742 κοινῆς
3315 4664 3585 4723 πολιτείας
3633 4654 3716 4709 καὶ

2157 4764 2267 4817 τῶν
2309 4765 2491 4835 νόμων
2510 4808 2526 4832 ,
2555 4766 2933 4837 ὲπεσέφρησεν
2973 4765 3171 4820 ἑαυτὸν
3202 4767 3268 4835 τῇ
3319 4762 3449 4830 ἁγίᾳ
3480 4754 3568 4810 τοῦ
3595 4743 3712 4803 Θεοῦ

2177 4857 2491 4930 Ἐκκλησία,
2533 4858 2737 4932 ἐχούσῃ
2764 4858 3000 4929 ποιμένα
3036 4875 3093 4910 τε
3133 4858 3227 4909 καὶ
3259 4849 3586 4910 διδάσκαλον,
3634 4839 3713 4892 τὸν

2122 4941 2141 4956 ς
2165 4949 2468 5018 ἁγιίῖιτοιτον
2501 4950 2657 5021 ἡμῶν
2706 4950 2798 5003 τὸν
2825 4948 3128 5018 τηνικαῦτα
3180 4946 3398 5016 Πατέρα
3447 4939 3537 4994 καὶ
3575 4937 3714 5002 ἀρχι-

2164 5038 2464 5092 επίσκοπον
2490 5040 2802 5111 Προτέρων,
2823 5040 2919 5103 τάς
2946 5056 3004 5091 τε
3039 5037 3288 5108 συνήθεις
3322 5030 3562 5095 συνάξεις
3605 5025 3711 5111 ἐττε-

2161 5129 2426 5185 τε).οὖντα
2445 5172 2459 5195 ,
2502 5132 2595 5186 καὶ
2617 5132 2773 5195 λιτὰς
2803 5130 3202 5201 ἀναπέμποντα.
3235 5127 3315 5196 τῷ
3339 5126 3549 5178 ’πάντων
3576 5110 3713 5183 ἡμῶν

2162 5223 2380 5295 Σωτῆρι
2435 5225 2658 5296 Χριστῷ
2709 5226 2851 5295 ὑπὲρ
2906 5226 3006 5295 τῆς
3067 5221 3327 5282 εὐσεϐοῦς
3382 5214 3531 5285 ὑμῶν
3578 5208 3711 5296 pm:

2158 5289 2337 5376 litus.-
2388 5289 2498 5367 καὶ,
2527 5289 2637 5368 ’θεοῦ⁷
2676 5289 3027 5386 φιλοχρίστου
3086 5312 3240 5383 ὑμῶν
3303 5305 3578 5362 παλατίου.
3616 5289 3708 5390 Kal

2154 5407 2283 5473 μετ’
2318 5408 2492 5475 ὀλίγα
2518 5425 2530 5437 ·
2564 5410 2674 5461 Καὶ
2716 5410 2886 5481 μόνης
2909 5407 3301 5476 διαγενομένης
3324 5400 3548 5472 ἡμέρας,
3574 5392 3625 5442 ἐν
3646 5399 3711 5450 τῳ

1939 5519 2320 5575 νΑιιιοιιυΜ.

548 5602 625 5683 (ρ)
673 5604 786 5657 Τὸν
808 5608 1126 5689 Προτέρων
1154 5611 1627 5689 διαχειρίζοντᾳι.
1664 5615 1942 5689 Sanctum
1980 5616 2059 5669 Pri

2160 5619 2290 5674 rium
2350 5622 2716 5689 patriarrham
2775 5621 3225 5680 Alexandrinum,
3260 5615 3327 5668 ab
3381 5601 3709 5679 Eutyc'lzistllls

460 5680 719 5728 petasum
758 5692 901 5731 annm
946 5680 1060 5744 l57,
1121 5680 1514 5750 comntcanorat
1556 5680 1680 5739 Aut.
1734 5685 1882 5755 Pagi,
1934 5703 1987 5740 ιι.
2026 5689 2078 5742 4.
