4070 6176
293 287 396 347 535
1180 283 1570 345 HISTORIA?
1597 284 2192 346 ECCLESIASTICJE
2231 285 2464 346 LIBER
2511 285 2592 345 ΙΙ.

3379 289 3522 352 2526

251 393 563 464 ἐπισκοιπίῳ
592 392 735 446 κατὰ
759 392 822 447 τὸ
841 393 962 456 ἔθος
991 393 1272 462 διάγοντος
1298 395 1392 447 τοῦ
1416 393 1834 462 θεοφιλεστάτου

1949 403 2274 458 moraretur,
2325 395 2672 458 Timotheus,
2715 395 3016 464 assumptis
3059 411 3246 452 secum
3304 398 3523 454 duobus

253 490 574 558 Προτερίου,
609 487 791 540 λαϐὼν
827 487 947 556 μεθ’
978 485 1171 538 ἑαυτοῦ
1195 486 1224 538 ό
1255 485 1520 556 Τιμόθεος
1542 486 1668 548 τοὺς
1700 484 1836 538 καθ-

251 578 573 649 αιρεθέντας
621 574 847 638 ἐνδίκως
893 574 989 626 δύο
1013 573 1349 635 ἐπισκόπους
1373 616 1389 638 ,
1415 574 1510 625 καὶ
1541 571 1838 641 κληρικοὺς

252 673 452 741 ὁμοίως
481 669 580 740 τὴν
615 667 828 738 ὲξορίαν
849 707 864 731 ,
892 667 967 731 ὼς
1000 665 1210 736 ἔφημεν
1229 705 1244 728 ,
1281 665 1452 717 οἰκεῖν
1479 662 1840 732 κατακριθέν-

253 780 372 828 τας,
397 764 471 826 ὡς
499 759 563 832 δὴ
587 761 924 832 χειροτονίαν
956 759 1105 829 παρὰ
1137 759 1244 812 τῶν
1271 757 1364 812 δύο
1387 757 1682 826 δεξάμενος
1701 754 1836 826 (64),

259 851 488 922 μηδενὸς
521 851 582 902 τὸ
615 847 836 902 σύνολον
863 849 974 900 τῶν
1005 847 1148 900 κατὰ
1179 849 1280 917 τὴν
1302 845 1684 916 Αἰγυπτιακὴν
1711 844 1842 897 διοί-

259 961 420 1012 κησιν
443 941 740 1014 ὀρθοδόξων
767 941 1085 994 ἐπισκόπων
1115 940 1386 1009 παρόντος
1404 938 1546 992 κατὰ
1565 937 1628 990 τὸ
1651 935 1842 997 εἰωθὸς

255 1036 352 1087 ἐπὶ
383 1038 504 1097 ταῖς
535 1032 812 1095 τοιαύταις
843 1033 942 1100 τῆς
984 1031 1387 1102 Ἀλεξανδρέων
1412 1029 1508 1082 τοῦ
1539 1029 1842 1082 ἐπισκόπου

254 1123 633 1195 χειροτονίαις,
664 1121 1124 1192 ἐπιλαμϐάνεται,
1158 1119 1235 1183 ὡς
1265 1121 1507 1188 ἐνόμισε,
1531 1121 1630 1188 τῆς
1648 1117 1844 1186 ἀρχιε-

257 1214 492 1286 ρατικῆς
557 1211 859 1284 καθέδρας,
915 1211 1164 1282 μοιχείαν
1215 1209 1496 1278 προδήλως
1561 1207 1844 1276 τολμήσας

253 1306 400 1361 κατὰ
430 1305 536 1376 τῆς
564 1304 798 1374 ἐχούσης
836 1301 1170 1373 Ἐκκλησίας
1213 1303 1304 1354 τὸν
1333 1300 1532 1367 ἑαυτῆς
1565 1299 1798 1368 νυμφίον
1825 1337 1838 1360 ,

251 1404 350 1456 καὶ
381 1397 739 1472 ἐνεργοῦντος
773 1398 816 1430 ⁸¹
851 1399 910 1451 ὲν
935 1397 1074 1468 αὐτῇ
1103 1395 1172 1450 τὰ
1202 1396 1322 1449 θεῖα
1343 1434 1356 1457 ,
1395 1394 1494 1447 καὶ
1541 1391 1844 1454 κανονικῶς

251 1493 348 1546 τὸν
376 1473 575 1545 οἰκεῖον
607 1490 887 1551 διέποντος
961 1487 1036 1556 (q)
1064 1485 1272 1555 Θρόνον.
1303 1483 1416 1538 Kal
1439 1485 1582 1554 μεθ’
1607 1483 1784 1549 ἕτερα
1826 1499 1840 1513 ο

252 1584 430 1637 Οὐδὲν
451 1583 538 1635 ’ἐτε
549 1599 640 1654 ρον
671 1575 739 1650 ἦν
775 1581 946 1632 ποιεῖν
973 1581 1066 1632 τὸν
1119 1579 1390 1648 μακάριον
1419 1577 1664 1638 ἐκεῖνον,
1691 1573 1722 1640 ἢ
1754 1571 1844 1624 τό-

251 1693 360 1728 πον
399 1672 584 1726 δοῦναι
631 1675 699 1743 τῇ
730 1675 868 1742 ὀργῇ
918 1670 1061 1723 κατὰ
1093 1669 1156 1722 τδ
1187 1667 1600 1737 γεγραμμένον,
1647 1666 1738 1716 καὶ
1783 1663 1846 1716 τὸ

1940 487 2214 556 episcopis
2258 487 2350 555 qui
2401 487 2646 556 legitime
2674 486 2892 540 fuerant
2917 487 3194 546 destituti.
3225 496 3280 542 et
3305 489 3524 544 clericis

1941 577 2036 646 qui
2065 577 2345 640 similiter,
2385 585 2446 630 ut
2472 578 2582 648 jam
2616 577 2880 642 diximus,
2913 578 3110 632 exsilio
3135 578 3375 634 damnati
3403 579 3524 634 fue-

1942 679 2104 736 rant;
2129 669 2364 739 perinde
2389 685 2452 724 ac
2485 670 2530 724 si
2568 671 2814 724 ordinari
2857 681 3044 740 posset
3079 687 3108 726 a
3143 671 3364 726 duobus
3409 671 3530 740 epi-

1942 762 2126 830 scOpis
2162 777 2176 814 ;
2221 761 2444 816 nemine
2499 763 2728 816 omnino
2769 779 2838 816 ex
2879 763 3202 818 orthodoxis
3247 763 3526 834 episcopis

1945 852 2280 924 Egyptiaea‘.
2311 852 2572 908 dimccsis
2613 863 2910 922 praesente,
2949 855 3414 922 quemadmodum
3469 857 3524 910 in

1943 945 2260 1014 huiusmodi
2281 944 2730 998 ordinationibus
2745 946 2992 1014 episc0pi
3017 945 3376 1000 Alexandrini
3403 947 3522 1002 ﬁeri

1943 1037 2104 1100 solet,
2135 1019 2664 1106 archiepiscopalem
2706 1036 2915 1101 sedem,
2959 1038 3104 1092 sicut
3151 1038 3266 1106 ipse
3297 1039 3520 1106 quidem

1943 1129 2180 1199 putavit,
2211 1134 2448 1196 occupat
2481 1144 2494 1179 :
2521 1126 2856 1180 adulterium
2887 1128 3064 1195 palam
3109 1127 3313 1181 inferre
3354 1145 3524 1183 ausus

1944 1220 2222 1282 Ecclesize,
2255 1233 2418 1273 suum
2447 1217 2626 1286 ipsius
2651 1231 2912 1286 sponsum
2951 1217 3201 1277 babenti,
3230 1219 3322 1286 qui
3368 1233 3523 1272 sacra

1945 1313 1999 1366 in
2027 1313 2144 1382 ipsa
2169 1311 2426 1370 faciebat,
2453 1318 2510 1363 et
2530 1309 2624 1378 qui
2651 1309 2838 1362 sedem
2869 1323 3022 1362 suam
3053 1309 3209 1376 juxta
3245 1323 3522 1386 canonum

1945 1411 2218 1473 praecepta
2265 1401 2716 1462 administrabat.
2761 1399 2828 1452 Et
2869 1399 3150 1468 aliquanta
3183 1407 3298 1467 post
3330 1413 3348 1452 :
3375 1398 3522 1452 Nihil

1945 1495 2092 1551 aliud
2143 1495 2324 1548 facere
2367 1493 2546 1562 potuit
2571 1493 2766 1546 beatus
2803 1491 3107 1552 Proterius,
3143 1507 3330 1561 quam,
3381 1491 3526 1545 sicut

1945 1588 2212 1655 scriptum
2243 1593 2348 1649 est,
2391 1584 2524 1638 dare
2585 1586 2765 1637 locum
2804 1585 2919 1646 irae,
2947 1591 3001 1637 et
3030 1583 3096 1637 ad
3143 1583 3524 1637 venerandum

1946 1677 2332 1748 baptisterium
2369 1675 2692 1745 confugere,
2736 1683 2798 1727 ut
2831 1689 3026 1727 eorum
3070 1673 3163 1742 qui
3221 1673 3286 1726 ad
3320 1673 3524 1726 czedem

249 1765 454 1818 σεπτὸν
482 1762 808 1817 καταλαϐεῖν
849 1761 1242 1830 βαπτιστήριον
1264 1800 1278 1821 ,
1315 1758 1582 1826 φεύγοντα
1610 1755 1715 1809 τῶν
1755 1753 1838 1806 ἐπ’

1949 1770 2252 1824 faciendam
2312 1767 2620 1831 irruebant,
2675 1767 2938 1835 impetum
2991 1765 3300 1819 declinaret
3354 1781 3368 1816 :
3416 1779 3526 1832 quo

249 1855 408 1925 αὖτῷ
435 1857 480 1886 ’⁸³
509 1856 816 1926 τρεχόντων
847 1853 984 1924 πρὸς
1009 1853 1170 1922 φόνον
1196 1851 1294 1921 τὴν
1324 1849 1510 1920 ἔφοδον
1533 1865 1547 1880 ·
1583 1849 1640 1900 ὲν
1740 1846 1844 1916 μά-

247 1952 416 2003 λιστα
443 1949 591 2019 τόπῳ
620 1949 717 2001 καὶ
745 1945 1044 2016 βαρϐάροις
1073 1945 1169 1996 καὶ
1201 1945 1365 1996 πᾶσιν
1395 1941 1608 2010 ἀγρίοις
1637 1937 1847 2008 ἀνθρώ·-

252 2059 383 2104 ποις
421 2040 698 2110 ἐγγίνεται
725 2037 864 2100 δέος,
905 2039 1020 2098 τοῖς
1053 2035 1148 2088 καὶ
1181 2035 1254 2105 μὴ
1279 2033 1447 2086 εἰδόσι
1477 2033 1538 2085 τὸ
1560 2031 1723 2093 σέϐας
1752 2029 1844 2083 τοῦ

249 2135 448 2196 τόπου,
471 2133 562 2184 καὶ
585 2131 684 2200 τὴν
711 2129 924 2182 ἐκεῖθεν
957 2127 1228 2198 βρύουσαν
1260 2127 1441 2196 χάριν.
1467 2125 1656 2194 Ὅμως
1679 2125 1728 2176 oi
1757 2123 1846 2175 τὸν

253 2226 320 2290 ἐξ
349 2225 528 2292 ἀρχῆς
575 2221 844 2291 Τιμοθέου
904 2219 1105 2272 σκοπὸν
1157 2219 1238 2280 είς
1291 2217 1452 2286 ἔργον
1509 2216 1847 2284 προαγαγεῖν

255 2313 658 2376 σπουδάζοντες
686 2354 700 2378 ,
739 2313 788 2364 οἱ
823 2311 956 2381 μηδὲ
1003 2311 1058 2363 ἐν
1098 2311 1212 2372 τοῖς
1269 2308 1561 2378 ἀχράντοις
1622 2304 1848 2367 ἐκείνοις

253 2410 450 2476 σηκοῖς
503 2406 664 2460 αὐτὸν
712 2405 1028 2474 ἀνεχόμενοι
1089 2401 1394 2466 σώζεσθαι,
1445 2399 1569 2452 οὗτε
1601 2397 1662 2450 τὸ
1684 2398 1848 2460 σέϐας

251 2497 602 2560 αἰδεσθέντες
636 2496 731 2549 τοῦ
759 2497 948 2557 τόπου,
982 2491 1104 2547 οὔτε
1127 2493 1220 2546 τὸν
1250 2491 1443 2562 καιρόν
1479 2507 1492 2520 ·
1522 2487 1589 2561 ἦν
1619 2489 1728 2558 γὰρ
1755 2489 1846 2540 τοῦ

261 2587 540 2659 σωτηρίου
570 2588 764 2658 Πάσχα
791 2587 1101 2656 πανήγυρις
1117 2583 1252 2654 (65)·
1277 2581 1400 2636 οὔτε
1421 2581 1516 2651 τὴν
1551 2581 1849 2651 ἱερωσύνην

263 2679 442 2750 αὐτὴν
475 2677 764 2748 φρίξαντες
795 2675 1187 2746 μεσιτεύουσαν
1215 2673 1334 2742 Θεῷ
1373 2675 1467 2725 καὶ
1499 2671 1806 2742 ἀνθρώποις
1832 2711 1846 2734 ,

265 2769 658 2824 ἀποκτείνουσι
688 2768 780 2820 τὸν
814 2765 1126 2832 ἀνεύθυνον,
1159 2765 1484 2833 σφάττουσιν
1519 2763 1682 2814 αὑτὸν
1714 2763 1851 2830 ἀπη-

258 2859 376 2922 νῶς
407 2859 544 2928 μετὰ
570 2859 664 2911 καὶ
689 2856 866 2910 ἄλλων
895 2856 974 2922 ἓξ.
993 2856 1104 2908 Καὶ
1135 2853 1552 2925 παραγαγόντες
1577 2851 1768 2904 τούτου
1788 2851 1848 2902 τὸ

255 2953 518 3022 λείψανον
582 2948 862 3019 πανταχοῦ
931 2947 1452 3018 κατατετρωμένον,
1502 2945 1650 3014 ὁμῶς
1695 2944 1740 2975 ⁸⁸
1792 2961 1850 2995 τε

261 3044 667 3114 περισύραντες
697 3041 840 3094 κατὰ
870 3041 1048 3094 πάντα
1077 3035 1270 3110 σχεδὸν
1291 3037 1456 3090 τόπον
1486 3039 1585 3106 τῆς
1619 3034 1846 3096 πόλεως,

259 3136 356 3192 καὶ
393 3133 958 3204 καταπομπεύσαντες
991 3131 1249 3202 σχετλίως
1276 3171 1289 3196 ,
1326 3130 1580 3201 ᾐκίζοντο
1609 3127 1851 3198 ἀνηλεῶς
1878 3126 1920 3184 C

255 3231 318 3283 τὸ
351 3228 464 3282 τῶν
495 3227 720 3298 πληγῶν
753 3228 853 3280 οὐκ
883 3226 1272 3296 αἰσθανόμενον
1311 3224 1494 3294 σῶμα,
1518 3221 1769 3291 διατομόν
1793 3237 1852 3273 τε

256 3319 580 3388 καταμέλος
621 3317 730 3388 (66)
763 3333 778 3349 ·
813 3319 908 3371 καὶ
955 3317 1078 3370 οὐδὲ
1124 3317 1232 3370 τῶν
1279 3316 1430 3378 ἐντὸς
1485 3313 1854 3382 ἀπογεύεσθαι

259 3413 410 3468 κατὰ
433 3413 562 3475 τοὺς
582 3410 756 3483 Θῆρας
775 3411 1084 3479 φειδόμενοι
1113 3408 1348 3470 ἐκείνου,
1377 3407 1435 3460 ὃν
1461 3408 1606 3477 ἔχειν
1626 3406 1854 3476 μεσίτην

261 3504 402 3560 Θεοῦ
438 3503 538 3558 καὶ
584 3503 892 3576 ἀνθρώπων
928 3503 1158 3573 ἔναγχος
1189 3501 1578 3571 ἐνομίσθησαν.
1623 3501 1763 3571 Πυρί
1794 3517 1852 3552 τε

261 3581 606 3666 παραδόντες
632 3595 693 3647 τὸ
726 3593 1054 3664 ὑπολειφθὲν
1078 3594 1241 3646 αὐτοῦ
1276 3593 1471 3663 σῶμα,
1509 3593 1608 3663 τὴν
1640 3593 1703 3644 ἐκ
1737 3591 1854 3644 τοὺ-

261 3705 362 3742 του
393 3689 546 3739 κόνιν
589 3688 702 3750 τοῖς
741 3686 964 3756 ἀνέμοις
993 3686 1364 3756 παρέπεμπον
1387 3725 1402 3748 ,
1436 3683 1641 3754 θηρίων
1670 3685 1850 3736 πᾶσαν

263 3779 796 3851 ὑπερακοντίσαντες
820 3781 1138 3852 ἀγριότητα.
1157 3775 1256 3831 Ὧν
1279 3778 1536 3832 ἁπάντων
1559 3777 1732 3842 αἴτιος
1757 3777 1852 3830 καὶ

261 3870 380 3924 τῶν
406 3871 596 3924 κακῶν
627 3872 790 3939 σοφὸς
836 3871 1117 3939 οἰκοδόμος
1161 3871 1518 3940 καθειστήκει
1564 3869 1850 3938 Τιμόθεος.

265 3961 362 4033 Τῷ
388 3963 576 4032 μέντοι
597 3980 660 4031 γε
694 3964 942 4033 Ζαχαρία
972 3962 1040 4015 τὰ
1090 3963 1218 4032 περ)⁵
1258 3961 1463 4015 τούτων
1513 3949 1855 4032 δ;ηγουμένῳ

1947 1859 2184 1913 maxime
2209 1857 2262 1911 in
2299 1857 2440 1923 loco,
2478 1857 2612 1926 ipsis
2635 1856 2800 1910 etiam
2841 1855 3117 1918 Barbaris,
3161 1863 3218 1908 et
3250 1853 3526 1908 universis

1946 1952 2080 2006 feris
2113 1949 2452 2012 hominibus,
2503 1948 2596 2017 qui
2619 1947 2970 2002 sanctitatem
3009 1947 3130 2016 ejus
3155 1945 3260 2000 loci
3303 1953 3359 2000 et
3401 1961 3528 2013 pro-

1949 2050 2263 2098 manantem
2308 2041 2438 2094 inde
2488 2041 2718 2110 gratiam
2763 2041 3039 2109 ignorant,
3077 2049 3258 2093 terror
3299 2037 3526 2108 quidam

1949 2135 2154 2189 oboriri
2185 2135 2342 2188 solet.
2371 2132 2745 2188 Nihilominus
2783 2141 2965 2185 tamen
3001 2131 3058 2184 bi
3089 2131 3184 2200 qui
3223 2130 3526 2184 consilium

1949 2227 2096 2297 quod
2136 2227 2465 2280 Timotheus
2510 2225 2578 2278 ab
2615 2225 2774 2278 initio
2827 2224 3117 2287 habuerat,
3146 2223 3212 2276 ad
3270 2223 3528 2278 effectum

1949 2319 2252 2390 perducere
2274 2317 2592 2380 studebant,
2620 2318 2713 2386 qui
2744 2331 2810 2370 ne
2831 2317 2884 2370 in
2913 2313 3281 2370 immaculatis
3304 2313 3526 2384 quidem

1951 2414 2062 2466 illis
2128 2411 2302 2480 septis
2346 2411 2660 2464 Protei-ium
2727 2409 2937 2464 servari
2999 2407 3379 2470 sustinebant;
3427 2422 3531 2460 nec

1951 2505 2058 2558 loci
2084 2503 2430 2557 sanctitatem
2457 2501 2705 2562 reveriti,
2731 2515 2834 2554 nec
2861 2509 3076 2568 tempus
3097 2498 3277 2567 ipsum
3317 2516 3329 2551 :
3369 2497 3532 2566 300

1951 2603 2070 2650 erat
2099 2591 2250 2648 enim
2297 2603 2410 2646 tum
2445 2593 2564 2646 dies
2597 2592 2769 2646 festus
2813 2591 3036 2644 Pascha:
3081 2588 3338 2642 salutaris
3378 2605 3391 2640 :
3429 2603 3533 2641 nec

1951 2683 2244 2740 sacerdotii
2311 2683 2634 2755 dignitatem
2707 2681 3156 2746 reformidantes,
3209 2695 3332 2750 quae
3391 2679 3535 2733 inter

1951 2777 2122 2830 Deum
2144 2783 2307 2844 atque
2339 2775 2592 2827 homines
2614 2782 2896 2842 sequestra
2927 2781 3042 2838 est;
3070 2773 3348 2825 insontem
3382 2769 3533 2824 occi-

1951 2867 2110 2931 dunt,
2149 2882 2386 2937 cumque
2421 2882 2488 2920 eo
2522 2881 2616 2920 sex
2650 2865 2790 2918 alios
2823 2863 3128 2918 crudeliter
3159 2867 3425 2916 mactant.
3473 2855 3544 2909 Et

1952 2961 2185 3016 cadaver
2229 2959 2378 3013 illius
2411 2959 2782 3028 undequaque
2813 2957 3166 3010 vulneratum
3209 2947 3531 3006 circumdu-

1954 3059 2161 3116 ccntes,
2191 3067 2289 3121 per
2315 3059 2512 3106 cuncta
2541 3049 2654 3104 fere
2696 3047 2938 3104 civitatis
2969 3047 3091 3101 loca
3121 3053 3344 3114 raptant
3382 3047 3535 3094 atro-

1955 3145 2114 3207 citer,
2139 3143 2510 3199 miserandum
2535 3142 2588 3196 in
2619 3141 2841 3196 modum
2873 3142 2923 3194 ei
2957 3138 3310 3198 insultantes,
3333 3143 3388 3188 et
3415 3149 3537 3189 cor-

1953 3252 2058 3306 pus
2085 3251 2282 3290 sensus
2311 3236 2490 3290 omnis
2520 3251 2720 3304 expers
2749 3233 2957 3302 absque
2991 3231 3102 3284 ulla
3153 3225 3538 3282 misericordia

1953 3329 2330 3392 verberantes,
2355 3343 2419 3382 ac
2443 3326 2794 3382 membratim
2829 3333 3100 3379 secantes.
3127 3321 3204 3375 Ac
3229 3335 3295 3373 ne
3314 3317 3536 3386 quidem

1955 3420 2116 3476 veriti
2141 3429 2268 3475 sunt
2299 3419 2544 3474 ferarum
2590 3432 2743 3471 more
2791 3415 3005 3470 viscera
3037 3413 3187 3466 illius
3221 3411 3538 3480 degustare,

1954 3528 2117 3583 quem
2149 3512 2315 3582 paulo
2347 3521 2473 3566 ante
2521 3513 2667 3564 inter
2691 3511 2862 3563 Deum
2894 3516 3061 3575 atque
3093 3501 3540 3558 hominesinter-

1961 3611 2174 3674 pretem
2204 3619 2267 3656 ac
2287 3612 2636 3672 sequestrum
2655 3601 2864 3653 habere
2882 3597 3232 3650 videbantur.
3255 3594 3542 3646 Postremo

1961 3696 2108 3768 quod
2145 3696 2416 3764 reliquum
2447 3704 2565 3750 erat
2594 3691 2846 3761 corporis
2877 3705 3001 3744 cum
3037 3688 3091 3741 in
3131 3701 3322 3755 rogum
3357 3683 3543 3752 conje-

1959 3787 2188 3848 cissent,
2235 3786 2481 3840 cinerem
2539 3785 2594 3838 in
2659 3792 2856 3838 ventos
2918 3785 3260 3850 sparserunt.
3319 3773 3544 3843 quasvis

1960 3877 2167 3932 bestias
2211 3877 2538 3932 crudelitate
2570 3875 2730 3944 longe
2762 3880 3108 3941 superantes.
3146 3867 3393 3934 Quorum
3420 3877 3541 3916 om-

1963 3968 2119 4021 nium
2155 3967 2424 4020 malorum
2457 3973 2652 4018 auctor
2674 3973 2840 4032 atque
2872 3956 3329 4016 arcliitectusfuit
3351 3953 3541 4008 Timo-

1577 4097 1815 4153 ἾΑΠΙᾹΞ
1858 4095 2268 4152 LECTIONES.

341 4217 384 4248 “
417 4215 482 4271 C.
519 4214 584 4270 C.
631 4213 980 4285 ἐνεργοῦντα.
1060 4215 1104 4246 ⁸³
1135 4213 1194 4268 C.
1233 4213 1294 4269 C.
1339 4213 1520 4269 αὐτόν.

1603 4213 1648 4244 ιι
1667 4213 1735 4269 c.
1767 4213 1830 4270 ο.
1859 4211 2049 4283 ὠμῶς.

1480 4349 1749 4406 VALESll
1787 4347 2344 4408 ANNOTATIONES.

349 4446 458 4516 (64)
496 4445 607 4516 Καὶ
642 4443 719 4516 δὴ
753 4444 1128 4516 χειροτονίαν
1174 4443 1333 4516 παρὰ
1371 4441 1490 4516 τῷν
1531 4443 1639 4516 quo
1679 4442 1856 4516 δεξά-

273 4513 472 4582 imm.
495 4513 658 4568 Hunc
691 4515 871 4568 locum
903 4513 1192 4566 emendavi
1223 4531 1289 4566 ex
1314 4514 1504 4567 codice
1541 4513 1858 4567 Florentino

283 4587 330 4639 in
343 4587 496 4638 hunc
511 4583 736 4638 modum
755 4584 853 4644 εὼς
867 4583 930 4652 δὴ
944 4584 1296 4653 χειροτονίαν,
1310 4593 1420 4638 etc.
1435 4583 1492 4636 Id
1507 4591 1612 4636 est:
1629 4583 1857 4636 Perinde

1963 4445 2278 4498 contulerat.
2323 4443 2500 4510 Ibique
2532 4442 2714 4494 eadem
2742 4441 2826 4493 die
2853 4443 2906 4494 in
2939 4435 3244 4510 baptisteria
3271 4434 3540 4490 occiw’itur.

1965 4515 2224 4577 (uitiatur,
2269 4507 2499 4582 ejicitur,
2541 4519 2588 4564 et
2613 4511 2768 4580 [unus
2793 4512 2909 4582 ejus
2933 4507 3549 4582 incenditur,_spargun-

1965 4593 2054 4637 tur
2091 4595 2138 4638 ct
2191 4573 2390 4638 cineres
2431 4583 2544 4649 ejus
2571 4573 2625 4634 in
2649 4573 2846 4634 ventos.
2880 4581 3011 4646 Quae
3043 4576 3227 4649 omnia
3257 4573 3550 4649 Liberatus

282 4673 336 4708 ac
377 4657 422 4708 si
463 4653 706 4708 ordinari
762 4645 1098 4722 potuisset'a
1138 4645 1336 4706 duobus
1376 4655 1650 4722 episcopis.
1695 4653 1856 4723 Certe
1894 4654 1931 4706 D
1964 4671 2120 4723 paene
2140 4655 2204 4708 ad
2237 4645 2467 4707 verbum
2493 4652 2786 4723 descripsit
2811 4645 3148 4723 ex_gcsti3tle
3167 4645 3390 4699 nomine
3411 4645 3548 4697 Aca-

285 4725 330 4779 in
361 4739 582 4779 canone
631 4732 833 4792 quarto
863 4723 1086 4778 concilii
1121 4723 1324 4777 Nicmni
1354 4723 1557 4776 diserte
1587 4722 1858 4776 sancitum

279 4805 376 4858 est,
427 4801 490 4846 ut
521 4793 817 4862 episcopus
857 4811 886 4848 a
925 4794 1102 4846 tribus
1145 4802 1205 4846 ut
1240 4794 1528 4847 minimum
1566 4793 1862 4860 provincia:

277 4882 386 4920 Suae
422 4863 704 4932 episCOpis
735 4863 1044 4918 ordinetur.
1086 4865 1262 4930 Atque
1311 4865 1382 4916 ita
1423 4863 1556 4928 legit
1590 4873 1747 4916 vetus
1775 4863 1859 4914 in-

281 4933 1172 5004 terpreshujusiepistuﬁlaikqui
1227 4941 1405 5004 exstat
1463 4935 1519 5004 in
1589 4941 1744 5004 parte
1803 4948 1860 4986 ιιι

278 5001 474 5075 synodi
515 5001 1002 5075 Chalcedonensis.
1047 5001 1138 5056 Sic
1166 5003 1314 5056 enim
1343 5003 1512 5075 vertit
1540 5021 1552 5056 :
1585 5003 1862 5070 Tanquam

281 5073 472 5128 manus
506 5074 896 5142 jmpositionem
931 5082 1272 5142 suscepturus
1303 5091 1343 5142 ar
1373 5073 1592 5135 duobus,
1623 5083 1731 5126 etc.

345 5145 466 5213 (65)
505 5139 616 5196 Ἦιε
645 5143 754 5210 γὰρ
781 5144 887 5196 τοῦ
913 5139 1211 5210 σωτηρίου
1258 5141 1474 5211 Πάσχα
1509 5143 1862 5210 πανήγυρις.

279 5213 580 5268 Liberatus
614 5214 668 5267 in
711 5213 1004 5274 Breviario.
1039 5229 1158 5282 cap.
1208 5215 1292 5274 15,
1333 5230 1439 5266 non
1477 5213 1566 5268 die
1599 5213 1736 5266 festo
1767 5213 1866 5266 Pa-

279 5285 448 5346 δειλαὶ,
484 5283 579 5337 sed
613 5294 740 5336 ante
783 5285 1047 5344 triduum,
1083 5284 1328 5336 occisum
1384 5299 1504 5337 esse
1554 5282 1864 5336 Proterium

281 5354 497 5407 scribit.
533 5353 624 5407 Sic
647 5353 792 5407 enim
826 5355 900 5406 ait
933 5373 944 5406 :
983 5353 1046 5406 Et
1075 5364 1198 5406 ante
1231 5353 1468 5412 triduum
1497 5352 1736 5414 Pasc/m',
1763 5369 1864 5420 quo

279 5439 430 5475 cana
462 5423 678 5496 Domini
713 5422 1031 5496 celebratur,
1062 5423 1124 5476 ab
1167 5423 1292 5494 ipsis
1338 5425 1504 5476 turbis
1537 5421 1870 5496 concluditur

279 5495 338 5545 in
363 5493 580 5548 ecclesia
613 5493 671 5547 S.
707 5493 972 5548 Memoria:
1003 5495 1302 5558 Proterius,
1335 5511 1434 5563 quo
1467 5510 1521 5547 se
1542 5509 1651 5562 pra:
1676 5493 1866 5546 timore

1967 4721 2058 4788 cii,
2115 4741 2237 4793 qua:
2281 4723 2486 4777 Jacobo
2525 4721 2818 4776 Sirmondo
2859 4721 3145 4793 debemus.

2041 4785 2150 4862 (66}
2225 4795 2513 4860 Δαιτυμών
2549 4809 2613 4844 τε
2659 4792 2998 4862 καταμέλει.
3039 4785 3431 4862 “Scribemlum
3467 4789 3552 4836 est

1969 4855 2160 4933 procul
2209 4855 2952 4933 (1·υ1ιίο”διατεμόντεςᾷεατὲι
2982 4858 3144 4933 μέλη,
3183 4865 3242 4910 ιιι
3275 4855 3386 4933 ipsa
3423 4869 3550 4933 ora-

1969 4923 2136 4990 iionis
2169 4935 2342 4988 series
2387 4923 2892 4986 denum'strat.’Pro
2929 4923 3062 4998 μέλη
3103 4928 3157 4979 in
3197 4925 3402 4998 codice
3433 4923 3553 4998 Flo-

1970 5007 2188 5060 rentino
2231 5005 2434 5074 legitur
2479 5003 2638 5074 μέλος
2673 4993 3152 5074 levidiscrimine.
3196 4993 3551 5074 [ﬁniendatio-

1967 5091 2096 5130 nem
2137 5063 2378 5128 nostram
2424 5063 2711 5126 conﬁrmat
2752 5071 3100 5142 Nicephorius
3141 5070 3196 5120 in
3231 5065 3419 5142 capite
3468 5063 3550 5126 17,

1969 5146 2065 5200 lib.
2099 5145 2184 5208 15,
2218 5146 2312 5213 qui
2351 5145 2422 5196 ita
2458 5144 2662 5213 diserte
2697 5143 2960 5210 scriptum
2989 5139 3176 5213 habet.
3214 5145 3272 5188 ut
3299 5139 3550 5213 coniece-

1973 5232 2110 5269 ram.
2132 5203 2306 5269 Porro
2329 5215 2418 5267 hic
2457 5212 2678 5266 libellus
2709 5203 2934 5280 precum
2965 5211 3354 5280 episc0pn_ruut
3389 5203 3553 5280 {Ingy-

1971 5287 2163 5355 ptiacae
2198 5285 2454 5340 dimcesis
2483 5283 2554 5355 ad
2593 5273 2830 5355 Leonem
2867 5273 3022 5355 impf,
3144 5273 3270 5355 quis
3311 5289 3436 5354 runt
3471 5273 3556 5324 in-

1973 5346 2186 5426 tegrum
2234 5355 2437 5426 legere
2462 5353 2761 5426 desiderat,
2811 5346 3064 5426 habetur
3095 5348 3286 5402 Latine
3312 5346 3366 5399 in
3399 5353 3558 5412 parte

1971 5419 2055 5482 tu“
2077 5425 2268 5498 synodi
2298 5419 2797 5486 Chalcedonensis,
2839 5437 2960 5489 cap.
3011 5419 3095 5472 11.

1743 5605 2131 5664 νΑιιιοιιυιι.

357 5706 437 5778 (q)
493 5707 1354 5776 Ἐι-είηόὗντος-διέποντος.
1393 5705 1706 5777 Lugendum
1753 5703 2455 5773 ἐνεργοῦντα-διέποντα.
2481 5703 2568 5757 ιγ.
2621 5701 2841 5755 [.owtu.
