4070 6176
457 3771 460 3776 ’
537 3761 946 3824 stantinopolim
1021 3766 1331 3828 venientes,

563 314 704 378 2527

1737 311 2052 374 EVAGRII
2094 309 2576 372 SCHOLASTICI

3671 305 3812 362 2023

563 428 748 483 theus.
777 423 949 477 Porro
967 423 1262 479 Zacharias
1291 425 1406 480 hinc
1433 426 1484 479 in
1509 425 1740 479 historia
1761 441 1860 479 sua
1883 438 2112 477 narrans

2237 423 2400 486 δοκεῖ,
2427 419 2740 489 πεπρᾶχθαι
2778 418 2874 487 μὲν
2900 417 2968 471 τὰ
2993 415 3199 470 τούτων
3223 413 3390 467 πλείω
3411 457 3424 478 ,
3457 413 3516 478 ἐξ
3547 416 3726 478 αἰτίας
3756 417 3812 470 δὲ

563 518 762 572 horum
799 516 1060 585 pleraque
1095 517 1166 569 ita
1202 527 1260 570 ut
1291 517 1401 570 dixi
1436 525 1584 587 gesta
1611 531 1730 570 esse
1763 515 1996 580 fatetur;
2035 513 2130 568 sed

562 609 798 663 Proterii
824 610 1006 678 culpa,
1033 608 1127 677 qui
1164 609 1517 677 gravissimos
1558 608 1827 662 tumultus
1874 606 1931 660 in
1991 605 2130 660 urbe

561 701 889 758 Alexandria
944 701 1299 754 excitaverat.
1338 701 1452 754 Nec
1501 715 1530 752 a
1569 700 1792 770 populo,
1845 713 2038 752 verum
2099 712 2130 750 a

561 794 889 858 quibusdam
915 791 1250 846 militaribus
1269 807 1332 846 ea
1349 802 1662 861 perpetrata
1685 807 1804 846 esse
1821 788 2129 854 contendit,

562 888 716 941 nisus
775 889 1104 943 auctoritate
1154 889 1402 957 epistolae
1459 903 1623 956 quam
1683 886 2008 940 Timotheus
2065 882 2134 938 ad

561 978 799 1034 Leonem
853 980 1240 1050 imperatorem
1297 979 1536 1049 scripsit.
1577 979 1848 1034 Caeterum
1893 977 1960 1032 ad
2017 975 2134 1030 hazc

557 1069 894 1126 vindicanda
931 1069 1042 1126 Leo
1071 1071 1374 1139 imperator
1403 1071 1596 1127 Stilam
1622 1070 1792 1124 misit.

1203 1221 1354 1277 CAP.
1397 1221 1487 1276 IX.

771 1312 844 1365 De
868 1311 1213 1366 circularibus
1247 1311 1432 1365 litteris
1459 1311 1646 1366 Leonis
1673 1311 1913 1382 Augusti.

626 1400 860 1470 Scripsit
887 1400 1054 1456 etiam
1082 1401 1382 1456 circularcs
1409 1401 1624 1456 litteras
1652 1401 1719 1455 ad
1746 1415 1940 1455 onmcs
1977 1397 2129 1454 orbis

556 1490 788 1544 Romani
815 1491 1125 1559 episcopos,
1157 1500 1212 1544 et
1241 1491 1310 1545 ad
1333 1506 1429 1546 eos
1462 1492 1558 1560 qui
1588 1491 1642 1562 in
1675 1493 1788 1546 vita
1827 1491 2128 1546 monastica

550 1581 916 1644 excellebant,
947 1581 1293 1650 interrogans
1326 1597 1423 1637 eos
1452 1591 1566 1636 tum
1592 1583 1660 1637 de
1685 1582 2122 1638 Chalcedonensi

549 1671 780 1741 synodo,
817 1679 930 1749 tum
962 1671 1030 1725 de
1065 1671 1414 1727 ordinatione
1438 1673 1716 1728 Timothei
1757 1685 2124 1745 cognomento

546 1761 746 1817 IEluri.
772 1761 950 1817 Simul
977 1762 1142 1818 etiam
1169 1763 1318 1817 misit
1339 1763 1406 1818 ad
1439 1779 1535 1818 eos
1573 1766 1909 1835 exemplaria
1959 1766 2123 1821 libel-

2253 509 2548 581 Προτερίου
2575 549 2590 574 ,
2634 509 2896 580 μεγίστας
2938 507 3182 579 ταραχὰς
3213 511 3276 576 τῇ
3317 506 3668 576 Ἀλεξάνδρου
3709 509 3816 577 ὲμ-

2241 600 2564 669 ποιήσαντος
2589 615 2602 629 ·
2641 598 2740 651 οὐκ
2771 597 2834 650 ὲκ
2867 597 2960 650 τοῦ
2989 598 3163 666 δήμου
3193 597 3364 650 ταῦτα
3393 597 3772 667 τετολμῆσθαι
3796 637 3812 661 ,

2240 691 2356 747 ἀλλ’
2383 689 2447 742 ἐκ
2473 706 2637 742 τινων
2673 688 3104 760 στρατιωτικῶν,
3143 689 3204 752 ἐξ
3235 688 3522 756 ἐπιστολῆς
3538 688 3814 757 Τιμοθέου

2239 781 2600 851 πιστούμενος
2627 779 2763 850 πρὸς
2791 780 3000 832 Λέοντα
3027 779 3426 849 γεγενημένης.
3459 778 3688 842 Τούτοις
3715 781 3816 849 μὲν

2241 871 2334 924 οὖν
2363 871 2640 940 ἐπιθήσων
2662 867 2822 938 δίκην
2855 865 3049 932 Στίλας
3073 868 3210 939 πρὸς
3237 867 3333 922 τοῦ
3358 867 3625 937 βασιλέως
3651 869 3808 922 Λέον-

2237 982 2329 1028 τος
2357 963 2722 1032 ἐκπέμπεται.

2822 1201 3073 1254 ΚΕΦΑΛ.
3124 1199 3200 1257 ϐ’.

2371 1295 2510 1364 Περὶ
2541 1295 2663 1348 τῶν
2693 1294 3034 1360 ἐγκυκλίων
3057 1293 3316 1358 Λέοντος
3335 1295 3664 1364 βασιλέως.

2314 1387 2654 1455 Ἐγκυκλίοις
2695 1383 2750 1438 δὲ
2792 1384 2990 1455 χρῆται
3027 1385 3353 1456 γράμμασιν
3385 1391 3414 1444 ό
3445 1390 3604 1442 Λέων
3627 1428 3644 1454 ,
3695 1392 3804 1444 τῶν

2229 1476 2338 1532 ἀνά
2374 1476 2474 1546 τὴν
2525 1473 2836 1545 Ῥωμαϊκὴν
2861 1471 3136 1526 πολιτείαν
3180 1479 3498 1532 ἐπισκόπων
3540 1478 3808 1532 πυνθανό⁴

2236 1586 2414 1640 μενος,
2457 1568 2552 1621 καὶ
2582 1567 2691 1620 τῶν
2725 1569 2782 1620 έν
2821 1566 2900 1636 τῷ
2935 1570 3210 1642 μοναδικῷ
3233 1571 3642 1642 διαπρεπόντων
3682 1571 3804 1642 βίῳ,

2233 1662 2361 1734 περὶ
2392 1663 2489 1726 τῆς
2524 1663 2581 1712 ὲν
2611 1659 2915 1730 Καλχηδόνι
2961 1663 3183 1716 συνόδου
3209 1703 3223 1728 ,
3261 1664 3357 1717 καὶ
3391 1664 3492 1734 τῆς
3537 1653 3804 1735 Τιμοθέου

2229 1753 2290 1806 τὸ
2305 1751 2534 1826 έπίκλην
2555 1751 2822 1820 Αίλούρου
2843 1753 3200 1822 χειροτονίας,
3223 1754 3804 1826 διαπεμψάμενος,καὶ

545 1853 722 1907 lorum
751 1868 998 1922 precum,
1028 1853 1122 1922 qui
1150 1853 1252 1922 ipsi
1285 1853 1454 1908 oblati
1479 1854 1700 1908 fuerant
1729 1865 1838 1910 tam
1868 1871 1936 1910 ex
1968 1863 2113 1926 parte

2228 1844 2296 1897 τὰ
2335 1844 2424 1896 ίσα
2459 1842 2568 1896 τῶν
2611 1843 3005 1912 ὲπιδεδομένων
3045 1847 3194 1916 αύτῷ
3233 1845 3473 1918 δεήσεων
3517 1847 3580 1900 ἐκ
3611 1863 3670 1898 τε
3701 1850 3802 1917 τῆς

547 1943 804 2008 l’roterii,
860 1959 1024 2012 quam
1080 1957 1146 1996 ex
1180 1952 1338 2011 parte
1371 1943 1646 1998 Timothei
1697 1943 1896 1998 AEluri.
1946 1946 2120 2000 Porro

542 2033 846 2086 eirculares
889 2031 1090 2086 Leonis
1131 2033 1329 2086 littera:
1381 2032 1462 2087 sic
1525 2033 1730 2087 habent
1773 2053 1784 2088 :
1829 2035 2120 2104 Exemplar

541 2122 789 2192 epistolae
813 2138 984 2177 sacrae
1019 2122 1251 2192 piissimi
1282 2124 1634 2192 imperatoris
1671 2125 1896 2190 Leonis,
1927 2125 2114 2180 missae

539 2213 607 2268 ad
639 2215 954 2269 Anatolium
993 2214 1506 2284 Constantinopolis
1557 2217 1900 2286 episcopum,
1949 2227 2004 2273 et
2049 2219 2116 2273 ad

541 2307 1022 2378 metropolitanos,
1053 2314 1109 2361 et
1133 2305 1377 2376 reliquos
1417 2306 1591 2361 totius
1617 2307 1772 2361 orbis
1801 2308 2112 2378 episcopos.

609 2486 914 2556 Imperator
945 2481 1125 2538 Caesar
1165 2481 1301 2544 Leo,
1345 2483 1496 2548 Pius,
1534 2485 1742 2550 Victor,
1775 2487 2114 2558 Triumpha-

539 2588 647 2642 tor,
706 2575 996 2630 Maximus.
1062 2589 1282 2642 semper
1327 2575 1628 2644 Augustus,
1687 2577 1941 2632 Anatolio
1993 2580 2114 2648 epi-

537 2680 727 2736 scopo.
777 2665 908 2718 Erat
933 2663 1040 2717 hoc
1071 2662 1296 2731 quidem
1335 2664 1391 2718 in
1422 2665 1566 2720 votis
1613 2666 1800 2736 pietati
1849 2685 2003 2734 mete,
2056 2678 2116 2723 ut

537 2773 730 2812 omnes
755 2757 1076 2812 orthodoxae
1110 2766 1166 2811 et
1198 2757 1558 2814 sanctissima:
1588 2760 1870 2822 Ecclesiae,
1901 2771 2114 2816 cuncta:

535 2851 696 2922 301
727 2851 856 2924 item
891 2850 1058 2906 urbes
1107 2853 1324 2922 imperii
1368 2853 1624 2918 Romani,
1662 2855 1895 2907 maxima
1927 2855 2114 2923 quiete

535 2943 872 3006 fruerentur,
899 2957 1002 2997 nec
1057 2944 1357 3015 quidquam
1402 2945 1698 3007 accideret,
1741 2943 1889 3013 quod
1924 2959 2112 2998 earum

537 3045 740 3092 statum
779 3033 1346 3108 tranquillitatemque
1385 3038 1657 3092 turbaret.
1687 3037 1820 3102 Quae
1844 3053 1976 3092 vero
2003 3053 2110 3091 nu-

537 3141 632 3195 per
661 3127 1006 3184 Alexandriaa
1028 3129 1382 3200 contigerint,
1428 3144 1493 3182 ea
1531 3127 1808 3182 sanctitati
1845 3137 1952 3182 tua:
1982 3137 2110 3183 nota

2229 1937 2420 2007 μοίρας
2449 1936 2768 2007 Προτερίου,
2797 1937 2861 1992 ἐκ
2891 1958 2950 1994 τε
2979 1943 3080 2010 τῆς
3096 1940 3361 2011 Τιμοθέου
3387 1940 3481 1993 τοῦ
3513 1939 3794 2007 Αίλούρου.

2222 2027 2510 2095 Σύγκειται
2537 2025 2589 2078 δὲ
2625 2027 2695 2080 τὰ
2717 2028 2979 2096 ἐγκύκλια
3007 2031 3220 2095 τούτοις
3251 2034 3362 2095 τοῖς
3389 2033 3798 2102 ῥήμασιν-Ἴσον

2221 2121 2712 2192 θείουγράμματος
2734 2122 2827 2176 τοῦ
2853 2123 3247 2178 εὐσεϐεστάτου
3269 2124 3534 2194 βασιλέως
3549 2125 3796 2190 Λέοντος,

2221 2213 2563 2284 πεμφθέντος
2628 2214 2918 2286 Ἀνατολίῳ
2969 2216 3038 2285 (r)
3096 2217 3386 2286 ὲπισκόπῳ
3459 2219 3798 2271 Κωνσταντι-

2219 2304 2526 2368 νουπόλεως
2551 2343 2566 2368 ,
2622 2306 2717 2358 καὶ⁸
2749 2309 2861 2368 τοῖς
2890 2307 3033 2360 κατὰ
3077 2307 3176 2377 τὴν
3205 2308 3536 2378 οἰκουμένην
3579 2307 3797 2362 ἅπασαν

2222 2393 2666 2463 μητροπολίταις,
2702 2395 2796 2448 καὶ
2827 2395 3034 2459 λοιποῖς
3067 2396 3408 2460 ἐπισκόποις.

2287 2483 2654 2556 Αὐτοκράτωρ
2685 2487 2902 2557 Καῖσαρ
2945 2473 3123 2552 Λέων,
3177 2487 3446 2558 Εὐσεϐὴς,
3500 2489 3746 2560 Νικητὴς
3777 2531 3792 2554 ,

2219 2571 2616 2642 Τρυπαιοῦχος,
2645 2573 2921 2640 Μέγιστος
2941 2612 2954 2635 ,
3001 2574 3377 2640 Ἀεισέϐαστος
3399 2621 3412 2642 ,
3449 2577 3758 2648 Αὔγουστος
3777 2618 3794 2642 ,

2231 2657 2519 2729 Ἀνατολίῳ
2545 2661 2850 2731 έπισκόπῳ.
2887 2663 2967 2715 Δι’
2998 2663 3166 2732 εύχῆς
3199 2665 3300 2734 μὲν
3326 2661 3395 2738 ἦν
3438 2674 3501 2737 τῇ
3551 2670 3658 2738 ὲμῇ
3707 2668 3799 2722 εὑ-

2221 2749 2424 2822 σεϐείᾳ,
2459 2753 2679 2818 ἁπάσας
2722 2754 2822 2816 τὰς
2870 2755 3184 2822 όρθοδόξους
3220 2759 3528 2826 ἁγιωτάτας
3563 2759 3797 2828 Ἐκκλη-

2219 2843 2362 2906 σίας.
2390 2843 2470 2897 ἔτι
2497 2862 2558 2912 γε
2579 2846 2686 2916 μὴν
2713 2847 2806 2900 καὶ
2835 2847 2934 2911 τὰς
2963 2848 3068 2901 ὑπὸ
3087 2849 3184 2920 τὴν
3218 2852 3502 2922 Ῥωμαίων
3521 2853 3798 2906 πολιτείαν

2217 2935 2420 2998 πόλεις,
2449 2935 2715 3006 μεγίστης
2738 2939 2970 3008 ἡσυχίας
3001 2940 3321 3006 ἀπολαύειν,
3361 2942 3528 3012 μηδὲν
3557 2943 3613 2996 δὲ
3655 2959 3794 3012 συμ-

2216 3025 2423 3080 ϐαίνειν
2453 3027 2552 3095 τὴν
2592 3028 2770 3081 αὐτῶν
2811 3031 3148 3086 κατάστασιν
3183 3034 3278 3088 καὶ
3311 3034 3556 3105 γαλήνην
3607 3034 3792 3088 διατα-

2218 3119 2430 3187 ράττον.
2462 3115 2563 3173 Οἷα
2596 3121 2652 3174 δὲ
2678 3127 2818 3176 κατὰ
2840 3125 2937 3194 τὴν
2973 3123 3366 3195 Ἀλεξανδρέων
3397 3126 3622 3196 ἔναγχος
3657 3143 3788 3178 συνο

535 3219 643 3288 iam
667 3233 788 3273 esse
815 3220 1071 3288 equidem
1103 3235 1214 3274 non
1256 3219 1472 3274 dubito.
1520 3219 1626 3272 Sed
1665 3227 1846 3273 tamen
1891 3228 1950 3273 ιιι
1995 3235 2113 3274 rem

2218 3209 2336 3278 έὸη,
2372 3209 2573 3264 εἰδέναι
2616 3214 2714 3281 μὲν
2749 3215 2852 3284 ἤδη
2889 3215 3236 3286 πεπείσμεθα
3261 3218 3359 3286 τὴν
3393 3217 3490 3284 σὴν
3518 3218 3792 3284 ὁσιότητα.

537 3323 756 3362 omnem
801 3311 1111 3365 accuratius
1167 3311 1344 3380 possis
1383 3323 1736 3379 cognoscere,
1783 3325 1904 3378 quae
1949 3325 2116 3364 causa

539 3398 988 3466 tantitumultus,
1017 3409 1290 3470 tantmque
1333 3399 1770 3469 perturbationis
1818 3399 2113 3465 exstiterit,

534 3489 864 3558 exemplaria
899 3487 1222 3544 libellorum
1255 3503 1482 3559 precum
1527 3505 1668 3558 quos
1705 3488 2109 3559 religiosissimi

534 3579 778 3650 episcopi
821 3589 876 3634 et
915 3582 1100 3639 clerici
1129 3603 1196 3642 ex
1223 3601 1392 3656 supra
1432 3585 1576 3639 dicta
1615 3583 1749 3636 urbe
1779 3582 2110 3636 Alexandria

533 3687 591 3724 ο.
625 3686 692 3725 ex
727 3669 1046 3740 Egyptiaea
1084 3675 1314 3730 dimcesi
1361 3675 1430 3730 ad
1473 3673 1668 3728 urbem
1715 3674 1920 3742 regiam
1965 3671 2112 3727 Con-

1413 3764 1686 3830 adtfersus
1757 3763 2111 3816 Timotheum

532 3851 722 3920 pietati
745 3868 880 3909 mete
895 3855 1218 3910 obtulerunt.
1250 3875 1260 3909 :
1285 3855 1620 3926 exemplaria
1645 3855 1774 3908 item
1793 3855 2110 3912 libellorum

533 3960 781 4012 precum,
817 3962 955 4016 quos
981 3948 1206 4018 quidam
1229 3965 1296 4002 ex
1315 3959 1468 4017 parte
1495 3947 1776 4002 Timothei
1798 3949 1868 4000 ad
1890 3962 2108 4002 sacrum

533 4044 780 4092 nostrum
832 4042 1152 4095 comitatum
1207 4041 1276 4094 ab
1324 4039 1516 4094 eadem
1580 4039 1719 4093 urbe
1774 4037 2104 4094 Alexandria

489 4129 835 4195 -venientes,
891 4131 1274 4200 tranquillitati
1337 4139 1542 4184 nostra:
1589 4137 1977 4199 porrexerunt,
2039 4129 2108 4183 ad

531 4223 875 4277 sanctitatem
909 4230 1054 4276 tuam
1093 4225 1360 4276 misimus.
1399 4223 1477 4276 lta
1507 4231 1566 4274 ut
1616 4222 1748 4290 quid
1781 4221 1988 4276 factum
2033 4221 2107 4276 sit

529 4329 558 4365 a
602 4312 912 4380 Timotheo,
944 4330 1108 4386 quem
1140 4312 1379 4382 populus
1433 4319 1488 4366 et
1540 4312 1794 4365 honorati
1841 4327 1905 4365 ac
1935 4311 2106 4384 dequ-

2218 3298 2334 3352 Ἶνα
2357 3299 2414 3352 δὲ
2434 3301 2758 3373 τελεώτερον
2783 3307 2914 3376 περὶ
2935 3308 3153 3360 πάντων
3191 3308 3467 3378 διδαχθῇς,
3495 3313 3623 3363 ποῖα
3643 3307 3794 3361 αἴτια

2213 3389 2308 3442 τοῦ
2345 3393 2598 3446 τοσούτου
2644 3393 2876 3467 θορύϐου
2924 3400 3020 3462 καὶ
3069 3399 3166 3468 τῆς
3201 3400 3519 3469 συγχύσεως
3551 3400 3742 3468 γέγονε
3773 3440 3790 3464 ,

2212 3482 2280 3535 τὰ
2316 3483 2406 3536 ῐσα
2435 3485 2544 3538 τῶν
2582 3485 2819 3558 δεήσεων
2855 3488 2918 3552 ἃς
2954 3493 3001 3543 οἱ
3053 3493 3448 3546 εὐλαϐέστατοι
3499 3489 3790 3546 ἐπίσκοποι

2214 3576 2306 3628 καὶ
2340 3576 2592 3646 κληρικοὶ
2627 3579 2736 3632 ἀπὸ
2756 3579 2858 3648 τῆς
2888 3582 3282 3656 προλεχθείσης
3310 3587 3518 3651 πόλεως
3553 3590 3647 3642 καὶ
3683 3590 3785 3656 τῆς

2210 3667 2588 3738 Αἰγυπτιακῆς
2620 3669 2938 3740 διοικήσεως
2971 3676 3050 3738 εἰς
3081 3675 3178 3746 τὴν
3208 3676 3451 3746 βασιλίδα
3499 3681 3792 3733 Κωνστανο

2210 3757 2360 3810 τίνου
2393 3759 2546 3812 πόλιν
2579 3765 3016 3833 παραγενόμενοι
3065 3766 3210 3819 κατὰ
3255 3769 3527 3837 Τιμοθέου
3565 3773 3632 3841 τῇ
3681 3773 3786 3840 ἐμῇ

2212 3849 2464 3922 εὐσεϐείᾳ
2507 3853 2770 3922 ἐκόμισαν
2810 3870 2824 3885 ”
2857 3855 2919 3907 ού
2955 3856 3062 3927 μὴν
3084 3899 3098 3922 ,
3131 3857 3267 3911 ἀλλὰ
3297 3861 3391 3913 καὶ
3423 3861 3492 3913 τὰ
3541 3861 3630 3914 ἴσα
3679 3863 3789 3914 τῶν

2209 3940 2476 4012 δεήσεων,
2509 3943 2574 4008 ἃς
2599 3947 2679 4008 είς
2715 3947 2778 4000 τὸ
2804 3947 2948 4000 θεῖον
2971 3949 3126 4017 ἡμῶν
3161 3952 3525 4021 στρατόπεδον
3557 3953 3663 4006 ὑπὸ
3693 3955 3786 4006 Τι⁴

2219 4031 2417 4102 μοθέου
2465 4035 2572 4088 ἀπὸ
2603 4037 2700 4106 τῆς
2756 4035 3148 4109 Ἀλεξανδρέων
3183 4042 3624 4116 παραγενόμενοι
3653 4082 3670 4106 ,
3721 4046 3788 4112 τῇ

2217 4127 2466 4198 ἡμετέρᾳ
2503 4128 2864 4182 ἐπιδεδώκασι
2886 4129 3235 4200 γαληνότητι,
3260 4133 3396 4202 πρὸς
3419 4134 3518 4202 τὴν
3543 4134 3642 4203 σὴν
3672 4133 3793 4186 Oso-

2217 4217 2432 4270 σέϐειαν
2463 4218 2884 4289 ἀπεστείλαμεν.
2911 4219 3076 4272 Ὥστε
3099 4221 3152 4272 τί
3178 4222 3496 4290 πέπρακται
3523 4222 3672 4291 παρὰ
3692 4221 3784 4274 τοῦ

2215 4311 2508 4379 εἰρημένου
2539 4309 2805 4380 Τιμοθέου
2824 4350 2837 4370 ,
2885 4314 2944 4366 ὃν
2983 4311 3010 4362 ὃ
3037 4328 3096 4362 τε
3126 4311 3226 4379 τῆς
3271 4311 3664 4384 Ἀλεξανδρέων
3689 4311 3792 4379 δῆ-

531 4404 714 4460 riuncs
758 4415 814 4461 et
868 4404 1194 4464 navicularii
1239 4401 1396 4458 urbis
1420 4401 1804 4456 Alexandrinae
1846 4401 1948 4456 sibi
1991 4403 2111 4473 epi-

2221 4419 2341 4472 μος.
2375 4403 2470 4456 καιὶ
2498 4402 2879 4476 ἀξιωματικοὶ,
2924 4409 3018 4462 καὶ
3049 4405 3457 4476 πολιτευόμενοι
3487 4405 3599 4474 (67)
3621 4445 3636 4469 ,
3687 4405 3786 4458 καὶ

1711 4521 2002 4579 ‘VALESII
2035 4522 2592 4584 ANNOTATIONES.

599 4615 710 4686 (6'7)
752 4615 859 4668 Καὶ
892 4615 1268 4684 ἀξιωματικοί
1306 4615 1400 4686 καὶ
1447 4613 1920 4686 πολιτευόμενοι.
1969 4615 2102 4686 Qui-

531 4683 653 4740 nam
679 4683 788 4740 Sint
813 4683 1194 4750 ἀξιωματικῶν,
1220 4685 1514 4754 ctquinam
1543 4683 1796 4736 dicantur
1827 4684 2104 4737 πολιτευό-

531 4774 701 4824 μενοι,
740 4757 849 4826 jam
897 4755 1107 4826 pridem
1138 4753 1424 4810 ohserravi
1458 4756 1512 4808 in
1545 4753 2004 4826 Adnotalionibus
2035 4755 2102 4826 ad

529 4827 876 4881 Ammianum
939 4825 1333 4890 Marcellinum,
1399 4841 1453 4893 ιι.
1522 4825 1620 4886 ιι,-
1665 4831 1720 4876 et
1790 4839 1910 4892 pag.
1973 4825 2102 4878 225.

530 4898 802 4966 Utrosque
829 4895 1084 4950 similiter
1111 4897 1293 4966 jungit
1317 4895 1614 4966 Gregorius
1648 4893 2026 4966 Nazianzenus
2049 4895 2104 4948 in

525 4963 760 5039 epistola
814 4966 902 5030 49,
935 4967 1036 5039 _ad
1059 5037 1064 5039 _
1091 4963 1400 5039 Olympium
1432 4963 1440 4966 “
1469 4966 1538 5039 ita
1599 4963 1863 5039 scribens.
1899 4965 2106 5039 πᾴντας

527 5032 752 5098 πολίτας
776 5053 836 5088 τε
863 5037 956 5089 καὶ
984 5032 1304 5098 πο).ιτεύτᾶς
1335 5039 1432 5090 καὶ
1461 5032 1885 5102 ἁξιωματικούς,
1912 5033 1964 5086 id
1997 5043 2101 5097 est,

526 5108 794 5160 universos
825 5108 957 5160 cives
982 5117 1030 5160 et
1051 5109 1354 5162 decuriones
1381 5117 1426 5160 et
1451 5111 1754 5160 honoratos.
1789 5102 1938 5156 Idem
1967 5103 2101 5156 Gre-

525 5177 713 5242 gorius
746 5175 799 5246 in
850 5178 1012 5246 epist.
1057 5179 1127 5231 22
1170 5179 1235 5231 ad
1269 5178 1652 5236 Caesarienses,
1687 5172 1910 5246 eosdem
1925 5171 2096 5246 simul

2211 4615 2465 4668 λευτικοῦ
2493 4617 2794 4684 τάγματος,
2833 4617 2884 4670 id
2929 4626 3030 4674 est.
3071 4618 3160 4674 his
3205 4615 3296 4686 qui
3345 4625 3473 4670 sunt
3505 4630 3570 4669 ex
3605 4613 3786 4667 llono.

2213 4695 2456 4740 ratorum
2509 4695 2602 4740 aut
2634 4702 2700 4740 ex
2741 4687 3109 4740 Decurionum
3161 4685 3376 4742 ordine.
3429 4685 3596 4738 Recte
3654 4699 3786 4752 ergo

2211 4765 2369 4810 vetns
2399 4759 2673 4823 interpres
2710 4757 2874 4825 hujus
2899 4758 3144 4825 epistola:
3194 4758 3380 4816 vertit,
3427 4754 3693 4825 honorati,
3733 4761 3786 4825 et

2204 4826 2429 4878 curiales
2453 4835 2500 4878 et
2521 4822 3046 4879 nauclerifNaucleri
3071 4835 3198 4880 sunt
3219 4825 3542 4880 navieularii
3567 4822 3779 4882 Niliaci,

2203 4896 2296 4963 qui
2331 4911 2606 4950 annonam
2645 4912 2712 4950 ex
2749 4895 2981 4965 {Egypto
3011 4894 3550 4965 Constantinopolim
3585 4907 3786 4965 conve—

2204 4961 2431 5034 liehant.
2490 4965 2697 5018 Eorum
2739 4961 2941 5034 corpus
2993 4966 3296 5020 instituisse
3361 4961 3788 5034 videturAureh

2203 5033 2403 5096 lianus,
2441 5043 2498 5086 ut
2543 5035 2770 5102 ipsemet
2799 5031 3004 5088 indicat
3029 5035 3083 5088 in
3101 5034 3328 5104 epistola
3355 5035 3422 5104 ad
3449 5031 3782 5104 Arabiauum

2203 5119 2366 5170 quam
2405 5100 2870 5172 citat—VOpiscns.
2929 5105 2986 5157 In
3039 5100 3321 5159 veteribus
3363 5102 3572 5158 Glossis
3619 5100 3776 5172 ναύη

2199 5169 2400 5253 κληρος
2438 5169 3648 5253 exponiturﬁavmularis;_Hesyrhiusfere,
3679 5169 3780 5222 d0-

520 5241 702 5317 jungit
731 5245 817 5300 his
849 5241 1052 5312 verbis,
1081 5251 1193 5310 τοῖς
1225 5249 1288 5299 ἐκ
1316 5246 1412 5298 τοῦ
1443 5241 1818 5313 ἀξιωματικοῦ
1853 5243 1946 5294 καὶ
1971 5242 2098 5311 βου·-

2218 5241 2408 5296 ιιίιιιιιιι
2440 5243 2594 5296 navis
2617 5244 2688 5296 ita
2711 5243 2818 5297 dici
2855 5244 3070 5299 scribit.
3096 5244 3162 5298 lli
3191 5241 3514 5297 uaricularii
3543 5241 3780 5295 Alexan-

1977 5355 2362 5412 VARIORUM.

596 5450 667 5520 (r)
720 5451 1062 5520 Ἀνατολίῳ.
1091 5451 1400 5510 Anatolius,
1438 5449 1686 5520 Dioscuri
1743 5445 2098 5520 Alexandrini

523 5515 664 5588 apud
711 5519 1244 5591 Constantinopolim
1283 5518 1708 5591 apocrisiarius,
1738 5519 1806 5572 ab
1841 5533 1908 5591 eo
1940 5515 1992 5569 in

527 5587 762 5660 trocinio
797 5587 1095 5660 Ephesium;
1145 5589 1407 5660 Flaviano
1457 5589 1780 5656 patriarchze
1826 5587 1931 5642 ΕΡ.
2003 5587 2101 5640 de—

523 5659 720 5724 posito,
775 5657 1022 5711 nondum
1072 5669 1252 5715 autem
1313 5657 1595 5718 tlfrfllm'lo,
1647 5659 1910 5712 suffectus
1961 5673 2104 5710 anno

525 5727 640 5792 “9,
680 5725 978 5796 episcopus
1004 5730 1104 5782 Cl‘.
1133 5731 1312 5788 fac-tus
1349 5741 1364 5779 ;
1395 5743 1502 5796 quo
1527 5729 1696 5782 tutius
1737 5729 1920 5784 sedem
1955 5743 2106 5780 suam

2209 5447 2492 5508 retineret,
2535 5465 2598 5502 ac
2631 5447 2924 5502 Theodosii
2958 5447 3087 5515 imp.
3125 5455 3182 5500 et
3219 5445 3418 5499 Leonis
3449 5460 3598 5513 papae
3631 5445 3780 5515 favos

2211 5533 2322 5570 rem
2363 5526 2629 5585 captaret,
2667 5534 2811 5572 anno
2851 5517 2973 5580 4-50,
3025 5513 3251 5572 collecta
3303 5513 3782 5585 Constantinopoli

2212 5584 2446 5656 synodo,
2501 5589 2763 5657 Eutychis
2817 5596 2874 5642 et
2923 5585 3158 5657 Nestorii
3207 5584 3780 5657 erroresdamnavit,

2211 5655 2266 5709 et.
2307 5658 2503 5710 Leonis
2551 5655 2836 5728 epistolam
2889 5655 2952 5708 ad
3011 5655 3784 5728 Flavianum“subscriptione

2215 5745 2308 5781 sua
2363 5725 2760 5790 comprobzwit.
2791 5728 2934 5782 Obiit
2979 5743 3122 5780 anno
3163 5726 3284 5780 458.
3325 5725 3466 5779 (iuil.
3503 5725 3664 5778 CH‘L.
