4070 6176
199 175 334 236 2529

1115 171 1506 232 ΗῐὸΤΟΒΙβΕ
1547 169 1994 230 ΕΟΟΙΑΕΒΙΛΞΤ
2005 137 2166 228 [GzE-
2181 167 2412 228 LIBER
2453 167 2536 226 II.

3316 162 3457 224 2530

199 280 516 355 ναύκληροι,
543 283 843 336 ἐπίσκοπον
871 269 1086 345 ἑαυτοῖς
1117 283 1351 348 αἰτοῦσι,
1386 284 1482 336 καὶ
1518 284 1647 352 περὶ
1673 282 1780 334 τῶν

1901 296 2112 350 scopum
2161 281 2440 350 postulant
2473 296 2484 331 :
2513 277 2580 332 de
2609 275 2732 330 aliis
2757 267 2887 330 item
2915 275 3084 330 rebus
3104 291 3224 346 qua:
3251 276 3308 330 in
3333 294 3456 346 prc-

197 380 370 434 ἄλλων
405 376 749 448 πραγμάτων
779 373 888 428 τῶν
913 373 991 444 τῷ
1025 373 1152 442 ὕφει
1200 375 1308 426 τῶν
1365 374 1608 442 δεήσεων
1647 390 1787 444 παρ-

203 469 478 540 εχομένών
505 465 641 538 (68),
667 465 763 518 καὶ
795 465 931 534 πρὸς
963 463 1196 532 τούτοις,
1224 468 1351 537 περὶ
1377 467 1474 535 τῆς
1495 467 1552 518 ὲν
1570 466 1788 536 Καλχη-

199 559 314 611 δόνι
364 556 586 608 συνόδου
613 595 628 618 ,
679 547 824 627 ᾗτινι
875 553 1126 624 οὐδαμῶς
1157 553 1466 608 συναινοῢσι
1492 596 1507 619 ,
1551 554 1698 608 καθά
1733 558 1788 608 αἱ

197 647 640 718 ὑποτεταγμέναι
672 647 886 714 δεήσεις
917 645 1096 698 αὐτῶν
1131 647 1486 717 σημαίνουσι,
1536 646 1788 716 φανερῶς

197 738 494 814 δυνηθῆναι
520 737 712 807 μαθεῖν
739 735 838 804 τὴν
869 733 966 802 σὴν
997 737 1274 804 ὁσιότητα.
1315 736 1378 788 ἸΙ
1401 735 1469 806 σὴ
1493 735 1792 806 τοιγαροῦν

199 831 390 884 εὐὶάὸε
403 848 458 884 ια
488 829 736 890 ἅπαντας
754 827 1214 898 τοὺςχόρθοδόξους
1243 829 1423 892 ὁσίους
1453 828 1794 892 ἐπισκόπους

199 927 326 986 τοὺς
348 923 442 974 ἐπὶ
457 919 553 974 τοῦ
581 917 850 988 παρόντος
875 917 1018 971 κατὰ
1043 919 1204 988 τήνδε
1231 919 1330 989 τὴν
1363 919 1610 990 βασιλίδα
1637 922 1792 975 πόλιν

199 1015 514 1080 διάγοντας,
546 1009 628 1062 ἔτι
659 1025 722 1076 γε
765 1006 873 1076 μὴν
905 1009 1000 1060 καὶ
1031 1007 1162 1070 τοὺς
1193 1007 1630 1073 εὐλαϐεστάτους
1657 1011 1794 1080 κλη-

205 1104 396 1174 ρικοὺς
425 1101 562 1172 πρὸς
592 1100 786 1152 ἑαυτὸν
821 1099 1163 1168 παραχρῆμα
1191 1099 1472 1167 ποιησάτω
1494 1101 1792 1154 συνελθεῖν.

205 1196 318 1248 Καὶ
350 1177 572 1246 πάντων
623 1191 900 1262 ἐπιμελῶς
933 1191 1384 1260 τρακτευθέντων
1433 1193 1528 1246 καὶ
1565 1194 1797 1262 δοκιμα-

205 1284 469 1344 σθέντων,
489 1282 678 1352 ἐπειδὴ
701 1281 796 1335 νῦν
820 1281 854 1349 ἡ
897 1279 1248 1348 Ἀλεξάνδρου
1267 1285 1422 1348 πόλις
1438 1285 1796 1354 τετάρακται,

201 1371 426 1448 ἧστινος
461 1375 559 1446 τῆς
591 1377 980 1434 καταστάσεως
1031 1375 1126 1426 καί
1161 1380 1260 1444 τῆς
1299 1377 1531 1447 ἡσυχίας
1567 1376 1800 1446 μεγίστη

205 1464 366 1518 ἐστὶν
401 1465 538 1534 ἡμῖν
575 1465 819 1534 φροντὶς,
853 1464 1042 1516 εἴπατε
1073 1463 1134 1514 τὸ
1162 1464 1354 1518 δοκοῦν
1378 1466 1506 1536 περὶ
1535 1465 1628 1518 τοῦ
1663 1483 1798 1536 προ-

209 1556 510 1627 ειρημένου
552 1555 820 1624 Τιμοθέου
863 1558 960 1610 καὶ
986 1555 1086 1624 τῆς
1115 1555 1170 1606 ἐν
1203 1556 1512 1626 Καλχηδόνι
1547 1555 1794 1618 συνόδου,

205 1648 343 1702 ἄνευ
371 1645 518 1708 τινος
537 1646 884 1716 ἀνθρωπίνου
927 1647 1122 1715 φόϐου,
1175 1649 1268 1700 καὶ
1295 1647 1416 1718 δίχα
1453 1648 1676 1718 χάριτος
1705 1647 1801 1700 καὶ

209 1738 538 1806 ἀπεχθείας,
576 1739 738 1807 μόνον
771 1741 861 1792 τὸν
889 1740 982 1792 τοῦ
1011 1741 1450 1810 παντοκράτορος
1481 1739 1616 1791 Θεοῦ
1641 1740 1802 1806 φόϐον

209 1831 322 1900 πρό
345 1827 643 1898 ὀφθαλμῶν
667 1829 978 1896 τιθέμενοι,
1013 1829 1204 1898 ἐπειδὴ
1249 1829 1360 1882 ἴστε
1413 1829 1488 1892 ὡς
1536 1831 1666 1898 περὶ
1705 1829 1799 1884 τοῦ

213 1921 546 1994 πράγματος
566 1923 758 1976 τούτου
777 1923 844 1991 τῇ
865 1921 1119 1990 άχράντῳ
1149 1919 1366 1988 θεότητι
1387 1921 1546 1995 λόγον
1577 1923 1798 1976 δώσετε.

211 2015 336 2066 Ἵνα
369 2015 500 2083 περὶ
525 2013 746 2066 πάντων
775 2009 842 2063 δι’
872 2011 1154 2082 ὑμετέρων
1189 2011 1540 2081 γραμμάτιον
1578 2012 1802 2075 τελείως

207 2105 582 2174 διδαχθέντες,
613 2103 705 2154 τὸν
727 2100 1034 2170 ἁρμόζοντα
1061 2100 1230 2152 τύπον
1259 2103 1442 2156 δοῦναι
1461 2103 1802 2174 δυνηθῶμεν.

217 2197 334 2248 Καὶ
369 2195 512 2264 αὐτὴ
569 2193 668 2263 μὲν
698 2185 762 2224 ‘3'
777 2191 912 2262 πρὸς
961 2192 1294 2248 ’Λνατόλιον.
1331 2196 1412 2250 Τά
1445 2196 1806 2266 παραπλήσια

211 2287 274 2340 δὲ
325 2287 420 2338 καὶ
467 2285 604 2357 πρὸς
659 2285 784 2347 τοὺς
811 2283 1006 2349 ἄλλους
1041 2285 1376 2350 ἐπισκόπους
1399 2288 1678 2359 γέγραφε,
1711 2288 1806 2340 καὶ

215 2377 362 2448 πρὸς
395 2378 526 2438 τοὺς
557 2376 884 2445 ἐπισήμους,
925 2376 1002 2438 ὼς
1041 2378 1296 2431 λέλεκταί
1349 2395 1484 2449 μοι,
1530 2380 1638 2434 τῶν
1679 2379 1802 2432 κατ’

213 2471 400 2522 ἐκεῖνο
427 2465 620 2538 καιροῦ
661 2467 752 2520 τὸν
791 2467 1028 2524 ἄσκευον
1075 2476 1171 2522 καὶ
1206 2469 1368 2523 άῦλον
1412 2470 1804 2524 διαθλευόντων

211 2559 358 2640 βίον.
377 2555 478 2612 Ὧν
501 2554 568 2630 ἦν
595 2558 689 2610 καὶ
715 2559 1032 2633 Συμεώνης,
1065 2562 1158 2615 ἐπὶ
1189 2560 1236 2591 ⁸⁸
1261 2563 1440 2624 κίονος
1466 2563 1682 2631 πρῶτος
1707 2561 1805 2632 τὴν

219 2652 418 2706 στάσιν
445 2649 784 2722 ἐξευρηκὼς,
803 2647 865 2706 οὗ
897 2654 990 2706 καὶ
1015 2654 1156 2707 κατὰ
1179 2655 1277 2726 τὴν
1301 2654 1636 2725 προτεραίαν
1660 2656 1806 2707 ἱστο-

213 2744 348 2813 ρίαν
379 2745 752 2814 ἐμνήσθημεν,
785 2748 841 2807 ἐς
869 2747 962 2807 οὓς
994 2745 1452 2816 καθειστήκεισαν
1488 2745 1804 2816 Βαράδατος

215 2837 318 2888 καὶ
363 2835 622 2899 Ἰάκωϐος
654 2837 764 2906 (69)
797 2837 847 2888 οἱ
875 2835 1058 2906 Σύροι.

295 2999 340 3030 ⁸⁸
367 2995 480 3050 Lib.
517 3012 557 3060 ι,
593 3012 710 3064 cap.
747 2995 834 3049 15.

1889 387 2014 424 cum
2041 378 2192 424 textu
2219 370 2582 423 continentur
2611 383 2622 418 :
2653 373 2918 434 praeterea
2937 364 3004 420 de
3022 364 3460 422 Chalcedonensi

1889 463 2124 534 synodo,
2175 462 2264 516 cui
2317 475 2484 528 supra
2535 456 2824 511 memorati
2855 456 3173 525 neutiquam
3227 470 3460 510 consen-

1893 555 2064 619 tiunt,
2113 555 2258 608 sicut
2313 565 2509 620 preces
2556 548 2878 602 eorumdem
2924 547 3184 617 subjecta:
3238 545 3465 600 demon-

1891 654 2072 700 strant
2119 664 2130 698 :
2176 643 2444 698 sanctitas
2485 650 2578 695 tua
2629 647 2818 708 aperte
2865 638 3042 708 possit
3107 653 3464 708 cognoscere.

1893 738 2008 792 Tua
2065 738 2232 807 igitur
2282 734 2593 788 reverentia
2647 747 2838 786 omnes
2901 743 3124 786 sanctos
3175 731 3470 799 episcopos

1893 828 2260 892 orlhodoxos,
2283 827 2376 896 qui
2411 841 2556 880 nunc
2579 827 2632 878 in
2667 827 2768 880 hac
2789 833 2924 880 urbe
2951 825 3101 894 regia
3120 838 3470 879 commoran-

1897 931 2008 984 tur,
2044 919 2140 974 sed
2170 927 2226 973 et
2265 917 2759 972 reverendissimos
2805 917 3036 972 clericos
3065 915 3474 986 quamprimum

1896 1013 1964 1068 ad
1999 1028 2058 1067 se
2083 1011 2252 1066 faciat
2278 1009 2604 1064 convenire.
2631 1011 2698 1064 Et
2729 1011 2946 1064 cunctis
2978 1015 3230 1062 accurate
3271 1015 3471 1062 tracta:-

1901 1105 1970 1158 tis
2010 1112 2176 1172 atque
2205 1101 2561 1165 examinatis,
2597 1099 2820 1172 quando
2846 1097 3070 1167 quidem
3104 1095 3473 1150 Alexandrina

1897 1197 2096 1251 civitas
2121 1198 2232 1267 jam
2275 1194 2598 1266 perturbata
2633 1200 2738 1252 est.
2775 1191 2844 1246 de
2873 1190 3030 1260 cujus
3049 1198 3194 1244 statu
3240 1203 3304 1242 ac
3327 1198 3473 1242 tran-

1901 1290 2174 1351 quillitate
2207 1289 2508 1358 plurimum
2549 1285 2774 1340 solliciti
2810 1297 3025 1348 sumus,
3069 1282 3332 1337 certiores
3375 1295 3478 1334 nos

1901 1379 2065 1434 facile
2099 1380 2360 1452 quidnam
2388 1379 2456 1432 de
2501 1395 2668 1448 supra
2726 1383 3031 1430 memorato
3087 1372 3380 1427 Timotheo
3422 1377 3478 1424 et

1903 1471 1970 1528 de
2019 1469 2460 1525 Chalcedonensi
2513 1467 2724 1540 synodo
2764 1465 3018 1520 sentiatis
3061 1481 3074 1516 :
3115 1463 3282 1530 idque
3329 1459 3480 1514 omni

1905 1561 2148 1614 humano
2183 1559 2380 1611 timore
2403 1557 2596 1626 procul
2623 1556 2938 1618 amandato,
2967 1553 3086 1608 sine
3131 1551 3259 1604 odio
3291 1550 3477 1618 cujus-

1901 1665 2068 1720 quam
2117 1660 2216 1702 aut
2256 1647 2432 1716 gratia
2467 1665 2480 1701 :
2519 1651 2700 1704 solum
2733 1641 3136 1713 omnipotentis
3175 1638 3267 1692 Dei
3319 1639 3483 1692 timo-

1905 1757 2018 1796 rem
2049 1754 2160 1808 pra:
2190 1737 2366 1792 oculis
2395 1741 2663 1795 habentes
2689 1759 2704 1794 :
2726 1739 2934 1808 quippe
2957 1730 3246 1806 quiprobe
3293 1731 3484 1786 sciatis

1904 1847 2000 1888 vos
2025 1830 2295 1888 rationem
2330 1833 2496 1902 hujus
2539 1833 2618 1886 rei
2645 1833 2990 1886 intemeratae
3045 1827 3334 1882 Divinitati
3359 1840 3486 1880 esse

1903 1925 2243 1980 reddituros.
2295 1923 2416 1990 Quo
2441 1939 2544 1979 nos
2593 1941 2691 1994 per
2731 1925 2944 1980 litteras
2991 1929 3204 1976 vestras
3239 1917 3486 1990 perfecte

1903 2016 1972 2071 de
2017 2017 2279 2071 onmibus
2326 2015 2532 2080 edocti,
2585 2023 2992 2085 competentem
3039 2013 3272 2066 formam
3317 2008 3488 2064 edere

1903 2108 2206 2162 valeamus.
2235 2107 2300 2160 Et
2327 2105 2442 2160 luec
2463 2106 2690 2174 quidem
2735 2105 2968 2174 epistola
3021 2103 3188 2156 missa
3247 2110 3336 2156 est
3411 2097 3486 2152 ad

1911 2195 2250 2252 Anatolium.
2283 2195 2641 2252 Similiavero
2663 2197 2966 2265 imperator
3003 2192 3244 2262 scripsit,
3269 2201 3384 2246 tum
3415 2189 3488 2244 ad

1903 2289 2149 2358 reliquos
2175 2290 2490 2364 episcopos.
2543 2299 2657 2345 tum
2709 2288 2778 2343 ad
2821 2287 3248 2342 celeberrimum
3285 2298 3484 2354 quem-

1903 2396 2010 2452 que
2039 2397 2238 2435 eorum
2279 2384 2372 2452 qui
2413 2395 2546 2438 tunc
2573 2381 2860 2450 temporis,
2891 2389 2952 2432 ut
2983 2380 3098 2449 jam
3127 2377 3264 2442 dixi,
3311 2377 3486 2430 vitam

1909 2486 1942 2526 a
1969 2473 2197 2527 materia
2237 2485 2528 2538 remotam,
2559 2469 2820 2541 omniirue
2853 2479 3120 2540 apparatu
3162 2467 3488 2523 destitutam

1909 2561 2070 2630 302
2107 2563 2365 2632 agebant.
2411 2565 2492 2618 Ex
2527 2579 2766 2634 quorum
2785 2576 3020 2616 numero
3041 2559 3144 2614 fuit
3165 2559 3490 2630 Symeones,

1911 2653 2004 2722 qui
2037 2655 2248 2722 primus
2297 2657 2592 2710 stationem
2631 2655 2688 2708 in
2735 2654 2992 2708 columna
3024 2651 3378 2720 excogitavit,
3419 2649 3490 2702 de

1911 2759 2022 2813 quo
2067 2745 2122 2798 in
2153 2747 2612 2816 superiorelibro
2649 2744 2989 2798 mentionem
3039 2741 3290 2796 fecimus.
3339 2739 3492 2794 Inter

1915 2836 2040 2892 illos
2085 2838 2314 2894 luerunt
2359 2839 2524 2893 etiam
2569 2837 2872 2892 Baradatus
2909 2842 2964 2890 et
3001 2833 3242 2890 Jacobus
3271 2831 3396 2901 Syri
3423 2830 3492 2880 ".

1489 3093 1718 3148 VABUE
1756 3091 2155 3152 LECTIONES.

293 3159 436 3220 ‘3'C.
468 3163 530 3218 C.
565 3161 662 3216 καὶ
685 3162 826 3215 αὐτὰ
858 3162 979 3232 μέν.
1058 3161 1104 3193 ⁸⁸
1142 3163 1170 3215 ό
1195 3162 1308 3214 ἐπί.

1423 3291 1692 3350 VALESII
1727 3293 2284 3351 ANNOTATIONES.

219 3431 394 3490 drini,
427 3427 640 3482 ﬁscales
665 3425 898 3496 species,
933 3440 997 3480 ac
1035 3425 1310 3496 praacipue
1343 3439 1484 3496 onus
1509 3426 1814 3496 frumenta-
1841 3431 1882 3488 C
1917 3428 2130 3482 sentior
2153 3425 2642 3496 llenricoSavilio,
2683 3425 2778 3496 qui
2814 3425 2870 3478 in
2901 3426 3150 3496 margine
3182 3429 3502 3486 suicodicis

223 3503 290 3556 rii
327 3507 670 3553 commeatus
712 3512 780 3549 ex
817 3495 1050 3567 Egypto
1091 3503 1148 3567 et
1181 3511 1250 3548 ex
1299 3495 1435 3550 urbe
1469 3495 1802 3567 Alexandria

221 3567 757 3635 Constantinopolim
809 3565 1193 3634 suo’periculo
1239 3566 1706 3632 transportabant,
1749 3574 1810 3619 ut

221 3643 394 3694 (locet
445 3639 528 3690 lex
579 3637 648 3690 52
691 3637 816 3690 cod.
859 3635 1072 3690 Theod.
1108 3635 1176 3688 de
1201 3635 1578 3700 naviculariis,
1634 3645 1688 3689 et
1723 3636 1810 3689 lex

223 3719 386 3766 sexta
419 3707 555 3760 Cod.
581 3706 900 3766 Iustiniani,
941 3707 1010 3760 de
1041 3705 1395 3758 naviculariis
1425 3713 1482 3758 et
1511 3707 1810 3759 naucleris.

225 3783 404 3835 Porro
457 3793 650 3831 eorum
704 3775 908 3845 praedia
957 3775 1194 3828 obnoxia
1245 3785 1405 3828 erant
1459 3775 1813 3829 navicularius

225 3847 526 3908 functioni,
563 3847 636 3900 ita
679 3855 738 3898 ut
781 3845 1035 3914 quisquis
1082 3859 1146 3898 ea
1185 3845 1434 3913 quolibet
1463 3845 1628 3899 modo
1658 3859 1812 3898 com-

225 3927 500 3992 parasset,
524 3917 702 3970 cidem
731 3913 1002 3968 l'unctioni
1033 3930 1128 3970 seu
1158 3913 1498 3992 translationi
1533 3923 1816 3992 teneretur

221 3983 530 4048 obnoxius,
565 4001 666 4054 pro
705 4001 769 4039 ea
801 3993 954 4054 parte
981 3999 1144 4054 quam
1177 3983 1517 4052 possidebat,
1559 3993 1623 4054 ut
1655 3983 1816 4054 docet

223 4061 430 4116 titulus
475 4053 1304 4126 Depraediisnaviculariorum.
1355 4054 1434 4107 Ex
1477 4053 1817 4126 quointelli-

221 4128 446 4202 gerulus
493 4121 598 4202 est"
623 4125 914 4196 Augustini
955 4126 1114 4202 locus
1141 4121 1729 4202 _in__sermo.ne’_primol
1747 4121 1816 4176 de

225 4192 344 4255 vita
392 4192 731 4251 clericorum
765 4211 1012 4258 suorum,
1063 4193 1156 4246 ubi
1187 4192 1364 4246 dicit:
1401 4192 1660 4260 Bonifacii
1709 4194 1816 4246 lue-

227 4271 510 4324 reditatem
559 4267 824 4325 suscipere
867 4263 1034 4318 noluit
1077 4277 1230 4316 :uon
1295 4263 1678 4325 misericordia,
1725 4262 1818 4314 sed

232 4343 444 4392 timore.
479 4331 880 4390 Navicularium
922 4333 1092 4387 uoluit
1120 4348 1230 4386 esse
1262 4331 1560 4385 Ecclesium
1597 4331 1814 4386 Christi.

241 4407 294 4460 Μ
305 4407 402 4459 ulti
437 4415 558 4459 sunt
591 4405 802 4474 quidem
831 4405 918 4474 qui
949 4405 1012 4474 de
1036 4403 1256 4474 nauibus
1288 4405 1587 4474 acquirunt.
1621 4401 1819 4474 Tamen

237 4495 350 4530 una
385 4469 730 4528 termitio'est.
781 4469 852 4528 sit
877 4469 982 4528 ire!
1021 4473 1170 4526 navis
1211 4482 1259 4524 et
1295 4469 1666 4542 na’ufragarct.
1706 4471 1818 4524 Ho-

237 4551 404 4600 mines
427 4547 494 4598 ad
521 4551 784 4598 tormenta
819 4545 1000 4596 daturi
1033 4559 1268 4606 eramus,
1298 4552 1354 4594 ut
1378 4543 1441 4594 de
1465 4542 1822 4594 submersione

241 4619 388 4670 navis
407 4615 691 4678 secundum
710 4615 1138 4668 consuetudinem
1164 4619 1508 4682 quaereretur,
1537 4620 1585 4664 et
1607 4619 1821 4682 torque:

241 4695 426 4739 rentur
453 4703 484 4738 a
507 4685 690 4754 judice
721 4685 810 4754 qui
843 4692 1013 4754 essent
1052 4683 1114 4754 de
1153 4681 1392 4754 ﬂuctibus
1436 4681 1664 4754 liberati.
1700 4681 1822 4754 Sed

237 4773 344 4810 non
378 4772 460 4808 eos
503 4752 774 4807 daremus.
809 4753 970 4807 Nullo
1001 4752 1325 4820 enim'pacto
1350 4753 1444 4804 hoc
1475 4752 1646 4821 facere
1673 4752 1822 4804 dece-

235 4839 314 4880 ret
351 4826 660 4878 Ecclesium.
702 4823 846 4878 Onus
881 4840 1007 4894 ergo
1037 4821 1584 4894 fiscale_per_solvcret.
1606 4821 1678 4894 _ld
1713 4828 1818 4894 est,

237 4897 452 4950 ﬁscales
487 4896 700 4963 species
729 4909 866 4962 quas
889 4890 1044 4946 navis
1067 4890 1430 4963 transferebat
1463 4907 1530 4963 ex
1553 4890 1734 4963 Africa
1765 4891 1820 4943 in

1915 3497 2202 3568 adnotavit
2219 3495 2508 3568 legendum
2535 3495 2833 3568 sibivideri
2859 3495 3286 3568 περιεχομένων,
3307 3515 3499 3568 quem-

1913 3563 2376 3639 admodunrlcgit
2421 3563 3166 3639 etiamChristophorsonus.
3213 3563 3390 3639 Atque
3422 3570 3500 3625 ita

1916 3637 2186 3704 scriptum
2221 3637 2388 3688 habet
2421 3633 2648 3704 Niceph.
2697 3635 2752 3704 in
2805 3633 2856 3688 cI
2895 3636 2982 3700 18,
3039 3635 3077 3688 l.
3121 3651 3212 3689 xv.

1986 3702 2119 3776 (6‘9),
2139 3705 2478 3776 Baptiéazoc
2506 3703 2608 3776 imi
2620 3773 2629 3776 _
2657 3702 2956 3776 Ἰάκωϐος.
2997 3704 3345 3776 Nicephorus
3371 3707 3496 3762 Cal-

1913 3773 2360 3830 listus'Jacobum
2393 3777 2540 3846 hunc
2567 3773 3183 3846 Nisibenamnominat.
3209 3777 3501 3846 additque,

1917 3857 2025 3900 tam
2059 3847 2198 3914 ejus,
2251 3842 2702 3914 quatnrvaradal‘i
2733 3844 3069 3914 mentionem
3109 3843 3228 3899 ﬁeri
3257 3861 3288 3900 a
3319 3842 3502 3901 Theo-

1916 3911 2103 3968 dorito
2133 3915 2186 3966 in
2243 3911 2470 3966 historia
2501 3911 2790 3965 Philotimo.
2825 3913 3196 3967 Theodoritus
3223 3925 3406 3970 tamen
3442 3917 3502 3969 in

1921 3985 2100 4053 capite
2141 3983 2204 4036 21
2237 3981 2526 4053 Philotimi,
2546 3981 2808 4053 .lacohum
2838 3983 3162 4037 Nisibenam
3198 3984 3366 4040 fuisse
3387 4002 3502 4040 non

1919 4051 2074 4117 dicit,
2123 4067 2470 4122 nequaquam
2517 4051 2570 4104 id
2622 4051 2949 4114 amissurus,
2985 4055 3029 4108 si
3069 4069 3261 4109 revera
3293 4055 3501 4109 Nisibe-

1917 4141 2024 4180 nus
2061 4123 2274 4177 l‘uissct.
2309 4122 2443 4176 Nam
2475 4137 2602 4174 cum
2651 4122 3010 4191 posteriorem
3051 4123 3198 4177 hunc
3234 4125 3504 4180 Jaeohum

1917 4193 2092 4265 priori
2147 4194 2224 4246 illi
2270 4191 2478 4265 Jacobo
2521 4191 2783 4246 Nisibeno
2835 4193 3070 4265 similem
3105 4193 3272 4249 fuisse
3323 4205 3502 4260 notet,

1919 4263 2030 4320 non
2085 4265 2262 4317 solum
2295 4263 2540 4324 nomine,
2581 4279 2776 4316 verum
2820 4263 2986 4316 etiam
3033 4265 3278 4318 moribus
3307 4279 3370 4318 ac
3407 4265 3498 4318 di-

1919 4335 2424 4406 gnitateiuterquc
2447 4334 2594 4386 enim
2646 4332 2907 4406 sacerdos
2939 4333 3044 4406 fuit
3065 4349 3085 4406 ;_
3119 4335 3164 4388 si
3205 4334 3510 4389 Nisibenus

1920 4401 2088 4459 etiam
2152 4403 2370 4462 fuisset,
2423 4417 2768 4471 nequaquam
2831 4401 2884 4456 id
2926 4403 3208 4458 omisisset
3270 4420 3338 4458 eo
3381 4406 3510 4460 loco

1922 4473 2310 4528 Theodoritus.
2346 4471 2452 4527 Sed
2501 4487 2680 4542 neque
2714 4472 3038 4526 Theodorus
3087 4473 3286 4528 Lector
3313 4474 3368 4528 in
3403 4475 3503 4528 lib.

1921 4545 2104 4614 primo
2133 4543 2611 4614 Gollecmneorum,
2641 4542 2908 4614 Jacobum
2943 4543 3107 4614 hunc
3137 4547 3506 4613 posteriorem

1923 4612 2020 4684 qui
2078 4613 2293 4684 Leonis,
2325 4615 2464 4682 Aug.
2519 4612 2882 4684 circularibus
2943 4612 3148 4684 litteris
3201 4615 3506 4684 rescripsit,

1922 4681 2248 4740 Nisibenum
2273 4681 2432 4745 facit,
2461 4698 2562 4738 nec
2593 4682 2958 4754 Theophanes
2991 4685 3046 4754 in
3069 4681 3347 4754 Chronico,
3378 4681 3508 4754 pag.

1925 4755 2016 4809 96.
2053 4754 2244 4808 Exstat
2285 4754 2448 4808 etiam
2479 4753 2712 4822 epistola
2752 4751 3082 4822 Theodoriti
3131 4753 3197 4806 ad
3231 4751 3395 4809 hunc
3425 4751 3518 4812 n-

1929 4825 2126 4878 cobum
2163 4823 2388 4892 scripta,
2424 4825 2478 4876 in
2517 4839 2624 4892 qua
2670 4823 2826 4876 illum
2859 4823 3258 4892 presbyterum
3280 4839 3366 4892 iac
3391 4837 3514 4892 rno-

1925 4895 2164 4948 nachum
2183 4891 2440 4963 appellat.
2467 4891 2572 4948 Pro
2597 4892 2868 4963 Baradfato
2885 4891 3252 4961 Theophanes
3277 4891 3510 4963 Bardam

233 4979 455 5034 portum
485 4960 640 5018 urbis
680 4960 885 5016 Romae.
923 4963 978 5016 Id
1011 4961 1160 5034 enim
1207 4961 1410 5034 diserte
1451 4961 1612 5034 jubet
1645 4961 1820 5029 impe-
1845 4962 1898 5022 D
1924 4965 2083 5028 dicit,
2111 4960 2396 5033 corrupte,
2429 4971 2484 5017 ut
2513 4965 2730 5032 opinor.
2766 4962 2820 5014 ln
2862 4978 2914 5014 In
2939 4960 3092 5034 parte
3123 4962 3316 5034 synodi
3346 4960 3512 5034 Chal-

235 5031 390 5088 rator
435 5035 490 5087 in
529 5035 644 5102 lege
682 5033 751 5086 5?.
807 5034 993 5096 citata,
1031 5033 1118 5086 his
1161 5031 1350 5102 verbis
1394 5049 1406 5082 :
1445 5031 1526 5084 Ita
1574 5037 1630 5082 ut
1663 5045 1820 5100 super

233 5101 646 5174 naufragiorum
691 5119 810 5172 qua:
847 5103 1162 5174 contigerint
1187 5101 1414 5174 casibus,
1445 5102 1824 5174 usitato-more

235 5171 416 5228 habita
441 5171 754 5242 quaestione,
783 5174 828 5226 si
855 5175 944 5241 qui
971 5171 1206 5226 calculus
1239 5171 1576 5242 modiatiouis
1611 5171 1824 5242 dicatur

235 5239 548 5312 tempestate
597 5244 758 5296 maris
796 5239 1080 5312 deperisse,
1119 5242 1214 5294 sub
1253 5249 1358 5312 tute
1386 5241 1522 5312 sedis
1555 5239 1827 5312 auditione

235 5309 578 5383 nequaquam
621 5313 828 5380 feratur
865 5309 1160 5383 acceptus:
1192 5310 1282 5364 sed
1313 5313 1420 5383 huic
1447 5310 1706 5379 dispendii
1747 5309 1828 5362 la-

235 5379 378 5436 cuna
423 5379 480 5437 iu
509 5379 664 5436 omne
706 5379 1158 5434 naviculariorum
1211 5379 1512 5438 concilium,
1560 5397 1654 5448 pro
1705 5391 1828 5432 rata

231 5453 434 5506 scilicet
473 5454 820 5522 contingentis
865 5453 1094 5504 muneris
1138 5451 1428 5522 deferatur.
1465 5450 1598 5522 Vide
1646 5451 1820 5518 legem

233 5524 292 5588 Ξ,
347 5523 398 5576 in
455 5519 664 5578 codice
693 5523 1098 5586 Theodosiano,
1139 5519 1209 5574 de
1245 5519 1565 5588 naufragiis.

309 5595 424 5663 (68)
467 5593 556 5660 Τῷ
589 5593 722 5662 ὕφει
753 5591 870 5646 τῶν
913 5591 1181 5658 δεήσεων
1225 5589 1672 5658 παρεχομένων.
1719 5589 1820 5644 Αι-

1923 5031 2430 5103 οοᾱοηοιιεὶείῃιις.
2467 5031 2592 5095 “575,
2627 5035 2770 5103 inter
2805 5033 3107 5086 monachos
3145 5031 3352 5103 quibus
3399 5031 3516 5103 Leo

1922 5105 2059 5174 imp.
2104 5101 2328 5174 scripsit
2381 5101 2896 5174 litteras,rprimusﬁ
2919 5101 3235 5158 nominatur
3273 5101 3516 5174 {ambus

1921 5169 2232 5229 monachus
2266 5175 2583 5238 Nisibenus,
2613 5169 2816 5226 deinde
2865 5173 3164 5240 Symcones
3191 5183 3248 5227 et
3278 5169 3516 5224 Barada-

1924 5257 2014 5300 tus
2071 5246 2276 5299 Eorum
2305 5243 2556 5298 meminit
2582 5244 2746 5298 etiam
2775 5241 3107 5310 Ephremius
3137 5241 3516 5296 Antiochenus

1924 5315 2218 5383 cpiscopus
2271 5315 2324 5367 in
2375 5315 2535 5382 epist.
2585 5313 2652 5366 ad
2707 5312 3010 5383 monachos
3055 5311 3411 5383 ἀποσχιστάς,
3456 5310 3512 5383 id

1925 5381 2012 5438 est
2061 5381 2418 5446 Severianos,’
2447 5393 2502 5437 et
2535 5384 2588 5436 in
2617 5382 2865 5438 oratione
2897 5383 3062 5436 tertia
3098 5381 3260 5451 quam
3293 5381 3518 5451 scripsit

2029 5457 2300 5534 Domuum
2333 5463 2386 5508 et
2415 5455 2678 5510 Joannem
2711 5453 3033 5521 monachos,
3057 5449 3344 5524 ut'legitur
3373 5449 3518 5522 apud

1995 5535 2210 5579 tollunt.

1957 5526 2210 5580 ’butium.
