4070 6176
352 191 500 264 2539

1566 196 1886 259 EVAGRII
1929 196 2415 260 SCHOLASTICI

3480 201 3624 265 2540

345 313 554 369 civitati
583 312 811 367 remissa
834 300 954 366 θεῶ
985 324 1049 365 ex
1074 307 1357 363 iunctione
1381 306 1699 371 tributaria;
1724 305 1915 360 eivibu:

2038 305 2105 359 τὰ
2137 305 2261 376 τέλη
2275 304 2322 337 ⁸³
2344 322 2358 335 ο
2389 302 2824 376 ὲττιμελήσασοαι
2862 302 2921 358 δὲ
2947 302 3151 359 τούτων
3170 305 3341 379 “(89)
3374 311 3467 363 καὶ
3502 315 3611 365 τῶν

347 421 482 461 vero
526 404 786 458 remissas
826 416 950 457 esse
998 400 1295 471 pensiones
1338 413 1531 453 earum
1585 398 1785 453 aedium
1810 413 1933 466 quae

2039 396 2314 467 δημοσίων
2344 397 2684 468 οἰκοδομιῶν.

346 509 393 553 te
405 506 658 554 rrsemotu
692 503 985 566 prostrata:
1012 494 1253 548 fuerant.
1282 493 1673 562 Imperatorem
1698 500 1962 562 praeterea
1992 489 2344 560 publicorum
2367 505 2596 560 operum
2626 490 3053 547 reficiendorum
3073 507 3263 548 curam
3285 495 3611 566 suscepisse.

865 610 1027 680 306
1072 608 1222 664 CAP.
1261 608 1403 662 xm.

507 706 583 759 De
610 704 850 759 incendio
878 703 1017 772 quod
1051 702 1239 755 accidit
1270 699 1748 771 Constantinopoli.

412 821 549 875 lluic
579 836 686 874 non
717 817 1025 880 dissimilis,
1056 817 1165 870 imo
1193 815 1351 885 longe
1379 815 1599 885 gravior
1638 814 1920 869 calamitas

341 915 571 983 contigit
599 909 1096 980 Constantinopoli,
1149 906 1307 962 initio
1341 906 1467 961 mali
1500 914 1623 961 orto
1662 906 1716 959 in
1747 905 1917 958 mari-

340 1007 472 1059 tima
503 1002 742 1059 civitatis
773 1011 951 1071 parte,
979 1016 1142 1070 quam
1172 999 1475 1067 Bosporum
1506 1004 1725 1051 vocant.
1753 995 1921 1049 Aiunt

338 1074 521 1148 autem
583 1092 888 1146 daemonem
945 1086 1236 1157 quemdam
1290 1085 1616 1149 exitiosum,
1674 1083 1921 1138 mulieris

343 1185 581 1254 speciem
609 1181 966 1245 ementitum,
1001 1187 1097 1232 aut
1127 1186 1275 1231 certe
1310 1176 1698 1246 pauperculam
1731 1189 1922 1244 quam-

337 1277 461 1329 dam
484 1274 768 1327 mulierem
792 1286 822 1325 a
844 1269 1090 1324 daemone
1112 1267 1435 1336 impulsam;
1456 1272 1747 1337 utrumque
1769 1264 1920 1318 enim

337 1367 572 1429 dicitur;
599 1364 748 1418 circa
774 1363 827 1416 id
855 1370 1071 1431 tempus
1090 1375 1199 1429 quo
1217 1359 1454 1412 lucernas
1476 1356 1699 1411 accendi
1720 1356 1918 1420 solent,

245 1474 267 1486 ‘
336 1461 616 1513 lucernam
646 1457 714 1510 ad
744 1455 923 1509 forum
959 1469 1143 1506 rerum
1175 1451 1450 1507 venalium
1482 1448 1765 1512 detulisse,
1798 1457 1919 1501 tan-

334 1563 500 1618 quam
534 1547 863 1602 salsamenta
902 1543 1009 1598 sibi
1046 1549 1298 1611 emptura
1331 1547 1493 1602 esset,
1554 1536 1914 1607 depositaque

334 1640 408 1694 ibi
441 1640 685 1702 lucerna,
719 1635 975 1706 protinus
1007 1632 1361 1688 abscessisse.
1393 1630 1577 1700 Ignem
1606 1643 1756 1692 vero,
1788 1642 1913 1681 cum

334 1741 587 1801 stuppam
630 1728 1027 1798 corripuisset,
1071 1725 1370 1779 maximum
1419 1720 1736 1775 incendium
1768 1719 1916 1774 exci—

337 1832 502 1885 tasse,
532 1827 588 1874 et
618 1826 897 1880 momento
926 1815 1190 1885 temporis
1211 1821 1381 1867 totam
1404 1810 1626 1865 domum
1659 1808 1917 1864 combus-

336 1915 472 1967 sisse
502 1929 514 1964 :
548 1919 671 1980 post
719 1909 836 1963 lucc
882 1903 1192 1977 adjacentia
1242 1917 1472 1973 quaeque
1513 1900 1732 1955 facilius
1778 1914 1914 1953 con-

335 2012 553 2073 sumpta
585 2017 727 2064 esse,
757 2015 882 2055 cum
930 1997 1072 2069 ignis
1120 2012 1229 2050 non
1274 2010 1339 2050 ea
1374 1994 1550 2049 solum
1586 2007 1708 2062 quae
1756 1989 1914 2045 facile

337 2091 729 2153 incenduntur,
759 2086 856 2143 sed
889 2085 1120 2140 mdiﬁcia
1150 2098 1368 2153 quoque
1397 2098 1464 2138 ex
1490 2081 1767 2152 lapidibus
1787 2095 1917 2135 con-

336 2187 545 2233 structa
579 2179 989 2248 depasceretur,
1038 2183 1095 2230 et
1144 2180 1317 2242 usque
1365 2172 1422 2226 in
1467 2180 1724 2241 quartum
1768 2169 1915 2224 diem

334 2278 767 2340 perseverasset,
794 2282 899 2322 nec
924 2266 1032 2320 ulla
1068 2264 1281 2318 ratione
1317 2261 1590 2332 exstingui
1621 2259 1912 2332 potuisset.

240 2352 243 2363 ’
336 2359 535 2414 Totum
568 2359 733 2429 igitur
765 2355 1007 2410 civitatis
1053 2353 1455 2416 meditullium,
1504 2366 1536 2406 a
1583 2351 1917 2421 septentrio—

336 2447 447 2502 nali
476 2449 650 2503 lateie
679 2446 749 2501 ad
775 2443 1134 2498 meridianam
1161 2451 1397 2511 partem,
1424 2439 1763 2510 longitudine
1788 2439 1913 2510 qui-

335 2537 460 2592 dem
488 2537 791 2592 stadiorum
821 2534 1089 2603 quinque,
1119 2530 1538 2601 quatuordeeim
1564 2545 1695 2583 vero
1728 2529 1917 2583 latitu-

333 2627 486 2691 dine,
514 2626 588 2679 ita
611 2632 995 2690 consumptum
1020 2629 1125 2687 est,
1154 2630 1212 2673 ut
1242 2628 1349 2673 tam
1379 2634 1445 2673 ex
1474 2618 1733 2688 publicis,
1751 2634 1915 2688 quam

333 2734 403 2772 ex
435 2717 666 2787 privatis
708 2714 920 2769 aedibus
970 2712 1106 2766 nihil
1143 2710 1370 2765 omnino
1420 2709 1773 2776 remanserit;
1805 2723 1917 2763 non

334 2807 625 2869 columnae,
651 2818 760 2856 non
792 2800 996 2872 lapidci
1024 2800 1264 2855 fornices
1296 2817 1309 2854 :
1338 2797 1434 2853 sed
1458 2797 1711 2868 prmdura
1737 2797 1917 2852 onmis

336 2899 584 2962 materia,
616 2895 843 2966 perinde
882 2909 947 2949 ac
970 2893 1194 2963 stipula,
1228 2893 1711 2947 concremata-sit.
1743 2893 1917 2949 Porro

335 2994 452 3045 haec
495 2990 679 3045 clades
706 2989 762 3043 in
795 2985 1211 3058 septentrionali
1243 2984 1467 3056 quidem
1498 2996 1673 3055 parte,
1708 2987 1766 3040 in
1808 3002 1917 3057 qua

335 3091 463 3139 sunt
493 3083 646 3136 urbis
686 3080 922 3146 navalia,
956 3087 1198 3149 grassata
1243 3086 1349 3143 est,
1379 3092 1411 3131 a
1452 3077 1698 3147 Bosporo
1740 3062 1916 3146 usque

336 3174 404 3229 ad
436 3183 596 3228 .vetus
630 3170 898 3241 Apollinis
936 3168 1146 3223 fanum.
1180 3167 1240 3222 In
1270 3152 1585 3233 meridiana,
1609 3174 1794 3222 autem
1824 3181 1916 3221 re-

2626 608 2883 661 ΚΕΦΑΛ.
2917 607 3016 663 ll".

2032 693 2169 761 Περὶ
2201 694 2310 749 τοῦ
2338 694 2697 766 ἐμπρησμοῦ
2725 686 2839 752 τοῦ
2862 699 2933 751 ἐν
2959 701 3612 757 Κωνσταντινουπόλει.

2096 807 2407 879 Συνηνέχθη
2423 809 2499 879 (a)
2522 808 2578 861 δὲ
2596 808 2709 880 (83)
2732 808 2944 873 τούτοις
2971 811 3134 879 ὅμοια
3158 811 3191 882 ἦ
3221 813 3313 865 καὶ
3336 812 3613 885 δεινότερα

2025 899 2127 952 ἀνὰ
2162 899 2260 970 τὴν
2291 901 2867 955 Κωνσταντινούπολιν
2893 942 2908 967 ,
2959 903 3138 972 ἀρχῆς
3181 902 3277 956 τοῦ
3314 906 3484 958 κακοῦ
3514 924 3606 973 γε·

2029 988 2261 1059 νομένης
2313 992 2371 1042 ἐν
2422 990 2500 1061 τῷ
2546 993 2983 1064 παραθαλασσίῳ
3035 995 3135 1064 τῆς
3181 994 3388 1059 πόλεως
3431 998 3605 1066 μέρει,

2028 1082 2166 1156 ὅπερ
2198 1081 2328 1144 Βοὲς
2355 1081 2578 1135 καλοῦσι
2606 1083 2772 1154 πόρον
2794 1084 2848 1154 (8
2860 1085 2928 1156 ί).
2964 1084 3267 1156 Ἰστόρηται
3292 1085 3349 1139 δὲ
3375 1086 3449 1150 ὡς
3471 1091 3609 1142 κατὰ

2027 1171 2128 1235 τὰς
2178 1172 2521 1242 ὲπιὶυχνίους
2571 1173 2719 1243 ὥρας
2760 1175 2975 1246 δαίμων
3022 1193 3103 1238 τις
3148 1175 3457 1245 κακοῦργος
3501 1196 3609 1231 πα-

2022 1260 2285 1333 λαμναῖος
2314 1265 2534 1330 γυναικὶ
2561 1264 2834 1327 εἰκασθεὶς
2856 1305 2872 1330 ,
2920 1265 3028 1318 εἴτε
3060 1266 3153 1318 καὶ
3182 1270 3300 1328 ταῖς
3328 1266 3611 1335 ἁληθείαιξ

2020 1352 2159 1422 γυνὴ
2187 1354 2438 1423 χερνῆτις
2462 1353 2567 1407 ὑπὸ
2586 1354 2842 1425 δαίμονος
2864 1357 3223 1427 οίστρουμένη
3244 1356 3483 1424 (λέγεται
3502 1360 3609 1427 γὰρ

2020 1444 2435 1515 έπαμφότερα),
2492 1444 2682 1514 λύχνον
2722 1445 2858 1516 πρὸς
2912 1446 3288 1500 παντοπώλιον
3337 1448 3606 1515 ἐνεγκεῖν,

1949 1517 1988 1572 Β
2019 1534 2338 1605 ὠνησομένη
2386 1552 2441 1588 τι
2481 1535 2590 1589 τῶν
2626 1538 3099 1607 τεταριχευμένων
3120 1552 3134 1566 ο
3185 1538 3436 1600 τεθέντος
3463 1538 3509 1590 δ’
3538 1534 3605 1591 αὖ

2019 1626 2114 1680 τοῦ
2166 1625 2362 1695 λύχνου
2414 1626 2476 1679 τὸ
2521 1626 2745 1694 γύναιον
2789 1628 3246 1697 ὑπαναχωρῆσαι.
3281 1628 3355 1680 Τὸ
3383 1627 3439 1681 δὲ
3469 1627 3604 1697 πῦρ,

2023 1715 2251 1770 στυπίου
2269 1715 2314 1750 ⁸⁸
2338 1716 2658 1786 λαϐόμενον,
2696 1715 2871 1785 φλόγα
2903 1715 3166 1787 μεγίστην
3197 1716 3411 1787 ἐξᾶραι,
3445 1717 3604 1785 λόγου

2018 1822 2079 1859 τε
2113 1805 2308 1861 θᾶττον
2337 1806 2621 1878 ἐμπρῆσαι
2652 1805 2712 1859 τὸ
2735 1806 2965 1876 οἷκημα’
3000 1809 3064 1859 ἐκ
3096 1807 3290 1860 τούτου
3318 1807 3376 1861 δὲ
3404 1808 3472 1861 τὰ
3501 1828 3605 1863 πα-

2024 1888 2322 1968 ρακείμενα
2372 1898 2553 1968 ῥᾴδιον
2597 1898 2991 1968 ἀφανισθὴναι,
3033 1898 3129 1951 τοῦ
3165 1900 3335 1969 πυρὸς
3367 1900 3603 1969 ἀμφινε-

2029 1991 2302 2060 μομένου,
2358 1990 2419 2042 οὐ
2470 1989 2629 2059 μόνον
2680 1989 2749 2042 τὰ
2793 1990 3092 2054 εὐέξαπτα,
3128 1989 3265 2043 ἀλλὰ
3295 1990 3391 2044 καὶ
3415 1991 3513 2055 τὰς
3540 1993 3605 2045 ἐκ

2021 2080 2185 2133 λίθων
2214 2080 2522 2150 οἰκοδομὰς,
2560 2082 2656 2135 καὶ
2689 2083 2817 2153 ἄχρι
2847 2083 3114 2153 τετάρτης
3143 2085 3360 2155 ἡμέρας
3387 2085 3601 2155 διαμεί-

2020 2187 2237 2234 ναντος,
2270 2172 2364 2224 καὶ
2389 2171 2569 2225 πᾶσαν
2596 2171 2811 2241 ἄμυναν
2841 2172 3299 2243 ὑπερδεδηκότος,
3317 2174 3378 2227 τὸ
3408 2175 3603 2245 μεσαί-

2019 2279 2181 2317 τατον
2211 2261 2359 2317 ἅπαν
2392 2263 2491 2332 τῆς
2520 2263 2729 2327 πόλεως
2762 2264 2872 2317 ἀπὸ
2903 2266 2999 2317 τοῦ
3028 2264 3281 2335 ἀρκτῴου
3315 2266 3478 2337 μέχρι
3506 2266 3601 2319 τοῦ

2021 2353 2197 2407 νοτίου
2211 2353 2467 2424 κλίματος
2480 2354 2875 2426 δαπανηθῆναι,
2888 2355 2979 2409 ἐπὶ
2994 2357 3152 2409 πέντε
3168 2356 3267 2426 μὲν
3280 2358 3525 2422 σταδίους
3541 2360 3601 2412 τὸ

2025 2445 2218 2516 μῆκος,
2248 2445 2653 2516 δεκατέσσαρας
2680 2447 2736 2502 δὲ
2762 2448 2822 2501 τὸ
2849 2447 3169 2512 πλάτος’.ὡς
3200 2449 3366 2519 μηδὲν
3397 2450 3599 2519 μεταξὺ

2022 2532 2482 2604 καταλειφθῆναι,
2511 2538 2586 2606 μὴ
2623 2534 2919 2605 δημοσίων,
2957 2535 3031 2607 μὴ
3065 2536 3350 2590 ἰδιωτικῶν
3396 2539 3601 2593 οἰκοδο-

2026 2625 2183 2696 μιῶν,
2210 2623 2284 2696 μὴ
2306 2624 2511 2693 κίονας,
2530 2627 2605 2696 μὴ
2619 2627 2715 2690 τὰς
2734 2629 2796 2680 ἐκ
2821 2627 2984 2680 λίθων
3009 2627 3251 2697 ψαλίδας·
3270 2628 3405 2682 ἀλλὰ
3421 2631 3602 2684 πᾶσαν

2023 2714 2434 2787 ἁπεσκληκυῖαν
2465 2715 2618 2786 ὓλην,
2653 2717 2804 2770 ὥσπε
2816 2735 2846 2789 ρ
2879 2737 2932 2773 τι
2963 2719 3069 2772 τῶν
3095 2720 3410 2786 εὐεξάπτων
3434 2738 3601 2774 κατα-

2024 2805 2351 2876 καυσΘῆναι.
2404 2806 2576 2861 Τοῦτο
2621 2808 2677 2861 δὲ
2722 2809 2782 2861 τὸ
2823 2810 2992 2863 κακὸν
3020 2810 3276 2879 γενέσθαι
3309 2813 3368 2864 ἐν
3396 2811 3496 2882 μὲν
3523 2812 3601 2884 τῷ

1944 2863 1991 2924 c
2023 2863 2234 2968 βορείῳ⁵
2265 2898 2512 2968 κλίματι,
2541 2902 2598 2952 ὲν
2629 2893 2673 2968 ᾧ
2718 2902 2813 2955 καὶ
2859 2863 3059 2971 νεώρια
3095 2902 3194 2972 τῆς
3229 2863 3601 2967 πόλεωςκαοίι

2022 2988 2264 3054 εστᾶσιν,
2298 2990 2407 3042 ἀπὸ
2433 2989 2524 3042 τοῦ
2556 2990 2888 3060 καλουμένου
2916 2993 3046 3055 Bob;
3071 2994 3238 3064 πόρου
3258 3034 3272 3060 ,
3312 2995 3475 3066 μέχρι
3505 2996 3599 3049 τοῦ

2022 3076 2252 3131 παλαιοῦ
2286 3078 2618 3142 Ἀπόλλωνος
2648 3079 2817 3150 ἱεροῦ.
2857 3082 2946 3135 Ἐν
2971 3083 3027 3135 δὲ
3057 3083 3134 3151 τῷ
3162 3084 3341 3154 νοτίῳ,
3371 3086 3479 3140 ἀπὸ
3504 3086 3598 3139 τοῦ

2022 3166 2316 3223 Ἰουλιανοῦ
2342 3170 2560 3241 λιμένος
2584 3170 2659 3241 (b)
2687 3172 2850 3244 μέχρι
2873 3174 3064 3229 οἰκιῶν
3086 3176 3148 3230 οὐ
3177 3175 3309 3230 πολὺ
3330 3178 3597 3249 κειμένων

1640 3303 1882 3360 νΛῐὶΙᾸΞ
1924 3302 2343 3363 ιΕαΤιοΝΕε.

403 3399 454 3431 ‘3
484 3399 642 3470 μέλη.
718 3398 764 3429 ⁸⁸
797 3396 859 3453 C.
997 3395 1205 3451 τοῦτον.
1284 3395 1330 3429 ⁸⁸
1375 3396 1437 3453 C.
1461 3395 1524 3453 C.
1562 3398 1861 3475 στυππίου.

1527 3536 1802 3594 VALESII
1837 3538 2392 3598 ANNOTATIONES.

409 3658 518 3729 (82)
542 3655 1061 3729 Ἐπιμελήσασθαι
1095 3655 1176 3729 ,δὲ
1206 3657 1453 3729 τούτων.
1510 3658 1711 3713 Procul
1734 3658 1908 3715 dubio

335 3726 691 3799 scribendum
727 3730 941 3799 soirov
961 3729 1051 3779 τὸν
1088 3726 1339 3799 βασιλέα.
1387 3727 1568 3797 Atque
1587 3728 1674 3799 ita
1715 3729 1916 3799 legisse

335 3801 556 3855 videtur
608 3796 1171 3865 Christophorsorms.
1223 3797 1404 3852 Porro
1470 3796 1537 3853 de
1585 3797 1692 3851 hoc
1722 3796 1913 3852 terrae-

335 3882 490 3948 metu
517 3869 745 3948 elegiam
782 3868 1082 3948 scripserat
1110 3866 1274 3948 lsaac
1322 3866 1522 3948 βγῐιιε,
1567 3875 1633 3948 ut
1670 3876 1918 3948 testatur

338 3936 690 3994 Marcellinus
721 3938 772 3989 in
796 3936 1077 3997 Chronico,
1109 3936 1195 3990 his
1224 3936 1443 3990 verbis:
1478 3936 1715 3991 Patricio
1750 3949 1799 3991 et
1826 3938 1920 3992 Ili-

335 4013 527 4065 cimere
565 4025 696 4061 coss.
743 4006 900 4060 Isaac
958 4006 1293 4078 Antiocheam
1350 4006 1597 4061 Ecclesiae
1642 4008 1911 4078 presbyter

334 4080 541 4149 scripsit
573 4078 707 4147 Syro
732 4091 975 4149 sermone
994 4074 1227 4149 multa,»
1250 4077 1613 4149 prwcipueque
1642 4066 1907 4149 ῖαάυεὶίδιιις
1940 4066 1986 4122 D

333 4144 676 4204 Nestorianos
705 4155 750 4198 et
784 4146 1158 4214 I'Iutycliiunos.
1187 4144 1417 4199 Ruinam
1439 4144 1600 4200 etiam
1622 4147 1911 4201 Antiochiw

335 4222 480 4290 elego
504 4219 743 4290 carmine
770 4214 1008 4290 planxit,
1034 4215 1477 4284 quemadmodum
1514 4216 1751 4270 Evhrem
1772 4216 1909 4272 Dia-

336 4283 496 4342 corins
527 4287 846 4341 Nicomediae
883 4283 1114 4354 lapsum.

409 4360 520 4429 (85)
578 4353 949 4429 Ξυνηνέχθη
1132 4353 1384 4429 Deanno
1429 4370 1541 4423 quo
1594 4353 1907 4429 incendium

337 4423 481 4483 istiizl
504 4423 742 4496 contigit
780 4423 1277 4496 Cinistantinopoli,
1314 4440 1421 4496 non
1462 4427 1723 4496 convenit
1764 4428 1911 4480 inter

337 4509 611 4558 auctores.
662 4493 796 4550 Nam
842 4493 1210 4560 Theophanes
1250 4495 1473 4563 quidem
1519 4502 1575 4547 et
1620 4494 1909 4550 Ccdrenus

336 4583 481 4621 anno
513 4568 707 4636 quinto
742 4564 961 4636 Leonis,
992 4564 1296 4636 indictione
1323 4564 1408 4623 15,
1456 4563 1589 4617 illud
1637 4567 1907 4636 referunt,

337 4633 798 4704 Leone'Augusto
825 4634 1025 4687 iterum
1057 4642 1112 4688 et
1142 4633 1348 4687 Severo
1378 4643 1520 4686 c‘oss.
1556 4634 1648 4701 qui
1678 4635 1779 4687 fuit
1812 4650 1911 4688 an-

338 4724 440 4762 nus
468 4707 671 4762 Christi
699 4705 820 4759 462.
848 4704 1201 4757 Marcellinus
1230 4714 1411 4757 autem
1442 4703 1659 4765 Comes,
1711 4714 1767 4758 et
1815 4722 1913 4759 au-

334 4788 457 4833 ctor
486 4776 840 4831 Alexandrini
902 4774 1167 4836 Clironici,
1213 4772 1530 4826 incendium
1586 4774 1722 4826 illud
1768 4774 1913 4828 Con-

335 4847 895 4917 stantinopolitanum
949 4842 1246 4897 conferunt
1276 4842 1541 4897 Basilisco
1588 4851 1643 4896 et
1691 4844 1911 4897 llerme-

2014 3660 2212 3716 nerico
2229 3660 2572 3725 consulibus,
2622 3662 2730 3718 hoc
2751 3670 2836 3719 est
2868 3677 3013 3717 anno
3039 3661 3244 3717 Christi
3281 3661 3406 3717 465.
3439 3661 3596 3716 Prio-

2014 3747 2131 3801 rem
2158 3732 2489 3786 sententiam
2526 3742 2750 3786 secutus
2790 3732 3011 3788 videtur
3066 3732 3335 3801 Evagrius
3381 3741 3589 3787 noster.

2011 3800 2256 3871 Yerbum
2284 3801 2431 3855 enim
2470 3803 2793 3871 συνηνέχθη,
2826 3818 2937 3871 quo
2974 3803 3149 3855 utitur
3192 3800 3303 3855 hoc
3330 3803 3470 3858 loco.
3514 3802 3595 3855 in—

2016 3868 2171 3942 dicat
2203 3871 2258 3942 i_d
2288 3870 2434 3939 quod
2470 3868 2605 3942 dixi,
2660 3868 3142 3942 conﬂagrationem
3186 3872 3400 3925 scilicet
3443 3870 3592 3924 illam

2017 3939 2177 3995 urbis
2202 3940 2822 4008 Conslantinopolitana:
2849 3939 2960 3994 non
2980 3941 3144 4009 longo
3185 3948 3429 4009 tempore
3470 3952 3594 4009 post

2026 4017 2404 4079 terrazmotum
2465 4009 2870 4066 Antiochenum
2927 4011 3246 4079 contigisse.
3318 4009 3590 4079 Caeterum

2016 4077 2084 4132 dc
2117 4079 2373 4134 incendio
2401 4080 2494 4133 illo
2521 4096 2632 4149 quo
2665 4082 2796 4135 urbs
2820 4077 3332 4149 Constantinopolis
3389 4078 3595 4149 Leonis

2011 4148 2150 4220 Aug.
2190 4149 2534 4220 temporibus
2558 4149 2937 4220 conﬂagravit,
2982 4148 3205 4203 scribit’
3234 4148 3417 4220 etiam»
3450 4148 3595 4203 Can-

2012 4218 2177 4298 didus
2199 4218 2422 4300 Isauras
2458 4220 2513 4272 in
2548 4220 2690 4274 libro
2739 4218 2922 4300 primo
2967 4219 3281 4300 .l‘iistoriae,“
3311 4218 3593 4286 multaque.

2012 4286 2101 4411 inf
2125 4304 2192 4411 et:
2237 4287 2306 4341 ab
2354 4288 2560 4359 Aspare
2610 4286 2843 4359 patricio
2903 4289 3111 4344 utiliter
3164 4286 3415 4341 ordinata
3469 4303 3592 4341 esse

2012 4372 2072 4411 re
2099 4374 2160 4411 er
2190 4397 2204 4410 .

2011 4367 2204 4413 refert.

2086 4428 2195 4497 (8i)
2221 4428 2410 4498 Ὅπερ
2446 4426 2595 4493 Βοός
2629 4428 2886 4482 καλοῦσι
2917 4427 3125 4494 πόρον.
3148 4427 3375 4498 Portum
3417 4425 3593 4498 Phos-

2013 4495 2345 4583 phorianum
2370 4495 2385 4498 ’
2417 4499 2702 4583 intelligit,
2731 4498 2848 4578 qui.
2888 4506 3006 4583 erat
3036 4498 3102 4583 ini
3127 4495 3363 4583 regione
3401 4496 3589 4576 quinta

2010 4568 2182 4630 urbis,
2212 4578 2271 4622 ut
2303 4574 2462 4621 «locet
2489 4566 2648 4622 vetus
2672 4566 2995 4636 descriptio
3022 4567 3171 4622 urbis
3190 4566 3588 4636 Constantino—
3669 4603 3674 4608 .

2009 4637 2491 4707 politananGrmci
2519 4638 2834 4704 Φωσφόριον
2860 4634 2929 4690 ὀι
2969 4637 3269 4707 Βοσπόριον
3310 4634 3589 4707 dicebant,

2013 4715 2072 4777 ut
2097 4706 2259 4761 docet
2280 4706 2678 4777 Constantinus
2715 4705 3296 4777 Porphyrpgennetus,
3321 4705 3381 4777 in
3404 4705 3503 4759 lib.
3530 4719 3589 4777 ri,

2011 4775 2086 4828 De
2110 4776 2448 4839 thematibns,
2484 4777 2590 4830 sub
2622 4772 2915 4838 lincnifet'
2944 4772 3215 4845 Georgius
3248 4773 3494 4845 Codinus
3532 4772 3593 4825 in

2012 4845 2107 4899 lib.
2141 4846 2216 4900 De
2236 4846 2525 4917 originibus
2551 4844 3147 4916 Constantinoplitanis,
3182 4859 3237 4915 p.
3256 4844 3344 4899 57.

1779 4954 2162 5011 γΛῐιιοιιυΜ.

409 5053 485 5119 (a)
514 5046 1165 5117 Surnrézon..\lalesius
1193 5057 1349 5119 putat
1391 5046 1495 5101 hoc
1538 5047 1763 5101 verbum
1826 5065 1909 5102 m-

332 5117 542 5187 dicarc,
556 5121 1043 5189 contiagrationem
1066 5119 1207 5189 hanc
1222 5117 1325 5171 ΟΡ.
1354 5135 1460 5169 non
1487 5119 1647 5184 longo
1665 5127 1908 5189 tempore

332 5205 459 5248 nast
496 5187 869 5246 terminatum
894 5187 1298 5242 Antiocheuum
1327 5188 1453 5240 anni
1498 5189 1528 5241 4
1548 5189 1595 5240 ἧ
1619 5188 1905 5243 accidisse.

332 5255 534 5319 Verum
564 5263 617 5314 in
670 5260 756 5313 his
786 5259 1047 5329 loquendi
1082 5258 1260 5311 modis
1304 5266 1520 5329 tempus
1548 5258 1909 5326 exprimenti-

331 5336 458 5391 hus.
485 5331 829 5400 exiilicandis
858 5327 972 5382 tam
1007 5329 1099 5400 hic
1128 5344 1292 5400 quam
1327 5327 1480 5400 alibi,
1515 5343 1623 5380 non
1662 5345 1783 5381 raro
1831 5330 1912 5382 \ir

330 5398 686 5459 doctissimus
714 5401 914 5468 aliique
932 5398 1133 5468 passim
1160 5398 1591 5459 hallucinantnr,
1610 5414 1716 5450 una
1735 5400 1910 5451 anim-

327 5474 688 5529 advertentcs
758 5469 968 5524 similes
1020 5468 1286 5537 loquendi
1348 5468 1615 5521 formulas
1657 5484 1907 5537 magnam

324 5540 677 5608 latitudinem
707 5539 936 5608 habere,
968 5548 1024 5593 et
1047 5537 1382 5608 quandoque
1426 5554 1535 5592 non
1573 5548 1787 5608 tantum
1815 5538 1910 5590 de-

320 5622 451 5672 cem
485 5606 918 5677 autduodecim,
954 5606 1255 5672 scd‘etiam
1300 5609 1486 5677 plures
1541 5622 1713 5663 annos
1761 5607 1908 5664 desi-

2014 5066 2205 5125 gnare,
2240 5052 2419 5125 inquit
2470 5052 2601 5125 Ant:
2628 5052 2756 5125 Pagi
2805 5051 2877 5125 ad
2905 5067 3055 5125 _ann.
3085 5051 3229 5125 _465,
3268 5065 3335 5125 .n.
3392 5049 3593 5125 2,__qui

2015 5119 2217 5189 probat
2247 5119 2451 5176 ibidem
2466 5139 2533 5177 ex
2561 5119 2818 5177 Chronico
2845 5120 3238 5187 Alexandrino,
3267 5119 3595 5175 incendium

2014 5192 2117 5245 Cl’.
2142 5191 2245 5244 hoc
2274 5208 2418 5245 anno
2446 5193 2736 5247 accidisse.

2084 5261 2153 5330 (ὑ)
2228 5263 2367 5314 Ἀπὸ
2436 5264 2544 5315 τοῦ
2615 5260 2956 5316 Ἰουλιανοῦ
3010 5261 3291 5330 λιμένος,
3339 5259 3595 5325 Julianus

2010 5330 2143 5399 imp.
2201 5341 2421 5399 portum
2474 5332 2773 5385 maximum
2817 5329 3297 5400 Constantinopoli
3355 5329 3595 5400 :ediiica-

2014 5402 2114 5458 vit.
2150 5398 2241 5467 qui
2274 5402 2333 5454 υ.
2363 5401 2567 5455 Juliani
2596 5410 2787 5470 portus
2810 5400 3013 5455 dicitur
3069 5401 3123 5453 in
3158 5398 3264 5468 leg.
3296 5400 3397 5452 ult.
3458 5398 3584 5470 eod.
3644 5411 3669 5418 ·

2007 5470 2110 5522 'l‘h.
2141 5470 2208 5523 de
2238 5473 2374 5524 calc.
2416 5482 2558 5526 coct.
2592 5468 2652 5524 ut
2676 5471 2994 5527 observavit
3032 5470 3276 5525 Valesius
3300 5478 3488 5522 noster
3532 5468 3588 5520 in

2007 5539 2153 5592 nolis
2178 5540 2245 5598 ad
2267 5542 2449 5596 Amm.
2501 5541 2746 5600 Marce].
2777 5540 2877 5597 lib.
2910 5555 3039 5607 xxii,
3074 5556 3196 5610 cap.
3227 5540 3280 5598 9.
3308 5538 3376 5593 Μ.
3414 5539 3603 5605 Siron:

2004 5624 2147 5665 TING.
