4070 6176
443 268 598 340 ’249

1351 279 1762 341 .HISTORLE
1800 283 2395 348 ECCLESIASTICJE
2437 288 2667 347 LIBER
2709 287 2788 346 Il.

3583 289 3721 350 2550

455 389 626 460 ῃρεθη
655 391 785 460 παρ’
818 389 984 443 αὐτοῦ
1006 408 1018 420 ’
1070 392 1362 446 κελεύσατε
1391 395 1490 457 τὰς
1522 396 1736 466 δεήσεις
1768 415 1869 467 μου
1906 400 2036 452 ἀνα-

2141 400 2390 470 Cumque
2433 403 2656 472 judices
2705 401 3019 457 interlocuti
3071 409 3279 464 essent,
3331 402 3594 457 recitatus
3641 415 3725 456 est

456 480 787 550 1".w3’9ﬁ‘lat.
822 475 899 536 Οὐ
931 482 994 550 δὴ
1027 483 1445 553 διαλαληθέντος
1489 486 1761 553 γενέσθαι,
1795 490 1825 558 ἡ
1859 489 2042 559 δέησις

454 571 811 639 ἀναγνώσεως
852 571 1032 642 ἔτυχε,
1083 575 1240 626 ταυτὶ
1279 575 1627 647 φθεγγομένη
1673 579 1740 632 τὰ
1787 580 2032 649 ρήματα“

371 709 374 713 ,
458 663 616 733 Παρὰ
649 664 911 716 Εὐσεείου
934 664 1027 716 τοῦ
1059 665 1344 735 ἐλαχίστου
1384 669 1686 721 ἐπισκόπου
1720 671 2037 739 Δορυλαίου,

459 754 789 823 ποιουμένου
826 755 917 808 τὸν
952 756 1112 824 λόγον
1155 759 1296 827 ὑπέρ
1322 775 1380 810 τε
1409 758 1606 812 ἑαυτοῦ
1637 760 1729 813 καὶ
1757 761 1858 828 τῆς
1887 761 2042 830 ὀρθο-

455 843 608 907 δόξου
633 846 888 908 πίστεως,
917 848 1012 898 καὶ
1043 847 1183 916 ὑπὲρ
1209 847 1302 900 τοῦ
1328 851 1385 900 ἐν
1410 848 1590 916 ἁγίοις
1611 849 1914 902 Φλαϐιανοῦ
1943 850 2038 903 τοῦ

458 936 755 1005 γενομένου
803 937 1108 990 ἐπισκόπου
1157 940 1806 1004 Κωνσταντινουπόλεως.
1830 942 2041 1006 Σκοπὸς

455 1026 534 1095 τῷ
565 1026 816 1096 ὑμετέρῳ
845 1029 1058 1098 κράτει,
1092 1029 1346 1083 ἁπάντων
1373 1031 1472 1102 μὲν
1489 1032 1594 1084 τῶν
1621 1033 1877 1101 ὑπηκόων
1907 1052 2040 1105 προ-

459 1121 620 1181 νοεῖν,
664 1120 759 1170 καὶ
804 1122 962 1189 χεῖρα
1009 1121 1223 1190 ὀρέγειν
1263 1121 1435 1173 ἅπασι
1477 1124 1592 1185 τοῖς
1638 1122 2041 1194 ἀδικουμένοις,

460 1209 697 1279 μάλιστα
726 1210 782 1263 δὲ
815 1213 927 1272 τοῖς
951 1213 1006 1274 ἐς
1042 1213 1341 1282 ἱερωσύνην
1374 1212 1610 1266 τελοῦσι.
1648 1215 1756 1267 Καὶ
1787 1217 1842 1268 ἐν
1870 1216 2041 1287 τούτῳ

458 1301 516 1352 τὸ
550 1301 704 1354 Θεῖον
739 1301 1133 1372 θεραπεύοντες
1165 1344 1179 1365 ,
1211 1307 1342 1374 παρ’
1387 1299 1446 1357 οὐ
1476 1306 1535 1358 τὸ
1569 1304 1876 1374 βασιλεύειν
1904 1308 2032 1377 ὑμῖν

457 1392 552 1442 καὶ
598 1395 820 1460 κρατεῖν
868 1392 976 1444 τῶν
1021 1394 1110 1459 ὑφ’
1141 1393 1294 1463 ἥλιον
1345 1394 1667 1464 δεδώρηται.
1735 1397 1888 1449 Ἐπεὶ
1949 1396 2041 1450 οὐν

459 1480 630 1531 πολλά
663 1480 756 1532 καὶ
782 1480 930 1533 δεινὰ
962 1481 1115 1551 παρὰ
1156 1484 1334 1536 πᾶσαν
1364 1483 1688 1535 ἀκολουθίαν
1727 1487 1760 1554 ἡ
1807 1487 1863 1547 ἐς
1907 1486 2042 1555 Χρι-

460 1571 584 1623 στὸν
617 1571 802 1634 πίστις
837 1574 930 1624 καὶ
958 1574 1122 1643 ἡμεῖς
1157 1573 1508 1642 πεπόνθαμεν
1563 1575 1716 1645 παρά
1744 1577 2040 1647 Διοσκόρου

456 1663 548 1714 τοῦ
587 1652 984 1717 εὐλαϐεστὰτόυ
1031 1665 1332 1718 ἐπισκόπου
1377 1668 1476 1734 τῆς
1513 1666 1905 1738 Ἀλεξανδρέων
1945 1683 2039 1736 με·

2143 493 2362 547 libellus
2399 509 2621 562 precum
2654 495 2748 563 qui
2776 494 2855 548 sic
2886 494 3050 547 habet
3079 513 3090 546 :
3119 494 3362 548 Libellus
3397 495 3613 548 oblatus
3656 499 3724 548 ah

2142 584 2384 638 Eusebio
2429 586 2740 639 humillimo
2789 587 3046 655 episcopo
3095 586 3358 657 Dorylzei,
3423 587 3586 639 verba
3650 587 3726 638 fa-

2142 673 2322 727 ciente
2350 689 2448 742 pro
2487 675 2690 744 seipse,
2739 684 2794 728 ct
2837 690 2938 744 pro
2987 675 3293 729 orthodoxa
3349 674 3474 739 fide,
3521 685 3576 727 et
3624 691 3725 744 pro

2142 775 2345 819 sancta:
2389 767 2670 820 memoriae
2703 767 2960 820 Flaviano
2991 767 3083 836 qui
3117 767 3221 820 fuit
3252 769 3547 836 episcopus
3579 768 3724 822 Cm:-

2142 853 2596 925 stantinopoleos.
2643 857 2990 926 Propositum
3047 865 3131 912 est
3181 859 3453 927 majestati
3506 867 3721 917 vestrm,

2141 945 2398 1000 omnibus
2464 947 2685 1015 quidem
2748 947 2984 1001 subditis
3031 948 3344 1016 providere,
3396 957 3451 1000 et
3503 947 3719 1001 eunetis

2141 1035 2239 1104 qui
2277 1035 2477 1107 injuria
2507 1036 2687 1090 affecti
2735 1046 2883 1100 sunt,
2927 1053 3148 1092 manum
3185 1039 3496 1108 porrigere:
3531 1039 3723 1106 praeei-

2142 1141 2250 1195 pue
2272 1142 2401 1181 vero
2424 1128 2491 1181 iis
2518 1129 2613 1196 qui
2649 1128 2961 1182 sacerdotio
2988 1128 3310 1198 funguntur.
3348 1131 3406 1182 In
3437 1129 3542 1182 hoc
3572 1130 3720 1182 enim

2101 1230 2105 1235 '
2145 1218 2316 1270 Deum
2357 1218 2558 1283 colitis,
2597 1234 2626 1272 a
2657 1232 2767 1287 quo
2809 1218 3101 1286 imperium
3142 1233 3205 1271 ac
3239 1217 3545 1271 dominium
3569 1217 3722 1269 ογὶιίς

2145 1319 2419 1362 terrarum
2453 1308 2610 1363 vobis
2646 1323 2968 1362 concessum
3001 1316 3103 1362 est.
3143 1308 3312 1377 Igitur
3349 1308 3606 1376 quoniam
3663 1310 3722 1360 li-

2144 1398 2242 1452 des
2273 1397 2502 1461 Christi,
2538 1407 2594 1451 et
2626 1398 2949 1467 nosmetipsi
2983 1399 3152 1451 multa
3190 1397 3376 1467 gravia
3406 1407 3595 1451 contra
3631 1399 3722 1467 jus

2143 1489 2333 1556 fasque
2382 1488 2626 1556 perpessi
2677 1503 2870 1542 sumus
2901 1503 2930 1540 a
2968 1487 3228 1541 Dioscoro
3261 1486 3729 1540 reverendissimo

2141 1579 2400 1648 episcopo
2442 1594 2649 1648 magna:
2683 1578 2920 1632 civitatis
2967 1577 3333 1639 Alexandriae,
3369 1577 3583 1630 adimus
3609 1577 3724 1644 pie-

2144 1665 2307 1722 tatem
2334 1676 2599 1733 vestram,
2637 1668 2981 1738 postulantes
3011 1677 3070 1721 ut
3097 1669 3187 1737 jus
3227 1668 3387 1720 nobis
3434 1666 3718 1721 reddatur.

458 1754 823 1820 γαλοπόλεως,
872 1755 1144 1824 πρόσιμεν
1202 1758 1268 1826 τῇ
1321 1757 1566 1828 ὑμετέρα
1619 1758 1874 1828 εὐσεϐείᾳ
1926 1757 2035 1810 τῶν

2141 1758 2312 1813 Causa
2369 1768 2551 1837 autem
2613 1768 2699 1813 est
2752 1758 3092 1829 hujusmodi.
3159 1758 3219 1811 In
3279 1757 3516 1811 concilio
3570 1757 3717 1826 quod

454 1846 680 1897 δικαίων
714 1844 993 1910 ἀξιοῦντες
1039 1851 1246 1917 τυχεῖν.
1279 1849 1449 1908 Ἰ“ἀ,δὲ
1485 1848 1580 1902 τοῦ
1615 1849 1942 1918 πράγματος
1977 1851 2036 1901 ἐν

460 1939 691 2000 τούτοις.
744 1939 866 1990 Ἐπὶ
896 1939 994 2008 τῆς
1023 1939 1249 2008 ἔναγχος
1283 1941 1586 2011 γενομένης
1633 1942 1852 1994 συνόδου
1885 1944 1943 1995 ἐν
1969 1945 2035 2014 τῇ

468 2027 736 2096 Ἐφεσίων
771 2029 1121 2099 μητροπόλει,
1153 2031 1219 2100 ἢν
1247 2031 1439 2099 ὄφελόν
1462 2049 1524 2100 γε
1555 2029 1622 2103 ἦν
1656 2033 2033 2105 μὴ’γενέσθαι,

453 2119 541 2171 ἵνα
575 2119 651 2190 μὴ
681 2120 866 2172 κακῶν
899 2122 992 2174 καὶ
1019 2122 1266 2192 ταραχῆς
1282 2124 1382 2195 τὴν
1402 2126 1729 2194 οἰκουμένην
1755 2127 2035 2198 ἐμπλήσῃ,

449 2211 481 2262 ὁ
526 2211 764 2280 χρηστὸς
815 2213 1127 2282 Διόσκορος.
1162 2216 1294 2284 παρ’
1337 2215 1491 2268 οὐδὲν
1539 2215 1767 2285 θέμενος
1813 2218 1905 2270 τὸν
1941 2219 2037 2272 τοῦ

450 2301 661 2354 δικαίου
705 2301 864 2371 λόγον
901 2305 996 2357 καὶ
1024 2305 1114 2357 τὸν
1143 2305 1237 2358 τοῦ
1289 2305 1426 2359 Θεοῦ
1466 2308 1653 2376 φόϐον,
1683 2309 1939 2380 ὁμόδοξος
1964 2309 2038 2366 ὣν

452 2389 546 2440 καὶ
572 2388 837 2458 ’ὁμόφρων
868 2391 1138 2461 Εὐτυχοῦς
1168 2393 1263 2446 τοῦ
1300 2396 1697 2466 ματαιόφρονος
1749 2399 1846 2451 καὶ
1886 2401 2039 2470 αίρε-

449 2481 628 2542 τικοῦ,
657 2481 935 2536 λανθάνων
956 2484 1014 2537 δὲ
1043 2486 1168 2547 τοὺς
1200 2486 1450 2550 πολλοὺς,
1477 2487 1553 2551 ὡς
1577 2490 1634 2551 ἐς
1664 2489 1890 2560 ὕστερον
1911 2492 2040 2543 ἐαυ-

453 2571 544 2622 τὸν
576 2573 948 2641 ἐφανέρωσεν,
985 2575 1162 2646 εὑρὼν
1196 2579 1409 2648 καιρὸν,
1453 2578 1554 2647 τὴν
1576 2579 1624 2610 ⁵⁸
1652 2581 2038 2652 γεγενημένην

453 2662 587 2732 παρ’
622 2662 757 2732 ἐμοῦ
790 2667 930 2718 κατά
965 2666 1241 2736 Εὐτυχοῦς
1287 2668 1548 2737 όμοδόξου
1582 2670 1751 2724 αὐτοῦ
1793 2689 2038 2743 κατηγο-

453 2755 602 2824 ρίαν,
637 2756 730 2808 καλ⁸
766 2747 871 2826 τὴν
912 2759 998 2811 ἐπ’
1046 2759 1198 2828 αὐτῷ
1244 2760 1618 2830 ἐξενεχθεῖσαν
1658 2762 1840 2830 ψῆφον
1886 2763 2038 2834 παρά

453 2847 552 2898 τοῦ
587 2849 682 2917 τῆς
720 2848 873 2912 ὁσίας
907 2849 1114 2920 λήξεως
1139 2850 1442 2903 Φλαϐιανοῦ
1472 2851 1797 2917 ἐπισκόπου,
1835 2853 2040 2924 πλῆθος

454 2937 710 2991 ἀτάκτων
751 2939 925 3009 ὄχλων
974 2939 1318 3008 συναγαγὼν,
1354 2941 1451 2994 καὶ
1502 2941 1822 2995 δυναστείαν
1861 2943 2040 3014 ἐαυτῷ

2135 1849 2305 1920 paulo
2342 1859 2470 1906 ante
2511 1849 2851 1905 celebratum
2883 1858 2970 1903 est
3013 1849 3069 1901 in
3117 1847 3409 1916 metropoli
3452 1846 3718 1915 Ephesio-

2141 1952 2284 2002 rum,
2333 1937 2481 2006 quod
2532 1937 2740 1990 utinam
2790 1936 3130 1990 celebratum
3177 1951 3459 2006 nunquam
3503 1935 3718 2000 fuisset,

2139 2043 2210 2082 ne
2236 2028 2386 2082 orbis
2411 2037 2683 2082 terrarum
2712 2027 2872 2082 malis
2900 2042 2964 2082 ac
2999 2027 3327 2082 tumultibus
3357 2027 3749 2096 impleretur;-

2140 2120 2321 2175 bonus
2378 2121 2470 2175 ille
2518 2120 2848 2183 Dioscorus,
2915 2120 3119 2174 nullam
3176 2119 3400 2188 justitia:
3450 2119 3718 2173 rationem

2140 2212 2387 2276 habens,
2430 2228 2535 2266 nec
2578 2212 2676 2268 Dei
2715 2212 2972 2267 timorem
3023 2220 3149 2265 ante
3200 2211 3395 2264 oculos
3434 2217 3717 2274 statuens,

2139 2319 2266 2357 eum
2320 2303 2572 2381 ejusdem
2618 2303 2898 2372 opinionis
2949 2318 3014 2357 ac
3065 2301 3355 2357 sententia:
3403 2307 3550 2355 esset
3595 2314 3720 2353 cum

2140 2395 2386 2465 Eutyche
2418 2394 2633 2450 insano
2683 2404 2850 2464 atque
2895 2393 3186 2457 haeretico,
3235 2392 3483 2446 occultus
3535 2399 3720 2444 autem

2140 2484 2323 2539 adhuc
2368 2494 2536 2550 esset,
2585 2485 2728 2539 sicut
2774 2492 2964 2554 postea
3006 2483 3353 2553 apertissime
3383 2480 3718 2536 declaravit:

2139 2575 2432 2631 occasione
2458 2585 2677 2645 arrepta
2707 2591 2774 2630 ex
2805 2575 3156 2629 accusatione
3195 2587 3360 2642 quam
3390 2586 3494 2642 ego
3525 2570 3724 2624 adver-

2140 2681 2235 2722 sus
2272 2665 2575 2735 Eutychem
2622 2666 2832 2720 erroris
2877 2665 3051 2734 ipsius
3099 2671 3413 2718 consortem
3465 2661 3722 2716 institue-

2140 2772 2280 2821 ram,
2305 2764 2362 2810 et
2392 2770 2460 2810 ex
2486 2755 2758 2810 sententia
2787 2769 2818 2808 a
2849 2753 2952 2823 piae
2977 2752 3256 2808 memoriae
3299 2751 3557 2807 Flaviano
3606 2749 3724 2820 epi-

2141 2862 2310 2916 scopo
2335 2857 2530 2902 contra
2571 2845 2827 2901 eumdem
2869 2845 3171 2916 Eutychem
3216 2845 3450 2914 prolata,
3502 2842 3721 2896 turbam

2140 2939 2299 3008 311
2336 2938 2756 3008 incompositam
2791 2936 3181 2991 seditiosorum
3228 2935 3517 2989 hominum
3549 2934 3721 2987 colle-

451 3030 543 3083 διὰ
576 3032 872 3100 χρημάτων
917 3034 1305 3102 πορισάμενος,
1347 3034 1444 3104 τὴν
1479 3033 1687 3102 εὐσεϐῆ
1739 3035 2036 3105 θρησκείαν

2142 3033 2239 3102 git.
2264 3029 2513 3100 Cumque
2537 3027 2879 3100 tyrannicam
2897 3025 3330 3094 dominationem
3355 3023 3587 3094 pecunia
3616 3021 3723 3076 sibi

455 3122 568 3175 τῶν
598 3122 915 3192 ὀρθοδόξων,
951 3129 1010 3177 τό
1036 3141 1099 3192 γε
1128 3120 1264 3195 ἧκον
1298 3126 1354 3186 ἐς
1387 3123 1552 3176 αὐτὸν
1579 3123 1906 3195 ἐλυμήνατο,
1942 3126 2038 3179 καὶ

456 3213 557 3284 τὴν
589 3215 904 3281 κακοδοξίαν
935 3216 1207 3285 Εὐτυχοῦς
1237 3216 1330 3269 τοῦ
1369 3214 1718 3285 μονάζοντος,
1749 3217 1868 3286 ἥτις
1892 3216 2036 3270 ἄνω-

458 3306 553 3358 θεν
581 3307 677 3359 καὶ
710 3307 944 3378 ὲξαρχῆς
977 3308 1126 3379 παρὰ
1154 3308 1263 3363 τῶν
1311 3308 1482 3377 ἁγίων
1526 3307 1788 3378 Πατέρων
1823 3309 2039 3379 ἀπεκη-

459 3396 660 3470 ρύχθη,
696 3398 1050 3453 ἐϐεϐαίωσεν.

545 3581 700 3632 Ἐπεὶ
729 3575 822 3633 οῦν
868 3581 930 3632 οὐ
985 3580 1158 3652 μικρά
1188 3581 1254 3634 τὰ
1297 3579 1686 3650 τετολμημένα
1719 3579 1872 3652 αὐτῷ
1901 3579 2042 3634 κατά
2099 3593 2102 3596 ’

462 3689 524 3724 τε
553 3674 651 3742 τῆς
683 3673 740 3734 ἐς
762 3672 996 3742 Χριστὸν
1026 3673 1284 3735 πίστεως,
1310 3671 1407 3725 καὶ
1435 3671 1556 3724 καθ’
1592 3671 1772 3742 ἡμῶν,
1800 3671 2042 3741 δεόμεθα

467 3764 561 3815 καὶ
591 3764 1012 3834 προσπίπτομεν
1040 3763 1119 3834 τῷ
1144 3765 1394 3835 ὑμετέρῳ
1418 3766 1631 3835 κράτει,
1667 3765 1924 3819 θεσπίσαι
1951 3766 2042 3819 τὸν

463 3855 629 3908 αὐτὸν
663 3855 1058 3908 εὐλαϐέστατον
1096 3856 1393 3908 ἐπίσκοπον
1428 3857 1719 3927 Διόσκορον
1761 3857 2039 3927 ἀπολογή-

465 3942 664 3996 σασθαι
700 3947 812 4007 τοῖς
853 3943 984 4014 παρ’
1011 3943 1168 4013 ήμῶν
1216 3943 1366 4014 αὐτῷ
1417 3943 1804 4013 ἐπαγομένοις,
1839 3944 2040 4014 δηλαδὴ

462 4035 573 4084 τῶν
603 4035 735 4101 παρ’
768 4033 935 4087 αὐτοῦ
984 4034 1106 4087 καθ’
1141 4034 1298 4104 ἡμῶν
1343 4035 1753 4106 πεπραγμένων
1794 4035 2042 4105 ὑπομνη-

466 4125 653 4191 μάτων
682 4124 1206 4205 ἀναγινωσκομένων
1236 4125 1341 4177 ὑπὸ
1367 4127 1464 4194 τῆς
1496 4127 1658 4195 ἁγίας
1687 4126 1930 4180 συνόδου.
1963 4127 2040 4179 At‘.

461 4211 537 4268 ὧν
567 4217 843 4286 δυνάμεθα
880 4218 1156 4284 ἀποδεῖξαι
1187 4219 1350 4272 αὐτὸν
1383 4220 1477 4272 καὶ
1513 4219 1791 4290 ἀλλότριον
1821 4219 1919 4288 τῆς
1947 4219 2040 4288 ὀρ-

464 4306 683 4372 θοδόξου
717 4309 974 4373 πίστεως,
1007 4311 1099 4363 καὶ
1128 4311 1338 4378 αἵρεσιν
1375 4309 1634 4372 ἀσεϐείας
1665 4299 2043 4380 πεπληρωμέ-

2139 3131 2527 3194 comparasset,
2542 3123 2686 3192 piam
2699 3119 2919 3190 quidem
2933 3119 3251 3189 religionem
3261 3115 3734 3175 orthodoxorum,

2139 3223 2405 3285 quantum
2453 3215 2509 3268 in
2547 3214 2667 3282 ipso
2691 3212 2814 3277 fuit,
2839 3210 3230 3290 labefactavit;
3264 3222 3491 3278 pravam
3538 3215 3733 3260 autem-

2139 3308 2458 3378 opinionem
2499 3307 2763 3378 Eutychis
2811 3302 3087 3368 monachi,
3143 3318 3264 3371 qua:
3287 3302 3397 3372 jam
3428 3298 3638 3369 pridem
3667 3305 3734 3351 et.

2141 3399 2208 3454 ab
2241 3399 2471 3453 exordio
2512 3414 2543 3452 a
2593 3397 2800 3453 sanctis
2837 3394 3093 3451 Patribus
3133 3393 3496 3449 condemnata
3517 3389 3734 3452 fuerat,

2142 3490 2507 3546 confirmavit.

2212 3581 2350 3638 Cum
2399 3581 2566 3653 igitur
2593 3596 2707 3636 non
2755 3580 2898 3636 levia
2943 3579 3074 3640 sint,
3105 3590 3227 3646 qua:
3264 3573 3529 3629 adversus
3561 3572 3723 3626 fidem

2141 3673 2369 3738 Christi,
2428 3683 2484 3727 et
2524 3682 2716 3727 contra
2764 3687 2864 3726 nos
2908 3672 3089 3725 facere
3147 3666 3396 3728 tentavit,
3447 3664 3722 3735 provoluti

2143 3764 2208 3818 ad
2243 3764 2412 3833 pedes
2454 3762 2756 3832 majestatis
2781 3769 2981 3814 vestra:
3028 3771 3324 3827 rogamus,
3360 3765 3420 3808 ut
3465 3752 3722 3808 eumdem

2144 3853 2617 3923 religiosissimum
2663 3853 2983 3922 episcopum
3023 3849 3346 3903 Dioscorum
3389 3842 3723 3913 respondere

2138 3944 2381 4015 jubeatis
2407 3943 2476 3998 iis
2504 3957 2626 4012 quae
2649 3957 2678 3995 a
2713 3940 2875 3994 nobis
2906 3939 2981 3991 illi
3021 3937 3359 4006 objiciuntur
3388 3949 3401 3985 :
3439 3931 3596 3986 lectis
3619 3929 3723 3984 sci-

2143 4035 2275 4090 licet
2313 4048 2499 4088 coram
2532 4032 2876 4086 sanctissima
2910 4027 3120 4100 synodo
3150 4023 3525 4080 monumentis
3569 4030 3722 4077 acto-

2144 4142 2266 4179 rum
2293 4140 2415 4194 quze
2448 4123 2536 4178 ille
2561 4132 2755 4178 contra
2794 4137 2900 4174 nos
2941 4118 3199 4174 confecit.
3258 4117 3337 4170 Ex
3383 4113 3586 4184 quibus
3629 4110 3724 4165 de-

2144 4225 2456 4272 monstrare
2485 4229 2798 4285 possumus,
2833 4214 2986 4271 illum
3025 4219 3082 4266 et
3106 4217 3311 4264 arecta
3347 4207 3452 4261 fide
3485 4205 3724 4260 alienum

2145 4322 2286 4371 esse,
2311 4316 2367 4361 et
2406 4305 2655 4360 hazresim
2681 4305 2899 4374 plenam
2943 4300 3242 4370 impietatis
3267 4296 3641 4359 confirmasse,
3671 4304 3727 4348 et

464 4416 562 4471 νην
597 4400 964 4469 κρατύναντα,
998 4401 1095 4453 καὶ
1139 4401 1340 4463 ἀδίκως
1383 4402 1528 4470 ἡμᾶς
1577 4400 1896 4465 καθελόντα,
1945 4401 2040 4454 καὶ

2145 4413 2248 4451 nos
2275 4397 2475 4466 injuste
2507 4395 2826 4464 deposuisse
2843 4404 2898 4446 et
2918 4390 3255 4462 gravissimis
3275 4388 3430 4442 malis
3447 4385 3722 4441 affecisse:

463 4491 532 4541 τὰ
562 4489 710 4542 δεινά
756 4491 902 4558 ἡμᾶς
932 4490 1402 4560 κατειργασμένον
1425 4507 1438 4520 ·
1476 4489 1636 4544 θείων
1672 4492 1768 4544 καὶ
1799 4509 2042 4561 προσκυ-

466 4582 740 4649 νουμένων
770 4579 922 4649 ὑμῶν
955 4581 1237 4649 μανδὰτων
1266 4581 1784 4649 καταπεμπομένων
1817 4583 1882 4651 τῇ
1906 4582 2043 4653 ἁγίᾳ

469 4672 559 4722 καὶ
599 4673 948 4742 οἱκουμενικῇ
974 4671 1177 4740 συνόδῳ
1215 4671 1324 4724 τῶν
1362 4671 1794 4741 θεοφιλεστάτων
1819 4672 2043 4725 ἐπισκό-

468 4778 608 4828 πων,
637 4763 720 4830 ἐφ’
750 4756 795 4829 ᾧ
855 4779 918 4814 τε
980 4763 1138 4832 ἡμῶν
1172 4762 1285 4831 (98)
1317 4763 1432 4815 καὶ·
1475 4763 1570 4815 τοῦ
1640 4763 2042 4833 προειρημένου

467 4851 760 4922 Διοσκόρου
805 4853 1111 4917 διακοῦσαι,
1156 4853 1250 4905 καὶ
1284 4853 1596 4920 ἀνενεγκεῖν
1629 4854 1686 4913 ἐς
1711 4853 1911 4921 γνῶσιν
1936 4853 2038 4922 τῆς

467 4942 741 5012 ὑμετέρας
778 4944 1062 5006 εὐσεϐείας
1105 4944 1284 4996 πάντα
1311 4943 1382 4995 τὰ
1419 4943 1770 5014 πραττόμενα
1803 4942 1939 5013 πρὸς
1980 4941 2040 4994 τὸ

467 5034 874 5105 παριστάμενον
898 5038 965 5106 τῇ
999 5035 1251 5106 ἀθανάτῳ
1273 5036 1426 5106 ὐμῶν
1456 5038 1690 5108 κορυφῇ.
1715 5034 1826 5088 Καὶ
1851 5034 2042 5089 τούτου

2147 4488 2328 4542 missis
2364 4487 2620 4543 videlicet
2665 4485 2921 4545 sacriset
2976 4481 3272 4538 aderandis
3318 4479 3591 4534 mandatis
3633 4492 3728 4530 ve-

2145 4579 2272 4634 stris
2301 4577 2368 4633 ad
2395 4586 2647 4634 sanctam
2677 4585 2733 4630 et
2772 4575 3134 4630 universalem
3162 4572 3430 4644 synodum
3461 4571 3570 4624 Deo
3587 4569 3723 4622 char

2145 4670 2488 4724 rissimorum
2518 4671 2900 4738 episcoporum
2923 4707 2936 4731 ,
2967 4676 3030 4720 ut
3067 4679 3288 4720 causam
3319 4677 3441 4731 qua:
3469 4669 3552 4714 est
3583 4659 3726 4711 inter

2147 4776 2251 4816 nos
2281 4769 2338 4815 et
2360 4777 2524 4830 supra
2563 4771 2926 4814 memoratum
2953 4758 3298 4817 Dioscorum,
3331 4757 3641 4820 cognoscat,
3669 4755 3726 4802 et

2146 4852 2214 4906 ad
2247 4853 2501 4913 notitiam
2531 4851 2750 4921 pietatis
2773 4857 2975 4905 vestra:
3006 4857 3203 4903 cuncta
3237 4846 3438 4899 referat
3474 4857 3597 4911 qua:
3632 4855 3726 4910 go-

2151 4931 2371 5006 runtur,
2400 4944 2552 5011 juxta
2583 4941 2634 4995 id
2661 4941 2804 5010 quod
2830 4973 2834 4978 η
2859 4939 3127 5016 placuerit
3169 4935 3461 4989 immortali
3495 4932 3721 4987 culmini

2153 5040 2357 5088 vestro.
2401 5031 2516 5086 Hoc
2572 5032 2617 5086 si
2674 5031 2958 5086 consecuti
2993 5029 3279 5094 fuerimus,
3329 5025 3618 5082 continuas
3654 5024 3733 5081 ad.

1769 5167 2005 5223 VARIIE
2042 5166 2450 5224 LECTIONES.

545 5261 591 5330 ’ξ’
620 5261 720 5330 τήν
742 5277 824 5316 τε.

566 5323 640 5363 ν

1670 5380 1939 5437 VALESII
1973 5383 2533 5440 ANNOTATIONES.

542 5469 655 5540 (08)
683 5460 890 5540 'Qrfrs
927 5467 1114 5537 ἡμῶν.
1151 5470 1209 5524 lu
1241 5471 1448 5540 optimo
1478 5471 1670 5526 codice
1718 5471 2040 5527 Florentino

469 5540 560 5594 hic
599 5539 775 5611 locus_
807 5537 912 5611 ita,
947 5535 1182 5611 legitur:
1243 5535 1340 5608 ἐξρ*
1377 5535 1421 5608 ᾧ
1457 5558 1516 5593 τε
1581 5540 1740 5611 ἡμῶν
1797 5542 1892 5611 καὶ
1946 5543 2040 5594 τοῦ

467 5607 872 5675 προειρτμένου
894 5607 1182 5677 Διοσκόρου
1222 5607 1523 5663 διακοῦσαι.
1565 5607 2038 5676 Quemadmodum

469 5680 640 5734 etiam
703 5679 900 5747 legitur
957 5679 1011 5733 in
1065 5680 1216 5735 Actis
1276 5681 1740 5737 Chalcedonensis
1800 5682 2040 5738 concilii.

2145 5475 2685 5546 Christophorsonus
2716 5475 2941 5546 quide_m
2977 5490 3052 5546 ac”
3082 5474 3322 5531 Savilius
3347 5477 3410 5530 ad
3445 5492 3602 5531 oram
3639 5477 3724 5531 sui

2147 5539 2908 5614 codicis-emendavitfgcp'(Et
2935 5545 3095 5614 ἡμῶν
3125 5548 3336 5612 καὶτὰ,
3379 5557 3486 5602 etc.
3541 5548 3725 5602 Malim

2149 5625 2329 5695 tamen
2369 5618 2615 5673 scribere
2642 5619 2726 5688 ἐφ’
2745 5607 3056 5686 ᾤ’ἠμῶν’τε
3079 5614 3171 5668 τοῦ
3204 5633 3302 5688 πρ.
