4070 6176
318 219 460 295 2553

319 432 414 485 σοῦ
447 429 685 502 Χριστοῦ
737 429 796 494 ἐξ
844 429 1089 497 οὐρανῶν
1147 427 1595 494 κατεληλυθέναι.
1631 425 1895 476 Εὑσέϐιον

319 524 472 592 ἔλεγε
504 525 573 576 τά
602 523 908 592 γράμματα
963 522 1100 592 πρὸς
1131 520 1304 573 ταῦτα
1336 519 1652 582 διεξελθεῖν,
1688 519 1763 580 ὡς
1818 520 1896 569 εί-

322 614 482 683 ρὴκει
510 613 608 682 μὲν
645 612 705 664 τὸ
747 611 806 676 ἐξ
835 611 1102 681 οὐρανῶν,
1126 611 1184 662 οὐ
1213 610 1592 678 προστεθείκει
1621 609 1676 662 δὲ
1709 610 1893 662 ποθεν.

335 704 578 767 Ἐπεϊξαι
609 703 686 771 (2)
728 703 784 755 δὲ
815 703 1072 770 Διογένην
1097 701 1392 766 ἐπίσκοπον
1429 699 1690 761 Κυζίκου.
1721 696 1893 752 Πόθεν

320 792 413 846 οὖν
453 789 574 845 εἷπε
605 794 681 862 (5)
714 810 729 857 ;
762 794 856 844 καὶ
915 791 988 861 μὴ
1020 789 1444 864 συγχωρηθῆναι
1472 790 1672 849 αὐτοὺς
1705 806 1897 858 περαι-

318 885 464 952 τέρω
489 885 696 936 τούτων
728 882 1079 952 ἐπιζητῆσαι.
1119 878 1249 932 Εἶτα
1289 881 1508 949 δηλοῦσι
1542 879 1609 931 τὰ
1635 880 1773 932 αὐτὰ
1801 897 1896 931 πε-

320 977 634 1045 πραγμένα,
662 974 943 1026 Βασίλειον
966 974 1030 1042 (j)
1051 971 1348 1024 ἐπίσκοπον
1372 971 1690 1032 Σελευκείας
1728 969 1896 1022 Ἰσαυ-

251 1127 255 1130 ,
323 1066 462 1138 ρίας,
487 1067 693 1117 εἰπεῖν·
733 1064 1031 1134 Προ-σιίυνῶ
1080 1063 1171 1115 τὸν
1219 1063 1314 1115 ἕνα
1340 1063 1543 1130 Κύριον
1595 1063 1751 1130 ἡμῶν
1789 1063 1896 1131 ’1η-

320 1158 448 1211 ἇοῦν
500 1156 736 1223 Χριστὸν
786 1156 876 1208 τὸν
932 1155 1060 1207 Υίον
1109 1153 1203 1205 τοῦ
1262 1154 1419 1217 Θεοῦ,
1447 1155 1536 1206 τὸν
1571 1154 1731 1223 μόνον
1763 1153 1895 1205 Θεὸν

317 1247 498 1313 Λόγον
533 1247 675 1315 μετὰ
712 1247 809 1314 τὴν
846 1247 1123 1314 σάρκωσιν
1165 1245 1260 1296 καὶ
1297 1245 1396 1313 τὴν
1452 1245 1669 1306 ἕνωσιν,
1711 1243 1768 1294 ὲν
1801 1243 1895 1296 δύο

317 1337 514 1405 φύσεσι
550 1336 971 1406 γνωριζόμενον.
1005 1337 1116 1388 Kal.
1164 1335 1300 1404 πρὸς
1351 1334 1525 1388 ταῦτα
1569 1337 1694 1398 τοὺς
1725 1334 1895 1402 Αίγυ-

316 1429 512 1490 πτίους
541 1427 842 1494 ἀναϐοῆσαι
863 1443 876 1456 ³
908 1428 1011 1478 Τὸν
1044 1426 1340 1496 ἀμέριστον
1373 1426 1562 1494 μηδεὶς
1585 1427 1891 1496 χωριζέτω,

315 1519 408 1573 τὸν
442 1518 539 1570 ἕνα
568 1518 694 1570 Υίὸν
719 1519 780 1570 οὐ
813 1518 895 1570 δεῖ
919 1518 1096 1584 λέγειν
1126 1517 1238 1570 δύο.
1269 1517 1406 1577 Τοὺς
1431 1517 1489 1568 δὲ
1514 1506 1895 1580 Ἂνατολικοὺς

315 1609 652 1676 κραυγάσαι,
699 1608 969 1677 Ἀνάοεμα
1021 1609 1099 1677 τῷ
1150 1608 1447 1678 μερίζοντι,
1507 1609 1754 1677 ἀνάθεμα
1817 1609 1894 1678 τῷ

1248 222 1634 286 HISTORLE
1669 201 2258 285 semesi-isne};
2300 225 2531 287 LIBER
2574 227 2656 287 ιι.

319 340 502 411 σάρκα
526 337 620 392 τοῦ
647 338 782 392 Θεοῦ
829 339 922 390 καὶ
947 337 1152 408 Κυρίου
1184 339 1274 389 καὶ
1309 337 1456 403 Σωτῆ
1469 353 1558 406 ρος
1594 337 1754 405 ἡμῶν
1794 335 1897 404 Ὶη-

2002 350 2030 386 e
2065 335 2203 386 CtBlu
2245 334 2622 397 descendisse;
2699 336 3014 391 indicabant
3062 348 3179 391 acta

3438 230 3580 294 92554

3283 339 3580 395 Eusebium

2004 425 2270 478 adversus
2323 425 2438 480 base
2469 427 2672 478 dixisse
2698 467 2712 489 ,
2767 427 3055 480 damnatos
3105 429 3326 496 quidem
3363 447 3481 485 esse
3513 434 3580 485 ab

2008 515 2249 585 Eutyche
2287 532 2385 570 eos
2419 517 2512 585 qui
2561 517 2808 571 dicerent
2853 534 3074 572 carnem
3099 518 3301 573 Christi
3359 537 3388 572 ο
3441 523 3582 575 cmlo

2004 607 2375 669 descendisse,
2426 608 2520 661 sed
2559 624 2665 661 non
2706 610 2952 662 additum
3003 625 3124 664 esse
3158 611 3226 664 ab
3258 612 3370 673 illo,
3405 613 3583 664 unde.-

2003 712 2131 749 nam
2161 706 2308 750 esset
2335 713 2486 750 caro.
2514 697 2805 751 Addebant
2847 700 3010 753 etiam
3058 700 3248 754 eadem
3286 710 3427 764 acta,
3461 702 3586 754 Dio-

2003 802 2195 856 genem
2230 788 2548 856 episcopum
2589 788 2767 858 Cyzici
2823 790 2938 843 lucc
2983 790 3148 844 verba
3192 792 3582 860 subjunxisse:

2004 878 2101 932 Die
2142 879 2310 947 igitur
2346 879 2530 931 unde?
2559 895 2661 933 nec.
2693 890 2871 933 tamen
2901 883 3226 949 permissum
3267 883 3375 935 illis
3413 883 3583 936 fuisse

2003 982 2063 1025 ut
2094 971 2331 1039 amplius
2358 973 2721 1042 inquirerent.
2747 974 2953 1027 Deinde
2987 975 3180 1027 eadem
3226 986 3342 1027 acta
3369 974 3581 1030 indica-

2004 1063 2136 1116 bant
2195 1062 2452 1116 Basilium
2480 1064 2743 1118 Scleucire
2793 1066 2847 1118 in
2879 1065 3086 1118 Isauria
3119 1065 3430 1133 episcopum
3469 1067 3584 1120 haec

2004 1161 2458 1215 dixissczAdoro
2521 1164 2690 1213 imum
2740 1157 3032 1213 Dominum
3086 1167 3333 1212 nostrum
3386 1160 3574 1215 Jcsuin

2002 1249 2306 1313 Christum,
2339 1251 2536 1304 Filium
2569 1251 2660 1304 Dei
2697 1249 3060 1319 unigenitum,
3112 1249 3282 1301 Deum
3316 1247 3584 1310 Verbum,

2002 1342 2095 1410 Qui
2121 1348 2244 1410 post
2273 1341 2702 1394 incarnationem
2725 1349 2780 1393 et
2810 1339 3136 1400 unitionem,
3167 1338 3220 1391 in
3251 1336 3463 1390 duabus
3489 1351 3574 1389 na-

2004 1433 2142 1488 turis
2181 1431 2548 1502 cognoscitur.
2581 1433 2648 1484 Et
2673 1431 2935 1486 adversus
2965 1431 3064 1484 ista
3097 1429 3375 1499 {Egyptios
3405 1427 3584 1481 excla-

2003 1539 2181 1578 masse
2231 1543 2244 1577 :
2288 1525 2420 1577 Eum
2454 1525 2548 1592 qui
2600 1523 2954 1592 impartibilis
3004 1533 3107 1585 est,
3146 1529 3306 1574 nemo
3348 1519 3581 1573 dividat;

2001 1611 2183 1669 Unum
2233 1613 2428 1667 Filium
2461 1627 2568 1664 non
2605 1620 2825 1680 oportet
2867 1610 3053 1663 dicere
3093 1608 3226 1660 duo.
3275 1605 3584 1660 Orientales

314 1700 636 1771 διαιροῦντι.
692 1701 1068 1770 Ἐρωτηθῆναι
1121 1700 1179 1752 δὲ
1232 1701 1324 1752 τὸν
1386 1699 1603 1769 Εὐτυχῆ
1657 1700 1724 1752 τά
1756 1700 1893 1753 αύτά

2002 1715 2130 1757 vero
2152 1704 2441 1758 clamasse:
2468 1692 2773 1756 Anathema
2795 1701 2843 1756 ei
2871 1701 2964 1770 qui
2989 1699 3262 1769 partitur;
3291 1698 3581 1751 anathema

319 1793 687 1862 πεπραγμένα
737 1792 906 1860 λέγει,
961 1792 1013 1844 εί
1040 1807 1175 1860 φησι
1209 1791 1303 1844 δύο
1345 1790 1537 1860 φύσεις
1571 1792 1629 1843 ἐν
1655 1791 1735 1863 τῷ
1763 1792 1898 1860 Χρι-

320 1881 465 1950 στῷο
494 1885 668 1932 εἰπεῖν
711 1897 770 1933 τε
816 1883 1046 1942 ἐκεῖνον,
1079 1883 1142 1934 ὲκ
1181 1880 1274 1932 δύο
1320 1880 1418 1949 μὲν
1454 1879 1670 1948 φύσεων
1698 1879 1897 1933 εἰδέναι

314 1979 412 2030 τὸν
461 1975 694 2046 Χριστὸν
749 1973 857 2043 πρὸ
907 1974 1006 2042 τῆς
1049 1972 1330 2036 ένώσεως·
1365 1974 1502 2042 μετὰ
1553 1973 1610 2026 δὲ
1642 1974 1740 2041 τὴν
1770 1973 1900 2026 ’ἐνω-

320 2081 444 2128 σιν,
475 2065 605 2132 μίαν
628 2066 738 2134 (Ιι)·
771 2065 946 2115 εἰπεῖν
973 2080 1031 2115 τε
1076 2062 1378 2128 Βασίλειον,
1428 2063 1504 2126 ὡς
1552 2066 1599 2116 εί
1649 2064 1722 2134 μὴ
1763 2065 1900 2133 μετὰ

315 2155 420 2225 τὴν
466 2155 661 2208 ἕνωσιν
711 2157 1052 2226 ἀχωρίστους
1101 2157 1196 2208 καὶ
1248 2147 1591 2226 ἀσυγχύτους
1621 2157 1768 2225 λέγει
1807 2157 1900 2211 δύο

319 2244 538 2313 φύσεις,
591 2249 852 2315 σύγχυσιν
917 2247 1064 2313 λέγει
1117 2249 1210 2300 καὶ
1265 2247 1596 2317 σύγκρασιν·
1635 2248 1683 2300 εί
1717 2247 1900 2317 μέντοι

325 2337 632 2409 προσθήσει
664 2338 1096 2408 σεσαρκωμένην
1126 2339 1220 2390 καὶ
1248 2338 1775 2408 ἐνανθρωπήσασαν,
1806 2339 1900 2392 καὶ

318 2431 507 2500 νοήσει
549 2429 950 2500 παραπλησίως
1004 2429 1260 2499 Κυρίλλῳ
1317 2431 1416 2498 τὴν
1472 2431 1748 2500 σάρκωσιν
1806 2432 1900 2483 καὶ

316 2523 419 2591 τὴν
458 2521 897 2592 ὲνανθρώπησιν,
933 2521 1001 2574 τὰ
1031 2521 1170 2575 αὐτὰ
1225 2522 1410 2587 λέγειν
1455 2523 1660 2585 αὐτοῖς.
1739 2523 1900 2574 ’Λλλο

325 2615 424 2684 μὲν
462 2615 572 2684 γάρ
627 2631 679 2666 τι
732 2613 873 2667 εἶναι
900 2615 999 2684 τὴν
1029 2614 1260 2683 Θεότητα
1288 2615 1387 2684 τὴν
1420 2617 1485 2667 ὲκ
1514 2614 1607 2667 τοῦ
1643 2615 1858 2685 Πατρός
1883 2630 1897 2647 ο

319 2702 449 2760 ἄλλο
491 2707 548 2759 δέ
588 2724 660 2766 τι,
707 2707 806 2777 τὴν
857 2707 1258 2778 ἀνθρωπότητα
1292 2709 1392 2779 τὴν
1423 2711 1486 2761 ἐκ
1520 2709 1620 2776 τῆς
1646 2710 1889 2779 Μητρός.

318 2790 420 2851 Ὧν
454 2798 534 2867 (4)
566 2799 952 2868 ἐρωτηθέντων
971 2799 1014 2830 ⁸³
1046 2801 1170 2853 ὅτου
1208 2801 1368 2870 χάριν
1399 2804 1464 2871 τῇ
1494 2803 1810 2871 καθαιρέσει
1833 2806 1899 2874 τῇ

317 2891 461 2943 πατὰ
509 2890 811 2944 Φλαὸιανοῦ
869 2891 1212 2961 ὑπέγραψαν,
1236 2893 1364 2955 τοὺς
1405 2894 1780 2958 Ἀνατολικοὺς
1806 2895 1900 2965 δη-

317 2980 470 3035 λοῦσι
497 2983 566 3035 τὰ
590 2984 894 3054 γράμματα
925 2985 1134 3052 βοῆσαι,
1173 2983 1732 3054 Πάντεςήμάρτομεν,
1766 2988 1900 3040 πάν-

316 3089 408 3136 τες
463 3073 789 3143 συγγνώμην
818 3076 1100 3145 αἰτοῦμεν.
1157 3073 1291 3130 Elea
1347 3077 1508 3131 πάλιν
1533 3079 1564 3146 ἡ
1593 3078 1899 3146 ἀνάγνωσις

319 3166 630 3233 ἑτροκόπτου
640 3183 724 3232 τα,
742 3167 891 3235 δηλοῖ
902 3170 1024 3231 τοὺς
1039 3169 1370 3231 ἐπισκόπους
1384 3166 1744 3241 ἐρωτηθῆναι,
1761 3171 1903 3234 τίνος

317 3259 482 3325 χάριν
514 3257 603 3308 τὸν
627 3258 885 3310 Εὐσέϐιον
913 3258 1152 3312 ἐσελθεῖν
1183 3259 1534 3330 βουληθέντα,
1557 3261 1657 3313 οὐκ
1685 3262 1894 3315 εἴασαν.

319 3347 465 3419 Πρδς
516 3347 550 3401 ἃ
599 3349 891 3420 Διόσκορος
937 3350 1065 3420 ἔφη,
1099 3352 1533 3422 κομμονητόριον
1588 3353 1678 3404 τὸν
1715 3353 1897 3406 Ἐλξτί-

317 3438 432 3491 διον
479 3441 863 3508 ὲπιφέρεσθαι’
903 3443 1154 3495 κάκεῖνον
1198 3442 1719 3508 διαϐεϐαιώσασθαι,
1793 3445 1897 3498 Θε-

317 3529 524 3582 οδόσιον
555 3529 812 3582 κελεῦσαι
842 3530 934 3583 τὸν
964 3530 1209 3600 βασιλέα,
1240 3532 1332 3584 τὸν
1361 3533 1620 3586 Εὐσέϐιον
1659 3535 1894 3604 παρόδου

324 3621 400 3689 μὴ
428 3624 634 3688 τυχεῖν.
670 3622 752 3673 Τὰ
781 3621 921 3674 αὐτὰ
952 3623 1059 3675 καί
1094 3622 1445 3677 Ἰουόενὰλιον
1479 3626 1654 3678 εἰπεῖν
1674 3625 1897 3697 δηλοῦσι

317 3711 390 3764 τὰ
413 3712 799 3783 πεπραγμένα.
1703 3730 1707 3734 ‘

2000 1797 2050 1850 ei
2081 1796 2172 1865 qui
2203 1795 2420 1850 dividit.
2439 1795 2499 1848 In
2525 1794 2717 1849 iisdem
2743 1782 2880 1848 actis
2904 1791 3222 1846 continetur
3279 1789 3580 1858 Eutyehem

2002 1887 2399 1957 interrogatum
2427 1902 2548 1941 esse
2614 1894 2799 1940 utrum
2838 1885 2975 1938 duas
3026 1884 3082 1936 in
3111 1881 3329 1936 Christo
3357 1889 3582 1932 naturas

2000 1979 2233 2034 diceret.
2261 1978 2632 2047 Respondisse
2660 1987 2842 2032 autem
2871 1975 3023 2029 illum
3054 2015 3068 2037 ,
3109 1988 3166 2026 se
3207 1980 3335 2025 ante
3381 1970 3585 2023 unitio-

2003 2083 2130 2126 nem
2160 2071 2405 2140 quidem,
2431 2069 2714 2125 Christum
2744 2084 2811 2122 ex
2835 2067 3051 2121 duabus
3079 2065 3292 2118 naturis
3325 2071 3584 2115 constan-

2005 2175 2111 2218 tem
2141 2179 2388 2220 asserere
2417 2182 2429 2216 :
2454 2172 2578 2234 post
2609 2161 2918 2215 unitionem
2962 2174 3123 2223 vero,
3173 2157 3391 2210 unicam
3430 2155 3484 2207 in
3516 2168 3582 2207 eo

1965 2273 1967 2275 ‘
2004 2269 2256 2312 naturam
2298 2272 2616 2327 agnoscere.
2671 2254 2934 2308 Basilium
2978 2267 3110 2305 vero
3171 2250 3288 2303 haec
3332 2247 3579 2301 dixisse:

2005 2351 2119 2405 Nisi
2179 2362 2304 2421 post
2344 2349 2648 2404 unitionem
2684 2348 2821 2401 duas
2852 2355 3074 2399 naturas
3113 2343 3376 2397 indivisas
3404 2349 3461 2394 et
3495 2339 3582 2392 in-

2003 2443 2261 2496 confusas
2301 2441 2525 2501 dixeris,
2554 2436 2934 2493 confusionem
2982 2434 3120 2488 dicis
3148 2441 3204 2487 et
3249 2428 3587 2486 commistio-

2004 2547 2151 2586 nem.
2180 2531 2334 2596 Quod
2380 2530 2424 2584 si
2467 2527 2769 2589 addideris,
2798 2527 3135 2579 incarnatam
3169 2529 3226 2575 et
3260 2520 3585 2572 inhumana-

2007 2632 2212 2684 tam,et
2233 2622 2460 2692 perinde
2493 2636 2555 2674 ac
2581 2615 2838 2690 Cyrillus,
2873 2613 3212 2670 intellexeris
3248 2609 3586 2664 incarnatio-

2007 2728 2133 2767 nem
2162 2720 2217 2766 et
2245 2711 2781 2769 inhumanationcm,
2817 2706 3008 2762 eadem
3053 2704 3194 2758 dicis
3216 2717 3337 2770 qua:
3368 2714 3467 2753 nos
3496 2697 3585 2752 di-

2005 2809 2203 2862 cimus.
2235 2805 2397 2858 Aliud
2429 2805 2576 2859 enim
2627 2811 2710 2858 est
2759 2799 3019 2855 divinitas
3066 2811 3188 2865 qua:
3229 2791 3391 2864 313
3443 2799 3588 2844 esta

2005 2900 2167 2953 Patre
2198 2915 2210 2950 :
2242 2896 2391 2950 aliud
2419 2894 2733 2948 humanitas
2772 2907 2895 2961 quae
2921 2897 3004 2943 est
3030 2904 3060 2942 a
3096 2893 3292 2941 matre.
3339 2883 3585 2949 Cumque

2008 2993 2378 3061 interrogatus
2407 2996 2554 3043 esset
2581 2988 2868 3056 cuiusnam
2917 2983 2997 3038 rei
3024 2981 3197 3052 gratia
3248 2974 3584 3046 depositioni

2008 3077 2254 3140 Flaviani
2275 3070 2714 3152 subsc'ripsisset,
2735 3087 3007 3132 testantur
3032 3074 3223 3129 eadem
3242 3080 3362 3126 acta
3386 3067 3586 3124 Orien-

2007 3177 2143 3231 tales
2191 3178 2482 3246 episc0pos
2532 3173 2868 3227 exclamasse
2901 3187 2914 3222 :
2945 3167 3148 3223 Omnes
3191 3162 3542 3234 peccavimus
3567 3197 3581 3218 ,

2002 3281 2194 3321 omnes
2218 3266 2431 3320 veniam
2459 3265 2844 3332 deprecamur.
2873 3259 3122 3329 Sequens
3144 3255 3580 3310 deinde-eorum‘

1999 3358 2126 3413 dem
2157 3367 2403 3412 actorum
2434 3355 2602 3411 lectio
2629 3355 2791 3408 docet
2815 3392 2829 3418 ,
2884 3353 3175 3421 episcopos
3215 3348 3585 3414 interrogatos

1997 3464 2140 3514 esse,
2193 3463 2301 3516 qua
2342 3448 2412 3501 de
2456 3461 2619 3501 causa
2647 3444 2946 3500 Eusebium
2986 3440 3219 3495 introire
3270 3436 3587 3506 cupientem

2001 3556 2112 3595 non
2141 3540 2514 3596 admisissent.
2593 3538 2918 3592 Dioscorum
2948 3549 3082 3588 vero
3113 3531 3180 3585 ad
3205 3531 3323 3584 haec
3363 3529 3434 3581 ita
3495 3543 3587 3579 re-

2005 3632 2295 3702 spondisse
2321 3650 2333 3684 :
2355 3632 2591 3686 Allatum
2618 3645 2738 3685 esse
2767 3625 3246 3683 commonitorium
3267 3621 3334 3674 ab
3351 3617 3582 3688 Elpidio,

2005 3739 2246 3793 eumque
2275 3723 2573 3778 aﬂirmasse
2638 3721 3026 3790 imperatorem
3069 3711 3440 3768 Theodosium
3468 3709 3585 3775 jus-

319 3803 461 3857 sisse
494 3814 555 3857 ut
587 3806 830 3861 Eusebio
855 3806 1036 3863 aditus
1065 3787 1554 3865 intercluderetur.
1581 3810 1730 3865 Idem
1766 3829 1988 3884 quoque
2012 3831 2043 3870 a
2076 3787 2343 3873 Iuvenale
2387 3817 2596 3870 dictum
2633 3787 2776 3878 esse,
2849 3807 3045 3867 eadem
3107 3815 3230 3861 acta
3291 3808 3580 3858 testantur.

320 3892 639 3952 Thalassius
661 3913 792 3952 vero
812 3899 970 3968 dixit,
993 3916 1052 3956 se
1079 3902 1462 3956 auctoritatem
1486 3919 1596 3957 non
1620 3904 1904 3961 habuisse.

1639 4013 1871 4069 νΑιιιΑι
1907 4014 2318 4072 LECTIONES.

391 4068 544 4129 ⁸⁸’ὧν
573 4079 668 4128 καὶ
695 4077 856 4147 ὲρωτ.

1519 4172 1787 4229 VALESll
1814 4175 2378 4232 ANNOTATIONES.

512 4263 798 4334 'Ertsifaz:
835 4265 984 4334 Lego
1011 4265 1230 4330 ὲπᾶξαι.
1613 4329 1618 4334 _

397 4331 470 4396 (ὅ)
503 4333 692 4384 Πόθεν·
722 4329 1004 4388 adre-215:8.
1073 4329 1262 4390 lilelius
1295 4337 1350 4390 in
1387 4339 1525 4392 actis
1581 4329 1891 4392 Chalcedo-

323 4403 781 4474 uenfis_coucilii,
822 4420 944 4474 pag.
982 4405 1071 4468 58,
1102 4404 1244 4465 εἰπὲ,
1279 4407 1333 4460 in
1361 4408 1706 4474 imperativo.

396 4467 618 4551 (ιχχρν
643 4467 1072 4551 ᾷρωτῄθεξξιζων.
1111 4475 1167 4551 l_n
1197 4477 1370 4551 _._Ae_tis
1422 4467 1892 4551 Chalcedonensis

320 4543 542 4594 concilii
586 4543 736 4595 solus
784 4543 1070 4598 Basiliusa
1112 4545 1398 4616 judicibus
1433 4557 1489 4601 et
1539 4550 1891 4602 senatoribus

1938 4319 1940 4323 .
1995 4270 2371 4338 interrogatus
2400 4268 2569 4322 fuisse
2599 4267 2843 4338 dicitur;
2876 4274 2934 4322 et
2957 4267 3220 4338 quidnam
3266 4264 3572 4338 interrogaa

1997 4340 2133 4394 tioni
2169 4335 2389 4393 illorum
2435 4337 2802 4407 responderit,
2837 4335 3043 4391 ibidem
3077 4335 3397 4407 subjicitur.
3445 4335 3576 4388 ναι-

1994 4419 2173 4480 gatam
2221 4418 2403 4463 tamen
2447 4405 3092 4480 scripturamconﬁrmat
3123 4405 3390 4480 Nicephtj
3417 4418 3583 4472 quam

1996 4474 2042 4533 si
2091 4480 2334 4534 retinere
2366 4474 2730 4539 voluerimus,
2762 4476 3057 4531 dicendum
3091 4476 3199 4530 erit
3230 4474 3493 4527 Basilium
3523 4481 3579 4526 et

1994 4565 2091 4604 eos
2114 4551 2208 4620 qui
2235 4565 2361 4604 cum
2386 4550 2478 4603 illo
2503 4557 2682 4613 erant,
2699 4549 3070 4617 interrogatos
3090 4561 3210 4600 esse
3231 4560 3261 4599 a
3279 4543 3584 4615 judicibus.

1775 4667 2164 4722 VARIORUH.
2220 4668 2225 4676 ’

400 4750 501 4824 (il,
516 4753 865 4824 Βασίλειον.
893 4752 1128 4809 Basilius
1162 4753 1427 4810 Seleucia
1457 4751 1518 4809 iii
1541 4755 1748 4810 Isauria
1773 4773 1889 4810 me-
1924 4762 1968 4818 D
1998 4762 2237 4814 sensisse
2269 4771 2325 4815 et
2360 4774 2511 4814 nunc
2542 4767 2598 4813 et
2631 4756 2762 4811 olim
2794 4764 3112 4824 compertus
3140 4754 3330 4815 fuerit,
3362 4751 3418 4824 in
3447 4764 3581 4803 con-a

321 4823 585 4894 t_r_op_oli_ta
632 4838 778 4894 anno
822 4824 928 4877 448
981 4825 1193 4894 synodo
1221 4826 1324 4879 ΟΡ.
1376 4825 1666 4891 interfuit;
1697 4827 1790 4880 ubi
1822 4827 1889 4881 de

317 4891 530 4946 Christi
566 4893 782 4946 naturis
835 4891 1200 4949 orthodoxam
1237 4895 1534 4949 admodum
1559 4897 1893 4950 sententiam

319 4962 473 5032 tulit,
498 4969 561 5032 et
598 4961 864 5032 Eutychis
886 4964 1225 5018 damnationi
1256 4980 1364 5018 non
1389 4965 1597 5019 invitus
1646 4966 1894 5020 subscri-

316 5031 454 5104 psit.
479 5031 638 5104 Anno
667 5031 850 5086 autem
868 5042 1139 5104 sequente
1163 5035 1217 5087 in
1257 5036 1547 5088 latrocinio
1593 5033 1895 5104 Ephesino,

317 5102 440 5155 sive
474 5116 504 5154 a
538 5102 798 5155 Dioscoro
825 5103 879 5156 vi
915 5105 1254 5172 compulsus,
1289 5105 1588 5159 siveinsita
1614 5102 1784 5160 animi
1818 5108 1898 5160 le-

320 5172 497 5243 vitate
528 5181 728 5234 motus,
755 5173 997 5243 priorem
1021 5176 1349 5228 sententiam
1383 5177 1562 5243 palam
1595 5178 1898 5239 revocavit,

320 5241 644 5312 Elavianum
699 5241 961 5312 suﬂ'ragio
1018 5258 1120 5297 suo
1183 5241 1488 5306 damnavit,
1532 5255 1588 5299 et
1642 5247 1779 5300 duas
1841 5247 1894 5299 in

317 5309 542 5364 Christo
564 5319 790 5365 naturas
814 5309 1098 5367 confessos
1115 5315 1618 5370 anathematizavit.
1647 5315 1766 5380 Quo
1796 5333 1899 5369 no-

318 5380 472 5432 mine
503 5395 629 5432 cum
662 5383 871 5452 synodo
917 5381 1355 5438 Chalcedonensi
1408 5400 1554 5439 anno
1583 5388 1678 5440 451
1726 5386 1900 5440 inter-

318 5457 495 5528 esset,
530 5465 572 5531 ᾳ.
597 5453 815 5531 copcilii
836 5453 1382 5531 Patribus,_sessioue
1413 5455 1607 5523 prima,
1637 5472 1740 5509 una
1773 5473 1897 5510 cum

320 5521 607 5595 primariis
667 5522 966 5595 latrocinii!
997 5523 1239 5595 ducibus
1304 5521 1532 5595 munere
1598 5528 1895 5595 epiSCOpali

317 5589 614 5644 submotus
635 5601 741 5657 est,
772 5592 881 5645 vim
905 5593 1011 5647 sibi
1057 5611 1087 5646 a
1124 5595 1385 5649 Dioscoro
1437 5589 1648 5649 illatam
1694 5589 1896 5649 frustra

318 5667 600 5714 causatus.
643 5660 904 5717 Sessione
950 5673 1130 5720 tamen
1169 5675 1383 5734 quarta,
1440 5680 1565 5719 cum
1625 5666 1893 5720 catitolice

1991 4831 2180 4888 cilium
2235 4831 2509 4884 admissus
2557 4844 2621 4883 ac
2677 4820 2964 4896 dignitati
2994 4825 3243 4896 pristinae
3287 4820 3585 4876 restitutus

1993 4902 2114 4959 l'u‘ll.
2137 4901 2301 4969 (Guil.
2329 4899 2631 4971 vas,_vol_.
2671 4899 2712 4962 Ι,
2747 4895 2868 4964 pag.
2900 4895 3057 4971 554.)
3104 4962 3143 4971 _
3281 4959 3294 4971 _
3321 4959 3333 4971 ο
3417 4959 3429 4971 ,
3601 4935 3605 4938 .

2069 4959 2151 5036 (Μ’
2165 4972 2326 5023 Μετὰ
2351 4971 2420 5022 δὲ
2453 4959 2567 5035 τὴν
2598 4959 2850 5038 grandir:
2880 4959 3048 5032 μίαν.
3104 4959 3430 5038 Ειιιγςιιίιιιιί
3499 4973 3586 5038 asa

1998 5031 2263 5098 serebant
2322 5031 2616 5092 humanam
2647 5033 2853 5108 Christi
2907 5043 3184 5094 naturam,
3216 5031 3420 5108 virtute
3465 5031 3584 5108 unis

2002 5112 2188 5174 tionis,
2226 5126 2256 5163 a
2289 5110 2476 5163 divina
2508 5105 2987 5178 adeoabsorptani
3019 5110 3273 5178 e_sse,‘_ut
3297 5099 3582 5178 ⁵Ῐιυιιιιιιιίφ

2005 5193 2087 5236 tas
2122 5169 2186 5233 in
2229 5195 2297 5233 eo
2344 5195 2455 5231 non
2507 5176 2744 5244 amplius
2803 5169 3246 5244 exstiterit._Sie
3297 5169 3582 5244 Eranistes

2005 5250 2150 5322 apud
2183 5248 2583 5322 Theodoritum
2603 5237 2669 5299 'in
2701 5243 2925 5322 Dialogo
2951 5260 2963 5294 :
3180 5240 3297 5322 ‘1qu
3334 5237 3582 5322 ⁹θεότητοι

2000 5310 2144 5387 λέγω
2179 5318 2543 5388 μεμενηκέναι
2564 5332 2577 5345 ’
2612 5310 2990 5388 καταποθῆναι
3015 5311 3072 5361 δὲ
3101 5310 3205 5388 ὑπὸ
3248 5310 3457 5388 ταύτης⁸
3478 5310 3578 5388 την

2001 5373 2414 5460 ἀνθρώπότητά..
2458 5385 2688 5460 Quando
2733 5373 2913 5460 autem
2947 5373 3576 5460 hmcuabsorptio'facta

2001 5449 2188 5523 fuerit,
2222 5449 2366 5513 inter
2389 5449 2647 5525 eos'haud
2683 5449 3098 5525 conven_it.__Alii
3133 5449 3282 5525 enim
3333 5454 3583 5525 tempore

1998 5513 2392 5598 Conce'ptionis
2430 5524 2750 5598 Dominiea:_,
2814 5521 2906 5574 alii
2943 5516 3425 5598 _Resurrectionis,
3451 5513 3463 5514 ί
3489 5513 3585 5568 alii

2002 5590 2355 5655 Ascensionis
2386 5597 2635 5654 elfectam
2661 5592 2830 5648 fuisse
2867 5590 3189 5662 Opinantur.
