3940 6202
257 218 382 288 2357

1189 221 1570 292 HiSTORldE
1605 223 2190 292 ECCiESiASTICii
2229 229 2454 293 LIBER
2489 232 2572 293 ῐῐ.

3335 229 3481 307 2558

259 339 452 390 σάντων
481 331 772 402 ἐσφάλθαι,
811 334 904 387 καὶ
940 335 1116 405 μάτην
1167 339 1360 400 αὐτοὺς
1407 340 1800 410 καθῃρηκέναι,

1911 342 1962 393 in
1994 343 2096 394 litle
2125 381 2139 399 .
2183 343 2384 412 injuste
2414 339 2648 410 depositi
2709 349 2830 392 esse
2881 350 3222 396 noscuntur:
3261 346 3479 401 videtutI

254 426 392 481 οὐδὲν
426 425 550 494 περὶ
575 424 674 493 τὴν
703 425 886 478 πίστιν
919 426 1212 494 σφαλέντες
1243 427 1572 492 δείκνυνται,
1605 431 1804 494 ἀδίκως

257 519 306 570 δὲ
337 513 780 584 καθαιρεθέντες·
817 514 1073 583 φαίνεται
1102 519 1236 587 ἡμῖν
1261 519 1400 572 κατὰ
1448 520 1506 572 τὸ
1537 521 1654 589 Θεῷ
1685 522 1809 591 ὀιρέ-

255 625 372 662 σκον
412 609 624 661 δίκαιον
666 604 827 672 εἶναι,
864 611 913 661 εἰ
961 611 1272 680 παρασταίη
1305 611 1382 681 τῷ
1427 613 1686 681 θειοτάτῳ
1721 615 1810 666 καὶ

249 699 604 766 εὐσεϐεστάτη)
654 695 812 766 ἡμῶν
859 697 1125 767 Δεσπὸτῃ,
1181 697 1256 766 τῷ
1313 698 1461 767 αύτῷ
1527 700 1806 768 ἐπιτιμίῳ,

252 788 524 858 Διόσκορον
589 789 680 840 τὸν
741 787 1132 841 εὐλαϐέστατον
1195 789 1492 842 ἐπίσκοπον
1556 789 1806 854 Ἀλεξαν-

247 880 436 948 δρείας.
469 882 561 932 καὶ
597 879 946 932 Ἰουϐενὰλιον
971 878 1060 931 τὸν
1085 878 1478 931 εὐλαϐέστατον
1507 881 1806 932 ἐπίσκοπον

256 970 650 1039 Ἱεροσολύμων,
683 971 776 1023 καὶ
814 970 1116 1024 Θαλάσσιον
1141 969 1231 1022 τὸν
1258 971 1656 1024 εὑλαϐἐστατον
1687 973 1809 1025 ἐπί-

247 1080 434 1114 σκοπον
461 1061 815 1129 Καισαρείας,
847 1063 940 1114 καὶ
1007 1061 1265 1114 Εὐσέϐιον
1293 1063 1382 1114 τὺν
1412 1063 1804 1116 εὐλαϐέστατον

246 1154 530 1203 ἐπίσκοπον
560 1151 848 1220 Ἀρμενίας
874 1151 1010 1218 (10),
1031 1153 1124 1204 καὶ
1165 1153 1458 1205 Εὐστάθιον
1476 1153 1565 1205 τὸν
1580 1153 1807 1206 εὐλαϐέ-

245 1260 426 1293 στατον
467 1242 761 1294 ἐπίσκοπον
809 1242 1074 1311 Βηρυτοῦ,
1105 1243 1201 1294 καὶ
1240 1243 1515 1296 Βασίλειον
1542 1243 1630 1296 τὸν
1653 1244 1810 1296 εὐλα-

215 1333 494 1384 ΰέστατον
533 1334 828 1385 ἐπίσκοπον
857 1332 1182 1395 Σελευκείας
1213 1335 1313 1402 τῆς
1356 1332 1651 1402 Ἰσαυρίας,
1684 1335 1810 1397 τοὺς

244 1417 484 1482 ἐξουσίαν
521 1421 818 1490 ἐσχηκότας
858 1421 950 1472 καὶ
986 1420 1314 1490 ἐξάρχοντας
1351 1421 1449 1491 τῆς
1509 1423 1630 1474 τότε
1687 1426 1812 1474 συν-

241 1511 370 1572 όδου,
409 1512 666 1564 ἐκπεσεῖν
695 1511 806 1580 (ll)
855 1509 940 1562 διὰ
969 1509 1067 1578 τῆς
1126 1513 1276 1580 ἱερᾶς
1323 1511 1530 1579 ταύτης
1591 1513 1807 1564 συνόδου

241 1602 374 1654 κατά
404 1605 533 1664 τοὺς
564 1603 794 1666 κανόνας
839 1601 931 1654 τοῦ
981 1603 1340 1656 ἐπισκοπικοῦ
1369 1603 1680 1672 ἀξιώματος
1707 1605 1804 1657 ἀλ-

241 1693 478 1762 λοτρίους
523 1693 866 1761 γινομένους,
901 1692 1118 1746 πάντων
1148 1693 1257 1746 τῶν
1287 1695 1803 1765 παρακολουθησάν·

241 1803 340 1836 των
379 1787 446 1854 τῇ
492 1783 610 1854 θείᾳ
655 1787 866 1854 κορυφῇ
913 1783 1352 1854 γνωριζομένων.
1399 1786 1514 1854 Ἐφ’
1561 1783 1645 1848 οἷς
1704 1789 1801 1840 ἐπ-

238 1877 460 1945 εϐόησαν
486 1878 536 1928 οἱ
564 1875 918 1928 ’Λνατολικοί·
944 1875 1088 1944 Αὕτη
1119 1875 1299 1928 δικαία
1318 1877 1518 1940 κρίσις.
1540 1880 1602 1930 0i
1624 1877 1678 1930 δὲ
1697 1878 1804 1929 τῶν

249 1967 514 2036 Ἰλλυριῶν
560 1967 852 2018 ἐπίσκοποι
905 1965 1347 2034 ὲπεκραύγασανδ
1395 1967 1600 2030 Πάντες
1633 1967 1802 2034 ἐσφά-

236 2055 414 2124 λημεν,
457 2056 659 2116 πάντες
711 2054 1041 2124 συγγνώμης
1097 2054 1440 2124 ἀξιωθῶμεν.
1481 2056 1592 2108 Καὶ
1643 2057 1804 2109 πάλιν

233 2148 330 2198 τῶν
359 2145 728 2198 ’Λνατολικῶν
758 2145 1186 2214 ἐπιϐοησάντων·
1207 2145 1354 2216 Αὕτη
1386 2147 1566 2199 δικαία
1585 2147 1764 2216 ψῆφος
1786 2165 1801 2179 ·

232 2239 316 2292 τὸν
349 2237 518 2306 φονέα
545 2239 572 2288 ὁ
602 2238 836 2305 Χριστὸς
883 2236 1122 2300 καθεῖλε,
1149 2238 1273 2298 τοὺς
1307 2237 1586 2306 μάρτυρας
1612 2239 1639 2290 ὁ
1669 2239 1798 2307 Χρι-

237 2331 345 2392 στὸς
389 2331 740 2399 ἐξεδίκησεν·
787 2330 837 2381 οἱ
883 2327 1235 2397 συγκλητικοὶ
1279 2328 1620 2396 διελάλησαν,
1661 2328 1800 2399 ὥστε

236 2421 456 2473 ἕκαστον
489 2421 596 2472 τῶν
629 2419 944 2472 ἐπισκόπων
985 2418 1090 2472 τῶν
1123 2418 1550 2486 συνειλεγμένων
1573 2417 1800 2481 ἰδιαζόν-

232 2528 329 2572 τως
371 2513 478 2578 τὴν
527 2509 734 2562 οἰκείαν
783 2509 1040 2561 ἐκθέσθαι
1095 2509 1300 2566 πίστιν,
1336 2510 1672 2576 γινώσκοντα
1725 2511 1800 2573 ὼς

233 2599 500 2662 θειότατος
535 2598 788 2668 βασιλεὺς
817 2599 955 2652 κατά
973 2598 1070 2668 τὴν
1100 2598 1316 2650 ἔκθεσιν
1349 2599 1458 2651 τῶν
1502 2601 1559 2652 ὲν
1596 2601 1802 2670 Νικαίᾳ

229 2692 551 2760 τριακοσίων
615 2696 705 2760 ιη’,
766 2691 860 2742 καὶ
907 2689 1014 2742 τῶν
1093 2692 1149 2741 ἐν
1232 2691 1801 2743 Κωνσταντινουπόλει

236 2789 302 2851 ρν¹
331 2783 434 2852 (12)
471 2781 754 2851 Πατὲρων,
787 2780 881 2832 καὶ
909 2780 1007 2842 τὰς
1027 2779 1314 2842 ἐπιστολάς
1345 2779 1452 2832 τῶν
1489 2781 1658 2848 ἁγίων
1691 2783 1800 2833 [Ια-

235 2871 410 2940 τέρων,
441 2870 776 2941 Γρηγορίου,
823 2869 1126 2935 Βασιλείου,
1163 2870 1418 2939 Ἱλαρίου,
1454 2871 1797 2936 Ἀθανασίου,

1917 430 2244 500 nobisjuxta
2285 430 2336 482 id
2375 430 2522 497 quod
2555 431 2662 482 Deo
2685 430 2882 497 placet,
2911 431 3118 498 justum
3147 447 3287 496 esse,
3319 436 3481 490 modo

1916 520 1965 571 id
1987 520 2248 588 placuerit
2268 519 2638 572 sacratissimo
2659 535 2722 571 ac
2751 519 3000 587 piissimo
3019 521 3248 574 Domino
3269 533 3480 591 nostro,

1915 621 1974 664 ut
2028 612 2320 664 Dioscorus
2355 611 2848 664 reverentlissimus
2905 611 3196 680 cpisc0pus
3245 613 3478 669 Alexan-

1913 699 2065 762 drize,
2095 708 2151 754 et
2179 700 2458 754 Juvenalis
2491 701 2984 754 reverendissimus
3027 703 3318 772 episcopus
3349 705 3480 758 llic-

1913 789 2333 860 rosolymorum,
2379 799 2435 843 et
2467 791 2782 844 Thalassius
2813 792 3307 847 revereudissimus
3361 796 3480 864 cpi-

1913 895 2109 948 scopas
2129 878 2388 934 Caesarem
2419 879 2796 949 Cappadocize,
2827 890 2882 934 et
2909 881 3180 937 Eusebius
3221 899 3481 938 reveren-

1912 969 2171 1023 dissimus
2200 971 2492 1038 episcopus
2515 974 2760 1040 Ancyra),
2781 979 2836 1024 et
2865 972 3186 1028 Eustathius
3217 991 3478 1031 reveren-

1912 1062 2172 1117 dissimus
2193 1062 2482 1132 episcopus
2509 1062 2712 1131 Beryti,
2745 1073 2800 1116 et
2829 1063 3061 1116 Basilius
3083 1066 3445 1119 reverendissi
3467 1095 3480 1106 -

1911 1170 2032 1208 mus
2048 1154 2339 1223 episcopus
2353 1153 2618 1208 Seleucia:
2645 1153 2883 1216 lsaurim,
2899 1154 2991 1221 qui
3011 1163 3140 1207 tunc
3154 1155 3478 1208 auctoritate

1913 1245 2122 1314 praediti
2169 1245 2408 1300 concilio
2465 1243 2837 1312 pra-fuerunt,
2878 1244 3056 1296 eidem
3090 1259 3262 1311 pCCIIIE
3292 1246 3476 1314 subja-

1911 1345 2092 1400 ccant,
2127 1335 2458 1390 sacrosancti
2505 1335 2724 1389 concilii
2765 1335 3035 1387 sententia
3069 1373 3082 1394 ,
3107 1335 3258 1403 juxta
3293 1350 3478 1388 sacros

1909 1442 2150 1482 canones
2193 1425 2358 1480 alieni
2425 1425 2493 1478 ab
2536 1425 2830 1494 episcopali
2885 1424 3150 1494 dignitate
3205 1425 3474 1492 judicati:

1910 1519 2124 1572 cunctis
2157 1533 2278 1586 qua:
2308 1524 2709 1583 consequenter
2755 1523 2905 1583 gesta
2945 1515 3150 1568 fuerint
3199 1515 3266 1568 ad
3297 1531 3478 1570 sacra-

1914 1608 2106 1662 tissimi
2148 1607 2412 1676 principis
2468 1605 2721 1660 notitiam
2757 1605 3121 1672 perferendis.
3178 1605 3305 1660 Post
3335 1608 3476 1662 hanc

1907 1698 2386 1752 interlocutionem
2437 1697 2796 1750 acclamatum
2851 1703 2936 1749 cst.
2987 1695 3054 1748 ab
3107 1697 3475 1750 Orientalibus

1903 1789 2443 1859 episcopis:Justum
2471 1788 2682 1842 esthoc
2705 1787 2994 1857 judicium.
3023 1785 3312 1856 Illyriciani
3343 1802 3476 1841 vero

1903 1883 2316 1936 exclamarunt:
2351 1879 2608 1934 Universi
2643 1878 3025 1946 peccavimus;
3077 1877 3320 1930 universi
3377 1892 3471 1930 vc-

1901 1974 2050 2026 niam
2079 1986 2502 2040 consequamur.
2533 1969 2776 2037 Cumque
2813 1967 3118 2022 Orientales
3150 1969 3348 2022 iterum
3377 1985 3470 2023 ac-

1903 2064 2268 2116 clamassent:
2305 2060 2428 2116 llaac
2474 2061 2746 2114 sententia
2794 2061 2941 2129 justa
2983 2069 3108 2113 est:
3143 2059 3474 2114 homicidam

1900 2153 2155 2208 Christus
2181 2151 2472 2220 deposuit:
2507 2151 2759 2206 Christus
2811 2159 3078 2220 martyres
3119 2151 3416 2204 vindicavit
3454 2165 3466 2200 :

1902 2254 2180 2300 senatores
2225 2244 2657 2312 interloquentes
2691 2243 3144 2312 pronuntiarunt,
3175 2252 3234 2296 ut
3264 2243 3471 2312 episce-

1903 2353 2098 2408 porum
2157 2337 2251 2405 qui
2324 2344 2696 2390 convenerant
2762 2335 3145 2404 unusquisque
3223 2351 3470 2390 seorsum

1883 2423 2063 2484 tidem
2091 2443 2244 2483 suam
2266 2434 2568 2495 exponeret
2594 2443 2608 2478 :
2635 2441 2732 2494 pro
2762 2435 2914 2480 certo
2947 2426 3178 2490 habens,
3220 2427 3476 2480 sacratis-

1902 2522 2100 2575 simum
2133 2524 2517 2588 imperatorem
2549 2518 2702 2586 juxta
2752 2518 3150 2586 expositionem
3197 2518 3320 2572 fidei
3363 2525 3473 2572 trc-

1901 2618 2188 2664 centorum
2220 2617 2276 2662 et
2301 2593 2608 2662 octodeciin
2637 2606 2860 2659 Patrum
2897 2607 2990 2674 qui
3015 2606 3208 2660 Niczerc
3244 2622 3477 2676 congre»

1900 2703 2010 2770 gati
2036 2707 2184 2765 sunt,
2217 2707 2274 2754 et
2325 2709 2548 2752 centum
2597 2712 2662 2751 ac
2690 2696 3092 2765 quinquaginta
3135 2697 3350 2750 illorum
3382 2697 3476 2764 qui

1899 2789 2431 2857 ConstantinOpolim
2470 2801 2808 2850 convenere;
2867 2787 2996 2840 item
3032 2788 3186 2856 juxta
3217 2787 3478 2855 epistolas

1902 2890 2218 2936 sanctorum
2253 2881 2476 2933 Patrum
2512 2877 2781 2946 Gregorii,
2823 2877 3032 2942 Basilii,
3058 2878 3271 2940 llilarii,
3307 2877 3477 2929 Atha-

245 2961 585 3036 Ἀμὸροσίου,
621 2964 717 3017 καὶ
761 2963 858 3023 τὰς
904 2961 998 3016 δύο
1023 2965 1120 3026 τὰς
1153 2963 1445 3030 Κυρίλλου,
1475 2963 1573 3025 τὰς
1609 2963 1701 3014 ἐπὶ
1729 2967 1794 3032 τῇ

1904 2973 2062 3036 nasii,
2097 2971 2396 3036 Ambrosii,
2427 2980 2482 3024 et
2505 2972 2658 3038 juxta
2688 2969 2827 3022 duas
2852 2969 3040 3038 Cyrilli
3069 2970 3328 3037 epistolas
3358 2985 3480 3036 qua:

237 3057 407 3126 πρώτῃ
481 3056 684 3124 συνὸἒῳ
733 3055 798 3124 τῇ
851 3057 908 3106 ὲν
951 3054 1159 3123 Ἐφέσῳ
1213 3053 1660 3120 δημοσιευθείσας
1702 3069 1790 3105 πι-

237 3145 433 3198 στεύειν
460 3146 550 3213 (ί).
584 3146 694 3198 Καὶ
725 3145 830 3215 γὰρ
865 3143 961 3196 καὶ
999 3143 1092 3195 τὸν
1141 3143 1535 3194 εὐλαϐέστατον
1568 3144 1795 3195 ἐπίσκο-

239 3247 326 3287 πον
347 3241 444 3307 τῆς
489 3235 868 3304 πρεσϐυτέρας
909 3231 1129 3303 Ῥώμης
1171 3234 1398 3294 Λέοντα,
1433 3234 1646 3303 Εὐτυχῆ
1703 3235 1797 3286 ἐπὶ

237 3327 426 3390 τούτοις
459 3326 736 3380 καθελεῖν.
774 3325 931 3379 Οὕτω
982 3325 1162 3377 τοίνυν
1191 3327 1284 3376 καὶ
1308 3323 1511 3391 ταύτης
1553 3325 1650 3392 τῆς
1679 3341 1802 3376 συν-

239 3418 502 3480 eisdem»;
532 3417 995 3484 καταπαυθείσης.
1026 3417 1083 3478 ἐς
1111 3414 1302 3484 ἑτέραν
1329 3414 1685 3466 συνελθόντων
1709 3415 1803 3484 μύ-

240 3525 330 3558 νων
362 3507 480 3576 (15)
510 3506 616 3558 τῶν
645 3507 956 3558 ὁσιωτάτων
987 3504 1325 3566 ἐπισκόπων,
1363 3501 1639 3564 λιόἐλλους
1699 3503 1801 3553 ἑπ-

243 3591 422 3648 ἐδωκεν
473 3595 784 3657 Εὐσέϐιοςὸ
817 3593 910 3646 τοῦ
964 3592 1254 3662 Δορυλαίου
1317 3591 1611 3652 ἐπίσκοπος
1663 3589 1802 3658 ὑπὲρ

243 3687 416 3740 ἑαυτοῦ
443 3689 548 3740 καὶ
585 3685 907 3748 Φλαὸιανοῦ,
946 3684 1008 3736 δι’
1041 3676 1101 3735 οὗ
1145 3681 1500 3750 ὲπεμέμψατο
1528 3682 1801 3750 Διοσκόρῳ

243 3777 306 3840 ὼς
331 3779 398 3831 τά
433 3778 584 3832 αὐτὰ
623 3778 852 3846 Εὑτυχεῖ
880 3775 1231 3844 φρονήσαντι,
1261 3773 1356 3824 καὶ
1393 3773 1474 3824 ὃτι
1516 3789 1578 3839 γε
1607 3773 1802 3834 αὐτοὺς

247 3865 330 3934 τῆς
358 3867 661 3937 ἱερωσύνης
685 3865 952 3933 ἀφείλετο.
985 3861 1347 3932 Προστὲθεικε
1371 3861 1426 3912 δὲ
1461 3863 1542 3914 ὅτι
1571 3862 1662 3913 καὶ
1683 3879 1797 3930 φω-

1891 3063 1946 3115 in
1977 3062 2152 3131 prima
2185 3060 2394 3130 synodo
2425 3058 2700 3127 Ephesina
2764 3058 3008 3112 recitatae
3045 3070 3194 3120 sunt,
3228 3059 3476 3114 credere.

1891 3151 2028 3204 Nam
2058 3157 2114 3204 et
2137 3147 2656 3202 reverendissimum
2683 3146 2920 3200 senioris
2943 3147 3128 3200 Romae
3157 3150 3479 3215 episcopum

1893 3239 2154 3302 Leonem,
2179 3238 2331 3308 juxta
2347 3237 2592 3290 eamdem
2617 3235 2776 3290 fidem
2801 3236 3105 3306 Eutychem
3134 3235 3477 3304 deposuisse.

1897 3329 2055 3383 Hunc
2088 3327 2144 3380 in
2167 3326 2390 3380 modum
2425 3327 2576 3379 finita
2607 3326 2708 3380 hac
2739 3327 2953 3380 actione
2975 3367 2990 3390 ,
3022 3342 3146 3380 cum
3177 3328 3480 3397 religiosis-

1847 3419 1854 3424 ’
1907 3421 2028 3474 simi
2065 3419 2305 3489 episcopi
2348 3418 2416 3472 ad
2447 3419 2673 3472 alteram
2702 3418 2974 3472 actionem
3026 3419 3126 3472 soli
3155 3418 3315 3488 315
3353 3434 3484 3473 con-

1909 3513 2212 3573 venissent,
2234 3509 2504 3562 Eusebius
2531 3509 2822 3577 episcopus
2858 3509 3088 3578 Dorylai
3111 3510 3323 3563 libellos
3353 3525 3480 3578 por-

1908 3599 2048 3653 rexit
2095 3615 2196 3668 pro
2234 3613 2293 3652 se
2327 3606 2382 3652 et
2424 3613 2526 3666 pro
2574 3598 2863 3660 Flaviano,
2904 3599 3107 3667 quibus
3157 3599 3482 3654 Dioscorum

1907 3691 2220 3750 accusabat.
2253 3690 2398 3758 quod
2449 3689 2640 3743 eadem
2688 3705 2812 3742 cum
2844 3690 3090 3758 Eutyche
3119 3691 3368 3752 sentiret,
3425 3699 3482 3745 et

1905 3779 2052 3848 quod
2100 3777 2466 3832 sacerdotium
2523 3777 2655 3844 ipsis
2683 3775 3002 3830 ademisset.
3050 3777 3260 3846 Adjccit
3315 3778 3478 3832 etiam

1435 3973 1704 4040 VALESll
1745 3975 2300 4032 ANNUTATIONES.

310 4097 410 4169 (l0)
447 4099 818 4169 Ἐπίσκοξτον
839 4091 1548 4169 itpyew'ag.__8cribettdum
1570 4101 1653 4169 est
1675 4093 1800 4169 '_Ay-

251 4163 403 4236 κύρας
423 4186 488 4224 ex
511 4168 669 4222 Actis
697 4163 1222 4236 Chalced.concilii,
1251 4180 1371 4233 pag.
1411 4163 1530 4227 132,
1565 4163 1656 4216 ubi
1683 4163 1798 4217 haec

249 4235 470 4305 judicum
506 4238 860 4291 interlocutio
894 4235 1149 4305 refertur.

307 4306 410 4428 3H)
462 4307 798 4362 Ἐκπεσεῖν.
837 4305 1056 4359 Rectius
1100 4304 1153 4356 in
1200 4301 1413 4356 actione
1441 4301 1614 4370 prima
1637 4299 1799 4356 Chal-

341 4379 555 4428 onensis
587 4375 826 4428 concilii.
860 4390 981 4428 nas.
1011 4374 1130 4428 ’52.
1171 4372 1432 4424 scribitur
1480 4372 1794 4423 ὑποπεσεῖν.

254 4372 555 4443 ςτθᾶοῐίθηείε
587 4375 826 4434 concilii.
860 4390 981 4443 pag.
1011 4374 1130 4435 l52,
1171 4372 1452 4443 scribitur‘
1480 4372 1794 4443 ὑποπεσεῖν.

257 4441 484 4500 Refertur
505 4445 657 4499 enim
691 4446 754 4496 ad
785 4445 836 4496 id
864 4439 1012 4512 qtfod
1053 4439 1461 4512 prtecessit.irq;
1494 4441 1643 4512 αὐτῷ
1674 4441 1793 4512 επις

251 4515 417 4583 τιμίῳ,
441 4525 609 4583 atque
633 4515 706 4566 ita
735 4509 899 4568 etiam
925 4509 1124 4583 legitur
1171 4525 1332 4583 supra
1363 4511 1417 4563 in
1462 4525 1592 4583 Acap.
1619 4511 1651 4562 4
1689 4509 1792 4562 hu-

249 4581 326 4652 jus
347 4579 488 4648 libri,
518 4579 618 4636 ubi
647 4584 760 4635 htec
780 4579 1028 4652 judicum
1059 4581 1413 4652 interlocutio
1461 4579 1693 4652 i_ntegra_
1711 4594 1793 4652 re-

1970 4092 2079 4161 (13)
2111 4093 2534 4146 Συνελθόντων
2549 4093 2770 4158 μόνων.
2805 4091 2862 4144 In
2887 4091 3102 4145 actione
3129 4090 3286 4143 tertia
3313 4090 3474 4146 Chal-

1898 4165 2020 4217 ccd.
2053 4163 2272 4216 concilii
2307 4163 2407 4214 soli
2437 4171 2822 4214 convenerunt
2853 4161 3118 4229 episcopi,
3159 4177 3256 4213 nec
3279 4161 3372 4214 ulli
3409 4177 3477 4216 ex

1897 4233 2264 4286 s:rcularibus
2296 4232 2576 4297 judicibus
2617 4247 2682 4283 ac
2729 4231 3076 4284 senatoribus
3111 4231 3344 4282 concilio
3391 4232 3477 4285 in-

1899 4302 2226 4355 tet-fuerunt.
2265 4302 2398 4354 Nam
2435 4302 2488 4354 in
2523 4317 2584 4354 ca
2618 4299 3182 4364 sessione-agendum
3233 4311 3354 4353 erat
3407 4297 3476 4356 de

1899 4371 2003 4424 llde
2033 4389 2045 4424 :
2081 4386 2242 4439 quam
2277 4380 2336 4423 ut
2373 4377 2731 4437 exponerent,
2785 4369 3000 4421 invitati
3051 4369 3206 4439 prius
3259 4368 3478 4439 fuerant

1900 4437 2145 4508 episcopi
2189 4457 2216 4493 a
2261 4439 2678 4508 gloriosissitnis
2719 4439 3021 4506 judicibus.
3055 4437 3312 4505 Episc0pi
3343 4455 3475 4494 vero

1901 4511 1996 4564 diu
2024 4507 2244 4578 quidem
2270 4507 2344 4561 ίίιι
2397 4515 3114 4578 ῃιτοςιιιιοογιξριῑηξιιιγρτιυη,
3153 4523 3276 4578 cum
3325 4507 3478 4562 dice-

1901 4577 2296 4633 rent’suli‘iecre
2327 4578 2614 4630 formulam
2659 4577 2782 4630 fidei
2820 4577 3058 4636 Niceme,
3091 4587 3210 4644 qua}
3243 4577 3296 4628 in
3331 4579 3476 4631 (Ion-

253 4646 420 4720 l'ertur.
451 4646 510 4706 in
537 4655 569 4706 .i
595 4646 1011 4705 autetn'actione
1037 4647 1506 4720 synodiChalced.
1533 4646 1792 4720 pag.2l7,
1831 4647 1873 4702 υ
1901 4650 2472 4720 stantinopolit.amt__et
2503 4648 2556 4720 in
2589 4649 2766 4714 prima
2805 4646 3475 4720 Eplmsinasynodofue-

255 4718 482 4791 iznsasiv
525 4722 749 4791 quidem
779 4722 1013 4790 legitur;
1060 4717 1152 4774 Sed
1186 4719 1414 4791 verbum
1443 4717 1696 4791 additum
1714 4727 1798 4771 est

255 4785 300 4860 in
337 4785 859 4860 superio'rilms’hoe
917 4791 1099 4860 modo,
1148 4787 1226 4855 τῷ
1274 4787 1422 4860 αὑτῴ
1483 4787 1794 4860 ὑπαχθῆναι

253 4855 508 4928 ἐπιτιμίῳ.
561 4859 722 4925 Quod
769 4861 812 4912 si
859 4857 1086 4912 verbum
1143 4855 1404 4908 ἐκπεσεῖν
1439 4857 1794 4916 retineamus,

253 4931 354 4997 ium
393 4931 682 4997 superflua:
729 4937 894 4982 erunt
932 4929 1054 4982 dum
1093 4941 1257 4997 voces
1293 4941 1414 4997 quae
1463 4936 1792 4993 sequuntur,

250 4993 544 5066 ἀλλοτρίους
582 4999 928 5066 γενομένους.
985 4997 1146 5052 Certe
1182 4996 1275 5066 lue
1317 4993 1456 5066 dua:
1505 5004 1794 5066 postrema:

251 5063 411 5118 voces
430 5063 644 5122 desunt
669 5063 727 5120 in
765 5067 970 5119 nostris
1017 5065 1322 5126 codicibus,
1350 5063 1584 5118 [Ποῖ-,οι
1627 5063 1792 5128 Tcll.,

251 5135 634 5204 nec‘hahentur
673 5135 814 5204 apud
845 5135 1236 5204 Nicephorum.

311 5201 414 5270 (12)
460 5204 580 5256 Τῶν
611 5205 681 5256 ἐν
709 5201 1348 5256 ’Κωνστακνινουπόλει
1371 5202 1479 5270 ρκ’.
1505 5203 1559 5256 In
1595 5203 1800 5271 optimo

247 5271 422 5326 codice
443 5274 757 5328 Florentino
781 5274 978 5326 desunt
1005 5274 1120 5327 hate
1151 5273 1338 5334 verba,
1376 5279 1430 5324 ἐν
1465 5275 1800 5325 Κωνσταντι-

249 5343 480 5412 pandite;
505 5359 519 5371 ο
554 5359 674 5412 quae
700 5343 922 5412 quidem
966 5355 1066 5396 nec
1105 5343 1158 5395 in
1189 5344 1326 5396 actis
1361 5343 1544 5396 Chalc.
1578 5343 1795 5397 concilii

249 5403 528 5477 habentur,
563 5403 622 5466 ut
655 5403 856 5466 νίίιοτο-
874 5421 958 5467 est
981 5427 1100 5482 pag.
1134 5413 1235 5466 152
1259 5413 1520 5466 editionis
1547 5413 1706 5466 Binii.

1897 4727 1983 4772 rat
2006 4717 2344 4771 confirmata.
2374 4716 2618 4769 Tandem
2647 4725 2824 4768 tamen
2847 4716 3199 4783 postulationi
3222 4717 3472 4784 judicum

1896 4797 2195 4842 cesserant.
2247 4802 2416 4853 seque
2467 4786 2518 4837 id
2569 4785 2810 4838 facturos
2863 4786 3250 4853 promiserant.
3303 4785 3472 4837 Porro

1896 4859 1986 4910 ubi
2017 4857 2084 4909 de
2121 4856 2224 4909 fide
2255 4857 2456 4924 agitur,
2505 4857 2668 4907 titillat-3
2703 4865 2828 4924 sunt
2875 4863 3056 4924 partes
3083 4854 3330 4920 judicum
3353 4869 3471 4924 _sa‘-

1895 4927 2186 4981 culariutn.
2225 4921 2472 4979 lui—tertia
2515 4925 2681 4992 igitur
2711 4923 2926 4992 actione
2963 4923 3016 4992 in
3052 4937 3156 4988 qua
3189 4921 3464 4992 agendum

1895 5006 2018 5050 erat
2062 4997 2129 5049 de
2183 4996 2308 5058 fide,
2361 4995 2494 5046 nulli
2540 4989 2836 5050 adfuerunt
2891 4989 3108 5058 jutliccs
3157 4991 3468 5044 szeeulares.

1894 5067 2164 5121 Czeterutn
2209 5065 2508 5117 notandum
2541 5071 2624 5115 est
2685 5062 2976 5126 Evagrium
3036 5061 3136 5113 hoc
3181 5062 3301 5113 loco
3331 5076 3470 5126 pra:-

1913 5136 2212 5189 termisissc
2246 5143 2394 5200 gesta
2423 5131 2654 5184 actionis
2699 5130 2971 5183 secundae.
2995 5129 3244 5200 i'l‘ertiam
3303 5129 3472 5200 igitur

1907 5206 2178 5258 actionem
2227 5199 2325 5268 pro
2372 5201 2610 5254 secunda
2654 5204 2864 5267 cepisse
2921 5199 3138 5252 videtur
3185 5199 3466 5262 Evagrius.

1906 5274 2074 5342 idque
2101 5273 2426 5326 etmlirmant
2459 5279 2580 5342 acta
2611 5269 2784 5336 ipsius
2809 5268 3030 5342 synodi,
3063 5285 3184 5338 pag.
3223 5270 3344 5322 177.
3377 5268 3466 5319 ubi

1903 5339 2144 5396 secunda
2178 5340 2527 5411 congregatio
2565 5343 2681 5392 sive
2728 5341 2870 5392 actio
2909 5339 3128 5394 videtur
3171 5355 3292 5407 quae
3327 5353 3473 5390 nunc

1901 5423 1986 5466 est
2020 5414 2198 5466 tertia.

1681 5523 2064 5577 VAI’JORUM.

318 5617 376 5684 (f)
407 5617 511 5672 Ἐν
545 5621 764 5690 Ἐφέσῳ
796 5621 1296 5689 δημοσιευθείσας
1327 5621 1646 5674 πιστεύειν.
1687 5619 1800 5690 Legg:

1909 5635 1996 5686 tun
2029 5617 2294 5670 πιστεύει.
2329 5618 2418 5670 ιγ.
2449 5616 2662 5670 Lemn.
2729 5643 2732 5646 ‹
