4070 6176
480 188 636 257 2559

1705 176 2023 249 EVAGRII
2063 176 2550 247 SCHOLASTICI

3616 184 3759 251 2560

490 324 658 366 voces
683 294 948 375 quasdam
971 319 1096 374 qua:
1127 302 1183 357 in
1209 301 1419 374 synodo
1452 309 1584 356 tunc
1612 310 1942 370 congregata
1974 299 2076 353 mi-

2183 299 2280 362 νὰς
2311 299 2385 370 μὴ
2413 296 2713 368 εἰρημένας
2737 298 2803 369 τῇ
2837 294 2898 351 τὸ
2926 294 3230 368 τηνικαῦτα
3244 299 3528 375 ἁλισθεισῃ
3557 304 3759 372 συνιὲδῳ

493 403 645 456 nime
675 397 837 453 dictat-
857 406 1065 461 essent,
1085 411 1117 449 a
1146 395 1411 448 Dioscoro
1439 392 1580 448 actis
1607 392 1857 446 insertas
1871 390 2074 446 fuisse:

495 504 723 548 curasse
756 496 1020 557 praeterea
1054 484 1309 540 eumdem
1340 484 1661 538 Dioscorum
1684 523 1699 545 ,
1732 491 1792 537 ut
1830 483 2077 553 episcopi

408 580 443 651 ’ξ
496 585 552 638 in
597 583 789 638 charta
849 593 987 649 pura
1039 575 1480 632 subscriberent.
1541 574 1960 643 Postulavitque
2022 583 2081 628 ut

493 685 618 731 acta
651 672 836 729 omnia
857 669 1112 725 secundm
1134 666 1332 738 synodi
1360 665 1671 735 Ephesium,
1695 665 2078 734 episcoporum

493 767 590 837 qui
642 762 954 834 congregati
985 768 1147 815 erant
1174 759 1385 830 judicio
1426 757 1861 821 inﬁrmarentur,
1909 767 2079 827 utque

496 858 600 928 ipsi
631 857 958 927 dignitatem
982 852 1279 909 sacerdotii
1332 861 1753 921 recuperarent,
1784 860 1957 921 utque
1984 867 2083 905 ne-

493 949 690 1003 farium
716 946 850 1001 illud
885 947 1081 1016 dogma
1111 945 1460 999 anathemate
1502 944 1880 998 damnaretur.
1914 940 2082 999 Petiit

493 1038 661 1093 etiam
686 1048 808 1106 post
841 1036 1220 1090 recitationem
1246 1032 1418 1088 libelli
1453 1032 1573 1097 sui,
1622 1041 1683 1086 ut
1728 1032 2082 1088 adversarius

491 1126 731 1181 adesset.
764 1125 1014 1194 Cumque
1048 1123 1297 1192 episcopi
1326 1123 1624 1192 iussissent
1674 1129 1738 1175 ut
1768 1121 1944 1186 ﬁeret,
1976 1121 2085 1201 Ae-j

496 1217 607 1271 tius
632 1217 1054 1271 archidiaconus
1078 1224 1133 1268 et
1160 1212 1512 1283 primicerius
1544 1213 1889 1268 notariorum
1943 1213 2081 1267 dixit

494 1307 803 1376 profectum
828 1322 886 1361 se
917 1321 1039 1361 esse
1068 1305 1137 1359 ad
1170 1304 1517 1368 Dioscorum,
1561 1303 1863 1372 itidemque
1892 1303 1962 1358 ad
1994 1317 2083 1358 re-

493 1400 714 1470 liquos:
748 1399 1070 1453 Dioscorum
1104 1412 1238 1451 vero
1274 1395 1648 1465 respondisse,
1704 1395 1993 1466 prohiberi
2020 1410 2080 1451 se

494 1508 526 1547 a
554 1491 878 1546 custodibus
910 1504 978 1544 ne
1007 1488 1074 1543 ad
1110 1488 1408 1542 concilium
1439 1487 1649 1542 veniat.

564 1581 727 1635 Facta
758 1580 954 1633 iterum
987 1576 1412 1631 interlocutione
1426 1577 1640 1646 iussum
1685 1582 1791 1639 est,
1859 1587 1922 1631 ut
1952 1568 2081 1631 Dio-

493 1687 687 1727 scorus
718 1687 818 1741 pro
849 1670 1061 1724 foribus
1087 1669 1309 1723 concilii
1334 1676 1695 1739 quaereretur.
1734 1670 1802 1723 Et
1833 1684 1959 1724 cum
1990 1685 2079 1725 re-

493 1772 682 1833 pertus
730 1777 840 1815 non
866 1770 1033 1824 esset,
1065 1761 1350 1816 Anatolius
1384 1760 1898 1831 Constantinopolis
1953 1761 2076 1831 epi-

491 1868 693 1923 scopus
734 1852 1109 1921 interloquens
1147 1851 1305 1915 dixit,
1351 1851 1555 1906 debere
1601 1851 1754 1905 illum
1780 1852 1997 1906 evocari
2023 1860 2080 1906 et

492 1945 728 2002 concilio
761 1944 1050 1999 interesse.
1076 1943 1388 2009 Quodcum
1405 1943 2078 1997 exsecutionimandatum

493 2038 712 2101 fuisset,
745 2037 1043 2090 redeuntes
1077 2034 1113 2087 ii
1139 2034 1234 2104 qui
1288 2034 1438 2088 missi
1466 2034 1685 2087 fuerant
1737 2033 1806 2087 ad
1856 2035 2080 2088 Diosco-

490 2136 633 2189 rum.
672 2128 1062 2181 renuntiarunt
1087 2141 1214 2180 eum
1237 2125 1442 2180 dixisse
1467 2142 1480 2178 :
1514 2125 1629 2180 Sub
1651 2126 1903 2180 custodia
1933 2140 2075 2180 sum.

488 2213 684 2273 Dicant
721 2217 995 2281 custodes,
1046 2216 1218 2271 velint
1248 2232 1318 2271 ne
1365 2208 1499 2270 mihi
1527 2216 1855 2286 permittere
1911 2224 1972 2270 ut
2004 2212 2072 2269 ad

487 2309 781 2365 concilium
815 2322 1060 2376 pergam.
1106 2306 1354 2375 Cumque
1380 2306 1545 2377 legati
1579 2306 1801 2360 concilii
1843 2321 2079 2375 respon-

486 2401 697 2457 dissent
718 2416 776 2455 se
791 2399 860 2453 ad
890 2399 1043 2452 illum
1073 2398 1274 2452 missos
1291 2412 1433 2461 esse,
1482 2401 1592 2451 neu
1623 2412 1754 2451 vero
1784 2396 1850 2450 ad
1906 2396 2079 2465 magi-

488 2492 746 2548 striunos:
777 2489 1087 2543 retulerunt
1107 2489 1431 2543 Dioscorum
1454 2487 1570 2541 hzec
1586 2487 1827 2541 dixisse:
1853 2488 2082 2541 Paratus

488 2596 610 2636 sum
646 2578 834 2633 venire
856 2577 924 2631 ad
956 2592 1170 2631 sacrum
1200 2582 1256 2628 et
1277 2575 1587 2630 universale
1615 2576 1917 2631 concilium
1948 2575 2079 2630 :sed

489 2672 811 2742 prohibeor.
852 2667 1064 2734 Quibus
1100 2666 1301 2737 adjecit
1349 2667 1649 2731 Himerius,
1699 2667 2067 2721 redeuntibus

490 2763 955 2834 ipsisaDioscoro
1004 2759 1312 2815 occurrisse
1341 2759 1651 2829 adjutorem
1696 2758 1942 2828 magistri
1994 2774 2081 2812 sa-

489 2872 711 2910 crorum
744 2855 1070 2917 olliciorum,
1106 2861 1163 2907 et
1189 2852 1483 2921 episcopos
1515 2867 1624 2905 una
1674 2866 1802 2906 cum
1841 2851 1938 2904 i-llo
1989 2865 2079 2904 re-

2180 388 2572 462 προστέθεικεν
2600 389 2660 443 ὲν
2687 392 2801 453 τοῖς
2825 390 3209 461 ὑπομνήμασι,
3245 392 3342 446 καὶ
3374 394 3450 458 ὡς
3475 394 3761 464 ἀγράφους

2180 480 2390 550 χάρτας
2435 479 2848 551 παρεσκεύασεν
2886 481 3086 543 αὐτοὺς
3115 480 3604 554 ὑποσημήνασθαι.
3648 488 3761 541 Καὶ

2180 572 2375 642 ἐδεήθη
2412 572 2550 627 ὥστε
2578 574 2643 625 ὲκ
2662 571 2844 642 ψήφου
2864 573 2975 625 τῶν
3007 575 3439 645 συνειλεγμένων
3464 578 3760 648 ἀκυρωθῆ-

2180 682 2270 718 ναι
2303 664 2482 718 πάντα
2524 663 2593 717 τὰ
2639 666 2696 717 ὲν
2743 666 2809 735 τῇ
2850 664 3077 736 δευτέρα
3110 666 3311 737 συνόδῳ
3338 671 3404 738 τῇ
3446 670 3504 721 ὲν
3543 668 3759 737 Ἐφέσῳ

2181 756 2578 827 πεπραγμένα,
2608 756 2703 810 καὶ
2752 755 2899 825 ἔχειν
2939 758 3140 820 αὐτοὺς
3172 759 3270 828 τὴν
3306 760 3627 832 ἱερωσύνην,
3664 762 3761 816 καὶ

2181 848 2761 918 ἀναθεματισθῆναιτὸ
2790 849 3191 919 μιαρὸν’ὲκεῖνο
3225 850 3424 919 δόγμα.
3458 854 3566 905 Καὶ
3591 853 3757 921 ἠξίω-

2184 956 2243 992 σε
2282 937 2422 1008 μετὰ
2442 938 2541 1007 τὴν
2563 938 2890 1007 ἀνάγνωσιν,
2935 940 3029 993 καὶ
3058 940 3149 992 τὸν
3174 941 3446 994 ἀντίδικον
3474 947 3750 1014 παρεῖναι.

2182 1022 2257 1086 Οὗ
2282 1031 2345 1100 δὴ
2382 1031 2799 1102 διαλαληθέντος
2830 1032 3109 1101 γενέσθαι,
3155 1017 3380 1102 εἴρηκεν
3430 1035 3627 1097 Ἀέτιος
3659 1036 3755 1106 ἀρ-

2181 1123 2484 1195 χιδιάκονος
2507 1123 2603 1176 καὶ
2623 1128 2989 1195 πριμικήριος
3017 1124 3305 1197 νοταρίων,
3336 1126 3412 1191 ὡς
3440 1128 3590 1200 διέϐη
3622 1131 3759 1200 πρὸς

2179 1218 2495 1287 Διόσκορον,
2554 1215 2746 1288 ὥσπερ
2806 1213 2899 1271 οὖν
2952 1219 3048 1270 καὶ
3074 1219 3212 1289 πρὸς
3252 1219 3379 1282 τοὺς
3418 1220 3635 1285 ἄλλους,
3664 1223 3760 1275 καὶ

2180 1305 2302 1363 εἷπε
2328 1308 2397 1369 ⁸³.
2423 1304 2500 1379 μὴ
2531 1308 2933 1380 συγχωρεῖσθαι
2974 1308 3082 1362 ὑπὸ
3116 1308 3225 1363 τῶν
3257 1310 3638 1379 φυλαττόντων
3661 1314 3761 1365 αὐ-

2178 1401 2269 1454 τὸν
2300 1400 2730 1473 παραγενέσθαι.

2252 1579 2363 1633 καὶ
2389 1577 2681 1647 διελαλήοη
2711 1575 3019 1647 ζητηθῆναι
3047 1577 3140 1632 τὸν
3172 1578 3462 1650 Διόσκορον
3512 1580 3622 1649 πρὸ
3663 1580 3759 1635 τοῦ

2182 1669 2479 1741 συνεδρίου.
2539 1669 2652 1723 Καὶ
2710 1670 2785 1737 μὴ
2827 1668 3146 1737 εὑρεθέντος
3195 1670 3383 1734 αὐτοῦ,
3451 1672 3760 1738 ’Λνατόλιος

2179 1762 2474 1824 ἐπίσκοπος
2496 1762 3121 1825 Κωνσταντινουπόλεως
3152 1758 3488 1829 διελάλησεν,
3523 1765 3760 1834 ὀφείλειν

2178 1850 2340 1905 αὑτὸν
2384 1850 2812 1922 μετακληθῆναι,
2860 1851 2955 1904 καὶ
2988 1852 3046 1905 ἐν
3095 1854 3160 1921 τῇ
3198 1853 3400 1923 συνόδῳ
3448 1856 3758 1925 παραγενέ-

2182 1944 2328 2000 σθαι.
2366 1944 2475 1997 Καὶ
2504 1942 2697 1996 τούτου
2727 1942 3049 2011 γενομένου,
3082 1945 3521 2014 παραγενόμενοι
3548 1947 3596 1999 oi
3628 1949 3762 1999 ἁπο-

2181 2036 2490 2102 σταλέντες,
2531 2037 2786 2106 εἰρήκασι
2828 2036 3002 2089 εἰπεῖν
3039 2032 3224 2102 αὑτὸν,
3250 2036 3594 2106 Φυλάττομαι
3623 2039 3755 2107 ἐγώ.

2182 2127 2245 2181 El
2284 2128 2342 2182 δὲ
2386 2126 2730 2198 συγχωροῦσί
2775 2142 2867 2196 μοι
2919 2127 3222 2190 κατελθεῖν,
3281 2131 3612 2183 εἰπάτωσαν.
3648 2131 3762 2183 Καὶ

2181 2218 2443 2271 εἰπόντων
2476 2217 2627 2287 αὐτῴ
2658 2217 2768 2269 τῶν
2794 2217 3246 2287 ἀπεσταλμένων,
3290 2220 3365 2283 ὡς
3405 2224 3541 2291 πρὸς
3573 2222 3755 2284 αὑτὸν,

2179 2310 2240 2363 οὐ
2269 2310 2405 2379 πρὸς
2432 2311 2559 2370 τοὺς
2591 2312 3019 2380 μαγιστριανοὺς
3049 2310 3456 2385 ἀπεστάληραν,
3482 2309 3763 2380 διεξῆλθον

2180 2401 2358 2454 εἰπεῖν
2408 2401 2591 2462 αὐτὸν,
2624 2400 2882 2471 Ἕτοιμός
2915 2403 3030 2471 εἰμι
3072 2403 3484 2473 παραγενέσθαι
3536 2406 3616 2465 εἰς
3660 2406 3763 2473 τὴν

2182 2494 2343 2560 ἁγίαν
2383 2494 2479 2546 καὶ
2524 2494 2913 2562 οἰκουμενικὴν
2964 2494 3215 2547 σύνοδον·
3270 2495 3408 2547 ἀλλᾶ
3450 2495 3758 2563 κωλύομαι.

2183 2579 2279 2647 Οἷς
2330 2583 2722 2654 προστέθεικεν
2760 2582 3018 2654 Ἱμέριος,
3063 2585 3137 2648 ὡς
3176 2585 3549 2638 κατελθόντων
3582 2587 3767 2639 αὐτῶν

2181 2674 2334 2743 παρὰ
2384 2672 2700 2743 Διοσκόρου,
2769 2674 3079 2743 ὑπήντησεν
3130 2678 3158 2727 ὁ
3215 2675 3407 2744 βοηθὸς
3460 2676 3555 2730 τοῦ
3601 2677 3771 2746 μαγί-

2185 2780 2346 2835 στρου
2378 2763 2489 2834 (14)
2524 2764 2631 2816 τῶν
2659 2763 2820 2816 θείων
2867 2764 3157 2832 ὀφιρικίων,
3186 2766 3280 2819 καὶ
3314 2768 3432 2835 μετ’
3464 2768 3625 2820 αὐτοῦ
3653 2770 3766 2821 πά-

2181 2856 2263 2908 λιν
2291 2855 2550 2923 γεγόνασι
2585 2854 2721 2924 πρὸς
2756 2854 3049 2929 Διόσκορον
3074 2858 3121 2909 οξ
3158 2857 3471 2921 ὲπίτκοποι,
3510 2861 3602 2913 καὶ
3631 2861 3771 2931 περὶ

491 2961 680 3002 versos
705 2961 827 3001 esse
876 2943 944 2999 ad
973 2944 1321 3007 Dioscorum,
1355 2942 1536 3012 deque
1579 2942 1688 2997 illis
1738 2943 1988 3012 quaedam
2022 2957 2076 2997 se

2182 2944 2386 2998 τούτων
2415 2947 2473 2997 ὲν
2499 2946 2745 3015 σημείοις
2769 2946 2891 2999 τινὰ
2920 2946 3082 3016 ἔχειν.
3114 2947 3298 3018 "An-ep
3320 2950 3766 3017 ἀναγνωσθέντα,

491 3038 696 3092 habere
720 3051 844 3106 quae
888 3035 1038 3089 notis
1056 3034 1379 3103 excepisset.
1404 3033 1480 3088 Ea
1498 3033 1737 3103 perlecta
1764 3032 2078 3087 indicabant

490 3129 809 3184 Dioscorum
858 3127 976 3181 hazc
1004 3126 1073 3180 ad
1114 3127 1341 3180 verbum
1376 3125 1581 3179 dixisse
1611 3142 1624 3177 :
1658 3124 1955 3193 Postquam
1987 3138 2076 3177 me

488 3216 607 3290 ipse
639 3220 913 3290 recollegi,
951 3228 1007 3274 et
1056 3219 1188 3289 quid
1215 3219 1351 3273 mihi
1393 3218 1681 3290 expediret
1704 3216 2073 3283 consideravi,

492 3313 567 3368 ita
584 3313 910 3379 respondeo.
934 3302 1387 3381 Quandoquidem
1411 3311 1466 3364 in
1483 3312 1766 3380 superiore
1780 3326 2072 3374 concessu,

493 3402 1024 3473 inagniticentissimi
1059 3402 1278 3472 judices
1300 3410 1425 3471 post
1450 3402 1652 3455 multas
1694 3402 1961 3472 cujusque
1991 3402 2077 3455 in-

490 3495 888 3551 terlocutiones
922 3493 1090 3548 multa
1127 3494 1526 3557 decreverunt;
1554 3509 1706 3548 nunc
1729 3508 1861 3548 vero
1887 3494 1955 3547 ad
1986 3510 2074 3549 se-

487 3588 732 3644 cundum
755 3603 1073 3643 consessum
1094 3604 1280 3655 vocor,
1312 3599 1373 3645 ut
1408 3589 1665 3659 praedicta
1701 3590 2072 3651 inﬁrmentur,

490 3689 624 3748 rogo
652 3687 709 3732 ut
737 3679 1261 3750 magniﬁcentissimi
1296 3680 1515 3752 judices
1552 3690 1608 3736 et
1635 3682 1959 3751 amplissimi
1986 3697 2075 3737 se-

488 3777 742 3833 natores,
796 3770 888 3839 qui
927 3770 1102 3840 priori
1136 3772 1431 3827 conventui
1477 3772 1880 3836 interfuerunt,
1925 3790 2076 3828 nunc

485 3874 713 3928 quoque
754 3860 1010 3916 intersint
1036 3876 1147 3932 quo
1181 3862 1373 3917 eadem
1409 3862 1612 3916 iterum
1640 3863 2065 3916 examinentur:

485 3949 592 4005 Cui
620 3952 871 4012 Acacius.
928 3952 1061 4007 utin
1092 3954 1288 4009 iisdem
1326 3954 1465 4009 actis
1495 3953 1754 4019 refertur,
1787 3954 2077 4024 respondit

491 4041 582 4098 his
600 4044 783 4099 verbis
811 4063 824 4098 :
853 4045 1055 4101 Sancta
1075 4054 1133 4101 et
1155 4061 1347 4115 magna
1370 4045 1613 4116 synodus
1631 4061 1740 4100 non
1801 4045 1928 4101 ideo
1950 4062 2075 4101 san-

486 4134 736 4190 ctitatem
770 4146 915 4190 tuam
951 4136 1142 4191 adesse
1169 4138 1349 4206 jussit,
1383 4146 1526 4191 utca
1550 4153 1672 4208 quae
1715 4153 1902 4193 coram
1955 4155 2074 4193 ma-

490 4225 958 4297 gnificentissimis
981 4227 1259 4297 iudicibus
1279 4237 1333 4284 et
1358 4244 1514 4284 sacro
1540 4238 1731 4285 senatu
1751 4240 1899 4300 gesta
1924 4240 2070 4295 sunt,

2185 3036 2455 3107 ἐδήλωσεν
2484 3038 2579 3089 ἐπὶ
2608 3036 2808 3103 λέξεως
2854 3037 2948 3091 τὸν
2989 3038 3285 3110 Διόσκορον
3334 3040 3507 3094 εἰπεῖν
3554 3042 3766 3095 ταῦτα’

2186 3125 2518 3195 Συναγαγὼν
2568 3128 2826 3198 ἐμαυτὸν,
2860 3129 2955 3182 καὶ
3000 3128 3162 3198 γνοὺς
3209 3131 3272 3183 τὸ
3303 3133 3603 3203 συμφέρον.
3633 3133 3771 3187 τάδε

2182 3218 2585 3288 ἀποκρίνομαι·
2631 3218 2850 3290 Ἐπειδὴ
2892 3220 2950 3272 ὲν
3009 3222 3073 3290 τῇ
3131 3221 3238 3290 πρὸ
3287 3221 3497 3292 ταύτης
3556 3224 3772 3294 συνόδῳ

2183 3310 2540 3380 καθεζόμενοι
2572 3311 2622 3363 οἱ
2678 3310 3262 3383 μεγαλοπρεπέστατα
3312 3313 3592 3384 ἄρχοντες,
3631 3315 3773 3384 ὥρι-

2184 3418 2284 3454 σαν
2335 3401 2506 3454 πολλὰ
2563 3400 2702 3472 μετά
2753 3401 2955 3472 πολλὴν
2983 3402 3214 3455 ἑκάστου
3243 3402 3540 3469 διαλαλιὰν,
3578 3404 3673 3458 νῦν
3706 3407 3770 3460 δὲ

2182 3494 2263 3553 εἰς
2291 3490 2550 3563 δευτέραν
2590 3493 2860 3562 καλοῦμαι
2896 3492 3136 3554 δύνοδον,
3168 3496 3247 3557 εἰς
3286 3496 3378 3548 τὸν
3429 3495 3541 3548 τῶν
3574 3511 3774 3567 προει-

2185 3585 2438 3655 ρημένων
2472 3586 2802 3655 ἁνασκευὴν,
2852 3585 3156 3656 παρακαλῶ
3204 3587 3330 3649 τοὺς
3363 3585 3553 3657 πρώην
3603 3589 3660 3640 ὲν
3698 3592 3767 3660 τῇ

2186 3675 2387 3745 συνόδῳ
2437 3677 2923 3747 παραγενομένους
2986 3666 3604 3749 μεγαλοπρεπεστάξους
3659 3680 3769 3751 ἄρ-

2181 3784 2400 3837 χοντας,
2426 3768 2520 3820 καὶ
2568 3768 2669 3838 τὴν
2719 3767 2872 3839 ἱερὰν
2916 3768 3238 3838 σύγκλητον,
3269 3771 3362 3822 καὶ
3386 3771 3479 3823 νῦν
3510 3773 3772 3840 παρεῖναι

2183 3859 2273 3912 ἴνα
2334 3859 2496 3913 πάλιν
2549 3861 2617 3912 τὰ
2663 3860 2803 3913 αὐτὰ
2858 3860 3169 3931 γυμνασθῇ.
3224 3861 3363 3931 Πρδς
3385 3861 3465 3914 ’ὃν
3504 3859 3778 3914 ’Ᾱκάκιον

2181 3951 2331 4021 δηλοῖ
2371 3952 2440 4005 τὰ
2480 3953 2849 4023 πεπραγμένα
2896 3952 3186 4017 διεξελθεῖν
3231 3955 3325 4005 ἐπὶ
3367 3953 3565 4019 λέξεως
3629 3953 3774 4006 ταῦ-

2181 4063 2269 4099 τα·
2295 4046 2408 4116 Οὐχ
2439 4044 2612 4109 οὕτως
2642 4046 2928 4099 ἐκέλευσεν
2985 4046 3018 4116 ἠ
3071 4047 3205 4115 ἁγία
3233 4045 3324 4097 καὶ
3373 4044 3587 4115 μεγάλη
3639 4045 3776 4098 σύνς

2181 4138 2298 4201 οδος
2316 4137 2413 4209 τὴν
2432 4136 2702 4207 ὑμετέραν
2717 4137 2978 4207 ἁγιότητα
2995 4140 3269 4208 παρεῖναι,
3290 4136 3431 4190 ὥστε
3457 4138 3771 4190 ἀνασκευα-

2184 4229 2378 4298 σθῆναι
2418 4229 2486 4282 τὰ
2529 4228 2624 4281 ἐπὶ
2658 4227 2767 4280 τῶν
2820 4228 3429 4298 μεγαλοπρεπεστάτων
3476 4229 3773 4301 μρχόντων

491 4316 841 4374 ὶιιῐίηῐιθιιιιιι·
886 4319 1022 4373 :sed
1065 4335 1166 4375 nos
1214 4321 1365 4375 misit
1391 4321 1461 4376 ad
1489 4331 1561 4385 te,
1612 4322 1879 4378 mandans
1911 4332 1973 4378 ut
2010 4323 2076 4377 ad

2188 4322 2281 4374 καὶ
2305 4323 2398 4374 ἐπὶ
2426 4321 2527 4391 τῆς
2562 4321 2714 4389 ἱερᾶς
2744 4318 3048 4390 συγκλήτου
3096 4320 3408 4391 πραχθέντα
3432 4337 3446 4352 ο
3473 4319 3587 4373 ἀλλ’
3613 4320 3775 4389 ἡμᾶς

494 4424 815 4463 consessum
853 4410 1065 4475 venias,
1097 4426 1200 4466 nec
1243 4411 1386 4466 absit
1461 4412 1530 4467 ab
1562 4428 1629 4467 eo
1658 4413 1921 4468 sanctitas
1962 4422 2076 4467 tua.

488 4498 595 4553 Cui
620 4500 914 4556 Dioscorus
956 4502 1031 4556 ita
1067 4504 1372 4572 respondit,
1401 4515 1466 4557 ut
1499 4503 1551 4557 in
1579 4503 1775 4558 iisdem
1816 4503 1955 4558 actis
1984 4504 2079 4557 ha-

504 4586 704 4645 betur:
735 4592 895 4646 Modo
918 4593 1134 4649 dixistis
1173 4594 1309 4648 mihi
1356 4595 1651 4651 Eusebium
1696 4595 1913 4650 libellos
1951 4611 2078 4665 pur-

496 4685 727 4740 rexisse.
752 4686 955 4740 lterum
980 4687 1198 4756 postulo
1219 4696 1278 4741 ut
1300 4688 1774 4758 coramjudicihns
1791 4704 1854 4742 ac
1879 4696 2075 4742 senatu

491 4791 808 4853 meacausa
843 4780 1208 4835 examinetur.
1245 4779 1313 4835 Et
1341 4789 1466 4850 post
1491 4781 1596 4835 alia
1632 4782 1879 4854 ejusdem
1923 4780 2070 4835 modi

2186 4410 2528 4473 ἀπέστειλεν,
2567 4409 2708 4463 ὥστε
2762 4410 3092 4464 καταλαϐεῖν
3126 4427 3186 4463 σε
3227 4412 3290 4464 τὸ
3336 4412 3636 4482 συνέδριον,
3668 4414 3774 4464 καὶ

2187 4504 2263 4574 μὴ
2292 4503 2689 4573 ἀπολειφθῆναι
2734 4503 2902 4557 αὑτοῦ
2950 4502 3051 4574 τὴν
3086 4504 3185 4574 σὴν
3215 4504 3493 4573 ὁσιότητα.
3536 4504 3679 4574 Πρὸς
3709 4503 3774 4556 δν

2193 4595 2483 4665 Διόσκορος
2508 4595 2747 4665 εἴρηκεν,
2771 4594 2846 4658 ὡς
2871 4594 2938 4648 τὰ
2965 4595 3336 4665 ὑπομνήματα
3373 4595 3641 4664 λέγουσιν·
3673 4595 3771 4647 Ei-

2186 4684 2392 4755 ρήκατέ
2421 4701 2513 4754 μοι
2551 4684 2647 4738 νῦν
2679 4686 2761 4738 ὅτι
2791 4685 3070 4748 neeum;
3111 4686 3440 4740 ἐπιδέδωκεν
3475 4686 3769 4749 Εὐσέϐιος.

2174 4777 2488 4848 Παρακαλῶ
2516 4778 2676 4832 πάλιν
2710 4777 2993 4850 παρόντων
3026 4762 3361 4850 ιΞιρχὸντὲωνλη
3390 4781 3483 4832 καὶ
3510 4777 3611 4848 τῆς
3631 4794 3775 4846 συγ-

1799 4940 2032 4998 VARUE
2064 4938 2356 4997 LECTION
2366 4938 2468 4996 ES.

561 5054 613 5088 ⁸³
639 5055 701 5111 C.
735 5055 797 5110 C.
838 5053 1013 5109 εἷπον.
1091 5055 1137 5088 ⁸³
1163 5056 1313 5128 παρὰ
1339 5056 1433 5110 τοῦ
1463 5057 1572 5110 τῶν
1604 5057 1901 5128 ἀρχῦντων.
1999 5125 2003 5128 ν

1695 5195 1968 5252 νΑιεδιῐ
2001 5195 2556 5256 ΛΝΝΟΤΑΤΙΟΝΕΞ.

567 5303 682 5377 (Η)
714 5308 937 5381 Βοηᾷῥς
977 5307 1057 5373 τῷ
1098 5309 1422 5376 μαγίστρῳ.
1474 5310 1696 5381 Langus
1737 5317 1795 5363 et
1824 5308 2069 5381 Christo-

494 5378 813 5450 phnrsonus
840 5378 1094 5432 Bormum
1126 5380 1472 5450 interpretati
1502 5378 1655 5443 sunt,
1686 5379 1845 5449 quasi
1886 5379 1941 5433 id
1973 5396 2073 5450 no-

495 5449 623 5519 men
658 5452 943 5519 propriam
979 5457 1145 5503 esset.
1178 5449 1342 5517 Atqui
1377 5449 1569 5519 βοηθὸς
1606 5462 1809 5519 nomen
1856 5456 1942 5503 est
1987 5449 2048 5503 of
2055 5482 2071 5492 -

495 5463 623 5501 men
657 5463 943 5569 gropmtm
979 5463 1145 5503 esset.
1178 5463 1342 5517 Atqui
1377 5463 1569 5519 ροηυος
1606 5463 1809 5504 nomen
1856 5463 1942 5503 εει
1987 5463 2071 5503 οι-

492 5516 632 5593 ﬁgi:
699 5518 748 5574 Ec
782 5518 1267 5593 enimdicebatur
1310 5519 1570 5593 princeps
1612 5518 2071 5593 allicii‘magistri

488 5581 825 5649 ofﬁciorum,
864 5589 957 5658 qui
1000 5598 1118 5643 (rat
1145 5605 1216 5646 ex
1247 5581 1434 5643 schola
1466 5581 1748 5659 agentium
1790 5588 1847 5644 in
1882 5581 2069 5654 rebus,

2181 5321 2242 5367 ut
2269 5313 2657 5385 docetNotitia
2680 5312 2891 5385 imperii
2917 5312 3165 5385 Romani.
3199 5313 3374 5385 Porro
3408 5310 3631 5385 adjntor
3662 5313 3777 5385 ista

2182 5384 2426 5454 magistri
2463 5382 2793 5454 oll'icioruni,
2826 5383 3144 5454 Eleusinius
3173 5383 3397 5452 proprio
3424 5382 3649 5454 nomine
3681 5382 3775 5454 (ιῇτ

2180 5451 2429 5580 ἓιίὶιέἶιιιῖι,
2485 5453 2860 5529 ut_scribitur
2908 5453 2966 5508 in
3034 5451 3480 5508 actiOne’tertia
3542 5452 3773 5508 concilii

2245 5540 2291 5578 na
2319 5540 2379 5578 ce
2426 5563 2438 5577 .
