4070 6176
440 299 583 364 2563

1642 252 1960 340 manu
2003 272 2495 336 SCHOLASTICI

3566 270 3707 332 9.564

446 428 579 482 ergo
607 408 825 465 libellos
851 404 1143 461 obtulisset
1173 400 1412 471 primum
1437 394 1661 466 quidem
1700 390 2026 482 Theodorus

2136 387 2229 455 τῆς
2269 387 2324 440 έν
2372 383 2749 455 Ἀλεξανδρεία
2787 382 2949 451 ἁγίας
2988 380 3336 453 Ἑκκλησίας,
3379 379 3498 436 εἶτα
3525 382 3581 437 δὲ
3614 384 3709 437 καὶ

438 480 535 572 qui
568 514 769 556 sanetae
797 495 1293 551 Alexandrinorum
1322 487 1580 544 Ecclesia:
1604 485 1871 539 diaconus
1897 480 2017 534 fue—

437 600 561 657 rat,
607 591 804 645 deinde
857 586 1101 658 Ischyrio
1150 582 1425 645 similiter,
1458 587 1515 634 et
1542 578 1658 648 ipse
1705 576 2012 630 diaconus:

443 693 558 737 tum
584 680 914 736 Athanasius
953 676 1239 747 presbyter
1265 683 1321 727 ct
1355 670 1545 742 Cyrilli
1576 667 1788 724 sororis
1823 665 1970 720 ﬁlius
2000 681 2013 716 :

439 789 504 827 ac
537 782 814 843 postremo
842 766 1219 837 Sophronius;
1250 762 1453 832 quibus
1467 760 1788 814 Dioscorum
1815 758 2016 826 partim

436 864 508 918 ob
568 858 969 930 blasphemias,
1020 856 1221 925 partim
1262 853 1334 907 ob
1400 851 1711 921 corporalia
1767 847 2015 917 quaedam

437 957 637 1008 damna
667 962 723 1005 et
746 951 1017 1004 violentas
1041 946 1293 1016 pecunia:
1315 943 1631 998 exactiones
1652 939 1982 995 accusabant
2003 955 2015 992 :

436 1042 594 1111 317
622 1039 782 1094 tertia
819 1038 1108 1091 vocatione
1132 1035 1332 1089 citatus
1356 1042 1439 1088 est
1484 1033 1801 1093 Dioscorus,
1837 1027 2020 1082 moni-

440 1140 639 1200 tusque
661 1139 745 1183 est
763 1138 822 1182 ut
840 1128 908 1182 ad
931 1127 1230 1182 concilium
1246 1123 1551 1178 accederet.
1576 1119 1828 1191 Regressi
1855 1118 2021 1188 igitur

436 1224 531 1293 qui
554 1223 619 1277 ad
648 1223 751 1275 hoc
773 1219 924 1274 missi
944 1219 1179 1281 fuerant,
1225 1216 1551 1270 nuntiarunt
1582 1210 2019 1266 Dioscorumista

438 1313 641 1367 dixisse
667 1328 682 1365 :
707 1309 853 1364 Satis
873 1322 1149 1378 superque
1175 1304 1335 1359 docui
1356 1304 1609 1373 pietatem
1630 1312 1867 1355 vestram
1888 1318 1901 1354 :
1920 1314 2022 1354 nec

439 1405 509 1459 iis
536 1403 683 1456 aliud
711 1400 1011 1470 quidquam
1039 1399 1274 1468 adjicere
1306 1410 1552 1466 pessum.
1576 1395 1789 1448 Rursus
1811 1392 2023 1447 instan-

440 1495 589 1547 tibus
623 1491 838 1561 legatis,
870 1505 1110 1557 eumque
1138 1496 1198 1540 ut
1229 1487 1446 1541 veniret
1490 1484 1862 1546 hortantibus,
1895 1496 2020 1536 cum

438 1579 582 1632 idem
633 1593 849 1645 seraper
904 1574 1280 1644 respondisset
1309 1576 1626 1638 Dioscorus,
1657 1572 2023 1627 Paschasinus

436 1669 729 1739 episcopus
751 1686 764 1722 :
788 1667 925 1722 dixit
947 1666 1063 1721 Jam
1084 1673 1168 1718 ter
1188 1674 1410 1720 vocatus
1424 1664 1720 1720 Dioscorus
1742 1661 2026 1730 haudqua.

2136 477 2477 548 Ἰσχυρίωνος
2510 476 2758 529 διακόνου
2780 476 2849 541 ⁸⁸,
2887 476 2980 529 καὶ
3026 473 3347 527 Ἀθανασίου
3404 476 3710 545 πρεσϐυτέ-

2125 585 2219 638 ρου
2253 568 2348 621 καὶ
2371 567 2653 637 ἀδελφιδοῦ
2682 566 2977 637 Κυρίλλου,
3007 565 3100 619 καὶ
3130 566 3268 635 πρός
3291 583 3348 619 τε
3373 562 3704 638 Σωφρονίου,

2120 660 2187 714 δι’
2218 653 2293 713 ὧν
2335 660 2462 731 περί
2516 677 2581 729 γε
2630 659 2985 730 βλασφημιῶν
3032 657 3357 712 ἐνεκάλεσαν
3405 661 3705 737 Διοσκόρω,

2123 752 2254 822 περί
2284 769 2342 805 τε
2378 751 2706 821 σωματικῶν
2731 752 2825 804 καὶ
2853 750 3036 820 βιαίας
3063 751 3408 822 ἀφαιρέσεως
3436 748 3547 823 (Hi)
3570 770 3705 822 χρη-

2128 844 2334 913 μάτων,
2365 845 2522 914 τρίτη
2568 843 2760 914 κλῆσις
2787 843 2978 912 γέγονε
3016 843 3402 913 προτρέπουσα
3431 844 3521 896 τον
3549 844 3706 896 Διόσ-

2129 952 2291 1004 κορον
2334 935 2762 1007 παραγενέσθαι.
2810 934 3112 1007 Τοιγαροῦν
3164 933 3628 999 ὲπαναζεύξαντες
3656 938 3706 993 οἱ

2139 1025 2233 1078 ἐπὶ
2257 1024 2431 1093 τούτῳ
2480 1027 2873 1098 ἀφωρισμέναι,
2906 1027 3193 1096 εἰρήκασιν
3231 1028 3407 1080 εἰπεῖν
3431 1027 3519 1080 τὸν
3548 1029 3707 1080 Διόσ-

2126 1133 2305 1186 κορον·
2361 1118 2658 1188 Λύτάρκως
2696 1118 2909 1182 ἐδίδαξα
2938 1119 3037 1189 τὴν
3080 1116 3350 1188 ὑμετέραν
3375 1118 3702 1183 θεοσέϐειαν,
3760 1139 3765 1143 ’
3849 1113 3853 1117 ’

2135 1202 2215 1269 οἷς
2249 1207 2567 1277 προσθεῖναί
2592 1225 2646 1260 τι
2678 1208 2737 1260 οὑ
2765 1206 3024 1277 δύναμαι.
3057 1207 3169 1262 Καὶ
3209 1207 3364 1270 αὖθις
3382 1208 3440 1261 δὲ
3469 1208 3536 1261 τὰ
3567 1208 3709 1262 αὐτά

2127 1302 2411 1373 εἰρηκότος
2462 1299 2554 1353 τοῦ
2611 1299 2775 1354 αὑτοῦ
2827 1300 3145 1372 Διοσκόρου,
3210 1301 3617 1370 ἐπιμεινάντων
3636 1304 3704 1371 τῇ

2129 1394 2413 1463 προτροπῇ
2465 1391 2575 1443 τῶν
2625 1392 2720 1444 ἐπὶ
2765 1390 2925 1444 τοῦτο
2990 1391 3313 1455 σταλέντων,
3368 1392 3708 1457 Πασκασίνος

2129 1484 2428 1546 ἐπίσκοπος
2460 1477 2614 1536 εἶπεν
2633 1499 2648 1513 °
2679 1483 2788 1537 Καὶ
2809 1483 2909 1554 ἥδη
2933 1482 3125 1554 τρίτον
3146 1483 3367 1554 κληθεὶς
3394 1485 3707 1552 Διόσκορος,

2130 1576 2189 1629 οὐ
2222 1576 2577 1647 παρεγένετο,
2606 1573 2712 1627 ὑπὸ
2754 1575 3117 1646 συνειδήσεως
3146 1574 3498 1646 βαλλόμενος,
3542 1578 3708 1629 ἐπυν-

2132 1666 2325 1719 θάνετο
2360 1665 2471 1735 (17)
2498 1665 2643 1729 τίνος
2670 1666 2825 1733 ἄξιος
2864 1668 2952 1737 εἴη
2976 1685 2989 1698 ο
3016 1668 3153 1738 πρὸς
3182 1668 3210 1721 ὃ
3239 1668 3347 1722 τῶν
3389 1668 3708 1722 ἐπισκόπων

437 1776 602 1829 quam
631 1760 959 1829 comparuit,
995 1766 1285 1829 torquente
1335 1757 1514 1826 ipsum
1568 1753 1922 1809 conscientia.
1956 1753 2024 1807 Et

2136 1757 2604 1828 ἀποκριναμένων,
2633 1758 3092 1825 ὐποπεπτωκέναι
3141 1760 3299 1814 αὑτὸν
3328 1764 3441 1824 τοῖς
3492 1762 3705 1828 κανόσι,

439 1851 802 1921 interrogavit
828 1851 1122 1921 episcopos
1172 1848 1266 1919 qui
1307 1848 1571 1912 aderant,
1598 1860 1762 1915 quam
1804 1859 2023 1915 poenam

437 1943 876 1999 commeruisset.
910 1941 1160 2011 Cumque
1200 1939 1445 2009 episcopi
1477 1938 1545 1992 ad
1572 1938 1689 1991 haec
1712 1934 2028 2005 respondis-

438 2039 559 2085 sent
588 2030 741 2083 illum
763 2030 832 2104 in
860 2045 1101 2084 canones
1122 2029 1487 2094 commisisse,
1506 2036 1561 2081 et
1582 2025 1865 2080 Proterius
1910 2025 2030 2095 epi-

442 2136 643 2191 soopus
674 2120 917 2191 Smyrna:
934 2120 1161 2174 dixisset
1191 2135 1204 2172 :
1236 2117 1464 2185 Quando
1493 2123 1715 2172 sanctus
1741 2115 2030 2170 Flavianus

443 2211 662 2265 occisus
681 2219 786 2274 est,
806 2208 944 2263 nihil
975 2218 1125 2264 recte
1150 2223 1331 2278 neque
1358 2206 1554 2261 ordine
1597 2206 1798 2260 factum
1830 2216 1915 2259 est
1936 2219 2030 2259 su-

438 2317 539 2371 per
559 2302 693 2356 illo:
722 2298 918 2354 vicarii
951 2298 1153 2355 Leonis
1184 2296 1432 2369 episcopi
1465 2294 1705 2351 senioris
1732 2295 1917 2349 Romae
1954 2294 2031 2351 ita

440 2392 809 2449 decreverunt
838 2390 909 2446 ad
934 2391 1168 2445 verbum
1192 2408 1206 2443 :

509 2485 641 2552 Quae
668 2483 987 2549 Dioscorus,
1048 2482 1287 2537 antehac
1316 2480 1612 2551 episcopus
1656 2493 1865 2551 magnai
1893 2477 2031 2533 civi-

440 2577 569 2632 tatis
621 2570 1002 2638 Alexandriaa,
1056 2581 1250 2628 contra
1302 2571 1559 2626 ordinem
1628 2584 1904 2625 canonum
1976 2581 2033 2623 et

440 2676 633 2723 contra
669 2664 1019 2747 disciplinam
1042 2662 1477 2718 ecclesiasticam
1519 2661 1831 2743 attentavit,
1854 2660 2032 2715 mani-

441 2759 582 2815 festa
609 2765 759 2821 sunt,
791 2766 903 2811 tam
936 2770 1005 2810 ex
1034 2755 1120 2810 his
1144 2771 1267 2824 quae
1294 2755 1406 2826 jam
1467 2763 1596 2807 sunt
1634 2752 1944 2808 examinata
1977 2751 2032 2805 in

441 2850 621 2921 primo
650 2862 937 2910 concessu,
995 2860 1161 2915 quam
1211 2860 1281 2899 ex
1334 2843 1421 2897 his
1460 2856 1582 2912 qua:
1640 2840 1911 2896 hodierno
1944 2838 2034 2893 die

442 2951 572 2998 sunt
598 2949 770 3013 gesta.
800 2938 900 2995 llic
929 2939 1101 3005 enim,
1139 2946 1199 2992 ut
1230 2938 1465 3008 plurima
1500 2937 1608 2991 alia
1653 2934 2037 3004 praetermitta-

444 3050 585 3098 mus,
623 3032 930 3104 Eutychem
960 3029 1155 3087 eadem
1180 3046 1307 3085 cum
1343 3029 1462 3099 ipso
1491 3027 1844 3090 sentientem,
1872 3040 2036 3094 regu-

444 3124 686 3179 laritera
719 3092 947 3192 proprio
988 3121 1305 3190 depositum
1354 3121 1638 3190 episcopo,
1687 3092 2035 3173 sanctissimo
2063 3092 2104 3147 (ἶ

445 3216 659 3272 scilicet
678 3216 841 3270 Patre
870 3222 1061 3268 nostro
1082 3220 1139 3289 et
1159 3212 1576 3281 archiepiscopo
1600 3210 1878 3272 Flaviano,
1906 3224 2036 3278 pro-

446 3307 567 3377 pria
595 3304 922 3359 auctoritate
951 3311 1146 3358 contra
1179 3317 1365 3357 sacros
1409 3315 1651 3356 canones
1683 3300 1741 3354 in
1787 3312 2038 3352 commu-

446 3399 669 3453 nionem
698 3396 962 3465 suscepit,
986 3395 1311 3468 priusquam
1333 3394 1535 3463 Ephesi
1562 3392 1902 3448 consedisset
1928 3405 2038 3443 una

448 3504 574 3544 cum
634 3487 864 3557 reliquis
916 3488 1031 3541 Deo
1078 3485 1421 3558 charissimis
1474 3484 1774 3554 episcopis.
1833 3482 2036 3535 Verum

448 3577 721 3648 episcopis
737 3577 960 3646 quidem
989 3577 1288 3646 apostolica
1320 3572 1478 3631 sedes
1507 3574 1725 3629 veniam
1763 3570 2040 3628 concessit

450 3666 521 3720 ob
550 3681 614 3721 ea
636 3681 759 3735 quas
787 3666 901 3720 illic
922 3666 991 3720 ab
1021 3665 1216 3720 iisdem
1250 3681 1362 3720 non
1393 3671 1587 3734 sponte
1618 3670 1770 3733 gesta
1800 3661 2035 3716 fuerant.

452 3757 554 3823 Qui
597 3756 821 3826 quidem
877 3757 1148 3811 hactenus
1187 3765 1642 3826 permanserunt,
1690 3752 2041 3808 sanctissimo

452 3849 872 3919 archiepiscopo
918 3848 1091 3905 Leoni
1142 3856 1198 3901 et
1255 3855 1455 3902 sanctae
1499 3844 1797 3900 universali
1835 3842 2042 3914 synodo

450 3940 837 4009 obsequentes.
895 3939 1012 4006 Qua
1058 3939 1127 3994 de
1157 3954 1324 3994 causa
1372 3953 1488 4004 eos,
1561 3945 1748 4007 utpote
1794 3934 2042 4006 ejusdem

451 4043 577 4081 cum
610 4027 730 4097 ipso
782 4027 909 4083 ﬁdei
968 4028 1233 4093 cultores,
1284 4028 1342 4082 in
1388 4027 1835 4083 communionem
1887 4040 2043 4080 suam

452 4118 681 4187 recepit.
716 4119 817 4173 ilic
838 4134 997 4184 vero,
1035 4119 1092 4174 in
1117 4119 1450 4174 hodiernum
1488 4132 1666 4187 usque
1692 4116 1838 4171 diem
1876 4116 1947 4171 ob
1977 4132 2043 4171 ea

452 4210 677 4280 gloriari
702 4225 815 4264 non
860 4210 1090 4275 desinit,
1142 4227 1379 4280 quorum
1417 4226 1582 4265 causa
1619 4224 1837 4279 gemere
1865 4218 1922 4264 et
1975 4207 2043 4262 ad

454 4306 657 4355 terram
719 4316 893 4370 usque
957 4316 1078 4357 sese
1121 4302 1389 4356 inclinare
1440 4301 1728 4356 debuerat.
1773 4302 2043 4356 Praeterea

2126 1849 2422 1919 Προτερίου
2465 1849 2521 1902 δὲ
2558 1849 2858 1903 ἐπισκόπου
2892 1849 3144 1922 Σμύρνης
3175 1853 3246 1922 (ο)
3278 1853 3541 1915 εἰπόντος,
3576 1853 3709 1906 Ὅτε

2128 1941 2419 2010 ἐφονεύετο
2451 1940 2611 2009 ἁγιος
2652 1941 2976 2007 Φλαόιανὸς,
3011 1944 3165 1998 οὐδὲν
3198 1945 3493 2001 ἀκόλουθον
3537 1947 3711 2019 ὲπρὰο

2128 2032 2231 2105 χθη
2262 2033 2349 2085 ἐπ’
2381 2033 2529 2104 αὐτῷ
2550 2049 2565 2065 ⁸
2595 2034 2646 2087 οἱ
2669 2034 2763 2087 τὸν
2791 2038 2957 2089 τόπον
2980 2036 3266 2105 ἐπέχοντες
3313 2039 3543 2101 Λέοντος
3587 2041 3711 2093 ἑπι-

2132 2124 2335 2178 σκόπου
2361 2127 2462 2196 τῆς
2502 2126 2881 2200 πρεσϐυτέρας
2922 2126 3163 2202 Ῥώμης,
3220 2130 3571 2205 ἀπεφήναντο
3614 2131 3710 2189 ἐπὶ

2130 2213 2327 2283 λέξεως
2351 2214 2544 2273 ταῦτα’

2203 2476 2348 2547 Δῆλα
2372 2478 2664 2549 γεγένηται
2698 2480 2765 2533 τὰ
2791 2480 3175 2554 τετολμημένα
3205 2480 3484 2553 Διοσκόρω
3513 2484 3589 2557 τῷ
3617 2503 3707 2555 γεη

2132 2570 2343 2640 νομένῳ
2373 2570 2475 2640 τῆς
2515 2571 2910 2645 Ἀλεξανδρέων
2961 2577 3375 2647 μεγαλοπόλεως
3424 2582 3708 2650 ὲπισκόπῳ

2133 2660 2276 2714 κατὰ
2324 2662 2424 2731 τῆς
2467 2662 2577 2716 τῶν
2629 2665 2869 2720 κανόνων
2896 2667 3123 2736 τάξεως,
3153 2672 3248 2725 καὶ
3279 2673 3378 2738 τῆς
3421 2673 3713 2743 ἐκκλησια-

2137 2754 2329 2822 στικῆς
2354 2753 2747 2819 καταστάσεως
2777 2758 2840 2811 ὲκ
2860 2758 2970 2812 τῶν
2994 2760 3094 2831 ἤδη
3124 2760 3518 2837 έξετασθέντων
3547 2765 3604 2817 ὲν
3633 2762 3714 2832 τῷ

2136 2843 2336 2914 πρώτῳ
2380 2846 2663 2918 συνεδρίῳ,
2696 2848 2790 2903 καὶ
2833 2850 2942 2903 ἀπὸ
2973 2850 3081 2905 τῶν
3122 2855 3360 2925 σήμερον
3388 2855 3715 2926 πεπραγμέ.

2137 2952 2265 2989 νων.
2298 2930 2468 3000 Οὗτος
2496 2942 2628 3006 γὰρ,
2657 2939 2744 2992 ἴνα
2794 2940 2864 2994 τὰ
2913 2942 3083 2995 πολλὰ
3130 2943 3570 3015 παραλίπωμεν,
3610 2945 3718 2998 Εὐ·-

2137 3026 2276 3095 τυχῆ
2322 3026 2414 3080 τδν
2469 3028 2724 3096 ὁμόδοξον
2768 3030 2938 3101 αὐτῷ,
2969 3031 3362 3102 καθαιρεθέντα
3400 3033 3709 3094 κανονικῶς

2140 3117 2289 3187 παρά
2313 3117 2407 3171 τοῦ
2463 3119 2594 3173 ίδίου
2626 3122 2947 3188 ἐπισκόπου,
2973 3125 3069 3178 τοῦ
3098 3125 3156 3177 ὲν
3187 3125 3363 3193 ἁγίοις
3389 3126 3569 3196 φαμὲν
3598 3126 3715 3179 Πα-

2135 3209 2264 3278 τρδς
2300 3210 2459 3280 ἡμῶν
2489 3211 2582 3264 καὶ
2605 3213 3040 3282 ἀρχιεπισκόπου
3071 3214 3404 3283 Φλαὸιανοῦ,
3441 3217 3714 3286 αὐθεντὴ-

2140 3313 2236 3359 σας
2287 3297 2653 3364 ἁκανονίστως
2689 3301 2768 3363 είς
2820 3303 3107 3357 κοινωνίαν
3160 3303 3477 3371 ἀνεδέξατο,
3519 3306 3647 3376 πρὶν
3674 3304 3714 3377 ἢ

2140 3388 2486 3456 συνεδρεῦσαι
2557 3391 2615 3444 ἐν
2657 3394 2723 3461 τῇ
2766 3393 3030 3459 Ἐφεσίων
3079 3394 3218 3466 μετὰ
3289 3395 3399 3449 τῶν
3452 3396 3718 3463 θεοφιλῶν

2139 3480 2475 3534 ἐπισκόπων.
2517 3482 2653 3535 Ἀλλ’
2681 3483 2911 3547 ἐκείνοις
2945 3485 3042 3555 μὲν
3065 3487 3093 3539 ό
3124 3485 3485 3549 ἁποστολικὺς
3524 3484 3718 3557 θρόνος

2156 3570 2486 3643 συγγνώμην
2514 3573 2807 3644 ἀπένειμεν
2829 3576 2922 3628 ἐπὶ
2952 3578 3067 3640 τοῖς
3087 3576 3262 3630 ἐκεῖσε
3290 3576 3364 3647 μὴ
3390 3576 3532 3630 κατὰ
3570 3576 3719 3644 γνὼ-

2144 3679 2251 3732 μην
2281 3663 2371 3715 ὑπ’
2425 3663 2604 3718 αὐτῶν
2654 3667 3061 3739 πεπραγμένοις
3089 3684 3104 3698 ·
3163 3667 3213 3721 οἶ
3259 3667 3354 3721 καὶ
3411 3666 3721 3720 διετέλεσαν

2144 3750 2304 3819 μέχρι
2336 3751 2431 3806 τοῦ
2461 3754 2728 3824 παρόντος
2764 3757 3018 3826 ἑπόμενοι
3042 3756 3121 3829 τῷ
3145 3758 3435 3829 ἁγιωτάτῳ
3460 3758 3722 3827 ἀρχιεπι-

2143 3843 2330 3913 σκόπῳ
2343 3844 2554 3908 Λέοντι,
2574 3846 2673 3901 καλ¹
2696 3847 2844 3920 πάσῃ
2864 3850 2927 3919 τῇ
2953 3849 3086 3920 ἁγίᾳ
3100 3850 3193 3903 καὶ
3212 3851 3560 3919 οικουμενικῇ
3590 3864 3723 3901 συν-

2141 3931 2266 4002 όδῳ.
2297 3928 2373 3987 Οἵ)
2400 3933 2464 4004 δὴ
2495 3934 2652 4003 χάριν
2710 3936 2803 3989 καὶ
2832 3938 2890 3990 ὲν
2938 3940 3003 4009 τῇ
3030 3939 3192 3993 αὑτοῦ
3241 3938 3493 4011 κοινωνία
3519 3939 3725 4001 αὐτοὺς

2141 4022 2469 4093 όμοπίστους
2492 4023 2730 4091 ἐδέξατο.
2765 4022 2933 4090 Οὗτος
2974 4028 3031 4081 δὲ
3066 4029 3160 4082 καὶ
3188 4029 3346 4101 μέχρι
3374 4028 3468 4083 τοῦ
3510 4030 3724 4096 παρόν-

2142 4130 2233 4176 τος
2284 4113 2517 4185 διέμεινε
2564 4118 2960 4189 σεμνυνόμενος
2998 4121 3056 4173 έν
3102 4123 3350 4185 ἐκείνοις,
3376 4122 3462 4191 ἐφ’
3490 4117 3584 4184 οἷς.
3610 4121 3726 4175 ἔδει

2147 4205 2372 4271 στένειν,
2396 4207 2490 4261 καὶ
2518 4210 2577 4272 ἐς
2611 4212 2714 4280 γῆν
2742 4212 3041 4281 κεκυφέναι
3079 4212 3309 4283 ὀφείλει.
3332 4213 3476 4285 Πρὸς
3506 4212 3729 4276 τούτοις

2145 4295 2222 4359 δὲ,
2257 4296 2379 4350 οὐδὲ
2435 4298 2533 4369 τὴν
2588 4301 2875 4371 ἐπιστολὴν
2934 4304 3346 4374 ἀναγνωσθῆναι
3376 4303 3727 4374 συνεχώρησε

456 4390 748 4459 epistolam
794 4391 1098 4446 beatissimi
1161 4407 1314 4461 papa:
1359 4391 1587 4455 Leonis,
1640 4406 1804 4461 quam
1857 4391 1949 4445 ille
1978 4392 2032 4446 ad

2148 4386 2240 4440 τοῦ
2278 4390 2696 4458 μακαριωτάτου
2750 4392 2906 4446 πὰπα
2971 4395 3220 4459 Λέοντος,
3253 4394 3353 4465 τὴν
3418 4396 3727 4464 γραφεῖσαν

464 4488 667 4533 sancta:
730 4481 1007 4536 memoria:
1068 4481 1387 4535 Flavianum
1437 4480 1871 4550 conscripserat,
1935 4479 2042 4550 legi

467 4568 691 4623 minime
719 4571 1002 4640 permisit:
1037 4571 1201 4641 idque
1224 4570 1476 4640 quamvis
1507 4570 1805 4639 saepissime
1822 4578 2045 4639 rogatus

2151 4478 2281 4549 παρ’
2318 4478 2484 4531 αὑτοῦ
2517 4480 2653 4549 πρὸς
2683 4480 2773 4535 τὸν
2818 4484 2874 4536 ὲν
2901 4483 3076 4551 ἁγίοις
3113 4483 3210 4553 τὴν
3244 4488 3462 4553 μνήμην
3485 4483 3726 4535 Φλαϐια-

2151 4571 2260 4632 νδνς
2304 4570 2398 4622 καὶ
2453 4571 2628 4625 ταῦτα
2674 4573 2935 4637 πολλάκις
2982 4575 3353 4644 παρακληθεὶς
3412 4574 3729 4641 ἀναγνῶναι

462 4669 614 4716 esset
644 4662 713 4718 ab
763 4663 831 4718 iis
865 4663 960 4734 qui
992 4664 1277 4734 epistolam
1326 4662 1661 4727 attulerant,
1697 4668 1752 4716 et
1796 4660 2032 4730 quamvi:

2151 4659 2355 4730 ταύτην
2385 4660 2492 4712 ὑπὸ
2514 4661 2620 4715 τῶν
2645 4663 3042 4733 κεκομικότων,
3083 4665 3179 4721 καὶ
3203 4663 3326 4742 μεθ’
3357 4664 3536 4735 ὅρκων
3562 4663 3729 4732 ποιήν

1757 4794 1992 4851 νΑιιιΑς
2029 4794 2435 4852 LECTIUNES.

530 4910 578 4942 ⁵⁸
602 4910 854 4967 Valesius
903 4919 957 4965 et
1005 4909 1067 4966 C.
1104 4909 1166 4965 C.
1215 4911 1555 4983 Ὶσχυρίωνος
1584 4911 1678 4965 καὶ
1709 4909 1877 4963 αὐτοῦ
1909 4909 2181 4964 διακόνου.

1661 5043 1743 5097 VA
1756 5042 1926 5098 Ll'ISZl
1957 5042 2403 5100 ANNOTA'I'ION
2415 5043 2523 5102 ES.

530 5139 640 5208 (16)
670 5140 771 5193 Καὶ
793 5139 940 5206 ,ϐίας
962 5138 1356 5208 ἀφαιρέσεως.
1399 5137 1685 5192 Assentior
1708 5137 1842 5192 viris
1867 5137 2046 5191 doctis

460 5210 554 5276 qui
591 5209 773 5278 βιαίας
819 5207 1190 5264 emendarunt
1224 5224 1291 5261 cx
1334 5208 1674 5278 conjectura,
1711 5218 1773 5261 ut
1818 5207 2040 5278 opinor.

460 5276 600 5332 Nam
624 5280 751 5332 libri
790 5280 965 5334 nostri
1000 5279 1139 5333 nihil
1188 5276 1447 5331 nmtant.
1477 5276 1660 5330 Codex
1705 5288 1884 5331 tamen
1918 5276 2048 5330 Tel-

461 5349 723 5412 lerianus,
755 5364 917 5417 quem
949 5348 1080 5403 dum
1114 5347 1285 5402 editio
1314 5357 1501 5401 nostra
1532 5347 1637 5400 sub
1689 5347 1842 5415 prelo
1876 5354 2047 5417 esset,

459 5416 785 5487 Opportune
798 5428 996 5474 nactus
1013 5433 1157 5482 sum,
1178 5418 1385 5473 diserte
1401 5419 1664 5486 scriptum
1685 5417 1849 5471 habet
1870 5416 2050 5485 βιαίας

2146 5139 2511 5208 ἀφαιρέσεως.

2222 5210 2354 5278 (17),
2399 5206 2824 5264 Ἔπυνθάνετο.
2883 5205 3112 5278 Niceph.
3159 5207 3255 5278 hic
3300 5206 3513 5277 aliquot
3564 5208 3731 5264 verba

2151 5276 2387 5331 inseruit
2422 5278 2527 5333 hoc
2570 5280 2734 5333 modo
2765 5296 2777 5333 :
2811 5277 2907 5333 καὶ
2931 5276 3040 5331 τῶν
3066 5276 3407 5332 ἐπισκόπων
3428 5280 3734 5333 ἀνεπυνθάο

2161 5364 2306 5409 νετο,
2342 5356 2450 5401 etc.

1900 5531 2205 5589 VAiilOlill
2220 5534 2286 5586 Μ.

535 5621 605 5691 (ο)
647 5623 969 5691 Προτερίου
1012 5593 1355 5681 ἐπισκόπου
1391 5624 1685 5690 Σμύριηῖς.
1720 5624 1869 5678 Loco
1899 5624 2043 5688 Προ-

450 5689 639 5759 rspice
670 5689 966 5763 legendum
1001 5696 1316 5769 Λξθερικοῦ,
1351 5705 1408 5749 ut
1439 5706 1587 5748 recte
1630 5703 1817 5751 monet
1850 5694 2048 5764 Pagins

2152 5623 2219 5677 ad
2246 5638 2452 5699 annum
2479 5629 2602 5688 446,
2638 5645 2691 5699 n.
2726 5629 2779 5692 6,
2812 5645 2921 5699 quo
2962 5634 3185 5689 nomine
3222 5630 3279 5688 in
3320 5633 3475 5691 Actis
3509 5633 3724 5693 concilii

2159 5696 2484 5765 appellatur.
2520 5699 2602 5754 ΧΥ.
2635 5696 2851 5755 Lonrn.
