3940 6202
284 272 397 339 εῐλίθ

1167 256 1553 319 HISTORIA!
1591 252 2187 317 ECCLESIASTIC/E
2224 250 2457 314 LIBER
2496 248 2579 308 II.

3361 243 3464 305 257

283 384 308 451 ἡ
331 379 495 439 πίστις
518 372 630 427 τῶν
656 368 957 442 ὀρθοδόξων
974 383 986 399 ·
1020 365 1210 428 Οὕτως
1245 364 1445 428 πάντες
1474 363 1823 434 πιστεύομεν.

1949 364 2182 418 )mnium
2213 360 2381 425 ﬁdes;
2410 360 2527 413 hazc
2560 356 2695 411 ﬁdes
2712 353 3185 412 orthodoxorum‘
3208 357 3288 412 sic
3312 370 3505 413 omnes

281 469 390 526 Μεθ’
419 466 515 529 οὓς
552 465 755 525 ’Δάτιος
788 461 902 533 (24)
936 462 966 514 6
994 457 1373 529 ἀρχιδιάκονος
1406 455 1514 525 ἔφη
1550 455 1695 526 ἔχειν
1728 470 1829 526 με·

278 561 333 616 τὰ
354 561 534 631 χεῖρας
563 555 663 628 τὴν
690 554 830 626 πρὸς
890 552 1185 622 Νεστόριον
1214 548 1505 619 ἐπιστολὴν
1553 547 1827 617 Κυρίλλου

278 650 352 706 τοῦ
383 647 690 711 θεσπεσίου,
723 644 792 714 ἢν
824 642 1027 704 πάντες
1059 642 1107 693 oi
1132 642 1189 694 ὲν
1229 640 1438 709 Ἐφέσῳ
1480 638 1844 705 συλλεγέντες·

277 739 537 810 ἐκύρωσαν
560 733 785 796 οἰκείαις
808 728 1283 801 ὑποσημειώσεσιν
1308 746 1321 759 ·
1358 728 1501 799 ἔχειν
1522 743 1584 780 τε
1608 726 1705 781 καὶ
1731 726 1832 796 τὴν

276 833 445 904 ἑτέραν
509 825 800 898 ἐπιστολὴν
855 823 1019 878 αὐτοῦ
1078 820 1375 891 Κυρίλλου,
1428 819 1830 889 γεγραμμένην

277 926 392 996 πρὸς
433 922 687 989 Ἰωάννην
724 920 816 971 τὸν
861 914 1212 985 Ἀντιοχείας,
1244 913 1343 965 καὶ
1375 910 1546 981 αὐτὴν
1596 908 1833 980 βεϐαιω-

277 1019 458 1078 θεῖσαν,
486 1014 554 1077 ἃς
586 1006 1173 1082 ὲξῂτει,ἀναγνώσεως
1216 1006 1422 1073 τυχεῖν.
1447 1002 1737 1065 Διαλαλιᾶς
1770 1017 1833 1054 τε

278 1108 393 1179 πρὸς
420 1109 592 1160 ταῦτα
624 1100 1021 1172 γεγενημένης,
1050 1098 1218 1168 ἄμφω
1248 1094 1694 1165 ἀνεγνώσθησαν.

238 1274 243 1277 ’
335 1283 437 1337 Καὶ
469 1281 573 1350 τῆς
604 1281 702 1349 μὲν
730 1276 1005 1348 προτέρας
1035 1273 1209 1344 αὐτῆς
1238 1275 1284 1305 ⁵⁸
1318 1273 1435 1327 ἔνια
1480 1276 1591 1336 τοῖς
1632 1272 1833 1342 ὀνόμα-

278 1376 353 1429 σίν
382 1376 533 1427 ἐστιν
554 1371 745 1425 ταῦτα’
774 1369 866 1439 Τῷ
892 1368 1275 1437 εύλαὸεστάτῳ
1299 1368 1343 1399 ⁵ο
1370 1365 1766 1436 συλλειτουργῷ
1787 1366 1832 1396 ⁶⁰

271 1462 537 1533 Νεστορίῳ
574 1461 862 1530 Κύριλλος.
895 1458 1409 1528 Καταφλυαροῦσιν,
1440 1458 1515 1522 ὡς
1552 1457 1830 1528 μανθάνω,

270 1554 398 1615 τινὲς
430 1552 533 1619 τῆς
566 1550 705 1619 ἐμῆς
743 1548 1062 1618 ὑπολήψεως
1092 1548 1184 1601 ἐπὶ
1208 1548 1307 1617 τῆς
1343 1549 1440 1618 σῆς
1475 1547 1785 1610 θεοσεϐείας
1814 1586 1831 1613 ,

272 1646 359 1699 καὶ
386 1643 543 1695 τοῦτο
577 1640 805 1709 συχνῶς,
831 1638 931 1701 τὰς
969 1638 1076 1691 τῶν
1099 1640 1157 1693 ὲν
1194 1638 1339 1692 τέλει
1369 1638 1622 1701 συνόδους
1650 1655 1837 1708 καιρο-

274 1731 664 1803 φυλακτοῦντες
717 1730 974 1801 μάλιστα,
1000 1730 1096 1783 καὶ
1152 1729 1295 1799 τάχα
1352 1746 1452 1781 που
1484 1728 1579 1782 καὶ
1615 1729 1836 1799 τέρπειν
1869 1710 1910 1765 Β

270 1829 495 1900 οἰόμενοι
524 1827 622 1897 τὴν
653 1826 750 1895 σὴν
779 1826 972 1895 ἀκοήν.
1008 1824 1117 1880 Καὶ
1150 1826 1277 1893 μεθ’
1298 1823 1507 1892 ἕτερα·
1542 1822 1687 1894 Ἔφη
1722 1825 1839 1878 τοί-

271 1937 359 1975 νυν
404 1922 437 1991 ἠ
504 1919 636 1987 ἁγία
686 1919 782 1971 καὶ
842 1918 1054 1987 μεγάλη
1121 1916 1337 1980 σύνοδος
1398 1916 1563 1970 αὐτὸν
1620 1916 1713 1970 τὸν
1772 1918 1839 1971 ὲκ

269 2014 396 2067 Θεοῦ
426 2013 521 2065 καὶ
545 2011 758 2081 Πατρὸς
793 2010 933 2063 κατά
965 2010 1126 2079 φύσιν
1161 2008 1493 2081 γεννηθέντα
1549 2006 1678 2062 Υίὸν
1738 2026 1839 2079 μο-

273 2108 476 2174 νογενῆ,
510 2104 602 2156 τὸν
631 2104 695 2156 ὲκ
721 2102 815 2155 τοῦ
850 2100 986 2155 Θεοῦ
1035 2100 1291 2172 ἀληθινοῦ
1327 2100 1461 2153 Θεὸν
1486 2100 1760 2170 ἀληθινὸν,
1778 2101 1841 2154 τὸ

275 2197 379 2267 φῶς
410 2196 473 2249 τὸ
498 2198 562 2249 ὲκ
584 2194 681 2248 τοῦ
710 2194 908 2263 φωτὸς,
932 2193 1023 2247 τόν
1040 2193 1106 2246 δι’
1123 2186 1184 2246 οὗ
1203 2194 1270 2246 τὰ
1284 2191 1461 2246 πάντα
1492 2191 1794 2261 πεποίηκεν
1814 2194 1842 2245 6

275 2289 472 2359 Πατὴρ,
504 2286 814 2351 κατελθεῖν,
847 2285 1217 2356 σαρκωθῆναι,
1252 2283 1696 2354 ὲνανθρωπῆσαι,
1738 2300 1843 2336 πα-

277 2379 403 2447 θεῖν,
436 2380 738 2449 ἀναστῆναι
770 2379 835 2447 τῇ
869 2376 1029 2449 τρίτῃ
1056 2376 1260 2445 ἡμέρᾳ,
1286 2373 1532 2427 ἀνελθεῖν
1564 2376 1643 2438 είς
1676 2375 1843 2446 ούρα-

272 2472 410 2535 νούς.
440 2470 664 2533 Τούτοις
692 2471 785 2523 καὶ
833 2470 980 2539 ἡμᾶς
1015 2467 1243 2521 ἕπεσθαι
1273 2467 1372 2531 δεῖ,
1405 2469 1500 2520 καὶ
1520 2470 1634 2531 τοῖς
1664 2466 1844 2535 λόγοις

274 2564 363 2617 καὶ
384 2564 496 2625 τοῖς
526 2560 968 2631 παραδείγμασιν
1043 2560 1357 2624 ἐννοοῦντας
1386 2560 1436 2613 τί
1467 2560 1528 2613 τὸ
1557 2561 1844 2631 σαρκωθῆο

272 2672 357 2711 ναι
389 2656 483 2708 καὶ
514 2653 931 2724 ὲνανθρωπῆσαι
955 2652 1105 2724 δηλοῖ
1131 2653 1222 2705 τὸν
1253 2652 1384 2705 Θεὸν
1414 2653 1605 2721 Λόγον.
1633 2654 1706 2705 Οὐ
1736 2653 1844 2723 γάρ

274 2766 450 2820 φαμεν
476 2749 560 2800 ὅτι
589 2749 624 2818 ἡ
658 2744 753 2799 τοῦ
777 2746 952 2813 Λόγου
980 2743 1144 2812 φύσις
1175 2744 1627 2815 μεταποιηθεῖσα,
1653 2742 1846 2811 γέγονε

277 2839 449 2912 σάρξ·
482 2836 600 2892 ἀλλ’
648 2835 769 2890 οὐδὲ
823 2835 873 2888 εί
918 2833 1037 2887 ὅλον
1089 2832 1375 2911 ἄνθρωπον
1442 2831 1847 2902 μεταϐληθῆναι

272 2930 360 2984 τὸν
386 2931 454 2982 ὲκ
502 2926 684 2998 ψυχῆς
721 2926 816 2978 καὶ
866 2922 1118 2993 σώματος
1151 2937 1165 2953 ο
1195 2924 1374 2975 ἐκεῖνο
1411 2922 1469 2975 δὲ
1505 2921 1725 2991 μᾶλλον,
1765 2922 1847 2974 ὅτι

1931 454 2234 511 credimus.
2288 452 2416 507 Post
2471 450 2588 504 haec
2640 448 2832 503 Aetius
2874 448 3294 503 archidiaconus
3346 450 3507 511 dixit,

1932 545 2141 600 habere
2173 559 2231 599 se
2252 558 2365 613 pra:
2394 542 2647 597 manibus
2679 539 2973 609 epistolam
3008 538 3181 593 divini
3210 539 3398 610 Cyrilli
3439 541 3509 594 ad

1931 637 2268 701 Nestorium,
2332 651 2496 705 quam
2547 633 2791 688 universi
2842 633 3086 702 episcopi
3125 630 3181 685 in
3232 631 3507 702 Ephosina

1933 726 2143 798 synodo
2180 724 2500 795 congregati
2554 721 3058 792 subscriptionibus
3107 720 3224 776 suis
3256 736 3513 791 compro—

1933 819 2179 873 bassent.
2207 816 2448 871 Alteram
2472 815 2604 869 item
2631 813 2919 883 epistolam
2950 813 3197 883 ejusdem
3237 813 3425 885 Cyrilli
3454 829 3513 868 se

1935 910 2159 976 habere,
2179 908 2440 979 scriptam
2466 906 2533 961 ad
2555 906 2819 961 Joannem
2843 906 3165 975 episcopum
3184 905 3509 970 Antiochia,

1935 1016 2059 1071 qua:
2081 1000 2339 1055 similiter
2359 998 2555 1053 fuisset
2579 997 2921 1052 conﬁrmata.
2947 997 3223 1068 Petiitque
3242 1005 3307 1052 ut
3338 998 3513 1053 amba:

1935 1093 2321 1147 recitarentur.
2359 1092 2525 1146 Facta
2560 1090 2726 1161 igitur
2752 1090 2855 1144 hac
2879 1089 2946 1144 de
2972 1106 3030 1145 re
3066 1091 3512 1159 interlocutione,

1936 1192 2171 1253 utraque
2204 1183 2435 1252 epistola
2477 1182 2703 1237 recitata
2738 1189 2841 1235 est.

2006 1274 2217 1328 Prioris
2239 1281 2422 1328 autem
2450 1272 2696 1342 epistolae
2720 1287 2845 1341 pars
2866 1272 2931 1326 ad
2956 1274 3183 1329 verbum
3211 1275 3290 1330 sic
3320 1274 3514 1332 habet:

1937 1366 2424 1422 Reverendissimo
2458 1374 2514 1419 et
2559 1365 2805 1434 piissimo
2836 1366 3219 1422 comministro
3260 1367 3522 1423 Nestorio
3559 1361 3582 1405 ’⁵

1937 1459 2190 1530 Cyrillus.
2217 1458 2503 1521 Nonnulli,
2535 1466 2594 1512 ut
2618 1458 2803 1520 audio,
2827 1458 2973 1527 apud
2999 1460 3348 1515 sanctitatem
3370 1470 3519 1518 tuam
3620 1458 3638 1482 ⁴

1938 1547 2253 1601 obt‘rectant
2278 1545 2437 1599 fama
2465 1554 2688 1609 nostrae,
2728 1544 2893 1612 idque
2928 1546 3264 1615 saepissime:
3301 1558 3525 1621 tempus

1938 1638 2075 1692 illud
2112 1637 2387 1707 praecipue
2416 1644 2719 1706 captantes,
2748 1651 2872 1690 cum
2899 1636 3200 1693 honoratos
3233 1656 3295 1695 ac
3317 1642 3525 1711 primo.

1940 1747 2031 1787 res
2054 1732 2207 1785 viros
2235 1731 2291 1783 in
2320 1744 2491 1783 unum
2527 1730 2791 1783 collectos
2841 1728 3084 1785 viderint
3125 1749 3137 1784 :
3186 1747 3251 1787 ac
3287 1733 3522 1791 fortasse

1941 1820 2343 1881 existimantes,
2397 1832 2561 1871 aures
2617 1825 2741 1870 tuas
2789 1817 3107 1885 hujusmodi
3165 1820 3520 1877 sermonibus

1941 1912 2233 1967 obiectari.
2270 1909 2339 1963 Et
2371 1908 2649 1979 aliquanto
2679 1915 2835 1977 post:
2868 1908 3067 1964 Sancta
3104 1909 3272 1981 igitur
3322 1921 3378 1966 et
3406 1929 3526 1970 ma-

1942 2020 2045 2078 gna
2079 2004 2321 2075 synodus
2372 2003 2474 2067 ait,
2525 2002 2682 2056 illum
2715 2018 2782 2056 cx
2837 2003 2951 2058 Deo
3010 2004 3171 2059 Patre
3214 2006 3522 2062 secundum

1942 2105 2199 2153 naturam
2240 2095 2488 2165 genitum
2520 2094 2721 2149 Filium
2759 2096 3007 2161 unicum,
3036 2097 3209 2152 Deum
3240 2114 3431 2153 verum
3458 2116 3525 2155 ex

1942 2189 2057 2243 Deo
2078 2202 2233 2251 vero,
2260 2187 2447 2240 lumen
2474 2201 2542 2240 ex
2566 2186 2810 2240 lumine:
2840 2203 2937 2256 per
2971 2204 3134 2257 quem
3165 2189 3350 2245 omnia
3394 2190 3526 2247 fecit

1944 2281 2138 2346 Pater;
2167 2278 2541 2343 descendisse,
2575 2278 2918 2332 incarnatum
2949 2294 3093 2342 csse,
3128 2280 3407 2336 hominem
3446 2281 3528 2336 fa-

1946 2379 2120 2434 ctum,
2164 2380 2219 2425 et
2245 2384 2467 2439 passum
2502 2382 2646 2431 esse,
2697 2369 2860 2422 tertio
2901 2369 2991 2423 die
3036 2371 3431 2435 resurrexisse,
3470 2373 3527 2427 in

1946 2464 2145 2518 cmlum
2198 2461 2535 2517 ascendisse.
2589 2460 2687 2515 His
2743 2476 2847 2515 nos
2902 2461 3065 2531 320
3122 2463 3311 2518 verbis
3361 2475 3529 2535 atque

1946 2556 2187 2611 decretis
2215 2556 2484 2609 inhaerere
2522 2562 2762 2625 oportet,
2814 2554 3231 2610 considerantes
3278 2557 3409 2627 quid
3457 2559 3530 2613 sit

1947 2649 2298 2703 incarnatum
2321 2662 2465 2712 esse,
2499 2656 2556 2700 et
2590 2646 2870 2701 hominem
2905 2645 3107 2701 factum
3164 2648 3339 2703 Deum
3390 2650 3532 2704 Ver-

1948 2739 2102 2794 bum.
2122 2739 2242 2793 Non
2260 2738 2408 2791 enim
2433 2736 2676 2791 dicimus
2696 2744 2947 2791 naturam
2970 2738 3138 2792 ’Verbi
3156 2739 3527 2805 immutatam,

1948 2844 2171 2884 carnem
2196 2844 2322 2883 esse
2347 2827 2576 2883 factam:
2614 2827 2710 2882 sed
2732 2842 2910 2896 neque
2933 2827 2991 2881 in
3035 2837 3212 2883 totum
3246 2830 3529 2886 hominem

1950 2936 2271 2977 conversam
2295 2935 2438 2984 esse,
2468 2920 2564 2988 qui
2597 2926 2813 2973 constat
2847 2934 2910 2973 ex
2956 2919 3138 2973 anima
3172 2930 3229 2974 et
3272 2937 3528 2991 corpore.
3630 2978 3635 2987 ,

276 3020 451 3091 σάρκα
508 3016 911 3087 ὲμψυχωμένην
946 3015 1091 3084 ψυχῇ
1139 3012 1333 3083 λογικῇ
1380 3010 1588 3075 ὲνώσας
1618 3014 1645 3063 6
1674 3011 1848 3078 Λόγος

1952 3014 2158 3069 Verum
2189 3011 2323 3066 illud
2349 3012 2538 3081 potius
2559 3010 2819 3074 dicimus,
2855 3011 3121 3075 Verbum,
3156 3027 3281 3066 cum
3307 3028 3529 3069 carnem

276 3111 450 3183 ἑαυτῷ
502 3109 627 3163 καθ’
658 3108 949 3161 ὑπόστασιν
973 3147 986 3170 ,
1018 3105 1310 3175 ἀφράστως
1364 3104 1851 3174 καλὰπερινοήτως

276 3203 495 3272 γέγονεν
520 3201 826 3271 ἄνθρωπος,
856 3196 952 3250 καὶ
995 3196 1404 3266 κεχρημάτικεν
1462 3193 1585 3255 Υἱὸς
1638 3192 1849 3263 ἀνθρώ-

278 3305 401 3351 που,
424 3292 485 3339 οὐ
513 3288 656 3340 κατά
678 3288 896 3359 θέλησιν
932 3288 1122 3359 μόνην,
1144 3288 1178 3357 ἢ
1204 3287 1448 3341 εὐδοκίαν
1466 3302 1480 3316 ⁸
1506 3286 1620 3340 ἀλλ’
1636 3286 1757 3339 οὐδὲ
1778 3286 1854 3348 ὡς

280 3383 334 3435 ἓν
382 3381 692 3455 προσλήψει
747 3381 1044 3452 προσώπου
1102 3381 1305 3450 μόνον’
1339 3381 1435 3433 καὶ¹
1463 3380 1548 3433 ὅτι
1604 3378 1853 3447 διάφοροι

282 3475 376 3543 μὲν
406 3474 464 3525 αί
524 3473 661 3542 πρὸς
711 3472 938 3543 ἑνότητα
995 3471 1094 3542 τὴν
1146 3470 1408 3542 ἀληθινὴν
1449 3469 1854 3541 συνενεχθεῖσαι

282 3562 467 3630 φύσεις
498 3561 635 3633 (2.5),
679 3556 760 3623 εἷς
789 3560 846 3613 δὲ
896 3560 954 3628 ἐξ
1003 3560 1207 3631 ἀμφοῖν
1241 3561 1495 3634 Χριστὸς,
1563 3561 1657 3614 καὶ¹
1702 3559 1851 3626 Υίὸς,

284 3654 378 3723 οὐχ
409 3654 485 3715 ὡς
517 3653 617 3721 τῆς
662 3651 772 3705 τῶν
810 3650 1024 3722 φύσεων
1055 3653 1318 3723 διαφορᾶς
1369 3651 1720 3724 ἀνῃρημένης
1765 3650 1856 3704 διά

283 3744 377 3815 τὴν
405 3748 601 3799 ἕνωσιν
624 3756 639 3772 ⁸
671 3742 1094 3797 ἀποτελεσασῶν
1140 3743 1198 3796 δὲ
1236 3743 1435 3814 μᾶλλον
1471 3746 1606 3815 ἡμῖν
1640 3742 1732 3796 τὸν
1759 3741 1856 3795 ἕνα

288 3833 490 3905 Κύριον
540 3834 637 3887 καὶ⁷
672 3832 910 3907 Χριστὸν
938 3834 1034 3885 καλ⁵
1068 3833 1195 3885 Υἱὸν
1226 3834 1292 3886 ὲκ
1348 3832 1601 3902 θεότητός
1648 3849 1708 3884 τε
1761 3832 1856 3884 καὶ
1891 3897 1900 3907 ⁸

291 3926 732 3997 ἁνθρωπότητος,
767 3923 855 3977 διὰ
904 3924 1004 3993 τῆς
1060 3924 1339 3995 ἀφράστου
1396 3923 1490 3976 καὶ
1541 3923 1901 3994 ἀπορρήτους

287 4015 421 4088 πρὸς
446 4016 677 4085 ἑνότητα
705 4014 1032 4086 συνδρομῆς.
1056 4015 1161 4068 Καὶ
1176 4016 1303 4085 μετ’
1321 4015 1496 4084 ὀλίγα
1514 4032 1526 4044 ·
1559 4016 1775 4086 Ἐπειδὴ
1800 4015 1857 4069 δὲ
1892 4030 1905 4042 ·

284 4106 347 4160 δι’
367 4109 515 4177 ἡμᾶς
534 4108 634 4160 καὶ
659 4106 748 4161 διά
769 4107 868 4176 τὴν
897 4107 1172 4177 ἡμετέραν
1198 4108 1469 4177 σωτηρίαν
1501 4105 1706 4170 ὲνώσας
1732 4108 1860 4160 ἑαυ-

286 4195 359 4267 τῷ
388 4197 534 4267 καθ’,
553 4197 856 4249 ὑπόστασιν
879 4195 972 4250 τὸν
996 4193 1336 4267 ἀνθρώπινον
1362 4198 1633 4267 προῆλθεν
1662 4200 1727 4251 ὲκ
1759 4215 1860 4265 γυ⁶

284 4290 487 4355 ναικὸς,
509 4290 669 4343 ταυτὶ
695 4288 912 4356 λέγεται
944 4288 1039 4341 καὶ
1078 4286 1404 4359 γεννηθῆναι
1452 4289 1751 4358 σαρκικῶς.
1779 4290 1855 4343 Οὐ

1956 3104 2133 3158 anima
2160 3102 2414 3157 rationali
2442 3103 2740 3156 auimatam
2781 3102 2885 3156 sibi
2916 3103 3283 3172 personaliter
3318 3106 3533 3160 univis-

1955 3204 2060 3261 set,
2096 3194 2361 3249 inetl‘abili
2390 3194 2626 3263 quadam
2651 3195 3278 3266 etincomprehensibili
3320 3198 3533 3253 ratione

1955 3288 2238 3343 hominem
2271 3287 2473 3341 factum
2500 3301 2644 3350 csse,
2680 3296 2736 3340 et
2768 3287 2941 3341 tilitun
2966 3288 3209 3343 hominis
3254 3299 3533 3357 vocatum,

1954 3397 2071 3436 non
2098 3382 2251 3452 juxta
2280 3380 2621 3435 voluntatem
2668 3379 2937 3434 duntaxat
2986 3395 3051 3435 ae
3098 3380 3532 3451 bencplacitum.

1956 3472 2052 3528 sed
2083 3487 2186 3526 nec
2219 3472 2392 3527 solius
2437 3486 2685 3539 personae
2744 3472 3142 3541 assumptione.
3173 3473 3238 3525 Et
3290 3473 3536 3529 diversas

1957 3565 2181 3635 quidem
2216 3579 2339 3619 esse
2372 3572 2599 3617 naturas
2634 3578 2755 3631 quae
2782 3563 2838 3617 in
2869 3578 3058 3617 veram
3090 3564 3356 3619 unitatem
3402 3580 3537 3620 cou-

1957 3657 2244 3712 venerint:
2276 3669 2450 3710 unum
2474 3662 2658 3708 autem
2683 3668 2805 3708 esse
2848 3653 3132 3708 Christum
3191 3664 3248 3709 et
3298 3655 3535 3711 Filium:

1956 3763 2067 3802 non
2093 3746 2240 3816 quod
2270 3753 2593 3799 naturarum
2622 3743 2914 3797 diversitas
2944 3744 3159 3799 sublata
3182 3745 3252 3798 sit
3287 3762 3386 3816 per
3415 3746 3538 3799 uni-

1961 3839 2194 3893 tionem:
2230 3836 2327 3891 sed
2358 3835 2542 3904 potius
2567 3832 2857 3887 divinitate
2884 3834 3045 3888 simul
3095 3844 3151 3890 et
3196 3836 3539 3895 humanitate

1960 3945 2133 3983 unum
2161 3928 2327 3983 nobis
2357 3926 2652 3981 Dominum
2694 3933 2749 3979 et
2776 3924 3061 3981 Christum
3088 3942 3152 3981 ac
3182 3927 3386 3982 Filium
3410 3944 3539 3998 per-

1961 4020 2181 4074 ficiente
2203 4034 2303 4088 per
2329 4016 2665 4072 ineffabilem
2693 4026 2748 4071 et
2781 4032 3043 4072 arcanum
3087 4019 3242 4073 illum
3307 4035 3543 4076 concur-

1961 4125 2081 4165 sum
2111 4109 2181 4163 ad
2232 4108 2522 4163 unitatem.
2557 4106 2624 4161 Et
2671 4108 2829 4178 paulo
2874 4119 2986 4180 post
3014 4127 3032 4164 :
3095 4110 3366 4178 Quoniam
3410 4129 3543 4172 vero

1960 4208 2190 4272 propter
2218 4214 2321 4254 nos
2370 4208 2428 4254 et
2460 4207 2690 4269 prepter
2740 4209 2985 4256 nostram
3026 4202 3256 4257 salutem
3307 4203 3544 4262 humana

1962 4303 2161 4347 natura
2185 4292 2290 4347 sibi
2312 4292 2683 4362 personaliter
2708 4293 2883 4357 unita,
2909 4294 3181 4363 processit
3205 4310 3271 4349 ex
3288 4296 3542 4359 muliere,

285 4376 390 4448 γὰρ
421 4379 644 4450 πρῶτον
669 4378 955 4449 ἄνθρωπος
985 4379 1247 4450 ἐγεννήθη
1278 4379 1455 4443 κοινὸς
1477 4381 1542 4433 ὲκ
1572 4382 1671 4451 τῆς
1700 4381 1848 4449 ἁγίας

1969 4383 2177 4439 idcirco
2227 4392 2396 4437 natus
2448 4382 2657 4437 dicitur
2707 4383 3011 4438 secundum
3064 4380 3313 4441 carnem.
3358 4388 3549 4459 Neque

286 4468 585 4539 Παρθένου,
626 4463 727 4523 εἷθ’
758 4469 931 4533 οὕτως
970 4472 1450 4542 καταπεφοίτηκεν
1505 4475 1592 4527 ἐπ’
1635 4474 1799 4527 αὑτὸν
1830 4475 1860 4527 6

287 4562 461 4631 Λόγος
484 4580 499 4594 ·
535 4562 655 4617 ἀλλ’
676 4562 737 4627 ἐξ
760 4562 931 4631 αὐτῆς
958 4563 1169 4633 μήτρας
1194 4564 1437 4628 ἑνωθεὶς,
1461 4566 1750 4634 ὑπομεῖναι
1774 4566 1859 4619 λέ-

287 4668 445 4725 γεται
468 4656 728 4727 γέννησιν
780 4653 1073 4726 σαρκικὴν,
1103 4653 1179 4718 ὡς
1220 4653 1325 4724 τῆς
1358 4655 1496 4720 ιδίας
1529 4658 1731 4729 σαρκὸς
1760 4657 1858 4732 τὴν

1967 4475 2114 4529 enim
2150 4474 2393 4545 primum
2418 4482 2584 4527 natus
2609 4482 2692 4527 est
2722 4473 2893 4528 homo
2950 4476 3193 4547 vulgaris
3245 4494 3313 4534 ex
3358 4489 3549 4534 sancta

1965 4566 2212 4636 Virgine,
2238 4581 2302 4621 ac
2328 4565 2528 4621 deinde
2554 4565 2796 4620 Verbum
2826 4564 2883 4619 in
2939 4582 3066 4622 eum
3099 4569 3414 4625 descendit:
3452 4571 3547 4626 sed

1968 4657 2038 4712 ab
2073 4657 2194 4729 ipso
2236 4664 2396 4712 utero
2416 4656 2612 4713 unitus
2637 4657 2913 4713 carnalem
2936 4660 3280 4717 nativitatem
3310 4661 3548 4717 subiisse

1564 4799 1799 4856 VARIAE
1845 4800 2249 4859 LECTIONES.

352 4911 403 4988 ἐξ
439 4912 499 4968 C.
522 4913 584 4969 C.
620 4912 828 4988 αύτοῖς.
902 4914 950 4946 ⁵³
989 4914 1103 4970 εύλ.
1140 4917 1235 4970 καὶ
1266 4915 1671 4988 θεοσεϐεστάτῳ
1734 4913 2530 4988 interpretatusestValesius,
2565 4910 2751 4968 omisit
2781 4912 2900 4987 ejus
2929 4913 3320 4986 typographus.
3398 4913 3445 4945 “
3481 4912 3545 4969 C.

281 4977 346 5037 C.
382 4980 709 5055 λειτουργῷκ

1494 5074 1770 5131 γΑιΕδιι
1812 5076 2372 5133 ANNOTATIONES.

354 5165 471 5235 (26)
503 5166 646 5221 Μεθ’
673 5165 783 5233 οὓς
814 5164 1052 5235 ῗΛέτιος.
1079 5166 1275 5221 Exstat
1304 5168 1467 5222 etiam
1499 5167 1589 5222 hic
1616 5169 1771 5224 locus
1802 5168 1864 5223 in

275 5234 503 5308 actione
533 5236 778 5308 secunda
805 5234 1066 5308 Cbaleed.
1097 5238 1333 5308 concilii,
1367 5252 1487 5308 pag.
1516 5237 1637 5293 l60.

348 5306 466 5371 (25)
500 5309 572 5360 Αἱ
605 5307 755 5374 πρὸς
818 5305 1069 5371 ἑνότητα
1142 5304 1250 5370 τὴν·
1304 5304 1605 5375 ἀληθινὴν
1648 5320 1867 5361 curer.

271 5376 550 5440 εχθεὶσαι
579 5378 814 5442 φύσεις.
836 5376 1027 5429 Divina
1068 5379 1210 5432 enim
1267 5385 1323 5430 et
1378 5378 1615 5431 humana
1670 5386 1869 5432 natura

270 5444 449 5498 simul
482 5449 711 5515 junctae,
742 5459 909 5515 unum
951 5444 1233 5499 Christum
1262 5461 1328 5501 ac
1365 5449 1659 5502 Dominum
1704 5448 1871 5503 nobis

269 5512 715 5589 constituerunt.
748 5512 925 5589 Atque
955 5516 1029 5569 ita
1054 5531 1245 5589 verum
1271 5527 1356 5573 est
1394 5518 1540 5589 quod
1572 5518 1659 5572 ait
1686 5515 1868 5589 Cyril-

271 5580 392 5647 lus,
427 5585 566 5639 duas
588 5592 820 5637 naturas
835 5580 994 5639 inter
1020 5599 1079 5638 se
1117 5586 1385 5651 diversas,
1410 5580 1490 5642 'in
1520 5602 1705 5642 veram
1731 5580 1868 5643 uni-

270 5660 454 5708 tatem
472 5655 707 5711 coivissc
726 5670 737 5705 :
755 5654 899 5721 quod
913 5664 1093 5710 tamen
1107 5672 1215 5711 non
1239 5656 1864 5729 intellexitChristoph.:

612 5752 887 5813 Ρηιιοι.
934 5749 1055 5812 Gn.
1090 5750 1440 5816 LXXXVI.

1973 5184 2083 5241 non
2115 5167 2262 5241 quod
2292 5184 2358 5241 ex
2385 5168 2603 5241 duabus
2648 5170 2865 5226 naturis
2901 5186 3011 5225 una
3046 5170 3187 5226 facta
3232 5172 3323 5233 sit,
3354 5188 3552 5241 quem—

1976 5238 2271 5312 admodum
2316 5239 2589 5312 Eutyches
2620 5242 2858 5295 asseruit
2886 5258 2901 5303 ;
2932 5242 3025 5295 sed
3060 5242 3209 5312 quod
3240 5258 3307 5297 ex
3338 5238 3554 5297 duabus

1977 5308 2366 5385 uaturis_unus
2390 5308 2963 5385 eistiteritChristus.
3001 5308 3180 5385 Atque
3213 5314 3286 5367 ita
3314 5312 3554 5385 Cyrillus

1976 5377 2305 5452 sententiam
2359 5394 2512 5452 suam
2566 5382 2730 5450 paulo
2792 5391 2917 5451 post
2968 5377 3215 5452 exponit,
3272 5377 3400 5439 cum
3454 5382 3554 5446 ait,

1977 5446 2069 5525 διὰ
2099 5449 2197 5525 τῆς
2232 5450 2512 5525 ἀφρᾲμστου
2543 5446 2639 5504 καὶ
2665 5446 2980 5525 ἀπορρήτου
3001 5446 3137 5523 πρὸς
3164 5446 3393 5525 ἑνότητα
3424 5470 3555 5506 συν⁴

1977 5517 2206 5591 δρομῆς.
2232 5516 2326 5591 Ex:
2354 5521 2440 5574 his
2469 5530 2698 5591 apparet
2718 5516 3114 5579 hallucinatum
3140 5539 3261 5580 esse
3284 5516 3558 5581 Joannem

1978 5586 2248 5669 Langum,
2286 5586 2519 5669 doctum
2542 5586 2779 5669 'alioqui
2814 5593 3115 5667 Nicephori
3169 5596 3554 5669 interpretem.

1978 5658 2074 5731 qui
2107 5658 2330 5732 ἑνότητα
2366 5662 2613 5717 unionem
2644 5658 2829 5723 vertit.

3162 5758 3237 5822 81
