4024 6208
351 261 504 363 ,εδῆι
1314 319 1324 325 -
1587 298 1906 358 EVAGRII
1942 297 2428 360 SCIIOLASTICI
3496 297 3639 371 2572

367 409 596 472 dicitur,
653 415 844 477 utpote
894 407 990 477 qui
1049 407 1235 469 carnis
1289 418 1402 464 Sua:
1453 409 1798 464 nativitatem
1847 408 1951 463 sibi

2061 409 2310 480 γέννησιν
2359 408 2754 478 οἰκειούμενος.
2791 403 2947 462 Οῦτω
3004 409 3186 480 φαμὲν
3227 415 3388 469 αὐτὸν
3415 413 3636 479 παθεῖν,

338 556 341 560 ί
367 499 649 570 propriam
688 498 940 554 asciscat.
983 499 1189 555 Eodem
1215 499 1380 554 modo
1407 500 1557 556 illum
1583 513 1803 570 passum
1828 514 1950 556 esse

2061 498 2148 552 καὶ
2180 498 2500 570 ἀναστῆναι,
2533 499 2629 569 οὐχ
2657 498 2733 562 ὡς
2762 497 2854 551 τοῦ
2887 497 3025 552 Θεοῦ
3054 500 3230 568 Λόγου
3264 501 3528 568 παθόντος
3552 503 3635 567 είς

368 589 609 646 dicimus
630 598 687 644 et
716 589 1105 656 resurrexisse,
1151 605 1261 644 non
1299 591 1456 660 quasi
1508 592 1655 647 Deus
1706 591 1950 646 Verbum

2061 590 2196 645 ίδίαν
2253 591 2436 660 φύσιν,
2475 591 2508 662 ἢ
2545 590 2782 662 πληγὰς,
2813 589 2845 662 ἢ
2872 591 3188 663 διατρήσεις
3217 593 3380 665 ἥλων,
3409 596 3444 666 ἢ
3492 593 3633 665 γοῦν

370 682 429 736 in
469 697 567 737 sua
609 693 808 737 natura
868 682 1054 753 plagas
1109 697 1304 753 passus
1357 683 1448 749 sit,
1503 697 1598 738 aut
1667 685 1950 741 clavorum

2061 681 2123 736 τὰ
2210 681 2375 753 ἕτερα
2465 681 2575 736 τῶν
2666 683 3017 753 τραυμάτων.
3088 683 3320 749 ’Λπαθές
3397 686 3505 758 γὰρ
3566 690 3634 743 τὸ

342 771 786 838 ·ιτεηείίιίοηεε,
838 781 935 826 aut
981 773 1085 826 alia
1145 773 1405 842 quaelibet
1465 775 1751 830 vulnera:
1804 777 1955 832 Deus

349 866 521 922 .enim
561 864 937 936 perpessionis
967 881 1166 936 expers
1219 875 1321 930 est,
1377 875 1568 936 utpote
1611 868 1707 937 qui
1766 877 1953 924 careat

371 970 622 1026 corpore.
666 955 773 1010 Sed
798 955 1060 1024 quoniam
1081 971 1281 1026 corpus
1311 955 1445 1011 illud
1472 956 1620 1028 quod
1664 958 1950 1028 proprium

370 1047 492 1118 ejus
518 1053 656 1110 erat,
689 1061 910 1116 passum
939 1053 1046 1110 est,
1073 1045 1282 1101 ideirco
1322 1062 1518 1117 passus
1556 1047 1702 1104 idem
1743 1048 1953 1104 dicitur

365 1153 494 1192 esse
517 1153 620 1208 pro
649 1137 831 1192 nobis.
857 1136 992 1192 Nam
1040 1137 1098 1191 in
1145 1152 1381 1208 corpore
1419 1139 1568 1210 quod
1615 1140 1952 1210 patiebatur,

371 1229 552 1285 inerat
587 1230 732 1285 Deus
756 1229 1100 1301 impatihilis.

439 1319 630 1374 Altera
661 1326 844 1373 autem
868 1317 1059 1390 Cyrilli
1081 1319 1337 1389 epistola,
1373 1321 1582 1392 majore
1631 1321 1856 1392 quidem
1881 1336 1951 1378 ex

369 1416 529 1479 parte
546 1409 656 1479 jam
688 1407 862 1462 relata
896 1416 980 1463 est
1008 1407 1064 1461 in
1095 1406 1276 1477 primo
1301 1409 1465 1480 hujus
1487 1409 1735 1466 historia!
1781 1411 1948 1466 libro.

369 1499 564 1556 Exstat
592 1507 773 1555 autem
805 1498 857 1552 in
883 1514 946 1554 ea
979 1497 1188 1552 dictum
1219 1499 1519 1569 quoddam,
1545 1500 1692 1570 quod
1712 1501 1954 1558 Joannes

367 1592 599 1664 quidem
623 1591 1011 1646 Antiochensis
1034 1591 1328 1661 episcopus
1349 1591 1403 1645 in
1423 1591 1624 1648 litteris
1641 1593 1758 1649 suis
1779 1609 1951 1664 expo-

362 1693 563 1740 suerat
583 1701 600 1750 ;
623 1682 860 1754 Cyrillus
887 1697 1018 1738 vero
1033 1683 1293 1738 omnibus
1308 1683 1586 1754 suffragiis
1600 1685 1948 1754 approbavit.

371 1775 433 1829 ιιι
465 1775 546 1829 sic
583 1773 778 1828 habet:
811 1772 1159 1828 Conﬁtentur
1205 1784 1453 1830 sanctam
1493 1776 1794 1847 Virginem,
1826 1777 1954 1831 Dei-

370 1880 583 1936 param,
615 1870 912 1935 propterea
941 1863 1087 1934 quod
1115 1864 1262 1919 Deus
1285 1865 1526 1920 Verbum
1552 1881 1616 1922 ex
1646 1881 1711 1921 ea
1729 1882 1953 1922 carnem

357 1955 675 2026 sumpserit
706 1963 762 2010 et
790 1955 959 2010 homo
987 1953 1166 2009 factus
1196 1955 1290 2020 sit,
1313 1963 1369 2010 et
1396 1955 1466 2010 ab
1492 1956 1611 2026 ipso
1635 1958 1956 2029 conceptio-

368 2049 462 2104 nis
490 2047 720 2103 exordio
745 2046 1009 2116 templum
1037 2061 1104 2101 ex
1135 2061 1200 2101 ea
1227 2055 1570 2117 assumptum
1592 2049 1698 2104 sibi
1757 2049 1954 2106 unive-

370 2141 464 2196 rit.
494 2139 856 2209 Evangelicas
881 2147 1064 2193 autem
1093 2146 1152 2194 et
1181 2139 1515 2209 apostolicae
1536 2154 1700 2195 voces
1733 2156 1857 2211 qua:
1885 2141 1954 2197 de

361 2233 608 2289 Domino
639 2231 924 2296 dicuntur,
951 2229 1161 2285 scimus
1189 2217 1411 2285 divinos
1447 2231 1570 2285 illos
1615 2232 1765 2288 viros
1819 2233 1955 2288 alias

352 2324 599 2396 equidem
629 2321 1001 2379 communiter
1022 2321 1295 2391 accipere,
1336 2329 1400 2376 ut
1451 2321 1520 2378 de
1568 2337 1676 2376 una
1718 2337 1954 2392 persona

372 2417 580 2471 dictas:
639 2415 776 2470 alias
826 2428 962 2468 vero
1006 2411 1279 2477 dividere,
1334 2421 1395 2466 ut
1441 2429 1564 2482 quae
1620 2413 1689 2469 de
1735 2413 1954 2470 duabus

370 2507 593 2564 naturis
635 2505 1014 2577 proferantur.
1058 2504 1146 2560 Et
1175 2505 1276 2559 has
1315 2504 1538 2574 quidem
1582 2506 1694 2560 Deo
1737 2506 1951 2577 dignas,

367 2600 524 2670 juxta
546 2597 810 2653 deitatem
840 2595 1048 2651 Christi
1087 2611 1104 2649 :
1137 2595 1273 2649 alias
1321 2611 1455 2650 vero
1499 2597 1737 2652 humiles
1787 2607 1954 2668 atque

372 2685 638 2757 abjectas,
677 2685 834 2756 juxta
885 2683 1133 2756 ejusdem
1191 2684 1587 2742 humanitatem
1641 2687 1951 2743 tradidisse.

361 2777 588 2845 Quibus
615 2777 733 2832 haec
761 2776 1338 2849 subjungitCyrillus:
1375 2778 1472 2832 llis
1518 2779 1691 2834 sacris
1723 2780 1956 2835 vocibus

372 2868 579 2924 vestris
601 2868 886 2940 perlectis,
916 2883 1041 2924 cum
1064 2884 1170 2925 nos
1209 2869 1361 2939 ipsos
1392 2871 1536 2925 idem
1560 2873 1766 2927 sentire
1790 2873 1954 2929 intel-

372 2945 708 3032 ligeremus:
744 2977 762 3011 ι
794 2958 948 3014 Unus
976 2959 1126 3014 enim
1151 2960 1438 3026 Dominus,
1459 2977 1567 3016 una
1589 2961 1744 3028 ﬁdes,
1779 2979 1952 3018 unum

2052 771 2228 836 Θεῖον,
2263 774 2347 826 ὅτι
2379 771 2473 826 καὶ
2499 771 2811 843 ἀσώματον.
2861 771 3086 843 Ἐπειδὴ
3113 772 3170 825 δὲ
3196 773 3258 828 τὸ
3288 776 3509 844 γεγονὸς
3531 775 3634 830 αὗ·-

2052 861 2152 917 τοῦ
2184 862 2315 917 ἴδιον
2344 863 2504 934 σῶμα
2532 863 2790 926 πέπονθε,
2815 861 2990 917 ταῦτα
3018 865 3183 918 πάλιν
3225 865 3388 930 αὐτὸς
3414 867 3634 936 λέγεται

2052 953 2246 1007 παθεῖν
2275 953 2417 1024 ὑπὲρ
2453 952 2631 1024 ἡμῶν.
2659 948 2768 1008 Ἧν
2801 954 2911 1024 γὰρ
2947 955 2977 1007 ό
3024 954 3260 1028 ἀπαθὴς,
3294 955 3354 1012 ἐν
3408 955 3487 1028 τῷ
3532 955 3638 1014 πά-

2055 1061 2236 1116 σχοντι
2261 1043 2498 1116 σώματι.

2124 1311 2238 1382 Τῆς
2259 1310 2316 1364 δέ
2339 1321 2402 1379 γε
2422 1307 2620 1380 ἐτέρας
2644 1307 2713 1362 τὰ
2741 1308 2916 1362 πολλὰ
2947 1308 3049 1379 μέν
3071 1309 3214 1363 κατὰ
3241 1307 3340 1378 τὴν
3363 1307 3632 1380 προτέραν

2052 1402 2300 1472 ἱστορίαν
2327 1401 2638 1472 ἐνήνεκται.
2679 1401 2836 1454 Ἔστι
2867 1401 2925 1454 δὲ
2956 1401 3016 1454 ἐν
3054 1399 3192 1471 αὐτῇ
3240 1398 3400 1471 ῥῆσις
3431 1400 3632 1464 τοιάδε,

2053 1494 2120 1565 ἢν
2166 1494 2413 1564 γέγραφε
2471 1492 2572 1562 μὲν
2613 1492 2917 1563 Ἰωάννηςό
2943 1491 3044 1561 τῆς
3090 1491 3427 1561 Ἀντιοχέων,
3462 1505 3636 1562 προσ-

2053 1584 2228 1656 ήκατο
2255 1584 2312 1638 δὲ
2343 1585 2544 1647 πάσαις
2570 1583 2775 1654 ψήφοις
2803 1581 3094 1654 Κύριλλος.
3116 1582 3515 1654 Ὁμολογοῦμεν
3536 1583 3638 1654 τὴν

2054 1678 2218 1746 ἁγίαν
2277 1676 2554 1747 Παρθένον
2606 1675 2888 1740 Θεοτόκον,
2917 1675 3006 1728 διὰ
3061 1675 3120 1728 τὸ
3148 1675 3240 1728 τὸν
3284 1675 3418 1728 Θεὸν
3463 1676 3637 1744 Λόγον

2059 1767 2415 1839 σαρκωθῆναι
2437 1767 2494 1832 ἐξ
2515 1765 2688 1836 αὐτῆς
2718 1765 2813 1818 καὶ
2840 1763 3260 1836 ἐνανθρωπῆσαι
3280 1804 3294 1829 ,
3331 1765 3426 1817 καὶ
3450 1765 3510 1829 ἐξ
3539 1766 3639 1819 αύ-

2053 1859 2157 1929 τῆς
2189 1857 2290 1928 τῆς
2321 1856 2634 1926 συλλήψεως
2663 1856 2859 1909 ἐνῶσαι
2890 1855 3068 1925 ἐαυτῷ
3094 1855 3186 1908 τὸν
3226 1855 3285 1918 ἐξ
3333 1855 3501 1925 αὐτῆς
3536 1855 3637 1925 λη-

2056 1949 2258 2019 φθέντα
2282 1949 2544 2011 ναόν.Τὰς
2572 1949 2630 2002 δὲ
2650 1947 3008 2015 εὐαγγελικὰς
3041 1947 3136 2000 καὶ
3159 1947 3524 2010 ἀποστολικὰς
3542 1949 3638 2000 ἐπὶ

2053 2041 2151 2094 τοῦ
2181 2041 2386 2110 Κυρίου
2415 2040 2620 2110 φωνὰς,
2650 2040 2809 2110 ίσμεν
2837 2040 2966 2101 τοὺς
2991 2037 3284 2108 θεοφόρους
3311 2037 3511 2109 ἄνδρας
3539 2041 3640 2100 τὰς

2058 2130 2158 2201 μὲν
2187 2129 2646 2193 κοινοποιοῦντας,
2677 2130 2756 2192 ὡς
2780 2130 2865 2198 ἐφ’
2895 2127 3014 2192 ἐνὸς
3061 2127 3358 2198 προσώπου
3384 2144 3400 2158 ο
3431 2127 3531 2191 τὰς
3579 2129 3638 2181 δὲ

2054 2221 2419 2292 διαιροῦντας,
2443 2220 2518 2284 ὡς
2555 2221 2648 2274 ἐπὶ
2681 2219 2774 2273 δύο
2807 2218 3022 2288 φύσεων
3051 2235 3066 2250 ·
3096 2219 3193 2273 καὶ
3222 2219 3323 2282 τὰς
3359 2218 3459 2289 μὲν
3513 2219 3634 2272 θεο-

2056 2312 2312 2380 πρεπεῖς,
2345 2308 2489 2364 κατὰ
2542 2309 2646 2378 τὴν
2696 2309 2924 2376 θεότητα
2976 2306 3071 2360 τοῦ
3118 2306 3399 2378 Χριστοῦο
3449 2308 3546 2371 τὰς
3579 2308 3639 2361 δέ

2055 2399 2345 2461 ταπεινὰς,
2383 2398 2522 2452 κατὰ
2565 2397 2964 2467 ἁνθρωπότητα
3017 2396 3185 2449 αὐτοῦ
3229 2395 3635 2466 παραδιοοντος.

2056 2485 2151 2552 Οἷς
2207 2491 2486 2562 ἐπήγαγεν
2508 2505 2520 2520 ·
2552 2488 2792 2551 Ταύταις
2845 2487 2999 2559 ὑμῶν
3028 2490 3148 2552 ταῖς
3178 2490 3349 2558 ἱεραῖς
3390 2488 3641 2558 ἐντυχόν-

2057 2597 2150 2644 τες
2214 2583 2455 2651 φωναῖς,
2486 2579 2661 2642 οῦτως
2712 2580 2810 2650 μὲν
2861 2579 2956 2632 καὶ
3008 2579 3206 2642 αὐτοὺς
3229 2581 3270 2611 ⁸³
3305 2579 3639 2649 φρονοῦντας

2057 2673 2406 2743 εὑρίσκομεν.
2440 2691 2457 2723 ι
2485 2665 2578 2734 Εἷς
2603 2672 2714 2742 γὰρ
2743 2669 2970 2742 Κύριος,
3001 2671 3099 2741 μία
3125 2670 3327 2734 πίστις,
3354 2670 3412 2723 ἓν
3443 2670 3638 2740 βάπτι-

2057 2782 2192 2835 σμα.
2225 2784 2243 2816 ι
2266 2765 2523 2828 Ἐδοξάσα
2533 2781 2631 2833 μεν
2657 2761 2751 2818 οὗν
2783 2763 2871 2816 τὸν
2898 2763 3008 2816 τῶν
3032 2763 3169 2814 ὅλων
3213 2763 3440 2834 Σωτῆρα
3465 2762 3600 2816 Θεὸν
3617 2800 3638 2829 ,

2056 2856 2308 2928 ἀλλήλοις
2345 2855 2755 2925 συγχαίροντες,
2785 2855 2868 2907 ὅτι
2915 2855 3036 2916 ταῖς
3085 2852 3462 2916 θεοπνεύστοις
3496 2854 3536 2906 Γ
3538 2871 3639 2926 ραι

2057 2950 2186 3018 φαῖς
2243 2947 2338 3000 καὶ
2385 2949 2452 3018 τῇ
2506 2945 2804 3016 παραδόσει
2833 2944 2942 2998 τῶν
2983 2944 3154 3012 ἁγίων
3187 2944 3346 3014 ἡμῶν
3378 2945 3640 3014 Πατέρων

373 3031 678 3120 baptisma:
708 3066 726 3100 ι
770 3047 1120 3105 Servatorem
1141 3049 1394 3104 omnium
1428 3051 1599 3106 Deum
1619 3051 1952 3122 gloriﬁcavi-

2061 3034 2464 3105 συμϐαίνουσαν
2492 3033 2676 3103 ἔχουσι
2707 3033 2886 3086 πίστιν
2921 3031 2984 3086 αῐ
3010 3049 3069 3085 τε
3106 3031 3234 3102 παρ’
3261 3034 3392 3102 ἡμῖν
3439 3035 3538 3086 καὶ
3581 3033 3641 3087 αι

373 3153 519 3204 mus,
545 3138 783 3194 invicem
806 3139 1165 3210 gratulantes,
1195 3140 1344 3209 quod
1377 3148 1486 3194 tam
1537 3151 1760 3205 nostra},
1791 3143 1950 3213 321

373 3245 541 3300 quam
579 3237 779 3284 vestra:
831 3229 1073 3300 regionis
1110 3231 1390 3295 Ecclesiae,
1435 3232 1599 3286 ﬁdem
1646 3249 1773 3289 cum
1813 3233 1958 3289 Scri-

373 3319 556 3391 pturis
581 3317 848 3374 divinitus
870 3319 1151 3390 inspiratis
1183 3330 1239 3376 et
1266 3337 1390 3376 cum
1417 3323 1712 3380 traditione
1733 3335 1956 3380 sancto-

376 3426 499 3464 rum
543 3410 769 3466 Patrum
822 3411 1262 3468 consentientem
1312 3413 1694 3483 proﬁteantur.
1745 3415 1959 3482 Quibus

376 3497 673 3569 perlectis,
707 3496 950 3568 episcopi
1007 3501 1102 3569 qui
1159 3500 1390 3557 aderant
1441 3503 1819 3558 cxclamarunt
1874 3504 1960 3559 his

377 3589 594 3645 verbis:
627 3588 882 3644 Universi
918 3589 991 3642 ita
1015 3589 1321 3646 credimus:
1347 3591 1459 3647 Leo
1489 3607 1629 3662 papa
1665 3592 1739 3646 ita
1761 3592 1958 3648 credit.

373 3679 689 3735 Anathema
713 3677 764 3733 ei
782 3678 877 3748 qui
905 3677 1123 3746 dividit,
1152 3689 1208 3734 et
1255 3681 1306 3735 ei
1337 3680 1431 3750 qui
1475 3681 1784 3736 confundit.
1833 3681 1962 3738 Haec

381 3781 467 3828 est
495 3771 630 3828 ﬁdes
652 3770 856 3826 Leonis
883 3769 1314 3840 archiepiscopi;
1347 3771 1458 3827 Leo
1513 3773 1594 3827 sic
1619 3773 1822 3839 credit;
1851 3773 1962 3828 Leo

383 3874 440 3922 et
461 3865 752 3920 Anatolius
781 3863 856 3918 ita
898 3862 1170 3928 credunt;
1224 3863 1470 3917 universi
1525 3863 1597 3918 ita
1649 3863 1958 3928 credimus;

386 3964 446 4010 ut
477 3954 738 4026 Cyrinus,
772 3952 852 4008 sic
873 3966 977 4006 nos
1009 3949 1322 4016 credimus;
1357 3951 1548 4030 Cyrilli
1595 3962 1802 4008 aeterna
1843 3968 1962 4007 me—

382 4045 592 4113 moria;
627 4054 689 4100 ut
716 4045 964 4116 epistola:
1019 4043 1208 4115 Cyrilli
1239 4044 1467 4110 habent,
1527 4045 1608 4099 sic
1657 4045 1959 4110 sentimus;

382 4139 460 4193 ita
487 4135 848 4201 credidimus,
887 4135 965 4189 ita
998 4133 1301 4188 credimus.
1355 4134 1466 4190 Leo
1515 4133 1965 4206 archiepiscopus

384 4226 462 4278 ita
481 4224 671 4288 sentit,
703 4223 779 4278 ita
811 4222 1011 4288 credit,
1038 4222 1112 4276 ita
1140 4224 1388 4294 scripsit.

453 4315 648 4370 Postea
679 4329 805 4368 cum
831 4314 1183 4370 interlocutio
1203 4317 1416 4384 prolata
1437 4325 1604 4381 esset,
1633 4326 1694 4372 ut
1734 4318 1966 4388 epistola

2059 3144 2132 3179 πα
2143 3126 2190 3197 ρ’
2209 3127 2338 3196 ύμῖν
2354 3117 2798 3194 Ἐκκλησίαι.⁷Ων
2819 3123 3264 3191 ἀνεγνωσμένων,
3280 3124 3329 3174 οί
3348 3122 3446 3191 τῆς
3467 3121 3641 3191 α’ύτῆς

2057 3219 2362 3288 ἐπεϐόησαν
2403 3216 2626 3270 συνόδου
2658 3215 2866 3284 ῥήμασι
2893 3213 3156 3277 τοιούτοις
3176 3227 3190 3243 ⁸
3223 3213 3430 3274 Πάντες
3467 3211 3642 3276 οὓτως

2059 3308 2390 3379 πιστεύομεν
2415 3324 2430 3338 ο
2460 3308 2490 3360 ὁ
2520 3306 2710 3369 πάπας
2744 3305 2895 3358 Λέων
2917 3304 3090 3366 οὕτως
3122 3305 3388 3360 πιστεύει,
3424 3305 3643 3359 ’Λνὰθε-

2065 3417 2141 3470 μα
2171 3399 2250 3470 τῷ
2287 3396 2588 3469 μερίζοντι,
2618 3397 2714 3450 καὶ
2745 3394 2824 3465 τῷ
2858 3396 3144 3464 συγχέοντι
3165 3411 3179 3426 ο
3215 3395 3353 3466 αῦτη
3378 3397 3412 3466 ἡ
3457 3396 3642 3460 πίστις

2061 3491 2290 3553 Λέοντος
2313 3487 2407 3543 τοῦ
2443 3486 2908 3559 ἀρχιεπισιιιόπου⁹
2947 3487 3096 3539 Λέων
3147 3483 3320 3548 οὕτως
3370 3484 3642 3550 πιστεύει,

2064 3586 2218 3640 Λέων
2249 3583 2346 3637 καὶ
2378 3581 2688 3644 Ἀνατόλιος
2713 3578 2884 3641 οῦτως
2914 3576 3226 3630 πιστεύουσι
3251 3592 3264 3607 ο
3316 3575 3516 3638 πάντες
3555 3575 3645 3629 οῦ-

2061 3691 2172 3737 τως
2216 3672 2547 3746 πιστεύομεν
2568 3687 2582 3700 ⁶
2616 3670 2692 3734 ὡς
2722 3669 3010 3738 Κύριλλος,
3057 3667 3233 3730 οὕτως
3257 3666 3589 3736 πιστεύομεν
3615 3681 3642 3730 ,⁸

2065 3764 2264 3817 αίωνία
2294 3764 2328 3832 ή
2359 3763 2551 3833 μνήμη
2585 3759 2858 3833 Κυρίλλου
2885 3773 2898 3788 ⁸
2932 3759 3007 3822 ὼς
3040 3759 3097 3812 αἱ
3121 3757 3402 3811 ἐπιστολαὶ
3434 3757 3642 3828 Κυρίλ-

2065 3852 2159 3905 λου
2193 3852 2331 3904 εἰσιν
2363 3850 2499 3922 (26),
2527 3850 2702 3914 οὕτως
2731 3847 3071 3921 φρονοῦμεν·
3107 3846 3283 3910 οὕτως
3316 3845 3645 3901 ἐπιστεύσα-

2071 3929 2193 4016 μεν,
2227 3942 2401 4005 οὕτως
2426 3940 2778 4010 πιστεύομεν.
2813 3939 2968 3991 Λέων
3011 3940 3039 3990 ὁ
3073 3938 3502 4008 ἀρχιεπίσκοπος
3543 3935 3648 3991 οὔτ

2064 4051 2172 4098 τως
2205 4032 2414 4103 φρονεῖ,
2437 4027 2608 4093 οὕτως
2635 4025 2902 4094 πιστεύει,
2934 4023 3106 4090 οὕτως
3127 4025 3357 4097 ἔγραψε.

2137 4315 2434 4379 Διαλαλιᾶς
2473 4315 2530 4368 δὲ
2564 4311 2880 4383 ἐνεχθείσης
2913 4311 3010 4366 καὶ
3041 4312 3142 4383 τὴν
3170 4315 3399 4377 Λέοντος
3425 4315 3648 4368 ἐπιστο-

382 4419 603 4476 quoque
637 4404 840 4459 Leonis
872 4405 1218 4471 recitaretur,
1271 4406 1326 4460 in
1367 4406 1615 4463 Graecum
1661 4424 1958 4465 sermonem

2074 4409 2172 4479 λὴν
2195 4407 2632 4476 ἀναγνωσθῆναι,
2671 4403 3116 4474 μεταφρασθεῖσα
3143 4405 3243 4473 τῆς
3283 4403 3648 4472 ἀναγνώσεως

385 4510 648 4551 conversa
667 4495 885 4565 publice
901 4497 1123 4551 recitata
1141 4504 1245 4561 est,
1262 4499 1699 4554 etmonumentis
1714 4508 1964 4555 actorum

385 4587 592 4641 inserta
620 4585 876 4641 habetur.
898 4585 1008 4642 Hac
1036 4587 1266 4657 epistola
1286 4588 1549 4658 perlecta,
1573 4605 1698 4644 cum
1719 4589 1965 4662 episcopi

386 4679 779 4734 acclamassent
808 4677 966 4734 :llaec
988 4679 1123 4734 ﬁdes
1159 4680 1380 4735 Patrum
1409 4681 1557 4736 :haee
1585 4681 1722 4738 ﬁdes
1741 4692 1964 4753 προειθ-

383 4769 601 4838 lorum;
627 4783 815 4824 omnes
845 4769 918 4824 ita
944 4767 1242 4837 credimus;
1275 4770 1568 4826 orthodoxi
1603 4772 1673 4827 ita
1697 4773 1961 4841 credunt;

381 4862 678 4918 anathema
701 4861 753 4917 ei
770 4862 864 4932 qui
895 4861 976 4918 sic
1002 4877 1112 4917 non
1135 4862 1344 4929 credit;
1379 4863 1576 4918 Petrus
1594 4879 1690 4933 per
1723 4864 1962 4920 Leonem

385 4953 491 5008 ista
551 4953 770 5008 locutus
809 4961 896 5008 est
930 4953 1219 5024 :Apostoli
1270 4955 1344 5009 ita
1387 4954 1732 5022 docuerunt;
1778 4957 1866 5025 pie
1899 4973 1966 5012 ae

382 5057 515 5099 vere
549 5043 739 5099 docuit
765 5043 910 5112 Leo;
940 5043 1176 5116 Cyrillus
1205 5044 1282 5099 ita
1313 5045 1522 5100 docuit.
1553 5046 1666 5102 Leo
1691 5055 1748 5102 et
1790 5047 1966 5119 Cyril-
2003 5073 2035 5118 ,ε

386 5134 473 5192 lus
529 5137 786 5192 similiter
841 5138 1244 5209 prmdicarunt;
1281 5139 1575 5193 anathema
1637 5139 1690 5194 ei
1737 5140 1834 5210 qui
1887 5141 1966 5194 sic

389 5243 499 5286 non
559 5231 767 5300 credit;
826 5232 943 5288 haec
986 5247 1117 5289 vera
1146 5232 1332 5300 'ﬁdes;
1364 5231 1656 5290 orthodoxi
1710 5231 1785 5286 ita
1837 5245 1967 5287 sen-

2071 4501 2259 4570 ἔτυχεν
2293 4516 2305 4529 ·
2338 4499 2460 4570 ἥτις
2489 4499 2601 4560 τοῖς
2634 4495 2954 4567 πραχθεῖσιν
2977 4493 3302 4564 ἐμφέρεται.
3329 4495 3481 4548 Μετὰ
3512 4495 3648 4560 γοῦν

2066 4593 2170 4664 τὴν
2199 4591 2506 4658 ἀνάγνωσιν
2529 4588 2639 4641 τῶν
2664 4587 2980 4640 ἐπισκόπων
3005 4579 3414 4656 ἐπιϐοησάντων
3441 4602 3468 4616 ο·
3490 4586 3645 4653 Αὕτη

2066 4685 2101 4752 ἠ
2131 4683 2314 4744 πίστις
2351 4679 2460 4732 τῶν
2489 4677 2748 4748 Πατέρων
2773 4716 2788 4741 ,
2819 4675 2961 4747 αῦτη
2993 4677 3026 4746 ἡ
3058 4676 3242 4737 πίστις
3273 4677 3382 4730 τῶν
3423 4678 3644 4731 ἀποστσι

2068 4780 2177 4830 λων
2201 4788 2215 4804 ⁹
2253 4774 2451 4834 πάντες
2497 4769 2670 4832 οὕτως
2693 4770 3026 4838 πιστεύομεν
3049 4785 3063 4800 ⁸
3096 4772 3146 4822 oi
3169 4768 3439 4840 όρθόδοξοι
3471 4769 3647 4832 οὕτως

2069 4867 2405 4934 πιστεύομεν
2431 4878 2444 4892 ·
2475 4859 2722 4930 ἀνάθεμα
2752 4860 2830 4929 τῷ
2861 4861 2934 4932 μὴ
2957 4859 3131 4923 οὕτως
3163 4860 3474 4914 πιστεύοντι
3494 4877 3508 4892 ·
3541 4860 3649 4913 Πέ-

2069 4973 2200 5030 τρος
2250 4957 2340 5010 διὰ
2375 4954 2602 5015 Λέοντος
2652 4951 2828 5005 ταῦτα
2865 4951 3207 5022 ἐξεφώνησεν
3229 4969 3244 4985 ο
3273 4953 3323 5004 οί
3355 4951 3647 5005 ἀπόστολοι

2069 5050 2242 5112 οὕτως
2270 5046 2518 5110 ἐδίδαξαν
2545 5059 2559 5074 ·
2591 5043 2830 5104 εὐσεϐῶς
2863 5044 2957 5094 καὶ
2987 5041 3203 5110 ἀληθῶς
3238 5042 3390 5096 Λέων
3412 5039 3642 5104 ἐδίδαξε·

2073 5139 2340 5210 Κύριλλος
2373 5135 2547 5196 οὕτως
2573 5131 2777 5196 ἐδίδαξε
2800 5148 2813 5162 ο
2842 5131 2993 5184 Λέων
3016 5130 3109 5182 καὶ
3139 5128 3403 5198 Κύριλλος
3444 5126 3648 5194 ὁμοίως

2073 5227 2635 5294 ἐδίδαξαν.⁹Λνάθεμα
2654 5219 2733 5294 τῷ
2764 5221 2840 5294 μὴ
2870 5220 3043 5284 οὓτως
3073 5217 3418 5273 πιστεύοντι·
3444 5213 3590 5287 αῦτη
3609 5215 3648 5285 ἡ

1676 5374 1915 5430 νΑιιιᾹὶ
1971 5367 2382 5429 LECTIONES.

457 5442 500 5476 ⁶¹
540 5444 784 5510 ἑαυτούς.

1586 5534 1855 5593 VALESII
1887 5530 2446 5598 ANNOTATIONES.
2874 5588 2880 5595 ,

437 5620 571 5703 Ῐβϐ)
608 5631 703 5703 Ὡς
731 5632 1132 5703 αιλέπιστολαὶ
1156 5634 1462 5703 Κυρίλλου
1495 5631 1672 5688 εἰσιν.
1696 5631 1758 5686 ln
1779 5629 1994 5686 actione
2031 5625 2272 5686 secunda
2310 5619 2777 5687 Chalcedonensis
2809 5615 3054 5688 concilii,
3110 5629 3234 5688 pag.
3276 5613 3400 5682 161,
3446 5624 3548 5685 pro
3576 5605 3649 5668 ιι·

397 5701 476 5758 σίν
498 5701 762 5762 scribitur
785 5701 1022 5778 ἔχουσιν.
