4024 6208
375 313 506 378 2573

1303 315 1686 378 HISTORL‘E
1724 318 2322 383 ECCLESIASTIC/E
2361 319 2593 381 LIBER
2632 319 2714 380 II.

3486 319 3624 385 2574

375 427 569 498 ἀληθὴς
602 404 803 493 πίστις,
824 429 871 482 οἱ
894 426 1163 499 ὀρθόδοξοι
1194 429 1365 495 οὕτως
1390 433 1674 504 φρονοῦσιν
1691 435 1826 507 (2⁸7),
1847 436 1945 490 αὖ·

2057 440 2234 505 tiunt;
2270 434 2391 492 haec
2437 436 2576 490 ﬁdes
2609 435 2867 498 Patrum;
2923 432 3038 487 haec
3095 433 3296 501 Ephesi
3346 447 3446 489 cur
3483 434 3623 491 lecta

371 534 429 587 τη
452 520 484 588 ἡ
510 519 689 582 πίστις
717 519 827 572 τῶν
857 520 1135 590 Πατέρων·
1164 520 1335 575 ταῦτα
1361 524 1416 575 ἐν
1433 524 1641 595 Ἐφέσῳ
1666 525 1752 578 διὰ
1771 526 1822 578 τι
1842 527 1944 581 οὐκ

370 609 723 681 ἁνεγνὼσθη;
759 611 930 664 ταῦτα
954 612 1243 682 Διόσκορος
1292 612 1547 683 ἔκρυψεν.
1612 616 1943 687 Ἐμςρέρεται

369 702 425 754 ἐν
453 704 566 766 τοῖς
596 703 777 765 αὐτοῖς
808 704 1237 773 πεπραγμένοις,
1266 705 1342 767 ὡς
1371 706 1538 775 ἡνίκα
1561 705 1623 758 τὸ
1660 708 1825 777 μέρος
1844 708 1945 778 τῆς

368 793 653 861 ἐπιστολῆς
703 793 930 856 Λέοντος
977 792 1315 863 ἀνεγνώσθη,
1344 796 1619 866 περιέχον,
1668 797 1780 851 Καὶ
1808 798 1944 868 πρὸς

368 882 427 936 16
455 883 903 953 χρεωστούμενον
963 884 1182 954 ὄφλημα
1237 886 1336 955 τῆς
1394 888 1669 958 ἡμετέρας
1729 888 1946 957 φύσεως

369 972 655 1041 ἐκτεθῆναι
682 975 747 1037 ⁸⁸,
772 975 803 1043 ὴ
842 974 958 1025 θεία
986 974 1148 1042 φύσις
1172 975 1354 1047 ήνώθη
1382 980 1446 1048 τῇ
1481 977 1644 1045 φύσει
1675 982 1742 1050 τῇ
1770 979 1947 1050 παθη-

367 1070 450 1138 τῇ,
477 1068 565 1120 ἶνα
590 1066 749 1121 τοῦτο
771 1068 833 1137 δὴ
864 1069 924 1121 16
947 1071 1069 1131 ταῖς
1100 1071 1399 1142 ἡμετέραις
1445 1072 1654 1126 ἱᾶσεσιν
1701 1073 1946 1143 ὑπάρχον

366 1157 648 1228 ἁρμόδιον,
672 1160 699 1211 6
740 1153 820 1221 εἷς
867 1160 961 1211 καὶ
991 1160 1019 1211 6
1077 1160 1239 1223 αὐτὸς
1290 1160 1368 1214 ὣν
1429 1163 1658 1233 μεσίτης
1684 1164 1820 1218 Θεοῦ
1851 1164 1947 1218 δια.)⁸

366 1248 665 1319 ἀνθρώπων
704 1250 989 1321 ἄνθρωπος
1042 1252 1275 1323 Χριστὸς
1318 1253 1547 1324 Ἰησοῦς,
1574 1255 1670 1308 καὶ
1709 1256 1949 1325 ἀποθνή-

367 1355 515 1392 σκειν
542 1341 606 1392 ἐκ
628 1341 720 1393 τοῦ
746 1342 862 1405 ἐνὸς
886 1342 1107 1413 δυνηθῇ,
1140 1345 1232 1397 καὶ
1259 1346 1514 1417 τελευτᾷν
1542 1347 1587 1378 ⁸³
1624 1349 1689 1401 ἐκ
1710 1348 1804 1401 τοῦ
1829 1348 1948 1402 ἐτέ-

365 1447 459 1501 ρου
498 1431 573 1501 μὴ
600 1431 802 1503 δυνηθῇ
838 1449 851 1463 ·
884 1434 1019 1504 πρὸς
1040 1435 1138 1505 τὴν
1169 1436 1427 1507 τοιαύτην
1461 1438 1621 1508 ῥῆσιν
1669 1440 1950 1510 ἀμφιϐαλ-

362 1521 563 1573 λόντων
598 1521 708 1575 τῶν
748 1523 1019 1594 Ἰλλυριῶν
1051 1528 1141 1579 καὶ
1183 1527 1561 1583 Παλαιστινῶν
1607 1531 1945 1602 ἐπισκόπων,

376 1614 578 1678 ’Λέτιος
616 1615 995 1687 ἀρχιδιάκονος
1030 1617 1131 1686 τῆς
1167 1619 1583 1674 Κωνσταντίνου
1638 1623 1949 1695 ἁγιωτάτης

375 1703 709 1774 Ἐκκλησίας
745 1707 901 1776 ῥῆσιν
934 1707 1259 1777 παρήγαγεν
1281 1709 1548 1779 Κυρίλλου
1580 1713 1940 1783 περιέχουσαν

367 1792 564 1857 οὕτως’
600 1793 817 1863 Ἐπειδὴ
848 1794 906 1847 δὲ
938 1796 1099 1849 πάλιν
1123 1796 1183 1849 τὸ
1224 1796 1358 1851 ἴδιον
1384 1799 1548 1852 αὐτοῦ
1576 1800 1735 1871 σῶμα
1759 1801 1943 1873 χάριτι
1975 1798 2017 1852 Β

361 1883 522 1949 Θεοῦ,
553 1884 698 1937 καθά
747 1901 911 1955 φησιν
940 1888 969 1939 6
1009 1886 1305 1952 ἀπόστολος
1340 1889 1571 1956 Παῦλος,
1612 1910 1630 1943 ι
1669 1891 1774 1945 6116
1806 1909 1961 1946 παν--

360 1976 450 2039 τὸς
511 1975 775 2042 ἐγεύσατο
829 1976 1061 2032 θανάτου
1090 1979 1227 2049 (28),
1268 1998 1287 2031 ι
1322 1980 1541 2050 λέγεται
1564 1982 1757 2038 παθεῖν
1778 1984 1945 2048 αὐτὸς

359 2067 449 2120 16v
480 2067 622 2139 ὑπὲρ
650 2070 681 2136 ἠ
692 2067 807 2137 μῶν
836 2067 1088 2136 θάνατον,
1136 2071 1234 2141 οὐχ
1263 2072 1339 2135 ὼς
1373 2074 1455 2137 εἰς
1514 2076 1713 2145 πεῖραν
1773 2075 1943 2129 ἐλθὼν

306 2225 309 2229 ι
361 2156 619 2223 Θανάτου,
644 2158 707 2211 τό
738 2174 802 2226 γε
848 2153 995 2213 εἶκον
1024 2160 1069 2191 ⁸⁸
1095 2160 1177 2225 εἰς
1216 2160 1315 2231 τὴν
1359 2162 1523 2216 αὑτοῦ
1565 2163 1728 2231 φύσιν
1760 2180 1773 2193 ·
1801 2165 1939 2218 ἀπο-

360 2247 562 2319 πληξία
582 2247 692 2318 γὰρ
716 2245 875 2302 τοῦτο
892 2248 1141 2320 λέγειν,ἦ
1164 2254 1399 2322 φρονεῖν·
1427 2251 1542 2306 ἀλλ’
1560 2252 1668 2316 ὅτι,
1686 2252 1941 2325 καθάπερ

356 2337 499 2409 ἐφην
539 2339 767 2409 ἀρτίως,
798 2340 833 2409 ἡ
871 2340 1010 2411 σὰρξ
1038 2341 1204 2395 αὑτοῦ
1238 2343 1503 2411 ἐγεύσατο
1544 2343 1802 2398 θανάτου.
1829 2344 1942 2398 Καὶ

357 2428 522 2483 πάλιν
559 2428 699 2498 πρὸς
742 2429 841 2500 τὴν
902 2432 1061 2501 ῥῆσιν
1116 2431 1218 2501 τῆς
1262 2432 1552 2503 ἐπιστολῆς
1579 2433 1810 2497 Λέοντος
1839 2433 1940 2504 τὴν

357 2520 592 2590 ἔχουσαν
624 2532 639 2547 ·
679 2520 925 2592 Ἐνεργεί
972 2523 1080 2593 γὰρ
1143 2526 1381 2597 ἑκατέρα
1444 2530 1625 2599 μορφῇ
1658 2527 1795 2597 μετὰ
1839 2527 1941 2597 τῆς

358 2612 595 2681 θατέρου
630 2613 946 2677 κοινωνίας,
974 2615 1112 2685 ὅπερ
1155 2614 1284 2667 ἴδιον
1306 2615 1507 2687 ἔσχηκε
1539 2632 1553 2647 ⁸
1584 2617 1678 2671 τοῦ
1708 2618 1807 2688 μὲν
1834 2618 1940 2672 Λό-

356 2718 455 2772 γου
486 2704 969 2774 κατεργαζομένου
998 2705 1145 2758 τοῦθ’
1171 2708 1307 2777 ὅπερ
1333 2709 1450 2781 ἐστὶ
1477 2707 1570 2761 τοῦ
1600 2708 1775 2778 Λόγου
1796 2724 1810 2740 ο
1842 2708 1938 2761 τοῦ

356 2794 410 2848 δὲ
442 2795 699 2866 σώματος
722 2796 1087 2863 ἐκτελοῦντος,
1109 2798 1251 2869 ἂπερ
1276 2801 1391 2853 ἐστὶ
1413 2799 1507 2853 τοῦ
1530 2800 1798 2871 σώματος.
1828 2799 1942 2854 Καὶ

354 2886 413 2938 16
453 2885 558 2957 μὲν
590 2886 769 2939 αὐτῶν
800 2887 867 2952 ⁸⁸,
893 2886 1186 2957 διαλάμπει
1214 2892 1323 2951 τοῖς
1360 2890 1621 2961 θαύμασι,
1647 2890 1708 2942 τὸ
1749 2889 1805 2941 δὲ
1821 2891 1942 2952 ταῖς

358 2977 589 3050 ὓὸρεσιν
643 2978 1061 3033 ὑποπέπτωκεν.
1109 2980 1582 3051 Ἀμφιὸαλλόντων
1624 2981 1738 3036 τῶν
1774 2981 1941 3036 Ἰλλυ-

360 3071 494 3141 ριῶν
528 3071 621 3124 καὶ
648 3071 756 3124 τῶν
783 3071 1158 3125 Παλαιστινῶν
1182 3072 1518 3139 ἐπισκόπων,
1553 3074 1581 3124 6
1611 3072 1775 3136 αὐτὸς
1823 3074 1940 3129 Ἀέ-

2045 544 2156 587 non
2212 528 2380 587 sunt?
2422 527 2544 581 haec
2581 525 2881 581 Dioscorus
2923 524 3242 578 occultavit.
3278 524 3539 580 Refertur
3566 528 3623 579 in

2045 619 2183 675 actis
2210 617 2457 688 ejusdem
2479 616 2720 680 concilii,
2744 614 2888 684 quod
2914 629 3040 668 cum
3076 614 3356 683 legeretur
3376 628 3505 682 pars
3529 629 3625 667 su-

2045 711 2307 783 pradictze
2329 710 2575 779 epistola:
2612 708 2812 761 Leonis
2838 722 2959 776 qua:
2992 706 3071 759 sic
3100 704 3268 758 habet
3296 722 3309 758 :
3336 705 3404 758 Et
3437 706 3504 758 ad
3535 721 3624 759 re-

2046 800 2372 855 solvendum
2419 796 2757 852 conditionis
2814 804 3018 849 nostra:
3074 793 3371 859 debitum,
3428 802 3625 847 natura

2048 891 2404 954 inviolabilis,
2458 900 2671 944 natura:
2714 896 2798 943 est
2844 886 2997 940 unita
3041 884 3288 955 passibili
3335 894 3443 939 :ut
3479 883 3627 953 quod

2045 982 2250 1038 nostris
2277 980 2539 1036 remediis
2565 979 2673 1052 (30)
2708 977 3066 1047 congruebat,
3098 991 3241 1029 unus
3266 984 3433 1044 atque
3483 975 3628 1029 idem

2047 1076 2319 1131 mediator
2364 1074 2460 1128 Dei
2493 1082 2548 1127 et
2597 1072 2907 1136 hominum,
2963 1070 3129 1123 homo
3159 1068 3412 1123 Christus
3443 1066 3626 1130 Jesus,

2045 1177 2102 1222 et
2132 1167 2271 1221 mori
2308 1174 2495 1235 posset
2519 1180 2587 1220 ex
2620 1179 2752 1228 uno,
2782 1172 2833 1216 et
2864 1161 3003 1216 mori
3039 1176 3150 1214 non
3181 1168 3369 1229 posset
3397 1174 3466 1213 ex
3489 1157 3630 1212 alte-

2048 1276 2132 1315 ro.
2156 1257 2551 1314 Dubitantibus
2577 1255 2645 1309 ad
2682 1256 2781 1309 has
2810 1268 2975 1308 voces
3008 1252 3334 1321 Illyricianis
3368 1258 3425 1303 ct
3460 1251 3629 1304 Palae-

2048 1352 2208 1408 stinis
2245 1349 2546 1421 episcopis,
2572 1348 2767 1403 Aetius
2802 1345 3231 1401 archidiaconus
3270 1351 3474 1397 sanctae
3524 1342 3630 1397 Ec-

2047 1444 2233 1499 clesia:
2260 1439 2886 1509 Constantinopolitanae
2933 1436 3165 1505 protulit
3211 1436 3394 1489 locum
3442 1432 3630 1503 Cyrilli

2050 1536 2145 1605 qui
2175 1535 2255 1589 sic
2276 1534 2464 1589 habet.
2490 1532 2704 1586 Rursus
2733 1544 2862 1583 vero
2899 1528 3160 1600 quoniam
3202 1527 3490 1595 proprium
3511 1525 3632 1596 ejus

2049 1641 2251 1696 corpus
2273 1625 2449 1696 gratia
2476 1623 2597 1689 Dei,
2622 1623 2766 1677 sicut
2789 1622 2865 1675 ait
2888 1620 3173 1689 apostolus
3200 1620 3403 1674 Paulus
3434 1637 3448 1673 :
3485 1638 3503 1670 ι
3525 1619 3631 1674 Pro

2049 1718 2307 1773 omnibus
2341 1724 2576 1769 mortem
2601 1712 2924 1785 gustavit",
2966 1730 2984 1763 ι
3023 1712 3147 1767 ideo
3179 1726 3278 1781 pro
3317 1711 3481 1767 nobis
3513 1712 3631 1781 ipse

2050 1818 2283 1865 mortem
2332 1820 2527 1877 passus
2580 1822 2701 1862 esse
2742 1805 2985 1860 dicitur:
3027 1819 3138 1859 non
3188 1804 3346 1873 quasi
3393 1811 3628 1857 mortem

2049 1910 2310 1972 expertus
2329 1900 2498 1955 fuerit
2518 1906 2784 1969 quantum
2824 1896 3048 1966 quidem
3082 1895 3150 1950 ad
3173 1902 3423 1951 naturam
3457 1893 3629 1963 ipsius

2050 1994 2329 2065 pertinet:
2362 1992 2419 2046 id
2458 1992 2606 2047 enim
2640 1990 2726 2044 vel
2761 1988 2948 2045 dicere
2975 1988 3061 2043 vel
3099 1986 3329 2049 sentire,
3368 1993 3629 2039 extremae

2050 2085 2341 2140 dementia:
2385 2092 2499 2149 est;
2542 2081 2639 2137 sed
2665 2082 2795 2151 quia
2841 2095 2970 2135 caro
3014 2079 3154 2150 ejus,
3190 2087 3250 2133 ut
3296 2076 3461 2146 paulo
3501 2082 3628 2131 ante

2049 2174 2183 2239 dixi,
2212 2182 2447 2229 mortem
2478 2171 2807 2242 degustavit.
2822 2170 3047 2225 ‘Rursus
3062 2183 3187 2224 cum
3206 2168 3483 2237 legeretur
3501 2179 3630 2234 pars

2047 2264 2295 2337 ejusdem
2323 2263 2571 2335 epistola;
2603 2262 2806 2318 Leonis
2828 2276 2952 2331 quae
2977 2260 3058 2316 sic
3085 2259 3253 2315 habet
3286 2275 3299 2311 :
3326 2257 3451 2328 Agit
3476 2256 3625 2313 enim

2048 2370 2285 2428 utraque
2332 2358 2509 2413 forma
2561 2371 2687 2410 cum
2734 2354 2964 2410 alterius
3007 2350 3420 2415 communione,
3476 2347 3627 2419 quod

2047 2445 2332 2515 proprium
2357 2451 2442 2499 est
2475 2462 2489 2498 :
2531 2443 2711 2499 Verbo
2738 2442 2951 2497 scilicet
2979 2448 3244 2511 operante
3272 2437 3425 2509 quod
3460 2438 3627 2495 Verbi

2046 2547 2133 2591 est
2156 2578 2172 2601 ,
2202 2544 2262 2591 et
2321 2550 2488 2590 carne
2520 2540 2859 2602 exsequente
2906 2533 3054 2603 quod
3100 2533 3285 2589 carnis
3322 2534 3485 2604 332
3518 2539 3624 2589 est.

2046 2628 2227 2684 Unum
2256 2628 2453 2682 horum
2482 2633 2739 2681 coruscat
2768 2622 3072 2689 miraculis,
3098 2625 3335 2680 alterum
3370 2638 3628 2680 succum-

2046 2719 2130 2773 bit
2154 2718 2388 2789 injuriis.
2422 2716 2818 2772 Dubitantibus
2842 2714 2909 2771 ad
2939 2716 3053 2771 hzec
3093 2715 3423 2787 lllyricianis
3444 2723 3500 2770 et
3524 2716 3628 2771 Pa-

2048 2809 2277 2864 lazstinis
2307 2808 2623 2878 episcopis,
2674 2807 2819 2861 idem
2879 2806 3071 2862 Aetius
3126 2805 3259 2875 legit
3320 2804 3625 2874 capitulum

2046 2896 2233 2968 Cyrilli
2267 2895 2415 2965 quod
2451 2895 2531 2949 sic
2554 2894 2760 2948 habet:
2790 2895 2867 2948 Ex
2907 2894 3134 2947 vocibus
3165 2909 3287 2962 qua:
3305 2892 3375 2974 de
3404 2892 3625 2947 Christo

2045 2986 2374 3057 loquuntur,
2402 2984 2523 3038 aliae
2548 2994 2674 3039 sunt
2708 2984 2818 3038 Deo
2843 2983 3235 3037 convenientes
3252 2999 3419 3052 quam
3446 2984 3622 3038 maxi-

2047 3094 2156 3134 me.
2197 3078 2332 3133 Aliae
2372 3091 2503 3129 vero
2542 3074 2876 3130 conveniunt
2913 3072 3142 3127 homini.
3185 3072 3444 3139 Quaedam
3490 3088 3624 3129 vero

356 3179 471 3225 τιος
533 3161 829 3230 κεφάλαιον
881 3162 1092 3231 ἀνέγνω
1117 3164 1390 3234 Κυριλλου
1424 3166 1678 3236 περιέχον
1715 3164 1888 3229 οὕτως
1920 3180 1934 3194 ⁸

2044 3170 2287 3226 medium
2335 3168 2590 3221 obtinent
2631 3166 2834 3230 locum,
2880 3164 3078 3219 Filium
3109 3165 3206 3219 Dei
3243 3166 3417 3220 Deum
3454 3166 3622 3220 simul

354 3254 418 3305 Al
480 3252 585 3322 μὲν
614 3253 771 3306 ἄλλαι
804 3254 914 3307 τῶν
946 3256 1139 3323 φωνῶν
1163 3256 1246 3308 ὅτι
1297 3256 1534 3325 μάλιστα
1573 3256 1900 3320 θεοπρεπεῖς
1923 3272 1937 3288 ·

2037 3272 2202 3332 atque
2232 3260 2513 3315 hominem
2535 3273 2656 3313 esse
2683 3257 3009 3313 indicantes.
3040 3258 3171 3313 Post
3206 3257 3323 3313 haec
3365 3274 3491 3314 cum
3527 3274 3627 3314 su-

359 3344 413 3396 ai
451 3344 535 3409 δὲ,
597 3342 742 3396 οὕτω
798 3344 961 3397 πάλιν
1011 3344 1503 3417 ἀνθρωποπρεπεῖς
1536 3362 1549 3377 θ
1579 3348 1635 3401 αἱ
1662 3346 1719 3399 δὲ
1768 3346 1942 3417 μέσην

2044 3368 2137 3424 pra
2162 3349 2453 3407 memorati
2487 3349 2733 3420 epiScopi
2772 3348 3119 3404 dubitassent
3151 3350 3219 3404 ad
3253 3350 3480 3404 alteram
3502 3366 3629 3421 par-

358 3435 484 3487 τινὰ
515 3434 670 3499 τάξιν
702 3434 940 3505 ἔχουσιν,
968 3437 1367 3507 ὲμφανίζουσαι
1395 3438 1484 3490 τὸν
1508 3438 1636 3491 Υἱὸν
1660 3436 1753 3491 τοῦ
1781 3438 1939 3502 Θεοῦ,

356 3526 494 3580 Θεὸν
524 3527 653 3579 ὂντα
696 3528 791 3581 καὶ
823 3528 1107 3598 ἄνθρωπον
1147 3529 1284 3598 ὁμοῦ
1333 3530 1390 3582 ἐν
1448 3529 1617 3597 αὐτῷ.
1645 3531 1753 3583 Καὶ
1806 3530 1945 3601 μετὰ

356 3617 533 3670 ταῦτα
588 3617 722 3686 πρὸς
748 3617 934 3687 ἕτερον
994 3618 1156 3688 μέρος
1216 3618 1317 3688 τῆς
1368 3618 1659 3688 ἐπιστολῆς
1713 3619 1943 3682 Λέοντος

358 3707 810 3779 ἁμφιϐαλλόντων
836 3709 945 3762 τῶν
972 3710 1280 3779 εἰρημένων
1308 3710 1625 3763 ἐπισκόπων
1659 3710 1783 3780 ἔχον
1812 3726 1827 3743 ⁸
1878 3710 1943 3765 Et

362 3803 455 3854 καὶ
484 3802 555 3853 τὰ
590 3800 828 3867 μάλιστα
858 3802 966 3871 γὰρ
1000 3805 1055 3853 ἐν
1086 3803 1162 3871 τῷ
1188 3802 1433 3875 Δεσπότῃ
1471 3802 1647 3871 Ἰησοῦ
1701 3801 1944 3873 Χριστῷ,

355 3890 450 3943 τοῦ
478 3891 616 3943 Θεοῦ
649 3892 743 3944 καὶ
774 3892 867 3944 τοῦ
904 3892 1188 3963 ἀνθρώπου
1216 3893 1273 3947 ἒν
1304 3894 1611 3963 πρόσωπον,
1651 3894 1798 3963 ὅμως
1826 3893 1947 3946 ἓτε-

361 3980 450 4051 ρόν
484 3983 635 4033 ἐστιν
665 3984 838 4036 ἐκεῖνο
869 3982 927 4047 ἐξ
952 3978 1011 4037 οὗ
1042 3986 1097 4036 ἐν
1122 3984 1365 4055 ἐκατέρῳ
1391 3984 1567 4037 κοινόν
1592 3986 1736 4037 ἐστιν
1758 3982 1820 4035 16
1845 3983 1945 4053 τῆς

359 4071 595 4143 ὕϐρεως,
620 4075 714 4127 καί
766 4076 951 4145 ἓτερον
982 4076 1040 4139 ἐξ
1072 4072 1131 4131 οὗ
1168 4076 1344 4130 κοινὸν
1375 4077 1433 4129 τὸ
1459 4078 1557 4146 τῆς
1610 4073 1769 4145 δόξης
1812 4074 1945 4127 καθ-

358 4162 609 4234 ιπηκενο
658 4164 746 4230 Ἐξ
799 4168 955 4235 ἡμῶν
1018 4168 1116 4238 μὲν
1171 4169 1280 4238 γὰρ
1329 4166 1805 4238 αὐτῴἡέλάσσων
1845 4163 1943 4219 τοῦ

2041 3452 2150 3499 tem
2181 3442 2427 3514 ejusdem
2446 3441 2693 3510 epistolae
2713 3455 2835 3510 qua:
2860 3440 2939 3495 sic
2967 3440 3135 3496 habet
3162 3460 3176 3497 z
3195 3441 3459 3508 Quamvis
3478 3442 3627 3498 enim

2042 3535 2097 3590 in
2126 3535 2356 3590 Domino
2377 3533 2507 3588 Jesu
2529 3532 2749 3588 Christo
2769 3532 2865 3587 Dei
2890 3541 2947 3587 et
2979 3533 3222 3589 hominis
3250 3550 3358 3590 una
3395 3548 3628 3606 persona

2043 3627 2133 3691 sit,
2182 3624 2330 3679 aliud
2387 3632 2566 3678 tamen
2616 3630 2701 3678 est
2751 3623 2897 3678 unde
2937 3623 2991 3677 in
3032 3633 3268 3694 utroque
3316 3626 3630 3681 communis

2041 3724 2126 3770 est
2160 3712 2519 3776 contumelia,
2562 3711 2714 3765 aliud
2754 3712 2901 3767 unde
2948 3716 3263 3767 communis
3306 3723 3391 3771 est
3425 3714 3626 3785 gloria.

2045 3805 2121 3859 De
2158 3812 2345 3858 nostro
2376 3802 2527 3857 enim
2556 3802 2633 3856 illi
2664 3809 2750 3857 est
2775 3802 2957 3855 minor
2978 3803 3140 3856 Patre
3170 3804 3488 3859 humanitas
3520 3823 3534 3859 :
3560 3807 3629 3862 de

1980 3928 1986 3933 -
2046 3894 2207 3948 Patre
2235 3900 2319 3946 est
2350 3891 2428 3945 illi
2460 3891 2687 3959 aqualis
2714 3906 2838 3944 cum
2870 3891 3032 3945 Patre
3057 3890 3337 3947 divinitas.
3370 3893 3643 3949 Theodo-'

2049 3981 2211 4044 ritus,
2254 3996 2313 4033 re
2352 3994 2644 4050 perpensa,
2696 3978 2960 4050 Cyrillum
3012 3996 3235 4051 quoque
3281 3982 3357 4038 ita
3381 3983 3627 4039 locutum

2049 4087 2172 4127 esse
2190 4071 2332 4125 dixit
2368 4071 2456 4125 his
2487 4070 2707 4125 verbis:
2737 4069 2841 4138 Qui
2875 4072 3041 4126 homo
3072 4072 3251 4127 factus
3268 4084 3374 4139 est,
3399 4084 3456 4129 et
3478 4076 3627 4146 quod

2051 4164 2332 4235 proprium
2374 4162 2551 4233 ipsius
2579 4171 2721 4228 erat,
2753 4178 2861 4217 non
2888 4163 3116 4219 dimisit.
3154 4163 3350 4220 Mansit
3391 4166 3536 4221 enim
3572 4167 3626 4221 id

358 4252 576 4326 Πατρδς
612 4255 970 4327 ἀνθρωπὸτης
1004 4273 1018 4287 θ
1056 4258 1120 4310 ἐκ
1144 4258 1200 4312 δὲ
1228 4257 1323 4311 τοῦ
1360 4258 1571 4327 Πατρός
1611 4258 1758 4310 ἐστιν
1796 4254 1945 4324 αὑτῷ

2054 4256 2202 4326 quod
2260 4262 2402 4311 erat.
2460 4254 2796 4326 Intelligitur
2854 4264 3038 4311 autem
3088 4256 3314 4311 omnino
3363 4270 3421 4312 et
3477 4257 3628 4313 aliud

359 4348 393 4417 ἡ
445 4350 587 4418 μετὰ
630 4350 725 4403 τοῦ
756 4352 969 4422 Ιιατρὸς
1012 4352 1173 4407 αὐτοῦ
1202 4354 1292 4425 ἴση
1336 4354 1562 4423 θεότης·
1619 4350 1945 4422 Θεοδὼριτος

2051 4348 2369 4405 inhabitans
2394 4348 2447 4401 iu
2475 4348 2605 4411 alio,
2633 4346 2741 4405 hoc
2767 4355 2852 4401 est
2879 4347 3065 4403 divina
3090 4357 3285 4403 natura
3306 4348 3363 4403 in
3382 4348 3637 4404 homine.

360 4445 711 4513 ζυγοπατῶν
774 4446 968 4515 ἔλεγε,
1025 4449 1119 4502 καὶ
1171 4448 1247 4519 τῷ
1292 4449 1544 4521 μακαρίῳ
1595 4447 1849 4519 Κυρίλ).ῳ
1896 4445 1989 4499 ἐπὶ
2048 4446 2245 4512 λέξεως
2281 4443 2533 4515 εἰρῆσθαι
2597 4441 2774 4506 οὕτως
2802 4458 2816 4471 ·
2854 4443 2963 4496 Καὶ
3000 4443 3292 4514 γενόμενον
3324 4443 3626 4514 ἄνθρωπον,

360 4540 455 4595 καὶ
522 4541 601 4611 μή
665 4541 894 4610 μεθέντα
941 4542 1006 4595 16
1062 4544 1190 4597 ἴδιον
1238 4545 1549 4616 μεμένηκεν
1605 4544 1742 4615 ὅπερ
1780 4537 1872 4614 ἦν,
1920 4541 2014 4597 καὶ
2075 4540 2262 4614 ἕτερον
2313 4539 2371 4594 ἐν
2418 4538 2593 4610 ἐτέρῳ
2632 4538 2695 4591 16
2751 4537 3065 4610 κατοικοῦν,
3106 4539 3405 4607 τουτέστιν,
3441 4541 3475 4611 ὴ
3512 4538 3631 4595 θεία

361 4632 523 4701 φύσις
559 4637 698 4705 μετά
729 4636 837 4689 τῶν
852 4638 896 4669 ⁸⁸
928 4637 1039 4708 (29)
1065 4638 1383 4711 ἀνθρώπιον.

431 4771 479 4805 ⁸³
510 4770 681 4828 Hebr.
717 4789 777 4839 Il,
806 4774 859 4830 9.
1661 4841 1897 4900 γΑῃιΑζ
1936 4839 2339 4899 LECTIONES.

430 4958 480 4994 “
506 4958 569 5018 C.
592 4958 655 5017 C.
684 4959 984 5031 ἐκτιθῆναι.
1060 4960 1105 4992 ⁸²
1132 4959 1197 5017 C.
1224 4960 1285 5017 C.
1321 4962 1646 5019 τελευταῖον.
1723 4960 1769 4994 ⁸⁸
1798 4960 1861 5017 C.
1883 4959 1945 5017 C.
1980 4962 2043 5015 16
2080 4978 2144 5030 γε
2172 4955 2327 5032 ἧκον.
2405 4959 2449 4992 ⁸⁸
2471 4957 2532 5017 C.
2554 4958 2617 5014 C.
2644 4956 2811 5028 αὐτῷ.
2855 4956 2901 4990 ⁸⁸
2914 4956 3014 5027 τῆς
3040 4956 3169 5012 τῶν.

1563 5085 1651 5142 VA
1662 5084 1838 5139 LESll
1878 5079 2437 5140 ANNOTATIONES.

435 5200 551 5272 (27)
583 5204 652 5272 Ol
684 5200 994 5272 όρθόδοξοι
1027 5200 1214 5266 οὕτως
1239 5200 1625 5272 διειοντνεεύομενἶ
1641 5199 1695 5252 In
1728 5198 1945 5272 actione
2064 5197 2235 5272 __(2_9)
2268 5195 2373 5272 Kal
2408 5192 2615 5272 ἕτεροις
2644 5192 2963 5272 ῥνὴἐτέρω.
3012 5190 3072 5245 ln
3129 5188 3345 5272 actione
3385 5188 3627 5272 secunda

359 5257 605 5327 secunda
624 5257 1093 5327 Chalcedonensis
1114 5257 1359 5332 concilii,
1387 5257 1509 5339 pag:
1535 5270 1656 5331 169,
1680 5269 1947 5323 scribitur
2053 5257 2314 5339 Chalced.
2350 5262 2571 5339 concilii
2602 5260 2909 5339 hic_Cyrilli
2943 5261 3099 5339 locus
3130 5260 3319 5339 _aliter_
3346 5257 3628 5339 scribitur.

358 5324 700 5404 πιστεύουσι,
714 5324 877 5409 quod
898 5324 1284 5410 magisiprobo,
1315 5324 1805 5409 licet‘Nicephorus
1826 5340 1948 5393 vul—
2055 5337 2163 5410 hoc
2189 5336 2407 5410 scilicet
2428 5332 2630 5410 modo,_
2660 5324 2955 5410 Μεμένηκε
2992 5331 3100 5400 γὰρ
3127 5330 3263 5407 ὅπερ
3292 5324 3377 5399 ἦν·
3428 5333 3631 5410 νοεῖται

358 5420 545 5481 gatam
568 5398 913 5481 scripturam
941 5398 1281 5463 (ιιῖηίίί-ιιιρι.⁷
1474 5480 1482 5481 7
1598 5398 1614 5409 ’
1673 5479 1679 5481 Α
1860 5477 1872 5481 _
2049 5404 2569 5481 §é_1rdv1w;_§11pov
2614 5404 2673 5481 ἐν
2690 5398 2892 5481 Δἑτέρῳ
2924 5398 3235 5463 κατοικοῦν,
3286 5398 3567 5452 τουτέστιν
3596 5401 3630 5469 ἡ

402 5479 521 5549 (28)
563 5471 710 5532 ’Υπῦ
734 5482 965 5544 ,παντὸς
1000 5481 1290 5549 ἐγεύσατο
1336 5480 1616 5534 θανάτου.
1656 5477 1973 5549 Αεεειιῑίον⁴
2049 5474 2357 5549 θείαΑφύσις
2385 5475 2441 5524 ἐν
2477 5474 2589 5549 τοῖς
2618 5471 2998 5549 ἀνθρωπίνοιςΖ

361 5539 514 5619 viris
535 5549 716 5604 doctis
750 5551 846 5617 qui
900 5539 1050 5619 ὑπὲρ
1079 5562 1279 5613 παντὸς
1315 5550 1702 5612 emendarunt,
1750 5544 1973 5619 quem?
2115 5539 2225 5614 (50)
2264 5544 2329 5598 Ut
2345 5543 2496 5619 Διμιοιι
2556 5539 2750 5596 nostri:
2792 5542 3060 5619 remediis.
3089 5539 3295 5619 Eadem
3333 5540 3509 5619 verba
3548 5552 3634 5619 re-

358 5618 662 5697 admodum
694 5609 954 5697 scribitur
987 5609 1317 5697 étjamhapud
1348 5609 1745 5697 lﬁicephoruni,
1767 5609 1843 5673 ὀι
1879 5617 1935 5673 in
2042 5609 2311 5697 petuntur
2344 5609 2398 5669 in
2440 5626 2697 5669 sermone
2721 5611 2901 5683 primo
2929 5610 3135 5670 Leonis
3174 5626 3327 5682 papa
3356 5609 3424 5666 de
3467 5610 3625 5667 Nati-

360 5688 581 5745 actione
618 5690 858 5745 secunda
885 5690 1106 5745 concilii
1134 5686 1417 5756 Chalced,
1448 5686 1572 5760 pag.
1609 5690 1730 5743 170.
2040 5686 2233 5741 vitate.
