  <div class='ocr_page' id='page_1' title='image "/cluster/home/n/w/nwhite01/storage/ocr_20150623/86:2/hvd.32044054112354/416.png"; bbox 0 0 4070 6176; ppageno 0'>
   <div class='ocr_carea' id='block_1_1' title="bbox 456 339 593 406">
    <p class='ocr_par' dir='ltr' id='par_1_1' title="bbox 456 339 593 406">
     <span class='ocr_line' id='line_1_1' title="bbox 456 339 593 406; baseline -0.015 0"><span class='ocrx_word' id='word_1_1' title='bbox 456 339 593 406; x_wconf 79' lang='lat'><strong>2577</strong></span> 
     </span>
    </p>
   </div>
   <div class='ocr_carea' id='block_1_2' title="bbox 1410 344 2813 407">
    <p class='ocr_par' dir='ltr' id='par_1_2' title="bbox 1410 344 2813 407">
     <span class='ocr_line' id='line_1_2' title="bbox 1410 344 2813 407; baseline 0.001 -4"><span class='ocrx_word' id='word_1_2' title='bbox 1410 344 1790 405; x_wconf 69' lang='lat' dir='ltr'><strong>HISTORL‘E</strong></span> <span class='ocrx_word' id='word_1_3' title='bbox 1830 344 2421 407; x_wconf 74' lang='lat' dir='ltr'><strong>ECCLESIASTIC/E</strong></span> <span class='ocrx_word' id='word_1_4' title='bbox 2462 344 2693 405; x_wconf 80' lang='lat' dir='ltr'><strong>LIBER</strong></span> <span class='ocrx_word' id='word_1_5' title='bbox 2734 345 2813 404; x_wconf 92' lang='lat' dir='ltr'><strong>II.</strong></span> 
     </span>
    </p>
   </div>
   <div class='ocr_carea' id='block_1_3' title="bbox 3588 346 3727 411">
    <p class='ocr_par' dir='ltr' id='par_1_3' title="bbox 3588 346 3727 411">
     <span class='ocr_line' id='line_1_3' title="bbox 3588 346 3727 411; baseline 0.029 -4"><span class='ocrx_word' id='word_1_6' title='bbox 3588 346 3727 411; x_wconf 70' lang='grc'><strong>2578</strong></span> 
     </span>
    </p>
   </div>
   <div class='ocr_carea' id='block_1_4' title="bbox 455 450 2045 528">
    <p class='ocr_par' dir='ltr' id='par_1_4' title="bbox 455 450 2035 526">
     <span class='ocr_line' id='line_1_4' title="bbox 455 450 2035 526; baseline 0.004 -23"><span class='ocrx_word' id='word_1_7' title='bbox 455 451 594 523; x_wconf 85' lang='grc' dir='ltr'>σιλεί</span> <span class='ocrx_word' id='word_1_8' title='bbox 616 467 631 483; x_wconf 73' lang='grc' dir='ltr'><strong>ο</strong></span> <span class='ocrx_word' id='word_1_9' title='bbox 670 450 771 514; x_wconf 68' lang='grc' dir='ltr'><strong>τὰς</strong></span> <span class='ocrx_word' id='word_1_10' title='bbox 800 450 1013 514; x_wconf 77' lang='grc' dir='ltr'><strong>ἱκεσίας</strong></span> <span class='ocrx_word' id='word_1_11' title='bbox 1042 450 1119 523; x_wconf 78' lang='grc' dir='ltr'>τῷ</span> <span class='ocrx_word' id='word_1_12' title='bbox 1143 451 1430 523; x_wconf 77' lang='grc' dir='ltr'>ὀρθοδόξῳ,</span> <span class='ocrx_word' id='word_1_13' title='bbox 1463 454 1560 517; x_wconf 78' lang='grc' dir='ltr'>τὰς</span> <span class='ocrx_word' id='word_1_14' title='bbox 1589 456 1799 521; x_wconf 77' lang='grc' dir='ltr'>ἱκεσίας</span> <span class='ocrx_word' id='word_1_15' title='bbox 1824 459 1889 526; x_wconf 81' lang='grc' dir='ltr'>τῇ</span> <span class='ocrx_word' id='word_1_16' title='bbox 1933 456 2035 510; x_wconf 79' lang='grc' dir='ltr'><strong>Αύ-</strong></span> 
     </span>
    </p>
   </div>
   <div class='ocr_carea' id='block_1_5' title="bbox 2149 450 3733 528">
    <p class='ocr_par' dir='ltr' id='par_1_5' title="bbox 2149 450 3733 528">
     <span class='ocr_line' id='line_1_5' title="bbox 2149 450 3733 528; baseline 0 -18"><span class='ocrx_word' id='word_1_17' title='bbox 2149 455 2327 510; x_wconf 83' lang='lat' dir='ltr'><strong>ratori.</strong></span> <span class='ocrx_word' id='word_1_18' title='bbox 2384 455 2491 509; x_wconf 86' lang='lat' dir='ltr'><strong>llas</strong></span> <span class='ocrx_word' id='word_1_19' title='bbox 2523 469 2717 525; x_wconf 84' lang='lat' dir='ltr'><strong>preces</strong></span> <span class='ocrx_word' id='word_1_20' title='bbox 2762 451 3095 509; x_wconf 59' lang='lat' dir='ltr'><strong>orthodoxo.</strong></span> <span class='ocrx_word' id='word_1_21' title='bbox 3143 450 3251 506; x_wconf 86' lang='lat' dir='ltr'><strong>llas</strong></span> <span class='ocrx_word' id='word_1_22' title='bbox 3297 468 3493 521; x_wconf 86' lang='lat' dir='ltr'><strong>preces</strong></span> <span class='ocrx_word' id='word_1_23' title='bbox 3548 457 3733 528; x_wconf 76' lang='lat' dir='ltr'><strong>Augu-</strong></span> 
     </span>
    </p>
   </div>
   <div class='ocr_carea' id='block_1_6' title="bbox 454 540 2030 617">
    <p class='ocr_par' dir='ltr' id='par_1_6' title="bbox 454 540 2030 617">
     <span class='ocr_line' id='line_1_6' title="bbox 454 540 2030 617; baseline 0.003 -22"><span class='ocrx_word' id='word_1_24' title='bbox 454 540 661 614; x_wconf 83' lang='grc' dir='ltr'>γούστῃ</span> <span class='ocrx_word' id='word_1_25' title='bbox 693 558 706 572; x_wconf 94' lang='grc'><strong>·</strong></span> <span class='ocrx_word' id='word_1_26' title='bbox 757 542 962 606; x_wconf 86' lang='grc' dir='ltr'>πάντες</span> <span class='ocrx_word' id='word_1_27' title='bbox 1022 543 1382 613; x_wconf 75' lang='grc' dir='ltr'><strong>ἡμάρτομεν,</strong></span> <span class='ocrx_word' id='word_1_28' title='bbox 1439 544 1573 598; x_wconf 84' lang='grc' dir='ltr'>πᾶσι</span> <span class='ocrx_word' id='word_1_29' title='bbox 1628 545 2030 617; x_wconf 84' lang='grc' dir='ltr'>συγχωρηθείη.</span> 
     </span>
    </p>
   </div>
   <div class='ocr_carea' id='block_1_7' title="bbox 465 632 2035 707">
    <p class='ocr_par' dir='ltr' id='par_1_7' title="bbox 465 632 2035 707">
     <span class='ocr_line' id='line_1_7' title="bbox 465 632 2035 707; baseline 0.003 -21"><span class='ocrx_word' id='word_1_30' title='bbox 465 632 807 704; x_wconf 83' lang='grc' dir='ltr'>Ἔπεϐόησαν</span> <span class='ocrx_word' id='word_1_31' title='bbox 837 632 894 686; x_wconf 75' lang='grc' dir='ltr'><strong>δὲ</strong></span> <span class='ocrx_word' id='word_1_32' title='bbox 923 634 975 685; x_wconf 91' lang='grc' dir='ltr'><strong>οἱ</strong></span> <span class='ocrx_word' id='word_1_33' title='bbox 1004 634 1099 704; x_wconf 79' lang='grc' dir='ltr'>τῆς</span> <span class='ocrx_word' id='word_1_34' title='bbox 1135 635 1763 701; x_wconf 81' lang='grc' dir='ltr'>Κωνσταντινουπόλεως</span> <span class='ocrx_word' id='word_1_35' title='bbox 1810 636 2035 707; x_wconf 82' lang='grc' dir='ltr'>Ἐκκλη-</span> 
     </span>
    </p>
   </div>
   <div class='ocr_carea' id='block_1_8' title="bbox 463 724 2034 799">
    <p class='ocr_par' dir='ltr' id='par_1_8' title="bbox 463 724 2034 799">
     <span class='ocr_line' id='line_1_8' title="bbox 463 724 2034 799; baseline 0.002 -21"><span class='ocrx_word' id='word_1_36' title='bbox 463 725 583 790; x_wconf 90' lang='grc' dir='ltr'>σίας</span> <span class='ocrx_word' id='word_1_37' title='bbox 614 743 629 758; x_wconf 89' lang='grc'><strong>·</strong></span> <span class='ocrx_word' id='word_1_38' title='bbox 676 724 879 794; x_wconf 84' lang='grc' dir='ltr'>Ὀλίγοι</span> <span class='ocrx_word' id='word_1_39' title='bbox 909 725 1204 796; x_wconf 72' lang='grc' dir='ltr'>κράξουσιν</span> <span class='ocrx_word' id='word_1_40' title='bbox 1230 743 1245 758; x_wconf 76' lang='grc' dir='ltr'><strong>ο</strong></span> <span class='ocrx_word' id='word_1_41' title='bbox 1283 728 1343 780; x_wconf 81' lang='grc' dir='ltr'>οὐ</span> <span class='ocrx_word' id='word_1_42' title='bbox 1378 726 1529 796; x_wconf 82' lang='grc' dir='ltr'>λέγει</span> <span class='ocrx_word' id='word_1_43' title='bbox 1562 730 1594 799; x_wconf 84' lang='grc' dir='ltr'>ἡ</span> <span class='ocrx_word' id='word_1_44' title='bbox 1628 727 1863 792; x_wconf 82' lang='grc' dir='ltr'><strong>σύνοδος.</strong></span> <span class='ocrx_word' id='word_1_45' title='bbox 1900 729 2034 783; x_wconf 85' lang='grc' dir='ltr'>Μεθ’</span> 
     </span>
    </p>
   </div>
   <div class='ocr_carea' id='block_1_9' title="bbox 454 815 2034 888">
    <p class='ocr_par' dir='ltr' id='par_1_9' title="bbox 454 815 2034 888">
     <span class='ocr_line' id='line_1_9' title="bbox 454 815 2034 888; baseline 0.001 -18"><span class='ocrx_word' id='word_1_46' title='bbox 454 815 547 881; x_wconf 76' lang='grc' dir='ltr'><strong>οὓς</strong></span> <span class='ocrx_word' id='word_1_47' title='bbox 609 817 657 869; x_wconf 73' lang='lat' dir='ltr'><strong>oi</strong></span> <span class='ocrx_word' id='word_1_48' title='bbox 696 817 1031 871; x_wconf 78' lang='grc' dir='ltr'>Ἀνατολικοὶ</span> <span class='ocrx_word' id='word_1_49' title='bbox 1082 817 1409 888; x_wconf 78' lang='grc' dir='ltr'>ἐξεϐόησαν·</span> <span class='ocrx_word' id='word_1_50' title='bbox 1448 818 1553 871; x_wconf 74' lang='grc' dir='ltr'><strong>Τὸν</strong></span> <span class='ocrx_word' id='word_1_51' title='bbox 1607 818 1911 887; x_wconf 80' lang='grc' dir='ltr'>Αίγύπτιον</span> <span class='ocrx_word' id='word_1_52' title='bbox 1967 820 2034 887; x_wconf 79' lang='grc' dir='ltr'>τῇ</span> 
     </span>
    </p>
   </div>
   <div class='ocr_carea' id='block_1_10' title="bbox 457 908 2038 981">
    <p class='ocr_par' dir='ltr' id='par_1_10' title="bbox 457 908 2038 981">
     <span class='ocr_line' id='line_1_10' title="bbox 457 908 2038 981; baseline 0.001 -19"><span class='ocrx_word' id='word_1_53' title='bbox 457 908 664 980; x_wconf 74' lang='grc' dir='ltr'>ὲξορὶᾳ.</span> <span class='ocrx_word' id='word_1_54' title='bbox 700 908 764 961; x_wconf 87' lang='grc' dir='ltr'>Οἱ</span> <span class='ocrx_word' id='word_1_55' title='bbox 797 909 853 961; x_wconf 82' lang='grc' dir='ltr'><strong>δὲ</strong></span> <span class='ocrx_word' id='word_1_56' title='bbox 894 908 1140 980; x_wconf 86' lang='grc' dir='ltr'>Ἰλλυριοὶ</span> <span class='ocrx_word' id='word_1_57' title='bbox 1166 910 1515 981; x_wconf 75' lang='grc' dir='ltr'>ἐκραύγασαν</span> <span class='ocrx_word' id='word_1_58' title='bbox 1545 926 1558 940; x_wconf 87' lang='grc'><strong>·</strong></span> <span class='ocrx_word' id='word_1_59' title='bbox 1589 910 1832 981; x_wconf 89' lang='grc' dir='ltr'>Δεόμεθα</span> <span class='ocrx_word' id='word_1_60' title='bbox 1852 949 1867 972; x_wconf 85' lang='grc'><strong>,</strong></span> <span class='ocrx_word' id='word_1_61' title='bbox 1899 911 2038 965; x_wconf 79' lang='grc' dir='ltr'>πάν-</span> 
     </span>
    </p>
   </div>
   <div class='ocr_carea' id='block_1_11' title="bbox 456 998 2039 1069">
    <p class='ocr_par' dir='ltr' id='par_1_11' title="bbox 456 998 2039 1069">
     <span class='ocr_line' id='line_1_11' title="bbox 456 998 2039 1069; baseline 0.001 -18"><span class='ocrx_word' id='word_1_62' title='bbox 456 1015 555 1060; x_wconf 90' lang='grc' dir='ltr'><strong>τας</strong></span> <span class='ocrx_word' id='word_1_63' title='bbox 604 998 847 1069; x_wconf 79' lang='grc' dir='ltr'>ἐλέησον.</span> <span class='ocrx_word' id='word_1_64' title='bbox 897 998 1033 1052; x_wconf 83' lang='grc' dir='ltr'>Μεθ’</span> <span class='ocrx_word' id='word_1_65' title='bbox 1051 998 1148 1063; x_wconf 82' lang='grc' dir='ltr'><strong>οὓς</strong></span> <span class='ocrx_word' id='word_1_66' title='bbox 1193 1002 1242 1054; x_wconf 87' lang='grc' dir='ltr'><strong>οἱ</strong></span> <span class='ocrx_word' id='word_1_67' title='bbox 1300 1000 1633 1055; x_wconf 82' lang='grc' dir='ltr'>Ἀνατολικοί</span> <span class='ocrx_word' id='word_1_68' title='bbox 1664 1017 1677 1031; x_wconf 68' lang='grc'><strong><em>⁸</em></strong></span> <span class='ocrx_word' id='word_1_69' title='bbox 1719 1000 1822 1053; x_wconf 72' lang='grc' dir='ltr'>Τὸν</span> <span class='ocrx_word' id='word_1_70' title='bbox 1873 1000 2039 1069; x_wconf 80' lang='grc' dir='ltr'>Αἰγύ-</span> 
     </span>
    </p>
   </div>
   <div class='ocr_carea' id='block_1_12' title="bbox 458 1089 2037 1165">
    <p class='ocr_par' dir='ltr' id='par_1_12' title="bbox 458 1089 2037 1165">
     <span class='ocr_line' id='line_1_12' title="bbox 458 1089 2037 1165; baseline 0.003 -21"><span class='ocrx_word' id='word_1_71' title='bbox 458 1108 615 1144; x_wconf 88' lang='grc' dir='ltr'>πτιον</span> <span class='ocrx_word' id='word_1_72' title='bbox 643 1093 712 1162; x_wconf 78' lang='grc' dir='ltr'>τῇ</span> <span class='ocrx_word' id='word_1_73' title='bbox 749 1089 956 1163; x_wconf 73' lang='grc' dir='ltr'>ἑξορίᾳ.</span> <span class='ocrx_word' id='word_1_74' title='bbox 988 1092 1100 1146; x_wconf 77' lang='grc' dir='ltr'><strong>Καὶ</strong></span> <span class='ocrx_word' id='word_1_75' title='bbox 1133 1091 1243 1146; x_wconf 83' lang='grc' dir='ltr'>τῶν</span> <span class='ocrx_word' id='word_1_76' title='bbox 1286 1091 1558 1165; x_wconf 82' lang='grc' dir='ltr'>Ἰλλυριῶν</span> <span class='ocrx_word' id='word_1_77' title='bbox 1582 1093 1649 1146; x_wconf 82' lang='grc' dir='ltr'>τὰ</span> <span class='ocrx_word' id='word_1_78' title='bbox 1679 1092 2037 1165; x_wconf 86' lang='grc' dir='ltr'>παραπλήσια</span> 
     </span>
    </p>
   </div>
   <div class='ocr_carea' id='block_1_13' title="bbox 459 1182 2039 1255">
    <p class='ocr_par' dir='ltr' id='par_1_13' title="bbox 459 1182 2039 1255">
     <span class='ocr_line' id='line_1_13' title="bbox 459 1182 2039 1255; baseline 0.001 -18"><span class='ocrx_word' id='word_1_79' title='bbox 459 1182 776 1248; x_wconf 77' lang='grc' dir='ltr'>αἰτούντων,</span> <span class='ocrx_word' id='word_1_80' title='bbox 808 1182 857 1235; x_wconf 88' lang='grc' dir='ltr'><strong>οἱ</strong></span> <span class='ocrx_word' id='word_1_81' title='bbox 885 1182 980 1236; x_wconf 84' lang='grc' dir='ltr'>τοῦ</span> <span class='ocrx_word' id='word_1_82' title='bbox 1013 1184 1216 1255; x_wconf 84' lang='grc' dir='ltr'>κλήρου</span> <span class='ocrx_word' id='word_1_83' title='bbox 1285 1183 1909 1249; x_wconf 84' lang='grc' dir='ltr'>Κωνσταντινουπόλεως</span> <span class='ocrx_word' id='word_1_84' title='bbox 1949 1184 2039 1249; x_wconf 78' lang='grc' dir='ltr'><strong>ἐξ·</strong></span> 
     </span>
    </p>
   </div>
   <div class='ocr_carea' id='block_1_14' title="bbox 456 1270 2036 1347">
    <p class='ocr_par' dir='ltr' id='par_1_14' title="bbox 456 1270 2036 1347">
     <span class='ocr_line' id='line_1_14' title="bbox 456 1270 2036 1347; baseline 0.004 -24"><span class='ocrx_word' id='word_1_85' title='bbox 456 1271 714 1342; x_wconf 84' lang='grc' dir='ltr'>εϐόησαν·</span> <span class='ocrx_word' id='word_1_86' title='bbox 781 1270 1070 1345; x_wconf 88' lang='grc' dir='ltr'>Διόσκορον</span> <span class='ocrx_word' id='word_1_87' title='bbox 1098 1276 1164 1346; x_wconf 84' lang='grc' dir='ltr'>τῇ</span> <span class='ocrx_word' id='word_1_88' title='bbox 1221 1274 1428 1347; x_wconf 77' lang='grc' dir='ltr'>ἐξορίᾳ,</span> <span class='ocrx_word' id='word_1_89' title='bbox 1468 1276 1561 1329; x_wconf 72' lang='grc' dir='ltr'><strong>τὸν</strong></span> <span class='ocrx_word' id='word_1_90' title='bbox 1613 1276 1911 1345; x_wconf 81' lang='grc' dir='ltr'>Αίγύπτιον</span> <span class='ocrx_word' id='word_1_91' title='bbox 1972 1279 2036 1347; x_wconf 77' lang='grc' dir='ltr'>τῇ</span> 
     </span>
    </p>
   </div>
   <div class='ocr_carea' id='block_1_15' title="bbox 458 1361 2039 1440">
    <p class='ocr_par' dir='ltr' id='par_1_15' title="bbox 458 1361 2039 1440">
     <span class='ocr_line' id='line_1_15' title="bbox 458 1361 2039 1440; baseline 0.004 -25"><span class='ocrx_word' id='word_1_92' title='bbox 458 1361 663 1434; x_wconf 73' lang='grc' dir='ltr'>ὲξορὶᾳ,</span> <span class='ocrx_word' id='word_1_93' title='bbox 709 1363 802 1416; x_wconf 78' lang='grc' dir='ltr'>τὸν</span> <span class='ocrx_word' id='word_1_94' title='bbox 854 1366 1131 1435; x_wconf 73' lang='grc' dir='ltr'><strong>αἱρετικὸν</strong></span> <span class='ocrx_word' id='word_1_95' title='bbox 1182 1368 1248 1438; x_wconf 78' lang='grc' dir='ltr'>τῇ</span> <span class='ocrx_word' id='word_1_96' title='bbox 1276 1366 1485 1440; x_wconf 71' lang='grc' dir='ltr'>ὲξορίᾳ·</span> <span class='ocrx_word' id='word_1_97' title='bbox 1518 1368 1813 1439; x_wconf 86' lang='grc' dir='ltr'>Διόσκορον</span> <span class='ocrx_word' id='word_1_98' title='bbox 1842 1370 1870 1422; x_wconf 84' lang='grc' dir='ltr'><strong>ό</strong></span> <span class='ocrx_word' id='word_1_99' title='bbox 1901 1370 2039 1440; x_wconf 87' lang='grc' dir='ltr'>Χρι-</span> 
     </span>
    </p>
   </div>
   <div class='ocr_carea' id='block_1_16' title="bbox 462 1453 2038 1530">
    <p class='ocr_par' dir='ltr' id='par_1_16' title="bbox 462 1453 2038 1530">
     <span class='ocr_line' id='line_1_16' title="bbox 462 1453 2038 1530; baseline 0.004 -23"><span class='ocrx_word' id='word_1_100' title='bbox 462 1453 583 1518; x_wconf 80' lang='grc' dir='ltr'>στὸς</span> <span class='ocrx_word' id='word_1_101' title='bbox 627 1455 863 1510; x_wconf 80' lang='grc' dir='ltr'>καθεῖλε.</span> <span class='ocrx_word' id='word_1_102' title='bbox 922 1456 1058 1510; x_wconf 76' lang='grc' dir='ltr'>Μεθ’</span> <span class='ocrx_word' id='word_1_103' title='bbox 1091 1455 1183 1521; x_wconf 81' lang='grc' dir='ltr'><strong>οὒς</strong></span> <span class='ocrx_word' id='word_1_104' title='bbox 1245 1459 1406 1513; x_wconf 80' lang='grc' dir='ltr'>πάλιν</span> <span class='ocrx_word' id='word_1_105' title='bbox 1455 1460 1507 1512; x_wconf 89' lang='grc' dir='ltr'><strong>οἱ</strong></span> <span class='ocrx_word' id='word_1_106' title='bbox 1549 1460 1798 1530; x_wconf 86' lang='grc' dir='ltr'>Ἰλλυριοὶ</span> <span class='ocrx_word' id='word_1_107' title='bbox 1841 1460 1935 1514; x_wconf 79' lang='grc' dir='ltr'><strong>καὶ</strong></span> <span class='ocrx_word' id='word_1_108' title='bbox 1990 1460 2038 1514; x_wconf 81' lang='grc' dir='ltr'><strong>οἱ</strong></span> 
     </span>
    </p>
   </div>
   <div class='ocr_carea' id='block_1_17' title="bbox 454 1542 2039 1622">
    <p class='ocr_par' dir='ltr' id='par_1_17' title="bbox 454 1542 2039 1622">
     <span class='ocr_line' id='line_1_17' title="bbox 454 1542 2039 1622; baseline 0.004 -26"><span class='ocrx_word' id='word_1_109' title='bbox 454 1542 595 1614; x_wconf 71' lang='grc' dir='ltr'>ἀμφ’</span> <span class='ocrx_word' id='word_1_110' title='bbox 625 1545 824 1610; x_wconf 80' lang='grc' dir='ltr'>αὐτοὺς</span> <span class='ocrx_word' id='word_1_111' title='bbox 882 1546 1174 1601; x_wconf 79' lang='grc' dir='ltr'>ἐπίσκοποι</span> <span class='ocrx_word' id='word_1_112' title='bbox 1196 1564 1211 1580; x_wconf 76' lang='grc' dir='ltr'><strong>ο</strong></span> <span class='ocrx_word' id='word_1_113' title='bbox 1246 1549 1454 1613; x_wconf 82' lang='grc' dir='ltr'>Πάντες</span> <span class='ocrx_word' id='word_1_114' title='bbox 1506 1550 1833 1622; x_wconf 81' lang='grc' dir='ltr'>ἡμάρτομεν</span> <span class='ocrx_word' id='word_1_115' title='bbox 1858 1566 1874 1583; x_wconf 79' lang='grc' dir='ltr'><strong>ο</strong></span> <span class='ocrx_word' id='word_1_116' title='bbox 1905 1553 2039 1606; x_wconf 72' lang='grc' dir='ltr'>πᾶσι</span> 
     </span>
    </p>
   </div>
   <div class='ocr_carea' id='block_1_18' title="bbox 463 1632 2037 1712">
    <p class='ocr_par' dir='ltr' id='par_1_18' title="bbox 463 1632 2037 1712">
     <span class='ocr_line' id='line_1_18' title="bbox 463 1632 2037 1712; baseline 0.006 -26"><span class='ocrx_word' id='word_1_117' title='bbox 463 1632 818 1705; x_wconf 78' lang='grc' dir='ltr'>συγχώρησον</span> <span class='ocrx_word' id='word_1_118' title='bbox 841 1652 855 1667; x_wconf 74' lang='grc' dir='ltr'><strong>ο</strong></span> <span class='ocrx_word' id='word_1_119' title='bbox 887 1637 1177 1708; x_wconf 88' lang='grc' dir='ltr'>Διόσκορον</span> <span class='ocrx_word' id='word_1_120' title='bbox 1223 1641 1287 1709; x_wconf 78' lang='grc' dir='ltr'>τῇ</span> <span class='ocrx_word' id='word_1_121' title='bbox 1322 1640 1548 1711; x_wconf 83' lang='grc' dir='ltr'>συνόδῳ,</span> <span class='ocrx_word' id='word_1_122' title='bbox 1580 1642 1873 1712; x_wconf 85' lang='grc' dir='ltr'>Διόσκορον</span> <span class='ocrx_word' id='word_1_123' title='bbox 1918 1645 2037 1706; x_wconf 83' lang='grc' dir='ltr'>ταῖς</span> 
     </span>
    </p>
   </div>
   <div class='ocr_carea' id='block_1_19' title="bbox 472 1723 2041 1803">
    <p class='ocr_par' dir='ltr' id='par_1_19' title="bbox 472 1723 2041 1803">
     <span class='ocr_line' id='line_1_19' title="bbox 472 1723 2041 1803; baseline 0.006 -24"><span class='ocrx_word' id='word_1_124' title='bbox 472 1723 843 1797; x_wconf 82' lang='grc' dir='ltr'>Ἐκκλησίαις.</span> <span class='ocrx_word' id='word_1_125' title='bbox 875 1729 985 1783; x_wconf 74' lang='grc' dir='ltr'><strong>Καὶ</strong></span> <span class='ocrx_word' id='word_1_126' title='bbox 1011 1729 1121 1784; x_wconf 79' lang='grc' dir='ltr'><strong>τῶν</strong></span> <span class='ocrx_word' id='word_1_127' title='bbox 1151 1731 1545 1801; x_wconf 77' lang='grc' dir='ltr'>παραπλησίων</span> <span class='ocrx_word' id='word_1_128' title='bbox 1572 1733 1945 1803; x_wconf 81' lang='grc' dir='ltr'>προελθόντων</span> <span class='ocrx_word' id='word_1_129' title='bbox 1972 1734 2041 1789; x_wconf 73' lang='grc' dir='ltr'>τὰ</span> 
     </span>
    </p>
   </div>
   <div class='ocr_carea' id='block_1_20' title="bbox 458 1814 1634 1893">
    <p class='ocr_par' dir='ltr' id='par_1_20' title="bbox 458 1814 1634 1893">
     <span class='ocr_line' id='line_1_20' title="bbox 458 1814 1634 1893; baseline 0.008 -26"><span class='ocrx_word' id='word_1_130' title='bbox 458 1814 558 1884; x_wconf 76' lang='grc' dir='ltr'>τῆς</span> <span class='ocrx_word' id='word_1_131' title='bbox 586 1816 845 1888; x_wconf 80' lang='grc' dir='ltr'>τοιαύτης</span> <span class='ocrx_word' id='word_1_132' title='bbox 876 1817 1059 1871; x_wconf 87' lang='grc' dir='ltr'>συνελε</span> <span class='ocrx_word' id='word_1_133' title='bbox 1072 1817 1245 1885; x_wconf 84' lang='grc' dir='ltr'>ύσεως</span> <span class='ocrx_word' id='word_1_134' title='bbox 1274 1821 1634 1893; x_wconf 76' lang='grc' dir='ltr'>ὲπερατοῦτο.</span> 
     </span>
    </p>
   </div>
   <div class='ocr_carea' id='block_1_21' title="bbox 528 1906 2039 1986">
    <p class='ocr_par' dir='ltr' id='par_1_21' title="bbox 528 1906 2039 1986">
     <span class='ocr_line' id='line_1_21' title="bbox 528 1906 2039 1986; baseline 0.007 -28"><span class='ocrx_word' id='word_1_135' title='bbox 528 1906 684 1960; x_wconf 83' lang='grc' dir='ltr'>Κατά</span> <span class='ocrx_word' id='word_1_136' title='bbox 718 1907 775 1960; x_wconf 84' lang='grc' dir='ltr'><strong>δὲ</strong></span> <span class='ocrx_word' id='word_1_137' title='bbox 805 1908 904 1980; x_wconf 79' lang='grc' dir='ltr'><strong>τὴν</strong></span> <span class='ocrx_word' id='word_1_138' title='bbox 939 1909 1055 1979; x_wconf 85' lang='grc' dir='ltr'>μετ’</span> <span class='ocrx_word' id='word_1_139' title='bbox 1083 1911 1256 1982; x_wconf 81' lang='grc' dir='ltr'>αὐτὴν</span> <span class='ocrx_word' id='word_1_140' title='bbox 1293 1912 1628 1978; x_wconf 81' lang='grc' dir='ltr'>συνέλευσιν,</span> <span class='ocrx_word' id='word_1_141' title='bbox 1659 1915 1757 1984; x_wconf 78' lang='grc' dir='ltr'>τῆς</span> <span class='ocrx_word' id='word_1_142' title='bbox 1797 1914 2039 1986; x_wconf 80' lang='grc' dir='ltr'>συγκλή-</span> 
     </span>
    </p>
   </div>
   <div class='ocr_carea' id='block_1_22' title="bbox 458 1995 2037 2075">
    <p class='ocr_par' dir='ltr' id='par_1_22' title="bbox 458 1995 2037 2075">
     <span class='ocr_line' id='line_1_22' title="bbox 458 1995 2037 2075; baseline 0.006 -28"><span class='ocrx_word' id='word_1_143' title='bbox 458 2011 551 2048; x_wconf 84' lang='grc' dir='ltr'><strong>του</strong></span> <span class='ocrx_word' id='word_1_144' title='bbox 580 1995 980 2071; x_wconf 84' lang='grc' dir='ltr'>διαλαλησάσης</span> <span class='ocrx_word' id='word_1_145' title='bbox 1009 2001 1425 2073; x_wconf 77' lang='grc' dir='ltr'>ἀναγνωσθῆναι</span> <span class='ocrx_word' id='word_1_146' title='bbox 1456 2004 1581 2067; x_wconf 80' lang='grc' dir='ltr'>τοὺς</span> <span class='ocrx_word' id='word_1_147' title='bbox 1612 2004 1714 2075; x_wconf 77' lang='grc' dir='ltr'>ἤδη</span> <span class='ocrx_word' id='word_1_148' title='bbox 1743 2004 2037 2075; x_wconf 78' lang='grc' dir='ltr'>δεομένους</span> 
     </span>
    </p>
   </div>
   <div class='ocr_carea' id='block_1_23' title="bbox 459 2086 2042 2167">
    <p class='ocr_par' dir='ltr' id='par_1_23' title="bbox 459 2086 2042 2167">
     <span class='ocr_line' id='line_1_23' title="bbox 459 2086 2042 2167; baseline 0.008 -29"><span class='ocrx_word' id='word_1_149' title='bbox 459 2086 666 2153; x_wconf 82' lang='grc' dir='ltr'>τύπους</span> <span class='ocrx_word' id='word_1_150' title='bbox 703 2088 838 2161; x_wconf 63' lang='grc'>(54),</span> <span class='ocrx_word' id='word_1_151' title='bbox 869 2090 1080 2160; x_wconf 84' lang='grc' dir='ltr'>ἀνέγνω</span> <span class='ocrx_word' id='word_1_152' title='bbox 1108 2094 1519 2159; x_wconf 87' lang='grc' dir='ltr'>Κωνσταντῖνος</span> <span class='ocrx_word' id='word_1_153' title='bbox 1551 2098 1904 2167; x_wconf 80' lang='grc' dir='ltr'>σεκρετάριος</span> <span class='ocrx_word' id='word_1_154' title='bbox 1933 2097 2042 2151; x_wconf 77' lang='grc' dir='ltr'><strong>ἀπὸ</strong></span> 
     </span>
    </p>
   </div>
   <div class='ocr_carea' id='block_1_24' title="bbox 462 2180 2041 2259">
    <p class='ocr_par' dir='ltr' id='par_1_24' title="bbox 462 2180 2041 2259">
     <span class='ocr_line' id='line_1_24' title="bbox 462 2180 2041 2259; baseline 0.007 -28"><span class='ocrx_word' id='word_1_155' title='bbox 462 2180 687 2250; x_wconf 87' lang='grc' dir='ltr'>σχέδους</span> <span class='ocrx_word' id='word_1_156' title='bbox 737 2181 830 2234; x_wconf 77' lang='grc' dir='ltr'><strong>ἐπὶ</strong></span> <span class='ocrx_word' id='word_1_157' title='bbox 860 2180 1057 2250; x_wconf 83' lang='grc' dir='ltr'>λέξεως</span> <span class='ocrx_word' id='word_1_158' title='bbox 1086 2183 1259 2239; x_wconf 85' lang='grc' dir='ltr'>ταῦτα</span> <span class='ocrx_word' id='word_1_159' title='bbox 1288 2202 1303 2219; x_wconf 72' lang='grc'><strong><em>⁸</em></strong></span> <span class='ocrx_word' id='word_1_160' title='bbox 1337 2186 1473 2257; x_wconf 75' lang='grc' dir='ltr'>Περὶ</span> <span class='ocrx_word' id='word_1_161' title='bbox 1505 2188 1605 2257; x_wconf 84' lang='grc' dir='ltr'><strong>μὲν</strong></span> <span class='ocrx_word' id='word_1_162' title='bbox 1631 2188 1728 2257; x_wconf 83' lang='grc' dir='ltr'>τῆς</span> <span class='ocrx_word' id='word_1_163' title='bbox 1757 2187 2041 2259; x_wconf 78' lang='grc' dir='ltr'>ὀρθοδόξου</span> 
     </span>
    </p>
   </div>
   <div class='ocr_carea' id='block_1_25' title="bbox 461 2273 2042 2351">
    <p class='ocr_par' dir='ltr' id='par_1_25' title="bbox 461 2273 2042 2351">
     <span class='ocr_line' id='line_1_25' title="bbox 461 2273 2042 2351; baseline 0.007 -26"><span class='ocrx_word' id='word_1_164' title='bbox 461 2274 557 2327; x_wconf 74' lang='grc' dir='ltr'><strong>καὶ</strong></span> <span class='ocrx_word' id='word_1_165' title='bbox 595 2273 892 2345; x_wconf 81' lang='grc' dir='ltr'>καθολικῆς</span> <span class='ocrx_word' id='word_1_166' title='bbox 965 2277 1222 2344; x_wconf 87' lang='grc' dir='ltr'>πίστεως,</span> <span class='ocrx_word' id='word_1_167' title='bbox 1253 2279 1588 2351; x_wconf 84' lang='grc' dir='ltr'>τελειότερον</span> <span class='ocrx_word' id='word_1_168' title='bbox 1633 2280 1853 2335; x_wconf 82' lang='grc' dir='ltr'>συνόδου</span> <span class='ocrx_word' id='word_1_169' title='bbox 1892 2298 2042 2349; x_wconf 88' lang='grc' dir='ltr'>γινο-</span> 
     </span>
    </p>
   </div>
   <div class='ocr_carea' id='block_1_26' title="bbox 465 2364 2041 2442">
    <p class='ocr_par' dir='ltr' id='par_1_26' title="bbox 465 2364 2041 2442">
     <span class='ocr_line' id='line_1_26' title="bbox 465 2364 2041 2442; baseline 0.005 -24"><span class='ocrx_word' id='word_1_170' title='bbox 465 2364 634 2436; x_wconf 83' lang='grc' dir='ltr'>μένης</span> <span class='ocrx_word' id='word_1_171' title='bbox 683 2366 823 2435; x_wconf 86' lang='grc' dir='ltr'><strong>μετά</strong></span> <span class='ocrx_word' id='word_1_172' title='bbox 853 2367 982 2438; x_wconf 86' lang='grc' dir='ltr'>μίαν</span> <span class='ocrx_word' id='word_1_173' title='bbox 1011 2369 1411 2442; x_wconf 88' lang='grc' dir='ltr'>ἀκριϐεστέραν</span> <span class='ocrx_word' id='word_1_174' title='bbox 1442 2371 1689 2438; x_wconf 80' lang='grc' dir='ltr'>ἐξέτασιν</span> <span class='ocrx_word' id='word_1_175' title='bbox 1721 2373 1830 2426; x_wconf 87' lang='grc' dir='ltr'>δεῖν</span> <span class='ocrx_word' id='word_1_176' title='bbox 1883 2374 2041 2442; x_wconf 84' lang='grc' dir='ltr'>γενέ-</span> 
     </span>
    </p>
   </div>
   <div class='ocr_carea' id='block_1_27' title="bbox 466 2456 2043 2535">
    <p class='ocr_par' dir='ltr' id='par_1_27' title="bbox 466 2456 2043 2535">
     <span class='ocr_line' id='line_1_27' title="bbox 466 2456 2043 2535; baseline 0.006 -26"><span class='ocrx_word' id='word_1_177' title='bbox 466 2456 589 2510; x_wconf 89' lang='grc' dir='ltr'>σθαι</span> <span class='ocrx_word' id='word_1_178' title='bbox 620 2459 955 2530; x_wconf 85' lang='grc' dir='ltr'>συνορῶμεν.</span> <span class='ocrx_word' id='word_1_179' title='bbox 1002 2461 1222 2533; x_wconf 82' lang='grc' dir='ltr'>Ἐπειδὴ</span> <span class='ocrx_word' id='word_1_180' title='bbox 1257 2461 1314 2516; x_wconf 75' lang='grc' dir='ltr'>δὲ</span> <span class='ocrx_word' id='word_1_181' title='bbox 1345 2462 1642 2527; x_wconf 75' lang='grc' dir='ltr'>Φλαϐιανὸς</span> <span class='ocrx_word' id='word_1_182' title='bbox 1680 2467 1707 2518; x_wconf 83' lang='grc' dir='ltr'>ὁ</span> <span class='ocrx_word' id='word_1_183' title='bbox 1736 2465 1832 2535; x_wconf 78' lang='grc' dir='ltr'>τῆς</span> <span class='ocrx_word' id='word_1_184' title='bbox 1890 2466 2043 2519; x_wconf 81' lang='grc' dir='ltr'>εὐσε-</span> 
     </span>
    </p>
   </div>
   <div class='ocr_carea' id='block_1_28' title="bbox 466 2544 2037 2619">
    <p class='ocr_par' dir='ltr' id='par_1_28' title="bbox 466 2544 2037 2619">
     <span class='ocr_line' id='line_1_28' title="bbox 466 2544 2037 2619; baseline 0.008 -22"><span class='ocrx_word' id='word_1_185' title='bbox 466 2544 592 2609; x_wconf 85' lang='grc' dir='ltr'>ϐοῦς</span> <span class='ocrx_word' id='word_1_186' title='bbox 619 2547 860 2619; x_wconf 74' lang='grc' dir='ltr'>μνήμης,</span> <span class='ocrx_word' id='word_1_187' title='bbox 903 2549 996 2603; x_wconf 73' lang='grc' dir='ltr'><strong>καὶ</strong></span> <span class='ocrx_word' id='word_1_188' title='bbox 1022 2550 1282 2617; x_wconf 83' lang='grc' dir='ltr'>Εὐσέϐιος</span> <span class='ocrx_word' id='word_1_189' title='bbox 1318 2553 1348 2605; x_wconf 82' lang='grc' dir='ltr'>ὁ</span> <span class='ocrx_word' id='word_1_190' title='bbox 1385 2552 1779 2618; x_wconf 80' lang='grc' dir='ltr'>εὐλαϐέστατος</span> <span class='ocrx_word' id='word_1_191' title='bbox 1815 2556 2037 2609; x_wconf 75' lang='grc' dir='ltr'>ἐπίσκο-</span> 
     </span>
    </p>
   </div>
   <div class='ocr_carea' id='block_1_29' title="bbox 466 2640 2040 2718">
    <p class='ocr_par' dir='ltr' id='par_1_29' title="bbox 466 2640 2040 2718">
     <span class='ocr_line' id='line_1_29' title="bbox 466 2640 2040 2718; baseline 0.008 -27"><span class='ocrx_word' id='word_1_192' title='bbox 466 2656 588 2704; x_wconf 82' lang='grc' dir='ltr'>πος,</span> <span class='ocrx_word' id='word_1_193' title='bbox 620 2642 683 2693; x_wconf 84' lang='grc' dir='ltr'>ὲκ</span> <span class='ocrx_word' id='word_1_194' title='bbox 731 2640 831 2712; x_wconf 76' lang='grc' dir='ltr'><strong>τῆς</strong></span> <span class='ocrx_word' id='word_1_195' title='bbox 878 2643 985 2695; x_wconf 68' lang='grc' dir='ltr'>τῶν</span> <span class='ocrx_word' id='word_1_196' title='bbox 1020 2644 1429 2715; x_wconf 85' lang='grc' dir='ltr'>πεπραγμένων</span> <span class='ocrx_word' id='word_1_197' title='bbox 1480 2647 1575 2701; x_wconf 71' lang='grc' dir='ltr'><strong>καὶ</strong></span> <span class='ocrx_word' id='word_1_198' title='bbox 1623 2647 2040 2718; x_wconf 83' lang='grc' dir='ltr'>διεγνωσμένων</span> 
     </span>
    </p>
   </div>
   <div class='ocr_carea' id='block_1_30' title="bbox 463 2730 2043 2811">
    <p class='ocr_par' dir='ltr' id='par_1_30' title="bbox 463 2730 2043 2811">
     <span class='ocr_line' id='line_1_30' title="bbox 463 2730 2043 2811; baseline 0.008 -28"><span class='ocrx_word' id='word_1_199' title='bbox 463 2730 718 2801; x_wconf 78' lang='grc' dir='ltr'>ἐρεύνης,</span> <span class='ocrx_word' id='word_1_200' title='bbox 748 2734 844 2786; x_wconf 76' lang='grc' dir='ltr'>καὶ</span> <span class='ocrx_word' id='word_1_201' title='bbox 870 2734 1043 2804; x_wconf 76' lang='grc' dir='ltr'>αὐτῆς</span> <span class='ocrx_word' id='word_1_202' title='bbox 1076 2736 1174 2804; x_wconf 78' lang='grc' dir='ltr'><strong>τῆς</strong></span> <span class='ocrx_word' id='word_1_203' title='bbox 1210 2740 1391 2807; x_wconf 82' lang='grc' dir='ltr'>φωνῆς</span> <span class='ocrx_word' id='word_1_204' title='bbox 1419 2738 1581 2792; x_wconf 84' lang='grc' dir='ltr'>τινῶν</span> <span class='ocrx_word' id='word_1_205' title='bbox 1633 2740 1745 2794; x_wconf 80' lang='grc' dir='ltr'><strong>τῶν</strong></span> <span class='ocrx_word' id='word_1_206' title='bbox 1799 2740 2043 2811; x_wconf 75' lang='grc' dir='ltr'>ἐξάρχων</span> 
     </span>
    </p>
   </div>
   <div class='ocr_carea' id='block_1_31' title="bbox 462 2824 2045 2903">
    <p class='ocr_par' dir='ltr' id='par_1_31' title="bbox 462 2824 2045 2903">
     <span class='ocr_line' id='line_1_31' title="bbox 462 2824 2045 2903; baseline 0.008 -29"><span class='ocrx_word' id='word_1_207' title='bbox 462 2824 775 2893; x_wconf 88' lang='grc' dir='ltr'>γενομένων</span> <span class='ocrx_word' id='word_1_208' title='bbox 803 2824 903 2894; x_wconf 78' lang='grc' dir='ltr'>τῆς</span> <span class='ocrx_word' id='word_1_209' title='bbox 931 2826 1057 2879; x_wconf 87' lang='grc' dir='ltr'>τότε</span> <span class='ocrx_word' id='word_1_210' title='bbox 1089 2828 1331 2896; x_wconf 83' lang='grc' dir='ltr'>συνόδου,</span> <span class='ocrx_word' id='word_1_211' title='bbox 1356 2828 1811 2901; x_wconf 83' lang='grc' dir='ltr'>ὁμολογησάντων</span> <span class='ocrx_word' id='word_1_212' title='bbox 1844 2833 2045 2903; x_wconf 80' lang='grc' dir='ltr'>ἐσφάλ-</span> 
     </span>
    </p>
   </div>
   <div class='ocr_carea' id='block_1_32' title="bbox 469 2912 2035 2996">
    <p class='ocr_par' dir='ltr' id='par_1_32' title="bbox 469 2912 2035 2996">
     <span class='ocr_line' id='line_1_32' title="bbox 469 2912 2035 2996; baseline 0.01 -33"><span class='ocrx_word' id='word_1_213' title='bbox 469 2912 558 2964; x_wconf 85' lang='grc' dir='ltr'><strong>θαι</strong></span> <span class='ocrx_word' id='word_1_214' title='bbox 590 2912 685 2965; x_wconf 62' lang='grc' dir='ltr'><strong>κα)⁸</strong></span> <span class='ocrx_word' id='word_1_215' title='bbox 714 2915 891 2985; x_wconf 84' lang='grc' dir='ltr'>μάτην</span> <span class='ocrx_word' id='word_1_216' title='bbox 917 2916 1115 2980; x_wconf 83' lang='grc' dir='ltr'>αὐτοὺς</span> <span class='ocrx_word' id='word_1_217' title='bbox 1154 2917 1551 2991; x_wconf 79' lang='grc' dir='ltr'>καθῃρηκέναι,</span> <span class='ocrx_word' id='word_1_218' title='bbox 1588 2922 1738 2975; x_wconf 79' lang='grc' dir='ltr'>οὐδὲν</span> <span class='ocrx_word' id='word_1_219' title='bbox 1770 2926 1899 2995; x_wconf 84' lang='grc' dir='ltr'><strong>περὶ</strong></span> <span class='ocrx_word' id='word_1_220' title='bbox 1935 2924 2035 2996; x_wconf 78' lang='grc' dir='ltr'>τὴν</span> 
     </span>
    </p>
   </div>
   <div class='ocr_carea' id='block_1_33' title="bbox 465 3004 2040 3086">
    <p class='ocr_par' dir='ltr' id='par_1_33' title="bbox 465 3004 2040 3086">
     <span class='ocr_line' id='line_1_33' title="bbox 465 3004 2040 3086; baseline 0.01 -31"><span class='ocrx_word' id='word_1_221' title='bbox 465 3004 651 3057; x_wconf 85' lang='grc' dir='ltr'>πίστιν</span> <span class='ocrx_word' id='word_1_222' title='bbox 686 3007 1003 3075; x_wconf 80' lang='grc' dir='ltr'>σφαλέντες,</span> <span class='ocrx_word' id='word_1_223' title='bbox 1033 3010 1339 3065; x_wconf 81' lang='grc' dir='ltr'>δείκνυνται</span> <span class='ocrx_word' id='word_1_224' title='bbox 1362 3012 1567 3077; x_wconf 78' lang='grc' dir='ltr'>ἀδίκως</span> <span class='ocrx_word' id='word_1_225' title='bbox 1597 3014 2040 3086; x_wconf 81' lang='grc' dir='ltr'>καθαιρεθέντεςο</span> 
     </span>
    </p>
   </div>
   <div class='ocr_carea' id='block_1_34' title="bbox 466 3094 2039 3174">
    <p class='ocr_par' dir='ltr' id='par_1_34' title="bbox 466 3094 2039 3174">
     <span class='ocr_line' id='line_1_34' title="bbox 466 3094 2039 3174; baseline 0.009 -27"><span class='ocrx_word' id='word_1_226' title='bbox 466 3094 717 3163; x_wconf 87' lang='grc' dir='ltr'>φαίνεται</span> <span class='ocrx_word' id='word_1_227' title='bbox 746 3099 878 3168; x_wconf 79' lang='grc' dir='ltr'>ἡμῖν</span> <span class='ocrx_word' id='word_1_228' title='bbox 931 3100 1070 3154; x_wconf 83' lang='grc' dir='ltr'><strong>κατά</strong></span> <span class='ocrx_word' id='word_1_229' title='bbox 1118 3101 1179 3154; x_wconf 81' lang='grc' dir='ltr'><strong>τὸ</strong></span> <span class='ocrx_word' id='word_1_230' title='bbox 1233 3102 1351 3172; x_wconf 74' lang='grc' dir='ltr'><strong>θεῷ</strong></span> <span class='ocrx_word' id='word_1_231' title='bbox 1381 3103 1613 3174; x_wconf 83' lang='grc' dir='ltr'>ἀρέσκον</span> <span class='ocrx_word' id='word_1_232' title='bbox 1635 3104 1839 3159; x_wconf 88' lang='grc' dir='ltr'>δίκαιον</span> <span class='ocrx_word' id='word_1_233' title='bbox 1879 3104 2039 3174; x_wconf 81' lang='grc' dir='ltr'>εἶναι,</span> 
     </span>
    </p>
   </div>
   <div class='ocr_carea' id='block_1_35' title="bbox 464 3187 2043 3270">
    <p class='ocr_par' dir='ltr' id='par_1_35' title="bbox 464 3187 2043 3270">
     <span class='ocr_line' id='line_1_35' title="bbox 464 3187 2043 3270; baseline 0.01 -32"><span class='ocrx_word' id='word_1_234' title='bbox 464 3187 514 3238; x_wconf 88' lang='grc' dir='ltr'><strong>εἱ</strong></span> <span class='ocrx_word' id='word_1_235' title='bbox 546 3190 860 3259; x_wconf 83' lang='grc' dir='ltr'>παρασταίη</span> <span class='ocrx_word' id='word_1_236' title='bbox 915 3190 993 3261; x_wconf 82' lang='grc' dir='ltr'>τῷ</span> <span class='ocrx_word' id='word_1_237' title='bbox 1027 3191 1287 3263; x_wconf 84' lang='grc' dir='ltr'>θειοτάτῳ</span> <span class='ocrx_word' id='word_1_238' title='bbox 1342 3194 1437 3247; x_wconf 81' lang='grc' dir='ltr'><strong>καὶ</strong></span> <span class='ocrx_word' id='word_1_239' title='bbox 1472 3195 1850 3270; x_wconf 62' lang='grc' dir='ltr'>εὐσεϐεστάτη)</span> <span class='ocrx_word' id='word_1_240' title='bbox 1886 3200 2043 3270; x_wconf 81' lang='grc' dir='ltr'>ἡμῶν</span> 
     </span>
    </p>
   </div>
   <div class='ocr_carea' id='block_1_36' title="bbox 464 3274 2048 3357">
    <p class='ocr_par' dir='ltr' id='par_1_36' title="bbox 464 3274 2048 3357">
     <span class='ocr_line' id='line_1_36' title="bbox 464 3274 2048 3357; baseline 0.011 -31"><span class='ocrx_word' id='word_1_241' title='bbox 464 3274 736 3350; x_wconf 76' lang='grc' dir='ltr'>δεσπότῃ,</span> <span class='ocrx_word' id='word_1_242' title='bbox 769 3278 848 3350; x_wconf 84' lang='grc' dir='ltr'><strong>τῷ</strong></span> <span class='ocrx_word' id='word_1_243' title='bbox 888 3280 1037 3351; x_wconf 85' lang='grc' dir='ltr'>αὐτῴ</span> <span class='ocrx_word' id='word_1_244' title='bbox 1085 3282 1347 3354; x_wconf 77' lang='grc' dir='ltr'>ἐπιτιμίῳ</span> <span class='ocrx_word' id='word_1_245' title='bbox 1378 3284 1668 3357; x_wconf 82' lang='grc' dir='ltr'>Διόσκορον</span> <span class='ocrx_word' id='word_1_246' title='bbox 1700 3288 1790 3341; x_wconf 82' lang='grc' dir='ltr'><strong>τὸν</strong></span> <span class='ocrx_word' id='word_1_247' title='bbox 1821 3290 2048 3344; x_wconf 83' lang='grc' dir='ltr'>εὐλαϐέ-</span> 
     </span>
    </p>
   </div>
   <div class='ocr_carea' id='block_1_37' title="bbox 467 3369 2048 3445">
    <p class='ocr_par' dir='ltr' id='par_1_37' title="bbox 467 3369 2048 3445">
     <span class='ocr_line' id='line_1_37' title="bbox 467 3369 2048 3445; baseline 0.011 -26"><span class='ocrx_word' id='word_1_248' title='bbox 467 3383 657 3421; x_wconf 87' lang='grc' dir='ltr'>στατον</span> <span class='ocrx_word' id='word_1_249' title='bbox 682 3369 981 3426; x_wconf 80' lang='grc' dir='ltr'>ἐπίσκοπον</span> <span class='ocrx_word' id='word_1_250' title='bbox 1016 3372 1440 3445; x_wconf 81' lang='grc' dir='ltr'>Ἀλεξανδρεὶας,</span> <span class='ocrx_word' id='word_1_251' title='bbox 1468 3378 1932 3435; x_wconf 76' lang='grc' dir='ltr'>καὶἹουϐενάλιον</span> <span class='ocrx_word' id='word_1_252' title='bbox 1958 3382 2048 3437; x_wconf 83' lang='grc' dir='ltr'><strong>τὸν</strong></span> 
     </span>
    </p>
   </div>
   <div class='ocr_carea' id='block_1_38' title="bbox 466 3461 2047 3541">
    <p class='ocr_par' dir='ltr' id='par_1_38' title="bbox 466 3461 2047 3541">
     <span class='ocr_line' id='line_1_38' title="bbox 466 3461 2047 3541; baseline 0.009 -28"><span class='ocrx_word' id='word_1_253' title='bbox 466 3461 863 3517; x_wconf 81' lang='grc' dir='ltr'>εὐλαϐέστατον</span> <span class='ocrx_word' id='word_1_254' title='bbox 914 3466 1212 3521; x_wconf 76' lang='grc' dir='ltr'>ἐπίσκοπον</span> <span class='ocrx_word' id='word_1_255' title='bbox 1253 3466 1669 3541; x_wconf 84' lang='grc' dir='ltr'>Ἰεροσολύμων,</span> <span class='ocrx_word' id='word_1_256' title='bbox 1707 3471 1803 3525; x_wconf 73' lang='grc' dir='ltr'><strong>καὶ</strong></span> <span class='ocrx_word' id='word_1_257' title='bbox 1834 3473 2047 3529; x_wconf 85' lang='grc' dir='ltr'>Θαλάσ-</span> 
     </span>
    </p>
   </div>
   <div class='ocr_carea' id='block_1_39' title="bbox 468 3555 2051 3637">
    <p class='ocr_par' dir='ltr' id='par_1_39' title="bbox 468 3555 2051 3637">
     <span class='ocr_line' id='line_1_39' title="bbox 468 3555 2051 3637; baseline 0.01 -32"><span class='ocrx_word' id='word_1_258' title='bbox 468 3570 583 3606; x_wconf 89' lang='grc' dir='ltr'>σιον</span> <span class='ocrx_word' id='word_1_259' title='bbox 609 3555 702 3609; x_wconf 77' lang='grc' dir='ltr'><strong>τὸν</strong></span> <span class='ocrx_word' id='word_1_260' title='bbox 745 3556 1137 3612; x_wconf 81' lang='grc' dir='ltr'>εὐλαϐέστατον</span> <span class='ocrx_word' id='word_1_261' title='bbox 1172 3560 1479 3617; x_wconf 81' lang='grc' dir='ltr'>ἐπίσκοπον</span> <span class='ocrx_word' id='word_1_262' title='bbox 1510 3563 1851 3637; x_wconf 86' lang='grc' dir='ltr'>Καισαρείας</span> <span class='ocrx_word' id='word_1_263' title='bbox 1895 3568 2051 3621; x_wconf 87' lang='grc' dir='ltr'>Καπ-</span> 
     </span>
    </p>
   </div>
   <div class='ocr_carea' id='block_1_40' title="bbox 470 3646 2051 3713">
    <p class='ocr_par' dir='ltr' id='par_1_40' title="bbox 470 3646 2051 3713">
     <span class='ocr_line' id='line_1_40' title="bbox 470 3646 2051 3713; baseline 0.009 -15"><span class='ocrx_word' id='word_1_264' title='bbox 470 3646 751 3713; x_wconf 85' lang='grc' dir='ltr'>παδοκίας,</span> <span class='ocrx_word' id='word_1_265' title='bbox 777 3650 872 3701; x_wconf 77' lang='grc' dir='ltr'><strong>καὶ</strong></span> <span class='ocrx_word' id='word_1_266' title='bbox 899 3651 1160 3705; x_wconf 76' lang='grc' dir='ltr'>Εὑσέϐιον</span> <span class='ocrx_word' id='word_1_267' title='bbox 1194 3651 1284 3706; x_wconf 76' lang='grc' dir='ltr'><strong>τὸν</strong></span> <span class='ocrx_word' id='word_1_268' title='bbox 1316 3653 1721 3710; x_wconf 78' lang='grc' dir='ltr'>εύλαϐέστατον</span> <span class='ocrx_word' id='word_1_269' title='bbox 1752 3657 2051 3712; x_wconf 80' lang='grc' dir='ltr'>ἐπίσκοπον</span> 
     </span>
    </p>
   </div>
   <div class='ocr_carea' id='block_1_41' title="bbox 482 3737 2050 3809">
    <p class='ocr_par' dir='ltr' id='par_1_41' title="bbox 482 3737 2050 3809">
     <span class='ocr_line' id='line_1_41' title="bbox 482 3737 2050 3809; baseline 0.009 -18"><span class='ocrx_word' id='word_1_270' title='bbox 482 3737 775 3809; x_wconf 82' lang='grc' dir='ltr'>Ἀγκύρας,</span> <span class='ocrx_word' id='word_1_271' title='bbox 807 3742 899 3794; x_wconf 63' lang='grc' dir='ltr'><strong>καῖ⁹</strong></span> <span class='ocrx_word' id='word_1_272' title='bbox 929 3742 1230 3799; x_wconf 81' lang='grc' dir='ltr'>Εὑστάθιον</span> <span class='ocrx_word' id='word_1_273' title='bbox 1275 3745 1367 3799; x_wconf 76' lang='grc' dir='ltr'><strong>τὸν</strong></span> <span class='ocrx_word' id='word_1_274' title='bbox 1397 3740 1791 3803; x_wconf 82' lang='grc' dir='ltr'>εὐλαϐέστατον</span> <span class='ocrx_word' id='word_1_275' title='bbox 1825 3751 2050 3804; x_wconf 80' lang='grc' dir='ltr'>ἐπίσκο-</span> 
     </span>
    </p>
   </div>
   <div class='ocr_carea' id='block_1_42' title="bbox 471 3833 2054 3904">
    <p class='ocr_par' dir='ltr' id='par_1_42' title="bbox 471 3833 2054 3904">
     <span class='ocr_line' id='line_1_42' title="bbox 471 3833 2054 3904; baseline 0.008 -20"><span class='ocrx_word' id='word_1_276' title='bbox 471 3848 572 3885; x_wconf 89' lang='grc' dir='ltr'><strong>πον</strong></span> <span class='ocrx_word' id='word_1_277' title='bbox 623 3833 889 3904; x_wconf 85' lang='grc' dir='ltr'>Βηρυτοῦ,</span> <span class='ocrx_word' id='word_1_278' title='bbox 930 3838 1022 3890; x_wconf 71' lang='grc' dir='ltr'><strong>καὶ</strong></span> <span class='ocrx_word' id='word_1_279' title='bbox 1056 3837 1336 3892; x_wconf 81' lang='grc' dir='ltr'>Βασίλειον</span> <span class='ocrx_word' id='word_1_280' title='bbox 1369 3840 1462 3893; x_wconf 84' lang='grc' dir='ltr'><strong>τὸν</strong></span> <span class='ocrx_word' id='word_1_281' title='bbox 1492 3839 1890 3896; x_wconf 84' lang='grc' dir='ltr'>εὐλαϐέστατον</span> <span class='ocrx_word' id='word_1_282' title='bbox 1936 3844 2054 3896; x_wconf 81' lang='grc' dir='ltr'>ὲπί-</span> 
     </span>
    </p>
   </div>
   <div class='ocr_carea' id='block_1_43' title="bbox 475 3926 2054 4001">
    <p class='ocr_par' dir='ltr' id='par_1_43' title="bbox 475 3926 2054 4001">
     <span class='ocr_line' id='line_1_43' title="bbox 475 3926 2054 4001; baseline 0.008 -25"><span class='ocrx_word' id='word_1_283' title='bbox 475 3940 675 3978; x_wconf 79' lang='grc' dir='ltr'>σκοπόν</span> <span class='ocrx_word' id='word_1_284' title='bbox 707 3926 1031 3993; x_wconf 85' lang='grc' dir='ltr'>Σελευκείας</span> <span class='ocrx_word' id='word_1_285' title='bbox 1061 3932 1162 4001; x_wconf 78' lang='grc' dir='ltr'>τῆς</span> <span class='ocrx_word' id='word_1_286' title='bbox 1196 3931 1490 4001; x_wconf 83' lang='grc' dir='ltr'>’1σαυρίας,</span> <span class='ocrx_word' id='word_1_287' title='bbox 1526 3930 1651 3993; x_wconf 74' lang='grc' dir='ltr'>τοὺς</span> <span class='ocrx_word' id='word_1_288' title='bbox 1676 3931 1928 3997; x_wconf 78' lang='grc' dir='ltr'>ἐξουσίαν</span> <span class='ocrx_word' id='word_1_289' title='bbox 1966 3936 2054 3987; x_wconf 83' lang='grc' dir='ltr'><strong>ὲσ-</strong></span> 
     </span>
    </p>
   </div>
   <div class='ocr_carea' id='block_1_44' title="bbox 472 4016 2053 4093">
    <p class='ocr_par' dir='ltr' id='par_1_44' title="bbox 472 4016 2053 4093">
     <span class='ocr_line' id='line_1_44' title="bbox 472 4016 2053 4093; baseline 0.008 -25"><span class='ocrx_word' id='word_1_290' title='bbox 472 4016 713 4086; x_wconf 87' lang='grc' dir='ltr'>χηκότας</span> <span class='ocrx_word' id='word_1_291' title='bbox 740 4018 833 4071; x_wconf 75' lang='grc' dir='ltr'><strong>καὶ</strong></span> <span class='ocrx_word' id='word_1_292' title='bbox 859 4020 1190 4091; x_wconf 78' lang='grc' dir='ltr'>ἐξάρχοντας</span> <span class='ocrx_word' id='word_1_293' title='bbox 1217 4021 1316 4093; x_wconf 84' lang='grc' dir='ltr'>τῆς</span> <span class='ocrx_word' id='word_1_294' title='bbox 1341 4022 1465 4075; x_wconf 89' lang='grc' dir='ltr'>τότε</span> <span class='ocrx_word' id='word_1_295' title='bbox 1496 4022 1740 4085; x_wconf 79' lang='grc' dir='ltr'>συνόδου,</span> <span class='ocrx_word' id='word_1_296' title='bbox 1762 4024 1904 4077; x_wconf 83' lang='grc' dir='ltr'><strong>κατά</strong></span> <span class='ocrx_word' id='word_1_297' title='bbox 1926 4027 2053 4082; x_wconf 75' lang='grc' dir='ltr'>τοὺς</span> 
     </span>
    </p>
   </div>
   <div class='ocr_carea' id='block_1_45' title="bbox 472 4106 2053 4185">
    <p class='ocr_par' dir='ltr' id='par_1_45' title="bbox 472 4106 2053 4185">
     <span class='ocr_line' id='line_1_45' title="bbox 472 4106 2053 4185; baseline 0.006 -27"><span class='ocrx_word' id='word_1_298' title='bbox 472 4106 705 4172; x_wconf 87' lang='grc' dir='ltr'>κανόνας</span> <span class='ocrx_word' id='word_1_299' title='bbox 733 4108 829 4161; x_wconf 83' lang='grc' dir='ltr'>τοῦ</span> <span class='ocrx_word' id='word_1_300' title='bbox 859 4110 1224 4165; x_wconf 78' lang='grc' dir='ltr'>ἑπισκοπικοῦ</span> <span class='ocrx_word' id='word_1_301' title='bbox 1252 4111 1565 4185; x_wconf 84' lang='grc' dir='ltr'>ἀλλοτρίους</span> <span class='ocrx_word' id='word_1_302' title='bbox 1592 4112 1850 4183; x_wconf 87' lang='grc' dir='ltr'>γενέσθαι</span> <span class='ocrx_word' id='word_1_303' title='bbox 1886 4114 2053 4181; x_wconf 77' lang='grc' dir='ltr'>ἀξιώ-</span> 
     </span>
    </p>
   </div>
   <div class='ocr_carea' id='block_1_46' title="bbox 475 4199 2054 4273">
    <p class='ocr_par' dir='ltr' id='par_1_46' title="bbox 475 4199 2054 4273">
     <span class='ocr_line' id='line_1_46' title="bbox 475 4199 2054 4273; baseline 0.004 -25"><span class='ocrx_word' id='word_1_304' title='bbox 475 4213 683 4267; x_wconf 85' lang='grc' dir='ltr'>ματος·</span> <span class='ocrx_word' id='word_1_305' title='bbox 717 4199 940 4254; x_wconf 83' lang='grc' dir='ltr'>πάντων</span> <span class='ocrx_word' id='word_1_306' title='bbox 986 4200 1097 4253; x_wconf 83' lang='grc' dir='ltr'>τῶν</span> <span class='ocrx_word' id='word_1_307' title='bbox 1158 4200 1758 4273; x_wconf 81' lang='grc' dir='ltr'>παρακολουθησάντων</span> <span class='ocrx_word' id='word_1_308' title='bbox 1815 4204 1879 4273; x_wconf 85' lang='grc' dir='ltr'>τῇ</span> <span class='ocrx_word' id='word_1_309' title='bbox 1934 4201 2054 4273; x_wconf 64' lang='grc' dir='ltr'>θεία</span> 
     </span>
    </p>
   </div>
   <div class='ocr_carea' id='block_1_47' title="bbox 474 4289 2055 4364">
    <p class='ocr_par' dir='ltr' id='par_1_47' title="bbox 474 4289 2055 4364">
     <span class='ocr_line' id='line_1_47' title="bbox 474 4289 2055 4364; baseline 0.003 -22"><span class='ocrx_word' id='word_1_310' title='bbox 474 4291 686 4361; x_wconf 76' lang='grc' dir='ltr'>κορυφῇ</span> <span class='ocrx_word' id='word_1_311' title='bbox 710 4290 1145 4363; x_wconf 79' lang='grc' dir='ltr'>γνωριζομένων.</span> <span class='ocrx_word' id='word_1_312' title='bbox 1179 4289 1312 4346; x_wconf 73' lang='grc' dir='ltr'>Εἶτα</span> <span class='ocrx_word' id='word_1_313' title='bbox 1344 4294 1466 4364; x_wconf 87' lang='grc' dir='ltr'>μεθ’</span> <span class='ocrx_word' id='word_1_314' title='bbox 1498 4293 1690 4364; x_wconf 80' lang='grc' dir='ltr'>ἐτέρας</span> <span class='ocrx_word' id='word_1_315' title='bbox 1717 4294 2055 4363; x_wconf 85' lang='grc' dir='ltr'>ἀναγνώσεις</span> 
     </span>
    </p>
   </div>
   <div class='ocr_carea' id='block_1_48' title="bbox 471 4383 2054 4457">
    <p class='ocr_par' dir='ltr' id='par_1_48' title="bbox 471 4383 2054 4457">
     <span class='ocr_line' id='line_1_48' title="bbox 471 4383 2054 4457; baseline 0.004 -23"><span class='ocrx_word' id='word_1_316' title='bbox 471 4383 795 4451; x_wconf 84' lang='grc' dir='ltr'>γενομένας,</span> <span class='ocrx_word' id='word_1_317' title='bbox 829 4383 1201 4455; x_wconf 74' lang='grc' dir='ltr'>ἐρωτηθέντες</span> <span class='ocrx_word' id='word_1_318' title='bbox 1258 4386 1305 4438; x_wconf 83' lang='grc' dir='ltr'><strong>οἱ</strong></span> <span class='ocrx_word' id='word_1_319' title='bbox 1377 4384 1783 4457; x_wconf 85' lang='grc' dir='ltr'>συνειλεγμένοι</span> <span class='ocrx_word' id='word_1_320' title='bbox 1832 4386 2054 4440; x_wconf 78' lang='grc' dir='ltr'>ἐπίσκο-</span> 
     </span>
    </p>
   </div>
   <div class='ocr_carea' id='block_1_49' title="bbox 2138 538 3728 613">
    <p class='ocr_par' dir='ltr' id='par_1_49' title="bbox 2138 538 3728 613">
     <span class='ocr_line' id='line_1_49' title="bbox 2138 538 3728 613; baseline 0 -15"><span class='ocrx_word' id='word_1_321' title='bbox 2138 557 2255 600; x_wconf 69' lang='lat' dir='ltr'><strong>stae.</strong></span> <span class='ocrx_word' id='word_1_322' title='bbox 2322 543 2526 600; x_wconf 85' lang='lat' dir='ltr'><strong>Omnes</strong></span> <span class='ocrx_word' id='word_1_323' title='bbox 2586 542 2937 613; x_wconf 78' lang='lat' dir='ltr'><strong>peccavimus</strong></span> <span class='ocrx_word' id='word_1_324' title='bbox 2985 538 3293 595; x_wconf 88' lang='lat' dir='ltr'><strong>:omnibus</strong></span> <span class='ocrx_word' id='word_1_325' title='bbox 3354 540 3728 613; x_wconf 84' lang='lat' dir='ltr'><strong>indulgeatur.</strong></span> 
     </span>
    </p>
   </div>
   <div class='ocr_carea' id='block_1_50' title="bbox 2136 632 3733 702">
    <p class='ocr_par' dir='ltr' id='par_1_50' title="bbox 2136 632 3733 702">
     <span class='ocr_line' id='line_1_50' title="bbox 2136 632 3733 702; baseline -0.002 -10"><span class='ocrx_word' id='word_1_326' title='bbox 2136 636 2336 692; x_wconf 84' lang='lat' dir='ltr'><strong>Clerici</strong></span> <span class='ocrx_word' id='word_1_327' title='bbox 2377 646 2561 691; x_wconf 89' lang='lat' dir='ltr'><strong>autem</strong></span> <span class='ocrx_word' id='word_1_328' title='bbox 2594 635 2854 691; x_wconf 78' lang='lat' dir='ltr'><strong>Ecclesia.-</strong></span> <span class='ocrx_word' id='word_1_329' title='bbox 2900 632 3526 702; x_wconf 69' lang='lat' dir='ltr'><strong>Constantinopolitanae</strong></span> <span class='ocrx_word' id='word_1_330' title='bbox 3551 635 3733 689; x_wconf 84' lang='lat' dir='ltr'><strong>excla-</strong></span> 
     </span>
    </p>
   </div>
   <div class='ocr_carea' id='block_1_51' title="bbox 2138 718 3736 795">
    <p class='ocr_par' dir='ltr' id='par_1_51' title="bbox 2138 718 3736 795">
     <span class='ocr_line' id='line_1_51' title="bbox 2138 718 3736 795; baseline 0.001 -14"><span class='ocrx_word' id='word_1_331' title='bbox 2138 718 2359 782; x_wconf 88' lang='lat' dir='ltr'><strong>marunt</strong></span> <span class='ocrx_word' id='word_1_332' title='bbox 2405 727 2493 782; x_wconf 90' lang='lat' dir='ltr'><strong>his</strong></span> <span class='ocrx_word' id='word_1_333' title='bbox 2542 726 2769 782; x_wconf 87' lang='lat' dir='ltr'><strong>verbis:</strong></span> <span class='ocrx_word' id='word_1_334' title='bbox 2800 725 2965 781; x_wconf 85' lang='lat' dir='ltr'><strong>Pauci</strong></span> <span class='ocrx_word' id='word_1_335' title='bbox 3010 724 3250 779; x_wconf 90' lang='lat' dir='ltr'><strong>clamant</strong></span> <span class='ocrx_word' id='word_1_336' title='bbox 3285 741 3299 778; x_wconf 91' lang='lat'><strong>:</strong></span> <span class='ocrx_word' id='word_1_337' title='bbox 3345 724 3587 795; x_wconf 85' lang='lat' dir='ltr'><strong>synodus</strong></span> <span class='ocrx_word' id='word_1_338' title='bbox 3619 726 3736 782; x_wconf 64' lang='lat' dir='ltr'><strong>hare</strong></span> 
     </span>
    </p>
   </div>
   <div class='ocr_carea' id='block_1_52' title="bbox 2138 816 3733 897">
    <p class='ocr_par' dir='ltr' id='par_1_52' title="bbox 2138 816 3733 897">
     <span class='ocr_line' id='line_1_52' title="bbox 2138 816 3733 897; baseline -0.001 -23"><span class='ocrx_word' id='word_1_339' title='bbox 2138 836 2250 875; x_wconf 93' lang='lat' dir='ltr'><strong>non</strong></span> <span class='ocrx_word' id='word_1_340' title='bbox 2282 819 2439 874; x_wconf 89' lang='lat' dir='ltr'><strong>dicit.</strong></span> <span class='ocrx_word' id='word_1_341' title='bbox 2488 820 2619 874; x_wconf 92' lang='lat' dir='ltr'><strong>Post</strong></span> <span class='ocrx_word' id='word_1_342' title='bbox 2660 818 2776 873; x_wconf 68' lang='lat' dir='ltr'><strong>haec</strong></span> <span class='ocrx_word' id='word_1_343' title='bbox 2814 818 3176 872; x_wconf 72' lang='lat' dir='ltr'><strong>acclamatum</strong></span> <span class='ocrx_word' id='word_1_344' title='bbox 3204 823 3290 897; x_wconf 75' lang='lat' dir='ltr'><strong>est</strong></span> <span class='ocrx_word' id='word_1_345' title='bbox 3339 816 3407 871; x_wconf 89' lang='lat' dir='ltr'><strong>ab</strong></span> <span class='ocrx_word' id='word_1_346' title='bbox 3437 816 3733 873; x_wconf 83' lang='lat' dir='ltr'><strong>Orientali—</strong></span> 
     </span>
    </p>
   </div>
   <div class='ocr_carea' id='block_1_53' title="bbox 2100 907 3735 983">
    <p class='ocr_par' dir='ltr' id='par_1_53' title="bbox 2100 907 3735 983">
     <span class='ocr_line' id='line_1_53' title="bbox 2100 907 3735 983; baseline -0.002 -16"><span class='ocrx_word' id='word_1_347' title='bbox 2100 910 2615 983; x_wconf 10' lang='lat' dir='ltr'><strong>rbuszAigyptium</strong></span> <span class='ocrx_word' id='word_1_348' title='bbox 2672 910 2885 965; x_wconf 76' lang='lat' dir='ltr'><strong>exsilio.</strong></span> <span class='ocrx_word' id='word_1_349' title='bbox 2940 907 3233 979; x_wconf 79' lang='lat' dir='ltr'><strong>Illyriciani</strong></span> <span class='ocrx_word' id='word_1_350' title='bbox 3286 922 3419 962; x_wconf 85' lang='lat' dir='ltr'><strong>vero</strong></span> <span class='ocrx_word' id='word_1_351' title='bbox 3462 909 3735 963; x_wconf 78' lang='lat' dir='ltr'><strong>exclama-</strong></span> 
     </span>
    </p>
   </div>
   <div class='ocr_carea' id='block_1_54' title="bbox 2139 1001 3732 1074">
    <p class='ocr_par' dir='ltr' id='par_1_54' title="bbox 2139 1001 3732 1074">
     <span class='ocr_line' id='line_1_54' title="bbox 2139 1001 3732 1074; baseline -0.002 -16"><span class='ocrx_word' id='word_1_352' title='bbox 2139 1013 2304 1058; x_wconf 88' lang='lat' dir='ltr'><strong>runt:</strong></span> <span class='ocrx_word' id='word_1_353' title='bbox 2336 1004 2631 1074; x_wconf 80' lang='lat' dir='ltr'><strong>Rogamus,</strong></span> <span class='ocrx_word' id='word_1_354' title='bbox 2661 1001 2906 1056; x_wconf 90' lang='lat' dir='ltr'><strong>omnium</strong></span> <span class='ocrx_word' id='word_1_355' title='bbox 2956 1001 3240 1055; x_wconf 90' lang='lat' dir='ltr'><strong>miserere.</strong></span> <span class='ocrx_word' id='word_1_356' title='bbox 3293 1001 3506 1055; x_wconf 85' lang='lat' dir='ltr'><strong>Rursus</strong></span> <span class='ocrx_word' id='word_1_357' title='bbox 3552 1001 3732 1055; x_wconf 84' lang='lat' dir='ltr'><strong>accla—</strong></span> 
     </span>
    </p>
   </div>
   <div class='ocr_carea' id='block_1_55' title="bbox 2132 1090 3729 1161">
    <p class='ocr_par' dir='ltr' id='par_1_55' title="bbox 2132 1090 3729 1161">
     <span class='ocr_line' id='line_1_55' title="bbox 2132 1090 3729 1161; baseline -0.004 -12"><span class='ocrx_word' id='word_1_358' title='bbox 2132 1102 2347 1149; x_wconf 87' lang='lat' dir='ltr'><strong>malum</strong></span> <span class='ocrx_word' id='word_1_359' title='bbox 2383 1101 2468 1148; x_wconf 90' lang='lat' dir='ltr'><strong>est</strong></span> <span class='ocrx_word' id='word_1_360' title='bbox 2524 1095 2594 1149; x_wconf 90' lang='lat' dir='ltr'><strong>ab</strong></span> <span class='ocrx_word' id='word_1_361' title='bbox 2652 1092 3070 1155; x_wconf 75' lang='lat' dir='ltr'><strong>Orientalibus,</strong></span> <span class='ocrx_word' id='word_1_362' title='bbox 3131 1090 3448 1161; x_wconf 63' lang='lat' dir='ltr'><strong>Egyptium</strong></span> <span class='ocrx_word' id='word_1_363' title='bbox 3514 1091 3729 1145; x_wconf 77' lang='lat' dir='ltr'><strong>exsilio.</strong></span> 
     </span>
    </p>
   </div>
   <div class='ocr_carea' id='block_1_56' title="bbox 2138 1181 3729 1257">
    <p class='ocr_par' dir='ltr' id='par_1_56' title="bbox 2138 1181 3729 1257">
     <span class='ocr_line' id='line_1_56' title="bbox 2138 1181 3729 1257; baseline -0.004 -16"><span class='ocrx_word' id='word_1_364' title='bbox 2138 1185 2387 1255; x_wconf 88' lang='lat' dir='ltr'><strong>Cumque</strong></span> <span class='ocrx_word' id='word_1_365' title='bbox 2438 1184 2735 1257; x_wconf 84' lang='lat' dir='ltr'><strong>Illyriciani</strong></span> <span class='ocrx_word' id='word_1_366' title='bbox 2766 1183 2958 1238; x_wconf 90' lang='lat' dir='ltr'><strong>eadem</strong></span> <span class='ocrx_word' id='word_1_367' title='bbox 2988 1198 3109 1252; x_wconf 80' lang='lat' dir='ltr'><strong>qua:</strong></span> <span class='ocrx_word' id='word_1_368' title='bbox 3157 1183 3310 1252; x_wconf 90' lang='lat' dir='ltr'><strong>prius</strong></span> <span class='ocrx_word' id='word_1_369' title='bbox 3362 1181 3729 1250; x_wconf 86' lang='lat' dir='ltr'><strong>postularent,</strong></span> 
     </span>
    </p>
   </div>
   <div class='ocr_carea' id='block_1_57' title="bbox 2140 1271 3735 1344">
    <p class='ocr_par' dir='ltr' id='par_1_57' title="bbox 2140 1271 3735 1344">
     <span class='ocr_line' id='line_1_57' title="bbox 2140 1271 3735 1344; baseline -0.006 -11"><span class='ocrx_word' id='word_1_370' title='bbox 2140 1276 2328 1333; x_wconf 87' lang='lat' dir='ltr'><strong>clerici</strong></span> <span class='ocrx_word' id='word_1_371' title='bbox 2358 1277 2513 1331; x_wconf 82' lang='lat' dir='ltr'><strong>urbis</strong></span> <span class='ocrx_word' id='word_1_372' title='bbox 2539 1274 3138 1344; x_wconf 68' lang='lat' dir='ltr'><strong>ContantinOpolitanaz</strong></span> <span class='ocrx_word' id='word_1_373' title='bbox 3187 1272 3500 1326; x_wconf 90' lang='lat' dir='ltr'><strong>clamarunt</strong></span> <span class='ocrx_word' id='word_1_374' title='bbox 3531 1287 3545 1325; x_wconf 89' lang='lat'><strong>:</strong></span> <span class='ocrx_word' id='word_1_375' title='bbox 3606 1271 3735 1325; x_wconf 80' lang='lat' dir='ltr'><strong>Die-</strong></span> 
     </span>
    </p>
   </div>
   <div class='ocr_carea' id='block_1_58' title="bbox 2140 1362 3736 1438">
    <p class='ocr_par' dir='ltr' id='par_1_58' title="bbox 2140 1362 3736 1438">
     <span class='ocr_line' id='line_1_58' title="bbox 2140 1362 3736 1438; baseline -0.006 -13"><span class='ocrx_word' id='word_1_376' title='bbox 2140 1384 2360 1426; x_wconf 84' lang='lat' dir='ltr'><strong>scorum</strong></span> <span class='ocrx_word' id='word_1_377' title='bbox 2402 1367 2628 1432; x_wconf 80' lang='lat' dir='ltr'><strong>exsilio,</strong></span> <span class='ocrx_word' id='word_1_378' title='bbox 2654 1366 2967 1438; x_wconf 66' lang='lat' dir='ltr'><strong>lEgyptium</strong></span> <span class='ocrx_word' id='word_1_379' title='bbox 2992 1363 3207 1429; x_wconf 84' lang='lat' dir='ltr'><strong>exsilio,</strong></span> <span class='ocrx_word' id='word_1_380' title='bbox 3244 1362 3562 1417; x_wconf 64' lang='lat' dir='ltr'><strong>haereticum</strong></span> <span class='ocrx_word' id='word_1_381' title='bbox 3590 1363 3736 1416; x_wconf 76' lang='lat' dir='ltr'><strong>exsi-</strong></span> 
     </span>
    </p>
   </div>
   <div class='ocr_carea' id='block_1_59' title="bbox 2140 1454 3757 1528">
    <p class='ocr_par' dir='ltr' id='par_1_59' title="bbox 2140 1454 3757 1528">
     <span class='ocr_line' id='line_1_59' title="bbox 2140 1454 3757 1528; baseline -0.007 -11"><span class='ocrx_word' id='word_1_382' title='bbox 2140 1462 2236 1528; x_wconf 88' lang='lat' dir='ltr'><strong>lio,</strong></span> <span class='ocrx_word' id='word_1_383' title='bbox 2258 1462 2581 1517; x_wconf 89' lang='lat' dir='ltr'><strong>Dioscorum</strong></span> <span class='ocrx_word' id='word_1_384' title='bbox 2613 1458 2867 1515; x_wconf 89' lang='lat' dir='ltr'><strong>Christus</strong></span> <span class='ocrx_word' id='word_1_385' title='bbox 2906 1456 3186 1528; x_wconf 87' lang='lat' dir='ltr'><strong>deposuit.</strong></span> <span class='ocrx_word' id='word_1_386' title='bbox 3211 1455 3340 1510; x_wconf 90' lang='lat' dir='ltr'><strong>Post</strong></span> <span class='ocrx_word' id='word_1_387' title='bbox 3366 1454 3484 1510; x_wconf 70' lang='lat' dir='ltr'><strong>haec</strong></span> <span class='ocrx_word' id='word_1_388' title='bbox 3522 1454 3757 1508; x_wconf 89' lang='lat' dir='ltr'><strong>iterum.</strong></span> 
     </span>
    </p>
   </div>
   <div class='ocr_carea' id='block_1_60' title="bbox 2141 1544 3728 1618">
    <p class='ocr_par' dir='ltr' id='par_1_60' title="bbox 2141 1544 3728 1618">
     <span class='ocr_line' id='line_1_60' title="bbox 2141 1544 3728 1618; baseline -0.004 -12"><span class='ocrx_word' id='word_1_389' title='bbox 2141 1551 2501 1606; x_wconf 87' lang='lat' dir='ltr'><strong>acclamatum</strong></span> <span class='ocrx_word' id='word_1_390' title='bbox 2523 1558 2609 1605; x_wconf 90' lang='lat' dir='ltr'><strong>est</strong></span> <span class='ocrx_word' id='word_1_391' title='bbox 2638 1549 2705 1604; x_wconf 87' lang='lat' dir='ltr'><strong>ab</strong></span> <span class='ocrx_word' id='word_1_392' title='bbox 2730 1548 3094 1618; x_wconf 89' lang='lat' dir='ltr'><strong>lllyricianis:</strong></span> <span class='ocrx_word' id='word_1_393' title='bbox 3126 1544 3330 1601; x_wconf 88' lang='lat' dir='ltr'><strong>Omnes</strong></span> <span class='ocrx_word' id='word_1_394' title='bbox 3357 1545 3728 1615; x_wconf 86' lang='lat' dir='ltr'><strong>peccavimus,</strong></span> 
     </span>
    </p>
   </div>
   <div class='ocr_carea' id='block_1_61' title="bbox 2140 1636 3733 1711">
    <p class='ocr_par' dir='ltr' id='par_1_61' title="bbox 2140 1636 3733 1711">
     <span class='ocr_line' id='line_1_61' title="bbox 2140 1636 3733 1711; baseline -0.004 -13"><span class='ocrx_word' id='word_1_395' title='bbox 2140 1642 2399 1698; x_wconf 90' lang='lat' dir='ltr'><strong>omnibus</strong></span> <span class='ocrx_word' id='word_1_396' title='bbox 2432 1643 2647 1697; x_wconf 85' lang='lat' dir='ltr'><strong>veniam</strong></span> <span class='ocrx_word' id='word_1_397' title='bbox 2680 1642 2905 1711; x_wconf 81' lang='lat' dir='ltr'><strong>indulge</strong></span> <span class='ocrx_word' id='word_1_398' title='bbox 2932 1659 2942 1692; x_wconf 91' lang='lat'><strong>:</strong></span> <span class='ocrx_word' id='word_1_399' title='bbox 2970 1639 3291 1694; x_wconf 91' lang='lat' dir='ltr'><strong>Dioscorum</strong></span> <span class='ocrx_word' id='word_1_400' title='bbox 3322 1638 3553 1708; x_wconf 76' lang='lat' dir='ltr'><strong>synodo,</strong></span> <span class='ocrx_word' id='word_1_401' title='bbox 3606 1636 3733 1691; x_wconf 80' lang='lat' dir='ltr'><strong>Dio-</strong></span> 
     </span>
    </p>
   </div>
   <div class='ocr_carea' id='block_1_62' title="bbox 2142 1727 3734 1801">
    <p class='ocr_par' dir='ltr' id='par_1_62' title="bbox 2142 1727 3734 1801">
     <span class='ocr_line' id='line_1_62' title="bbox 2142 1727 3734 1801; baseline -0.006 -11"><span class='ocrx_word' id='word_1_402' title='bbox 2142 1749 2362 1790; x_wconf 88' lang='lat' dir='ltr'><strong>scorum</strong></span> <span class='ocrx_word' id='word_1_403' title='bbox 2396 1734 2683 1789; x_wconf 86' lang='lat' dir='ltr'><strong>Ecclesiis.</strong></span> <span class='ocrx_word' id='word_1_404' title='bbox 2730 1732 2801 1786; x_wconf 87' lang='lat' dir='ltr'><strong>Et</strong></span> <span class='ocrx_word' id='word_1_405' title='bbox 2835 1747 2958 1787; x_wconf 92' lang='lat' dir='ltr'><strong>cum</strong></span> <span class='ocrx_word' id='word_1_406' title='bbox 2995 1730 3099 1785; x_wconf 89' lang='lat' dir='ltr'><strong>alia</strong></span> <span class='ocrx_word' id='word_1_407' title='bbox 3149 1728 3397 1801; x_wconf 85' lang='lat' dir='ltr'><strong>ejusdem</strong></span> <span class='ocrx_word' id='word_1_408' title='bbox 3430 1727 3577 1783; x_wconf 88' lang='lat' dir='ltr'><strong>modi</strong></span> <span class='ocrx_word' id='word_1_409' title='bbox 3603 1742 3734 1797; x_wconf 87' lang='lat' dir='ltr'><strong>pro-</strong></span> 
     </span>
    </p>
   </div>
   <div class='ocr_carea' id='block_1_63' title="bbox 2070 1806 3311 1892">
    <p class='ocr_par' dir='ltr' id='par_1_63' title="bbox 2070 1806 3311 1892">
     <span class='ocr_line' id='line_1_63' title="bbox 2070 1806 3311 1892; baseline -0.008 -9"><span class='ocrx_word' id='word_1_410' title='bbox 2070 1806 2118 1865; x_wconf 81' lang='grc' dir='ltr'><strong>Β</strong></span> <span class='ocrx_word' id='word_1_411' title='bbox 2145 1828 2465 1890; x_wconf 87' lang='lat' dir='ltr'><strong>cessissent,</strong></span> <span class='ocrx_word' id='word_1_412' title='bbox 2498 1825 2785 1881; x_wconf 80' lang='lat' dir='ltr'><strong>coiifessus</strong></span> <span class='ocrx_word' id='word_1_413' title='bbox 2815 1824 2920 1879; x_wconf 85' lang='lat' dir='ltr'><strong>iste</strong></span> <span class='ocrx_word' id='word_1_414' title='bbox 2946 1822 3109 1877; x_wconf 85' lang='lat' dir='ltr'><strong>linem</strong></span> <span class='ocrx_word' id='word_1_415' title='bbox 3144 1821 3311 1892; x_wconf 88' lang='lat' dir='ltr'><strong>cepit.</strong></span> 
     </span>
    </p>
   </div>
   <div class='ocr_carea' id='block_1_64' title="bbox 2212 1907 3733 1988">
    <p class='ocr_par' dir='ltr' id='par_1_64' title="bbox 2212 1907 3733 1988">
     <span class='ocr_line' id='line_1_64' title="bbox 2212 1907 3733 1988; baseline -0.008 -15"><span class='ocrx_word' id='word_1_416' title='bbox 2212 1916 2473 1988; x_wconf 87' lang='lat' dir='ltr'><strong>Sequenti</strong></span> <span class='ocrx_word' id='word_1_417' title='bbox 2502 1931 2634 1971; x_wconf 87' lang='lat' dir='ltr'><strong>vero</strong></span> <span class='ocrx_word' id='word_1_418' title='bbox 2680 1929 2964 1978; x_wconf 89' lang='lat' dir='ltr'><strong>consessu,</strong></span> <span class='ocrx_word' id='word_1_419' title='bbox 2998 1928 3124 1967; x_wconf 92' lang='lat' dir='ltr'><strong>cum</strong></span> <span class='ocrx_word' id='word_1_420' title='bbox 3172 1918 3395 1967; x_wconf 87' lang='lat' dir='ltr'><strong>senatus</strong></span> <span class='ocrx_word' id='word_1_421' title='bbox 3432 1907 3733 1963; x_wconf 82' lang='lat' dir='ltr'><strong>interlocu-</strong></span> 
     </span>
    </p>
   </div>
   <div class='ocr_carea' id='block_1_65' title="bbox 2144 1999 3734 2073">
    <p class='ocr_par' dir='ltr' id='par_1_65' title="bbox 2144 1999 3734 2073">
     <span class='ocr_line' id='line_1_65' title="bbox 2144 1999 3734 2073; baseline -0.007 -10"><span class='ocrx_word' id='word_1_422' title='bbox 2144 2017 2233 2065; x_wconf 88' lang='lat' dir='ltr'><strong>tus</strong></span> <span class='ocrx_word' id='word_1_423' title='bbox 2259 2018 2406 2063; x_wconf 85' lang='lat' dir='ltr'><strong>esset</strong></span> <span class='ocrx_word' id='word_1_424' title='bbox 2429 2016 2490 2062; x_wconf 93' lang='lat' dir='ltr'><strong>ut</strong></span> <span class='ocrx_word' id='word_1_425' title='bbox 2523 2008 2889 2062; x_wconf 83' lang='lat' dir='ltr'><strong>recitarentur</strong></span> <span class='ocrx_word' id='word_1_426' title='bbox 2915 2020 2981 2060; x_wconf 92' lang='lat' dir='ltr'><strong>ea</strong></span> <span class='ocrx_word' id='word_1_427' title='bbox 3023 2019 3146 2073; x_wconf 66' lang='lat' dir='ltr'><strong>quae</strong></span> <span class='ocrx_word' id='word_1_428' title='bbox 3180 2002 3295 2072; x_wconf 89' lang='lat' dir='ltr'><strong>jam</strong></span> <span class='ocrx_word' id='word_1_429' title='bbox 3332 1999 3555 2055; x_wconf 89' lang='lat' dir='ltr'><strong>fuerant</strong></span> <span class='ocrx_word' id='word_1_430' title='bbox 3597 2014 3734 2054; x_wconf 82' lang='lat' dir='ltr'><strong>con-</strong></span> 
     </span>
    </p>
   </div>
   <div class='ocr_carea' id='block_1_66' title="bbox 2142 2088 3726 2155">
    <p class='ocr_par' dir='ltr' id='par_1_66' title="bbox 2142 2088 3726 2155">
     <span class='ocr_line' id='line_1_66' title="bbox 2142 2088 3726 2155; baseline -0.008 -1"><span class='ocrx_word' id='word_1_431' title='bbox 2142 2100 2337 2155; x_wconf 88' lang='lat' dir='ltr'><strong>stituta</strong></span> <span class='ocrx_word' id='word_1_432' title='bbox 2379 2096 2821 2153; x_wconf 85' lang='lat' dir='ltr'><strong>:Constantinus</strong></span> <span class='ocrx_word' id='word_1_433' title='bbox 2851 2111 2882 2149; x_wconf 90' lang='lat' dir='ltr'><strong>a</strong></span> <span class='ocrx_word' id='word_1_434' title='bbox 2926 2093 3154 2150; x_wconf 88' lang='lat' dir='ltr'><strong>secretis</strong></span> <span class='ocrx_word' id='word_1_435' title='bbox 3199 2092 3316 2146; x_wconf 69' lang='lat' dir='ltr'><strong>hrec</strong></span> <span class='ocrx_word' id='word_1_436' title='bbox 3355 2088 3612 2145; x_wconf 85' lang='lat' dir='ltr'><strong>recitavit</strong></span> <span class='ocrx_word' id='word_1_437' title='bbox 3658 2103 3726 2143; x_wconf 81' lang='lat' dir='ltr'><strong>ex</strong></span> 
     </span>
    </p>
   </div>
   <div class='ocr_carea' id='block_1_67' title="bbox 2144 2176 3730 2253">
    <p class='ocr_par' dir='ltr' id='par_1_67' title="bbox 2144 2176 3730 2253">
     <span class='ocr_line' id='line_1_67' title="bbox 2144 2176 3730 2253; baseline -0.008 -11"><span class='ocrx_word' id='word_1_438' title='bbox 2144 2186 2343 2242; x_wconf 87' lang='lat' dir='ltr'><strong>scheda</strong></span> <span class='ocrx_word' id='word_1_439' title='bbox 2363 2203 2376 2239; x_wconf 91' lang='lat'><strong>:</strong></span> <span class='ocrx_word' id='word_1_440' title='bbox 2398 2186 2474 2241; x_wconf 90' lang='lat' dir='ltr'><strong>De</strong></span> <span class='ocrx_word' id='word_1_441' title='bbox 2497 2196 2647 2241; x_wconf 89' lang='lat' dir='ltr'><strong>recta</strong></span> <span class='ocrx_word' id='word_1_442' title='bbox 2677 2183 2902 2253; x_wconf 83' lang='lat' dir='ltr'><strong>quidem</strong></span> <span class='ocrx_word' id='word_1_443' title='bbox 2971 2219 2988 2238; x_wconf 89' lang='lat'><strong>.</strong></span> <span class='ocrx_word' id='word_1_444' title='bbox 3019 2178 3292 2236; x_wconf 90' lang='lat' dir='ltr'><strong>catholica</strong></span> <span class='ocrx_word' id='word_1_445' title='bbox 3324 2178 3453 2244; x_wconf 80' lang='lat' dir='ltr'><strong>fide,</strong></span> <span class='ocrx_word' id='word_1_446' title='bbox 3484 2176 3730 2233; x_wconf 90' lang='lat' dir='ltr'><strong>crastino</strong></span> 
     </span>
    </p>
   </div>
   <div class='ocr_carea' id='block_1_68' title="bbox 2144 2271 3733 2349">
    <p class='ocr_par' dir='ltr' id='par_1_68' title="bbox 2144 2271 3733 2349">
     <span class='ocr_line' id='line_1_68' title="bbox 2144 2271 3733 2349; baseline -0.007 -16"><span class='ocrx_word' id='word_1_447' title='bbox 2144 2278 2254 2345; x_wconf 91' lang='lat' dir='ltr'><strong>die,</strong></span> <span class='ocrx_word' id='word_1_448' title='bbox 2303 2278 2603 2349; x_wconf 81' lang='lat' dir='ltr'><strong>perfectius</strong></span> <span class='ocrx_word' id='word_1_449' title='bbox 2643 2277 3007 2333; x_wconf 86' lang='lat' dir='ltr'><strong>conveniente</strong></span> <span class='ocrx_word' id='word_1_450' title='bbox 3053 2274 3290 2329; x_wconf 92' lang='lat' dir='ltr'><strong>concilio</strong></span> <span class='ocrx_word' id='word_1_451' title='bbox 3322 2271 3733 2343; x_wconf 77' lang='lat' dir='ltr'><strong>diligentiorem</strong></span> 
     </span>
    </p>
   </div>
   <div class='ocr_carea' id='block_1_69' title="bbox 2144 2360 3732 2438">
    <p class='ocr_par' dir='ltr' id='par_1_69' title="bbox 2144 2360 3732 2438">
     <span class='ocr_line' id='line_1_69' title="bbox 2144 2360 3732 2438; baseline -0.006 -15"><span class='ocrx_word' id='word_1_452' title='bbox 2144 2368 2561 2438; x_wconf 87' lang='lat' dir='ltr'><strong>inquisitionem</strong></span> <span class='ocrx_word' id='word_1_453' title='bbox 2594 2366 2717 2423; x_wconf 83' lang='lat' dir='ltr'><strong>fieri</strong></span> <span class='ocrx_word' id='word_1_454' title='bbox 2749 2374 3006 2436; x_wconf 83' lang='lat' dir='ltr'><strong>oportere</strong></span> <span class='ocrx_word' id='word_1_455' title='bbox 3037 2362 3425 2435; x_wconf 85' lang='lat' dir='ltr'><strong>perspicimus.</strong></span> <span class='ocrx_word' id='word_1_456' title='bbox 3458 2360 3732 2428; x_wconf 85' lang='lat' dir='ltr'><strong>Quoniam</strong></span> 
     </span>
    </p>
   </div>
   <div class='ocr_carea' id='block_1_70' title="bbox 2143 2454 3732 2530">
    <p class='ocr_par' dir='ltr' id='par_1_70' title="bbox 2143 2454 3732 2530">
     <span class='ocr_line' id='line_1_70' title="bbox 2143 2454 3732 2530; baseline -0.004 -17"><span class='ocrx_word' id='word_1_457' title='bbox 2143 2475 2277 2515; x_wconf 81' lang='lat' dir='ltr'><strong>vero</strong></span> <span class='ocrx_word' id='word_1_458' title='bbox 2304 2460 2406 2530; x_wconf 76' lang='lat' dir='ltr'><strong>piae</strong></span> <span class='ocrx_word' id='word_1_459' title='bbox 2428 2458 2709 2513; x_wconf 69' lang='lat' dir='ltr'><strong>memoria:</strong></span> <span class='ocrx_word' id='word_1_460' title='bbox 2729 2456 3025 2512; x_wconf 75' lang='lat' dir='ltr'><strong>Flavianus</strong></span> <span class='ocrx_word' id='word_1_461' title='bbox 3057 2464 3113 2511; x_wconf 92' lang='lat' dir='ltr'><strong>et</strong></span> <span class='ocrx_word' id='word_1_462' title='bbox 3140 2454 3414 2509; x_wconf 86' lang='lat' dir='ltr'><strong>Eusebius</strong></span> <span class='ocrx_word' id='word_1_463' title='bbox 3469 2468 3732 2507; x_wconf 81' lang='lat' dir='ltr'><strong>reveren-</strong></span> 
     </span>
    </p>
   </div>
   <div class='ocr_carea' id='block_1_71' title="bbox 2145 2546 3732 2622">
    <p class='ocr_par' dir='ltr' id='par_1_71' title="bbox 2145 2546 3732 2622">
     <span class='ocr_line' id='line_1_71' title="bbox 2145 2546 3732 2622; baseline -0.006 -14"><span class='ocrx_word' id='word_1_464' title='bbox 2145 2552 2408 2607; x_wconf 87' lang='lat' dir='ltr'><strong>dissimus</strong></span> <span class='ocrx_word' id='word_1_465' title='bbox 2455 2553 2747 2622; x_wconf 87' lang='lat' dir='ltr'><strong>episcopus</strong></span> <span class='ocrx_word' id='word_1_466' title='bbox 2799 2549 3054 2621; x_wconf 82' lang='lat' dir='ltr'><strong>Dorylaei,</strong></span> <span class='ocrx_word' id='word_1_467' title='bbox 3087 2564 3155 2603; x_wconf 75' lang='lat' dir='ltr'><strong>ex</strong></span> <span class='ocrx_word' id='word_1_468' title='bbox 3197 2546 3535 2601; x_wconf 86' lang='lat' dir='ltr'><strong>scrutatione</strong></span> <span class='ocrx_word' id='word_1_469' title='bbox 3578 2552 3732 2599; x_wconf 81' lang='lat' dir='ltr'><strong>acto-</strong></span> 
     </span>
    </p>
   </div>
   <div class='ocr_carea' id='block_1_72' title="bbox 2146 2633 3732 2707">
    <p class='ocr_par' dir='ltr' id='par_1_72' title="bbox 2146 2633 3732 2707">
     <span class='ocr_line' id='line_1_72' title="bbox 2146 2633 3732 2707; baseline -0.006 -11"><span class='ocrx_word' id='word_1_470' title='bbox 2146 2657 2269 2696; x_wconf 90' lang='lat' dir='ltr'><strong>rum</strong></span> <span class='ocrx_word' id='word_1_471' title='bbox 2298 2657 2363 2697; x_wconf 89' lang='lat' dir='ltr'><strong>ac</strong></span> <span class='ocrx_word' id='word_1_472' title='bbox 2388 2640 2761 2705; x_wconf 87' lang='lat' dir='ltr'><strong>decretorum,</strong></span> <span class='ocrx_word' id='word_1_473' title='bbox 2790 2649 2845 2694; x_wconf 92' lang='lat' dir='ltr'><strong>et</strong></span> <span class='ocrx_word' id='word_1_474' title='bbox 2874 2654 2940 2693; x_wconf 76' lang='lat' dir='ltr'><strong>ex</strong></span> <span class='ocrx_word' id='word_1_475' title='bbox 2976 2637 3109 2707; x_wconf 90' lang='lat' dir='ltr'><strong>ipsis</strong></span> <span class='ocrx_word' id='word_1_476' title='bbox 3143 2635 3374 2691; x_wconf 83' lang='lat' dir='ltr'><strong>vocibus</strong></span> <span class='ocrx_word' id='word_1_477' title='bbox 3408 2649 3603 2689; x_wconf 89' lang='lat' dir='ltr'><strong>eorum</strong></span> <span class='ocrx_word' id='word_1_478' title='bbox 3635 2633 3732 2703; x_wconf 87' lang='lat' dir='ltr'><strong>qui</strong></span> 
     </span>
    </p>
   </div>
   <div class='ocr_carea' id='block_1_73' title="bbox 2147 2724 3735 2803">
    <p class='ocr_par' dir='ltr' id='par_1_73' title="bbox 2147 2724 3735 2803">
     <span class='ocr_line' id='line_1_73' title="bbox 2147 2724 3735 2803; baseline -0.003 -19"><span class='ocrx_word' id='word_1_479' title='bbox 2147 2730 2202 2786; x_wconf 92' lang='lat' dir='ltr'><strong>in</strong></span> <span class='ocrx_word' id='word_1_480' title='bbox 2256 2731 2467 2803; x_wconf 80' lang='lat' dir='ltr'><strong>synodo</strong></span> <span class='ocrx_word' id='word_1_481' title='bbox 2515 2746 2636 2801; x_wconf 64' lang='lat' dir='ltr'><strong>quae</strong></span> <span class='ocrx_word' id='word_1_482' title='bbox 2685 2739 2818 2784; x_wconf 91' lang='lat' dir='ltr'><strong>tunc</strong></span> <span class='ocrx_word' id='word_1_483' title='bbox 2869 2728 3011 2783; x_wconf 88' lang='lat' dir='ltr'><strong>facta</strong></span> <span class='ocrx_word' id='word_1_484' title='bbox 3042 2735 3127 2782; x_wconf 90' lang='lat' dir='ltr'><strong>est</strong></span> <span class='ocrx_word' id='word_1_485' title='bbox 3161 2725 3545 2797; x_wconf 63' lang='lat' dir='ltr'><strong>praesederunt</strong></span> <span class='ocrx_word' id='word_1_486' title='bbox 3588 2724 3735 2794; x_wconf 80' lang='lat' dir='ltr'><strong>:qui</strong></span> 
     </span>
    </p>
   </div>
   <div class='ocr_carea' id='block_1_74' title="bbox 2147 2819 3733 2895">
    <p class='ocr_par' dir='ltr' id='par_1_74' title="bbox 2147 2819 3733 2895">
     <span class='ocr_line' id='line_1_74' title="bbox 2147 2819 3733 2895; baseline -0.003 -17"><span class='ocrx_word' id='word_1_487' title='bbox 2147 2824 2373 2895; x_wconf 90' lang='lat' dir='ltr'><strong>quidem</strong></span> <span class='ocrx_word' id='word_1_488' title='bbox 2398 2824 2636 2880; x_wconf 80' lang='lat' dir='ltr'><strong>confessi</strong></span> <span class='ocrx_word' id='word_1_489' title='bbox 2669 2832 2799 2879; x_wconf 89' lang='lat' dir='ltr'><strong>sunt</strong></span> <span class='ocrx_word' id='word_1_490' title='bbox 2826 2836 3044 2877; x_wconf 86' lang='lat' dir='ltr'><strong>errasse</strong></span> <span class='ocrx_word' id='word_1_491' title='bbox 3066 2836 3146 2886; x_wconf 92' lang='lat' dir='ltr'><strong>se,</strong></span> <span class='ocrx_word' id='word_1_492' title='bbox 3174 2830 3229 2874; x_wconf 88' lang='lat' dir='ltr'><strong>et</strong></span> <span class='ocrx_word' id='word_1_493' title='bbox 3250 2820 3452 2875; x_wconf 82' lang='lat' dir='ltr'><strong>frustra</strong></span> <span class='ocrx_word' id='word_1_494' title='bbox 3484 2819 3607 2874; x_wconf 87' lang='lat' dir='ltr'><strong>illos</strong></span> <span class='ocrx_word' id='word_1_495' title='bbox 3634 2819 3733 2875; x_wconf 85' lang='lat' dir='ltr'><strong>de-</strong></span> 
     </span>
    </p>
   </div>
   <div class='ocr_carea' id='block_1_75' title="bbox 2147 2911 3735 2988">
    <p class='ocr_par' dir='ltr' id='par_1_75' title="bbox 2147 2911 3735 2988">
     <span class='ocr_line' id='line_1_75' title="bbox 2147 2911 3735 2988; baseline -0.004 -16"><span class='ocrx_word' id='word_1_496' title='bbox 2147 2918 2418 2988; x_wconf 89' lang='lat' dir='ltr'><strong>posuisse,</strong></span> <span class='ocrx_word' id='word_1_497' title='bbox 2452 2932 2577 2971; x_wconf 93' lang='lat' dir='ltr'><strong>cum</strong></span> <span class='ocrx_word' id='word_1_498' title='bbox 2609 2916 2928 2971; x_wconf 87' lang='lat' dir='ltr'><strong>nullatenus</strong></span> <span class='ocrx_word' id='word_1_499' title='bbox 2954 2919 3242 2968; x_wconf 86' lang='lat' dir='ltr'><strong>errassent</strong></span> <span class='ocrx_word' id='word_1_500' title='bbox 3280 2912 3336 2965; x_wconf 93' lang='lat' dir='ltr'><strong>in</strong></span> <span class='ocrx_word' id='word_1_501' title='bbox 3369 2911 3495 2976; x_wconf 78' lang='lat' dir='ltr'><strong>fide,</strong></span> <span class='ocrx_word' id='word_1_502' title='bbox 3530 2911 3735 2981; x_wconf 84' lang='lat' dir='ltr'><strong>injuste</strong></span> 
     </span>
    </p>
   </div>
   <div class='ocr_carea' id='block_1_76' title="bbox 2149 3004 3735 3080">
    <p class='ocr_par' dir='ltr' id='par_1_76' title="bbox 2149 3004 3735 3080">
     <span class='ocr_line' id='line_1_76' title="bbox 2149 3004 3735 3080; baseline -0.004 -15"><span class='ocrx_word' id='word_1_503' title='bbox 2149 3010 2389 3080; x_wconf 90' lang='lat' dir='ltr'><strong>depositi</strong></span> <span class='ocrx_word' id='word_1_504' title='bbox 2439 3025 2561 3065; x_wconf 90' lang='lat' dir='ltr'><strong>esse</strong></span> <span class='ocrx_word' id='word_1_505' title='bbox 2613 3015 2919 3064; x_wconf 91' lang='lat' dir='ltr'><strong>noscuntur</strong></span> <span class='ocrx_word' id='word_1_506' title='bbox 2956 3004 3222 3060; x_wconf 85' lang='lat' dir='ltr'><strong>:vidctur</strong></span> <span class='ocrx_word' id='word_1_507' title='bbox 3273 3004 3435 3059; x_wconf 89' lang='lat' dir='ltr'><strong>nobis</strong></span> <span class='ocrx_word' id='word_1_508' title='bbox 3476 3006 3631 3074; x_wconf 77' lang='lat' dir='ltr'><strong>juxta</strong></span> <span class='ocrx_word' id='word_1_509' title='bbox 3678 3004 3735 3058; x_wconf 89' lang='lat' dir='ltr'><strong>id</strong></span> 
     </span>
    </p>
   </div>
   <div class='ocr_carea' id='block_1_77' title="bbox 2151 3093 3736 3169">
    <p class='ocr_par' dir='ltr' id='par_1_77' title="bbox 2151 3093 3736 3169">
     <span class='ocr_line' id='line_1_77' title="bbox 2151 3093 3736 3169; baseline -0.004 -16"><span class='ocrx_word' id='word_1_510' title='bbox 2151 3100 2297 3169; x_wconf 92' lang='lat' dir='ltr'><strong>quod</strong></span> <span class='ocrx_word' id='word_1_511' title='bbox 2331 3100 2444 3155; x_wconf 93' lang='lat' dir='ltr'><strong>Deo</strong></span> <span class='ocrx_word' id='word_1_512' title='bbox 2484 3099 2686 3169; x_wconf 90' lang='lat' dir='ltr'><strong>placet,</strong></span> <span class='ocrx_word' id='word_1_513' title='bbox 2735 3098 2944 3168; x_wconf 90' lang='lat' dir='ltr'><strong>justum</strong></span> <span class='ocrx_word' id='word_1_514' title='bbox 2978 3110 3121 3159; x_wconf 80' lang='lat' dir='ltr'><strong>esse,</strong></span> <span class='ocrx_word' id='word_1_515' title='bbox 3174 3094 3338 3149; x_wconf 92' lang='lat' dir='ltr'><strong>modo</strong></span> <span class='ocrx_word' id='word_1_516' title='bbox 3385 3093 3440 3148; x_wconf 91' lang='lat' dir='ltr'><strong>id</strong></span> <span class='ocrx_word' id='word_1_517' title='bbox 3466 3093 3736 3163; x_wconf 85' lang='lat' dir='ltr'><strong>placuerit</strong></span> 
     </span>
    </p>
   </div>
   <div class='ocr_carea' id='block_1_78' title="bbox 2150 3184 3737 3259">
    <p class='ocr_par' dir='ltr' id='par_1_78' title="bbox 2150 3184 3737 3259">
     <span class='ocr_line' id='line_1_78' title="bbox 2150 3184 3737 3259; baseline -0.004 -13"><span class='ocrx_word' id='word_1_518' title='bbox 2150 3191 2526 3247; x_wconf 90' lang='lat' dir='ltr'><strong>sacratissimo</strong></span> <span class='ocrx_word' id='word_1_519' title='bbox 2549 3205 2612 3245; x_wconf 90' lang='lat' dir='ltr'><strong>ac</strong></span> <span class='ocrx_word' id='word_1_520' title='bbox 2640 3188 2890 3259; x_wconf 90' lang='lat' dir='ltr'><strong>piissimo</strong></span> <span class='ocrx_word' id='word_1_521' title='bbox 2920 3186 3156 3242; x_wconf 83' lang='lat' dir='ltr'><strong>Domino</strong></span> <span class='ocrx_word' id='word_1_522' title='bbox 3185 3195 3398 3251; x_wconf 86' lang='lat' dir='ltr'><strong>nostro,</strong></span> <span class='ocrx_word' id='word_1_523' title='bbox 3417 3194 3476 3238; x_wconf 92' lang='lat' dir='ltr'><strong>ut</strong></span> <span class='ocrx_word' id='word_1_524' title='bbox 3511 3184 3737 3240; x_wconf 88' lang='lat' dir='ltr'><strong>Diosco-</strong></span> 
     </span>
    </p>
   </div>
   <div class='ocr_carea' id='block_1_79' title="bbox 2153 3277 3732 3351">
    <p class='ocr_par' dir='ltr' id='par_1_79' title="bbox 2153 3277 3732 3351">
     <span class='ocr_line' id='line_1_79' title="bbox 2153 3277 3732 3351; baseline -0.003 -13"><span class='ocrx_word' id='word_1_525' title='bbox 2153 3299 2248 3338; x_wconf 90' lang='lat' dir='ltr'><strong>rus</strong></span> <span class='ocrx_word' id='word_1_526' title='bbox 2271 3281 2770 3338; x_wconf 88' lang='lat' dir='ltr'><strong>reverendissimus</strong></span> <span class='ocrx_word' id='word_1_527' title='bbox 2792 3280 3085 3351; x_wconf 90' lang='lat' dir='ltr'><strong>episcopus</strong></span> <span class='ocrx_word' id='word_1_528' title='bbox 3120 3278 3465 3335; x_wconf 72' lang='lat' dir='ltr'><strong>Alexandria:</strong></span> <span class='ocrx_word' id='word_1_529' title='bbox 3486 3319 3500 3343; x_wconf 95' lang='lat'><strong>,</strong></span> <span class='ocrx_word' id='word_1_530' title='bbox 3546 3289 3602 3334; x_wconf 92' lang='lat' dir='ltr'><strong>et</strong></span> <span class='ocrx_word' id='word_1_531' title='bbox 3633 3277 3732 3333; x_wconf 81' lang='lat' dir='ltr'><strong>Ju-</strong></span> 
     </span>
    </p>
   </div>
   <div class='ocr_carea' id='block_1_80' title="bbox 2154 3369 3741 3441">
    <p class='ocr_par' dir='ltr' id='par_1_80' title="bbox 2154 3369 3741 3441">
     <span class='ocr_line' id='line_1_80' title="bbox 2154 3369 3741 3441; baseline -0.003 -12"><span class='ocrx_word' id='word_1_532' title='bbox 2154 3373 2367 3429; x_wconf 89' lang='lat' dir='ltr'><strong>venalis</strong></span> <span class='ocrx_word' id='word_1_533' title='bbox 2397 3372 2769 3428; x_wconf 86' lang='lat' dir='ltr'><strong>reverendiss.</strong></span> <span class='ocrx_word' id='word_1_534' title='bbox 2805 3371 3099 3441; x_wconf 90' lang='lat' dir='ltr'><strong>episcopus</strong></span> <span class='ocrx_word' id='word_1_535' title='bbox 3126 3369 3656 3440; x_wconf 83' lang='lat' dir='ltr'><strong>Hierosolymorum,</strong></span> <span class='ocrx_word' id='word_1_536' title='bbox 3682 3377 3741 3424; x_wconf 81' lang='lat' dir='ltr'><strong>et</strong></span> 
     </span>
    </p>
   </div>
   <div class='ocr_carea' id='block_1_81' title="bbox 2153 3461 3734 3533">
    <p class='ocr_par' dir='ltr' id='par_1_81' title="bbox 2153 3461 3734 3533">
     <span class='ocr_line' id='line_1_81' title="bbox 2153 3461 3734 3533; baseline -0.003 -12"><span class='ocrx_word' id='word_1_537' title='bbox 2153 3464 2470 3522; x_wconf 84' lang='lat' dir='ltr'><strong>Thalassius</strong></span> <span class='ocrx_word' id='word_1_538' title='bbox 2498 3463 2870 3520; x_wconf 90' lang='lat' dir='ltr'><strong>reverendiss.</strong></span> <span class='ocrx_word' id='word_1_539' title='bbox 2899 3463 3192 3533; x_wconf 88' lang='lat' dir='ltr'><strong>episcopus</strong></span> <span class='ocrx_word' id='word_1_540' title='bbox 3230 3461 3490 3517; x_wconf 76' lang='lat' dir='ltr'><strong>Caesarea:</strong></span> <span class='ocrx_word' id='word_1_541' title='bbox 3522 3461 3734 3532; x_wconf 89' lang='lat' dir='ltr'><strong>Cappa-</strong></span> 
     </span>
    </p>
   </div>
   <div class='ocr_carea' id='block_1_82' title="bbox 2153 3553 3735 3625">
    <p class='ocr_par' dir='ltr' id='par_1_82' title="bbox 2153 3553 3735 3625">
     <span class='ocr_line' id='line_1_82' title="bbox 2153 3553 3735 3625; baseline -0.004 -10"><span class='ocrx_word' id='word_1_542' title='bbox 2153 3559 2345 3624; x_wconf 78' lang='lat' dir='ltr'><strong>dociae,</strong></span> <span class='ocrx_word' id='word_1_543' title='bbox 2376 3567 2434 3613; x_wconf 92' lang='lat' dir='ltr'><strong>et</strong></span> <span class='ocrx_word' id='word_1_544' title='bbox 2455 3556 2731 3613; x_wconf 88' lang='lat' dir='ltr'><strong>Eusebius</strong></span> <span class='ocrx_word' id='word_1_545' title='bbox 2759 3554 3131 3612; x_wconf 88' lang='lat' dir='ltr'><strong>reverendiss.</strong></span> <span class='ocrx_word' id='word_1_546' title='bbox 3163 3555 3457 3624; x_wconf 88' lang='lat' dir='ltr'><strong>episcopus</strong></span> <span class='ocrx_word' id='word_1_547' title='bbox 3485 3553 3735 3625; x_wconf 62' lang='lat' dir='ltr'><strong>Ancyrae,</strong></span> 
     </span>
    </p>
   </div>
   <div class='ocr_carea' id='block_1_83' title="bbox 2152 3645 3741 3716">
    <p class='ocr_par' dir='ltr' id='par_1_83' title="bbox 2152 3645 3741 3716">
     <span class='ocr_line' id='line_1_83' title="bbox 2152 3645 3741 3716; baseline -0.003 -12"><span class='ocrx_word' id='word_1_548' title='bbox 2152 3658 2209 3704; x_wconf 88' lang='lat' dir='ltr'><strong>et</strong></span> <span class='ocrx_word' id='word_1_549' title='bbox 2261 3648 2587 3704; x_wconf 87' lang='lat' dir='ltr'><strong>Eustathius</strong></span> <span class='ocrx_word' id='word_1_550' title='bbox 2636 3646 3006 3703; x_wconf 90' lang='lat' dir='ltr'><strong>reverendiss.</strong></span> <span class='ocrx_word' id='word_1_551' title='bbox 3055 3645 3353 3715; x_wconf 87' lang='lat' dir='ltr'><strong>episcopus</strong></span> <span class='ocrx_word' id='word_1_552' title='bbox 3408 3645 3627 3716; x_wconf 86' lang='lat' dir='ltr'><strong>Beryti,</strong></span> <span class='ocrx_word' id='word_1_553' title='bbox 3683 3653 3741 3700; x_wconf 81' lang='lat' dir='ltr'><strong>et</strong></span> 
     </span>
    </p>
   </div>
   <div class='ocr_carea' id='block_1_84' title="bbox 2154 3736 3731 3807">
    <p class='ocr_par' dir='ltr' id='par_1_84' title="bbox 2154 3736 3731 3807">
     <span class='ocr_line' id='line_1_84' title="bbox 2154 3736 3731 3807; baseline -0.003 -11"><span class='ocrx_word' id='word_1_554' title='bbox 2154 3741 2389 3797; x_wconf 86' lang='lat' dir='ltr'><strong>Basilius</strong></span> <span class='ocrx_word' id='word_1_555' title='bbox 2414 3738 2784 3795; x_wconf 89' lang='lat' dir='ltr'><strong>reverendiss.</strong></span> <span class='ocrx_word' id='word_1_556' title='bbox 2826 3737 3123 3807; x_wconf 90' lang='lat' dir='ltr'><strong>episcopus</strong></span> <span class='ocrx_word' id='word_1_557' title='bbox 3172 3736 3437 3793; x_wconf 80' lang='lat' dir='ltr'><strong>Seleuciae</strong></span> <span class='ocrx_word' id='word_1_558' title='bbox 3484 3736 3731 3801; x_wconf 71' lang='lat' dir='ltr'><strong>Isauriae,</strong></span> 
     </span>
    </p>
   </div>
   <div class='ocr_carea' id='block_1_85' title="bbox 2154 3837 3740 3914">
    <p class='ocr_par' dir='ltr' id='par_1_85' title="bbox 2154 3837 3740 3914">
     <span class='ocr_line' id='line_1_85' title="bbox 2154 3837 3740 3914; baseline -0.003 -16"><span class='ocrx_word' id='word_1_559' title='bbox 2154 3844 2248 3914; x_wconf 90' lang='lat' dir='ltr'><strong>qui</strong></span> <span class='ocrx_word' id='word_1_560' title='bbox 2286 3853 2417 3899; x_wconf 91' lang='lat' dir='ltr'><strong>tunc</strong></span> <span class='ocrx_word' id='word_1_561' title='bbox 2456 3840 2786 3897; x_wconf 85' lang='lat' dir='ltr'><strong>auctoritate</strong></span> <span class='ocrx_word' id='word_1_562' title='bbox 2832 3838 3052 3909; x_wconf 65' lang='lat' dir='ltr'><strong>praediti</strong></span> <span class='ocrx_word' id='word_1_563' title='bbox 3098 3838 3338 3894; x_wconf 91' lang='lat' dir='ltr'><strong>concilio</strong></span> <span class='ocrx_word' id='word_1_564' title='bbox 3376 3837 3740 3908; x_wconf 83' lang='lat' dir='ltr'><strong>praefuerunt,</strong></span> 
     </span>
    </p>
   </div>
   <div class='ocr_carea' id='block_1_86' title="bbox 2154 3938 3736 4011">
    <p class='ocr_par' dir='ltr' id='par_1_86' title="bbox 2154 3938 3736 4011">
     <span class='ocr_line' id='line_1_86' title="bbox 2154 3938 3736 4011; baseline -0.003 -14"><span class='ocrx_word' id='word_1_565' title='bbox 2154 3943 2334 3999; x_wconf 89' lang='lat' dir='ltr'><strong>eidem</strong></span> <span class='ocrx_word' id='word_1_566' title='bbox 2370 3956 2548 4011; x_wconf 70' lang='lat' dir='ltr'><strong>poena:</strong></span> <span class='ocrx_word' id='word_1_567' title='bbox 2573 3940 2915 4010; x_wconf 87' lang='lat' dir='ltr'><strong>subjaceant,</strong></span> <span class='ocrx_word' id='word_1_568' title='bbox 2946 3939 3285 3993; x_wconf 89' lang='lat' dir='ltr'><strong>sacrosancti</strong></span> <span class='ocrx_word' id='word_1_569' title='bbox 3337 3938 3560 4005; x_wconf 85' lang='lat' dir='ltr'><strong>concilii</strong></span> <span class='ocrx_word' id='word_1_570' title='bbox 3606 3954 3736 3993; x_wconf 90' lang='lat' dir='ltr'><strong>sen-</strong></span> 
     </span>
    </p>
   </div>
   <div class='ocr_carea' id='block_1_87' title="bbox 2157 4025 3743 4100">
    <p class='ocr_par' dir='ltr' id='par_1_87' title="bbox 2157 4025 3743 4100">
     <span class='ocr_line' id='line_1_87' title="bbox 2157 4025 3743 4100; baseline -0.003 -15"><span class='ocrx_word' id='word_1_571' title='bbox 2157 4030 2328 4087; x_wconf 90' lang='lat' dir='ltr'><strong>tentia</strong></span> <span class='ocrx_word' id='word_1_572' title='bbox 2352 4030 2507 4100; x_wconf 82' lang='lat' dir='ltr'><strong>juxta</strong></span> <span class='ocrx_word' id='word_1_573' title='bbox 2552 4043 2740 4083; x_wconf 89' lang='lat' dir='ltr'><strong>sacros</strong></span> <span class='ocrx_word' id='word_1_574' title='bbox 2768 4041 3009 4083; x_wconf 84' lang='lat' dir='ltr'><strong>canones</strong></span> <span class='ocrx_word' id='word_1_575' title='bbox 3035 4026 3103 4080; x_wconf 91' lang='lat' dir='ltr'><strong>ab</strong></span> <span class='ocrx_word' id='word_1_576' title='bbox 3147 4025 3445 4096; x_wconf 88' lang='lat' dir='ltr'><strong>episcopali</strong></span> <span class='ocrx_word' id='word_1_577' title='bbox 3474 4025 3743 4096; x_wconf 79' lang='lat' dir='ltr'><strong>dignitate</strong></span> 
     </span>
    </p>
   </div>
   <div class='ocr_carea' id='block_1_88' title="bbox 2156 4117 3740 4189">
    <p class='ocr_par' dir='ltr' id='par_1_88' title="bbox 2156 4117 3740 4189">
     <span class='ocr_line' id='line_1_88' title="bbox 2156 4117 3740 4189; baseline -0.002 -13"><span class='ocrx_word' id='word_1_578' title='bbox 2156 4119 2400 4177; x_wconf 89' lang='lat' dir='ltr'><strong>submoti</strong></span> <span class='ocrx_word' id='word_1_579' title='bbox 2436 4137 2455 4172; x_wconf 81' lang='lat'>:</span> <span class='ocrx_word' id='word_1_580' title='bbox 2496 4117 2713 4174; x_wconf 91' lang='lat' dir='ltr'><strong>cunctis</strong></span> <span class='ocrx_word' id='word_1_581' title='bbox 2736 4133 2860 4187; x_wconf 70' lang='lat' dir='ltr'><strong>quae</strong></span> <span class='ocrx_word' id='word_1_582' title='bbox 2882 4124 3291 4187; x_wconf 89' lang='lat' dir='ltr'><strong>consequenter</strong></span> <span class='ocrx_word' id='word_1_583' title='bbox 3332 4128 3485 4189; x_wconf 77' lang='lat' dir='ltr'><strong>gesta</strong></span> <span class='ocrx_word' id='word_1_584' title='bbox 3512 4119 3740 4185; x_wconf 83' lang='lat' dir='ltr'><strong>fuerint,</strong></span> 
     </span>
    </p>
   </div>
   <div class='ocr_carea' id='block_1_89' title="bbox 2157 4205 3740 4277">
    <p class='ocr_par' dir='ltr' id='par_1_89' title="bbox 2157 4205 3740 4277">
     <span class='ocr_line' id='line_1_89' title="bbox 2157 4205 3740 4277; baseline -0.002 -12"><span class='ocrx_word' id='word_1_585' title='bbox 2157 4210 2224 4265; x_wconf 91' lang='lat' dir='ltr'><strong>ad</strong></span> <span class='ocrx_word' id='word_1_586' title='bbox 2283 4207 2642 4265; x_wconf 89' lang='lat' dir='ltr'><strong>sacratissimi</strong></span> <span class='ocrx_word' id='word_1_587' title='bbox 2712 4205 2982 4275; x_wconf 87' lang='lat' dir='ltr'><strong>principis</strong></span> <span class='ocrx_word' id='word_1_588' title='bbox 3051 4205 3308 4261; x_wconf 89' lang='lat' dir='ltr'><strong>notitiam</strong></span> <span class='ocrx_word' id='word_1_589' title='bbox 3370 4205 3740 4277; x_wconf 87' lang='lat' dir='ltr'><strong>perferendis.</strong></span> 
     </span>
    </p>
   </div>
   <div class='ocr_carea' id='block_1_90' title="bbox 2155 4296 3748 4371">
    <p class='ocr_par' dir='ltr' id='par_1_90' title="bbox 2155 4296 3748 4371">
     <span class='ocr_line' id='line_1_90' title="bbox 2155 4296 3748 4371; baseline -0.001 -14"><span class='ocrx_word' id='word_1_590' title='bbox 2155 4300 2366 4357; x_wconf 89' lang='lat' dir='ltr'><strong>Deinde</strong></span> <span class='ocrx_word' id='word_1_591' title='bbox 2398 4298 2729 4370; x_wconf 88' lang='lat' dir='ltr'><strong>quibusdam</strong></span> <span class='ocrx_word' id='word_1_592' title='bbox 2757 4297 2882 4353; x_wconf 87' lang='lat' dir='ltr'><strong>aliis</strong></span> <span class='ocrx_word' id='word_1_593' title='bbox 2909 4296 3186 4361; x_wconf 88' lang='lat' dir='ltr'><strong>recitatis,</strong></span> <span class='ocrx_word' id='word_1_594' title='bbox 3226 4298 3552 4369; x_wconf 88' lang='lat' dir='ltr'><strong>interrogati</strong></span> <span class='ocrx_word' id='word_1_595' title='bbox 3582 4299 3748 4371; x_wconf 65' lang='grc'><strong>324</strong></span> 
     </span>
    </p>
   </div>
   <div class='ocr_carea' id='block_1_91' title="bbox 2157 4388 3745 4462">
    <p class='ocr_par' dir='ltr' id='par_1_91' title="bbox 2157 4388 3745 4462">
     <span class='ocr_line' id='line_1_91' title="bbox 2157 4388 3745 4462; baseline 0.002 -18"><span class='ocrx_word' id='word_1_596' title='bbox 2157 4390 2401 4462; x_wconf 83' lang='lat' dir='ltr'><strong>episcopi</strong></span> <span class='ocrx_word' id='word_1_597' title='bbox 2454 4389 2547 4460; x_wconf 92' lang='lat' dir='ltr'><strong>qui</strong></span> <span class='ocrx_word' id='word_1_598' title='bbox 2590 4388 2843 4455; x_wconf 89' lang='lat' dir='ltr'><strong>aderant,</strong></span> <span class='ocrx_word' id='word_1_599' title='bbox 2893 4396 3080 4443; x_wconf 91' lang='lat' dir='ltr'><strong>utrum</strong></span> <span class='ocrx_word' id='word_1_600' title='bbox 3116 4388 3322 4445; x_wconf 92' lang='lat' dir='ltr'><strong>Leonis</strong></span> <span class='ocrx_word' id='word_1_601' title='bbox 3341 4391 3575 4460; x_wconf 90' lang='lat' dir='ltr'><strong>epistola</strong></span> <span class='ocrx_word' id='word_1_602' title='bbox 3607 4406 3745 4447; x_wconf 75' lang='lat' dir='ltr'><strong>con~</strong></span> 
     </span>
    </p>
   </div>
   <div class='ocr_carea' id='block_1_92' title="bbox 475 4475 2045 4556">
    <p class='ocr_par' dir='ltr' id='par_1_92' title="bbox 475 4475 2045 4547">
     <span class='ocr_line' id='line_1_92' title="bbox 475 4475 2045 4547; baseline 0.002 -19"><span class='ocrx_word' id='word_1_603' title='bbox 475 4490 587 4540; x_wconf 81' lang='grc' dir='ltr'>ποι,</span> <span class='ocrx_word' id='word_1_604' title='bbox 619 4477 669 4528; x_wconf 89' lang='grc' dir='ltr'>εἰ</span> <span class='ocrx_word' id='word_1_605' title='bbox 724 4475 1008 4546; x_wconf 77' lang='grc' dir='ltr'>συνᾴδουσι</span> <span class='ocrx_word' id='word_1_606' title='bbox 1050 4476 1119 4530; x_wconf 66' lang='grc' dir='ltr'>τὰ</span> <span class='ocrx_word' id='word_1_607' title='bbox 1151 4476 1381 4540; x_wconf 83' lang='grc' dir='ltr'>Λέοντος</span> <span class='ocrx_word' id='word_1_608' title='bbox 1416 4477 1723 4547; x_wconf 86' lang='grc' dir='ltr'>γράμματα</span> <span class='ocrx_word' id='word_1_609' title='bbox 1768 4480 1835 4547; x_wconf 83' lang='grc' dir='ltr'>τῇ</span> <span class='ocrx_word' id='word_1_610' title='bbox 1873 4478 2045 4532; x_wconf 86' lang='grc' dir='ltr'>πίστει</span> 
     </span>
    </p>
   </div>
   <div class='ocr_carea' id='block_1_93' title="bbox 2149 4475 3747 4556">
    <p class='ocr_par' dir='ltr' id='par_1_93' title="bbox 2162 4477 3747 4539">
     <span class='ocr_line' id='line_1_93' title="bbox 2162 4477 3747 4539; baseline 0.002 -3"><span class='ocrx_word' id='word_1_611' title='bbox 2162 4480 2392 4536; x_wconf 89' lang='lat' dir='ltr'><strong>sentiret</strong></span> <span class='ocrx_word' id='word_1_612' title='bbox 2414 4494 2541 4535; x_wconf 93' lang='lat' dir='ltr'><strong>cum</strong></span> <span class='ocrx_word' id='word_1_613' title='bbox 2572 4477 2677 4533; x_wconf 86' lang='lat' dir='ltr'><strong>lide</strong></span> <span class='ocrx_word' id='word_1_614' title='bbox 2707 4486 3083 4534; x_wconf 90' lang='lat' dir='ltr'><strong>trecentorum</strong></span> <span class='ocrx_word' id='word_1_615' title='bbox 3111 4488 3170 4534; x_wconf 87' lang='lat' dir='ltr'><strong>et</strong></span> <span class='ocrx_word' id='word_1_616' title='bbox 3192 4480 3501 4536; x_wconf 88' lang='lat' dir='ltr'><strong>octodecim</strong></span> <span class='ocrx_word' id='word_1_617' title='bbox 3529 4491 3747 4539; x_wconf 78' lang='lat' dir='ltr'><strong>sancto-</strong></span> 
     </span>
    </p>
   </div>
   <div class='ocr_carea' id='block_1_94' title="bbox 471 4565 2059 4639">
    <p class='ocr_par' dir='ltr' id='par_1_94' title="bbox 471 4565 2059 4639">
     <span class='ocr_line' id='line_1_94' title="bbox 471 4565 2059 4639; baseline 0.003 -21"><span class='ocrx_word' id='word_1_618' title='bbox 471 4565 585 4619; x_wconf 67' lang='grc' dir='ltr'>τῶν</span> <span class='ocrx_word' id='word_1_619' title='bbox 609 4572 717 4638; x_wconf 85' lang='grc' dir='ltr'>τιη⁹</span> <span class='ocrx_word' id='word_1_620' title='bbox 776 4566 946 4636; x_wconf 82' lang='grc' dir='ltr'>ἁγίων</span> <span class='ocrx_word' id='word_1_621' title='bbox 982 4567 1241 4638; x_wconf 86' lang='grc' dir='ltr'>Πατέρων</span> <span class='ocrx_word' id='word_1_622' title='bbox 1280 4566 1391 4620; x_wconf 84' lang='grc' dir='ltr'>τῶν</span> <span class='ocrx_word' id='word_1_623' title='bbox 1433 4569 1491 4620; x_wconf 77' lang='grc' dir='ltr'>ἐν</span> <span class='ocrx_word' id='word_1_624' title='bbox 1519 4567 1724 4639; x_wconf 77' lang='grc' dir='ltr'>Νικαία</span> <span class='ocrx_word' id='word_1_625' title='bbox 1771 4568 2059 4638; x_wconf 76' lang='grc' dir='ltr'>συναχθέν-</span> 
     </span>
    </p>
   </div>
   <div class='ocr_carea' id='block_1_95' title="bbox 2166 4570 3745 4640">
    <p class='ocr_par' dir='ltr' id='par_1_95' title="bbox 2166 4570 3745 4640">
     <span class='ocr_line' id='line_1_95' title="bbox 2166 4570 3745 4640; baseline 0 -15"><span class='ocrx_word' id='word_1_626' title='bbox 2166 4586 2287 4625; x_wconf 85' lang='lat' dir='ltr'><strong>rum</strong></span> <span class='ocrx_word' id='word_1_627' title='bbox 2329 4571 2551 4626; x_wconf 85' lang='lat' dir='ltr'><strong>Patrum</strong></span> <span class='ocrx_word' id='word_1_628' title='bbox 2578 4570 2675 4640; x_wconf 91' lang='lat' dir='ltr'><strong>qui</strong></span> <span class='ocrx_word' id='word_1_629' title='bbox 2716 4570 2910 4625; x_wconf 73' lang='lat' dir='ltr'><strong>Nicaea:</strong></span> <span class='ocrx_word' id='word_1_630' title='bbox 2942 4570 2998 4624; x_wconf 91' lang='lat' dir='ltr'><strong>in</strong></span> <span class='ocrx_word' id='word_1_631' title='bbox 3034 4585 3207 4625; x_wconf 87' lang='lat' dir='ltr'><strong>unum</strong></span> <span class='ocrx_word' id='word_1_632' title='bbox 3254 4582 3649 4637; x_wconf 88' lang='lat' dir='ltr'><strong>convenerant,</strong></span> <span class='ocrx_word' id='word_1_633' title='bbox 3684 4583 3745 4627; x_wconf 86' lang='lat' dir='ltr'><strong>et</strong></span> 
     </span>
    </p>
   </div>
   <div class='ocr_carea' id='block_1_96' title="bbox 476 4657 2045 4732">
    <p class='ocr_par' dir='ltr' id='par_1_96' title="bbox 476 4657 2045 4730">
     <span class='ocr_line' id='line_1_96' title="bbox 476 4657 2045 4730; baseline 0.001 -20"><span class='ocrx_word' id='word_1_634' title='bbox 476 4675 606 4725; x_wconf 86' lang='grc' dir='ltr'>των,</span> <span class='ocrx_word' id='word_1_635' title='bbox 638 4658 733 4712; x_wconf 68' lang='grc' dir='ltr'><strong>καὶ</strong></span> <span class='ocrx_word' id='word_1_636' title='bbox 757 4661 822 4730; x_wconf 81' lang='grc' dir='ltr'>τῇ</span> <span class='ocrx_word' id='word_1_637' title='bbox 854 4657 962 4711; x_wconf 88' lang='grc' dir='ltr'><strong>τῶν</strong></span> <span class='ocrx_word' id='word_1_638' title='bbox 990 4666 1087 4730; x_wconf 88' lang='grc' dir='ltr'>ρν’,</span> <span class='ocrx_word' id='word_1_639' title='bbox 1120 4658 1231 4712; x_wconf 81' lang='grc' dir='ltr'><strong>τῶν</strong></span> <span class='ocrx_word' id='word_1_640' title='bbox 1257 4659 1316 4712; x_wconf 77' lang='grc' dir='ltr'>ὲν</span> <span class='ocrx_word' id='word_1_641' title='bbox 1336 4660 1402 4730; x_wconf 79' lang='grc' dir='ltr'>τῇ</span> <span class='ocrx_word' id='word_1_642' title='bbox 1430 4657 1686 4727; x_wconf 80' lang='grc' dir='ltr'>βασιλίδι,</span> <span class='ocrx_word' id='word_1_643' title='bbox 1721 4659 2045 4730; x_wconf 78' lang='grc' dir='ltr'>ἀπεκρίνατε</span> 
     </span>
    </p>
   </div>
   <div class='ocr_carea' id='block_1_97' title="bbox 2149 4657 3741 4732">
    <p class='ocr_par' dir='ltr' id='par_1_97' title="bbox 2165 4660 3741 4732">
     <span class='ocr_line' id='line_1_97' title="bbox 2165 4660 3741 4732; baseline -0.003 -15"><span class='ocrx_word' id='word_1_644' title='bbox 2165 4679 2289 4718; x_wconf 91' lang='lat' dir='ltr'><strong>cum</strong></span> <span class='ocrx_word' id='word_1_645' title='bbox 2323 4662 2428 4717; x_wconf 86' lang='lat' dir='ltr'><strong>fide</strong></span> <span class='ocrx_word' id='word_1_646' title='bbox 2479 4671 2702 4716; x_wconf 89' lang='lat' dir='ltr'><strong>centum</strong></span> <span class='ocrx_word' id='word_1_647' title='bbox 2743 4678 2807 4717; x_wconf 91' lang='lat' dir='ltr'><strong>ac</strong></span> <span class='ocrx_word' id='word_1_648' title='bbox 2857 4660 3258 4732; x_wconf 83' lang='lat' dir='ltr'><strong>quinquaginta</strong></span> <span class='ocrx_word' id='word_1_649' title='bbox 3302 4663 3527 4716; x_wconf 85' lang='lat' dir='ltr'><strong>Patrum</strong></span> <span class='ocrx_word' id='word_1_650' title='bbox 3563 4664 3657 4731; x_wconf 94' lang='lat' dir='ltr'><strong>qui</strong></span> <span class='ocrx_word' id='word_1_651' title='bbox 3685 4663 3741 4716; x_wconf 93' lang='lat' dir='ltr'><strong>iu</strong></span> 
     </span>
    </p>
   </div>
   <div class='ocr_carea' id='block_1_98' title="bbox 488 4750 2053 4823">
    <p class='ocr_par' dir='ltr' id='par_1_98' title="bbox 488 4750 2053 4823">
     <span class='ocr_line' id='line_1_98' title="bbox 488 4750 2053 4823; baseline 0 -19"><span class='ocrx_word' id='word_1_652' title='bbox 488 4750 792 4814; x_wconf 83' lang='grc' dir='ltr'>Ἀνατόλιος</span> <span class='ocrx_word' id='word_1_653' title='bbox 832 4752 861 4804; x_wconf 81' lang='grc' dir='ltr'><strong>δ</strong></span> <span class='ocrx_word' id='word_1_654' title='bbox 924 4752 1022 4823; x_wconf 82' lang='grc' dir='ltr'><strong>τῆς</strong></span> <span class='ocrx_word' id='word_1_655' title='bbox 1072 4751 1697 4814; x_wconf 85' lang='grc' dir='ltr'>Κωνσταντινουπόλεως</span> <span class='ocrx_word' id='word_1_656' title='bbox 1768 4751 2053 4822; x_wconf 86' lang='grc' dir='ltr'>πρόεδρος,</span> 
     </span>
    </p>
   </div>
   <div class='ocr_carea' id='block_1_99' title="bbox 477 4842 2053 4914">
    <p class='ocr_par' dir='ltr' id='par_1_99' title="bbox 477 4842 2053 4914">
     <span class='ocr_line' id='line_1_99' title="bbox 477 4842 2053 4914; baseline 0.001 -19"><span class='ocrx_word' id='word_1_657' title='bbox 477 4842 577 4896; x_wconf 75' lang='grc' dir='ltr'>καὶ</span> <span class='ocrx_word' id='word_1_658' title='bbox 601 4842 800 4907; x_wconf 84' lang='grc' dir='ltr'>πάντες</span> <span class='ocrx_word' id='word_1_659' title='bbox 824 4844 873 4897; x_wconf 89' lang='grc' dir='ltr'><strong>οἱ</strong></span> <span class='ocrx_word' id='word_1_660' title='bbox 907 4843 1347 4913; x_wconf 84' lang='grc' dir='ltr'>συνειλεγμένοι,</span> <span class='ocrx_word' id='word_1_661' title='bbox 1379 4843 1627 4914; x_wconf 85' lang='grc' dir='ltr'>συνᾴδειν</span> <span class='ocrx_word' id='word_1_662' title='bbox 1683 4843 1782 4914; x_wconf 84' lang='grc' dir='ltr'>τὴν</span> <span class='ocrx_word' id='word_1_663' title='bbox 1832 4844 2053 4897; x_wconf 68' lang='grc' dir='ltr'>ἐπιστοι</span> 
     </span>
    </p>
   </div>
   <div class='ocr_carea' id='block_1_100' title="bbox 478 4933 2055 5007">
    <p class='ocr_par' dir='ltr' id='par_1_100' title="bbox 478 4933 2055 5007">
     <span class='ocr_line' id='line_1_100' title="bbox 478 4933 2055 5007; baseline 0 -20"><span class='ocrx_word' id='word_1_664' title='bbox 478 4933 578 5007; x_wconf 77' lang='grc' dir='ltr'><strong>λὴν</strong></span> <span class='ocrx_word' id='word_1_665' title='bbox 606 4935 834 5001; x_wconf 85' lang='grc' dir='ltr'>Λέοντος</span> <span class='ocrx_word' id='word_1_666' title='bbox 859 4938 972 4999; x_wconf 80' lang='grc' dir='ltr'>τοῖς</span> <span class='ocrx_word' id='word_1_667' title='bbox 997 4936 1308 5006; x_wconf 73' lang='grc' dir='ltr'>εἰρημένοις</span> <span class='ocrx_word' id='word_1_668' title='bbox 1335 4934 1511 5004; x_wconf 83' lang='grc' dir='ltr'>ἁγίοις</span> <span class='ocrx_word' id='word_1_669' title='bbox 1544 4936 1793 5006; x_wconf 88' lang='grc' dir='ltr'>Πατράσι</span> <span class='ocrx_word' id='word_1_670' title='bbox 1818 4950 1832 4965; x_wconf 90' lang='grc'><strong>·</strong></span> <span class='ocrx_word' id='word_1_671' title='bbox 1866 4936 1961 4988; x_wconf 74' lang='grc' dir='ltr'>καὶ</span> <span class='ocrx_word' id='word_1_672' title='bbox 1989 4938 2055 5006; x_wconf 84' lang='grc' dir='ltr'>τῇ</span> 
     </span>
    </p>
   </div>
   <div class='ocr_carea' id='block_1_101' title="bbox 477 5026 2055 5099">
    <p class='ocr_par' dir='ltr' id='par_1_101' title="bbox 477 5026 2055 5099">
     <span class='ocr_line' id='line_1_101' title="bbox 477 5026 2055 5099; baseline 0 -19"><span class='ocrx_word' id='word_1_673' title='bbox 477 5026 619 5097; x_wconf 73' lang='grc' dir='ltr'>αὐτῇ</span> <span class='ocrx_word' id='word_1_674' title='bbox 659 5027 886 5091; x_wconf 87' lang='grc' dir='ltr'>Λέοντος</span> <span class='ocrx_word' id='word_1_675' title='bbox 909 5027 1167 5099; x_wconf 73' lang='grc' dir='ltr'>ἐπιστολῇ</span> <span class='ocrx_word' id='word_1_676' title='bbox 1212 5026 1715 5096; x_wconf 85' lang='grc' dir='ltr'>καθυπεσημήνατο</span> <span class='ocrx_word' id='word_1_677' title='bbox 1747 5026 1885 5095; x_wconf 75' lang='grc'><strong>(55).</strong></span> <span class='ocrx_word' id='word_1_678' title='bbox 1917 5026 2055 5080; x_wconf 86' lang='grc' dir='ltr'>Τού-</span> 
     </span>
    </p>
   </div>
   <div class='ocr_carea' id='block_1_102' title="bbox 476 5112 2054 5190">
    <p class='ocr_par' dir='ltr' id='par_1_102' title="bbox 476 5112 2054 5190">
     <span class='ocr_line' id='line_1_102' title="bbox 476 5112 2054 5190; baseline -0.001 -20"><span class='ocrx_word' id='word_1_679' title='bbox 476 5134 589 5171; x_wconf 86' lang='grc' dir='ltr'><strong>των</strong></span> <span class='ocrx_word' id='word_1_680' title='bbox 610 5112 716 5172; x_wconf 81' lang='grc' dir='ltr'>ὧδε</span> <span class='ocrx_word' id='word_1_681' title='bbox 768 5119 1167 5190; x_wconf 88' lang='grc' dir='ltr'>προελθόντων,</span> <span class='ocrx_word' id='word_1_682' title='bbox 1195 5118 1503 5189; x_wconf 72' lang='grc' dir='ltr'>ἐπεϐόησαν</span> <span class='ocrx_word' id='word_1_683' title='bbox 1552 5119 1601 5170; x_wconf 74' lang='lat' dir='ltr'><strong>ot</strong></span> <span class='ocrx_word' id='word_1_684' title='bbox 1629 5116 1730 5186; x_wconf 84' lang='grc' dir='ltr'>τῆς</span> <span class='ocrx_word' id='word_1_685' title='bbox 1782 5116 2001 5171; x_wconf 81' lang='grc' dir='ltr'>συνόδου</span> <span class='ocrx_word' id='word_1_686' title='bbox 2040 5134 2054 5150; x_wconf 90' lang='grc'>·</span> 
     </span>
    </p>
   </div>
   <div class='ocr_carea' id='block_1_103' title="bbox 476 5209 2055 5281">
    <p class='ocr_par' dir='ltr' id='par_1_103' title="bbox 476 5209 2055 5281">
     <span class='ocr_line' id='line_1_103' title="bbox 476 5209 2055 5281; baseline -0.001 -18"><span class='ocrx_word' id='word_1_687' title='bbox 476 5209 688 5274; x_wconf 80' lang='grc' dir='ltr'>Πάντες</span> <span class='ocrx_word' id='word_1_688' title='bbox 748 5210 1137 5281; x_wconf 86' lang='grc' dir='ltr'>συντιθέμεθα,</span> <span class='ocrx_word' id='word_1_689' title='bbox 1179 5209 1381 5274; x_wconf 86' lang='grc' dir='ltr'>πάντες</span> <span class='ocrx_word' id='word_1_690' title='bbox 1432 5209 1813 5279; x_wconf 70' lang='grc' dir='ltr'>ωναινοῦμεν,</span> <span class='ocrx_word' id='word_1_691' title='bbox 1855 5211 2055 5272; x_wconf 82' lang='grc' dir='ltr'>πάντες</span> 
     </span>
    </p>
   </div>
   <div class='ocr_carea' id='block_1_104' title="bbox 477 5300 2054 5375">
    <p class='ocr_par' dir='ltr' id='par_1_104' title="bbox 477 5300 2054 5375">
     <span class='ocr_line' id='line_1_104' title="bbox 477 5300 2054 5375; baseline 0.002 -21"><span class='ocrx_word' id='word_1_692' title='bbox 477 5302 680 5372; x_wconf 73' lang='grc' dir='ltr'>ὁμοίως</span> <span class='ocrx_word' id='word_1_693' title='bbox 746 5303 1100 5375; x_wconf 86' lang='grc' dir='ltr'>πιστεύομεν,</span> <span class='ocrx_word' id='word_1_694' title='bbox 1129 5304 1331 5367; x_wconf 82' lang='grc' dir='ltr'>πάντες</span> <span class='ocrx_word' id='word_1_695' title='bbox 1390 5301 1458 5355; x_wconf 78' lang='grc' dir='ltr'>τὰ</span> <span class='ocrx_word' id='word_1_696' title='bbox 1510 5300 1650 5356; x_wconf 80' lang='grc' dir='ltr'>αὐτὰ</span> <span class='ocrx_word' id='word_1_697' title='bbox 1698 5300 2006 5373; x_wconf 83' lang='grc' dir='ltr'>φρονοῦμεν</span> <span class='ocrx_word' id='word_1_698' title='bbox 2040 5345 2054 5367; x_wconf 93' lang='grc'><strong>,</strong></span> 
     </span>
    </p>
   </div>
   <div class='ocr_carea' id='block_1_105' title="bbox 2163 4752 3751 4826">
    <p class='ocr_par' dir='ltr' id='par_1_105' title="bbox 2163 4752 3751 4826">
     <span class='ocr_line' id='line_1_105' title="bbox 2163 4752 3751 4826; baseline -0.001 -16"><span class='ocrx_word' id='word_1_699' title='bbox 2163 4756 2302 4811; x_wconf 90' lang='lat' dir='ltr'><strong>urbe</strong></span> <span class='ocrx_word' id='word_1_700' title='bbox 2331 4756 2479 4826; x_wconf 80' lang='lat' dir='ltr'><strong>regia</strong></span> <span class='ocrx_word' id='word_1_701' title='bbox 2506 4755 2724 4809; x_wconf 88' lang='lat' dir='ltr'><strong>fuerant</strong></span> <span class='ocrx_word' id='word_1_702' title='bbox 2752 4752 3090 4824; x_wconf 82' lang='lat' dir='ltr'><strong>congregati,</strong></span> <span class='ocrx_word' id='word_1_703' title='bbox 3119 4753 3408 4808; x_wconf 88' lang='lat' dir='ltr'><strong>Anatolius</strong></span> <span class='ocrx_word' id='word_1_704' title='bbox 3431 4752 3751 4809; x_wconf 81' lang='lat' dir='ltr'><strong>Constanti-</strong></span> 
     </span>
    </p>
   </div>
   <div class='ocr_carea' id='block_1_106' title="bbox 2164 4843 3747 4916">
    <p class='ocr_par' dir='ltr' id='par_1_106' title="bbox 2164 4843 3747 4916">
     <span class='ocr_line' id='line_1_106' title="bbox 2164 4843 3747 4916; baseline -0.001 -15"><span class='ocrx_word' id='word_1_705' title='bbox 2164 4846 2519 4916; x_wconf 87' lang='lat' dir='ltr'><strong>nopolitanus</strong></span> <span class='ocrx_word' id='word_1_706' title='bbox 2572 4845 2888 4916; x_wconf 83' lang='lat' dir='ltr'><strong>episcopus,</strong></span> <span class='ocrx_word' id='word_1_707' title='bbox 2946 4853 3002 4899; x_wconf 89' lang='lat' dir='ltr'><strong>et</strong></span> <span class='ocrx_word' id='word_1_708' title='bbox 3058 4843 3304 4898; x_wconf 89' lang='lat' dir='ltr'><strong>universi</strong></span> <span class='ocrx_word' id='word_1_709' title='bbox 3355 4844 3451 4913; x_wconf 92' lang='lat' dir='ltr'><strong>qui</strong></span> <span class='ocrx_word' id='word_1_710' title='bbox 3516 4844 3747 4901; x_wconf 84' lang='lat' dir='ltr'><strong>aderant</strong></span> 
     </span>
    </p>
   </div>
   <div class='ocr_carea' id='block_1_107' title="bbox 2165 4934 3747 5008">
    <p class='ocr_par' dir='ltr' id='par_1_107' title="bbox 2165 4934 3747 5008">
     <span class='ocr_line' id='line_1_107' title="bbox 2165 4934 3747 5008; baseline -0.001 -15"><span class='ocrx_word' id='word_1_711' title='bbox 2165 4937 2408 5008; x_wconf 86' lang='lat' dir='ltr'><strong>episcopi</strong></span> <span class='ocrx_word' id='word_1_712' title='bbox 2426 4936 2852 5007; x_wconf 86' lang='lat' dir='ltr'><strong>responderunt,</strong></span> <span class='ocrx_word' id='word_1_713' title='bbox 2868 4935 3156 5007; x_wconf 84' lang='lat' dir='ltr'><strong>epistolam</strong></span> <span class='ocrx_word' id='word_1_714' title='bbox 3178 4934 3380 4991; x_wconf 90' lang='lat' dir='ltr'><strong>Leonis</strong></span> <span class='ocrx_word' id='word_1_715' title='bbox 3402 4951 3524 4989; x_wconf 90' lang='lat' dir='ltr'><strong>cum</strong></span> <span class='ocrx_word' id='word_1_716' title='bbox 3550 4951 3747 5007; x_wconf 79' lang='lat' dir='ltr'><strong>supra-</strong></span> 
     </span>
    </p>
   </div>
   <div class='ocr_carea' id='block_1_108' title="bbox 2165 5027 3740 5097">
    <p class='ocr_par' dir='ltr' id='par_1_108' title="bbox 2165 5027 3740 5097">
     <span class='ocr_line' id='line_1_108' title="bbox 2165 5027 3740 5097; baseline 0.001 -15"><span class='ocrx_word' id='word_1_717' title='bbox 2165 5029 2328 5084; x_wconf 88' lang='lat' dir='ltr'><strong>dictis</strong></span> <span class='ocrx_word' id='word_1_718' title='bbox 2356 5027 2559 5083; x_wconf 87' lang='lat' dir='ltr'><strong>sanctis</strong></span> <span class='ocrx_word' id='word_1_719' title='bbox 2590 5027 2845 5082; x_wconf 90' lang='lat' dir='ltr'><strong>Patribus</strong></span> <span class='ocrx_word' id='word_1_720' title='bbox 2876 5028 3212 5083; x_wconf 89' lang='lat' dir='ltr'><strong>consentire.</strong></span> <span class='ocrx_word' id='word_1_721' title='bbox 3248 5028 3507 5097; x_wconf 79' lang='lat' dir='ltr'><strong>Idemque</strong></span> <span class='ocrx_word' id='word_1_722' title='bbox 3534 5028 3740 5083; x_wconf 78' lang='lat' dir='ltr'><strong>Anato—</strong></span> 
     </span>
    </p>
   </div>
   <div class='ocr_carea' id='block_1_109' title="bbox 2164 5120 3747 5191">
    <p class='ocr_par' dir='ltr' id='par_1_109' title="bbox 2164 5120 3747 5191">
     <span class='ocr_line' id='line_1_109' title="bbox 2164 5120 3747 5191; baseline 0.001 -16"><span class='ocrx_word' id='word_1_723' title='bbox 2164 5121 2272 5175; x_wconf 89' lang='lat' dir='ltr'><strong>lius</strong></span> <span class='ocrx_word' id='word_1_724' title='bbox 2306 5136 2474 5191; x_wconf 87' lang='lat' dir='ltr'><strong>supra</strong></span> <span class='ocrx_word' id='word_1_725' title='bbox 2524 5128 2841 5176; x_wconf 80' lang='lat' dir='ltr'><strong>memorata:</strong></span> <span class='ocrx_word' id='word_1_726' title='bbox 2874 5120 3077 5175; x_wconf 90' lang='lat' dir='ltr'><strong>Leonis</strong></span> <span class='ocrx_word' id='word_1_727' title='bbox 3105 5120 3358 5189; x_wconf 66' lang='lat' dir='ltr'><strong>epistola:</strong></span> <span class='ocrx_word' id='word_1_728' title='bbox 3394 5121 3747 5191; x_wconf 82' lang='lat' dir='ltr'><strong>subscripsi...</strong></span> 
     </span>
    </p>
   </div>
   <div class='ocr_carea' id='block_1_110' title="bbox 2163 5210 3752 5282">
    <p class='ocr_par' dir='ltr' id='par_1_110' title="bbox 2163 5210 3752 5282">
     <span class='ocr_line' id='line_1_110' title="bbox 2163 5210 3752 5282; baseline 0 -16"><span class='ocrx_word' id='word_1_729' title='bbox 2163 5212 2294 5278; x_wconf 80' lang='lat' dir='ltr'><strong>Qua:</strong></span> <span class='ocrx_word' id='word_1_730' title='bbox 2320 5227 2443 5269; x_wconf 91' lang='lat' dir='ltr'><strong>cum</strong></span> <span class='ocrx_word' id='word_1_731' title='bbox 2476 5212 2549 5267; x_wconf 88' lang='lat' dir='ltr'><strong>ita</strong></span> <span class='ocrx_word' id='word_1_732' title='bbox 2581 5212 3005 5282; x_wconf 88' lang='lat' dir='ltr'><strong>processissent,</strong></span> <span class='ocrx_word' id='word_1_733' title='bbox 3032 5211 3392 5267; x_wconf 87' lang='lat' dir='ltr'><strong>acclamatum</strong></span> <span class='ocrx_word' id='word_1_734' title='bbox 3419 5221 3503 5267; x_wconf 90' lang='lat' dir='ltr'><strong>est</strong></span> <span class='ocrx_word' id='word_1_735' title='bbox 3531 5210 3600 5268; x_wconf 91' lang='lat' dir='ltr'><strong>ab</strong></span> <span class='ocrx_word' id='word_1_736' title='bbox 3626 5215 3752 5267; x_wconf 80' lang='lat' dir='ltr'><strong>uni-</strong></span> 
     </span>
    </p>
   </div>
   <div class='ocr_carea' id='block_1_111' title="bbox 2163 5303 3753 5377">
    <p class='ocr_par' dir='ltr' id='par_1_111' title="bbox 2163 5303 3753 5377">
     <span class='ocr_line' id='line_1_111' title="bbox 2163 5303 3753 5377; baseline 0.003 -22"><span class='ocrx_word' id='word_1_737' title='bbox 2163 5318 2322 5357; x_wconf 78' lang='lat' dir='ltr'><strong>versa</strong></span> <span class='ocrx_word' id='word_1_738' title='bbox 2377 5305 2583 5377; x_wconf 76' lang='lat' dir='ltr'><strong>synodo</strong></span> <span class='ocrx_word' id='word_1_739' title='bbox 2623 5303 2869 5360; x_wconf 89' lang='lat' dir='ltr'><strong>:Omnes</strong></span> <span class='ocrx_word' id='word_1_740' title='bbox 2907 5304 3319 5370; x_wconf 89' lang='lat' dir='ltr'><strong>consentimus;</strong></span> <span class='ocrx_word' id='word_1_741' title='bbox 3346 5319 3539 5360; x_wconf 89' lang='lat' dir='ltr'><strong>omnes</strong></span> <span class='ocrx_word' id='word_1_742' title='bbox 3595 5319 3753 5361; x_wconf 80' lang='lat' dir='ltr'><strong>com-</strong></span> 
     </span>
    </p>
   </div>
   <div class='ocr_carea' id='block_1_112' title="bbox 1686 5436 2551 5495">
    <p class='ocr_par' dir='ltr' id='par_1_112' title="bbox 1686 5436 2551 5495">
     <span class='ocr_line' id='line_1_112' title="bbox 1686 5436 2551 5495; baseline 0.002 -3"><span class='ocrx_word' id='word_1_743' title='bbox 1686 5437 1954 5493; x_wconf 84' lang='lat' dir='ltr'><strong>VALESlI</strong></span> <span class='ocrx_word' id='word_1_744' title='bbox 1994 5436 2551 5495; x_wconf 76' lang='lat' dir='ltr'><strong>ANNOTATIONES.</strong></span> 
     </span>
    </p>
   </div>
   <div class='ocr_carea' id='block_1_113' title="bbox 551 5529 2059 5602">
    <p class='ocr_par' dir='ltr' id='par_1_113' title="bbox 551 5529 2059 5602">
     <span class='ocr_line' id='line_1_113' title="bbox 551 5529 2059 5602; baseline -0.001 -16"><span class='ocrx_word' id='word_1_745' title='bbox 551 5530 666 5602; x_wconf 68' lang='grc' dir='ltr'><strong>(δι)</strong></span> <span class='ocrx_word' id='word_1_746' title='bbox 682 5532 828 5599; x_wconf 83' lang='grc' dir='ltr'>Τοὺς</span> <span class='ocrx_word' id='word_1_747' title='bbox 839 5533 1161 5602; x_wconf 79' lang='grc' dir='ltr'>δεομένους</span> <span class='ocrx_word' id='word_1_748' title='bbox 1178 5530 1425 5596; x_wconf 74' lang='grc' dir='ltr'>τύπούς.</span> <span class='ocrx_word' id='word_1_749' title='bbox 1446 5529 1811 5602; x_wconf 83' lang='lat' dir='ltr'><strong>Scribendum</strong></span> <span class='ocrx_word' id='word_1_750' title='bbox 1830 5539 1913 5586; x_wconf 88' lang='lat' dir='ltr'><strong>est</strong></span> <span class='ocrx_word' id='word_1_751' title='bbox 1935 5546 2059 5599; x_wconf 72' lang='lat' dir='ltr'><strong>pto-</strong></span> 
     </span>
    </p>
   </div>
   <div class='ocr_carea' id='block_1_114' title="bbox 480 5600 2058 5671">
    <p class='ocr_par' dir='ltr' id='par_1_114' title="bbox 480 5600 2058 5671">
     <span class='ocr_line' id='line_1_114' title="bbox 480 5600 2058 5671; baseline -0.001 -15"><span class='ocrx_word' id='word_1_752' title='bbox 480 5600 572 5671; x_wconf 84' lang='lat' dir='ltr'><strong>cul</strong></span> <span class='ocrx_word' id='word_1_753' title='bbox 602 5600 774 5671; x_wconf 87' lang='lat' dir='ltr'><strong>dubio</strong></span> <span class='ocrx_word' id='word_1_754' title='bbox 801 5600 1299 5671; x_wconf 71' lang='grc' dir='ltr'>τοὺςδεδομένους,</span> <span class='ocrx_word' id='word_1_755' title='bbox 1354 5609 1415 5655; x_wconf 83' lang='grc' dir='ltr'><strong>ιιι</strong></span> <span class='ocrx_word' id='word_1_756' title='bbox 1460 5600 1628 5655; x_wconf 87' lang='lat' dir='ltr'><strong>habet</strong></span> <span class='ocrx_word' id='word_1_757' title='bbox 1681 5603 1823 5671; x_wconf 87' lang='lat' dir='ltr'><strong>actio</strong></span> <span class='ocrx_word' id='word_1_758' title='bbox 1866 5610 2058 5670; x_wconf 86' lang='lat' dir='ltr'><strong>quarta</strong></span> 
     </span>
    </p>
   </div>
   <div class='ocr_carea' id='block_1_115' title="bbox 479 5670 2056 5743">
    <p class='ocr_par' dir='ltr' id='par_1_115' title="bbox 479 5670 2056 5743">
     <span class='ocr_line' id='line_1_115' title="bbox 479 5670 2056 5743; baseline -0.001 -17"><span class='ocrx_word' id='word_1_759' title='bbox 479 5670 950 5743; x_wconf 63' lang='lat' dir='ltr'><strong>Chalcedonensis</strong></span> <span class='ocrx_word' id='word_1_760' title='bbox 982 5670 1231 5743; x_wconf 77' lang='lat' dir='ltr'><strong>concilii,</strong></span> <span class='ocrx_word' id='word_1_761' title='bbox 1252 5688 1374 5743; x_wconf 77' lang='lat' dir='ltr'><strong>pag.</strong></span> <span class='ocrx_word' id='word_1_762' title='bbox 1409 5671 1534 5724; x_wconf 74' lang='lat'><strong>9.16.</strong></span> <span class='ocrx_word' id='word_1_763' title='bbox 1574 5672 1731 5743; x_wconf 81' lang='lat' dir='ltr'><strong>Apud</strong></span> <span class='ocrx_word' id='word_1_764' title='bbox 1761 5670 2056 5742; x_wconf 71' lang='lat' dir='ltr'><strong>Nircplior.</strong></span> 
     </span>
    </p>
   </div>
   <div class='ocr_carea' id='block_1_116' title="bbox 483 5740 1550 5815">
    <p class='ocr_par' dir='ltr' id='par_1_116' title="bbox 483 5740 1550 5815">
     <span class='ocr_line' id='line_1_116' title="bbox 483 5740 1550 5815; baseline 0 -17"><span class='ocrx_word' id='word_1_765' title='bbox 483 5740 684 5815; x_wconf 71' lang='lat' dir='ltr'><strong>legitur</strong></span> <span class='ocrx_word' id='word_1_766' title='bbox 712 5744 1060 5815; x_wconf 79' lang='grc' dir='ltr'>γενομένους,</span> <span class='ocrx_word' id='word_1_767' title='bbox 1090 5741 1236 5813; x_wconf 88' lang='lat' dir='ltr'><strong>quod</strong></span> <span class='ocrx_word' id='word_1_768' title='bbox 1272 5741 1415 5798; x_wconf 84' lang='lat' dir='ltr'><strong>idem</strong></span> <span class='ocrx_word' id='word_1_769' title='bbox 1448 5750 1550 5798; x_wconf 81' lang='lat' dir='ltr'><strong>est.</strong></span> 
     </span>
    </p>
   </div>
   <div class='ocr_carea' id='block_1_117' title="bbox 2240 5529 3762 5600">
    <p class='ocr_par' dir='ltr' id='par_1_117' title="bbox 2240 5529 3762 5600">
     <span class='ocr_line' id='line_1_117' title="bbox 2240 5529 3762 5600; baseline -0.001 -14"><span class='ocrx_word' id='word_1_770' title='bbox 2240 5532 2351 5600; x_wconf 79' lang='lat'><strong>(55)</strong></span> <span class='ocrx_word' id='word_1_771' title='bbox 2384 5531 2964 5600; x_wconf 77' lang='grc' dir='ltr'>Καθυπεσημήνατο.</span> <span class='ocrx_word' id='word_1_772' title='bbox 2985 5529 3524 5600; x_wconf 71' lang='lat' dir='ltr'><strong>Cln&#39;istophorsonus</strong></span> <span class='ocrx_word' id='word_1_773' title='bbox 3556 5529 3609 5583; x_wconf 93' lang='lat' dir='ltr'><strong>in</strong></span> <span class='ocrx_word' id='word_1_774' title='bbox 3642 5532 3762 5600; x_wconf 73' lang='lat' dir='ltr'><strong>plu.</strong></span> 
     </span>
    </p>
   </div>
   <div class='ocr_carea' id='block_1_118' title="bbox 2169 5600 3760 5671">
    <p class='ocr_par' dir='ltr' id='par_1_118' title="bbox 2169 5600 3760 5671">
     <span class='ocr_line' id='line_1_118' title="bbox 2169 5600 3760 5671; baseline 0 -17"><span class='ocrx_word' id='word_1_775' title='bbox 2169 5600 2268 5654; x_wconf 87' lang='lat' dir='ltr'><strong>rali</strong></span> <span class='ocrx_word' id='word_1_776' title='bbox 2291 5618 2522 5655; x_wconf 86' lang='lat' dir='ltr'><strong>numero</strong></span> <span class='ocrx_word' id='word_1_777' title='bbox 2542 5603 2674 5671; x_wconf 82' lang='lat' dir='ltr'><strong>legit</strong></span> <span class='ocrx_word' id='word_1_778' title='bbox 2704 5600 3262 5671; x_wconf 82' lang='grc' dir='ltr'>καθυπεσημήναντο,</span> <span class='ocrx_word' id='word_1_779' title='bbox 3289 5600 3564 5671; x_wconf 79' lang='lat' dir='ltr'><strong>quomodo</strong></span> <span class='ocrx_word' id='word_1_780' title='bbox 3589 5601 3760 5657; x_wconf 81' lang='lat' dir='ltr'><strong>etiam</strong></span> 
     </span>
    </p>
   </div>
   <div class='ocr_carea' id='block_1_119' title="bbox 2171 5670 3765 5742">
    <p class='ocr_par' dir='ltr' id='par_1_119' title="bbox 2171 5670 3765 5742">
     <span class='ocr_line' id='line_1_119' title="bbox 2171 5670 3765 5742; baseline 0.001 -17"><span class='ocrx_word' id='word_1_781' title='bbox 2171 5672 2437 5742; x_wconf 83' lang='lat' dir='ltr'><strong>scriptum</strong></span> <span class='ocrx_word' id='word_1_782' title='bbox 2468 5670 2633 5727; x_wconf 75' lang='lat' dir='ltr'><strong>habet</strong></span> <span class='ocrx_word' id='word_1_783' title='bbox 2663 5672 3029 5741; x_wconf 82' lang='lat' dir='ltr'><strong>Niccpliorus.</strong></span> <span class='ocrx_word' id='word_1_784' title='bbox 3060 5670 3257 5742; x_wconf 16' lang='lat' dir='ltr'><strong>ldquej</strong></span> <span class='ocrx_word' id='word_1_785' title='bbox 3283 5670 3610 5742; x_wconf 68' lang='lat' dir='ltr'><strong>conﬁrmant</strong></span> <span class='ocrx_word' id='word_1_786' title='bbox 3640 5680 3765 5726; x_wconf 63' lang='lat' dir='ltr'><strong>acra</strong></span> 
     </span>
    </p>
   </div>
   <div class='ocr_carea' id='block_1_120' title="bbox 2171 5737 3682 5818">
    <p class='ocr_par' dir='ltr' id='par_1_120' title="bbox 2171 5737 3682 5818">
     <span class='ocr_line' id='line_1_120' title="bbox 2171 5737 3682 5818; baseline 0.004 -21"><span class='ocrx_word' id='word_1_787' title='bbox 2171 5737 2364 5813; x_wconf 74' lang='lat' dir='ltr'><strong>synodi</strong></span> <span class='ocrx_word' id='word_1_788' title='bbox 2398 5737 2861 5803; x_wconf 77' lang='lat' dir='ltr'><strong>Chalcedonensis</strong></span> <span class='ocrx_word' id='word_1_789' title='bbox 2894 5757 3017 5818; x_wconf 68' lang='lat' dir='ltr'><strong>pag.</strong></span> <span class='ocrx_word' id='word_1_790' title='bbox 3048 5737 3168 5804; x_wconf 72' lang='lat'><strong>213</strong></span> <span class='ocrx_word' id='word_1_791' title='bbox 3202 5738 3265 5796; x_wconf 62' lang='grc' dir='ltr'><strong>εἱ</strong></span> <span class='ocrx_word' id='word_1_792' title='bbox 3280 5737 3682 5808; x_wconf 66' lang='lat' dir='ltr'><strong>sequentibus.</strong></span> 
     </span>
    </p>
   </div>
  </div>
