4070 6176
369 254 513 321 2579

1611 249 1926 311 EVAGRII
1953 249 2441 314 SCHOLASTICI

3509 257 3654 326 2580

372 355 698 440 probamus;
722 378 913 419 omnes
933 361 1190 419 similiter
1209 361 1518 426 credimus;
1547 375 1742 416 omnes
1763 360 1956 416 eadem

2064 364 2267 427 πάντες
2294 364 2470 429 οὕτως
2498 369 2850 440 πιστεύομεν·
2878 371 3007 436 τοὺς
3031 371 3290 440 Πατέρας
3312 372 3377 442 τῇ
3414 374 3645 445 συνόδῳ,

372 459 683 523 sentimus;
719 471 914 512 omnes
935 457 1009 510 ita
1037 455 1336 511 credimus.
1370 455 1564 509 Patres
1600 452 1810 524 synodo
1833 453 1960 508 red-

373 549 727 620 dantur;qui
787 548 1282 618 subscripserunt,
1343 545 1556 617 synodo
1612 545 1954 613 reddantur;

375 645 580 699 multos
630 656 806 697 annos
847 639 1201 708 imperatori;
1233 637 1437 691 multos
1467 651 1642 692 annos
1665 638 1954 707 Augustae;

374 735 568 789 Patres
599 730 808 803 synodo
846 729 1183 791 reddantur;
1211 728 1304 797 qui
1353 727 1602 799 ejusdem
1640 728 1770 784 ﬁdei
1803 737 1954 793 sunt,

375 825 584 896 synodo
629 823 959 888 reddantur;
992 822 1195 876 multos
1249 837 1426 877 annos
1473 823 1814 892 imperatori.
1852 820 1958 888 Qui

377 917 524 973 idem
549 917 820 980 sentiunt,
840 914 1052 986 synodo
1078 913 1409 982 reddantur;
1435 915 1638 970 multos
1662 930 1837 971 annos
1859 916 1961 970 im-

374 1008 645 1080 peratori;
697 1022 890 1062 omnes
935 1004 1060 1060 ﬁdei
1106 1005 1566 1076 subscripsimus;
1611 1016 1672 1061 ut
1721 1007 1852 1074 Leo,
1884 1007 1960 1062 ita

377 1102 672 1156 sentimus.

453 1194 652 1249 Postea
678 1209 802 1248 eum
829 1191 1186 1250 interiocutio
1220 1195 1431 1264 prolata
1455 1203 1601 1250 esset
1631 1211 1660 1249 a
1679 1192 1961 1266 iudicibus

379 1288 436 1343 in
457 1287 574 1343 haec
599 1287 766 1343 verba
800 1305 812 1341 :
840 1288 917 1343 De
944 1287 1032 1341 his
1051 1288 1373 1343 relationem
1405 1288 1654 1343 misimus
1684 1287 1751 1342 ad
1777 1301 1961 1342 sacra—

380 1379 654 1434 tissimnm
682 1387 738 1432 et
771 1378 1081 1448 piissimum
1125 1379 1409 1433 dominum
1449 1389 1698 1433 nostrum
1722 1419 1736 1443 ,
1778 1387 1835 1432 et
1873 1393 1961 1433 re-

382 1468 733 1537 sponsionem
767 1468 835 1522 ab
867 1468 985 1538 ejus
1015 1468 1308 1523 clementia
1343 1477 1746 1538 exspectamus.
1767 1469 1962 1523 Vestra

381 1565 565 1613 autem
592 1557 924 1623 reverentia,
956 1566 1063 1612 tam
1090 1557 1157 1612 de
1190 1559 1453 1613 Dioscoro
1487 1557 1581 1628 qui
1611 1573 1641 1612 a
1667 1557 1828 1612 vobis
1861 1557 1960 1612 de-

385 1649 596 1718 positus
626 1658 729 1712 est,
783 1650 1156 1704 sacratissimo
1192 1649 1443 1719 principe
1494 1658 1550 1704 et
1593 1648 1752 1704 nobis
1801 1649 1960 1719 igno-

381 1741 656 1806 rantibus,
689 1753 854 1810 quam
887 1740 954 1795 de
987 1741 1232 1811 quinque
1258 1742 1366 1796 illis
1392 1756 1490 1810 pro
1517 1741 1720 1810 quibus
1751 1740 1960 1810 precati

381 1833 537 1896 estis,
575 1841 633 1887 et
677 1831 745 1886 de
779 1832 1035 1887 omnibus
1065 1848 1185 1902 quie
1240 1833 1296 1887 in
1341 1831 1576 1886 concilio
1615 1839 1764 1901 gesta
1814 1839 1962 1895 sunt,

383 1923 655 1980 rationem
689 1923 802 1978 Deo
857 1923 1144 1978 redditura
1191 1931 1297 1978 est.
1345 1923 1721 1998 Acclamatum
1775 1932 1861 1978 est
1895 1924 1964 1978 ab

384 2015 692 2070 omnibus:
741 2015 1072 2069 Dioscorum
1123 2015 1270 2070 Deus
1321 2014 1618 2086 deposuit;
1668 2014 1966 2070 Dioscorus

377 2107 526 2176 juste
557 2104 844 2174 depositus
882 2114 986 2169 est,
1035 2105 1361 2160 Dioscorum
1402 2105 1658 2160 Christus
1685 2105 1960 2176 deposuit.

384 2195 514 2249 Post
563 2193 680 2249 inec
722 2210 847 2249 cum
883 2194 1045 2249 allata
1097 2204 1244 2250 esset
1284 2195 1570 2264 responsio
1613 2195 1966 2265 imperatoris

383 2286 666 2353 Marciani,
699 2301 806 2358 qua
835 2287 1259 2358 permittebatur
1290 2287 1565 2356 episcopis
1595 2295 1656 2341 ut
1690 2288 1758 2342 de
1800 2287 1963 2358 quin-

384 2394 492 2450 que
527 2379 635 2434 illis
658 2381 752 2450 qui
773 2379 1012 2448 depositi
1044 2379 1282 2443 fuerant,
1317 2395 1419 2450 pro
1457 2379 1690 2433 arbitrio
1725 2395 1826 2435 suo
1855 2387 1966 2435 sta-

383 2475 644 2532 tuerent,
720 2467 1186 2537 quemadmodum
1256 2467 1474 2540 judices
1540 2467 1965 2524 interlocutione

383 2559 525 2614 facta
558 2557 961 2630 signiﬁcaram,
998 2559 1242 2630 episcopi
1280 2561 1489 2630 precati
1533 2569 1663 2615 sunt
1710 2559 1798 2614 his
1845 2574 1966 2614 ver-

382 2647 471 2702 bis
501 2664 515 2701 :
549 2647 621 2702 Ut
664 2647 743 2700 illi
780 2646 1164 2717 ingrediantur
1193 2663 1469 2718 rogamus.
1499 2646 1603 2714 Qui
1651 2647 1797 2702 idem
1841 2664 1967 2704 sen-

381 2739 550 2804 tiunt,
578 2739 788 2812 synodo
819 2739 1144 2794 reddantur.
1181 2740 1286 2806 Qui
1315 2741 1462 2796 idem
1492 2741 1732 2812 sapiunt,
1755 2741 1965 2813 synodo

381 2831 707 2886 reddantur.
734 2831 838 2898 Qui
867 2831 1117 2902 epistolae
1152 2832 1355 2888 Leonis
1401 2833 1849 2904 subscripserunt
1877 2850 1966 2907 sy-

378 2925 532 2980 nodo
571 2924 898 2980 reddantur.
929 2923 1032 2990 Qui
1077 2940 1203 2979 mox
1250 2926 1462 2996 prolata
1512 2925 1962 2993 interlocutione,

2058 459 2188 521 τοὺς
2215 459 2643 529 ὑπογράψαντας
2667 463 2735 532 τῇ
2763 462 2968 534 συνόδῳ
2993 463 3096 535 (q).
3133 463 3311 518 πολλὰ
3334 463 3401 518 τὰ
3425 465 3521 538 ἐτη
3547 465 3648 520 τοῦ
3716 482 3720 485 ‘

2065 547 2352 617 βασιλέως,
2382 549 2556 603 πολλὰ
2585 550 2653 604 τὰ
2678 551 2772 623 ἔτη
2796 553 2895 623 τῆς
2919 554 3243 625 Αὐγούστης
3267 570 3282 585 ·
3309 556 3435 618 τοὺς
3466 557 3650 610 Πατέ-

2063 657 2164 711 ρας
2195 643 2260 711 τῇ
2292 641 2516 713 συνόδῳ,
2548 643 2674 708 τοὺς
2703 645 3035 714 όμοπίστους
3077 648 3144 716 τῇ
3196 646 3424 718 συνόδῳο
3475 648 3650 702 πολλά

2059 732 2128 786 τὰ
2155 732 2250 804 ἐτη
2277 733 2372 787 τοῦ
2407 732 2671 804 βασιλέως
2694 751 2708 766 ·
2737 737 2865 801 τοὺς
2909 737 3223 809 ὁμόφρονας
3260 741 3329 811 τῇ
3390 741 3597 812 συνόδῳ
3629 758 3644 775 ο

2063 825 2235 880 πολλὰ
2293 826 2363 881 τὰ
2419 828 2516 898 ἐτη
2567 827 2662 882 τοῦ
2695 829 2961 899 βασιλέως
2987 846 3002 862 ο
3041 833 3090 884 οἱ
3127 831 3332 896 πάντες
3367 835 3434 904 τῇ
3462 834 3647 888 πίστει

2065 916 2467 991 ὑπεγράψαμεν
2493 935 2506 951 ’
2540 919 2617 984 ὡς
2644 921 2671 974 ό
2701 922 2876 988 Λέων,
2907 921 3081 987 οὕτως
3109 924 3443 996 φρονοῦμεν.

2133 1185 2244 1240 Καὶ
2295 1184 2574 1247 διαλαλιᾶς
2619 1184 2936 1257 ἐνεχθείσης
2969 1185 3062 1239 ἐπὶ
3089 1183 3292 1253 λέξεως
3341 1180 3477 1240 ὧδεο
3523 1187 3647 1240 Ἀν-

2063 1275 2375 1347 ηνέγκαμεν
2409 1277 2486 1346 τῷ
2522 1277 2784 1346 θειοτάτῳ
2819 1278 2914 1329 καὶ
2943 1277 3326 1350 εὐσεϐεστάτῳ
3358 1278 3517 1349 ἡμῶν
3557 1278 3646 1330 δε-

2066 1368 2242 1440 σπότῃ
2293 1368 2421 1438 περὶ
2471 1369 2675 1434 αὐτῶν,
2708 1370 2803 1423 καὶ
2840 1369 3190 1441 ἀναμένομεν
3221 1369 3321 1443 τὴν
3353 1372 3651 1441 ἀπόκρισιν

2060 1460 2165 1531 τῆς
2203 1461 2367 1514 αὐτοῦ
2425 1461 2724 1526 εὑσεόείας.
2767 1463 2830 1516 Ἦ
2885 1463 2942 1516 δὲ
2999 1463 3258 1521 εὐλάϐεια
3311 1465 3344 1535 ἡ
3406 1464 3652 1534 ὑμετέρα

2063 1555 2160 1608 καὶ
2189 1552 2322 1625 περὶ
2365 1553 2660 1626 Διοσκόρου
2710 1554 2806 1609 τοῦ
2841 1557 2976 1628 παρ’
3016 1555 3170 1628 ὑμῶν
3223 1555 3654 1624 καθαιρεθέντος

2065 1644 2366 1715 ἀγνοούσης
2395 1645 2492 1698 καὶ
2518 1646 2619 1714 τῆς
2659 1646 2941 1718 θειοτάτης
2963 1647 3212 1718 κορυφῆς
3241 1646 3334 1701 καὶ
3368 1646 3530 1718 ήμῶν
3553 1644 3649 1717 (r),

2067 1737 2161 1790 καὶ
2195 1737 2324 1806 περὶ
2349 1735 2530 1790 αὐτῶν
2559 1737 2669 1790 τῶν
2703 1739 2864 1791 πέντε
2896 1738 3037 1810 ὑπὲρ
3071 1732 3148 1792 ὧν
3196 1738 3297 1808 τὴν
3356 1737 3648 1807 παράκλη-

2070 1845 2153 1881 σιν
2201 1827 2494 1894 ποιεῖσθαι,
2529 1829 2623 1881 καὶ
2681 1828 2900 1883 πάντων
2937 1829 3048 1902 (56)
3078 1829 3186 1884 τῶν
3235 1827 3650 1900 πεπραγμένων

2065 1920 2126 1974 ἐν
2182 1922 2249 1991 τῇ
2307 1919 2510 1990 συνόδῳ
2545 1919 2708 1975 δώσει
2746 1920 2905 1989 λόγον
2933 1920 3010 1992 τῷ
3041 1921 3163 1990 Θεῷ
3188 1936 3203 1951 ο
3237 1920 3648 1990 ἐπευφήμησαν

2065 2011 2317 2080 λέγοντες
2346 2027 2360 2041 '
2393 2011 2693 2083 Διόσκορον
2725 2012 2752 2064 ό
2790 2012 2922 2075 Θεὸς
2953 2012 3226 2076 καθεῖλεν,
3250 2011 3542 2081 Διόσκορος
3569 2009 3650 2062 δι-

2066 2104 2240 2168 καίως
2299 2103 2603 2174 καθῃρέθη,
2631 2103 2924 2173 Διόσκορον
2983 2104 3014 2156 ὁ
3073 2102 3313 2174 Χριστὸς
3367 2100 3643 2155 καθεῖλεν.

2067 2189 2202 2249 Εἶτα
2255 2192 2392 2264 μετὰ
2433 2193 2607 2247 ταῦτα
2661 2194 2761 2262 τῆς
2810 2193 2918 2246 ἀπὸ
2967 2192 3290 2263 Μαρκιανοῦ
3325 2190 3646 2262 ἐνεχθείσης

2065 2287 2431 2360 ἀποκρίσεως,
2468 2289 2534 2358 τῇ
2586 2287 2857 2360 διακρίσει
2889 2286 2999 2341 τῶν
3057 2288 3375 2340 ἐπισκόπων
3402 2286 3474 2340 τὰ
3516 2286 3642 2357 περὶ

2065 2379 2176 2433 τῶν
2233 2377 2670 2449 καθαιρεθέντων
2730 2378 3004 2450 διδούσης,
3031 2377 3172 2447 ὡςή
3223 2376 3478 2429 διαλαλιὰ
3535 2375 3643 2430 τῶν

2067 2469 2347 2540 ἀρχόντων
2373 2468 2643 2539 ἐδήλωσεν
2668 2483 2682 2496 °
2716 2466 3020 2536 ἐδεήθησαν
3051 2469 3144 2520 ἐπὶ
3172 2465 3368 2530 λέξεως
3397 2464 3648 2526 εἰπόντες

2064 2562 2241 2616 ταῦτα
2266 2577 2282 2593 ·
2319 2559 2762 2632 Παρακαλοῦμεν
2787 2559 2985 2621 αὐτοὺς
3009 2557 3271 2610 εἰσελθεῖν
3295 2575 3308 2588 ·
3339 2557 3468 2618 τοὺς
3512 2558 3648 2626 ὁμο-

2063 2653 2248 2720 δόξους
2275 2655 2340 2723 τῇ
2378 2651 2604 2722 συνόδῳ,
2633 2651 2760 2714 τοὺς
2809 2650 3123 2720 ὁμόφρονας
3151 2652 3217 2719 τῇ
3251 2648 3451 2719 συνόδῳ
3473 2689 3488 2712 ,
3517 2649 3649 2708 τοὺς

2067 2741 2494 2813 ὐπογράψαντας
2526 2741 2594 2812 τῇ
2643 2737 2899 2810 ἐπιστολῇ
2938 2739 3171 2801 Λέοντος
3203 2739 3267 2808 τῇ
3301 2736 3526 2806 συνόδῳ.
3554 2735 3651 2789 Οἴ-

2066 2852 2172 2905 περ
2203 2835 2310 2888 ἀπὸ
2347 2831 2627 2894 διαλαλιᾶς
2655 2835 2722 2903 τῇ
2759 2831 2961 2901 συνόδῳ
2996 2828 3504 2901 συνηριθμήθησαν.
3535 2828 3652 2881 Καί⁸

2069 2926 2209 2997 μετὰ
2240 2925 2398 2978 τοῦτο
2424 2925 2638 2993 δεήσεις
2667 2921 3045 2992 ἐπιδεδομέναι
3074 2920 3230 2993 παρὰ
3266 2921 3377 2974 τῶν
3420 2919 3654 2972 ἐπισκό-

379 3012 609 3068 admissi
636 3019 766 3068 sunt
811 3011 866 3066 in
912 3013 1204 3084 synodum.
1249 3015 1445 3070 Postea
1480 3016 1693 3072 recitati
1735 3028 1866 3073 sunt
1893 3019 1962 3073 li-

2067 3035 2185 3072 πων
2218 3018 2318 3087 τῆς
2344 3017 2404 3070 ἐν
2432 3014 2696 3086 Αἰγύπτῳ
2727 3014 3055 3084 διοικήσεως
3083 3010 3393 3084 Μαρκιανῷ
3421 3010 3502 3081 τῷ
3546 3011 3654 3064 αὐ-

379 3103 509 3160 belli
533 3118 782 3174 precum,
814 3103 909 3173 qui
938 3103 1007 3158 ab
1039 3105 1316 3174 episcopis
1343 3106 1673 3179 [Egyptiacae
1703 3107 1963 3165 dimcesis

377 3193 549 3250 oblati
580 3193 801 3249 fuerant
827 3194 1144 3264 imperatori
1177 3195 1470 3251 Marciano.
1498 3198 1558 3252 In
1583 3198 1787 3269 quibus
1813 3201 1960 3254 inter

377 3287 488 3344 alia
517 3328 531 3352 .
580 3287 698 3343 haec
744 3285 1070 3357 legebantur
1111 3305 1125 3342 :
1172 3288 1452 3344 Sentimus
1497 3290 1960 3360 quemadmodum

379 3377 615 3435 trecenti
663 3385 720 3433 et
765 3377 1072 3433 octodecim
1105 3379 1295 3444 Patres
1338 3381 1534 3437 Nicaeae
1560 3391 1958 3453 exposuerunt,

379 3483 438 3530 et
465 3476 661 3530 beatus
687 3474 1046 3540 Athanasius,
1071 3483 1127 3529 et
1153 3483 1355 3531 sancta:
1377 3477 1660 3532 memoria:
1684 3476 1958 3548 Cyrillus;

380 3565 732 3620 anathemate
765 3565 1089 3619 damnantes
1110 3581 1329 3621 omnem
1371 3566 1642 3633 haeresim,
1669 3568 1785 3622 Arii
1809 3569 1960 3624 scili-

379 3667 470 3713 cet
507 3664 680 3727 atque
718 3653 1002 3720 Eunomii,
1058 3656 1290 3712 Manetis
1333 3659 1465 3712 item
1500 3674 1564 3714 ac
1596 3659 1859 3724 Nestorii,
1903 3670 1961 3715 et

385 3763 574 3804 eorum
622 3747 718 3819 qui
769 3747 966 3803 dicunt
1017 3763 1238 3804 carnem
1273 3751 1492 3805 Domini
1540 3751 1715 3806 nostri
1749 3766 1780 3806 e
1819 3751 1960 3807 coelo

376 3854 528 3906 esse,
551 3855 661 3894 non
689 3851 875 3894 autem
903 3855 971 3896 ex
1021 3847 1209 3895 sancta
1236 3840 1471 3911 Deipara
1499 3849 1555 3896 et
1586 3856 1804 3910 semper
1833 3842 1961 3897 Vir-
1995 3837 1998 3840 ’

375 3930 504 3999 gine
538 3930 725 3995 Maria,
756 3929 993 3984 similem
1023 3929 1268 3983 omnium
1301 3939 1550 3984 nostrum
1569 3930 1731 4001 325
1753 3932 1962 4001 absque

375 4028 625 4089 peccato.
653 4020 796 4075 Tum
827 4035 1022 4075 omnes
1066 4019 1314 4090 episcopi
1355 4021 1450 4090 qui
1502 4021 1558 4076 in
1597 4022 1808 4093 synodo
1864 4021 1962 4077 ad-

375 4119 557 4174 erant,
589 4109 972 4164 exclamarunt
988 4108 1078 4164 his
1095 4109 1282 4166 verbis
1310 4129 1322 4166 :
1361 4110 1473 4166 Cur
1497 4112 1763 4184 Eutychis
1795 4112 1960 4167 etiam

374 4197 574 4268 dogma
629 4197 720 4252 isti
781 4198 1009 4255 minime
1049 4199 1434 4256 damnarunt?
1478 4203 1724 4273 epistola:
1757 4203 1961 4259 Leonis

376 4289 750 4357 subscribam,
787 4291 1136 4349 anathemate
1181 4296 1505 4350 damnantes
1546 4295 1849 4366 Eutychem
1896 4311 1960 4351 ac

2066 3110 2362 3180 τοκράτορι
2391 3105 2817 3175 ἀνεγνώσθησαν
2841 3145 2857 3170 ,
2897 3105 2954 3158 αἳ
2991 3105 3309 3176 περιέχουσι
3345 3103 3484 3174 πρὸς
3525 3102 3651 3156 ἐτέ-

2063 3218 2179 3273 ροις
2205 3217 2220 3232 ο
2282 3197 2594 3270 Φρονοῦμεν
2623 3196 2806 3260 καθὼς
2844 3198 2940 3252 καλ.
2989 3199 3037 3251 οἰ
3088 3198 3146 3250 ἐν
3178 3195 3386 3266 Νικαίᾳ
3414 3201 3525 3263 τιη¹
3559 3195 3654 3262 ἐξ-

2062 3291 2268 3353 έθεντο,
2299 3288 2394 3342 καὶ
2421 3288 2450 3340 ὁ
2485 3286 2757 3358 μακάριος
2796 3284 3114 3348 Ἀθανάσιος
3137 3325 3152 3350 ,
3189 3284 3285 3338 καὶ
3308 3285 3336 3337 ὁ
3375 3286 3433 3336 ἐν
3460 3283 3647 3353 ἁγίοις
3685 3286 3688 3290 “

2061 3379 2362 3453 Κύριλλος·
2385 3376 2886 3447 ἀναθεματίζοντες
2948 3377 3130 3430 πᾶσαν
3189 3375 3426 3445 αἵρεσιν,
3458 3375 3559 3444 τήν
3589 3389 3654 3427 τε

2076 3475 2310 3548 Ἀρείου,
2346 3472 2441 3528 καὶ
2469 3470 2758 3541 Εὐνομίου,
2789 3469 2883 3524 καὶ
2940 3469 3149 3535 Μάνου,
3179 3468 3275 3521 καὶ
3303 3466 3611 3537 Νεστορίου
3632 3507 3649 3534 ,

2063 3570 2158 3623 καὶ
2189 3567 2296 3621 τῶν
2324 3567 2590 3634 λεγόντων
2623 3563 2682 3631 ἐξ
2709 3561 2940 3634 οὐρανοῦ
2974 3562 3074 3634 τὴν
3102 3561 3283 3631 σάρκα
3314 3559 3410 3612 τοῦ
3441 3558 3650 3630 Κυρίου

2063 3661 2238 3735 ἡμῶν,
2272 3658 2365 3715 καὶ
2384 3657 2458 3729 μὴ
2475 3659 2539 3727 ἐκ
2563 3655 2664 3726 τῆς
2686 3653 2846 3722 ἁγίας
2861 3651 3124 3706 Θεοτόκου
3145 3651 3241 3704 καὶ
3257 3646 3648 3717 Ἀειπαρθένου

2062 3752 2305 3822 Μαρίας,
2335 3746 2458 3803 καθ’
2485 3745 2780 3817 ὁμοιότητα
2813 3743 3031 3797 πάντων
3052 3741 3232 3812 ἡμῶν,
3263 3739 3439 3810 χωρὶς
3462 3739 3651 3809 ἁμαρ-

2062 3845 2204 3908 τίας.
2227 3841 2438 3904 Πάντες
2461 3839 2509 3892 οἰ
2540 3839 2636 3908 τῆς
2672 3836 2893 3890 συνόδου
2923 3833 3235 3904 ἀνέκραξαν
3265 3830 3546 3900 λέγοντεςο
3575 3829 3652 3882 Τό

2061 3937 2240 4005 δόγμα
2265 3931 2542 4002 Εὐτυχοῦς
2567 3928 2711 3984 διατί
2743 3928 2818 3999 μὴ
2848 3926 3252 3996 ἀνεθεμάτισαν
3280 3940 3296 3990 ;
3332 3925 3399 3995 τῇ
3431 3923 3655 3976 ἐπιστο-

2061 4029 2126 4100 λῇ
2159 4025 2387 4088 Λέοντος
2420 4020 2845 4091 ὑπογράψωσιν,
2878 4014 3379 4086 άναθεματίζοντες
3413 4013 3656 4083 Εὐτυχετ

2063 4121 2158 4176 καὶ
2212 4120 2325 4181 τοῖς
2377 4116 2645 4185 δόγμασιν
2706 4107 2872 4164 αὐτοῦ
2897 4124 2911 4140 ·
2951 4107 3255 4162 συνθῶνται
3285 4108 3352 4176 τῇ
3383 4105 3655 4176 ἐπιστολῇ

2062 4210 2309 4271 Λέοντοςο
2341 4204 2604 4277 χλευάσαι
2626 4202 2772 4272 ἡμᾶς
2803 4199 3050 4253 θέλουσιν
3075 4196 3170 4250 καὶ
3195 4194 3474 4250 ἀπελθεῖν.
3499 4195 3654 4264 Πρὸς

2064 4301 2102 4358 ἃ
2124 4299 2342 4370 διῆλθον
2369 4297 2418 4351 οἰ
2448 4294 2507 4360 ἐξ
2536 4292 2820 4361 Αἰγύπτου
2851 4289 3166 4355 ἐπίσκοποι,
3199 4287 3275 4351 ὡς
3304 4285 3493 4338 πολλοὶ
3520 4300 3654 4352 τυγ-

368 4381 688 4436 doctrinam
713 4383 834 4454 ejus
861 4403 873 4439 :
901 4386 1247 4442 consentiant
1271 4386 1517 4457 epistolae
1556 4388 1789 4453 Leonis;
1832 4389 1959 4445 illu-

2067 4367 2320 4466 χάνουσιν
2353 4390 2402 4441 οἰ
2425 4388 2482 4440 ἐν
2512 4382 2776 4453 Αἰγύπτῳ
2806 4381 3120 4445 ἐπίσκοποι,
3153 4379 3252 4433 καὶ
3282 4377 3358 4448 μὴ
3384 4375 3656 4429 δύνασθαι

375 4473 508 4530 dere
554 4475 718 4532 nobis
753 4477 944 4534 volunt
985 4487 1042 4534 et
1083 4480 1400 4536 abscedere.
1448 4479 1529 4535 Ad
1565 4481 1682 4536 haec
1714 4483 1960 4553 episcopi

372 4563 593 4639 Egypti
651 4569 1078 4640 responderunt,
1133 4571 1337 4626 multos
1389 4583 1511 4626 esse
1561 4571 1851 4642 episcopos
1899 4576 1958 4631 in

2065 4485 2127 4540 τὸ
2169 4483 2276 4536 τῶν
2337 4474 2869 4547 άπολιμπανομένων
2913 4469 3272 4533 ἀναδέξασθαι
3298 4469 3600 4538 πρόσωπον
3635 4481 3654 4500 ο

2068 4577 2164 4633 καὶ
2215 4570 2563 4644 παρεκάλουν
2623 4567 2914 4637 ἀναμεῖναι
2961 4563 3063 4635 τὴν
3101 4561 3317 4616 σύνοδον
3346 4559 3440 4614 τὸν
3465 4557 3656 4614 αὐτῶν

1582 4729 1856 4788 VALESII
1896 4729 2458 4793 ANNOTATIONES.

440 4821 554 4892 (56)
591 4823 732 4892 Περὶ
766 4823 967 4879 αὐτῶν
1009 4823 1129 4879 τῶν
1162 4824 1422 4879 πάντων.
1470 4824 1696 4881 Rectius
1739 4826 1793 4881 in
1832 4843 1952 4885 ma-

375 4893 678 4971 nuscriptis
703 4894 991 4971 codicibus
1019 4895 1338 4971 Florentino
1381 4902 1438 4950 et
1470 4895 1780 4971 Telleriano
1813 4901 1950 4971 legi-

375 4966 470 5015 tur
497 4963 606 5017 τῶν
655 4963 838 5019 πέντε.
888 4963 1177 5030 Quomodo
1229 4965 1395 5019 etiam
1439 4965 1708 5036 scriptum
1760 4979 1846 5025 εει
1868 4963 1952 5026 Vin

2060 4831 2274 4888 actione
2327 4832 2524 4898 quarta
2566 4820 2762 4896 synodi
2805 4817 3068 4877 Chalced.
3111 4830 3240 4888 pag.
3269 4811 3401 4878 2'52,
3427 4823 3657 4867 necnon

2060 4901 2207 4973 apud
2234 4897 2625 4968 Nicephorum.

1797 5103 2191 5164 VARIORUM.

325 5161 329 5164 ί
443 5195 522 5273 (q)
557 5193 711 5273 Τοὺς
739 5195 1213 5273 exprme-grth
1263 5195 1339 5267 τῇ
1369 5199 1631 5273 συνόδῳ.
1655 5199 1716 5273 id
1741 5202 1962 5273 εει,ᾳυὶ

2082 5161 2367 5273 boarium.
2395 5195 2737 5273 edit._Labb.
2766 5209 2890 5267 pag.
2923 5193 3082 5249 1475.
3115 5191 3228 5273 Leo
3261 5203 3408 5271 saepe
3456 5190 3655 5271 horta-

374 5267 622 5338 epistolae
665 5267 872 5324 Leonis
916 5267 985 5322 ad
1034 5267 1354 5323 Flavianum
1419 5270 1592 5338 episc.
1642 5269 1754 5326 ΟΡ.
1794 5267 1975 5325 missa:
2083 5279 2173 5324 tur
2199 5271 2392 5325 Patres
2419 5267 3013 5338 Cbaleedonenses,__ut_
3039 5267 3200 5338 venia
3222 5267 3506 5338 episcopis
3532 5277 3658 5338 pg-

378 5337 596 5420 siibsci-j
607 5345 858 5420 pse_r_unt,
871 5407 883 5418 .
899 5346 958 5420 u_t
983 5339 1371 5420 antecedentia
1393 5337 1976 5420 et’sequentjapsten-

377 5404 540 5494 dunt.
573 5404 834 5494 liitellige.
869 5407 1009 5463 istos
1054 5407 1375 5494 episcopos,
1402 5409 1516 5490 .qui
1553 5404 1818 5494 'quamyis
1856 5425 1968 5494 pne

373 5485 523 5531 metu
586 5478 835 5534 Dioscori
910 5478 1148 5535 concilio
1210 5478 1493 5545 Ephesino
1544 5478 1969 5545 aSsentirentur,

369 5555 562 5611 postea
614 5561 798 5604 tamen
851 5549 906 5604 in
956 5547 1169 5616 synodo
1213 5547 1528 5616 CPolitana,
1582 5549 1652 5603 ab
1709 5548 1964 5604 Anatolio

367 5627 701 5689 Congrsgata
733 5631 880 5673 anno
905 5617 1036 5689 4150,
1086 5618 1336 5689 epistolae
1375 5617 1580 5689 Leonis
1622 5617 1964 5689 SUbSCl‘lpS_9_.:

357 5684 502 5740 rant.
545 5684 724 5759 Hujus
765 5684 969 5763 synodi
1007 5684 1320 5762 fragmenta
1363 5687 1554 5746 videre
1599 5696 1683 5745 cst
1728 5684 1860 5744 tom'.
1891 5684 1962 5740 lli

2078 5339 2386 5395 nitentibus
2437 5336 2855 5392 concederetur.
2914 5333 3038 5389 Vid.
3097 5329 3269 5401 epist.
3295 5329 3387 5396 59,
3423 5329 3657 5391 £0.16.

2064 5408 2617 5557 Ἕυῗςὲοὐιξης
2635 5473 2738 5557 ξιαὲ
2767 5472 2878 5541 τῆς
2907 5466 3525 5557 θειοτάτηςίκρηξξεῖῑς
3553 5468 3659 5557 es!

2064 5541 2253 5615 ἠμῶν.
2290 5541 2854 5619 Ερίεοορίᾶιὶῐῐιίτυω
2903 5543 2960 5597 in
2999 5541 3240 5619 secunda
3290 5541 3517 5619 actione
3551 5541 3660 5619 soli

2062 5609 2461 5684 convenerunt,
2495 5609 2636 5674 'cum
2683 5615 2982 5670 Dioscorus
3025 5610 3316 5681 depositus
3355 5617 3527 5667 esset.
3562 5609 3662 5665 W.

2062 5689 2279 5747 Lowrn.
