4070 6176
463 239 600 309 2581
1423 240 1810 306 HISTORIA!
1846 245 2056 308 ECCLI

2159 248 2436 312 ASTIC/E
2475 254 2707 315 LIBER
2745 253 2827 314 II.
3586 255 3729 321 2582
3746 274 3765 313 ﬁ

465 350 924 424 ἀρχιεπίσκοπον,
959 349 1049 405 ἵνα
1072 353 1136 425 τῇ
1164 351 1362 427 γνώμῃ
1402 354 1615 410 ἐκείνου
1658 356 2042 427 ἀκολουθήσω-

2159 359 2398 432 Egypto,
2418 377 2520 417 nec
2550 378 2712 432 posse
2738 377 2795 418 se
2826 363 3073 418 omnium
3112 378 3405 433 personam
3434 366 3733 428 sustinere,
3770 406 3773 407 ν

464 462 569 510 σιν,
594 443 671 506 ὡς
702 443 767 496 τὸ
795 442 918 506 ἔθος
948 443 1218 514 βούλεται.
1258 446 1385 500 Ἐὰν
1407 446 1516 518 γὰρ
1539 448 1645 519 πρὸ
1668 450 1766 519 τῆς
1786 448 1882 503 τοῦ
1916 451 2045 519 ἠγε-

2159 449 2522 518 έοευὺοηιιιιιο
2554 458 2614 504 ιιι
2664 450 2909 521 synodus
2949 451 3436 521 archiepiscopum
3486 454 3732 523 ipsorum
3766 488 3771 497 ι

467 533 791 606 μονεύοντος
842 534 1117 606 προϐολῆς
1149 537 1423 607 ποιήσωσι
1459 555 1534 601 τι,
1572 539 1907 611 ἐπέρχεσθαι
1946 540 2045 593 αὺ-

2159 549 2507 609 :xspectaret,
2532 555 2642 610 quo
2661 540 2764 609 ipsi
2800 541 3130 596 sententiam
3160 542 3311 597 illius
3340 552 3733 612 sequerentur,
3765 587 3769 590 .

462 624 576 685 τοῖς
607 623 732 684 τοὺς
763 623 873 676 ἀπὸ
916 624 1099 694 πάσης
1146 624 1245 693 τῆς
1284 626 1666 698 Αἰγυπτιακῆς
1697 628 2043 697 διοικήσεως.

2159 631 2306 686 sicuti
2344 646 2463 686 mos
2504 632 2768 702 pustulat.
2824 632 2960 686 Nam
3014 634 3058 686 si
3109 643 3237 687 ante
3287 633 3615 688 electionem
3648 650 3736 687 an-

466 714 579 767 Kal
615 712 790 767 πολλά
817 714 948 785 περὶ
980 716 1185 768 τούτων
1205 716 1530 786 δεηθέντων,
1561 720 1655 773 και
1683 721 1790 773 τῶν
1811 720 1919 774 ἀπὸ
1948 721 2047 791 τῆς

2159 721 2483 791 :hiepiscopi
2528 723 2612 776 sui
2655 722 2939 793 quidpiam
2976 725 3242 794 egissent,
3294 732 3527 779 cunctos
3571 722 3737 795 Egy-

469 805 689 859 συνόδου
765 806 911 874 μάλα
978 807 1216 878 ἰσχυρῶς
1259 810 1689 875 ἀντιτεινόντων,
1749 811 2043 883 διελαλήθη

2159 814 2347 883 ptiaca:
2372 813 2628 869 diuaeesis
2664 816 2928 885 impetum
2962 815 3017 869 in
3048 816 3196 885 ipsos
3223 832 3344 871 esse
3377 816 3639 871 facturos.
3669 818 3738 872 Et

468 897 752 967 ὲνδοθῆναι
803 901 919 961 τοῖς
952 899 1012 963 ἐξ
1061 901 1341 969 Αἰγύπτου
1395 903 1719 966 ἐπισκόποις
1755 903 1952 976 μέχρις
1980 898 2044 958 οὗ

2159 919 2281 959 cum
2313 905 2406 959 diu
2435 907 2778 976 multumque
2812 908 2979 977 hujus
3001 909 3080 962 rei
3100 924 3264 962 causa
3292 908 3500 977 precati
3527 915 3732 973 essent,

469 989 903 1059 ἀρχιεπίσκοπος
981 992 1168 1055 αὐτοῖς
1239 994 1668 1064 προχειρισθείη.
1732 996 1844 1051 Καὶ
1908 996 2046 1065 μετά

2159 1004 2212 1051 et
2263 996 2508 1065 episcopi
2557 998 2651 1067 qui
2702 1000 2757 1052 in
2790 998 3028 1053 concilio
3075 1007 3269 1063 erant,
3319 996 3623 1051 fortissime
3653 996 3763 1050 eis.

470 1080 647 1145 τοῦτο,
673 1082 887 1152 δεήσεις
918 1084 1225 1139 ὲπεδίδοντό
1251 1102 1413 1139 τινων
1447 1088 1718 1157 μοναχῶν,
1750 1084 1826 1145 ὦν
1853 1091 1914 1143 τὸ
1953 1109 2050 1145 κε-

2159 1089 2501 1154 restitissent,
2530 1106 2629 1159 per
2658 1090 3136 1146 interlocutionem
3176 1098 3508 1160 praaceptum
3534 1096 3638 1152 est,
3675 1096 3737 1141 ut

473 1170 701 1238 φάλαιον
761 1168 875 1242 ἧν,
942 1175 1210 1244 μηδαμῶς
1272 1176 1473 1240 αὐτοὺς
1524 1178 1932 1245 ἀναγκάζεσθαι
1978 1181 2050 1234 -ἔν

2159 1183 2427 1253 episcopis
2466 1182 2680 1255 lEgypti
2729 1184 2920 1238 dilatio
2950 1183 3336 1252 consideretur
3374 1180 3735 1250 quoadusque

473 1280 581 1315 τισι
628 1265 854 1335 χάρταις
906 1266 1265 1337 ὑπογράφειν,
1295 1268 1493 1338 μέχρις
1534 1269 1600 1322 ἂν
1631 1270 2049 1345 συναθροισθείη

2159 1273 2445 1328 ordinatus
2493 1275 2627 1343 ipsis
2669 1274 2866 1330 fuisset
2908 1274 3377 1344 archiepiscOpus.
3438 1271 3567 1325 Post
3618 1269 3749 1324 bare

469 1356 504 1424 ὴ
545 1355 761 1419 σύνοδος
796 1356 913 1428 (57)
948 1360 1013 1427 ἢν
1046 1359 1371 1413 τεθέσπικεν
1398 1362 1427 1413 ὁ
1460 1359 1712 1430 βασιλεὺς
1736 1364 2049 1435 ἁλισθῆναι,

2159 1366 2351 1421 oblata
2384 1375 2512 1421 sunt
2535 1383 2730 1437 preces
2756 1368 3119 1437 quorumdam
3155 1364 3573 1420 monachorum.
3601 1374 3738 1430 qua--

471 1446 566 1499 καὶ
594 1447 659 1500 τά
690 1448 1050 1515 τετυπωμένα
1079 1448 1285 1519 γνώσῃ.
1542 1504 1547 1509 .

2159 1473 2277 1512 rum
2306 1459 2423 1513 haec
2448 1468 2567 1514 erat
2591 1475 2822 1525 summa,
2847 1460 3238 1513 utnullatenus
3266 1455 3478 1511 chartis
3506 1453 3735 1522 quibus.

469 1542 593 1598 dam
641 1543 991 1601 subscribere
1020 1555 1372 1615 cogerentur,
1400 1546 1583 1617 quoad
1617 1563 1790 1618 usque
1840 1562 2170 1624 congregata
2205 1562 2353 1608 esset
2384 1555 2628 1626 synodus
2651 1570 2814 1624 quam
2877 1554 3152 1608 indixerat
3212 1554 3512 1622 imperator
3562 1556 3615 1602 et
3647 1561 3745 1614 ea,

470 1648 592 1702 quae
618 1633 827 1688 sancita
858 1634 1096 1699 fuerant,
1122 1646 1496 1706 cegnosceret.

541 1721 640 1779 Ὦν
669 1726 1141 1794 ἀναγνωσθεισῶν,
1174 1699 1433 1799 Ᾰιογὲνης
1461 1699 1768 1792 ἐπίσκοπος.
1800 1730 2041 1795 Κυζίκου

2216 1729 2315 1784 His
2359 1729 2639 1794 recitatis,
2688 1728 2959 1799 Diogenes
3004 1727 3298 1797 episcopus
3366 1726 3548 1797 Cyziei
3596 1729 3735 1788 dixit

468 1817 734 1887 διεξῆλθε,
766 1818 1092 1888 Βαρσουμᾶν
1117 1817 1218 1875 ἕνα
1242 1819 1351 1872 τῶν
1369 1819 1728 1875 συνελθόντων
1754 1821 2051 1875 Φλαδιανδν

472 1911 695 1980 σφάξαι.
733 1910 906 1963 Αὐτὸν
933 1912 1043 1982 γάρ
1064 1912 1284 1982 κράξαι,
1316 1911 1527 1980 Σφάξον
1548 1928 1561 1943 ο
1608 1913 1703 1966 καὶ
1737 1912 1813 1984 μὴ
1868 1914 2045 1982 ἐγκεί-

474 2018 635 2071 μενον
649 2003 771 2063 ταῐς
792 2001 1033 2071 δεήσεσι,
1059 2001 1217 2072 παρά
1250 2002 1311 2055 τὸ
1340 2002 1462 2057 δέον
1485 2003 1583 2074 τῆς
1611 2002 1819 2058 εἰσόδου
1842 2008 2050 2074 τυχεῖν.

473 2085 566 2155 Οἷς
599 2091 908 2162 ἐπεϐόησαν
957 2092 1162 2156 πάντες
1186 2094 1236 2146 oi
1270 2091 1594 2146 ἐπίσκοποι·
1624 2095 1811 2147 Πᾶσαν
1853 2095 2054 2164 Συρίαν

470 2183 799 2253 Βαρσουμᾶς
821 2184 1123 2253 ἡφάνισεψ
1160 2185 1444 2255 ἐπήγαγεν
1474 2186 1609 2255 ἡμῖν
1636 2184 1841 2254 χιλίους
1890 2186 2058 2255 μονάε

472 2273 685 2338 ζοντας.
731 2276 844 2328 Καὶ
892 2276 1178 2339 διαλαλιᾶς
1226 2277 1545 2347 ἂνεχθείσης
1598 2279 1888 2347 ἀναμεῖναι
1932 2280 2055 2343 τοὺς

470 2365 906 2447 συνεληλυθότας
948 2368 1045 2439 τὴν
1103 2369 1213 2423 ἀπὸ
1265 2369 1366 2435 τῆς
1423 2370 1643 2423 συνόδου
1695 2370 2053 2438 διατύπωσιν,

470 2457 714 2528 ὴξίωσαν
742 2460 792 2512 οἱ
820 2460 1049 2529 μοναχοὶ
1074 2461 1201 2525 τοὺς
1245 2461 1715 2530 συντεταγμένους
1742 2464 1928 2526 αὐτοῖς
1964 2464 2049 2516 λι-

473 2548 692 2614 δέλλους
716 2545 1258 2619 ἀναγνωσθῆναιῖον
1281 2550 1445 2622 μέρος
1472 2553 1810 2623 ὑπῆρχε,τὸν
1832 2554 2057 2607 Διόσκοο

475 2654 568 2709 ρον
584 2642 678 2693 καὶ
689 2642 813 2703 τοὺς
827 2643 922 2695 σὺν
934 2641 1082 2713 αὐτῷ
1094 2643 1429 2706 ἐπισκόπους
1440 2646 1693 2711 παρεῖναι
1710 2645 1852 2699 κατά
1864 2646 1924 2698 τὸ
1942 2662 2059 2699 συν-

473 2729 669 2799 έδριον.
688 2731 831 2801 Πρὸς
850 2731 877 2787 δ
900 2732 1205 2801 ἐπεϐόησαν
1233 2733 1435 2794 πάντες
1466 2733 1514 2785 οἱ
1548 2733 1835 2787 ἐπίσκοποι
1855 2751 1869 2768 ο
1904 2736 2059 2789 Ἀνάο

475 2820 617 2894 θεμα
642 2823 938 2894 Διοσκόρῳ,
957 2823 1244 2893 Διόσκορον
1260 2826 1287 2876 ό
1320 2811 1556 2893 Χριστὸς
1568 2824 1807 2891 καθεῖλε,
1840 2827 2060 2889 τούτους

473 2912 579 2976 ἔξω
608 2913 788 2983 βάλλε,
804 2910 935 2984 ἆρον
957 2914 1114 2985 ὓϐριν
1131 2916 1225 2984 τῆς
1246 2916 1487 2979 συνόδου,
1504 2911 1635 2983 ἆρον
1667 2916 1788 2986 βίαν
1809 2919 1906 2989 τῆς
1935 2935 2061 2972 συν-

475 3004 618 3061 όδου.
644 3006 754 3068 Τὰς
783 3008 965 3075 φωνάς
993 3006 1069 3077 τῷ
1092 3006 1319 3077 βασιλεῖ,
1340 3002 1471 3077 ἆρον
1500 3007 1655 3078 ὕὸριν
1681 3008 1782 3078 τῆς
1814 3010 2057 3076 συνόδου,

2153 1821 2495 1887 Barsumam,
2534 1838 2703 1877 unum
2749 1837 2818 1877 ex
2865 1820 2932 1887 iis
2979 1820 3077 1889 qui
3125 1820 3359 1890 ingressi
3408 1819 3630 1875 fuerant
3681 1832 3747 1877 ιη

2153 1913 2473 1977 concilium,
2520 1912 2789 1967 occidisse
2835 1910 3180 1965 Flavianum.
3225 1909 3382 1963 Illum
3428 1907 3577 1963 enim
3620 1911 3735 1966 cla-

2154 1976 2332 2059 m‘asse
2358 2020 2372 2056 :
2406 2002 2641 2069 Occide;
2669 2012 2727 2058 et
2758 2002 3011 2072 quamvis
3043 2000 3099 2054 in
3129 2000 3318 2055 libello
3361 2015 3591 2069 precum
3639 2016 3751 2056 [ιο-ς

2154 2097 2397 2151 minatus
2446 2112 2557 2151 non
2603 2097 2706 2161 sit,
2754 2111 2882 2150 eum
2936 2104 3118 2149 tamen
3166 2104 3364 2148 contra
3410 2094 3502 2163 jus
3544 2092 3738 2163 fasque

2156 2190 2557 2259 introgressum
2585 2204 2727 2243 esse.
2760 2189 2889 2242 Post
2911 2188 3029 2242 haec
3057 2186 3126 2242 ab
3158 2187 3440 2241 universis
3458 2185 3755 2256 episcopis.

2155 2280 2518 2334 acclamatum
2568 2288 2693 2334 est:
2746 2278 2960 2350 Syriam
2997 2293 3216 2333 omnem
3248 2278 3544 2332 Barsumas
3572 2276 3739 2332 deva-

2157 2372 2352 2438 stavit;
2386 2371 2536 2428 mille
2569 2372 2869 2427 monachos
2920 2380 3112 2426 contra
3150 2384 3254 2425 nos
3284 2368 3535 2423 immisit.
3572 2367 3740 2424 Cum-

2157 2478 2266 2532 que
2315 2464 2527 2532 prolata
2579 2472 2727 2518 esset
2781 2461 3162 2525 interlocutio,
3218 2468 3279 2513 ut
3331 2459 3584 2514 monachi
3641 2460 3738 2530 qui

2158 2562 2562 2617 convenerant,
2610 2552 2988 2608 definitionem
3049 2551 3273 2607 concilii
3300 2547 3737 2621 exspectarent,

2158 2644 2512 2713 postularunt
2561 2644 2817 2698 monachi
2848 2652 2909 2697 ut
2936 2643 3106 2697 libelli
3148 2642 3223 2697 ab
3270 2642 3405 2713 ipsis
3447 2642 3741 2712 compositi

2161 2735 2552 2799 recitarentur,
2590 2736 2645 2789 in
2676 2735 2879 2804 quibus
2925 2734 3031 2789 hoc
3066 2732 3210 2788 inter
3248 2740 3446 2788 caetera
3491 2733 3743 2788 contine-

2160 2826 2354 2893 batur;
2386 2835 2447 2882 ut
2478 2827 2773 2883 Dioscorus
2805 2836 2860 2883 et
2894 2827 2987 2896 qui
3016 2842 3140 2881 cum
3168 2826 3264 2880 illo
3287 2832 3446 2880 erant
3470 2824 3745 2895 episcopi,

2161 2917 2399 2972 concilio
2434 2917 2787 2972 interessent.
2836 2916 3048 2982 Quibus
3083 2915 3308 2979 auditis,
3364 2914 3744 2970 exclamarunt

2163 3023 2355 3063 omnes
2405 3008 2689 3077 episcopi:
2724 3008 3027 3062 Anathema
3076 3006 3379 3071 Dioscoro,‘
3416 3006 3742 3061 Dioscorum

474 3091 610 3165 ἆρον
639 3093 825 3168 αἶσχος
850 3098 948 3166 τῆς
977 3100 1213 3153 συνόδου.
1248 3096 1343 3162 Οἷς
1382 3101 1771 3164 ἀντιτείνοντες
1803 3102 1851 3153 οἱ
1902 3121 2056 3173 μονα-

2164 3100 2420 3157 Christtts
2474 3099 2752 3169 deposuit,
2790 3099 2924 3153 istos
2969 3097 3117 3152 foras
3158 3098 3389 3168 projice,
3432 3097 3560 3151 tolle
3594 3096 3741 3166 inju-

476 3188 583 3255 χοὶ,
621 3188 853 3257 ἔκραζον
873 3184 1061 3261 ’τΑρον
1080 3190 1237 3259 ὓϐριν
1268 3192 1375 3244 τῶν
1405 3193 1802 3263 μοναστηρῖων.
1822 3194 2053 3249 Καὶτῶν

477 3277 658 3333 αὐτῶν
685 3276 843 3344 αὖθις
870 3282 1327 3354 κραυγασθέντων
1359 3284 1422 3335 ἐκ
1476 3282 1577 3351 τῆς
1604 3285 1851 3349 συνόδου,
1877 3287 2058 3342 διελα-

478 3371 617 3443 λήθη
647 3374 775 3436 τοὺς
800 3373 1019 3437 λοιποὺς
1053 3373 1163 3429 τῶν
1204 3374 1465 3428 >.ι6ἐλ>.ων
1503 3376 1942 3446 ἀναγνωσθῆναι.
1963 3380 2058 3435 0!-

480 3479 588 3532 περ
606 3463 823 3531 λέγουσι
841 3465 916 3535 μὴ
945 3465 1087 3519 κατά
1112 3465 1173 3519 τὸ
1189 3466 1305 3520 δέον
1337 3466 1432 3536 τὴν
1468 3465 1793 3537 καθαίρεσιν
1827 3471 2057 3524 Διοσκό-

485 3572 579 3626 ρου
602 3557 876 3625 γενέσθαι,
900 3560 993 3615 καὶ⁵
1039 3558 1213 3629 χρεὼν
1248 3559 1481 3624 πίστεως
1520 3560 1910 3629 προκειμένης,
1967 3580 2064 3632 με·

482 3650 707 3717 τασχεῖν
727 3648 891 3702 αὐτὸν
920 3650 1013 3705 τοῦ
1047 3649 1348 3719 συνεδρίου.
1376 3652 1510 3704 Είδὲ
1537 3651 1612 3723 μὴ
1633 3650 1793 3704 τοῦτο
1811 3653 2059 3723 γένηται,

482 3736 865 3791 ἀποτινάσσειν
904 3738 972 3795 τὰ
1003 3739 1193 3809 ἱμάτια
1244 3740 1427 3795 αὐτῶν
1462 3743 1563 3811 τῆς
1620 3741 1905 3803 κοινωνίας
1952 3742 2062 3795 τῶν

484 3828 923 3897 συνεληλυθότων
968 3830 1306 3885 ἐπισκόπων.
1342 3824 1443 3883 τΩν
1484 3830 1812 3902 εἰρημένων,
1851 3831 2061 3895 ’Δέτιος

482 3919 855 3989 ἀρχιδιάκονος
868 3920 1200 3987 ἀνεγίνωσκε
1219 3920 1416 3973 κανόνα
1435 3937 1500 3973 πε
1508 3920 1680 3992 ρὶςτῶν
1693 3920 2061 3991 ἀφοριζόντων

482 4008 729 4071 ἑαυτούς.
763 4011 871 4062 Καὶ
889 4010 1049 4063 πάλιν
1082 4011 1220 4081 πρὸς
1253 4010 1352 4074 τάς
1375 4010 1597 4074 πεύσεις
1626 4011 1734 4064 τῶν
1749 4012 2063 4066 ὁσιωτάτων

480 4100 797 4155 ἐπισκόπων
834 4101 944 4154 τῶν
977 4102 1224 4172 μοναχῶν
1246 4100 1649 4171 διενεχθέντων,
1680 4098 1796 4153 εἶτα
1814 4103 2063 4173 καὶπρὸς

482 4191 749 4263 ἐρώτησιν
778 4193 982 4247 Ἀετίου
1012 4193 1411 4265 ἀρχιδιακόνου,
1440 4193 1515 4257 ώς
1552 4193 1658 4245 ἀπὸ
1682 4193 1779 4263 τῆς
1800 4192 2019 4249 συνόδου
2044 4211 2058 4224 ο

2160 3193 2295 3247 riam
2331 3190 2575 3255 concilii,
2614 3189 2743 3244 tolle
2776 3188 3096 3243 violentiam
3133 3186 3377 3243 concilii.
3423 3186 3533 3242 llas
3576 3201 3744 3242 voces

2158 3282 2502 3353 imperatori,
2552 3281 2681 3336 tolle
2726 3281 2982 3351 iniuriam
3026 3280 3270 3344 concilii,
3313 3278 3446 3334 tolle
3501 3278 3744 3333 dedecus

2158 3374 2402 3430 concilii.
2432 3372 2636 3429 Contra
2664 3387 2799 3430 vero
2835 3372 3093 3428 monachi
3142 3371 3513 3426 iuclamarunt
3540 3386 3555 3424 :
3588 3368 3751 3424 Tolle

2160 3467 2419 3538 iniuriam
2470 3464 2955 3522 monasteriorum.
3003 3463 3253 3533 Cumque
3306 3462 3499 3517 eadem
3550 3473 3745 3515 rursus

2160 3559 2459 3613 acclamata
2482 3566 2670 3613 essent
2706 3557 2774 3611 ab
2807 3555 3087 3625 episcopis
3113 3555 3207 3624 qui
3240 3555 3303 3608 in
3332 3553 3541 3623 synodo
3565 3559 3742 3612 erant.

2157 3650 2371 3721 jussum
2397 3657 2483 3705 est
2515 3658 2576 3704 ut
2615 3647 2814 3717 reliqui
2844 3646 3017 3701 libelli
3056 3646 3451 3702 recitarentur.
3480 3641 3586 3707 Qui
3619 3641 3747 3710 qui-

2160 3740 2289 3797 dem
2359 3740 2759 3811 suggerebant,
2824 3736 3073 3793 Dioscori
3146 3732 3561 3804 depositionem
3629 3744 3746 3789 non

2165 3838 2339 3898 recte,
2388 3845 2572 3899 neque
2622 3827 2817 3883 ordine
2874 3826 3075 3880 factam
3133 3839 3293 3887 esse,
3348 3832 3407 3879 et
3462 3823 3746 3891 proposita

2166 3918 2294 3983 fide,
2324 3933 2452 3973 eum
2496 3917 2565 3970 ad
2606 3931 2927 3972 consessum
2973 3914 3169 3985 synodi
3194 3912 3408 3969 admitti
3448 3919 3737 3981 Oportere.

2163 4006 2323 4075 Quod
2350 4005 2454 4061 nisi
2488 4006 2563 4061 ita
2598 4006 2775 4073 ﬁeret,
2811 4020 3147 4061 excussuros
3174 4019 3233 4059 se
3258 4002 3590 4057 vestimenta
3621 4015 3743 4064 sua,

2162 4107 2220 4153 et
2266 4113 2298 4152 a
2353 4096 2743 4152 communione
2806 4096 3195 4167 episcoporum
3264 4090 3365 4162 qui
3426 4087 3747 4160 congregati

2163 4198 2343 4255 erant,
2376 4203 2712 4245 recessuros.
2747 4186 2843 4243 His
2882 4186 3145 4248 recitatis,
3179 4184 3374 4241 Aetius
3404 4180 3749 4236 archidiaco-

483 4282 591 4335 τῶν
621 4284 720 4355 μὲν
753 4283 1262 4358 ἀναθεματιζόντων
1323 4284 1621 4354 Νεστόριον
1659 4285 1754 4335 καὶ
1802 4282 2017 4353 Εὐτυχῆ
2046 4297 2056 4311 ·

2164 4296 2269 4337 nus
2299 4279 2430 4351 legit
2457 4294 2722 4335 canonem
2750 4278 2819 4334 dc
2850 4277 2919 4333 iis
2948 4277 3041 4346 qui
3074 4274 3398 4344 semetipsos
3440 4288 3472 4327 a
3500 4284 3748 4325 commu-

482 4372 591 4427 τῶν
606 4374 685 4439 δὲ,
716 4376 808 4427 καὶ
834 4374 1399 4446 παρακρουσαμένων,
1424 4374 1715 4445 διελαλήθη
1747 4374 1897 4443 παρὰ
1951 4372 2056 4426 τῶν

2162 4372 2328 4427 nione
2380 4382 2658 4441 separant.
2710 4372 2922 4426 Rursus
2969 4383 3092 4425 cum
3136 4367 3207 4423 ad
3254 4364 3751 4434 interrogationem

484 4465 784 4535 ἀρχόντων,
808 4467 907 4531 τὰς
930 4468 1143 4540 δεήσεις
1169 4467 1416 4525 Φαύστου
1452 4467 1546 4520 καὶ
1579 4467 1685 4519 τῶν
1716 4465 1923 4519 λοιπῶν
1965 4482 2056 4536 μο-

2168 4465 2639 4523 sanctissimorum
2685 4462 3107 4533 episcoporum,
3143 4466 3199 4514 et
3233 4465 3425 4528 postea
3465 4454 3533 4509 ad
3576 4454 3747 4507 inter-

486 4556 665 4627 ναχῶν
703 4559 1144 4631 ἀναγνωσθῆναι,
1173 4559 1230 4613 αἳ
1299 4559 1642 4630 παρεκάλουν
1680 4557 1771 4611 τὸν
1831 4557 2056 4628 βασιλέα

2167 4558 2511 4627 rogationem
2578 4554 2723 4611 Aetii
2790 4550 3199 4615 archidiaconi,
3263 4559 3522 4618 tanquam
3584 4542 3748 4614 326

486 4647 564 4719 μὴ
599 4650 996 4722 προσδεχθῆναι
1048 4653 1175 4716 τοὺς
1225 4652 1536 4723 περαιτέρω
1570 4650 1761 4723 πρώην
1792 4650 1859 4723 (s)
1897 4668 2056 4722 μονα-

2168 4650 2391 4705 nomine
2429 4647 2623 4719 synodi
2658 4646 2880 4709 factam,
2927 4641 3183 4699 monachi
3227 4640 3390 4697 divisi
3422 4645 3646 4694 essent.
3689 4642 3745 4688 et

1686 4787 1954 4845 VALESll
1986 4786 2544 4846 ANNOTATIONES.

2161 4906 2513 4963 subscribere
2541 4905 2853 4975 compellat.
2880 4900 3103 4957 Scilicet
3123 4892 3377 4975 monachi
3402 4889 3606 4975 ill-inea
3626 4902 3747 4975 ere?

2158 4960 2365 5036 debant
2400 4960 2691 5049 synodum'_
2716 4990 2837 5049 esse
2892 4970 3313 5049 meumenicamz
3338 4960 3745 5049 eui_9iosgorus

2160 5027 2694 5117 ἐξῐῖἓίἰῇᾰῖ
2724 5027 2968 5117 episcopi
3002 5055 3112 5117 non
3145 5027 3745 5117 interfuissent.‘£ete-

2160 5119 2293 5173 bant
2316 5108 2486 5187 igitur
2510 5108 2893 5187 ut'Dioscorus
2918 5108 2988 5187 'in
3035 5108 3742 5187 integrumrestituerpr

2161 5171 2624 5257 quemadmodum
2654 5183 2838 5237 videre
2867 5188 2952 5236 est
2971 5180 3027 5234 in
3060 5171 3235 5232 alte'ro
3258 5171 3444 5228 libello
3469 5171 3563 5240 qui
3592 5176 3741 5239 post-

2162 5274 2228 5315 ea
2259 5257 2521 5317 recitatus
2550 5263 2659 5310 est.

550 4908 906 4984 (3DMézptc
944 4911 1021 4971 ἂν
1051 4910 1511 4984 συηαθροισθείη
1556 4900 1596 4976 ἢ
1618 4908 1909 4984 ρξύψδος.
1942 4908 2053 4984 Ex:

482 4978 592 5052 stat
633 4978 857 5038 libellus
876 4978 1099 5052 precum
1129 4980 1343 5035 oblatus
1371 4997 1400 5034 a
1424 4980 1705 5052 monachis
1718 4978 2053 5052 imperatori

480 5050 759 5105 Marciano
825 5046 891 5107 iri
962 5052 1177 5106 actione
1255 5059 1447 5119 quarta
1512 5049 1729 5104 concilii
1764 5046 2052 5119 ,Chaleed.

480 5134 607 5188 pag.
644 5120 770 5174 237.
800 5121 861 5175 1η
900 5122 1007 5175 hoc
1035 5121 1221 5173 libello
1250 5117 1531 5188 postulant
1565 5118 1818 5171 monachi
1848 5118 1915 5188 ab
1948 5117 2055 5169 im-

478 5187 761 5262 peratore,
800 5199 861 5245 ut
892 5190 1132 5262 synodus
1162 5187 1501 5245 occumenica
1544 5188 1655 5251 fiat,
1684 5203 1847 5262 quam
1868 5187 2058 5254 impe-

479 5267 634 5313 rator
659 5261 771 5331 jam
822 5258 982 5316 antea
1010 5266 1350 5332 praeceperat
1383 5258 1703 5381 congregari
1733 5274 1744 5310 :
1780 5272 1904 5326 qua:
1940 5271 2059 5309 om-

479 5326 636 5381 nium
674 5331 840 5381 saluti
858 5332 1128 5381 consulat.
1154 5343 1255 5381 nec
1289 5330 1483 5381 mon'ac
1526 5342 1587 5381 os
1617 5342 1715 5381 ner
1740 5327 2059 5381 violentiam

478 5327 636 5384 nium
659 5327 840 5388 'saluti
858 5327 1128 5397 consulat,
1154 5327 1255 5384 nec
1289 5327 1715 5398 monachos'per
1740 5327 2061 5385 violentiam

1895 5462 2286 5535 VABIORUM.

485 5562 772 5691 “,0th
837 5564 1282 5636 προσδεχθᾶναι
1331 5561 1472 5631 τοὺς
1522 5559 1843 5630 περαιτέρω
1890 5556 2118 5627 πρώην.
2197 5552 2512 5627 chcndum
2572 5552 2649 5625 μὴ
2710 5551 2901 5625 προσδ.
2973 5545 3307 5620 περαιτέρω
3358 5542 3509 5607 τοὺς.
3548 5541 3759 5611 πρώτῃ.

556 5668 572 5689 .
684 5650 803 5691 ww

556 5668 572 5689 ο
605 5650 803 5695 ιοῑγτη
