4070 6176
371 238 514 303 2589
1289 240 1671 303 HISTORle
1710 244 2299 309 ECCLESIASTICE
2339 251 2571 311 LIBER
2608 251 2716 310 III.
3498 252 3639 317 2590

371 344 716 421 ἐξενεχθῆναι
736 351 920 419 αὐτὸν,
951 350 1045 405 καὶ
1064 351 1335 420 Στέφανον
1354 351 1655 420 ἐσαχθῆναι
1684 352 1818 421 (48).
1842 353 1952 406 Καὶ

2065 357 2214 411 irrita
2242 373 2386 422 esse,
2421 367 2648 427 excepta
2675 356 3026 411 ordinatione
3056 359 3271 414 Maximi
3300 360 3644 416 Antiochen—

370 444 562 512 ἑτέρας
632 442 851 495 συνόδου
906 441 1205 512 γενομένης
1262 441 1434 494 ταῦτα
1481 440 1780 512 ἐψηφίσθη.
1837 444 1947 496 Καὶ

2065 448 2130 503 iis
2156 449 2420 518 episcopi.
2454 451 2639 519 Deque
2668 465 2732 503 ea
2762 466 2821 503 re
2856 450 3243 518 imperatorem
3274 454 3440 506 etiam
3486 470 3643 524 roga-

368 534 823 605 τρισκαιδεκάτης
856 534 1106 604 πράξεως
1135 534 1212 601 (x)
1234 532 1563 602 γενομένης,
1594 534 1868 605 ἐξητάσθη
1884 534 1954 586 τά

2065 548 2207 605 runt,
2260 548 2320 592 ut
2345 539 2465 608 lege
2502 540 2608 594 lata
2642 540 2985 604 decerneret,
3030 548 3089 593 ut
3121 541 3259 593 nihil
3294 557 3484 601 eorum
3517 560 3637 611 quae

369 627 509 679 κατά
541 625 807 693 Εὐνόμιον
830 626 919 678 τὸν
949 624 1339 694 Νικομηδείας,
1360 626 1452 677 καὶ
1481 626 1839 679 Ἀναστάσιον
1862 626 1953 679 τὸν

2065 639 2177 698 post
2206 631 2439 699 primam
2466 632 2756 701 synodum,
2782 631 2871 684 cui
2897 641 3120 686 sanctus
3139 631 3377 701 Cyrillus
3400 633 3636 686 Alexan-

370 714 671 769 ἐπίσκοπον
688 716 943 781 Νικαίας,
975 716 1467 784 φιλονεικησάντων
1500 716 1628 785 περὶ
1660 715 1770 768 τῶν
1806 715 1951 769 ῐδῖων

2065 721 2341 775 irinorum
2394 722 2633 792 prcei'uit,
2687 722 2889 791 Ephesi
2938 732 3057 777 acta
3105 731 3309 786 essent,
3364 723 3535 776 robur
3575 737 3639 776 ac

369 809 601 862 πόλεων.
636 809 831 875 Γέγονε
867 808 922 860 δὲ
967 808 1061 860 καὶ
1104 807 1675 877 τεσσαρεσκαιδεκάτη
1728 806 1949 878 πρᾶξις,

2065 812 2376 865 ﬁrmitatem
2442 814 2741 868 obtineret.
2795 813 3221 883 Judicatumque
3276 821 3361 867 est
3407 820 3465 865 ut
3518 813 3637 868 lbas

370 902 462 955 καὶ
491 900 760 969 ὶξητάσἿη
804 900 873 952 τά
900 900 1039 952 κατὰ
1088 899 1351 952 Βασιανόν
1382 898 1527 968 (49)·
1563 900 1657 951 καὶ
1688 900 1823 968 πρὸς
1872 898 1950 969 τῷ

2065 901 2433 971 episcopatum
2495 920 2657 956 suum
2721 905 3015 972 reciperet.
3070 904 3331 973 Sequenti
3382 904 3633 964 actione,

370 994 518 1046 τέλει
550 991 839 1061 ἐδικαιώθη
867 994 956 1043 τὸν
981 989 1605 1053 Κωνσταντινουπόλεως
1640 989 1828 1059 θρόνον
1858 991 1951 1042 εὐ·

2065 991 2302 1045 discussa
2339 1000 2423 1046 cst
2467 1008 2629 1045 causa
2660 992 2910 1045 Bassiani
2962 992 3323 1061 Ephesiorum
3363 991 3629 1060 episcopi.

372 1082 470 1144 θὺς
504 1082 642 1151 μετὰ
678 1084 768 1135 τὸν
798 1081 1019 1151 Ῥώμης
1047 1080 1326 1149 τετάχθαι.

2065 1080 2444 1151 Statutumque
2489 1092 2573 1137 est
2614 1091 2674 1135 ut
2708 1082 2872 1152 329
2906 1093 3013 1136 tam
3053 1083 3165 1145 ille,
3199 1098 3361 1150 quam
3398 1082 3634 1149 Stepha-

371 1192 479 1231 nus
526 1175 953 1245 deponerentur,
985 1182 1041 1229 et
1071 1174 1211 1229 alius
1242 1174 1296 1228 in
1327 1189 1520 1229 eorum
1566 1173 1745 1229 locum
1819 1174 2277 1230 substitueretur.
2322 1177 2379 1230 In
2443 1177 2617 1231 altero
2682 1176 2881 1231 deinde
2921 1192 3182 1230 consessu
3227 1176 3369 1230 idem
3436 1176 3636 1229 contir—

371 1278 580 1324 matum
618 1278 720 1325 est.
753 1269 939 1323 Tertio
979 1268 1194 1322 decimo
1225 1284 1483 1322 consessu
1524 1269 1831 1323 examinata
1863 1276 1947 1324 est
1984 1285 2146 1324 causa
2186 1270 2443 1325 Eunomii
2472 1270 2909 1325 Nicomediensis
2971 1278 3027 1323 et
3088 1267 3360 1321 Anastasii
3390 1265 3631 1336 episcopi

369 1363 589 1429 Nicmae,
620 1364 713 1432 qui
744 1363 811 1417 de
841 1363 1170 1433 quibusdam
1201 1364 1431 1418 urbibus
1461 1364 1604 1419 inter
1639 1380 1697 1417 se
1724 1365 2157 1419 contendebant.
2192 1364 2429 1420 Coactus
2491 1366 2620 1420 item
2660 1375 2744 1420 est
2806 1372 3037 1434 quartus
3095 1362 3343 1416 decimus
3408 1375 3637 1414 conses-
3710 1386 3711 1389 η

371 1467 497 1515 sus,
550 1464 605 1506 et
655 1455 965 1508 examinata
1005 1463 1085 1509 est
1127 1470 1292 1510 causa
1341 1454 1627 1510 Sabiniani
1673 1457 1942 1526 episcopi.
1984 1458 2271 1513 Postremo
2315 1458 2600 1513 decretum
2636 1467 2720 1513 est
2790 1467 2851 1511 ut
2912 1453 3520 1525 Constantinopolitana
3549 1468 3638 1509 se-

372 1544 471 1600 des
503 1555 626 1615 post
665 1546 966 1604 Romanam
1001 1548 1240 1618 primum
1273 1550 1455 1604 locum
1498 1550 1789 1605 obtineret.

1572 1897 1955 1987 ΤοΜοΣ
2028 1901 2444 1987 ΤΡΙΤΟΣ.

1527 2208 1881 2294 LIBER
1958 2208 2515 2297 TERTIUS.

374 2547 537 2619 330
560 2548 700 2603 Τάδε
707 2550 959 2624 ἔνεστιν
984 2551 1054 2624 ἐν
1078 2549 1157 2617 τῷ
1185 2552 1356 2620 τρίτῳ
1382 2556 1539 2621 τόμῳ
1568 2554 1945 2624 τῆςἜκκληο
1975 2561 2019 2616 B

443 2620 769 2689 σιαστικῆς
806 2620 1096 2689 Ἱστορίας
1124 2625 1417 2692 Εὑαγρίου
1440 2620 1873 2693 σχολαστικοῦ.

446 2708 526 2767 A'.
558 2711 693 2781 napi.
710 2711 807 2780 τῆς
838 2711 1115 2785 βασιλείας
1154 2714 1421 2783 Ζήνωνος,
1459 2714 1665 2767 καὶτοῦ
1702 2714 1819 2784 βίου
1851 2715 1953 2769 αὑ-

377 2818 472 2853 του
482 2843 495 2857 ι

2154 2553 2219 2608 In
2261 2554 2413 2607 tertio
2467 2553 2599 2605 libro
2636 2551 2994 2605 ecclesiastico:
3031 2549 3263 2602 historia:
3308 2547 3528 2620 Evagrii

2403 2622 2711 2677 Scholastici
2763 2628 2871 2674 hwc
2924 2620 3275 2673 continentur.

2121 2715 2247 2771 CAP.
2302 2716 2347 2770 I.
2396 2716 2472 2770 De
2526 2713 2759 2783 imperio
2814 2712 3085 2777 Zenonis,
3148 2710 3325 2780 deque
3382 2707 3631 2780 ejusdem

2052 2809 2186 2863 vita.

449 2890 541 2944 B'-
579 2892 710 2962 Περὶ
741 2893 943 2962 ἐφόδων
974 2892 1322 2964 βαρϐαρικῶν
1347 2894 1403 2948 ἐν
1432 2912 1489 2948 τε
1521 2899 1586 2967 τῇ
1614 2896 1730 2967 Ἔῳ
1758 2896 1853 2951 καὶ
1885 2899 1950 2967 τῇ

378 2980 559 3036 Δύσει.

448 3074 522 3128 I".
577 3077 713 3147 Περὶ
758 3077 857 3148 τῆς
889 3077 1201 3150 τυραννίδος
1232 3060 1581 3145 Βασιλίσκου,
1631 3079 1725 3135 καὶ
1774 3078 1953 3151 φυγῆς

378 3166 646 3236 Ζήνωνος.

448 3259 523 3309 Δ’.
570 3257 655 3320 Ὠς
680 3258 943 3328 Τιμόθεον
970 3259 1234 3330 Αἵλουρον
1267 3262 1294 3314 ό
1322 3258 1645 3322 Βασιλίσκος
1697 3259 1956 3314 ἀνεκαλέ-

2124 2901 2189 2955 ll.
2223 2901 2299 2955 De
2333 2900 2694 2954 Barbarorum
2737 2895 3168 2955 incursionibus.
3203 2902 3311 2948 tam
3347 2894 3402 2948 in
3433 2894 3631 2949 Orien-

2056 2992 2125 3046 tis
2154 3007 2317 3060 quam
2374 2992 2426 3044 in
2458 2988 2773 3044 Occidentis
2798 2986 3066 3057 partibus.

2125 3082 2215 3136 lll.
2249 3082 2324 3137 De
2356 3080 2643 3153 tyrannide
2674 3077 2938 3145 Basilisci,
2967 3086 3022 3134 et
3051 3076 3119 3132 de
3143 3074 3382 3133 Zenonis
3411 3074 3564 3148 fuga,

2123 3260 2209 3314 IV.
2242 3258 2529 3325 Quomodo
2558 3257 2853 3313 Basiliscus
2888 3255 3235 3311 Timotheum
3263 3253 3513 3309 Elurum
3547 3268 3637 3307 re-

380 3348 660 3409 cato,‘xa.l
689 3348 932 3412 πεισθεὶς
966 3349 1057 3401 ὑπ’
1114 3349 1279 3402 αὐτοῦ
1314 3349 1636 3417 ἐγκυκλίους
1666 3348 1955 3412 ἐπιστολὰς

2065 3351 2353 3414 vocaverit,
2380 3350 2530 3404 etab
2561 3350 2755 3404 eodem
2788 3348 3067 3409 inductus,
3099 3346 3393 3400 circulares
3425 3344 3633 3414 episto-

380 3437 460 3501 εἱς
484 3437 737 3508 ἀθέτησιν
761 3438 860 3507 τῆς
902 3440 961 3494 ἐν
998 3439 1297 3509 Καλχηδόνι
1330 3439 1546 3491 συνόδου
1566 3436 1839 3507 πανταχοῦ
1869 3437 1956 3502 ἐξ·

379 3528 683 3583 ἀπέστειλε.

452 3618 529 3671 E’.
560 3619 693 3688 Περὶ
722 3618 830 3671 τῶν
862 3618 1203 3689 συνθεμένων
1238 3621 1351 3683 τοῖς
1387 3618 1701 3688 ὲγκυκλίοις
1730 3616 1952 3671 Βασιλί-

383 3726 541 3773 σκου,
567 3710 662 3763 καὶ
683 3710 779 3780 τὴν
804 3710 1018 3763 σύνοδον
1046 3712 1447 3781 ἀθετησάντων.

457 3804 549 3868 ς’.
592 3802 680 3866 Ὠς
712 3804 806 3858 τοῦ
856 3804 1115 3873 Αῐλούρου
1143 3805 1408 3874 Τιμοθέου
1439 3804 1538 3876 τὴν
1564 3804 1956 3877 Ἀλεξανδρέων

2055 3441 2137 3495 las
2172 3441 2239 3495 ad
2277 3441 2620 3495 eversionem
2653 3437 3118 3494 Chalcedonensis
3149 3435 3345 3505 synodi
3388 3449 3634 3505 quaqua-

2058 3547 2275 3587 versum
2316 3531 2549 3586 miserit.

2126 3622 2191 3675 V.
2228 3624 2300 3677 De
2334 3622 2421 3677 his
2448 3622 2543 3690 qui
2579 3620 2941 3675 circularibus
2982 3616 3228 3672 Basilisci
3266 3616 3469 3674 litteris
3498 3631 3633 3672 con-

2058 3721 2369 3778 senserunt,
2398 3722 2454 3767 et
2485 3712 2752 3783 synodum
2788 3712 3123 3780 rejecerunt.

2128 3803 2215 3859 Vl‘.
2265 3803 2553 3870 Quomodo
2600 3802 2926 3856 Timotheus
2968 3802 3218 3866 Elurus,
3262 3799 3641 3854 Alexandrino

381 3891 787 3955 ἀπολαϐόντος,
835 3894 928 3947 καὶ
984 3897 1050 3963 τῇ
1109 3893 1370 3963 Ἐφεσίων
1428 3894 1488 3947 τὸ
1556 3896 1951 3967 πατριαρχικδν

2065 3894 2379 3964 episcopatu
2427 3901 2773 3961 recuperato,
2822 3891 3189 3960 Ephesiorum
3240 3888 3499 3944 Ecclesiae
3549 3890 3637 3959 ius

380 3980 591 4035 δίκαιον
620 3984 931 4048 ἀποδόντος,
957 3983 1258 4055 ἀναθέματι
1278 3985 1377 4056 τὴν
1406 3986 1463 4038 ὲν
1490 3985 1796 4056 Καλχηδόνι
1823 3989 1954 4044 σύν-

382 4073 501 4127 οδον
524 4073 917 4129 καθυπέὸαλεν.

455 4165 495 4217 Ζ
515 4203 531 4218 .
571 4163 659 4228 Ὠς
687 4166 795 4220 τῶν
834 4167 1085 4238 μοναχῶν
1118 4166 1371 4221 Ἀκακίου
1400 4165 1595 4239 γνώμῃ
1630 4166 1954 4222 στασιασάνυ

2061 3984 2489 4057 patriarchicum
2523 3982 2787 4048 restituit,
2831 3990 2888 4037 et
2932 3980 3436 4036 Chalcedonensem
3471 3994 3636 4051 syno-

2062 4076 2193 4130 dum
2228 4074 2726 4129 anathematizavit.

2141 4167 2248 4222 VII.
2282 4166 2567 4233 Quomodo
2596 4165 2911 4231 Basiliscus,
2942 4180 3069 4220 cum
3098 4161 3352 4220 monachi
3398 4162 3636 4232 impulsu

1591 4305 1864 4364 VALESII
1902 4306 2464 4364 ANNOTATIONES.

459 4421 567 4490 (48)
600 4422 711 4476 Καὶ
772 4422 1073 4489 Στέφανον
1127 4421 1483 4490 ἐσαχθῆναι.
1515 4421 1628 4477 lmo
1690 4422 1951 4478 decreve-

387 4501 519 4548 runt
539 4491 784 4560 episcopi
810 4500 869 4545 ut
896 4502 1002 4545 tam
1049 4492 1365 4555 Bassianus,
1423 4507 1587 4560 quam
1638 4492 1951 4562 Stephanus

387 4564 457 4616 ab
481 4562 799 4629 episcopatu
861 4562 1223 4629 Ephesiorum
1274 4568 1714 4625 removerentur,
1780 4572 1951 4630 utque

390 4646 583 4689 eorum
617 4631 734 4684 loco
756 4631 897 4685 alter
927 4631 1083 4685 ﬁeret
1128 4632 1442 4699 episcopus.
1488 4631 1953 4699 quemadmodum

389 4702 575 4770 videre
608 4709 692 4753 est
722 4700 1016 4770 in‘actione
1053 4702 1110 4754 11
1139 4708 1195 4770 et
1226 4700 1310 4755 12.
1342 4700 1692 4769 Supplendus
1729 4709 1817 4755 est
1851 4700 1955 4770 igi-

393 4779 484 4841 tur
514 4768 727 4841 Evagrii
759 4770 913 4824 locus
934 4769 1039 4841 hoc
1065 4769 1264 4841 modo:
1299 4768 1676 4841 Ἑξενεχοῆναι
1729 4772 1827 4841 μὲν
1852 4768 1953 4825 αὑ-

389 4839 484 4893 τὸν
514 4838 606 4890 καὶ
634 4839 924 4907 Στέφανον,
990 4840 1176 4910 ἕτερον
1193 4840 1250 4892 δὲ
1283 4838 1603 4909 ἐσαχθῆναι.

2128 4425 2240 4495 (49)
2274 4425 2351 4480 Τὰ
2379 4426 2527 4478 κατὰ
2556 4423 2880 4495 Βασιανόιτ.
2917 4420 3284 4495 Scribendum
3331 4428 3417 4495 est
3462 4420 3628 4495 ξαδι-

2059 4489 2241 4549 νιανόν
2300 4510 2365 4549 ex
2424 4496 2576 4550 Actis
2642 4494 2864 4549 concilii
2915 4490 3398 4547 Chalcedonensis.
3464 4489 3638 4560 Hujus

2061 4563 2343 4619 Sabiniani
2372 4565 2722 4619 Perreusium
2752 4563 3020 4632 episcopi.

2061 4634 2242 4687 vincia
2268 4632 2657 4703 Euphratensi.
2687 4633 2942 4703 meminit
2987 4632 3297 4703 Liberatus
3319 4644 3439 4703 cap.

2063 4700 2596 4781 decini_o_BreV'iarii.
2624 4700 3066 4781 Exstatquoque
3103 4700 3333 4781 epistola

3081 4577 3161 4615 ua:
3191 4561 3323 4615 urbs
3339 4559 3488 4613 estin
3509 4559 3637 4627 pro-

3081 4578 3161 4615 ua:
3191 4578 3323 4615 urns
3339 4578 3488 4613 esun
3509 4578 3636 4627 pro-

3042 4578 3277 4685 ﬂieratus
3319 4644 3439 4685 can.
3498 4630 3636 4681 duo~

3431 4696 3638 4750 heodoo

2064 4773 2156 4827 riti
2180 4772 2245 4827 ad
2282 4773 2428 4828 hunc
2449 4774 2811 4830 Sabinianum
2862 4764 3180 4840 episcopum
3230 4770 3377 4832 data,
3409 4782 3531 4835 quae
3557 4764 3639 4819 in-

1989 4835 2034 4891 ι)
2067 4852 2149 4898 ter
2179 4844 2301 4915 ejus
2319 4844 2584 4913 epistolas
2608 4835 2932 4898 numeratur
2956 4835 3075 4894 lilia".

1830 4961 2135 5020 VARIORU
2146 4963 2217 5020 Μ.

388 5052 687 5108 Flavianus
722 5063 906 5109 autem
927 5054 1114 5110 sedem
1148 5053 1253 5109 ΟΡ.
1278 5062 1498 5119 nactus,
1527 5054 1791 5109 Bassiano
1842 5054 1964 5124 epi-

389 5132 675 5193 scOpatum
701 5125 1002 5193 abrogavit,
1042 5139 1105 5177 ac
1136 5124 1484 5193 Stephanum
1535 5126 1777 5179 Bassiani
1830 5140 1961 5193 pre-

390 5141 675 5191 scopatum
701 5141 833 5177 aoro
871 5141 1002 5186 avnt,
1042 5141 1105 5177 ac
1144 5141 1484 5193 Stepnanum
1535 5141 1777 5179 uassnam
1830 5141 1961 5193 pre—

390 5191 676 5263 sbyterum
699 5194 747 5246 ei
771 5141 1079 5250 sugstituit.
1102 5192 1215 5248 Hac
1242 5194 1311 5248 de
1329 5210 1388 5249 re
1416 5194 1665 5247 libeilum
1684 5194 1965 5248 Marciano

393 5261 710 5330 imperatori
743 5263 1039 5319 Bassianus
1071 5264 1293 5328 obtulit,
1350 5279 1497 5319 anno
1526 5265 1653 5323 451.
1684 5264 1753 5319 ab
1800 5280 1867 5317 eo
1897 5264 1963 5319 ad

392 5332 665 5403 synodum
694 5331 1203 5388 Chalcedonensem
1234 5334 1525 5388 remissus.
1558 5334 1753 5388 Patres
1796 5333 1966 5403 igitur

392 5401 877 5472 @ncilii,laudita
946 5403 1205 5472 utrinque
1270 5419 1457 5467 causa,
1503 5403 1725 5471 utrique
1776 5401 1967 5472 sedem

394 5466 726 5542 Ephesinam
756 5466 1173 5541 abjudicarunt;
1206 5466 1464 5527 Bassiauo
1509 5466 1756 5542 quidem,
1783 5481 1845 5526 ut
1874 5471 1969 5541 qui

392 5538 840 5622 sineponscnsu'
865 5542 1060 5613 synodi
1107 5542 1469 5622 provincialis
1502 5538 1783 5622 ingressus
1807 5538 1966 5622 erat;

395 5608 677 5681 Stephano
706 5608 913 5682 autem,
937 5620 998 5669 ut
1026 5608 1133 5684 qui
1154 5627 1254 5685 per
1273 5608 1685 5685 coniurationes
1712 5622 1767 5671 et
1794 5611 1971 5669 malas

2073 5064 2220 5126 artes
2253 5058 2631 5126 episcopatum
2699 5054 2805 5109 sibi
2830 5053 3231 5126 pacquisiverat.
3264 5045 3466 5104 Confer
3492 5046 3639 5103 Guil.

2070 5125 2211 5181 Cava
2237 5122 2362 5179 cum
2403 5122 2554 5197 Actis
2588 5128 2779 5197 synodi
2815 5122 3076 5197 Chalced.
3115 5189 3159 5197 __
3382 5186 3393 5197 ,

2144 5197 2221 5262 (Δὶ)
2256 5188 2761 5263 Τρισκαιδεκάτης
2790 5188 3455 5267 πράξεωςζιιιίιξο-οσῑὶο,
3480 5188 3631 5267 iusta

2070 5260 2311 5322 calculos
2345 5267 2517 5336 ipsius
2538 5260 2887 5337 Evagrii,_e’st
2916 5278 3025 5317 xiv.
3046 5260 3379 5337 _Unde_cim:e
3427 5260 3633 5337 sessio-

2068 5337 2157 5390 nis
2206 5326 2457 5392 meminit
2496 5326 2683 5410 supraV.
2752 5326 2873 5410 Mox
2905 5333 3156 5410 sequitur
3213 5329 3377 5410 ἑτέρα
3434 5326 3645 5410 πρᾶξις,

2067 5422 2189 5474 qua:
2211 5416 2295 5460 est
2323 5422 2395 5459 xu
2420 5423 2434 5471 ;
2463 5397 2884 5477 pauloipostait
2921 5397 3114 5477 ὲτέρας
3158 5398 3378 5453 συνόδου
3406 5397 3635 5477 γενομὲσὶ

2068 5472 2186 5543 9ης,
2220 5492 2342 5544 quae
2371 5472 2597 5530 est'xul.
2618 5476 2762 5545 Ergo
2788 5474 2905 5527 haec
2925 5472 3121 5545 nitima
3152 5482 3267 5539 pro
3289 5481 3378 5521 xw
3421 5472 3639 5521 actione

2070 5542 2385 5600 necessario
2432 5542 2717 5601 habenda'
2744 5551 2851 5597 est.
2906 5542 3171 5597 Actiones
3218 5555 3309 5593 xvr
3344 5545 3649 5593 numerant

2069 5616 2204 5672 Acta
2234 5615 2444 5687 integra
2474 5616 2533 5672 in
2551 5615 2799 5672 conciliis
2828 5612 2995 5670 edita.
3018 5610 3103 5665 W.
3136 5610 3359 5665 Lovmt.
