4070 6176
435 317 571 382 2591

1633 329 1944 389 EVAGRII
1984 331 2470 390 SCHOLASTICI

3559 331 3704 395 2392

440 429 628 486 Acacii
695 429 1024 486 seditionem
1089 434 1422 499 movissent,
1487 434 1681 490 timore
1739 437 2002 504 percnlsu:

2124 455 2251 503 των,
2313 438 2568 510 φοϐηθεὶς
2623 442 2650 491 6
2708 441 3027 502 Βασιλίσκος
3055 441 3271 495 ἐναντία
3315 443 3391 514 τῷ
3431 443 3706 515 πρότερον

435 518 742 575 contrarias
800 519 1078 588 prioribus
1147 523 1438 594 encyclicis
1496 524 1707 580 litteras
1763 527 2010 595 promul-

435 609 602 679 gavit.
937 648 940 661 .

507 699 642 756 VIII.
673 701 750 756 De
777 700 958 756 reditu
984 701 1242 757 Zenonis.

505 809 596 864 IX.
635 809 918 876 Quomodo
969 820 1094 880 post
1145 820 1378 867 mortem
1427 814 1709 880 Basilisci,
1763 817 2008 888 episcopi

429 900 573 956 Asiae
605 909 665 954 ut
691 901 948 956 Acacium
979 905 1280 972 placarent,
1315 904 1562 961 libellum
1592 907 1930 976 pcenitenuae
1954 926 2008 965 et

429 998 815 1059 perrexerunt,
849 993 1066 1048 veniam
1109 1004 1361 1065 petentes
1403 997 1551 1067 quod
1594 997 2007 1056 Chalcedonen-

431 1095 546 1134 sem
581 1081 848 1152 synodum
892 1083 1268 1141 damnassent.

502 1167 569 1222 X.
611 1169 688 1224 De
727 1170 795 1225 iis
823 1171 918 1241 qui
952 1173 1257 1230 Antiochia:
1282 1175 1659 1248 episcopatum
1691 1193 1934 1248 gessere.

497 1257 590 1313 XI.
622 1258 909 1325 Quomodo
956 1262 1105 1318 Zeno
1144 1280 1270 1320 cum
1303 1265 1560 1322 IElurum
1602 1269 1860 1338 persequi
1908 1285 2006 1324 vo-

426 1348 650 1416 luisset,
683 1351 754 1406 ob
797 1362 1136 1409 senectutem
1171 1371 1298 1412 eum
1344 1359 1636 1414 miseratus
1677 1359 1908 1417 dimisit.
1938 1360 2007 1414 Et

428 1446 644 1510 ut‘post
686 1449 915 1499 mortem
957 1444 1199 1516 ejusdem
1228 1445 1425 1514 Eluri,
1453 1449 1651 1504 Petrus
1677 1449 1905 1520 Mongus
1936 1449 2005 1504 ab

426 1531 811 1591 Alexandrinis
856 1536 1146 1593 ordinatus
1189 1547 1307 1606 est;
1343 1540 1667 1596 Timotheus
1709 1557 1840 1596 vero
1874 1555 2004 1596 suc-

427 1638 615 1680 cessor
645 1625 904 1692 Proterii,
947 1627 1102 1698 jussu
1150 1629 1499 1699 imperatoris
1545 1631 1730 1687 sedem
1763 1631 2005 1687 Alexan-

427 1715 643 1770 drinam
692 1718 956 1774 obtinuit.

491 1807 610 1863 XII.
641 1810 718 1865 De
746 1809 956 1867 Joanne
978 1812 1072 1883 qui
1103 1813 1479 1884 episcopatum
1511 1815 1854 1873 Alexandria:
1881 1827 2004 1888 post

424 1899 773 1956 Timotheum
821 1902 1166 1973 gubernavit.
1213 1903 1499 1971 Quomodo
1534 1921 1659 1960 eum
1694 1906 1840 1962 Zeno
1881 1916 2002 1961 tan-

423 2013 587 2066 quam
631 1999 912 2068 perjurum
953 1998 1146 2070 ejecit,
1196 2008 1252 2054 et
1303 2000 1466 2056 Petro
1510 2000 1704 2072 Mongo
1751 2001 2001 2057 eamdem

423 2087 610 2144 sedem
649 2088 908 2144 restituit.

492 2197 634 2252 XIII.
667 2198 955 2264 Quomodo
1001 2200 1196 2255 Petrus
1243 2201 1472 2272 Mongus
1521 2201 1844 2256 Henoticum
1897 2202 1998 2256 Ze-

420 2289 584 2344 nonis
614 2289 895 2357 amplexus
927 2299 1031 2355 est,
1066 2301 1120 2346 et
1158 2291 1497 2346 Proterianis
1531 2308 1589 2347 se
1621 2294 1926 2361 conjunxit.

490 2379 648 2448 331
681 2379 820 2434 XIV.
880 2379 1119 2436 Zenonis
1177 2380 1500 2436 lienoticum
1558 2382 1672 2437 sive
1717 2381 1998 2438 Unitivum

421 2467 686 2522 edictum.

489 2555 606 2612 XV.
669 2557 956 2624 Quomodo
1007 2558 1246 2615 Joannes
1299 2561 1641 2618 Alexandria:
1699 2563 1997 2632 episcopus

419 2655 650 2709 Romam
681 2655 928 2719 veniens,
973 2655 1244 2724 persuasit
1278 2654 1562 2726 Simplicio
1607 2667 1668 2712 ut
1710 2657 1779 2712 ad
1822 2657 1998 2713 Zeno-

418 2762 545 2801 nam
572 2747 840 2801 scriberet
867 2745 935 2802 dc
967 2746 1036 2802 iis
1062 2763 1184 2818 quae
1214 2747 1528 2804 acciderant
1557 2766 1570 2802 :
1603 2757 1658 2804 et
1687 2749 1821 2819 quid
1849 2749 1997 2804 Zeno

419 2835 788 2905 rescripserit.

490 2923 628 2983 XVI.
673 2928 749 2982 De
781 2927 1117 2984 Calendione
1160 2928 1466 2985 Antiochiae
1510 2930 1790 3001 episcopo,
1825 2939 1994 3002 utque

417 3017 610 3074 exsilio
639 3018 930 3072 damnatus
960 3017 1032 3074 sit
1058 3018 1128 3074 ob
1151 3019 1444 3074 amicitiam
1470 3037 1634 3090 quam
1661 3037 1787 3076 cum
1817 3022 1914 3078 Illo
1940 3033 1995 3079 et

2115 528 2330 598 γράψας
2357 527 2735 594 ἐξαπέστειλεν
2765 528 3154 596 ἁντεγκύκλια.

2185 703 2265 756 11’.
2299 703 2432 773 Περὶ
2460 702 2558 773 τῆς
2583 702 2846 756 ἐπανόδου
2869 703 3134 772 Ζήνωνος.

2181 813 2258 867 Θ’.
2294 815 2384 877 Ὠς
2420 812 2559 885 μετὰ
2581 813 2671 867 τδν
2695 814 2922 868 θάνατον
2945 816 3294 884 Βασιλίσκου,
3317 819 3368 872 οἱ
3390 821 3490 891 τῆς
3505 824 3696 887 Ἀσίας

2112 903 2396 957 ἐπίσκοποι
2428 904 2521 957 τὸν
2560 905 2814 958 Ἀκάκιον
2865 907 3253 978 ἡμερούμενοι,
3283 911 3575 978 μετανοίας
3606 914 3690 984 βι-

2110 992 2256 1046 ϐλίον
2280 993 2690 1058 ὲπιδεδώκασιν,
2718 990 2798 1060 οἷς
2821 997 3130 1070 ἐξήμαρτον
3159 999 3261 1073 τήν
3294 1000 3354 1055 ὲν
3385 1001 3700 1075 Καλχηδόνι

2112 1080 2329 1134 σύνοδον
2345 1081 2726 1153 άθετήσαντες.

2179 1174 2236 1228 l'.
2279 1173 2414 1244 Περὶ
2446 1174 2557 1228 τῶν
2590 1175 2648 1228 ἐν
2675 1175 2974 1250 Ἀντιοχείᾳ
3001 1179 3514 1252 ὲπισκοπησάντων.

2182 1265 2284 1318 IA'.
2328 1265 2416 1328 Ὠς
2443 1267 2472 1318 6
2503 1264 2757 1334 βασιλεὺς
2781 1269 2967 1338 Ζήνων
2994 1269 3263 1342 έὸουλήθη
3308 1270 3402 1324 τὸν
3422 1270 3689 1342 Αῐλουρον

2107 1351 2331 1418 διῶξαι·
2384 1352 2474 1406 διὰ
2500 1352 2558 1405 δὲ
2588 1353 2649 1408 τὸ
2683 1355 2859 1425 γῆρας
2906 1356 3068 1410 αὐτὸν
3124 1358 3468 1427 κατελεήσας
3497 1359 3649 1411 εἴασε
3674 1373 3690 1387 ·

2109 1440 2199 1494 καὶ
2230 1439 2307 1502 ὡς
2321 1437 2484 1493 αὑτοῦ
2517 1440 2959 1512 τελευτήσαντος,
2987 1443 3194 1516 Πέτρος
3221 1446 3250 1499 6
3287 1446 3513 1513 Μογγδς
3546 1445 3687 1516 πρὸς

2106 1531 2215 1585 τῶν
2252 1531 2648 1604 Ἀλεξανδρέων
2700 1535 3176 1606 κεχειροτόνηται·
3235 1537 3507 1608 Τιμόθεος
3558 1538 3616 1592 δὲ
3657 1541 3688 1592 6

2109 1621 2248 1690 μετὰ
2277 1622 2571 1694 Προτέρων
2591 1624 2819 1695 νεύματι
2847 1625 2941 1680 τοῦ
2973 1625 3255 1697 βασιλέως,
3274 1627 3366 1684 τὸν
3384 1629 3485 1700 τῆς
3501 1628 3687 1696 Ἀλεξ-

2111 1711 2348 1782 ανδρέων
2368 1713 2555 1784 θρόνον
2575 1715 2858 1786 κατέσχεν.

2177 1803 2277 1858 IB'.
2302 1804 2440 1875 Περὶ
2479 1802 2724 1858 Ἰωάννου
2752 1805 2846 1859 τού
2885 1807 3023 1876 μετὰ
3067 1808 3332 1878 Τιμόθεον
3362 1810 3463 1881 τῆς
3533 1810 3685 1865 Ἀλε-

2107 1893 2373 1964 ξανδρέων
2401 1896 2529 1958 τοὺς
2575 1895 2765 1959 οἴακας
2808 1899 3194 1970 κατασχόντος,
3225 1901 3375 1965 ὅπως
3426 1918 3488 1954 τε
3556 1902 3683 1956 τοῦ·

2102 2002 2195 2039 τον
2226 1987 2254 2039 6
2288 1988 2473 2056 Ζήνων
2500 1987 2576 2052 ώς
2606 1991 3015 2059 ὲπιορκήκαντα
3048 1992 3371 2058 ἀπελαύνει,
3402 1993 3596 2064 Πέτρῳ
3622 1992 3682 2046 δι

2101 2069 2178 2138 τῷ
2203 2070 2409 2142 Μογγῷ
2427 2071 2533 2142 ,τὴν
2576 2073 2970 2147 Ἀλεξανδρέων
3003 2081 3318 2151 ἐγχειρίζει.

2177 2185 2276 2238 II".
2325 2185 2411 2250 Ὠς
2455 2185 2655 2259 Πέτρος
2685 2191 2713 2242 6
2758 2190 2978 2260 Μογγδς
3035 2191 3250 2265 δέχεται
3283 2198 3345 2251 τὸ
3386 2200 3681 2260 Ἐνωτικὸν

2103 2275 2369 2345 Ζήνωνος,
2407 2280 2632 2343 καὶτοῖς
2665 2282 2772 2335 ἀπὸ
2799 2284 3094 2356 Προτερίου
3144 2291 3499 2350 συνάπτεται.

2172 2368 2267 2422 1Δ’.
2312 2370 2446 2442 Περὶ
2465 2370 2558 2424 τοῦ
2588 2373 2877 2444 λεγομένου
2912 2376 3202 2434 ’Βνωτικοῦ
3229 2382 3322 2437 τοῦ
3352 2385 3620 2457 Ζήνωνος.

2171 2546 2269 2600 1Ε’.
2319 2548 2404 2611 Ὠς
2437 2547 2688 2622 Ἰωάννης
2742 2554 2770 2606 6
2823 2554 3231 2628 Ἀλεξανδρείας
3291 2563 3572 2620 κατελθὼν
3617 2567 3678 2622 ἐν

2114 2637 2321 2710 Ῥώμῃ,
2347 2639 2524 2694 πείθει
2561 2642 2883 2713 Σιμπλίκιον
2939 2649 3074 2720 πρὸς
3121 2653 3342 2723 Ζήνωνα
3397 2658 3526 2728 περὶ
3567 2657 3678 2713 τῶν

2101 2731 2422 2802 συμϐάντων
2445 2733 2651 2803 γράψαι
2683 2736 2911 2806 Ζήνωνι.

2170 2914 2283 2980 I7.
2325 2912 2460 2982 Περὶ
2488 2913 2867 2980 Καλανδίωνος
2895 2919 2990 2972 τοῦ
3037 2919 3385 2990 Ἀντιοχείας,
3438 2925 3534 2978 καὶ
3592 2926 3677 2981 ὅτι

2097 3002 2284 3076 ὲξορίᾳ
2319 3005 2686 3076 κατεδικάσθη
2710 3007 2800 3060 διὰ
2829 3009 2928 3080 τὴν
2972 3011 3108 3081 πρὸς
3143 3013 3353 3068 Ἴλλουν
3393 3017 3489 3070 καὶ
3513 3018 3678 3072 Λεόν-

417 3106 649 3163 Leontio
678 3107 938 3163 habuisse
967 3108 1312 3165 credebatur.
1339 3110 1473 3165 Item
1498 3112 1776 3182 quomodo
1801 3114 1998 3171 Petrus

2101 3116 2214 3153 τιον
2245 3097 2635 3168 ὑπονοηθεῖσαν
2674 3099 2887 3169 φιλίαν·
2923 3103 3018 3155 καὶ
3047 3103 3122 3168 ὡς
3150 3104 3354 3178 Πέτρος
3368 3111 3412 3161 οδ
3435 3111 3677 3179 κναφεὺς

418 3197 576 3252 Fullo
613 3198 808 3267 Mongo
836 3206 892 3253 et
925 3198 1197 3269 episc0pis
1229 3199 1741 3273 Constantinopolis
1774 3213 1831 3259 et
1868 3205 1996 3262 Hie-

419 3290 820 3360 rosolymorum
859 3291 1100 3346 sociatus
1139 3292 1324 3347 fuerit.

487 3381 650 3436 XVII.
686 3382 762 3435 De
813 3382 898 3436 his
936 3399 1056 3452 qua:
1100 3384 1296 3439 Petrus
1327 3385 1549 3456 scripsit
1581 3388 1650 3444 ad
1696 3392 1994 3458 Acacium,

418 3471 512 3542 qui
541 3469 1042 3526 Chalcedonensem
1073 3472 1341 3544 synodum
1375 3485 1710 3546 susceperat.

486 3583 676 3641 XVIII.
705 3584 990 3651 Quomodo
1016 3584 1256 3641 Joannes
1277 3587 1680 3643 Alexandrinus
1703 3590 1996 3659 episcopus

420 3677 583 3734 Felici
634 3692 788 3746 papae
819 3676 1188 3746 persuaserit,
1236 3685 1297 3731 ut
1345 3677 1706 3748 depositionis
1748 3681 1995 3736 libellum

418 3768 664 3823 mitteret
691 3767 890 3822 Acacio
917 3767 1550 3837 Constantinopolitano.

488 3857 632 3913 XIX.
681 3859 757 3912 De
790 3855 994 3927 Cyrillo
1048 3858 1343 3926 praeposito
1391 3860 1709 3914 monasterii
1760 3860 1998 3916 Accemi-

418 3949 657 4003 tensium
692 3945 1009 4016 :quomodo
1049 3947 1277 4000 Romam
1328 3946 1395 4000 ad
1443 3947 1681 4002 Felicem
1729 3950 1996 4018 quosdam

417 4038 700 4103 direxerit,
736 4038 970 4093 incitans
999 4037 1152 4090 illum
1193 4046 1251 4090 ut
1293 4053 1357 4091 ea
1383 4053 1506 4106 quae
1536 4039 1800 4094 adversus
1832 4040 1993 4095 ﬁdem

417 4131 711 4186 commissa
740 4137 918 4194 erant,
945 4128 1330 4185 ulcisceretur.

485 4223 606 4278 XX.
639 4222 714 4276 De
757 4220 827 4274 iis
856 4235 978 4289 qua:
1011 4219 1164 4273 Felix
1206 4219 1274 4273 ad
1322 4219 1620 4288 Zenonem,
1647 4230 1704 4276 et
1733 4221 1879 4277 Zeno
1925 4223 1993 4278 ad

418 4313 655 4369 Felicem
697 4309 938 4378 scripsit.

486 4403 630 4458 XXI.
660 4401 944 4467 Quomodo
984 4397 1283 4471 Symeones
1324 4402 1626 4458 monachus
1658 4404 1992 4460 Acmmiten-
2021 4433 2070 4492 ι)

2098 3193 2282 3264 ήνώθη
2307 3191 2383 3262 τῷ
2412 3192 2637 3263 Μογγῷ,
2664 3195 2756 3248 καὶ
2791 3195 2868 3266 τῷ
2898 3198 3548 3268 Κωνσταντινουπόλεως,
3582 3205 3677 3261 καὶ

2096 3281 2175 3346 τῷ
2213 3281 2623 3353 Ἰεροσολύμων.

2171 3373 2268 3428 1Ζ’.
2319 3369 2560 3444 Περὶίῶν
2616 3376 2822 3448 ἔγραψε
2877 3379 3084 3450 Πέτρος
3124 3381 3364 3456 Ἀκακίῳ
3397 3385 3676 3458 δεξαμένῳ

2096 3465 2193 3538 τὴν
2224 3465 2282 3518 έν
2313 3465 2617 3535 Καλχηδόνι
2645 3467 2884 3523 σύνοδον.

2167 3578 2275 3632 1Π’.
2315 3578 2502 3642 Ὅπως
2531 3581 2785 3652 Ἰωάννης
2835 3584 2863 3635 6
2895 3582 3301 3653 Ἀλεξανδρείας
3351 3587 3530 3642 πείθει
3563 3590 3670 3658 Φή-

2095 3668 2209 3721 λικι
2240 3666 2317 3738 τῷ
2346 3668 2503 3740 πάπα
2541 3670 2756 3740 Ῥώμης
2786 3672 3102 3744 καθαίρεσιν
3134 3675 3374 3749 Ἀκακίῳ
3405 3677 3483 3748 τῷ
3517 3681 3674 3733 Κων-

2098 3759 2590 3822 σταντινουπόλεως
2620 3762 2857 3832 πέμψαι.

2167 3850 2266 3903 Ιθθ.
2297 3851 2430 3920 Περὶ
2451 3851 2717 3920 Κυρίλλου
2752 3855 3056 3924 ἡγουμένου
3079 3858 3246 3928 μονῆς
3280 3859 3389 3913 τῶν
3413 3861 3673 3933 Ἀκοιμή-

2095 3954 2222 4000 των,
2273 3938 2422 4002 ὅπως
2473 3941 2610 4010 πρὸς
2658 3941 2877 4012 Ῥώμην
2926 3944 3214 3998 ἀπέστειλε
3267 3946 3404 4016 πρὸς
3461 3947 3673 4017 Φήλικά

2094 4046 2266 4093 τινας,
2284 4030 2491 4097 ένάγων
2515 4032 2680 4085 αὐτὸν
2706 4033 2842 4101 πρὸς
2871 4035 3152 4106 ἐκδίκησιν
3179 4036 3286 4090 τῶν
3304 4039 3672 4109 τολμωμένων

2095 4117 2234 4172 κατὰ
2262 4119 2362 4188 τῆς
2389 4121 2644 4186 πίστεως.

2165 4211 2252 4264 Κ’.
2288 4210 2423 4282 Περὶ
2449 4205 2523 4265 ὧν
2573 4212 2782 4284 ἔγραψε
2827 4215 2992 4288 Φῆλιξ
3025 4217 3161 4290 πρὸς
3186 4221 3430 4291 Ζήνωνα,
3476 4225 3566 4278 καῖ
3597 4220 3668 4280 αὖ

2096 4300 2258 4355 πάλιν
2280 4302 2462 4370 Ζήνων
2496 4303 2632 4372 πρὸς
2661 4305 2888 4376 Φήλικα.
3577 4326 3583 4332 ·

2168 4389 2296 4442 ΚΑ⁹.
2341 4390 2428 4452 Ὠς
2455 4391 2750 4460 Συμεώνης
2804 4393 3035 4464 μοναχδς
3064 4397 3230 4467 μονῆς
3266 4398 3372 4451 τῶν
3407 4399 3668 4472 Ἀκοιμή-

415 4497 512 4560 sis,
550 4496 779 4550 Romam
825 4492 1072 4558 veniens,
1123 4492 1333 4563 legatos
1383 4493 1641 4549 Ecclesiae
1690 4495 1847 4551 Rom.
1897 4498 1992 4568 qui

2101 4481 2307 4545 τωνεῐς
2352 4481 2570 4551 Ῥώμην
2616 4482 3079 4548 κατελθὼν,τοὺς
3112 4488 3186 4540 ’ὲν
3240 4490 3673 4544 Κωνσταντινου·

413 4585 946 4654 Constantinopolim
972 4592 1260 4649 venerant,
1289 4585 1538 4654 coarguit
1561 4587 1706 4656 quod
1734 4602 1858 4643 cum
1884 4589 1994 4644 haz-

416 4682 606 4738 reticis
639 4679 1136 4736 communicassent
1165 4695 1179 4732 :
1210 4686 1268 4733 et
1293 4678 1569 4748 quomodo
1603 4679 1762 4750 legati
1792 4688 1848 4736 et
1875 4697 1997 4736 om-

415 4789 514 4830 nes
580 4771 1076 4827 communicatores
1141 4771 1287 4826 Petri
1347 4786 1378 4824 a
1437 4771 1697 4828 Romanis
1755 4772 1990 4843 depositi

412 4865 545 4919 sint.

482 4976 653 5033 XXII.
704 4976 783 5032 De
833 4975 1010 5032 turbis
1059 4991 1181 5048 qua:
1228 4975 1572 5032 Alexandria:
1623 4986 1681 5033 et
1729 4979 1898 5035 variis
1932 4980 1989 5037 in

410 5069 548 5126 locis
578 5067 828 5126 excitata:
856 5075 986 5123 sunt
1015 5067 1087 5122 ob
1114 5065 1565 5124 Chalcedonense
1595 5069 1916 5126 concilium.

478 5241 642 5313 332
680 5239 873 5296 XXIII.
913 5241 989 5296 De
1033 5241 1249 5297 Fravita
1296 5252 1352 5298 et
1383 5243 1690 5314 Euphemio
1720 5247 1990 5304 Constan-

410 5332 669 5403 tinopolis
730 5331 1008 5402 episc0pis
1055 5348 1068 5386 :
1113 5342 1170 5388 et
1227 5332 1294 5388 de
1333 5333 1632 5390 Athanasio
1669 5352 1733 5392 ac
1778 5339 1988 5396 Joanne

406 5420 794 5478 Alexandrinis
827 5438 842 5478 :
871 5430 927 5478 et
951 5421 1018 5476 de
1046 5422 1288 5478 Palladio
1318 5439 1381 5477 ac
1408 5423 1666 5481 Flaviano
1693 5427 1997 5485 Antioche-

407 5510 532 5576 nis;
563 5509 692 5567 item
724 5512 792 5566 de
817 5511 941 5566 aliis
969 5512 1322 5582 quibusdam.

475 5598 664 5656 XXIV.
693 5604 769 5659 De
800 5604 944 5660 caede
976 5603 1182 5659 Armati
1215 5603 1308 5676 qui
1345 5615 1607 5676 cognatus
1637 5609 1740 5665 fuit
1776 5611 1987 5668 Verinte

402 5685 661 5756 Augustae
674 5725 689 5742 .

2096 4571 2247 4624 πόλει
2289 4572 2690 4636 ἀποσταλέντας
2712 4575 3044 4640 ἐπισκόπους
3074 4579 3222 4649 παρὰ
3267 4579 3553 4649 Ῥωμαίων
3589 4583 3671 4636 δι-

2093 4661 2287 4733 ήλεγξε
2317 4663 2749 4728 κοινωνήσαντας
2785 4669 2899 4730 τοῖς
2934 4668 3260 4737 αίρετικοῖςο
3290 4671 3383 4724 καὶ
3412 4671 3486 4735 ὡς
3518 4674 3670 4726 αὐτοί

2091 4769 2151 4806 τε
2210 4753 2304 4805 καὶ
2344 4754 2393 4806 οἱ
2427 4756 2852 4826 κοινωνήσαντες
2912 4759 3123 4830 Πέτρῳ,
3179 4761 3330 4832 παρὰ
3381 4763 3672 4834 Ῥωμαίων

2092 4842 2494 4916 καθῃρέθησαν.

2163 4962 2293 5019 KB'.
2340 4963 2475 5034 Περὶ
2501 4961 2611 5016 τῶν
2677 4964 2736 5018 ὲν
2767 4965 3150 5038 Ἀλεξανδρεία
3192 4968 3527 5039 κινηθέντων
3574 4972 3670 5026 καὶ

2091 5059 2149 5111 έν
2180 5055 2455 5127 διαφόροις
2492 5053 2700 5121 τόποις,
2739 5056 2900 5127 χάριν
2953 5059 3052 5128 τῆς
3091 5060 3150 5112 έν
3185 5060 3490 5132 Καλχηδόνι
3541 5081 3670 5116 συν-

2090 5148 2232 5204 όδου.

2162 5241 2289 5295 KI".
2335 5239 2471 5307 Περὶ
2495 5237 2590 5290 τοῦ
2619 5239 2889 5308 Φραυῖτου
2947 5242 3041 5294 καὶ
3075 5243 3337 5313 Εὐφήμου
3381 5246 3490 5300 τῶν
3514 5249 3670 5303 Κωνο

2092 5330 2636 5392 σταντινουπολιτῶν,
2671 5332 2763 5384 καὶ
2802 5331 3124 5387 Ἀθανασίου
3149 5336 3242 5389 καὶ
3281 5339 3529 5392 Ἰωάννου
3561 5341 3670 5395 τῶν

2103 5418 2516 5490 Ἀλεξανδρέων,
2570 5419 2666 5473 καὶ
2723 5411 3026 5474 Παλλαδίου
3073 5424 3168 5476 καὶ
3213 5423 3516 5480 Φλαόιανοῦ
3559 5428 3671 5480 τῶν

2090 5510 2428 5582 Ἀντιοχέων,
2464 5511 2557 5564 καὶ
2580 5509 2780 5579 ἑτέρων
2807 5512 2988 5566 τινῶν.

2161 5603 2287 5656 ΚΔσ.
2333 5601 2468 5672 Περὶ
2528 5601 2627 5669 τῆς
2672 5601 3005 5670 άναιρέτεως
3047 5603 3318 5674 ’Λρμᾴτου
3371 5609 3672 5676 συγγενοῦς

2026 5757 2029 5759 _
2089 5693 2315 5768 Βερίνης
2355 5695 2451 5764 τῆς
2484 5692 2768 5765 βασιλίδος.
