4070 6176
274 208 416 276 2593

1188 197 1572 260 HISTORIA!
1613 193 2200 256 ECCLESIASTICE
2238 193 2469 255 LIBER
2502 195 2615 257 IlI.
2654 188 2665 207 ’

3394 196 3537 262 2594

343 327 475 382 κε’.
521 322 657 395 Περὶ
674 322 771 391 τῆς
802 320 1228 381 ἐπαναστάσεως
1252 316 1570 387 Θεοδερίχου
1591 317 1683 371 τοῦ
1716 316 1855 369 Σκύ-

2032 337 2196 393 XXV.
2232 337 2308 392 De
2352 334 2681 392 Theodorici
2729 332 2945 405 Scythae
2992 333 3314 400 rebellione,
3356 334 3537 405 deque

274 425 391 484 θου,
415 422 511 474 καὶ
542 420 639 488 τῆς
663 417 855 471 τούτου
883 414 1165 483 τελευτῆς.

344 514 491 578 KC’.
522 509 658 579 Περὶ
680 509 779 577 τῆς
812 504 1134 577 Μαρκιανοῦ
1173 501 1616 567 ἐπαναστάσεως,
1653 502 1745 555 καὶ
1770 500 1856 555 οἷα

277 604 405 674 περὶ
425 600 614 654 τοῦτον
653 595 871 665 συνέϐη.

350 694 478 749 KZ'.
516 692 652 761 Περὶ
681 692 783 759 τῆς
812 686 1129 759 τυραννίδος
1152 687 1325 740 Ὶλλου
1352 687 1447 741 καὶ
1470 686 1747 741 Λεοντίου.

348 784 484 844 KH'.
522 785 660 855 Περὶ
695 780 1052 853 Μαμμιανοῦ,
1089 780 1184 833 καὶ
1216 780 1325 834 τῶν
1354 780 1531 852 ἔργων
1562 778 1749 833 αὑτοῦ.

349 961 480 1017 ΚΘ’.
519 960 652 1027 Περὶ
672 958 771 1026 τῆς
800 955 1056 1025 τελευτῆς
1085 956 1351 1026 Ζήνωνος,
1376 953 1471 1007 καὶ
1492 953 1588 1023 τῆς
1613 953 1859 1023 ἀναρρή-

280 1074 419 1118 σεως
452 1050 829 1105 Ἀναστασίου.

352 1147 431 1199 Λ’.
471 1143 608 1214 Περὶ
639 1141 995 1195 ’Λναστασίου
1021 1138 1114 1194 τοῦ
1151 1138 1438 1209 βασιλέως,
1476 1137 1568 1191 καὶ
1596 1137 1670 1200 ὡς
1698 1135 1786 1189 διὰ
1800 1135 1860 1187 τὸ

288 1238 361 1305 ,ιὴ
394 1232 682 1305 βούλεσθαι
715 1231 903 1284 τοῦτον
933 1232 1281 1300 καινοτομεῖν
1306 1247 1358 1283 τι
1393 1230 1521 1300 περὶ
1543 1228 1641 1299 τὴν
1668 1227 1863 1297 ἐκκλη-

285 1326 569 1396 σιαστικὴν
600 1323 955 1386 κατάστασιν,
989 1322 1197 1393 μυρίων
1226 1322 1483 1391 ταραχῶν
1515 1322 1571 1374 αἱ
1610 1321 1715 1373 ἀνὰ
1763 1318 1863 1391 τήν

281 1418 607 1488 οἰκουμένην
637 1414 954 1484 Ἐκκλησίαι
985 1413 1398 1485 ἐνεπλήσθησαν
1419 1429 1431 1441 ⁸
1463 1412 1647 1467 πολλοί
1673 1430 1731 1465 τε
1754 1411 1862 1464 τῶν

284 1510 598 1565 ἐπισκόπων
628 1506 719 1560 διὰ
740 1505 898 1559 τοῦτο
928 1505 1318 1576 ἐξεϐλήθησαν.

352 1604 480 1656 AA'.
520 1597 808 1667 Ἐπιστολὴ
858 1597 967 1649 τῶν
1000 1597 1250 1667 μοναχῶν
1300 1594 1681 1649 Παλαιστινῶν
1726 1594 1862 1664 πρὸς

284 1695 589 1747 Ἀλκίσωνα
615 1691 744 1762 περὶ
769 1689 1003 1761 μονοιχοῦ
1032 1688 1257 1742 Ξεναίου
1286 1689 1379 1741 καὶ
1402 1690 1605 1757 ἐτέρων
1631 1686 1812 1739 τινῶν.

352 1787 476 1839 AB’.
506 1784 640 1854 Περὶ
664 1782 762 1852 τῆς
783 1781 1011 1850 ἐκϐολῆς
1040 1779 1377 1834 Μακεδονίου
1412 1778 1506 1831 τοῦ
1559 1778 1865 1831 Κωνσταν-

283 1876 662 1938 τινουπόλεως,
693 1876 788 1928 καὶ
809 1871 1111 1926 Φλαϐιανοῦ
1154 1872 1513 1941 Ἀντιοχείας.

358 1965 481 2022 Al".
519 1968 655 2038 Περὶ
680 1964 922 2036 Σεϐήρου
954 1962 1265 2017 ἐπισκόπου
1299 1962 1652 2031 Ἀντιοχείας.

360 2057 481 2114 ΛΔ’.
522 2059 658 2130 Περὶ
694 2058 794 2127 τῆς
819 2055 1163 2126 πεμφθείσης
1185 2053 1335 2123 αὐτῷ
1369 2052 1743 2122 καθαιρέσεως
1765 2052 1868 2105 ὑπὸ

288 2154 488 2222 Κοσμᾶ
509 2150 603 2205 καὶ
625 2148 980 2221 Σεϐηριανοῦ.

362 2245 486 2298 AE'.
507 2243 641 2313 Περὶ
656 2242 753 2310 τῆς
770 2239 877 2293 τῶν
899 2238 1175 2310 τυράννων
1192 2237 1452 2309 Ἰσαύρων
1476 2238 1867 2309 καθαιρέσεως.

362 2339 504 2403 Aq'.
531 2334 665 2404 Περὶ
687 2332 792 2386 τῶν
812 2331 1103 2401 Σκηνητῶν
1121 2329 1435 2401 βαρϐάρων,
1459 2329 1533 2393 ὡς
1551 2331 1872 2386 ἐσπείσαντο

292 2428 431 2499 πρὸς
467 2424 793 2496 Ῥωμαίους.

365 2520 486 2572 ΔΖ’.
526 2516 661 2586 Περὶ
693 2515 795 2584 τῆς
827 2515 885 2567 ἐν
915 2510 1099 2583 Ἀμίδῃ
1129 2511 1469 2584 πολιορκίας,
1502 2512 1597 2565 καὶ
1641 2511 1871 2574 κτίσεως

290 2608 387 2662 τοῦ
417 2607 618 2677 Δάρας.

365 2701 494 2753 AH'.
529 2696 664 2768 Περὶ
686 2694 782 2749 τοῦ
816 2694 1032 2764 μακροῦ
1059 2696 1293 2764 τείχους.

364 2790 487 2845 ΔΘ’.
518 2788 654 2859 Περὶ
680 2785 775 2841 τοῦ
803 2786 1096 2857 λεγομένου
1134 2781 1569 2855 Χρυσαργύρου,
1616 2782 1691 2845 ὡς
1724 2782 1871 2835 ἀνεῖ-

294 2886 389 2937 λεν
413 2881 576 2936 αύτὺν
611 2880 987 2943 Ἀναστάσιος.

1958 427 2206 498 ejusdem
2238 426 2489 481 interitu.

2027 518 2215 574 XXVI.
2261 519 2338 573 De
2388 517 2693 574 rebellione
2744 510 3041 580 Marciani,
3087 523 3145 570 et
3176 514 3312 584 quid
3357 514 3538 569 eidem

1958 608 2244 664 acciderit.

2030 698 2244 754 XXVII.
2276 698 2354 753 De
2386 696 2701 770 Tyrannide
2732 698 2815 752 Illi
2849 713 2913 753 ac
2944 696 3184 753 Leontii.

1953 795 1963 804 '
2030 784 2271 840 XXVIII.
2329 784 2401 839 De
2448 785 2808 850 Mammiauo,
2841 794 2898 840 et
2944 784 3013 839 de
3061 784 3324 855 operibus
3357 782 3427 837 ab
3474 797 3543 837 eo

1960 878 2311 934 constructis.

2033 968 2226 1023 XXlX.
2261 969 2338 1023 De
2373 968 2612 1022 Zenonis
2655 966 2835 1032 obitu,
2866 976 2921 1021 et
2951 966 3019 1021 de
3052 966 3323 1021 Anastasii
3370 965 3545 1035 impe-

1963 1061 2160 1115 ratoris
2200 1059 2631 1129 nuncupatione.

2043 1151 2216 1206 XXX.
2255 1152 2331 1205 De
2366 1150 2654 1205 Anastasio
2699 1148 3033 1218 imperatore
3082 1166 3095 1201 :
3134 1156 3191 1201 et
3238 1146 3540 1216 quomodo,

1964 1257 2091 1297 cum
2139 1241 2229 1294 ille
2272 1240 2409 1295 nihil
2454 1239 2509 1293 in
2558 1238 2934 1293 ecclesiastico
2966 1246 3107 1292 statu
3142 1238 3347 1290 sineret
3390 1236 3545 1289 inno«

1964 1331 2104 1395 vari,
2142 1331 2309 1386 totius
2351 1329 2504 1384 orbis
2533 1330 2792 1384 Ecclesia:
2830 1329 3138 1383 innumeris
3173 1327 3548 1397 perturbatio-

1966 1422 2131 1477 nibus
2163 1421 2385 1490 repletze
2425 1428 2572 1484 sunt,
2604 1419 2870 1488 multique
2896 1419 3140 1488 episc0pi
3169 1434 3289 1473 eam
3318 1417 3390 1471 ob
3423 1432 3543 1470 cau.

1966 1528 2080 1567 sam
2108 1511 2344 1580 expulsi.

2037 1600 2230 1657 XXXI.
2265 1599 2513 1669 Epistola
2542 1598 2937 1652 monachorum
2978 1598 3279 1653 Palaestina:
3308 1598 3373 1652 ad
3404 1598 3551 1651 Alci-

1969 1709 2161 1749 sonem
2194 1692 2263 1747 de
2292 1690 2502 1746 Xenaia
2535 1690 2828 1753 monacho,
2863 1699 2919 1744 et
2945 1689 3013 1744 de
3045 1690 3168 1743 aliis
3195 1688 3546 1759 quibusdam.

2039 1783 2257 1838 XXXII.
2292 1783 2369 1837 De
2400 1781 2721 1851 expulsionc
2754 1780 3056 1835 Macedonii
3087 1779 3549 1848 Constantinopo-

1968 1877 2125 1932 litani
2159 1874 2427 1945 episcOpi,
2454 1883 2510 1928 et
2544 1872 2783 1927 Flaviani
2814 1872 3164 1927 Antiocheni.

2042 1966 2283 2021 XXXIII.
2323 1966 2399 2020 De
2436 1964 2642 2019 Severo
2662 1965 2924 2033 episcopo
2952 1964 3275 2018 Antiochiae.

2042 2061 2283 2115 XXXIV.
2317 2061 2393 2114 De
2423 2060 2614 2114 libello
2642 2059 3009 2129 depositionis
3050 2060 3116 2113 ad
3164 2060 3420 2114 eumdem
3458 2057 3555 2115 Sc-

1970 2168 2162 2208 verum
2194 2152 2364 2205 misso
2391 2166 2421 2205 a
2450 2150 2645 2205 Cosma
2678 2159 2734 2204 et
2761 2149 3079 2205 Severiano.

2044 2241 2258 2296 XXXV.
2290 2242 2366 2296 De
2394 2241 2663 2303 exstincta
2693 2241 3005 2295 Isaurorum
3038 2241 3347 2312 tyrannide.

2040 2334 2281 2389 XXXVI.
2320 2332 2608 2399 Quomodo
2636 2332 2895 2387 Saraceni
2920 2348 3112 2402 pacem
3140 2349 3264 2388 cum
3296 2331 3557 2388 Romanis

1972 2426 2246 2481 fecerunt.
2414 2432 2419 2438 '

2045 2516 2309 2571 XXXVII.
2345 2516 2423 2570 De
2454 2516 2859 2586 expugnatione
2888 2515 3117 2581 Amidae,
3146 2524 3199 2571 et
3234 2516 3302 2571 de
3331 2514 3559 2571 conditu

1978 2610 2135 2663 urbis
2165 2609 2354 2663 Daras.
3576 2604 3581 2609 ’

2046 2698 2337 2753 XXXVIII.
2370 2699 2447 2753 De
2474 2699 2639 2768 longo
2674 2714 2852 2752 muro.

2049 2791 2292 2845 XXXIX.
2326 2791 2402 2845 De
2428 2792 2680 2860 vectigali
2709 2790 2856 2859 quod
2882 2789 3312 2861 Clirysargyrum
3340 2793 3560 2853 vocant,

1976 2892 2033 2936 et
2056 2881 2337 2951 quomodo
2364 2880 2639 2935 sublatum
2667 2880 2740 2935 sit
2764 2880 2833 2934 ab
2862 2880 3169 2934 Anastasio.

364 2973 457 3028 Μ’.
496 2969 632 3041 Περὶ
648 2964 722 3022 ὧν
759 2970 1011 3040 ἱστόρησε
1044 2967 1292 3038 Ζώσιμος
1318 2967 1478 3037 χάριν
1498 2964 1595 3018 τοῦ
1621 2966 1876 3035 Χρυσάρ-

2051 2972 2163 3027 XL.
2198 2973 2275 3026 De
2305 2971 2392 3026 his
2418 2988 2539 3041 quae
2568 2972 2822 3027 Zosimus
2852 2973 3073 3041 scripsit
3101 2970 3170 3027 de
3189 2969 3562 3041 Chrysargyro

296 3060 489 3131 γύρου,
519 3060 612 3113 καὶ
640 3059 1055 3111 Κωνσταντίνου
1095 3056 1188 3109 τοῦ
1216 3055 1497 3125 βασιλέως.

372 3152 510 3204 MA’.
564 3149 891 3211 ’Δπόστασις
941 3147 1078 3219 πρὸς
1104 3146 1359 3215 Ζώσιμον
1389 3147 1474 3215 ἐφ’
1500 3141 1581 3210 οἷς
1609 3145 1883 3217 ἐϐλασφή-

303 3258 443 3313 μησε
479 3240 891 3293 Κωνσταντῖνον
925 3239 1017 3291 καὶ
1048 3236 1443 3309 Χριστιανούς.

371 3332 506 3387 HB’.
541 3331 677 3401 Περὶ
694 3330 793 3401 τῆς
815 3328 1217 3402 χρυσοτελείας.

373 3425 509 3480 Ml".
545 3425 681 3495 Περὶ
710 3423 811 3494 τῆς
840 3420 1162 3493 τυραννίδος
1186 3420 1532 3477 Βιταλιανοῦ.

376 3514 507 3572 ων.
547 3516 635 3580 Ὠς
667 3514 1025 3569 Ἀναστασίου
1071 3515 1130 3568 ἐν
1154 3514 1234 3584 τῷ
1257 3514 1531 3585 τρισαγίῳ
1567 3514 1764 3585 ’Υμνῳ
1796 3513 1877 3579 τὸ,

313 3608 375 3663 Ὅ
395 3605 729 3678 σταυρωθεὶς
750 3605 819 3658 δι’
838 3606 1006 3675 ἡμᾶς,
1026 3603 1380 3675 βουληθέντος
1403 3604 1741 3674 προσθεῖναι,
1761 3605 1889 3658 στά-

308 3717 393 3763 σις
418 3702 475 3754 ἐν
495 3698 574 3768 τῷ
595 3697 751 3768 δήμῳ
781 3697 875 3750 καὶ
904 3697 1119 3768 ταραχὴ
1148 3696 1372 3767 γέγονεν
1391 3710 1406 3727 ⁸
1445 3695 1582 3769 ὅπερ
1605 3696 1887 3769 φοϐηθεὶς,

311 3792 746 3861 ὑποκρινάμενος
792 3788 1146 3856 ταπείνωσιν,
1211 3788 1349 3859 ταχὺ
1404 3788 1503 3852 τὰς
1544 3787 1768 3858 γνώμας
1795 3787 1888 3841 τοῦ

305 3884 484 3952 δήμου
518 3878 805 3949 μετέϐαλε.

383 4154 515 4211 ME'.
548 4152 684 4223 Περὶ
706 4152 802 4208 τοῦ
839 4152 1074 4208 θανάτου
1121 4152 1496 4207 Ἀναστασίου.

900 4224 1156 4279 ΚΕΦΑΔ.
1209 4223 1291 4279 A'.

309 4343 448 4412 Περὶ
468 4343 578 4413 τῆς
599 4340 925 4408 ,ϐασιλείας
946 4337 1228 4408 Ζήνωνος
1269 4336 1370 4392 καὶ
1394 4334 1501 4392 τοῦ
1512 4336 1656 4402 βίου
1677 4336 1887 4392 αὑτοῦ.

388 4476 571 4549 Ζήνων
608 4477 689 4542 δὲ,
718 4475 842 4529 ἐπεὶ
895 4474 995 4545 τὴν
1024 4473 1320 4545 βασιλείαν,
1362 4472 1458 4527 τοῦ
1500 4472 1689 4536 παιδός
1726 4472 1776 4526 οἱ
1803 4489 1892 4525 τε-

310 4568 695 4632 λευτήσαντος,
737 4566 898 4635 μόνος
941 4564 1330 4637 περιεϐάλετο,
1358 4563 1550 4633 ῶσπερ
1580 4564 1680 4619 οὐκ
1712 4563 1893 4635 οἰόμε-

310 4674 406 4719 νος
438 4658 483 4689 ⁷⁸³
512 4657 621 4710 τῶν
652 4656 794 4710 ὅλων
824 4656 1097 4726 ἐγκρατὴς
1139 4654 1417 4723 γενέσθαι,
1444 4656 1494 4708 εἰ
1538 4653 1614 4725 μὴ
1648 4654 1743 4707 καὶ
1781 4654 1892 4707 πά-

317 4765 449 4808 σαις
480 4751 601 4811 ταῖς
638 4747 925 4810 ἐπιούσαις
975 4747 1191 4817 ἡδοναῖς
1225 4747 1343 4817 μετ’
1384 4745 1632 4813 ἐξουσίας
1672 4744 1897 4810 ἐπεξέλ-

310 4840 432 4903 θοι,
480 4837 728 4893 τοσοῦτον
761 4840 826 4891 ἐκ
867 4838 1170 4909 προοιμίων
1218 4837 1411 4890 ἐαυτὸν
1448 4838 1567 4900 ταῖς
1615 4836 1899 4890 ἐπιθέσεσι

307 4932 427 4986 τῶν
461 4928 764 5001 ἐπιθυμιῶν
794 4930 1113 4994 ἐκδέδωκεν,
1143 4929 1218 4993 ὼς
1268 4928 1435 4998 μηδὲν
1464 4927 1625 4981 αὑτὸν
1653 4929 1901 4998 ἐπισχεῖν

308 5023 426 5075 τῶν
455 5022 723 5091 ἀπρεπῶν
782 5040 841 5075 τε
886 5022 986 5074 καὶ
1035 5021 1309 5092 ἀθέσμων
1338 5020 1453 5073 ἀλλ’
1481 5020 1653 5083 οὕτως
1691 5020 1904 5082 τούτοις

316 5113 800 5183 ἐμπολιτεύεσθαι,
839 5115 914 5176 ὡς
942 5114 1003 5166 τὸ
1046 5114 1277 5177 σκοτῐως
1300 5113 1473 5168 ταῦτα
1513 5114 1608 5165 καὶ
1639 5112 1698 5164 ἐν
1722 5129 1902 5183 παρα-

1985 3074 2039 3120 et
2064 3065 2132 3120 de
2156 3063 2521 3119 Constantino
2548 3063 2900 3133 imperatore.

2054 3154 2190 3209 XLI.
2225 3154 2501 3209 lnvectiva
2536 3154 2590 3207 in
2624 3154 2903 3208 Zosimum
2948 3153 3020 3208 ob
3050 3154 3169 3225 ejus
3202 3152 3259 3207 in
3291 3150 3565 3208 Constan-

1983 3247 2162 3302 tinum
2198 3253 2255 3300 et
2279 3245 2625 3300 Christianos
2654 3245 2966 3301 maledicta.

2056 3335 2219 3391 XLII.
2250 3336 2326 3391 De
2355 3336 2575 3391 auraria
2609 3338 2895 3406 pensione.

2056 3428 2241 3483 XLIII.
2275 3428 2350 3483 De
2380 3428 2638 3483 Vitaliani
2671 3429 3004 3500 Tyrannide.

2058 3517 2241 3573 XLIV.
2278 3516 2567 3583 Quomodo
2612 3518 2804 3588 ingens
2837 3518 3036 3573 seditio
3076 3516 3132 3571 in
3174 3517 3380 3588 pOpulo
3418 3517 3569 3571 exci-

1988 3616 2098 3661 tata
2145 3607 2248 3671 sit,
2285 3622 2412 3661 cum
2462 3606 2785 3661 Anastasius
2830 3607 2885 3661 in
2932 3607 3145 3679 llymno
3181 3606 3427 3677 Trisagio
3470 3606 3572 3660 has

1987 3710 2157 3751 voces
2199 3694 2403 3749 addere
2453 3694 2721 3750 voluisset
2764 3713 2777 3750 :
2824 3697 2918 3767 qui
2983 3696 3279 3753 cruciﬁxus
3334 3706 3420 3753 est
3468 3710 3571 3767 pro

1957 3786 2176 3867 “nobis.
2205 3785 2361 3852 Quod
2392 3795 2647 3842 metuens
2672 3787 3012 3853 Anastasius,
3041 3788 3389 3844 simulatione
3415 3801 3569 3853 usus,

2010 3877 2194 3932 statim
2241 3876 2419 3947 plebis
2458 3877 2674 3932 animos
2727 3879 3104 3934 commutavit.

1920 4132 1967 4190 Ῑ)
2063 4150 2223 4207 XLV.
2256 4174 2327 4189 ——
2360 4146 2495 4206 Item
2517 4152 2585 4207 de
2608 4151 2761 4207 obitu
2784 4148 3034 4219 ejusdem
3056 4149 3351 4207 Anastasii.

2565 4222 2726 4294 333
2772 4219 2924 4275 CAP.
2966 4221 3009 4277 l.

2177 4335 2251 4390 De
2280 4337 2499 4407 imperio
2524 4334 2751 4389 Zenonis
2808 4334 2973 4406 deque
3002 4334 3233 4405 ejusdem
3273 4337 3402 4391 vita.

2073 4472 2143 4526 At
2174 4471 2347 4536 Zeno,
2384 4471 2549 4526 simul
2586 4478 2772 4540 atque,
2806 4477 3025 4523 mortuo
3055 4468 3227 4531 ipsius
3265 4467 3400 4533 lilio,
3434 4468 3588 4526 solus

2004 4569 2297 4639 imperium
2351 4567 2629 4633 obtinuit,
2680 4566 2837 4636 quasi
2896 4578 3219 4635 persuasum
3269 4564 3481 4621 habens
3524 4580 3586 4620 se

2006 4674 2349 4730 nequaquam
2387 4673 2603 4713 summo
2635 4656 2868 4727 imperio
2902 4655 3192 4725 praeditum
3223 4670 3364 4715 esse,
3394 4654 3497 4709 nisi
3529 4653 3586 4707 in

2006 4767 2169 4807 omne
2215 4768 2388 4823 genus
2436 4750 2708 4814 libidinis,
2746 4748 3116 4819 quodcunque
3154 4746 3379 4801 obvium
3413 4751 3585 4808 esset,

2006 4856 2222 4897 summa
2266 4857 2392 4895 cum
2429 4840 2651 4895 licentia
2685 4837 3068 4895 eIl‘underetur
3095 4853 3110 4891 :
3142 4835 3324 4891 statim
3356 4833 3426 4888 ab
3470 4833 3591 4903 ipso

2006 4932 2233 4987 exordio
2267 4931 2547 4988 illecebris
2568 4929 2933 5000 cupiditatum
2966 4929 3040 4981 ita
3068 4942 3128 4982 se
3155 4934 3329 4980 totum
3357 4922 3592 4988 dedidit,

2013 5032 2073 5077 ut
2111 5023 2251 5077 nihil
2294 5030 2439 5078 esset
2486 5031 2592 5076 tam
2628 5029 2788 5091 turpe
2839 5029 3056 5089 tamque
3102 5017 3393 5081 illicitum,
3443 5013 3593 5084 quod

2007 5116 2271 5187 impetum
2297 5116 2418 5186 ejus
2450 5115 2772 5181 cohiberet;
2806 5113 2901 5170 sed
2932 5112 3012 5167 sic
3048 5114 3103 5167 in
3133 5110 3353 5181 ﬂagitiis
3380 5108 3595 5162 voluta-

320 5206 511 5275 ϐύστῳ
541 5204 851 5275 γίγνεσθαι,
875 5203 1165 5275 χαμερπὲς
1195 5200 1336 5257 εῖναι
1365 5202 1634 5275 νομίζειν·
1663 5202 1725 5255 τὸ
1758 5203 1815 5256 δέ
1842 5220 1883 5271 γλ

2004 5208 2186 5273 batur,
2223 5216 2284 5262 ut
2309 5207 2450 5263 clam
2484 5206 2708 5277 quidem
2751 5219 2816 5259 ac
2842 5202 3071 5259 remotis
3098 5199 3324 5255 arbitris
3350 5211 3413 5252 ea
3440 5211 3624 5252 com-.

314 5298 629 5366 ἀναφανδὸν
656 5298 752 5351 καὶ
795 5296 986 5367 ὥσπερ
1044 5296 1104 5359 ἐξ
1142 5296 1412 5359 ἀπόπτου,
1459 5294 1739 5364 βασιλικὸν
1762 5333 1778 5357 ,
1808 5312 1881 5347 κα

2004 5296 2244 5363 mittere,
2276 5296 2387 5352 vile
2432 5311 2496 5351 ac
2526 5295 2807 5366 plebeium
2842 5293 3183 5349 existimaret
3210 5307 3224 5345 :
3251 5290 3432 5360 palam
3461 5302 3595 5342 vero

318 5386 692 5457 αὐτοκράτορι
722 5388 866 5457 μόνῳ
906 5387 1138 5452 πρέπον*
1173 5385 1361 5446 κακῶς
1398 5386 1487 5437 καὶ
1517 5384 1903 5455 δουλοπρεπῶς

2004 5398 2061 5444 et
2086 5388 2191 5447 sub
2218 5388 2397 5444 oculis
2424 5387 2671 5444 omnium
2714 5401 2778 5441 ea
2821 5392 3060 5456 patrare,
3090 5382 3303 5454 regium
3335 5377 3599 5452 quiddam

1643 5495 1874 5554 νΔιιιΑῖ
1912 5491 2320 5555 LEC'IIONES.

391 5596 438 5626 "
467 5594 570 5648 οὐκ
603 5592 993 5664 οἰκειούμενος.
