  <div class='ocr_page' id='page_1' title='image "/cluster/home/n/w/nwhite01/storage/ocr_20150623/86:2/hvd.32044054112354/427.png"; bbox 0 0 4024 6208; ppageno 0'>
   <div class='ocr_carea' id='block_1_1' title="bbox 419 323 562 390">
    <p class='ocr_par' dir='ltr' id='par_1_1' title="bbox 419 323 562 390">
     <span class='ocr_line' id='line_1_1' title="bbox 419 323 562 390; baseline 0 0"><span class='ocrx_word' id='word_1_1' title='bbox 419 323 562 390; x_wconf 70' lang='lat' dir='ltr'><strong>I599</strong></span> 
     </span>
    </p>
   </div>
   <div class='ocr_carea' id='block_1_2' title="bbox 1617 313 2457 377">
    <p class='ocr_par' dir='ltr' id='par_1_2' title="bbox 1617 313 2457 377">
     <span class='ocr_line' id='line_1_2' title="bbox 1617 313 2457 377; baseline -0.004 -1"><span class='ocrx_word' id='word_1_2' title='bbox 1617 315 1934 377; x_wconf 83' lang='lat' dir='ltr'><strong>EVAGRII</strong></span> <span class='ocrx_word' id='word_1_3' title='bbox 1973 313 2457 375; x_wconf 83' lang='lat' dir='ltr'><strong>SCHOLASTICI</strong></span> 
     </span>
    </p>
   </div>
   <div class='ocr_carea' id='block_1_3' title="bbox 3538 311 3682 380">
    <p class='ocr_par' dir='ltr' id='par_1_3' title="bbox 3538 311 3682 380">
     <span class='ocr_line' id='line_1_3' title="bbox 3538 311 3682 380; baseline 0 0"><span class='ocrx_word' id='word_1_4' title='bbox 3538 311 3682 380; x_wconf 77' lang='lat'><strong>2600</strong></span> 
     </span>
    </p>
   </div>
   <div class='ocr_carea' id='block_1_4' title="bbox 415 417 1983 498">
    <p class='ocr_par' dir='ltr' id='par_1_4' title="bbox 415 421 1976 498">
     <span class='ocr_line' id='line_1_4' title="bbox 415 421 1976 498; baseline -0.01 -6"><span class='ocrx_word' id='word_1_5' title='bbox 415 435 688 496; x_wconf 88' lang='lat' dir='ltr'><strong>mitteret,</strong></span> <span class='ocrx_word' id='word_1_6' title='bbox 713 437 769 486; x_wconf 88' lang='lat' dir='ltr'><strong>et</strong></span> <span class='ocrx_word' id='word_1_7' title='bbox 797 442 862 485; x_wconf 91' lang='lat' dir='ltr'><strong>ea</strong></span> <span class='ocrx_word' id='word_1_8' title='bbox 886 441 1005 498; x_wconf 83' lang='lat' dir='ltr'><strong>quae</strong></span> <span class='ocrx_word' id='word_1_9' title='bbox 1049 421 1398 481; x_wconf 87' lang='lat' dir='ltr'><strong>Chalcedone</strong></span> <span class='ocrx_word' id='word_1_10' title='bbox 1455 431 1609 494; x_wconf 85' lang='lat' dir='ltr'><strong>gesta</strong></span> <span class='ocrx_word' id='word_1_11' title='bbox 1656 422 1898 487; x_wconf 76' lang='lat' dir='ltr'><strong>fuerant,</strong></span> <span class='ocrx_word' id='word_1_12' title='bbox 1945 436 1976 476; x_wconf 89' lang='lat' dir='ltr'><strong>e</strong></span> 
     </span>
    </p>
   </div>
   <div class='ocr_carea' id='block_1_5' title="bbox 2086 417 3682 498">
    <p class='ocr_par' dir='ltr' id='par_1_5' title="bbox 2103 417 3682 494">
     <span class='ocr_line' id='line_1_5' title="bbox 2103 417 3682 494; baseline 0.003 -18"><span class='ocrx_word' id='word_1_13' title='bbox 2103 437 2163 476; x_wconf 85' lang='grc' dir='ltr'><strong>τε</strong></span> <span class='ocrx_word' id='word_1_14' title='bbox 2223 417 2536 494; x_wconf 89' lang='grc' dir='ltr'>περιϐαλεῖν</span> <span class='ocrx_word' id='word_1_15' title='bbox 2568 423 2636 477; x_wconf 74' lang='grc' dir='ltr'><strong>τά</strong></span> <span class='ocrx_word' id='word_1_16' title='bbox 2677 424 2733 477; x_wconf 79' lang='grc' dir='ltr'>ὲν</span> <span class='ocrx_word' id='word_1_17' title='bbox 2783 422 3091 494; x_wconf 79' lang='grc' dir='ltr'><strong>Καλχηδόνι</strong></span> <span class='ocrx_word' id='word_1_18' title='bbox 3131 422 3534 494; x_wconf 69' lang='grc' dir='ltr'>πεπραγμένα,</span> <span class='ocrx_word' id='word_1_19' title='bbox 3587 422 3682 482; x_wconf 75' lang='grc' dir='ltr'>καὶ</span> 
     </span>
    </p>
   </div>
   <div class='ocr_carea' id='block_1_6' title="bbox 414 511 1996 587">
    <p class='ocr_par' dir='ltr' id='par_1_6' title="bbox 414 511 1996 587">
     <span class='ocr_line' id='line_1_6' title="bbox 414 511 1996 587; baseline -0.011 -5"><span class='ocrx_word' id='word_1_20' title='bbox 414 522 621 582; x_wconf 84' lang='lat' dir='ltr'><strong>Leonis</strong></span> <span class='ocrx_word' id='word_1_21' title='bbox 642 519 848 576; x_wconf 88' lang='lat' dir='ltr'><strong>librum</strong></span> <span class='ocrx_word' id='word_1_22' title='bbox 873 515 1210 572; x_wconf 82' lang='lat' dir='ltr'><strong>anathemati</strong></span> <span class='ocrx_word' id='word_1_23' title='bbox 1227 514 1547 587; x_wconf 71' lang='lat' dir='ltr'><strong>subiiceret.</strong></span> <span class='ocrx_word' id='word_1_24' title='bbox 1573 511 1797 569; x_wconf 71' lang='lat' dir='ltr'><strong>Littera:</strong></span> <span class='ocrx_word' id='word_1_25' title='bbox 1813 520 1996 568; x_wconf 87' lang='lat' dir='ltr'><strong>autem</strong></span> 
     </span>
    </p>
   </div>
   <div class='ocr_carea' id='block_1_7' title="bbox 408 611 768 671">
    <p class='ocr_par' dir='ltr' id='par_1_7' title="bbox 408 611 768 671">
     <span class='ocr_line' id='line_1_7' title="bbox 408 611 768 671; baseline -0.014 -3"><span class='ocrx_word' id='word_1_26' title='bbox 408 615 494 671; x_wconf 85' lang='lat' dir='ltr'><strong>sic</strong></span> <span class='ocrx_word' id='word_1_27' title='bbox 519 611 768 668; x_wconf 81' lang='lat' dir='ltr'><strong>habent:</strong></span> 
     </span>
    </p>
   </div>
   <div class='ocr_carea' id='block_1_8' title="bbox 795 715 1611 792">
    <p class='ocr_par' dir='ltr' id='par_1_8' title="bbox 795 715 1611 792">
     <span class='ocr_line' id='line_1_8' title="bbox 795 715 1611 792; baseline -0.007 -17"><span class='ocrx_word' id='word_1_28' title='bbox 795 717 1076 792; x_wconf 78' lang='lat' dir='ltr'><strong>Encyclica</strong></span> <span class='ocrx_word' id='word_1_29' title='bbox 1098 716 1320 788; x_wconf 76' lang='lat' dir='ltr'><strong>epistola</strong></span> <span class='ocrx_word' id='word_1_30' title='bbox 1346 715 1611 772; x_wconf 71' lang='lat' dir='ltr'><strong>Basilisci.</strong></span> 
     </span>
    </p>
   </div>
   <div class='ocr_carea' id='block_1_9' title="bbox 476 827 1993 904">
    <p class='ocr_par' dir='ltr' id='par_1_9' title="bbox 476 827 1993 904">
     <span class='ocr_line' id='line_1_9' title="bbox 476 827 1993 904; baseline -0.004 -15"><span class='ocrx_word' id='word_1_31' title='bbox 476 833 779 904; x_wconf 85' lang='lat' dir='ltr'><strong>Imperator</strong></span> <span class='ocrx_word' id='word_1_32' title='bbox 805 831 987 888; x_wconf 82' lang='lat' dir='ltr'><strong>Caesar</strong></span> <span class='ocrx_word' id='word_1_33' title='bbox 1018 830 1335 893; x_wconf 86' lang='lat' dir='ltr'><strong>Basiliscus,</strong></span> <span class='ocrx_word' id='word_1_34' title='bbox 1368 829 1518 894; x_wconf 80' lang='lat' dir='ltr'><strong>Pius,</strong></span> <span class='ocrx_word' id='word_1_35' title='bbox 1533 829 1743 894; x_wconf 82' lang='lat' dir='ltr'><strong>Victor,</strong></span> <span class='ocrx_word' id='word_1_36' title='bbox 1767 827 1993 884; x_wconf 87' lang='lat' dir='ltr'><strong>Trium-</strong></span> 
     </span>
    </p>
   </div>
   <div class='ocr_carea' id='block_1_10' title="bbox 412 920 1992 994">
    <p class='ocr_par' dir='ltr' id='par_1_10' title="bbox 412 920 1992 994">
     <span class='ocr_line' id='line_1_10' title="bbox 412 920 1992 994; baseline -0.001 -16"><span class='ocrx_word' id='word_1_37' title='bbox 412 925 630 994; x_wconf 86' lang='lat' dir='ltr'><strong>pbator,</strong></span> <span class='ocrx_word' id='word_1_38' title='bbox 664 923 952 988; x_wconf 79' lang='lat' dir='ltr'><strong>Maximus,</strong></span> <span class='ocrx_word' id='word_1_39' title='bbox 979 938 1198 993; x_wconf 83' lang='lat' dir='ltr'><strong>semper</strong></span> <span class='ocrx_word' id='word_1_40' title='bbox 1217 922 1497 992; x_wconf 84' lang='lat' dir='ltr'><strong>Augustus</strong></span> <span class='ocrx_word' id='word_1_41' title='bbox 1523 937 1538 974; x_wconf 90' lang='lat'><strong>:</strong></span> <span class='ocrx_word' id='word_1_42' title='bbox 1562 928 1618 974; x_wconf 92' lang='lat' dir='ltr'><strong>et</strong></span> <span class='ocrx_word' id='word_1_43' title='bbox 1647 920 1865 976; x_wconf 83' lang='lat' dir='ltr'><strong>Marcus</strong></span> <span class='ocrx_word' id='word_1_44' title='bbox 1879 920 1992 976; x_wconf 88' lang='lat' dir='ltr'><strong>No-</strong></span> 
     </span>
    </p>
   </div>
   <div class='ocr_carea' id='block_1_11' title="bbox 415 1012 1996 1086">
    <p class='ocr_par' dir='ltr' id='par_1_11' title="bbox 415 1012 1996 1086">
     <span class='ocr_line' id='line_1_11' title="bbox 415 1012 1996 1086; baseline -0.002 -17"><span class='ocrx_word' id='word_1_45' title='bbox 415 1015 720 1070; x_wconf 89' lang='lat' dir='ltr'><strong>bilissimus</strong></span> <span class='ocrx_word' id='word_1_46' title='bbox 791 1013 992 1086; x_wconf 66' lang='lat' dir='ltr'><strong>Caesar,</strong></span> <span class='ocrx_word' id='word_1_47' title='bbox 1064 1014 1358 1068; x_wconf 88' lang='lat' dir='ltr'><strong>Timotheo</strong></span> <span class='ocrx_word' id='word_1_48' title='bbox 1413 1012 1876 1068; x_wconf 85' lang='lat' dir='ltr'><strong>reverendissimo</strong></span> <span class='ocrx_word' id='word_1_49' title='bbox 1939 1023 1996 1068; x_wconf 91' lang='lat' dir='ltr'><strong>et</strong></span> 
     </span>
    </p>
   </div>
   <div class='ocr_carea' id='block_1_12' title="bbox 413 1102 1995 1175">
    <p class='ocr_par' dir='ltr' id='par_1_12' title="bbox 413 1102 1995 1175">
     <span class='ocr_line' id='line_1_12' title="bbox 413 1102 1995 1175; baseline -0.001 -15"><span class='ocrx_word' id='word_1_50' title='bbox 413 1106 507 1160; x_wconf 88' lang='lat' dir='ltr'><strong>Dei</strong></span> <span class='ocrx_word' id='word_1_51' title='bbox 529 1105 904 1160; x_wconf 87' lang='lat' dir='ltr'><strong>amantissimo</strong></span> <span class='ocrx_word' id='word_1_52' title='bbox 933 1105 1348 1175; x_wconf 80' lang='lat' dir='ltr'><strong>archiepiscopo</strong></span> <span class='ocrx_word' id='word_1_53' title='bbox 1362 1119 1569 1174; x_wconf 65' lang='lat' dir='ltr'><strong>magnae</strong></span> <span class='ocrx_word' id='word_1_54' title='bbox 1589 1102 1744 1158; x_wconf 86' lang='lat' dir='ltr'><strong>urbis</strong></span> <span class='ocrx_word' id='word_1_55' title='bbox 1759 1103 1995 1158; x_wconf 77' lang='lat' dir='ltr'><strong>Alexan-</strong></span> 
     </span>
    </p>
   </div>
   <div class='ocr_carea' id='block_1_13' title="bbox 413 1181 1994 1265">
    <p class='ocr_par' dir='ltr' id='par_1_13' title="bbox 413 1181 1994 1265">
     <span class='ocr_line' id='line_1_13' title="bbox 413 1181 1994 1265; baseline 0 -17"><span class='ocrx_word' id='word_1_56' title='bbox 413 1195 717 1249; x_wconf 91' lang='lat' dir='ltr'><strong>drinorum.</strong></span> <span class='ocrx_word' id='word_1_57' title='bbox 790 1196 1071 1265; x_wconf 83' lang='lat' dir='ltr'><strong>Quotquot</strong></span> <span class='ocrx_word' id='word_1_58' title='bbox 1107 1195 1255 1265; x_wconf 80' lang='lat' dir='ltr'><strong>leges</strong></span> <span class='ocrx_word' id='word_1_59' title='bbox 1306 1211 1407 1264; x_wconf 90' lang='lat' dir='ltr'><strong>pro</strong></span> <span class='ocrx_word' id='word_1_60' title='bbox 1465 1203 1616 1250; x_wconf 91' lang='lat' dir='ltr'><strong>recta</strong></span> <span class='ocrx_word' id='word_1_61' title='bbox 1652 1202 1818 1263; x_wconf 90' lang='lat' dir='ltr'><strong>atque</strong></span> <span class='ocrx_word' id='word_1_62' title='bbox 1863 1181 1994 1263; x_wconf 88' lang='lat' dir='ltr'><strong>apo-</strong></span> 
     </span>
    </p>
   </div>
   <div class='ocr_carea' id='block_1_14' title="bbox 411 1284 1994 1356">
    <p class='ocr_par' dir='ltr' id='par_1_14' title="bbox 411 1284 1994 1356">
     <span class='ocr_line' id='line_1_14' title="bbox 411 1284 1994 1356; baseline -0.001 -16"><span class='ocrx_word' id='word_1_63' title='bbox 411 1285 603 1340; x_wconf 84' lang='lat' dir='ltr'><strong>stolica</strong></span> <span class='ocrx_word' id='word_1_64' title='bbox 654 1284 760 1338; x_wconf 92' lang='lat' dir='ltr'><strong>ﬁde</strong></span> <span class='ocrx_word' id='word_1_65' title='bbox 796 1294 1094 1339; x_wconf 80' lang='lat' dir='ltr'><strong>sanxerunt</strong></span> <span class='ocrx_word' id='word_1_66' title='bbox 1149 1285 1544 1356; x_wconf 81' lang='lat' dir='ltr'><strong>religiosissimi</strong></span> <span class='ocrx_word' id='word_1_67' title='bbox 1583 1285 1678 1354; x_wconf 86' lang='lat' dir='ltr'><strong>qui</strong></span> <span class='ocrx_word' id='word_1_68' title='bbox 1719 1291 1846 1339; x_wconf 90' lang='lat' dir='ltr'><strong>ante</strong></span> <span class='ocrx_word' id='word_1_69' title='bbox 1892 1299 1994 1339; x_wconf 88' lang='lat' dir='ltr'><strong>nos</strong></span> 
     </span>
    </p>
   </div>
   <div class='ocr_carea' id='block_1_15' title="bbox 414 1374 1992 1446">
    <p class='ocr_par' dir='ltr' id='par_1_15' title="bbox 414 1374 1992 1446">
     <span class='ocr_line' id='line_1_15' title="bbox 414 1374 1992 1446; baseline 0 -18"><span class='ocrx_word' id='word_1_70' title='bbox 414 1375 634 1430; x_wconf 79' lang='lat' dir='ltr'><strong>luerunt</strong></span> <span class='ocrx_word' id='word_1_71' title='bbox 666 1377 1045 1446; x_wconf 85' lang='lat' dir='ltr'><strong>imperatores,</strong></span> <span class='ocrx_word' id='word_1_72' title='bbox 1071 1376 1386 1446; x_wconf 88' lang='lat' dir='ltr'><strong>quicunque</strong></span> <span class='ocrx_word' id='word_1_73' title='bbox 1423 1383 1666 1430; x_wconf 87' lang='lat' dir='ltr'><strong>sanctam</strong></span> <span class='ocrx_word' id='word_1_74' title='bbox 1689 1385 1745 1430; x_wconf 92' lang='lat' dir='ltr'><strong>et</strong></span> <span class='ocrx_word' id='word_1_75' title='bbox 1777 1374 1992 1430; x_wconf 83' lang='lat' dir='ltr'><strong>beatam</strong></span> 
     </span>
    </p>
   </div>
   <div class='ocr_carea' id='block_1_16' title="bbox 412 1467 1991 1536">
    <p class='ocr_par' dir='ltr' id='par_1_16' title="bbox 412 1467 1991 1536">
     <span class='ocr_line' id='line_1_16' title="bbox 412 1467 1991 1536; baseline 0.001 -15"><span class='ocrx_word' id='word_1_76' title='bbox 412 1476 468 1521; x_wconf 85' lang='lat' dir='ltr'><strong>et</strong></span> <span class='ocrx_word' id='word_1_77' title='bbox 500 1467 865 1522; x_wconf 87' lang='lat' dir='ltr'><strong>immortalem</strong></span> <span class='ocrx_word' id='word_1_78' title='bbox 916 1483 981 1522; x_wconf 90' lang='lat' dir='ltr'><strong>ac</strong></span> <span class='ocrx_word' id='word_1_79' title='bbox 1031 1468 1303 1522; x_wconf 87' lang='lat' dir='ltr'><strong>viviﬁcam</strong></span> <span class='ocrx_word' id='word_1_80' title='bbox 1336 1467 1669 1521; x_wconf 88' lang='lat' dir='ltr'><strong>Trinitatem</strong></span> <span class='ocrx_word' id='word_1_81' title='bbox 1721 1475 1991 1536; x_wconf 90' lang='lat' dir='ltr'><strong>perpetuo</strong></span> 
     </span>
    </p>
   </div>
   <div class='ocr_carea' id='block_1_17' title="bbox 413 1546 1992 1627">
    <p class='ocr_par' dir='ltr' id='par_1_17' title="bbox 413 1546 1992 1627">
     <span class='ocr_line' id='line_1_17' title="bbox 413 1546 1992 1627; baseline 0 -17"><span class='ocrx_word' id='word_1_82' title='bbox 413 1557 635 1612; x_wconf 89' lang='lat' dir='ltr'><strong>coluere</strong></span> <span class='ocrx_word' id='word_1_83' title='bbox 693 1575 705 1610; x_wconf 90' lang='lat'>:</span> <span class='ocrx_word' id='word_1_84' title='bbox 767 1573 898 1624; x_wconf 86' lang='lat' dir='ltr'><strong>eas,</strong></span> <span class='ocrx_word' id='word_1_85' title='bbox 947 1567 1134 1627; x_wconf 90' lang='lat' dir='ltr'><strong>utpote</strong></span> <span class='ocrx_word' id='word_1_86' title='bbox 1191 1571 1313 1626; x_wconf 78' lang='lat' dir='ltr'><strong>quze</strong></span> <span class='ocrx_word' id='word_1_87' title='bbox 1363 1546 1622 1610; x_wconf 81' lang='lat' dir='ltr'><strong>universo</strong></span> <span class='ocrx_word' id='word_1_88' title='bbox 1673 1556 1798 1610; x_wconf 89' lang='lat' dir='ltr'><strong>orbi</strong></span> <span class='ocrx_word' id='word_1_89' title='bbox 1845 1556 1992 1610; x_wconf 88' lang='lat' dir='ltr'><strong>salu-</strong></span> 
     </span>
    </p>
   </div>
   <div class='ocr_carea' id='block_1_18' title="bbox 415 1646 1989 1717">
    <p class='ocr_par' dir='ltr' id='par_1_18' title="bbox 415 1646 1989 1717">
     <span class='ocr_line' id='line_1_18' title="bbox 415 1646 1989 1717; baseline 0 -17"><span class='ocrx_word' id='word_1_90' title='bbox 415 1657 556 1702; x_wconf 89' lang='lat' dir='ltr'><strong>tares</strong></span> <span class='ocrx_word' id='word_1_91' title='bbox 616 1662 835 1717; x_wconf 87' lang='lat' dir='ltr'><strong>semper</strong></span> <span class='ocrx_word' id='word_1_92' title='bbox 863 1647 1204 1710; x_wconf 81' lang='lat' dir='ltr'><strong>exstiterint,</strong></span> <span class='ocrx_word' id='word_1_93' title='bbox 1268 1646 1424 1700; x_wconf 89' lang='lat' dir='ltr'><strong>nullo</strong></span> <span class='ocrx_word' id='word_1_94' title='bbox 1457 1660 1697 1715; x_wconf 84' lang='lat' dir='ltr'><strong>unquam</strong></span> <span class='ocrx_word' id='word_1_95' title='bbox 1741 1655 1989 1716; x_wconf 89' lang='lat' dir='ltr'><strong>tempore</strong></span> 
     </span>
    </p>
   </div>
   <div class='ocr_carea' id='block_1_19' title="bbox 2099 509 3457 586">
    <p class='ocr_par' dir='ltr' id='par_1_19' title="bbox 2099 509 3457 586">
     <span class='ocr_line' id='line_1_19' title="bbox 2099 509 3457 586; baseline 0.001 -20"><span class='ocrx_word' id='word_1_96' title='bbox 2099 513 2191 566; x_wconf 82' lang='grc' dir='ltr'>τὸν</span> <span class='ocrx_word' id='word_1_97' title='bbox 2219 515 2384 584; x_wconf 83' lang='grc' dir='ltr'>τόμον</span> <span class='ocrx_word' id='word_1_98' title='bbox 2407 513 2656 579; x_wconf 75' lang='grc' dir='ltr'>Λέοντοςο</span> <span class='ocrx_word' id='word_1_99' title='bbox 2688 509 2764 570; x_wconf 84' lang='grc' dir='ltr'><strong>ὧν</strong></span> <span class='ocrx_word' id='word_1_100' title='bbox 2797 515 2831 586; x_wconf 80' lang='grc' dir='ltr'>ἡ</span> <span class='ocrx_word' id='word_1_101' title='bbox 2861 513 3108 586; x_wconf 81' lang='grc' dir='ltr'><strong>συνθήκη</strong></span> <span class='ocrx_word' id='word_1_102' title='bbox 3137 513 3285 584; x_wconf 80' lang='grc' dir='ltr'>λέγει</span> <span class='ocrx_word' id='word_1_103' title='bbox 3308 513 3457 571; x_wconf 82' lang='grc' dir='ltr'>τάδε·</span> 
     </span>
    </p>
   </div>
   <div class='ocr_carea' id='block_1_20' title="bbox 2495 711 3285 782">
    <p class='ocr_par' dir='ltr' id='par_1_20' title="bbox 2495 711 3285 782">
     <span class='ocr_line' id='line_1_20' title="bbox 2495 711 3285 782; baseline 0.001 -16"><span class='ocrx_word' id='word_1_104' title='bbox 2495 712 2858 782; x_wconf 68' lang='grc' dir='ltr'>Ἐγκύκλιον</span> <span class='ocrx_word' id='word_1_105' title='bbox 2885 711 3285 768; x_wconf 69' lang='grc' dir='ltr'>Βασιλίσκου.</span> 
     </span>
    </p>
   </div>
   <div class='ocr_carea' id='block_1_21' title="bbox 2167 823 3670 898">
    <p class='ocr_par' dir='ltr' id='par_1_21' title="bbox 2167 823 3670 898">
     <span class='ocr_line' id='line_1_21' title="bbox 2167 823 3670 898; baseline -0.003 -17"><span class='ocrx_word' id='word_1_106' title='bbox 2167 823 2538 898; x_wconf 70' lang='grc' dir='ltr'><strong>Αὐτοκράτωρ</strong></span> <span class='ocrx_word' id='word_1_107' title='bbox 2581 829 2797 898; x_wconf 79' lang='grc' dir='ltr'>Καῖσαρ</span> <span class='ocrx_word' id='word_1_108' title='bbox 2846 826 3208 890; x_wconf 84' lang='grc' dir='ltr'>Βασιλίσκος,</span> <span class='ocrx_word' id='word_1_109' title='bbox 3252 825 3518 898; x_wconf 77' lang='grc' dir='ltr'>Εὐσεϐὴς,</span> <span class='ocrx_word' id='word_1_110' title='bbox 3570 827 3670 885; x_wconf 77' lang='grc' dir='ltr'><strong>Νι.</strong></span> 
     </span>
    </p>
   </div>
   <div class='ocr_carea' id='block_1_22' title="bbox 2097 919 3676 993">
    <p class='ocr_par' dir='ltr' id='par_1_22' title="bbox 2097 919 3676 993">
     <span class='ocr_line' id='line_1_22' title="bbox 2097 919 3676 993; baseline 0.002 -19"><span class='ocrx_word' id='word_1_111' title='bbox 2097 920 2294 991; x_wconf 82' lang='grc' dir='ltr'>κητὴς,</span> <span class='ocrx_word' id='word_1_112' title='bbox 2326 919 2722 993; x_wconf 81' lang='grc' dir='ltr'>Τροπαιοῦχος,</span> <span class='ocrx_word' id='word_1_113' title='bbox 2768 920 3061 988; x_wconf 79' lang='grc' dir='ltr'><strong>Μέγιστος,</strong></span> <span class='ocrx_word' id='word_1_114' title='bbox 3115 919 3512 986; x_wconf 79' lang='grc' dir='ltr'>Ἀεισέϐαστος,</span> <span class='ocrx_word' id='word_1_115' title='bbox 3563 922 3676 977; x_wconf 76' lang='grc' dir='ltr'><strong>Λῦο</strong></span> 
     </span>
    </p>
   </div>
   <div class='ocr_carea' id='block_1_23' title="bbox 2096 1011 3680 1083">
    <p class='ocr_par' dir='ltr' id='par_1_23' title="bbox 2096 1011 3680 1083">
     <span class='ocr_line' id='line_1_23' title="bbox 2096 1011 3680 1083; baseline 0.001 -18"><span class='ocrx_word' id='word_1_116' title='bbox 2096 1028 2343 1080; x_wconf 78' lang='grc' dir='ltr'>γουστοςο</span> <span class='ocrx_word' id='word_1_117' title='bbox 2376 1013 2473 1066; x_wconf 73' lang='grc' dir='ltr'>καὶ</span> <span class='ocrx_word' id='word_1_118' title='bbox 2500 1011 2730 1080; x_wconf 89' lang='grc' dir='ltr'>Μάρκος</span> <span class='ocrx_word' id='word_1_119' title='bbox 2750 1013 2779 1065; x_wconf 80' lang='grc' dir='ltr'><strong>ό</strong></span> <span class='ocrx_word' id='word_1_120' title='bbox 2821 1011 3283 1078; x_wconf 80' lang='grc' dir='ltr'>Ἐπιφανέστατος</span> <span class='ocrx_word' id='word_1_121' title='bbox 3312 1013 3554 1083; x_wconf 82' lang='grc' dir='ltr'>Καῖσαρ,</span> <span class='ocrx_word' id='word_1_122' title='bbox 3586 1014 3680 1066; x_wconf 86' lang='grc' dir='ltr'><strong>Τι-</strong></span> 
     </span>
    </p>
   </div>
   <div class='ocr_carea' id='block_1_24' title="bbox 2100 1097 3674 1172">
    <p class='ocr_par' dir='ltr' id='par_1_24' title="bbox 2100 1097 3674 1172">
     <span class='ocr_line' id='line_1_24' title="bbox 2100 1097 3674 1172; baseline 0.001 -20"><span class='ocrx_word' id='word_1_123' title='bbox 2100 1099 2280 1170; x_wconf 85' lang='grc' dir='ltr'>μοθέῳ</span> <span class='ocrx_word' id='word_1_124' title='bbox 2316 1099 2394 1169; x_wconf 78' lang='grc' dir='ltr'>τῷ</span> <span class='ocrx_word' id='word_1_125' title='bbox 2431 1099 2819 1169; x_wconf 84' lang='grc' dir='ltr'>εὐλαϐεστὰτῳ</span> <span class='ocrx_word' id='word_1_126' title='bbox 2853 1099 2948 1153; x_wconf 74' lang='grc' dir='ltr'>καὶ</span> <span class='ocrx_word' id='word_1_127' title='bbox 2977 1097 3379 1172; x_wconf 73' lang='grc' dir='ltr'>θεοφιλεστὰτῳ</span> <span class='ocrx_word' id='word_1_128' title='bbox 3423 1103 3674 1171; x_wconf 73' lang='grc' dir='ltr'>ἁρχιεπιο</span> 
     </span>
    </p>
   </div>
   <div class='ocr_carea' id='block_1_25' title="bbox 2097 1189 3672 1260">
    <p class='ocr_par' dir='ltr' id='par_1_25' title="bbox 2097 1189 3672 1260">
     <span class='ocr_line' id='line_1_25' title="bbox 2097 1189 3672 1260; baseline 0.003 -18"><span class='ocrx_word' id='word_1_129' title='bbox 2097 1190 2286 1260; x_wconf 86' lang='grc' dir='ltr'>σκόπῳ</span> <span class='ocrx_word' id='word_1_130' title='bbox 2313 1190 2414 1260; x_wconf 79' lang='grc' dir='ltr'>τῆς</span> <span class='ocrx_word' id='word_1_131' title='bbox 2471 1189 2866 1260; x_wconf 75' lang='grc' dir='ltr'><strong>Ἀλεξανδρέων</strong></span> <span class='ocrx_word' id='word_1_132' title='bbox 2928 1189 3364 1259; x_wconf 81' lang='grc' dir='ltr'>μεγαλοπόλεως.</span> <span class='ocrx_word' id='word_1_133' title='bbox 3413 1190 3672 1258; x_wconf 85' lang='grc' dir='ltr'>Ὀπόσους</span> 
     </span>
    </p>
   </div>
   <div class='ocr_carea' id='block_1_26' title="bbox 2099 1279 3677 1352">
    <p class='ocr_par' dir='ltr' id='par_1_26' title="bbox 2099 1279 3677 1352">
     <span class='ocr_line' id='line_1_26' title="bbox 2099 1279 3677 1352; baseline 0.003 -19"><span class='ocrx_word' id='word_1_134' title='bbox 2099 1280 2198 1350; x_wconf 84' lang='grc' dir='ltr'>μὲν</span> <span class='ocrx_word' id='word_1_135' title='bbox 2228 1280 2369 1350; x_wconf 79' lang='grc' dir='ltr'>ὑπὲρ</span> <span class='ocrx_word' id='word_1_136' title='bbox 2411 1279 2512 1347; x_wconf 78' lang='grc' dir='ltr'>τῆς</span> <span class='ocrx_word' id='word_1_137' title='bbox 2547 1280 2714 1351; x_wconf 80' lang='grc' dir='ltr'><strong>ὀρθῆς</strong></span> <span class='ocrx_word' id='word_1_138' title='bbox 2769 1281 2864 1333; x_wconf 71' lang='grc' dir='ltr'>καὶ</span> <span class='ocrx_word' id='word_1_139' title='bbox 2898 1281 3268 1352; x_wconf 87' lang='grc' dir='ltr'>ἀποστολικῆς</span> <span class='ocrx_word' id='word_1_140' title='bbox 3297 1281 3534 1346; x_wconf 82' lang='grc' dir='ltr'>πίστεως</span> <span class='ocrx_word' id='word_1_141' title='bbox 3559 1284 3677 1337; x_wconf 74' lang='grc' dir='ltr'><strong>ἐθέ-</strong></span> 
     </span>
    </p>
   </div>
   <div class='ocr_carea' id='block_1_27' title="bbox 2096 1371 3670 1444">
    <p class='ocr_par' dir='ltr' id='par_1_27' title="bbox 2096 1371 3670 1444">
     <span class='ocr_line' id='line_1_27' title="bbox 2096 1371 3670 1444; baseline 0.003 -20"><span class='ocrx_word' id='word_1_142' title='bbox 2096 1388 2296 1424; x_wconf 87' lang='grc' dir='ltr'>σπισαν</span> <span class='ocrx_word' id='word_1_143' title='bbox 2323 1371 2519 1443; x_wconf 86' lang='grc' dir='ltr'>νόμους</span> <span class='ocrx_word' id='word_1_144' title='bbox 2563 1374 2610 1424; x_wconf 87' lang='grc' dir='ltr'><strong>οί</strong></span> <span class='ocrx_word' id='word_1_145' title='bbox 2650 1371 2759 1443; x_wconf 84' lang='grc' dir='ltr'><strong>πρὸ</strong></span> <span class='ocrx_word' id='word_1_146' title='bbox 2790 1372 2944 1442; x_wconf 76' lang='grc' dir='ltr'>ἡμῶν</span> <span class='ocrx_word' id='word_1_147' title='bbox 2983 1372 3367 1426; x_wconf 82' lang='grc' dir='ltr'>εὐσεϐέστατοι</span> <span class='ocrx_word' id='word_1_148' title='bbox 3406 1375 3670 1444; x_wconf 84' lang='grc' dir='ltr'>βασιλεῖς,</span> 
     </span>
    </p>
   </div>
   <div class='ocr_carea' id='block_1_28' title="bbox 2093 1461 3672 1540">
    <p class='ocr_par' dir='ltr' id='par_1_28' title="bbox 2093 1461 3672 1540">
     <span class='ocr_line' id='line_1_28' title="bbox 2093 1461 3672 1540; baseline 0.003 -26"><span class='ocrx_word' id='word_1_149' title='bbox 2093 1463 2208 1515; x_wconf 84' lang='grc' dir='ltr'>ὅσοι</span> <span class='ocrx_word' id='word_1_150' title='bbox 2235 1461 2334 1533; x_wconf 80' lang='grc' dir='ltr'>τὴν</span> <span class='ocrx_word' id='word_1_151' title='bbox 2369 1461 2646 1533; x_wconf 73' lang='grc' dir='ltr'>μακαρίαν</span> <span class='ocrx_word' id='word_1_152' title='bbox 2680 1463 2776 1517; x_wconf 81' lang='grc' dir='ltr'>καὶ</span> <span class='ocrx_word' id='word_1_153' title='bbox 2803 1463 2996 1535; x_wconf 82' lang='grc' dir='ltr'>ἀγήρω</span> <span class='ocrx_word' id='word_1_154' title='bbox 3040 1464 3134 1518; x_wconf 73' lang='grc' dir='ltr'>καὶ</span> <span class='ocrx_word' id='word_1_155' title='bbox 3168 1463 3432 1540; x_wconf 75' lang='grc' dir='ltr'>ζωοποιδν</span> <span class='ocrx_word' id='word_1_156' title='bbox 3463 1467 3672 1537; x_wconf 76' lang='grc' dir='ltr'>Τριάδα</span> 
     </span>
    </p>
   </div>
   <div class='ocr_carea' id='block_1_29' title="bbox 2095 1550 3670 1625">
    <p class='ocr_par' dir='ltr' id='par_1_29' title="bbox 2095 1550 3670 1625">
     <span class='ocr_line' id='line_1_29' title="bbox 2095 1550 3670 1625; baseline 0.004 -21"><span class='ocrx_word' id='word_1_157' title='bbox 2095 1550 2491 1622; x_wconf 84' lang='grc' dir='ltr'>θεραπεύοντες</span> <span class='ocrx_word' id='word_1_158' title='bbox 2513 1551 2689 1623; x_wconf 82' lang='grc' dir='ltr'>ὀρθῶς</span> <span class='ocrx_word' id='word_1_159' title='bbox 2711 1551 3040 1618; x_wconf 77' lang='grc' dir='ltr'><strong>διετέλεσαν,</strong></span> <span class='ocrx_word' id='word_1_160' title='bbox 3071 1553 3293 1617; x_wconf 80' lang='grc' dir='ltr'><strong>τούτους</strong></span> <span class='ocrx_word' id='word_1_161' title='bbox 3320 1554 3395 1618; x_wconf 87' lang='grc' dir='ltr'><strong>ὡς</strong></span> <span class='ocrx_word' id='word_1_162' title='bbox 3423 1554 3502 1625; x_wconf 80' lang='grc' dir='ltr'><strong>τῷ</strong></span> <span class='ocrx_word' id='word_1_163' title='bbox 3529 1573 3670 1610; x_wconf 80' lang='grc' dir='ltr'>παν·</span> 
     </span>
    </p>
   </div>
   <div class='ocr_carea' id='block_1_30' title="bbox 2093 1645 3673 1714">
    <p class='ocr_par' dir='ltr' id='par_1_30' title="bbox 2093 1645 3673 1714">
     <span class='ocr_line' id='line_1_30' title="bbox 2093 1645 3673 1714; baseline 0.004 -18"><span class='ocrx_word' id='word_1_164' title='bbox 2093 1645 2148 1696; x_wconf 71' lang='grc' dir='ltr'>τὶ</span> <span class='ocrx_word' id='word_1_165' title='bbox 2203 1645 2395 1714; x_wconf 84' lang='grc' dir='ltr'>κόσμῳ</span> <span class='ocrx_word' id='word_1_166' title='bbox 2440 1645 2744 1714; x_wconf 76' lang='grc' dir='ltr'>σωτηρίους</span> <span class='ocrx_word' id='word_1_167' title='bbox 2785 1645 2871 1698; x_wconf 84' lang='grc' dir='ltr'>ἀεί</span> <span class='ocrx_word' id='word_1_168' title='bbox 2931 1663 3062 1698; x_wconf 80' lang='grc' dir='ltr'>ποτε</span> <span class='ocrx_word' id='word_1_169' title='bbox 3121 1646 3433 1714; x_wconf 81' lang='grc' dir='ltr'>γεγονότας,</span> <span class='ocrx_word' id='word_1_170' title='bbox 3479 1647 3673 1702; x_wconf 77' lang='grc' dir='ltr'>οὐδένα</span> 
     </span>
    </p>
   </div>
   <div class='ocr_carea' id='block_1_31' title="bbox 411 1736 1983 1811">
    <p class='ocr_par' dir='ltr' id='par_1_31' title="bbox 411 1737 1983 1809">
     <span class='ocr_line' id='line_1_31' title="bbox 411 1737 1983 1809; baseline 0.001 -19"><span class='ocrx_word' id='word_1_171' title='bbox 411 1737 598 1802; x_wconf 79' lang='lat' dir='ltr'><strong>irritas</strong></span> <span class='ocrx_word' id='word_1_172' title='bbox 619 1753 740 1792; x_wconf 90' lang='lat' dir='ltr'><strong>esse</strong></span> <span class='ocrx_word' id='word_1_173' title='bbox 766 1739 1019 1793; x_wconf 90' lang='lat' dir='ltr'><strong>volumus</strong></span> <span class='ocrx_word' id='word_1_174' title='bbox 1045 1756 1059 1792; x_wconf 90' lang='lat'>:</span> <span class='ocrx_word' id='word_1_175' title='bbox 1089 1738 1185 1793; x_wconf 92' lang='lat' dir='ltr'><strong>sed</strong></span> <span class='ocrx_word' id='word_1_176' title='bbox 1210 1739 1392 1809; x_wconf 86' lang='lat' dir='ltr'><strong>potius</strong></span> <span class='ocrx_word' id='word_1_177' title='bbox 1419 1748 1675 1808; x_wconf 89' lang='lat' dir='ltr'><strong>tanquam</strong></span> <span class='ocrx_word' id='word_1_178' title='bbox 1699 1738 1847 1809; x_wconf 87' lang='lat' dir='ltr'><strong>leges</strong></span> <span class='ocrx_word' id='word_1_179' title='bbox 1866 1753 1983 1808; x_wconf 86' lang='lat' dir='ltr'><strong>pro-</strong></span> 
     </span>
    </p>
   </div>
   <div class='ocr_carea' id='block_1_32' title="bbox 2086 1736 3671 1811">
    <p class='ocr_par' dir='ltr' id='par_1_32' title="bbox 2094 1736 3671 1808">
     <span class='ocr_line' id='line_1_32' title="bbox 2094 1736 3671 1808; baseline 0.003 -19"><span class='ocrx_word' id='word_1_180' title='bbox 2094 1736 2285 1807; x_wconf 83' lang='grc' dir='ltr'>χρόνον</span> <span class='ocrx_word' id='word_1_181' title='bbox 2315 1739 2506 1806; x_wconf 82' lang='grc' dir='ltr'>ἀργεῖν</span> <span class='ocrx_word' id='word_1_182' title='bbox 2546 1737 2824 1808; x_wconf 76' lang='grc' dir='ltr'>ἐθέλομενο</span> <span class='ocrx_word' id='word_1_183' title='bbox 2859 1737 3062 1808; x_wconf 80' lang='grc' dir='ltr'>μᾶλλον</span> <span class='ocrx_word' id='word_1_184' title='bbox 3094 1738 3152 1792; x_wconf 80' lang='grc' dir='ltr'>δὲ</span> <span class='ocrx_word' id='word_1_185' title='bbox 3185 1739 3260 1802; x_wconf 86' lang='grc' dir='ltr'>ὼς</span> <span class='ocrx_word' id='word_1_186' title='bbox 3299 1738 3532 1804; x_wconf 78' lang='grc' dir='ltr'>οἰκείους</span> <span class='ocrx_word' id='word_1_187' title='bbox 3567 1741 3671 1794; x_wconf 90' lang='grc' dir='ltr'>αὐ-</span> 
     </span>
    </p>
   </div>
   <div class='ocr_carea' id='block_1_33' title="bbox 409 1828 1988 1900">
    <p class='ocr_par' dir='ltr' id='par_1_33' title="bbox 409 1828 1988 1900">
     <span class='ocr_line' id='line_1_33' title="bbox 409 1828 1988 1900; baseline 0.002 -19"><span class='ocrx_word' id='word_1_188' title='bbox 409 1828 555 1899; x_wconf 86' lang='lat' dir='ltr'><strong>prias</strong></span> <span class='ocrx_word' id='word_1_189' title='bbox 583 1831 1010 1900; x_wconf 86' lang='lat' dir='ltr'><strong>promulgamus.</strong></span> <span class='ocrx_word' id='word_1_190' title='bbox 1039 1830 1150 1884; x_wconf 86' lang='lat' dir='ltr'><strong>Nos</strong></span> <span class='ocrx_word' id='word_1_191' title='bbox 1171 1846 1302 1885; x_wconf 87' lang='lat' dir='ltr'><strong>vero</strong></span> <span class='ocrx_word' id='word_1_192' title='bbox 1331 1830 1425 1900; x_wconf 91' lang='lat' dir='ltr'><strong>qui</strong></span> <span class='ocrx_word' id='word_1_193' title='bbox 1451 1830 1707 1900; x_wconf 89' lang='lat' dir='ltr'><strong>pietatem</strong></span> <span class='ocrx_word' id='word_1_194' title='bbox 1724 1845 1788 1885; x_wconf 89' lang='lat' dir='ltr'><strong>ac</strong></span> <span class='ocrx_word' id='word_1_195' title='bbox 1810 1830 1988 1885; x_wconf 83' lang='lat' dir='ltr'><strong>zelum</strong></span> 
     </span>
    </p>
   </div>
   <div class='ocr_carea' id='block_1_34' title="bbox 407 1920 1989 1990">
    <p class='ocr_par' dir='ltr' id='par_1_34' title="bbox 407 1920 1989 1990">
     <span class='ocr_line' id='line_1_34' title="bbox 407 1920 1989 1990; baseline 0.001 -17"><span class='ocrx_word' id='word_1_196' title='bbox 407 1932 509 1990; x_wconf 89' lang='lat' dir='ltr'><strong>pro</strong></span> <span class='ocrx_word' id='word_1_197' title='bbox 538 1920 651 1974; x_wconf 90' lang='lat' dir='ltr'><strong>Deo</strong></span> <span class='ocrx_word' id='word_1_198' title='bbox 673 1936 739 1975; x_wconf 86' lang='lat' dir='ltr'><strong>ac</strong></span> <span class='ocrx_word' id='word_1_199' title='bbox 766 1920 1056 1976; x_wconf 86' lang='lat' dir='ltr'><strong>Servatore</strong></span> <span class='ocrx_word' id='word_1_200' title='bbox 1110 1930 1300 1976; x_wconf 89' lang='lat' dir='ltr'><strong>nostro</strong></span> <span class='ocrx_word' id='word_1_201' title='bbox 1339 1921 1470 1976; x_wconf 85' lang='lat' dir='ltr'><strong>Jesu</strong></span> <span class='ocrx_word' id='word_1_202' title='bbox 1517 1921 1759 1986; x_wconf 81' lang='lat' dir='ltr'><strong>Christo,</strong></span> <span class='ocrx_word' id='word_1_203' title='bbox 1801 1936 1831 1974; x_wconf 89' lang='lat' dir='ltr'><strong>a</strong></span> <span class='ocrx_word' id='word_1_204' title='bbox 1877 1935 1989 1990; x_wconf 89' lang='lat' dir='ltr'><strong>quo</strong></span> 
     </span>
    </p>
   </div>
   <div class='ocr_carea' id='block_1_35' title="bbox 407 2011 1991 2084">
    <p class='ocr_par' dir='ltr' id='par_1_35' title="bbox 407 2011 1991 2084">
     <span class='ocr_line' id='line_1_35' title="bbox 407 2011 1991 2084; baseline 0 -18"><span class='ocrx_word' id='word_1_205' title='bbox 407 2011 613 2066; x_wconf 89' lang='lat' dir='ltr'><strong>conditi</strong></span> <span class='ocrx_word' id='word_1_206' title='bbox 641 2020 698 2068; x_wconf 94' lang='lat' dir='ltr'><strong>et</strong></span> <span class='ocrx_word' id='word_1_207' title='bbox 722 2013 790 2069; x_wconf 86' lang='lat' dir='ltr'><strong>ad</strong></span> <span class='ocrx_word' id='word_1_208' title='bbox 819 2014 960 2068; x_wconf 85' lang='lat' dir='ltr'><strong>hanc</strong></span> <span class='ocrx_word' id='word_1_209' title='bbox 976 2014 1204 2084; x_wconf 87' lang='lat' dir='ltr'><strong>gloriam</strong></span> <span class='ocrx_word' id='word_1_210' title='bbox 1227 2013 1402 2068; x_wconf 87' lang='lat' dir='ltr'><strong>evecti</strong></span> <span class='ocrx_word' id='word_1_211' title='bbox 1429 2028 1640 2077; x_wconf 86' lang='lat' dir='ltr'><strong>sumus,</strong></span> <span class='ocrx_word' id='word_1_212' title='bbox 1666 2012 1816 2066; x_wconf 92' lang='lat' dir='ltr'><strong>omni</strong></span> <span class='ocrx_word' id='word_1_213' title='bbox 1843 2027 1991 2066; x_wconf 69' lang='lat' dir='ltr'><strong>cum</strong></span> 
     </span>
    </p>
   </div>
   <div class='ocr_carea' id='block_1_36' title="bbox 408 2101 1984 2172">
    <p class='ocr_par' dir='ltr' id='par_1_36' title="bbox 408 2101 1984 2172">
     <span class='ocr_line' id='line_1_36' title="bbox 408 2101 1984 2172; baseline -0.001 -17"><span class='ocrx_word' id='word_1_214' title='bbox 408 2117 475 2156; x_wconf 89' lang='lat' dir='ltr'><strong>ac</strong></span> <span class='ocrx_word' id='word_1_215' title='bbox 502 2103 857 2159; x_wconf 87' lang='lat' dir='ltr'><strong>sollicitudini</strong></span> <span class='ocrx_word' id='word_1_216' title='bbox 883 2121 1067 2160; x_wconf 91' lang='lat' dir='ltr'><strong>rerum</strong></span> <span class='ocrx_word' id='word_1_217' title='bbox 1099 2104 1466 2158; x_wconf 86' lang='lat' dir='ltr'><strong>humanarum</strong></span> <span class='ocrx_word' id='word_1_218' title='bbox 1493 2103 1653 2172; x_wconf 88' lang='lat' dir='ltr'><strong>longe</strong></span> <span class='ocrx_word' id='word_1_219' title='bbox 1693 2101 1984 2170; x_wconf 89' lang='lat' dir='ltr'><strong>anteponi-</strong></span> 
     </span>
    </p>
   </div>
   <div class='ocr_carea' id='block_1_37' title="bbox 405 2190 1990 2264">
    <p class='ocr_par' dir='ltr' id='par_1_37' title="bbox 405 2190 1990 2264">
     <span class='ocr_line' id='line_1_37' title="bbox 405 2190 1990 2264; baseline 0.002 -19"><span class='ocrx_word' id='word_1_220' title='bbox 405 2207 530 2247; x_wconf 89' lang='lat' dir='ltr'><strong>mus</strong></span> <span class='ocrx_word' id='word_1_221' title='bbox 566 2209 581 2246; x_wconf 88' lang='lat'><strong>:</strong></span> <span class='ocrx_word' id='word_1_222' title='bbox 613 2202 669 2247; x_wconf 95' lang='lat' dir='ltr'><strong>et</strong></span> <span class='ocrx_word' id='word_1_223' title='bbox 689 2194 780 2263; x_wconf 92' lang='lat' dir='ltr'><strong>qui</strong></span> <span class='ocrx_word' id='word_1_224' title='bbox 815 2203 1081 2264; x_wconf 66' lang='lat' dir='ltr'><strong>praeterea</strong></span> <span class='ocrx_word' id='word_1_225' title='bbox 1109 2193 1386 2249; x_wconf 85' lang='lat' dir='ltr'><strong>credimus</strong></span> <span class='ocrx_word' id='word_1_226' title='bbox 1432 2191 1780 2247; x_wconf 87' lang='lat' dir='ltr'><strong>concordiam</strong></span> <span class='ocrx_word' id='word_1_227' title='bbox 1811 2190 1990 2261; x_wconf 81' lang='lat' dir='ltr'><strong>gregis</strong></span> 
     </span>
    </p>
   </div>
   <div class='ocr_carea' id='block_1_38' title="bbox 407 2283 1988 2358">
    <p class='ocr_par' dir='ltr' id='par_1_38' title="bbox 407 2283 1988 2358">
     <span class='ocr_line' id='line_1_38' title="bbox 407 2283 1988 2358; baseline -0.002 -18"><span class='ocrx_word' id='word_1_228' title='bbox 407 2283 638 2350; x_wconf 88' lang='lat' dir='ltr'><strong>Christi,</strong></span> <span class='ocrx_word' id='word_1_229' title='bbox 672 2295 787 2342; x_wconf 90' lang='lat' dir='ltr'><strong>tum</strong></span> <span class='ocrx_word' id='word_1_230' title='bbox 811 2287 985 2358; x_wconf 88' lang='lat' dir='ltr'><strong>ipsius</strong></span> <span class='ocrx_word' id='word_1_231' title='bbox 1007 2286 1207 2358; x_wconf 90' lang='lat' dir='ltr'><strong>gregis,</strong></span> <span class='ocrx_word' id='word_1_232' title='bbox 1235 2294 1348 2340; x_wconf 91' lang='lat' dir='ltr'><strong>tum</strong></span> <span class='ocrx_word' id='word_1_233' title='bbox 1373 2285 1616 2340; x_wconf 86' lang='lat' dir='ltr'><strong>omnium</strong></span> <span class='ocrx_word' id='word_1_234' title='bbox 1641 2283 1988 2338; x_wconf 87' lang='lat' dir='ltr'><strong>subditorum</strong></span> 
     </span>
    </p>
   </div>
   <div class='ocr_carea' id='block_1_39' title="bbox 406 2375 1986 2449">
    <p class='ocr_par' dir='ltr' id='par_1_39' title="bbox 406 2375 1986 2449">
     <span class='ocr_line' id='line_1_39' title="bbox 406 2375 1986 2449; baseline -0.005 -11"><span class='ocrx_word' id='word_1_235' title='bbox 406 2376 642 2438; x_wconf 86' lang='lat' dir='ltr'><strong>salutem</strong></span> <span class='ocrx_word' id='word_1_236' title='bbox 666 2381 952 2445; x_wconf 81' lang='lat' dir='ltr'><strong>exsistere,</strong></span> <span class='ocrx_word' id='word_1_237' title='bbox 977 2379 1305 2449; x_wconf 88' lang='lat' dir='ltr'><strong>ﬁrmumque</strong></span> <span class='ocrx_word' id='word_1_238' title='bbox 1337 2379 1511 2434; x_wconf 83' lang='lat' dir='ltr'><strong>nostri</strong></span> <span class='ocrx_word' id='word_1_239' title='bbox 1540 2378 1758 2447; x_wconf 89' lang='lat' dir='ltr'><strong>imperii</strong></span> <span class='ocrx_word' id='word_1_240' title='bbox 1788 2375 1986 2430; x_wconf 78' lang='lat' dir='ltr'><strong>funda-</strong></span> 
     </span>
    </p>
   </div>
   <div class='ocr_carea' id='block_1_40' title="bbox 407 2467 1988 2542">
    <p class='ocr_par' dir='ltr' id='par_1_40' title="bbox 407 2467 1988 2542">
     <span class='ocr_line' id='line_1_40' title="bbox 407 2467 1988 2542; baseline -0.004 -14"><span class='ocrx_word' id='word_1_241' title='bbox 407 2483 654 2530; x_wconf 87' lang='lat' dir='ltr'><strong>mentum</strong></span> <span class='ocrx_word' id='word_1_242' title='bbox 679 2481 735 2527; x_wconf 91' lang='lat' dir='ltr'><strong>et</strong></span> <span class='ocrx_word' id='word_1_243' title='bbox 781 2471 1260 2542; x_wconf 80' lang='lat' dir='ltr'><strong>inexpugnabilem</strong></span> <span class='ocrx_word' id='word_1_244' title='bbox 1315 2485 1533 2523; x_wconf 88' lang='lat' dir='ltr'><strong>murum</strong></span> <span class='ocrx_word' id='word_1_245' title='bbox 1583 2484 1704 2523; x_wconf 84' lang='lat' dir='ltr'><strong>esse</strong></span> <span class='ocrx_word' id='word_1_246' title='bbox 1737 2486 1749 2520; x_wconf 90' lang='lat'><strong>:</strong></span> <span class='ocrx_word' id='word_1_247' title='bbox 1780 2467 1988 2522; x_wconf 85' lang='lat' dir='ltr'><strong>idcirco</strong></span> 
     </span>
    </p>
   </div>
   <div class='ocr_carea' id='block_1_41' title="bbox 405 2559 1986 2629">
    <p class='ocr_par' dir='ltr' id='par_1_41' title="bbox 405 2559 1986 2629">
     <span class='ocr_line' id='line_1_41' title="bbox 405 2559 1986 2629; baseline -0.006 -9"><span class='ocrx_word' id='word_1_248' title='bbox 405 2565 596 2620; x_wconf 85' lang='lat' dir='ltr'><strong>divino</strong></span> <span class='ocrx_word' id='word_1_249' title='bbox 619 2564 852 2618; x_wconf 88' lang='lat' dir='ltr'><strong>interius</strong></span> <span class='ocrx_word' id='word_1_250' title='bbox 882 2564 999 2616; x_wconf 86' lang='lat' dir='ltr'><strong>zelo</strong></span> <span class='ocrx_word' id='word_1_251' title='bbox 1019 2561 1300 2622; x_wconf 87' lang='lat' dir='ltr'><strong>commoti,</strong></span> <span class='ocrx_word' id='word_1_252' title='bbox 1331 2571 1387 2614; x_wconf 92' lang='lat' dir='ltr'><strong>et</strong></span> <span class='ocrx_word' id='word_1_253' title='bbox 1407 2561 1556 2614; x_wconf 88' lang='lat' dir='ltr'><strong>velut</strong></span> <span class='ocrx_word' id='word_1_254' title='bbox 1589 2559 1850 2629; x_wconf 85' lang='lat' dir='ltr'><strong>quasdam</strong></span> <span class='ocrx_word' id='word_1_255' title='bbox 1881 2559 1986 2612; x_wconf 88' lang='lat' dir='ltr'><strong>im-</strong></span> 
     </span>
    </p>
   </div>
   <div class='ocr_carea' id='block_1_42' title="bbox 405 2651 1986 2724">
    <p class='ocr_par' dir='ltr' id='par_1_42' title="bbox 405 2651 1986 2724">
     <span class='ocr_line' id='line_1_42' title="bbox 405 2651 1986 2724; baseline -0.003 -15"><span class='ocrx_word' id='word_1_256' title='bbox 405 2655 544 2724; x_wconf 92' lang='lat' dir='ltr'><strong>perii</strong></span> <span class='ocrx_word' id='word_1_257' title='bbox 575 2654 749 2708; x_wconf 89' lang='lat' dir='ltr'><strong>nostri</strong></span> <span class='ocrx_word' id='word_1_258' title='bbox 781 2652 1073 2722; x_wconf 85' lang='lat' dir='ltr'><strong>primitias,</strong></span> <span class='ocrx_word' id='word_1_259' title='bbox 1127 2661 1331 2706; x_wconf 73' lang='lat' dir='ltr'><strong>sanctae</strong></span> <span class='ocrx_word' id='word_1_260' title='bbox 1361 2651 1622 2705; x_wconf 68' lang='lat' dir='ltr'><strong>Ecclesiae</strong></span> <span class='ocrx_word' id='word_1_261' title='bbox 1681 2651 1986 2704; x_wconf 84' lang='lat' dir='ltr'><strong>unitionem</strong></span> 
     </span>
    </p>
   </div>
   <div class='ocr_carea' id='block_1_43' title="bbox 404 2739 1986 2805">
    <p class='ocr_par' dir='ltr' id='par_1_43' title="bbox 404 2739 1986 2805">
     <span class='ocr_line' id='line_1_43' title="bbox 404 2739 1986 2805; baseline -0.004 -7"><span class='ocrx_word' id='word_1_262' title='bbox 404 2745 518 2800; x_wconf 91' lang='lat' dir='ltr'><strong>Deo</strong></span> <span class='ocrx_word' id='word_1_263' title='bbox 563 2759 625 2797; x_wconf 85' lang='lat' dir='ltr'><strong>ac</strong></span> <span class='ocrx_word' id='word_1_264' title='bbox 657 2742 937 2798; x_wconf 87' lang='lat' dir='ltr'><strong>Servatori</strong></span> <span class='ocrx_word' id='word_1_265' title='bbox 978 2752 1170 2796; x_wconf 90' lang='lat' dir='ltr'><strong>nostro</strong></span> <span class='ocrx_word' id='word_1_266' title='bbox 1216 2741 1346 2796; x_wconf 89' lang='lat' dir='ltr'><strong>Jesu</strong></span> <span class='ocrx_word' id='word_1_267' title='bbox 1395 2740 1614 2796; x_wconf 86' lang='lat' dir='ltr'><strong>Christo</strong></span> <span class='ocrx_word' id='word_1_268' title='bbox 1666 2739 1986 2805; x_wconf 72' lang='lat' dir='ltr'><strong>oﬁ&#39;crentes,</strong></span> 
     </span>
    </p>
   </div>
   <div class='ocr_carea' id='block_1_44' title="bbox 404 2832 1989 2891">
    <p class='ocr_par' dir='ltr' id='par_1_44' title="bbox 404 2832 1989 2891">
     <span class='ocr_line' id='line_1_44' title="bbox 404 2832 1989 2891; baseline -0.002 -1"><span class='ocrx_word' id='word_1_269' title='bbox 404 2835 688 2890; x_wconf 87' lang='lat' dir='ltr'><strong>sancimus</strong></span> <span class='ocrx_word' id='word_1_270' title='bbox 721 2843 780 2890; x_wconf 94' lang='lat' dir='ltr'><strong>ut</strong></span> <span class='ocrx_word' id='word_1_271' title='bbox 808 2834 958 2891; x_wconf 82' lang='lat' dir='ltr'><strong>basis</strong></span> <span class='ocrx_word' id='word_1_272' title='bbox 1012 2851 1077 2890; x_wconf 86' lang='lat' dir='ltr'><strong>ac</strong></span> <span class='ocrx_word' id='word_1_273' title='bbox 1119 2832 1521 2889; x_wconf 82' lang='lat' dir='ltr'><strong>ﬁrmamentum</strong></span> <span class='ocrx_word' id='word_1_274' title='bbox 1575 2832 1853 2888; x_wconf 80' lang='lat' dir='ltr'><strong>felicitatis</strong></span> <span class='ocrx_word' id='word_1_275' title='bbox 1888 2832 1989 2888; x_wconf 88' lang='lat' dir='ltr'><strong>hu-</strong></span> 
     </span>
    </p>
   </div>
   <div class='ocr_carea' id='block_1_45' title="bbox 404 2927 1989 2997">
    <p class='ocr_par' dir='ltr' id='par_1_45' title="bbox 404 2927 1989 2997">
     <span class='ocr_line' id='line_1_45' title="bbox 404 2927 1989 2997; baseline 0.003 -19"><span class='ocrx_word' id='word_1_276' title='bbox 404 2941 598 2992; x_wconf 63' lang='lat' dir='ltr'><strong>manae,</strong></span> <span class='ocrx_word' id='word_1_277' title='bbox 621 2928 926 2997; x_wconf 82' lang='lat' dir='ltr'><strong>symbolum</strong></span> <span class='ocrx_word' id='word_1_278' title='bbox 949 2927 1113 2997; x_wconf 79' lang='lat'><strong>336</strong></span> <span class='ocrx_word' id='word_1_279' title='bbox 1142 2927 1393 2983; x_wconf 86' lang='lat' dir='ltr'><strong>videlicet</strong></span> <span class='ocrx_word' id='word_1_280' title='bbox 1415 2937 1782 2983; x_wconf 88' lang='lat' dir='ltr'><strong>trecentorum</strong></span> <span class='ocrx_word' id='word_1_281' title='bbox 1813 2934 1869 2981; x_wconf 92' lang='lat' dir='ltr'><strong>et</strong></span> <span class='ocrx_word' id='word_1_282' title='bbox 1895 2943 1989 2982; x_wconf 83' lang='lat' dir='ltr'><strong>oc-</strong></span> 
     </span>
    </p>
   </div>
   <div class='ocr_carea' id='block_1_46' title="bbox 407 3017 1988 3089">
    <p class='ocr_par' dir='ltr' id='par_1_46' title="bbox 407 3017 1988 3089">
     <span class='ocr_line' id='line_1_46' title="bbox 407 3017 1988 3089; baseline -0.001 -16"><span class='ocrx_word' id='word_1_283' title='bbox 407 3019 641 3075; x_wconf 90' lang='lat' dir='ltr'><strong>todecim</strong></span> <span class='ocrx_word' id='word_1_284' title='bbox 684 3026 998 3074; x_wconf 80' lang='lat' dir='ltr'><strong>sanctorum</strong></span> <span class='ocrx_word' id='word_1_285' title='bbox 1029 3023 1249 3075; x_wconf 81' lang='lat' dir='ltr'><strong>Patrum</strong></span> <span class='ocrx_word' id='word_1_286' title='bbox 1280 3018 1374 3089; x_wconf 87' lang='lat' dir='ltr'><strong>qui</strong></span> <span class='ocrx_word' id='word_1_287' title='bbox 1394 3019 1523 3074; x_wconf 93' lang='lat' dir='ltr'><strong>olim</strong></span> <span class='ocrx_word' id='word_1_288' title='bbox 1549 3019 1724 3073; x_wconf 87' lang='lat' dir='ltr'><strong>sancti</strong></span> <span class='ocrx_word' id='word_1_289' title='bbox 1748 3017 1988 3088; x_wconf 89' lang='lat' dir='ltr'><strong>Spiritus</strong></span> 
     </span>
    </p>
   </div>
   <div class='ocr_carea' id='block_1_47' title="bbox 423 3095 2054 3182">
    <p class='ocr_par' dir='ltr' id='par_1_47' title="bbox 423 3095 2054 3182">
     <span class='ocr_line' id='line_1_47' title="bbox 423 3095 2054 3182; baseline -0.001 -17"><span class='ocrx_word' id='word_1_290' title='bbox 423 3111 668 3165; x_wconf 88' lang='lat' dir='ltr'><strong>nstinctu</strong></span> <span class='ocrx_word' id='word_1_291' title='bbox 689 3112 884 3166; x_wconf 68' lang='lat' dir='ltr'><strong>Nicaeae</strong></span> <span class='ocrx_word' id='word_1_292' title='bbox 909 3113 1223 3182; x_wconf 89' lang='lat' dir='ltr'><strong>congregati</strong></span> <span class='ocrx_word' id='word_1_293' title='bbox 1254 3120 1404 3174; x_wconf 92' lang='lat' dir='ltr'><strong>sunt,</strong></span> <span class='ocrx_word' id='word_1_294' title='bbox 1437 3111 1491 3164; x_wconf 91' lang='lat' dir='ltr'><strong>in</strong></span> <span class='ocrx_word' id='word_1_295' title='bbox 1515 3111 1660 3180; x_wconf 92' lang='lat' dir='ltr'><strong>quod</strong></span> <span class='ocrx_word' id='word_1_296' title='bbox 1695 3125 1820 3165; x_wconf 91' lang='lat' dir='ltr'><strong>cum</strong></span> <span class='ocrx_word' id='word_1_297' title='bbox 1854 3124 1978 3175; x_wconf 90' lang='lat' dir='ltr'><strong>nos,</strong></span> <span class='ocrx_word' id='word_1_298' title='bbox 2010 3095 2054 3152; x_wconf 66' lang='grc' dir='ltr'><strong>(αἶ</strong></span> 
     </span>
    </p>
   </div>
   <div class='ocr_carea' id='block_1_48' title="bbox 407 3201 1977 3274">
    <p class='ocr_par' dir='ltr' id='par_1_48' title="bbox 407 3201 1977 3274">
     <span class='ocr_line' id='line_1_48' title="bbox 407 3201 1977 3274; baseline 0 -18"><span class='ocrx_word' id='word_1_299' title='bbox 407 3213 520 3256; x_wconf 89' lang='lat' dir='ltr'><strong>tum</strong></span> <span class='ocrx_word' id='word_1_300' title='bbox 548 3203 783 3274; x_wconf 89' lang='lat' dir='ltr'><strong>majores</strong></span> <span class='ocrx_word' id='word_1_301' title='bbox 843 3202 1018 3258; x_wconf 86' lang='lat' dir='ltr'><strong>nostri</strong></span> <span class='ocrx_word' id='word_1_302' title='bbox 1073 3204 1382 3268; x_wconf 90' lang='lat' dir='ltr'><strong>credentes,</strong></span> <span class='ocrx_word' id='word_1_303' title='bbox 1448 3201 1710 3272; x_wconf 88' lang='lat' dir='ltr'><strong>baptizati</strong></span> <span class='ocrx_word' id='word_1_304' title='bbox 1763 3217 1977 3266; x_wconf 86' lang='lat' dir='ltr'><strong>sumus,</strong></span> 
     </span>
    </p>
   </div>
   <div class='ocr_carea' id='block_1_49' title="bbox 403 3291 1980 3347">
    <p class='ocr_par' dir='ltr' id='par_1_49' title="bbox 403 3291 1980 3347">
     <span class='ocr_line' id='line_1_49' title="bbox 403 3291 1980 3347; baseline 0.001 -3"><span class='ocrx_word' id='word_1_305' title='bbox 403 3292 581 3346; x_wconf 86' lang='lat' dir='ltr'><strong>solum</strong></span> <span class='ocrx_word' id='word_1_306' title='bbox 610 3292 665 3345; x_wconf 92' lang='lat' dir='ltr'><strong>in</strong></span> <span class='ocrx_word' id='word_1_307' title='bbox 688 3291 903 3347; x_wconf 90' lang='lat' dir='ltr'><strong>cunctis</strong></span> <span class='ocrx_word' id='word_1_308' title='bbox 929 3293 1296 3347; x_wconf 89' lang='lat' dir='ltr'><strong>sanctissimis</strong></span> <span class='ocrx_word' id='word_1_309' title='bbox 1320 3293 1416 3347; x_wconf 90' lang='lat' dir='ltr'><strong>Dei</strong></span> <span class='ocrx_word' id='word_1_310' title='bbox 1447 3291 1980 3347; x_wconf 85' lang='lat' dir='ltr'><strong>Ecclesiisetortho—</strong></span> 
     </span>
    </p>
   </div>
   <div class='ocr_carea' id='block_1_50' title="bbox 403 3383 1978 3454">
    <p class='ocr_par' dir='ltr' id='par_1_50' title="bbox 403 3383 1978 3454">
     <span class='ocr_line' id='line_1_50' title="bbox 403 3383 1978 3454; baseline 0.001 -18"><span class='ocrx_word' id='word_1_311' title='bbox 403 3383 671 3438; x_wconf 83' lang='lat' dir='ltr'><strong>doxorum</strong></span> <span class='ocrx_word' id='word_1_312' title='bbox 701 3383 1030 3452; x_wconf 91' lang='lat' dir='ltr'><strong>populorum</strong></span> <span class='ocrx_word' id='word_1_313' title='bbox 1058 3383 1423 3438; x_wconf 80' lang='lat' dir='ltr'><strong>conventibus</strong></span> <span class='ocrx_word' id='word_1_314' title='bbox 1471 3391 1770 3453; x_wconf 89' lang='lat' dir='ltr'><strong>usurpetur</strong></span> <span class='ocrx_word' id='word_1_315' title='bbox 1813 3393 1978 3454; x_wconf 85' lang='lat' dir='ltr'><strong>atque</strong></span> 
     </span>
    </p>
   </div>
   <div class='ocr_carea' id='block_1_51' title="bbox 402 3472 1980 3545">
    <p class='ocr_par' dir='ltr' id='par_1_51' title="bbox 402 3472 1980 3545">
     <span class='ocr_line' id='line_1_51' title="bbox 402 3472 1980 3545; baseline 0.003 -19"><span class='ocrx_word' id='word_1_316' title='bbox 402 3472 689 3538; x_wconf 88' lang='lat' dir='ltr'><strong>obtineat;</strong></span> <span class='ocrx_word' id='word_1_317' title='bbox 719 3473 924 3544; x_wconf 86' lang='lat' dir='ltr'><strong>quippe</strong></span> <span class='ocrx_word' id='word_1_318' title='bbox 953 3473 1100 3543; x_wconf 90' lang='lat' dir='ltr'><strong>quod</strong></span> <span class='ocrx_word' id='word_1_319' title='bbox 1150 3490 1322 3528; x_wconf 91' lang='lat' dir='ltr'><strong>unum</strong></span> <span class='ocrx_word' id='word_1_320' title='bbox 1379 3475 1565 3545; x_wconf 90' lang='lat' dir='ltr'><strong>regula</strong></span> <span class='ocrx_word' id='word_1_321' title='bbox 1620 3473 1680 3528; x_wconf 88' lang='lat' dir='ltr'><strong>ﬁt</strong></span> <span class='ocrx_word' id='word_1_322' title='bbox 1711 3482 1876 3530; x_wconf 52' lang='lat' dir='ltr'><strong>rectae.</strong></span> <span class='ocrx_word' id='word_1_323' title='bbox 1913 3489 1980 3530; x_wconf 90' lang='lat' dir='ltr'><strong>ac</strong></span> 
     </span>
    </p>
   </div>
   <div class='ocr_carea' id='block_1_52' title="bbox 402 3563 1980 3635">
    <p class='ocr_par' dir='ltr' id='par_1_52' title="bbox 402 3563 1980 3635">
     <span class='ocr_line' id='line_1_52' title="bbox 402 3563 1980 3635; baseline 0.001 -17"><span class='ocrx_word' id='word_1_324' title='bbox 402 3565 634 3620; x_wconf 71' lang='lat' dir='ltr'><strong>sincera:</strong></span> <span class='ocrx_word' id='word_1_325' title='bbox 652 3563 800 3630; x_wconf 91' lang='lat' dir='ltr'><strong>ﬁdei,</strong></span> <span class='ocrx_word' id='word_1_326' title='bbox 833 3563 1110 3619; x_wconf 84' lang='lat' dir='ltr'><strong>suﬁiciens</strong></span> <span class='ocrx_word' id='word_1_327' title='bbox 1151 3571 1265 3619; x_wconf 91' lang='lat' dir='ltr'><strong>tum</strong></span> <span class='ocrx_word' id='word_1_328' title='bbox 1312 3563 1379 3619; x_wconf 89' lang='lat' dir='ltr'><strong>ad</strong></span> <span class='ocrx_word' id='word_1_329' title='bbox 1407 3564 1749 3635; x_wconf 84' lang='lat' dir='ltr'><strong>eversionem</strong></span> <span class='ocrx_word' id='word_1_330' title='bbox 1795 3565 1980 3635; x_wconf 87' lang='lat' dir='ltr'><strong>cujus-</strong></span> 
     </span>
    </p>
   </div>
   <div class='ocr_carea' id='block_1_53' title="bbox 401 3654 1978 3726">
    <p class='ocr_par' dir='ltr' id='par_1_53' title="bbox 401 3654 1978 3726">
     <span class='ocr_line' id='line_1_53' title="bbox 401 3654 1978 3726; baseline 0 -16"><span class='ocrx_word' id='word_1_331' title='bbox 401 3654 539 3710; x_wconf 90' lang='lat' dir='ltr'><strong>libet</strong></span> <span class='ocrx_word' id='word_1_332' title='bbox 576 3654 868 3719; x_wconf 70' lang='lat' dir='ltr'><strong>hzereseos,</strong></span> <span class='ocrx_word' id='word_1_333' title='bbox 903 3663 1017 3710; x_wconf 84' lang='lat' dir='ltr'><strong>tum</strong></span> <span class='ocrx_word' id='word_1_334' title='bbox 1047 3655 1114 3709; x_wconf 87' lang='lat' dir='ltr'><strong>ad</strong></span> <span class='ocrx_word' id='word_1_335' title='bbox 1171 3654 1470 3726; x_wconf 81' lang='lat' dir='ltr'><strong>perfectam</strong></span> <span class='ocrx_word' id='word_1_336' title='bbox 1523 3663 1837 3710; x_wconf 86' lang='lat' dir='ltr'><strong>sanctarum</strong></span> <span class='ocrx_word' id='word_1_337' title='bbox 1883 3655 1978 3710; x_wconf 86' lang='lat' dir='ltr'><strong>Dei</strong></span> 
     </span>
    </p>
   </div>
   <div class='ocr_carea' id='block_1_54' title="bbox 399 3745 1979 3803">
    <p class='ocr_par' dir='ltr' id='par_1_54' title="bbox 399 3745 1979 3803">
     <span class='ocr_line' id='line_1_54' title="bbox 399 3745 1979 3803; baseline 0 -1"><span class='ocrx_word' id='word_1_338' title='bbox 399 3745 777 3802; x_wconf 84' lang='lat' dir='ltr'><strong>Ecclesiarum</strong></span> <span class='ocrx_word' id='word_1_339' title='bbox 799 3747 1106 3802; x_wconf 90' lang='lat' dir='ltr'><strong>unitionem</strong></span> <span class='ocrx_word' id='word_1_340' title='bbox 1147 3763 1161 3800; x_wconf 90' lang='lat'><strong>:</strong></span> <span class='ocrx_word' id='word_1_341' title='bbox 1206 3747 1278 3802; x_wconf 92' lang='lat' dir='ltr'><strong>ita</strong></span> <span class='ocrx_word' id='word_1_342' title='bbox 1303 3755 1484 3802; x_wconf 89' lang='lat' dir='ltr'><strong>tamen</strong></span> <span class='ocrx_word' id='word_1_343' title='bbox 1524 3755 1585 3802; x_wconf 94' lang='lat' dir='ltr'><strong>ut</strong></span> <span class='ocrx_word' id='word_1_344' title='bbox 1611 3763 1773 3802; x_wconf 86' lang='lat' dir='ltr'><strong>suum</strong></span> <span class='ocrx_word' id='word_1_345' title='bbox 1807 3747 1979 3803; x_wconf 92' lang='lat' dir='ltr'><strong>robur</strong></span> 
     </span>
    </p>
   </div>
   <div class='ocr_carea' id='block_1_55' title="bbox 400 3837 1978 3911">
    <p class='ocr_par' dir='ltr' id='par_1_55' title="bbox 400 3837 1978 3911">
     <span class='ocr_line' id='line_1_55' title="bbox 400 3837 1978 3911; baseline 0.003 -20"><span class='ocrx_word' id='word_1_346' title='bbox 400 3837 730 3908; x_wconf 13' lang='lat' dir='ltr'><strong>acavigorem</strong></span> <span class='ocrx_word' id='word_1_347' title='bbox 753 3837 1042 3893; x_wconf 87' lang='lat' dir='ltr'><strong>obtineant</strong></span> <span class='ocrx_word' id='word_1_348' title='bbox 1090 3838 1257 3894; x_wconf 86' lang='lat' dir='ltr'><strong>etiam</strong></span> <span class='ocrx_word' id='word_1_349' title='bbox 1281 3854 1367 3905; x_wconf 87' lang='lat' dir='ltr'><strong>ea,</strong></span> <span class='ocrx_word' id='word_1_350' title='bbox 1421 3855 1546 3910; x_wconf 75' lang='lat' dir='ltr'><strong>qua:</strong></span> <span class='ocrx_word' id='word_1_351' title='bbox 1576 3839 1633 3894; x_wconf 89' lang='lat' dir='ltr'><strong>in</strong></span> <span class='ocrx_word' id='word_1_352' title='bbox 1665 3839 1769 3894; x_wconf 87' lang='lat' dir='ltr'><strong>hac</strong></span> <span class='ocrx_word' id='word_1_353' title='bbox 1829 3840 1978 3911; x_wconf 82' lang='lat' dir='ltr'><strong>regia</strong></span> 
     </span>
    </p>
   </div>
   <div class='ocr_carea' id='block_1_56' title="bbox 401 3927 1980 4002">
    <p class='ocr_par' dir='ltr' id='par_1_56' title="bbox 401 3927 1980 4002">
     <span class='ocr_line' id='line_1_56' title="bbox 401 3927 1980 4002; baseline 0.002 -20"><span class='ocrx_word' id='word_1_354' title='bbox 401 3927 538 3983; x_wconf 90' lang='lat' dir='ltr'><strong>urbe</strong></span> <span class='ocrx_word' id='word_1_355' title='bbox 568 3944 598 3982; x_wconf 88' lang='lat' dir='ltr'><strong>a</strong></span> <span class='ocrx_word' id='word_1_356' title='bbox 636 3937 858 3984; x_wconf 89' lang='lat' dir='ltr'><strong>centum</strong></span> <span class='ocrx_word' id='word_1_357' title='bbox 906 3936 965 3984; x_wconf 94' lang='lat' dir='ltr'><strong>et</strong></span> <span class='ocrx_word' id='word_1_358' title='bbox 1016 3929 1414 4002; x_wconf 83' lang='lat' dir='ltr'><strong>quinquaginta</strong></span> <span class='ocrx_word' id='word_1_359' title='bbox 1464 3929 1670 3984; x_wconf 87' lang='lat' dir='ltr'><strong>sanctis</strong></span> <span class='ocrx_word' id='word_1_360' title='bbox 1724 3929 1980 3985; x_wconf 89' lang='lat' dir='ltr'><strong>Patribus</strong></span> 
     </span>
    </p>
   </div>
   <div class='ocr_carea' id='block_1_57' title="bbox 399 4019 1978 4092">
    <p class='ocr_par' dir='ltr' id='par_1_57' title="bbox 399 4019 1978 4092">
     <span class='ocr_line' id='line_1_57' title="bbox 399 4019 1978 4092; baseline 0 -16"><span class='ocrx_word' id='word_1_361' title='bbox 399 4030 550 4091; x_wconf 86' lang='lat' dir='ltr'><strong>gesta</strong></span> <span class='ocrx_word' id='word_1_362' title='bbox 576 4030 705 4076; x_wconf 92' lang='lat' dir='ltr'><strong>sunt</strong></span> <span class='ocrx_word' id='word_1_363' title='bbox 734 4019 805 4075; x_wconf 86' lang='lat' dir='ltr'><strong>ad</strong></span> <span class='ocrx_word' id='word_1_364' title='bbox 859 4019 1333 4077; x_wconf 84' lang='lat' dir='ltr'><strong>conﬁrmationem</strong></span> <span class='ocrx_word' id='word_1_365' title='bbox 1359 4020 1605 4092; x_wconf 82' lang='lat' dir='ltr'><strong>ejusdem</strong></span> <span class='ocrx_word' id='word_1_366' title='bbox 1644 4020 1978 4076; x_wconf 88' lang='lat' dir='ltr'><strong>sanctissimi</strong></span> 
     </span>
    </p>
   </div>
   <div class='ocr_carea' id='block_1_58' title="bbox 397 4107 1978 4180">
    <p class='ocr_par' dir='ltr' id='par_1_58' title="bbox 397 4107 1978 4180">
     <span class='ocr_line' id='line_1_58' title="bbox 397 4107 1978 4180; baseline 0.002 -17"><span class='ocrx_word' id='word_1_367' title='bbox 397 4107 666 4180; x_wconf 84' lang='lat' dir='ltr'><strong>Symboli,</strong></span> <span class='ocrx_word' id='word_1_368' title='bbox 707 4108 972 4164; x_wconf 85' lang='lat' dir='ltr'><strong>adversus</strong></span> <span class='ocrx_word' id='word_1_369' title='bbox 997 4123 1094 4164; x_wconf 89' lang='lat' dir='ltr'><strong>eos</strong></span> <span class='ocrx_word' id='word_1_370' title='bbox 1145 4109 1241 4180; x_wconf 88' lang='lat' dir='ltr'><strong>qui</strong></span> <span class='ocrx_word' id='word_1_371' title='bbox 1291 4109 1349 4164; x_wconf 93' lang='lat' dir='ltr'><strong>in</strong></span> <span class='ocrx_word' id='word_1_372' title='bbox 1404 4109 1670 4180; x_wconf 86' lang='lat' dir='ltr'><strong>Spiritum</strong></span> <span class='ocrx_word' id='word_1_373' title='bbox 1727 4119 1978 4166; x_wconf 85' lang='lat' dir='ltr'><strong>sanctum</strong></span> 
     </span>
    </p>
   </div>
   <div class='ocr_carea' id='block_1_59' title="bbox 398 4199 1975 4272">
    <p class='ocr_par' dir='ltr' id='par_1_59' title="bbox 398 4199 1975 4272">
     <span class='ocr_line' id='line_1_59' title="bbox 398 4199 1975 4272; baseline 0.001 -18"><span class='ocrx_word' id='word_1_374' title='bbox 398 4199 896 4270; x_wconf 86' lang='lat' dir='ltr'><strong>blasphemabant:</strong></span> <span class='ocrx_word' id='word_1_375' title='bbox 950 4215 1015 4256; x_wconf 90' lang='lat' dir='ltr'><strong>ea</strong></span> <span class='ocrx_word' id='word_1_376' title='bbox 1067 4201 1296 4272; x_wconf 91' lang='lat' dir='ltr'><strong>insuper</strong></span> <span class='ocrx_word' id='word_1_377' title='bbox 1345 4217 1467 4272; x_wconf 73' lang='lat' dir='ltr'><strong>qua:</strong></span> <span class='ocrx_word' id='word_1_378' title='bbox 1501 4202 1554 4257; x_wconf 93' lang='lat' dir='ltr'><strong>in</strong></span> <span class='ocrx_word' id='word_1_379' title='bbox 1612 4202 1975 4272; x_wconf 88' lang='lat' dir='ltr'><strong>Ephesiorum</strong></span> 
     </span>
    </p>
   </div>
   <div class='ocr_carea' id='block_1_60' title="bbox 388 4290 1974 4362">
    <p class='ocr_par' dir='ltr' id='par_1_60' title="bbox 388 4290 1974 4362">
     <span class='ocr_line' id='line_1_60' title="bbox 388 4290 1974 4362; baseline 0.003 -18"><span class='ocrx_word' id='word_1_380' title='bbox 388 4290 690 4362; x_wconf 86' lang='lat' dir='ltr'><strong>metropoli</strong></span> <span class='ocrx_word' id='word_1_381' title='bbox 772 4301 962 4346; x_wconf 88' lang='lat' dir='ltr'><strong>contra</strong></span> <span class='ocrx_word' id='word_1_382' title='bbox 1008 4291 1238 4362; x_wconf 91' lang='lat' dir='ltr'><strong>impium</strong></span> <span class='ocrx_word' id='word_1_383' title='bbox 1283 4292 1600 4349; x_wconf 82' lang='lat' dir='ltr'><strong>Nestorium</strong></span> <span class='ocrx_word' id='word_1_384' title='bbox 1646 4302 1768 4348; x_wconf 88' lang='lat' dir='ltr'><strong>acta</strong></span> <span class='ocrx_word' id='word_1_385' title='bbox 1823 4301 1974 4358; x_wconf 85' lang='lat' dir='ltr'><strong>sunt,</strong></span> 
     </span>
    </p>
   </div>
   <div class='ocr_carea' id='block_1_61' title="bbox 393 4383 1974 4456">
    <p class='ocr_par' dir='ltr' id='par_1_61' title="bbox 393 4383 1974 4456">
     <span class='ocr_line' id='line_1_61' title="bbox 393 4383 1974 4456; baseline 0.003 -19"><span class='ocrx_word' id='word_1_386' title='bbox 393 4391 451 4437; x_wconf 90' lang='lat' dir='ltr'><strong>et</strong></span> <span class='ocrx_word' id='word_1_387' title='bbox 476 4390 672 4438; x_wconf 89' lang='lat' dir='ltr'><strong>contra</strong></span> <span class='ocrx_word' id='word_1_388' title='bbox 692 4397 790 4439; x_wconf 92' lang='lat' dir='ltr'><strong>eos</strong></span> <span class='ocrx_word' id='word_1_389' title='bbox 811 4383 906 4454; x_wconf 90' lang='lat' dir='ltr'><strong>qui</strong></span> <span class='ocrx_word' id='word_1_390' title='bbox 963 4385 1086 4456; x_wconf 86' lang='lat' dir='ltr'><strong>ejus</strong></span> <span class='ocrx_word' id='word_1_391' title='bbox 1112 4399 1356 4440; x_wconf 90' lang='lat' dir='ltr'><strong>errorem</strong></span> <span class='ocrx_word' id='word_1_392' title='bbox 1401 4397 1590 4456; x_wconf 86' lang='lat' dir='ltr'><strong>postea</strong></span> <span class='ocrx_word' id='word_1_393' title='bbox 1628 4394 1758 4441; x_wconf 86' lang='lat' dir='ltr'><strong>sunt</strong></span> <span class='ocrx_word' id='word_1_394' title='bbox 1778 4385 1974 4442; x_wconf 81' lang='lat' dir='ltr'><strong>secuti.</strong></span> 
     </span>
    </p>
   </div>
   <div class='ocr_carea' id='block_1_62' title="bbox 389 4472 1974 4542">
    <p class='ocr_par' dir='ltr' id='par_1_62' title="bbox 389 4472 1974 4542">
     <span class='ocr_line' id='line_1_62' title="bbox 389 4472 1974 4542; baseline 0.002 -15"><span class='ocrx_word' id='word_1_395' title='bbox 389 4472 472 4527; x_wconf 76' lang='lat' dir='ltr'><strong>Ea</strong></span> <span class='ocrx_word' id='word_1_396' title='bbox 496 4487 628 4527; x_wconf 86' lang='lat' dir='ltr'><strong>vero</strong></span> <span class='ocrx_word' id='word_1_397' title='bbox 644 4488 766 4542; x_wconf 65' lang='lat' dir='ltr'><strong>quae</strong></span> <span class='ocrx_word' id='word_1_398' title='bbox 787 4481 1100 4529; x_wconf 87' lang='lat' dir='ltr'><strong>sanctarum</strong></span> <span class='ocrx_word' id='word_1_399' title='bbox 1132 4473 1230 4529; x_wconf 90' lang='lat' dir='ltr'><strong>Dei</strong></span> <span class='ocrx_word' id='word_1_400' title='bbox 1253 4475 1620 4530; x_wconf 83' lang='lat' dir='ltr'><strong>Ecclesiarum</strong></span> <span class='ocrx_word' id='word_1_401' title='bbox 1643 4491 1974 4531; x_wconf 84' lang='lat' dir='ltr'><strong>consensum</strong></span> 
     </span>
    </p>
   </div>
   <div class='ocr_carea' id='block_1_63' title="bbox 383 4563 1977 4638">
    <p class='ocr_par' dir='ltr' id='par_1_63' title="bbox 383 4563 1977 4638">
     <span class='ocr_line' id='line_1_63' title="bbox 383 4563 1977 4638; baseline 0.004 -22"><span class='ocrx_word' id='word_1_402' title='bbox 383 4563 963 4632; x_wconf 60' lang='lat' dir='ltr'><strong>anc-tranquillitatem,</strong></span> <span class='ocrx_word' id='word_1_403' title='bbox 991 4573 1048 4622; x_wconf 90' lang='lat' dir='ltr'><strong>et</strong></span> <span class='ocrx_word' id='word_1_404' title='bbox 1089 4564 1262 4620; x_wconf 87' lang='lat' dir='ltr'><strong>totius</strong></span> <span class='ocrx_word' id='word_1_405' title='bbox 1291 4566 1445 4621; x_wconf 87' lang='lat' dir='ltr'><strong>orbis</strong></span> <span class='ocrx_word' id='word_1_406' title='bbox 1492 4581 1683 4636; x_wconf 89' lang='lat' dir='ltr'><strong>pacem</strong></span> <span class='ocrx_word' id='word_1_407' title='bbox 1723 4566 1977 4638; x_wconf 90' lang='lat' dir='ltr'><strong>disrupe-</strong></span> 
     </span>
    </p>
   </div>
   <div class='ocr_carea' id='block_1_64' title="bbox 390 4655 1974 4726">
    <p class='ocr_par' dir='ltr' id='par_1_64' title="bbox 390 4655 1974 4726">
     <span class='ocr_line' id='line_1_64' title="bbox 390 4655 1974 4726; baseline 0.003 -18"><span class='ocrx_word' id='word_1_408' title='bbox 390 4661 526 4708; x_wconf 63' lang='lat' dir='ltr'><strong>1unt</strong></span> <span class='ocrx_word' id='word_1_409' title='bbox 550 4670 565 4720; x_wconf 91' lang='lat'><strong>;</strong></span> <span class='ocrx_word' id='word_1_410' title='bbox 589 4661 799 4708; x_wconf 90' lang='lat' dir='ltr'><strong>tomum</strong></span> <span class='ocrx_word' id='word_1_411' title='bbox 829 4655 1040 4723; x_wconf 90' lang='lat' dir='ltr'><strong>scilicet</strong></span> <span class='ocrx_word' id='word_1_412' title='bbox 1068 4655 1291 4723; x_wconf 87' lang='lat' dir='ltr'><strong>Leonis,</strong></span> <span class='ocrx_word' id='word_1_413' title='bbox 1335 4665 1391 4712; x_wconf 90' lang='lat' dir='ltr'><strong>et</strong></span> <span class='ocrx_word' id='word_1_414' title='bbox 1441 4666 1639 4712; x_wconf 90' lang='lat' dir='ltr'><strong>cuncta</strong></span> <span class='ocrx_word' id='word_1_415' title='bbox 1665 4657 1974 4726; x_wconf 69' lang='lat' dir='ltr'><strong>quaaCha&#39;l-</strong></span> 
     </span>
    </p>
   </div>
   <div class='ocr_carea' id='block_1_65' title="bbox 385 4744 1971 4822">
    <p class='ocr_par' dir='ltr' id='par_1_65' title="bbox 385 4744 1971 4822">
     <span class='ocr_line' id='line_1_65' title="bbox 385 4744 1971 4822; baseline 0.003 -22"><span class='ocrx_word' id='word_1_416' title='bbox 385 4744 603 4800; x_wconf 83' lang='lat' dir='ltr'><strong>cedone</strong></span> <span class='ocrx_word' id='word_1_417' title='bbox 629 4745 1026 4803; x_wconf 81' lang='lat' dir='ltr'><strong>indeﬁnitione</strong></span> <span class='ocrx_word' id='word_1_418' title='bbox 1054 4748 1179 4804; x_wconf 87' lang='lat' dir='ltr'><strong>ﬁdei</strong></span> <span class='ocrx_word' id='word_1_419' title='bbox 1199 4757 1294 4803; x_wconf 89' lang='lat' dir='ltr'><strong>aut</strong></span> <span class='ocrx_word' id='word_1_420' title='bbox 1317 4749 1660 4818; x_wconf 81' lang='lat' dir='ltr'><strong>expositione</strong></span> <span class='ocrx_word' id='word_1_421' title='bbox 1683 4749 1971 4822; x_wconf 83' lang='lat' dir='ltr'><strong>Symbolo-</strong></span> 
     </span>
    </p>
   </div>
   <div class='ocr_carea' id='block_1_66' title="bbox 385 4835 1967 4911">
    <p class='ocr_par' dir='ltr' id='par_1_66' title="bbox 385 4835 1967 4911">
     <span class='ocr_line' id='line_1_66' title="bbox 385 4835 1967 4911; baseline 0.004 -21"><span class='ocrx_word' id='word_1_422' title='bbox 385 4852 538 4900; x_wconf 80' lang='lat' dir='ltr'><strong>rum,</strong></span> <span class='ocrx_word' id='word_1_423' title='bbox 574 4835 812 4892; x_wconf 91' lang='lat' dir='ltr'><strong>docendi</strong></span> <span class='ocrx_word' id='word_1_424' title='bbox 869 4837 957 4892; x_wconf 85' lang='lat' dir='ltr'><strong>vel</strong></span> <span class='ocrx_word' id='word_1_425' title='bbox 1029 4837 1431 4909; x_wconf 88' lang='lat' dir='ltr'><strong>interpretandi</strong></span> <span class='ocrx_word' id='word_1_426' title='bbox 1485 4840 1572 4895; x_wconf 86' lang='lat' dir='ltr'><strong>vel</strong></span> <span class='ocrx_word' id='word_1_427' title='bbox 1647 4839 1967 4911; x_wconf 89' lang='lat' dir='ltr'><strong>disputandi</strong></span> 
     </span>
    </p>
   </div>
   <div class='ocr_carea' id='block_1_67' title="bbox 381 4925 1971 5002">
    <p class='ocr_par' dir='ltr' id='par_1_67' title="bbox 381 4925 1971 5002">
     <span class='ocr_line' id='line_1_67' title="bbox 381 4925 1971 5002; baseline 0.003 -22"><span class='ocrx_word' id='word_1_428' title='bbox 381 4940 578 4990; x_wconf 75' lang='lat' dir='ltr'><strong>causa,</strong></span> <span class='ocrx_word' id='word_1_429' title='bbox 600 4925 669 4980; x_wconf 90' lang='lat' dir='ltr'><strong>ad</strong></span> <span class='ocrx_word' id='word_1_430' title='bbox 695 4927 1106 4983; x_wconf 87' lang='lat' dir='ltr'><strong>innovationem</strong></span> <span class='ocrx_word' id='word_1_431' title='bbox 1127 4942 1295 4998; x_wconf 88' lang='lat' dir='ltr'><strong>supra</strong></span> <span class='ocrx_word' id='word_1_432' title='bbox 1323 4929 1611 4985; x_wconf 87' lang='lat' dir='ltr'><strong>memorati</strong></span> <span class='ocrx_word' id='word_1_433' title='bbox 1645 4930 1785 4984; x_wconf 91' lang='lat' dir='ltr'><strong>sacri</strong></span> <span class='ocrx_word' id='word_1_434' title='bbox 1814 4930 1971 5002; x_wconf 86' lang='lat' dir='ltr'><strong>Sym-</strong></span> 
     </span>
    </p>
   </div>
   <div class='ocr_carea' id='block_1_68' title="bbox 389 5019 1969 5078">
    <p class='ocr_par' dir='ltr' id='par_1_68' title="bbox 389 5019 1969 5078">
     <span class='ocr_line' id='line_1_68' title="bbox 389 5019 1969 5078; baseline 0.003 -5"><span class='ocrx_word' id='word_1_435' title='bbox 389 5019 504 5074; x_wconf 86' lang='lat' dir='ltr'><strong>boli</strong></span> <span class='ocrx_word' id='word_1_436' title='bbox 532 5027 910 5076; x_wconf 84' lang='lat' dir='ltr'><strong>trecentorum</strong></span> <span class='ocrx_word' id='word_1_437' title='bbox 939 5029 996 5076; x_wconf 92' lang='lat' dir='ltr'><strong>et</strong></span> <span class='ocrx_word' id='word_1_438' title='bbox 1022 5021 1328 5077; x_wconf 92' lang='lat' dir='ltr'><strong>octodecim</strong></span> <span class='ocrx_word' id='word_1_439' title='bbox 1376 5033 1690 5078; x_wconf 88' lang='lat' dir='ltr'><strong>sanctorum</strong></span> <span class='ocrx_word' id='word_1_440' title='bbox 1743 5023 1969 5078; x_wconf 88' lang='lat' dir='ltr'><strong>Patrum</strong></span> 
     </span>
    </p>
   </div>
   <div class='ocr_carea' id='block_1_69' title="bbox 387 5110 1970 5184">
    <p class='ocr_par' dir='ltr' id='par_1_69' title="bbox 387 5110 1970 5184">
     <span class='ocr_line' id='line_1_69' title="bbox 387 5110 1970 5184; baseline 0.004 -20"><span class='ocrx_word' id='word_1_441' title='bbox 387 5110 536 5166; x_wconf 86' lang='lat' dir='ltr'><strong>dicta</strong></span> <span class='ocrx_word' id='word_1_442' title='bbox 557 5120 613 5166; x_wconf 93' lang='lat' dir='ltr'><strong>et</strong></span> <span class='ocrx_word' id='word_1_443' title='bbox 625 5120 780 5182; x_wconf 89' lang='lat' dir='ltr'><strong>gesta</strong></span> <span class='ocrx_word' id='word_1_444' title='bbox 802 5120 951 5177; x_wconf 92' lang='lat' dir='ltr'><strong>sunt,</strong></span> <span class='ocrx_word' id='word_1_445' title='bbox 975 5112 1068 5168; x_wconf 83' lang='lat' dir='ltr'><strong>hic</strong></span> <span class='ocrx_word' id='word_1_446' title='bbox 1088 5121 1144 5168; x_wconf 93' lang='lat' dir='ltr'><strong>et</strong></span> <span class='ocrx_word' id='word_1_447' title='bbox 1175 5113 1376 5184; x_wconf 88' lang='lat' dir='ltr'><strong>ubique</strong></span> <span class='ocrx_word' id='word_1_448' title='bbox 1393 5129 1490 5184; x_wconf 91' lang='lat' dir='ltr'><strong>per</strong></span> <span class='ocrx_word' id='word_1_449' title='bbox 1512 5115 1757 5184; x_wconf 86' lang='lat' dir='ltr'><strong>singulas</strong></span> <span class='ocrx_word' id='word_1_450' title='bbox 1780 5115 1970 5172; x_wconf 85' lang='lat' dir='ltr'><strong>Eccle-</strong></span> 
     </span>
    </p>
   </div>
   <div class='ocr_carea' id='block_1_70' title="bbox 389 5198 1969 5276">
    <p class='ocr_par' dir='ltr' id='par_1_70' title="bbox 389 5198 1969 5276">
     <span class='ocr_line' id='line_1_70' title="bbox 389 5198 1969 5276; baseline 0.004 -22"><span class='ocrx_word' id='word_1_451' title='bbox 389 5198 501 5256; x_wconf 85' lang='lat' dir='ltr'><strong>sias</strong></span> <span class='ocrx_word' id='word_1_452' title='bbox 526 5199 596 5255; x_wconf 85' lang='lat' dir='ltr'><strong>ab</strong></span> <span class='ocrx_word' id='word_1_453' title='bbox 633 5201 911 5258; x_wconf 84' lang='lat' dir='ltr'><strong>universis</strong></span> <span class='ocrx_word' id='word_1_454' title='bbox 941 5203 1306 5259; x_wconf 87' lang='lat' dir='ltr'><strong>sanctissimis</strong></span> <span class='ocrx_word' id='word_1_455' title='bbox 1335 5205 1610 5276; x_wconf 84' lang='lat' dir='ltr'><strong>episcopis</strong></span> <span class='ocrx_word' id='word_1_456' title='bbox 1642 5206 1969 5261; x_wconf 80' lang='lat' dir='ltr'><strong>anathema.</strong></span> 
     </span>
    </p>
   </div>
   <div class='ocr_carea' id='block_1_71' title="bbox 387 5289 1965 5369">
    <p class='ocr_par' dir='ltr' id='par_1_71' title="bbox 387 5289 1965 5369">
     <span class='ocr_line' id='line_1_71' title="bbox 387 5289 1965 5369; baseline 0.007 -26"><span class='ocrx_word' id='word_1_457' title='bbox 387 5289 550 5346; x_wconf 81' lang='lat' dir='ltr'><strong>tizari</strong></span> <span class='ocrx_word' id='word_1_458' title='bbox 573 5292 947 5360; x_wconf 89' lang='lat' dir='ltr'><strong>decernimus,</strong></span> <span class='ocrx_word' id='word_1_459' title='bbox 993 5305 1052 5351; x_wconf 87' lang='lat' dir='ltr'><strong>et</strong></span> <span class='ocrx_word' id='word_1_460' title='bbox 1100 5296 1414 5368; x_wconf 90' lang='lat' dir='ltr'><strong>ubicunque</strong></span> <span class='ocrx_word' id='word_1_461' title='bbox 1462 5305 1687 5369; x_wconf 80' lang='lat' dir='ltr'><strong>reperta</strong></span> <span class='ocrx_word' id='word_1_462' title='bbox 1737 5297 1965 5364; x_wconf 80' lang='lat' dir='ltr'><strong>fuerint,</strong></span> 
     </span>
    </p>
   </div>
   <div class='ocr_carea' id='block_1_72' title="bbox 380 5377 1970 5458">
    <p class='ocr_par' dir='ltr' id='par_1_72' title="bbox 380 5377 1970 5458">
     <span class='ocr_line' id='line_1_72' title="bbox 380 5377 1970 5458; baseline 0.008 -25"><span class='ocrx_word' id='word_1_463' title='bbox 380 5377 623 5437; x_wconf 83' lang='lat' dir='ltr'><strong>ﬂammis</strong></span> <span class='ocrx_word' id='word_1_464' title='bbox 645 5383 884 5439; x_wconf 86' lang='lat' dir='ltr'><strong>absumi.</strong></span> <span class='ocrx_word' id='word_1_465' title='bbox 923 5384 1020 5441; x_wconf 87' lang='lat' dir='ltr'><strong>Sic</strong></span> <span class='ocrx_word' id='word_1_466' title='bbox 1040 5385 1188 5440; x_wconf 91' lang='lat' dir='ltr'><strong>enim</strong></span> <span class='ocrx_word' id='word_1_467' title='bbox 1217 5387 1322 5458; x_wconf 68' lang='lat' dir='ltr'><strong>piae</strong></span> <span class='ocrx_word' id='word_1_468' title='bbox 1365 5401 1431 5444; x_wconf 87' lang='lat' dir='ltr'><strong>ac</strong></span> <span class='ocrx_word' id='word_1_469' title='bbox 1463 5386 1638 5444; x_wconf 61' lang='lat' dir='ltr'><strong>beate</strong></span> <span class='ocrx_word' id='word_1_470' title='bbox 1686 5389 1970 5446; x_wconf 70' lang='lat' dir='ltr'><strong>memoriae</strong></span> 
     </span>
    </p>
   </div>
   <div class='ocr_carea' id='block_1_73' title="bbox 383 5464 1966 5544">
    <p class='ocr_par' dir='ltr' id='par_1_73' title="bbox 383 5464 1966 5544">
     <span class='ocr_line' id='line_1_73' title="bbox 383 5464 1966 5544; baseline 0.006 -21"><span class='ocrx_word' id='word_1_471' title='bbox 383 5464 752 5536; x_wconf 76' lang='lat' dir='ltr'><strong>imperatores</strong></span> <span class='ocrx_word' id='word_1_472' title='bbox 777 5472 875 5544; x_wconf 90' lang='lat' dir='ltr'><strong>qui</strong></span> <span class='ocrx_word' id='word_1_473' title='bbox 903 5482 1030 5530; x_wconf 86' lang='lat' dir='ltr'><strong>ante</strong></span> <span class='ocrx_word' id='word_1_474' title='bbox 1062 5489 1165 5530; x_wconf 92' lang='lat' dir='ltr'><strong>nos</strong></span> <span class='ocrx_word' id='word_1_475' title='bbox 1213 5475 1420 5544; x_wconf 80' lang='lat' dir='ltr'><strong>vixere,</strong></span> <span class='ocrx_word' id='word_1_476' title='bbox 1443 5475 1838 5535; x_wconf 88' lang='lat' dir='ltr'><strong>Constantinus</strong></span> <span class='ocrx_word' id='word_1_477' title='bbox 1857 5479 1966 5534; x_wconf 88' lang='lat' dir='ltr'><strong>sci-</strong></span> 
     </span>
    </p>
   </div>
   <div class='ocr_carea' id='block_1_74' title="bbox 2090 1827 3671 1903">
    <p class='ocr_par' dir='ltr' id='par_1_74' title="bbox 2090 1827 3671 1903">
     <span class='ocr_line' id='line_1_74' title="bbox 2090 1827 3671 1903; baseline 0.003 -22"><span class='ocrx_word' id='word_1_478' title='bbox 2090 1829 2199 1881; x_wconf 85' lang='grc' dir='ltr'>τῶν</span> <span class='ocrx_word' id='word_1_479' title='bbox 2228 1827 2584 1898; x_wconf 77' lang='grc' dir='ltr'>ὲκφωνοῦμεν</span> <span class='ocrx_word' id='word_1_480' title='bbox 2611 1829 2832 1898; x_wconf 86' lang='grc' dir='ltr'>νόμους.</span> <span class='ocrx_word' id='word_1_481' title='bbox 2878 1829 3071 1898; x_wconf 79' lang='grc' dir='ltr'>Ἡμεῖς</span> <span class='ocrx_word' id='word_1_482' title='bbox 3111 1829 3168 1883; x_wconf 80' lang='grc' dir='ltr'>δὲ</span> <span class='ocrx_word' id='word_1_483' title='bbox 3198 1831 3380 1899; x_wconf 85' lang='grc' dir='ltr'>πάσης</span> <span class='ocrx_word' id='word_1_484' title='bbox 3404 1831 3506 1899; x_wconf 77' lang='grc' dir='ltr'>τῆς</span> <span class='ocrx_word' id='word_1_485' title='bbox 3539 1831 3671 1903; x_wconf 72' lang='grc' dir='ltr'>περὶ</span> 
     </span>
    </p>
   </div>
   <div class='ocr_carea' id='block_1_75' title="bbox 2089 1919 3671 1992">
    <p class='ocr_par' dir='ltr' id='par_1_75' title="bbox 2089 1919 3671 1992">
     <span class='ocr_line' id='line_1_75' title="bbox 2089 1919 3671 1992; baseline 0.001 -19"><span class='ocrx_word' id='word_1_486' title='bbox 2089 1920 2159 1973; x_wconf 83' lang='grc' dir='ltr'><strong>τὰ</strong></span> <span class='ocrx_word' id='word_1_487' title='bbox 2181 1919 2493 1990; x_wconf 84' lang='grc' dir='ltr'>ἀνθρώπινα</span> <span class='ocrx_word' id='word_1_488' title='bbox 2522 1920 2823 1991; x_wconf 86' lang='grc' dir='ltr'>πράγματα</span> <span class='ocrx_word' id='word_1_489' title='bbox 2846 1920 3083 1990; x_wconf 82' lang='grc' dir='ltr'>σπουδῆς</span> <span class='ocrx_word' id='word_1_490' title='bbox 3115 1921 3549 1992; x_wconf 80' lang='grc' dir='ltr'>προτιμήσαντες</span> <span class='ocrx_word' id='word_1_491' title='bbox 3570 1921 3671 1992; x_wconf 82' lang='grc' dir='ltr'>τὴν</span> 
     </span>
    </p>
   </div>
   <div class='ocr_carea' id='block_1_76' title="bbox 2090 2011 3671 2084">
    <p class='ocr_par' dir='ltr' id='par_1_76' title="bbox 2090 2011 3671 2084">
     <span class='ocr_line' id='line_1_76' title="bbox 2090 2011 3671 2084; baseline 0 -18"><span class='ocrx_word' id='word_1_492' title='bbox 2090 2014 2391 2078; x_wconf 75' lang='grc' dir='ltr'>εὐσέϐειαν,</span> <span class='ocrx_word' id='word_1_493' title='bbox 2414 2014 2509 2065; x_wconf 78' lang='grc' dir='ltr'>καὶ</span> <span class='ocrx_word' id='word_1_494' title='bbox 2539 2013 2628 2065; x_wconf 72' lang='grc' dir='ltr'><strong>τὸν</strong></span> <span class='ocrx_word' id='word_1_495' title='bbox 2658 2011 2796 2083; x_wconf 79' lang='grc' dir='ltr'>ὑπὲρ</span> <span class='ocrx_word' id='word_1_496' title='bbox 2821 2013 2917 2066; x_wconf 85' lang='grc' dir='ltr'><strong>τοῦ</strong></span> <span class='ocrx_word' id='word_1_497' title='bbox 2943 2011 3078 2065; x_wconf 85' lang='grc' dir='ltr'>Θεοῦ</span> <span class='ocrx_word' id='word_1_498' title='bbox 3109 2012 3202 2066; x_wconf 83' lang='grc' dir='ltr'>καὶ</span> <span class='ocrx_word' id='word_1_499' title='bbox 3229 2013 3476 2084; x_wconf 82' lang='grc' dir='ltr'>Σωτῆρος</span> <span class='ocrx_word' id='word_1_500' title='bbox 3509 2012 3671 2083; x_wconf 80' lang='grc' dir='ltr'>ἡμῶν</span> 
     </span>
    </p>
   </div>
   <div class='ocr_carea' id='block_1_77' title="bbox 2103 2103 3670 2176">
    <p class='ocr_par' dir='ltr' id='par_1_77' title="bbox 2103 2103 3670 2176">
     <span class='ocr_line' id='line_1_77' title="bbox 2103 2103 3670 2176; baseline -0.003 -16"><span class='ocrx_word' id='word_1_501' title='bbox 2103 2105 2276 2176; x_wconf 83' lang='grc' dir='ltr'>Ἰησοῦ</span> <span class='ocrx_word' id='word_1_502' title='bbox 2319 2103 2556 2176; x_wconf 81' lang='grc' dir='ltr'>Χριστοῦ</span> <span class='ocrx_word' id='word_1_503' title='bbox 2591 2103 2775 2174; x_wconf 76' lang='grc' dir='ltr'>ζῆλον,</span> <span class='ocrx_word' id='word_1_504' title='bbox 2817 2103 2910 2158; x_wconf 88' lang='grc' dir='ltr'><strong>τοῦ</strong></span> <span class='ocrx_word' id='word_1_505' title='bbox 2943 2121 3002 2157; x_wconf 90' lang='grc' dir='ltr'><strong>τε</strong></span> <span class='ocrx_word' id='word_1_506' title='bbox 3043 2103 3423 2175; x_wconf 83' lang='grc' dir='ltr'>πεποιηκότος,</span> <span class='ocrx_word' id='word_1_507' title='bbox 3457 2104 3553 2158; x_wconf 79' lang='grc' dir='ltr'>καὶ</span> <span class='ocrx_word' id='word_1_508' title='bbox 3580 2104 3670 2156; x_wconf 88' lang='grc' dir='ltr'>δε-</span> 
     </span>
    </p>
   </div>
   <div class='ocr_carea' id='block_1_78' title="bbox 2087 2195 3667 2269">
    <p class='ocr_par' dir='ltr' id='par_1_78' title="bbox 2087 2195 3667 2269">
     <span class='ocr_line' id='line_1_78' title="bbox 2087 2195 3667 2269; baseline -0.003 -18"><span class='ocrx_word' id='word_1_509' title='bbox 2087 2196 2374 2262; x_wconf 79' lang='grc' dir='ltr'>δοξακότος</span> <span class='ocrx_word' id='word_1_510' title='bbox 2401 2197 2568 2267; x_wconf 80' lang='grc' dir='ltr'>ἡμᾶς’</span> <span class='ocrx_word' id='word_1_511' title='bbox 2613 2195 2694 2249; x_wconf 74' lang='grc' dir='ltr'>ἔτι</span> <span class='ocrx_word' id='word_1_512' title='bbox 2745 2195 2804 2249; x_wconf 78' lang='grc' dir='ltr'>δὲ</span> <span class='ocrx_word' id='word_1_513' title='bbox 2857 2195 3206 2258; x_wconf 79' lang='grc' dir='ltr'>πιστεύοντες</span> <span class='ocrx_word' id='word_1_514' title='bbox 3248 2196 3340 2269; x_wconf 84' lang='grc' dir='ltr'>τὸν</span> <span class='ocrx_word' id='word_1_515' title='bbox 3373 2195 3667 2265; x_wconf 81' lang='grc' dir='ltr'>σύνδεσμον</span> 
     </span>
    </p>
   </div>
   <div class='ocr_carea' id='block_1_79' title="bbox 2089 2282 3662 2356">
    <p class='ocr_par' dir='ltr' id='par_1_79' title="bbox 2089 2282 3662 2356">
     <span class='ocr_line' id='line_1_79' title="bbox 2089 2282 3662 2356; baseline -0.002 -15"><span class='ocrx_word' id='word_1_516' title='bbox 2089 2288 2196 2342; x_wconf 82' lang='grc' dir='ltr'>τῶν</span> <span class='ocrx_word' id='word_1_517' title='bbox 2246 2289 2340 2342; x_wconf 86' lang='grc' dir='ltr'><strong>τοῦ</strong></span> <span class='ocrx_word' id='word_1_518' title='bbox 2389 2286 2624 2356; x_wconf 84' lang='grc' dir='ltr'>Χριστοῦ</span> <span class='ocrx_word' id='word_1_519' title='bbox 2674 2285 2942 2356; x_wconf 78' lang='grc' dir='ltr'>ποιμνίων</span> <span class='ocrx_word' id='word_1_520' title='bbox 2977 2285 3251 2356; x_wconf 80' lang='grc' dir='ltr'>σωτηρίαν</span> <span class='ocrx_word' id='word_1_521' title='bbox 3285 2285 3496 2339; x_wconf 79' lang='grc' dir='ltr'>ἑαυτῶν</span> <span class='ocrx_word' id='word_1_522' title='bbox 3525 2282 3662 2339; x_wconf 76' lang='grc' dir='ltr'>εἶναι</span> 
     </span>
    </p>
   </div>
   <div class='ocr_carea' id='block_1_80' title="bbox 2095 2375 3666 2450">
    <p class='ocr_par' dir='ltr' id='par_1_80' title="bbox 2095 2375 3666 2450">
     <span class='ocr_line' id='line_1_80' title="bbox 2095 2375 3666 2450; baseline -0.001 -19"><span class='ocrx_word' id='word_1_523' title='bbox 2095 2377 2310 2432; x_wconf 78' lang='grc' dir='ltr'>καὶτοῦ</span> <span class='ocrx_word' id='word_1_524' title='bbox 2351 2378 2593 2448; x_wconf 78' lang='grc' dir='ltr'>ὑπηκόου</span> <span class='ocrx_word' id='word_1_525' title='bbox 2627 2375 2849 2440; x_wconf 75' lang='grc' dir='ltr'>παντὸς,</span> <span class='ocrx_word' id='word_1_526' title='bbox 2898 2376 3147 2446; x_wconf 82' lang='grc' dir='ltr'>θεμέλιον</span> <span class='ocrx_word' id='word_1_527' title='bbox 3204 2393 3262 2430; x_wconf 87' lang='grc' dir='ltr'><strong>τε</strong></span> <span class='ocrx_word' id='word_1_528' title='bbox 3303 2376 3524 2450; x_wconf 76' lang='grc' dir='ltr'>ἀρραγῆ</span> <span class='ocrx_word' id='word_1_529' title='bbox 3569 2375 3666 2430; x_wconf 74' lang='grc' dir='ltr'>καὶ</span> 
     </span>
    </p>
   </div>
   <div class='ocr_carea' id='block_1_81' title="bbox 2091 2468 3668 2542">
    <p class='ocr_par' dir='ltr' id='par_1_81' title="bbox 2091 2468 3668 2542">
     <span class='ocr_line' id='line_1_81' title="bbox 2091 2468 3668 2542; baseline -0.003 -16"><span class='ocrx_word' id='word_1_530' title='bbox 2091 2475 2390 2526; x_wconf 77' lang='grc' dir='ltr'>ἁσὰὶευτον</span> <span class='ocrx_word' id='word_1_531' title='bbox 2429 2474 2606 2542; x_wconf 78' lang='grc' dir='ltr'>τεῖχος</span> <span class='ocrx_word' id='word_1_532' title='bbox 2651 2471 2750 2540; x_wconf 76' lang='grc' dir='ltr'>τῆς</span> <span class='ocrx_word' id='word_1_533' title='bbox 2780 2471 3058 2542; x_wconf 79' lang='grc' dir='ltr'>ἡμετέρας</span> <span class='ocrx_word' id='word_1_534' title='bbox 3091 2471 3391 2542; x_wconf 83' lang='grc' dir='ltr'>βασιλείας,</span> <span class='ocrx_word' id='word_1_535' title='bbox 3420 2468 3668 2523; x_wconf 75' lang='grc' dir='ltr'>ἐντεῦθεν</span> 
     </span>
    </p>
   </div>
   <div class='ocr_carea' id='block_1_82' title="bbox 2090 2559 3670 2634">
    <p class='ocr_par' dir='ltr' id='par_1_82' title="bbox 2090 2559 3670 2634">
     <span class='ocr_line' id='line_1_82' title="bbox 2090 2559 3670 2634; baseline -0.003 -18"><span class='ocrx_word' id='word_1_536' title='bbox 2090 2565 2317 2627; x_wconf 79' lang='grc' dir='ltr'>εἰκότως</span> <span class='ocrx_word' id='word_1_537' title='bbox 2361 2561 2490 2634; x_wconf 81' lang='grc' dir='ltr'>θείῳ</span> <span class='ocrx_word' id='word_1_538' title='bbox 2520 2561 2760 2624; x_wconf 83' lang='grc' dir='ltr'>διανοίας</span> <span class='ocrx_word' id='word_1_539' title='bbox 2802 2561 3112 2631; x_wconf 78' lang='grc' dir='ltr'>κινούμενοι</span> <span class='ocrx_word' id='word_1_540' title='bbox 3154 2560 3301 2632; x_wconf 80' lang='grc' dir='ltr'><strong>ζήλῳ</strong></span> <span class='ocrx_word' id='word_1_541' title='bbox 3323 2599 3338 2620; x_wconf 88' lang='grc'><strong>.</strong></span> <span class='ocrx_word' id='word_1_542' title='bbox 3368 2559 3460 2614; x_wconf 77' lang='grc' dir='ltr'>καὶ</span> <span class='ocrx_word' id='word_1_543' title='bbox 3487 2560 3670 2628; x_wconf 77' lang='grc' dir='ltr'>ἀπαρ-</span> 
     </span>
    </p>
   </div>
   <div class='ocr_carea' id='block_1_83' title="bbox 2089 2647 3669 2724">
    <p class='ocr_par' dir='ltr' id='par_1_83' title="bbox 2089 2647 3669 2724">
     <span class='ocr_line' id='line_1_83' title="bbox 2089 2647 3669 2724; baseline -0.003 -18"><span class='ocrx_word' id='word_1_544' title='bbox 2089 2654 2191 2724; x_wconf 77' lang='grc' dir='ltr'>χὴν</span> <span class='ocrx_word' id='word_1_545' title='bbox 2227 2655 2328 2724; x_wconf 81' lang='grc' dir='ltr'>τῆς</span> <span class='ocrx_word' id='word_1_546' title='bbox 2353 2652 2631 2724; x_wconf 73' lang='grc' dir='ltr'>ἡμετέρας</span> <span class='ocrx_word' id='word_1_547' title='bbox 2683 2651 2961 2721; x_wconf 85' lang='grc' dir='ltr'>βασιλείας</span> <span class='ocrx_word' id='word_1_548' title='bbox 3021 2649 3099 2722; x_wconf 81' lang='grc' dir='ltr'>τῷ</span> <span class='ocrx_word' id='word_1_549' title='bbox 3149 2650 3266 2720; x_wconf 87' lang='grc' dir='ltr'>Θεῷ</span> <span class='ocrx_word' id='word_1_550' title='bbox 3307 2651 3402 2703; x_wconf 76' lang='grc' dir='ltr'>καὶ</span> <span class='ocrx_word' id='word_1_551' title='bbox 3449 2647 3669 2719; x_wconf 79' lang='grc' dir='ltr'>Σωτῆρι</span> 
     </span>
    </p>
   </div>
   <div class='ocr_carea' id='block_1_84' title="bbox 2090 2739 3670 2815">
    <p class='ocr_par' dir='ltr' id='par_1_84' title="bbox 2090 2739 3670 2815">
     <span class='ocr_line' id='line_1_84' title="bbox 2090 2739 3670 2815; baseline -0.002 -18"><span class='ocrx_word' id='word_1_552' title='bbox 2090 2743 2246 2814; x_wconf 75' lang='grc' dir='ltr'>ἡμῶν</span> <span class='ocrx_word' id='word_1_553' title='bbox 2283 2742 2458 2815; x_wconf 89' lang='grc' dir='ltr'>Ἰησοῦ</span> <span class='ocrx_word' id='word_1_554' title='bbox 2485 2741 2707 2814; x_wconf 86' lang='grc' dir='ltr'>Χριστῷ</span> <span class='ocrx_word' id='word_1_555' title='bbox 2734 2741 2834 2812; x_wconf 77' lang='grc' dir='ltr'>τὴν</span> <span class='ocrx_word' id='word_1_556' title='bbox 2861 2741 2961 2811; x_wconf 82' lang='grc' dir='ltr'>τῆς</span> <span class='ocrx_word' id='word_1_557' title='bbox 2986 2741 3146 2811; x_wconf 81' lang='grc' dir='ltr'>ἁγίας</span> <span class='ocrx_word' id='word_1_558' title='bbox 3175 2739 3494 2808; x_wconf 85' lang='grc' dir='ltr'>Ἐκκλησιας</span> <span class='ocrx_word' id='word_1_559' title='bbox 3526 2739 3670 2794; x_wconf 58' lang='lat' dir='ltr'><strong>law-</strong></span> 
     </span>
    </p>
   </div>
   <div class='ocr_carea' id='block_1_85' title="bbox 2091 2832 3669 2906">
    <p class='ocr_par' dir='ltr' id='par_1_85' title="bbox 2091 2832 3669 2906">
     <span class='ocr_line' id='line_1_85' title="bbox 2091 2832 3669 2906; baseline -0.003 -18"><span class='ocrx_word' id='word_1_560' title='bbox 2091 2853 2175 2888; x_wconf 88' lang='grc' dir='ltr'><strong>σιν</strong></span> <span class='ocrx_word' id='word_1_561' title='bbox 2232 2835 2732 2906; x_wconf 80' lang='grc' dir='ltr'>προσκομίζοντες,</span> <span class='ocrx_word' id='word_1_562' title='bbox 2771 2833 3102 2904; x_wconf 77' lang='grc' dir='ltr'>θεσπίζομεν</span> <span class='ocrx_word' id='word_1_563' title='bbox 3139 2832 3238 2904; x_wconf 80' lang='grc' dir='ltr'>τὴν</span> <span class='ocrx_word' id='word_1_564' title='bbox 3287 2833 3530 2902; x_wconf 81' lang='grc' dir='ltr'>κρηπῖδα</span> <span class='ocrx_word' id='word_1_565' title='bbox 3570 2833 3669 2884; x_wconf 80' lang='grc' dir='ltr'>καὶ</span> 
     </span>
    </p>
   </div>
   <div class='ocr_carea' id='block_1_86' title="bbox 2091 2923 3668 2999">
    <p class='ocr_par' dir='ltr' id='par_1_86' title="bbox 2091 2923 3668 2999">
     <span class='ocr_line' id='line_1_86' title="bbox 2091 2923 3668 2999; baseline -0.004 -17"><span class='ocrx_word' id='word_1_566' title='bbox 2091 2927 2385 2999; x_wconf 89' lang='grc' dir='ltr'>βεϐαίωσιν</span> <span class='ocrx_word' id='word_1_567' title='bbox 2443 2927 2544 2998; x_wconf 76' lang='grc' dir='ltr'>τῆς</span> <span class='ocrx_word' id='word_1_568' title='bbox 2594 2925 2942 2997; x_wconf 82' lang='grc' dir='ltr'>ἀνθρωπίνης</span> <span class='ocrx_word' id='word_1_569' title='bbox 2995 2925 3262 2991; x_wconf 79' lang='grc' dir='ltr'>εὐζωῖας,</span> <span class='ocrx_word' id='word_1_570' title='bbox 3312 2923 3554 2976; x_wconf 85' lang='grc' dir='ltr'>τουτέστι</span> <span class='ocrx_word' id='word_1_571' title='bbox 3603 2923 3668 2976; x_wconf 84' lang='grc' dir='ltr'>τὸ</span> 
     </span>
    </p>
   </div>
   <div class='ocr_carea' id='block_1_87' title="bbox 2089 3013 3670 3090">
    <p class='ocr_par' dir='ltr' id='par_1_87' title="bbox 2089 3013 3670 3090">
     <span class='ocr_line' id='line_1_87' title="bbox 2089 3013 3670 3090; baseline -0.003 -18"><span class='ocrx_word' id='word_1_572' title='bbox 2089 3019 2366 3090; x_wconf 88' lang='grc' dir='ltr'>Σύμϐολον</span> <span class='ocrx_word' id='word_1_573' title='bbox 2401 3019 2511 3072; x_wconf 83' lang='grc' dir='ltr'>τῶν</span> <span class='ocrx_word' id='word_1_574' title='bbox 2557 3016 2661 3090; x_wconf 81' lang='grc' dir='ltr'>τιη⁹</span> <span class='ocrx_word' id='word_1_575' title='bbox 2686 3016 2856 3088; x_wconf 89' lang='grc' dir='ltr'>ἁγίων</span> <span class='ocrx_word' id='word_1_576' title='bbox 2908 3015 3166 3086; x_wconf 77' lang='grc' dir='ltr'>Πατέρων</span> <span class='ocrx_word' id='word_1_577' title='bbox 3193 3014 3304 3067; x_wconf 85' lang='grc' dir='ltr'><strong>τῶν</strong></span> <span class='ocrx_word' id='word_1_578' title='bbox 3351 3015 3410 3068; x_wconf 79' lang='grc' dir='ltr'>ὲν</span> <span class='ocrx_word' id='word_1_579' title='bbox 3458 3013 3670 3086; x_wconf 75' lang='grc' dir='ltr'>Νικαίᾳ</span> 
     </span>
    </p>
   </div>
   <div class='ocr_carea' id='block_1_88' title="bbox 2087 3104 3662 3181">
    <p class='ocr_par' dir='ltr' id='par_1_88' title="bbox 2087 3104 3662 3181">
     <span class='ocr_line' id='line_1_88' title="bbox 2087 3104 3662 3181; baseline -0.004 -18"><span class='ocrx_word' id='word_1_580' title='bbox 2087 3111 2254 3165; x_wconf 87' lang='grc' dir='ltr'>πάλαι</span> <span class='ocrx_word' id='word_1_581' title='bbox 2287 3111 2425 3181; x_wconf 82' lang='grc' dir='ltr'><strong>μετὰ</strong></span> <span class='ocrx_word' id='word_1_582' title='bbox 2462 3108 2559 3163; x_wconf 84' lang='grc' dir='ltr'><strong>τοῦ</strong></span> <span class='ocrx_word' id='word_1_583' title='bbox 2587 3109 2744 3176; x_wconf 81' lang='grc' dir='ltr'>ἁγίου</span> <span class='ocrx_word' id='word_1_584' title='bbox 2781 3105 3098 3177; x_wconf 84' lang='grc' dir='ltr'>Πνεύματος</span> <span class='ocrx_word' id='word_1_585' title='bbox 3137 3104 3662 3177; x_wconf 72' lang='grc' dir='ltr'>ικκλησιασθάντων,</span> 
     </span>
    </p>
   </div>
   <div class='ocr_carea' id='block_1_89' title="bbox 2087 3196 3666 3275">
    <p class='ocr_par' dir='ltr' id='par_1_89' title="bbox 2087 3196 3666 3275">
     <span class='ocr_line' id='line_1_89' title="bbox 2087 3196 3666 3275; baseline -0.005 -18"><span class='ocrx_word' id='word_1_586' title='bbox 2087 3205 2168 3266; x_wconf 80' lang='grc' dir='ltr'>εἰς</span> <span class='ocrx_word' id='word_1_587' title='bbox 2195 3204 2225 3257; x_wconf 84' lang='grc' dir='ltr'><strong>δ</strong></span> <span class='ocrx_word' id='word_1_588' title='bbox 2252 3205 2416 3275; x_wconf 76' lang='grc' dir='ltr'>ἡμεῖς</span> <span class='ocrx_word' id='word_1_589' title='bbox 2454 3218 2515 3256; x_wconf 84' lang='grc' dir='ltr'><strong>τε</strong></span> <span class='ocrx_word' id='word_1_590' title='bbox 2541 3203 2636 3256; x_wconf 77' lang='grc' dir='ltr'>καὶ</span> <span class='ocrx_word' id='word_1_591' title='bbox 2669 3201 2870 3264; x_wconf 83' lang='grc' dir='ltr'>πάντες</span> <span class='ocrx_word' id='word_1_592' title='bbox 2901 3199 2950 3254; x_wconf 85' lang='grc' dir='ltr'><strong>οί</strong></span> <span class='ocrx_word' id='word_1_593' title='bbox 2995 3199 3104 3269; x_wconf 78' lang='grc' dir='ltr'>πρὸ</span> <span class='ocrx_word' id='word_1_594' title='bbox 3131 3197 3291 3268; x_wconf 81' lang='grc' dir='ltr'>ἡμῶν</span> <span class='ocrx_word' id='word_1_595' title='bbox 3327 3196 3666 3250; x_wconf 82' lang='grc' dir='ltr'>πιστεύσαν-</span> 
     </span>
    </p>
   </div>
   <div class='ocr_carea' id='block_1_90' title="bbox 2085 3288 3666 3364">
    <p class='ocr_par' dir='ltr' id='par_1_90' title="bbox 2085 3288 3666 3364">
     <span class='ocr_line' id='line_1_90' title="bbox 2085 3288 3666 3364; baseline -0.005 -16"><span class='ocrx_word' id='word_1_596' title='bbox 2085 3311 2197 3359; x_wconf 89' lang='grc' dir='ltr'>τες,</span> <span class='ocrx_word' id='word_1_597' title='bbox 2221 3293 2655 3364; x_wconf 81' lang='grc' dir='ltr'>ὲϐαπτίσθημεν,</span> <span class='ocrx_word' id='word_1_598' title='bbox 2699 3292 2861 3364; x_wconf 90' lang='grc' dir='ltr'>μόνον</span> <span class='ocrx_word' id='word_1_599' title='bbox 2891 3289 3292 3353; x_wconf 83' lang='grc' dir='ltr'>πολιτεύεσθαι,</span> <span class='ocrx_word' id='word_1_600' title='bbox 3320 3289 3416 3342; x_wconf 76' lang='grc' dir='ltr'>καὶ</span> <span class='ocrx_word' id='word_1_601' title='bbox 3439 3288 3666 3360; x_wconf 82' lang='grc' dir='ltr'>κρατεῖν</span> 
     </span>
    </p>
   </div>
   <div class='ocr_carea' id='block_1_91' title="bbox 2087 3378 3668 3452">
    <p class='ocr_par' dir='ltr' id='par_1_91' title="bbox 2087 3378 3668 3452">
     <span class='ocr_line' id='line_1_91' title="bbox 2087 3378 3668 3452; baseline -0.003 -14"><span class='ocrx_word' id='word_1_602' title='bbox 2087 3387 2144 3439; x_wconf 81' lang='grc' dir='ltr'>ὲν</span> <span class='ocrx_word' id='word_1_603' title='bbox 2168 3385 2372 3449; x_wconf 76' lang='grc' dir='ltr'>πάσαις</span> <span class='ocrx_word' id='word_1_604' title='bbox 2395 3387 2517 3448; x_wconf 84' lang='grc' dir='ltr'>ταῖς</span> <span class='ocrx_word' id='word_1_605' title='bbox 2545 3384 2874 3452; x_wconf 84' lang='grc' dir='ltr'>ἁγιωτάταις</span> <span class='ocrx_word' id='word_1_606' title='bbox 2900 3381 2994 3435; x_wconf 87' lang='grc' dir='ltr'><strong>τοῦ</strong></span> <span class='ocrx_word' id='word_1_607' title='bbox 3027 3380 3162 3435; x_wconf 86' lang='grc' dir='ltr'>Θεοῦ</span> <span class='ocrx_word' id='word_1_608' title='bbox 3190 3379 3538 3448; x_wconf 83' lang='grc' dir='ltr'>Ἑκκλησίαις</span> <span class='ocrx_word' id='word_1_609' title='bbox 3567 3378 3668 3434; x_wconf 76' lang='grc' dir='ltr'>τὸν</span> 
     </span>
    </p>
   </div>
   <div class='ocr_carea' id='block_1_92' title="bbox 2086 3469 3665 3547">
    <p class='ocr_par' dir='ltr' id='par_1_92' title="bbox 2086 3469 3665 3547">
     <span class='ocr_line' id='line_1_92' title="bbox 2086 3469 3665 3547; baseline -0.003 -20"><span class='ocrx_word' id='word_1_610' title='bbox 2086 3475 2366 3547; x_wconf 78' lang='grc' dir='ltr'>ὀρθόδοξον</span> <span class='ocrx_word' id='word_1_611' title='bbox 2386 3475 2538 3540; x_wconf 83' lang='grc' dir='ltr'>λαὸν,</span> <span class='ocrx_word' id='word_1_612' title='bbox 2568 3475 2645 3539; x_wconf 83' lang='grc' dir='ltr'>ὼς</span> <span class='ocrx_word' id='word_1_613' title='bbox 2678 3473 2838 3546; x_wconf 87' lang='grc' dir='ltr'>μόνον</span> <span class='ocrx_word' id='word_1_614' title='bbox 2866 3472 2970 3543; x_wconf 80' lang='grc' dir='ltr'>τῆς</span> <span class='ocrx_word' id='word_1_615' title='bbox 3002 3469 3282 3534; x_wconf 83' lang='grc' dir='ltr'>ἀπλανοῦς</span> <span class='ocrx_word' id='word_1_616' title='bbox 3306 3469 3541 3534; x_wconf 86' lang='grc' dir='ltr'>πίστεως</span> <span class='ocrx_word' id='word_1_617' title='bbox 3563 3486 3665 3522; x_wconf 83' lang='grc' dir='ltr'>κν-</span> 
     </span>
    </p>
   </div>
   <div class='ocr_carea' id='block_1_93' title="bbox 2089 3562 3662 3642">
    <p class='ocr_par' dir='ltr' id='par_1_93' title="bbox 2089 3562 3662 3642">
     <span class='ocr_line' id='line_1_93' title="bbox 2089 3562 3662 3642; baseline -0.004 -19"><span class='ocrx_word' id='word_1_618' title='bbox 2089 3569 2222 3642; x_wconf 90' lang='grc' dir='ltr'>ρίως</span> <span class='ocrx_word' id='word_1_619' title='bbox 2267 3571 2415 3641; x_wconf 81' lang='grc' dir='ltr'>ὅρον,</span> <span class='ocrx_word' id='word_1_620' title='bbox 2449 3569 2546 3624; x_wconf 77' lang='grc' dir='ltr'>καὶ</span> <span class='ocrx_word' id='word_1_621' title='bbox 2574 3565 2780 3639; x_wconf 83' lang='grc' dir='ltr'>ἀρκοῦν</span> <span class='ocrx_word' id='word_1_622' title='bbox 2829 3567 2914 3630; x_wconf 88' lang='grc' dir='ltr'><strong>είς</strong></span> <span class='ocrx_word' id='word_1_623' title='bbox 2963 3564 3244 3634; x_wconf 83' lang='grc' dir='ltr'>ἀναίρεσιν</span> <span class='ocrx_word' id='word_1_624' title='bbox 3291 3563 3391 3632; x_wconf 78' lang='grc' dir='ltr'>μὲν</span> <span class='ocrx_word' id='word_1_625' title='bbox 3434 3562 3662 3616; x_wconf 80' lang='grc' dir='ltr'>καθόλου</span> 
     </span>
    </p>
   </div>
   <div class='ocr_carea' id='block_1_94' title="bbox 2087 3650 3659 3732">
    <p class='ocr_par' dir='ltr' id='par_1_94' title="bbox 2087 3650 3659 3732">
     <span class='ocr_line' id='line_1_94' title="bbox 2087 3650 3659 3732; baseline -0.007 -17"><span class='ocrx_word' id='word_1_626' title='bbox 2087 3661 2267 3732; x_wconf 86' lang='grc' dir='ltr'>πάσης</span> <span class='ocrx_word' id='word_1_627' title='bbox 2291 3662 2574 3732; x_wconf 80' lang='grc' dir='ltr'>αἱρέσεως,</span> <span class='ocrx_word' id='word_1_628' title='bbox 2594 3659 2786 3713; x_wconf 69' lang='grc' dir='ltr'>ἕνωσιν</span> <span class='ocrx_word' id='word_1_629' title='bbox 2810 3657 2867 3711; x_wconf 69' lang='grc' dir='ltr'>δὲ</span> <span class='ocrx_word' id='word_1_630' title='bbox 2887 3655 3063 3728; x_wconf 86' lang='grc' dir='ltr'>ἁκραν</span> <span class='ocrx_word' id='word_1_631' title='bbox 3079 3655 3187 3709; x_wconf 87' lang='grc' dir='ltr'><strong>τῶν</strong></span> <span class='ocrx_word' id='word_1_632' title='bbox 3213 3653 3384 3722; x_wconf 80' lang='grc' dir='ltr'>ἁγίων</span> <span class='ocrx_word' id='word_1_633' title='bbox 3402 3652 3496 3706; x_wconf 89' lang='grc' dir='ltr'><strong>τοῦ</strong></span> <span class='ocrx_word' id='word_1_634' title='bbox 3521 3650 3659 3707; x_wconf 84' lang='grc' dir='ltr'>Θεοῦ</span> 
     </span>
    </p>
   </div>
   <div class='ocr_carea' id='block_1_95' title="bbox 2099 3741 3660 3822">
    <p class='ocr_par' dir='ltr' id='par_1_95' title="bbox 2099 3741 3660 3822">
     <span class='ocr_line' id='line_1_95' title="bbox 2099 3741 3660 3822; baseline -0.006 -17"><span class='ocrx_word' id='word_1_635' title='bbox 2099 3751 2456 3822; x_wconf 82' lang='grc' dir='ltr'>Ἐκκλησιῶν·</span> <span class='ocrx_word' id='word_1_636' title='bbox 2488 3749 2722 3820; x_wconf 76' lang='grc' dir='ltr'>ἐχόντων</span> <span class='ocrx_word' id='word_1_637' title='bbox 2744 3745 2943 3818; x_wconf 82' lang='grc' dir='ltr'>δηλαδὴ</span> <span class='ocrx_word' id='word_1_638' title='bbox 2965 3745 3062 3816; x_wconf 78' lang='grc' dir='ltr'>τὴν</span> <span class='ocrx_word' id='word_1_639' title='bbox 3101 3745 3308 3799; x_wconf 84' lang='grc' dir='ltr'>οἰκείαν</span> <span class='ocrx_word' id='word_1_640' title='bbox 3341 3745 3514 3812; x_wconf 84' lang='grc' dir='ltr'>ίσχύν,</span> <span class='ocrx_word' id='word_1_641' title='bbox 3562 3741 3660 3796; x_wconf 73' lang='grc' dir='ltr'>καὶ</span> 
     </span>
    </p>
   </div>
   <div class='ocr_carea' id='block_1_96' title="bbox 2084 3835 3660 3913">
    <p class='ocr_par' dir='ltr' id='par_1_96' title="bbox 2084 3835 3660 3913">
     <span class='ocr_line' id='line_1_96' title="bbox 2084 3835 3660 3913; baseline -0.006 -16"><span class='ocrx_word' id='word_1_642' title='bbox 2084 3843 2193 3897; x_wconf 80' lang='grc' dir='ltr'><strong>τῶν</strong></span> <span class='ocrx_word' id='word_1_643' title='bbox 2225 3844 2304 3906; x_wconf 86' lang='grc' dir='ltr'><strong>είς</strong></span> <span class='ocrx_word' id='word_1_644' title='bbox 2325 3841 2618 3913; x_wconf 89' lang='grc' dir='ltr'>βεϐαίωσιν</span> <span class='ocrx_word' id='word_1_645' title='bbox 2639 3839 2806 3894; x_wconf 88' lang='grc' dir='ltr'>αὐτοῦ</span> <span class='ocrx_word' id='word_1_646' title='bbox 2831 3837 2927 3892; x_wconf 89' lang='grc' dir='ltr'><strong>τοῦ</strong></span> <span class='ocrx_word' id='word_1_647' title='bbox 2957 3837 3104 3891; x_wconf 84' lang='grc' dir='ltr'>θείου</span> <span class='ocrx_word' id='word_1_648' title='bbox 3131 3835 3410 3906; x_wconf 83' lang='grc' dir='ltr'>Συμϐόλου</span> <span class='ocrx_word' id='word_1_649' title='bbox 3443 3851 3660 3904; x_wconf 83' lang='grc' dir='ltr'>πεπρα-</span> 
     </span>
    </p>
   </div>
   <div class='ocr_carea' id='block_1_97' title="bbox 2085 3927 3660 4006">
    <p class='ocr_par' dir='ltr' id='par_1_97' title="bbox 2085 3927 3660 4006">
     <span class='ocr_line' id='line_1_97' title="bbox 2085 3927 3660 4006; baseline -0.006 -17"><span class='ocrx_word' id='word_1_650' title='bbox 2085 3936 2324 4006; x_wconf 88' lang='grc' dir='ltr'>γμένων,</span> <span class='ocrx_word' id='word_1_651' title='bbox 2346 3934 2404 3988; x_wconf 72' lang='grc' dir='ltr'>ἐν</span> <span class='ocrx_word' id='word_1_652' title='bbox 2431 3950 2492 3987; x_wconf 86' lang='grc' dir='ltr'><strong>τε</strong></span> <span class='ocrx_word' id='word_1_653' title='bbox 2517 3936 2585 4005; x_wconf 77' lang='grc' dir='ltr'>τῇ</span> <span class='ocrx_word' id='word_1_654' title='bbox 2617 3930 2976 4003; x_wconf 81' lang='grc' dir='ltr'>βασιλευούσῃ</span> <span class='ocrx_word' id='word_1_655' title='bbox 3001 3929 3154 3984; x_wconf 89' lang='grc' dir='ltr'>πόλει</span> <span class='ocrx_word' id='word_1_656' title='bbox 3177 3928 3348 4001; x_wconf 77' lang='grc' dir='ltr'>ταύτῃ</span> <span class='ocrx_word' id='word_1_657' title='bbox 3375 3927 3514 3982; x_wconf 86' lang='grc' dir='ltr'><strong>κατὰ</strong></span> <span class='ocrx_word' id='word_1_658' title='bbox 3547 3927 3660 3980; x_wconf 85' lang='grc' dir='ltr'><strong>τῶν</strong></span> 
     </span>
    </p>
   </div>
   <div class='ocr_carea' id='block_1_98' title="bbox 2087 4017 3658 4096">
    <p class='ocr_par' dir='ltr' id='par_1_98' title="bbox 2087 4017 3658 4096">
     <span class='ocr_line' id='line_1_98' title="bbox 2087 4017 3658 4096; baseline -0.005 -17"><span class='ocrx_word' id='word_1_659' title='bbox 2087 4022 2550 4096; x_wconf 77' lang='grc' dir='ltr'>βλασφημούντων</span> <span class='ocrx_word' id='word_1_660' title='bbox 2575 4023 2656 4087; x_wconf 89' lang='grc' dir='ltr'><strong>είς</strong></span> <span class='ocrx_word' id='word_1_661' title='bbox 2681 4022 2742 4075; x_wconf 78' lang='grc' dir='ltr'>τὸ</span> <span class='ocrx_word' id='word_1_662' title='bbox 2759 4020 2991 4092; x_wconf 83' lang='grc' dir='ltr'>Πνεῦμα</span> <span class='ocrx_word' id='word_1_663' title='bbox 3011 4020 3073 4074; x_wconf 80' lang='grc' dir='ltr'><strong>τὸ</strong></span> <span class='ocrx_word' id='word_1_664' title='bbox 3097 4019 3251 4090; x_wconf 83' lang='grc' dir='ltr'>ἁγιον</span> <span class='ocrx_word' id='word_1_665' title='bbox 3277 4018 3428 4091; x_wconf 75' lang='grc' dir='ltr'>παρὰ</span> <span class='ocrx_word' id='word_1_666' title='bbox 3447 4017 3552 4072; x_wconf 85' lang='grc' dir='ltr'><strong>τῶν</strong></span> <span class='ocrx_word' id='word_1_667' title='bbox 3579 4021 3658 4089; x_wconf 64' lang='grc' dir='ltr'><strong>ρν</strong></span> 
     </span>
    </p>
   </div>
   <div class='ocr_carea' id='block_1_99' title="bbox 2086 4109 3660 4185">
    <p class='ocr_par' dir='ltr' id='par_1_99' title="bbox 2086 4109 3660 4185">
     <span class='ocr_line' id='line_1_99' title="bbox 2086 4109 3660 4185; baseline -0.005 -15"><span class='ocrx_word' id='word_1_668' title='bbox 2086 4115 2257 4185; x_wconf 83' lang='grc' dir='ltr'>ἁγίων</span> <span class='ocrx_word' id='word_1_669' title='bbox 2286 4115 2565 4185; x_wconf 81' lang='grc' dir='ltr'>Πατὲρων·</span> <span class='ocrx_word' id='word_1_670' title='bbox 2593 4115 2676 4167; x_wconf 77' lang='grc' dir='ltr'><strong>ἑτι</strong></span> <span class='ocrx_word' id='word_1_671' title='bbox 2709 4113 2770 4168; x_wconf 76' lang='grc' dir='ltr'>δὲ</span> <span class='ocrx_word' id='word_1_672' title='bbox 2805 4114 2899 4166; x_wconf 81' lang='grc' dir='ltr'>καὶ</span> <span class='ocrx_word' id='word_1_673' title='bbox 2930 4113 3150 4166; x_wconf 78' lang='grc' dir='ltr'>πάντων</span> <span class='ocrx_word' id='word_1_674' title='bbox 3183 4110 3292 4164; x_wconf 84' lang='grc' dir='ltr'><strong>τῶν</strong></span> <span class='ocrx_word' id='word_1_675' title='bbox 3327 4109 3660 4182; x_wconf 85' lang='grc' dir='ltr'>πεπραγμέ-</span> 
     </span>
    </p>
   </div>
   <div class='ocr_carea' id='block_1_100' title="bbox 2084 4199 3656 4277">
    <p class='ocr_par' dir='ltr' id='par_1_100' title="bbox 2084 4199 3656 4277">
     <span class='ocr_line' id='line_1_100' title="bbox 2084 4199 3656 4277; baseline -0.004 -19"><span class='ocrx_word' id='word_1_676' title='bbox 2084 4223 2192 4260; x_wconf 89' lang='grc' dir='ltr'><strong>νων</strong></span> <span class='ocrx_word' id='word_1_677' title='bbox 2223 4209 2281 4260; x_wconf 80' lang='grc' dir='ltr'>ὲν</span> <span class='ocrx_word' id='word_1_678' title='bbox 2313 4208 2381 4277; x_wconf 78' lang='grc' dir='ltr'>τῇ</span> <span class='ocrx_word' id='word_1_679' title='bbox 2417 4205 2685 4275; x_wconf 80' lang='grc' dir='ltr'>Ἐφεσίων</span> <span class='ocrx_word' id='word_1_680' title='bbox 2720 4204 3051 4276; x_wconf 84' lang='grc' dir='ltr'>μητροπόλει</span> <span class='ocrx_word' id='word_1_681' title='bbox 3075 4201 3216 4258; x_wconf 85' lang='grc' dir='ltr'><strong>κατὰ</strong></span> <span class='ocrx_word' id='word_1_682' title='bbox 3241 4201 3335 4256; x_wconf 85' lang='grc' dir='ltr'><strong>τοῦ</strong></span> <span class='ocrx_word' id='word_1_683' title='bbox 3363 4199 3656 4263; x_wconf 82' lang='grc' dir='ltr'>δυσσεϐοῦς</span> 
     </span>
    </p>
   </div>
   <div class='ocr_carea' id='block_1_101' title="bbox 2083 4293 3659 4370">
    <p class='ocr_par' dir='ltr' id='par_1_101' title="bbox 2083 4293 3659 4370">
     <span class='ocr_line' id='line_1_101' title="bbox 2083 4293 3659 4370; baseline -0.006 -17"><span class='ocrx_word' id='word_1_684' title='bbox 2083 4299 2405 4370; x_wconf 83' lang='grc' dir='ltr'>Νεστορίου,</span> <span class='ocrx_word' id='word_1_685' title='bbox 2445 4297 2538 4353; x_wconf 74' lang='grc' dir='ltr'>καὶ</span> <span class='ocrx_word' id='word_1_686' title='bbox 2573 4297 2683 4352; x_wconf 85' lang='grc' dir='ltr'><strong>τῶν</strong></span> <span class='ocrx_word' id='word_1_687' title='bbox 2714 4297 2852 4369; x_wconf 86' lang='grc' dir='ltr'><strong>μετὰ</strong></span> <span class='ocrx_word' id='word_1_688' title='bbox 2876 4295 3050 4352; x_wconf 89' lang='grc' dir='ltr'>ταῦτα</span> <span class='ocrx_word' id='word_1_689' title='bbox 3097 4296 3166 4348; x_wconf 88' lang='grc' dir='ltr'><strong>τὰ</strong></span> <span class='ocrx_word' id='word_1_690' title='bbox 3209 4293 3416 4350; x_wconf 72' lang='grc' dir='ltr'>ἐκείνου</span> <span class='ocrx_word' id='word_1_691' title='bbox 3450 4307 3659 4364; x_wconf 79' lang='grc' dir='ltr'>φρονη-</span> 
     </span>
    </p>
   </div>
   <div class='ocr_carea' id='block_1_102' title="bbox 2087 4382 3658 4460">
    <p class='ocr_par' dir='ltr' id='par_1_102' title="bbox 2087 4382 3658 4460">
     <span class='ocr_line' id='line_1_102' title="bbox 2087 4382 3658 4460; baseline -0.006 -15"><span class='ocrx_word' id='word_1_692' title='bbox 2087 4390 2318 4446; x_wconf 84' lang='grc' dir='ltr'>σάντων.</span> <span class='ocrx_word' id='word_1_693' title='bbox 2359 4389 2444 4442; x_wconf 86' lang='grc' dir='ltr'><strong>Τὰ</strong></span> <span class='ocrx_word' id='word_1_694' title='bbox 2493 4388 2549 4442; x_wconf 74' lang='grc' dir='ltr'>δὲ</span> <span class='ocrx_word' id='word_1_695' title='bbox 2601 4387 2843 4443; x_wconf 86' lang='grc' dir='ltr'>διελόντα</span> <span class='ocrx_word' id='word_1_696' title='bbox 2889 4387 2990 4460; x_wconf 75' lang='grc' dir='ltr'>τὴν</span> <span class='ocrx_word' id='word_1_697' title='bbox 3031 4382 3229 4440; x_wconf 72' lang='grc' dir='ltr'>ἕνωσιν</span> <span class='ocrx_word' id='word_1_698' title='bbox 3273 4385 3366 4439; x_wconf 75' lang='grc' dir='ltr'>καὶ</span> <span class='ocrx_word' id='word_1_699' title='bbox 3399 4383 3658 4448; x_wconf 77' lang='grc' dir='ltr'>εὐταξίαν</span> 
     </span>
    </p>
   </div>
   <div class='ocr_carea' id='block_1_103' title="bbox 2080 4471 3657 4550">
    <p class='ocr_par' dir='ltr' id='par_1_103' title="bbox 2080 4471 3657 4550">
     <span class='ocr_line' id='line_1_103' title="bbox 2080 4471 3657 4550; baseline -0.005 -14"><span class='ocrx_word' id='word_1_700' title='bbox 2080 4482 2190 4536; x_wconf 82' lang='grc' dir='ltr'><strong>τῶν</strong></span> <span class='ocrx_word' id='word_1_701' title='bbox 2237 4480 2410 4550; x_wconf 84' lang='grc' dir='ltr'>ἁγίων</span> <span class='ocrx_word' id='word_1_702' title='bbox 2452 4478 2548 4533; x_wconf 91' lang='grc' dir='ltr'><strong>τοῦ</strong></span> <span class='ocrx_word' id='word_1_703' title='bbox 2595 4479 2730 4534; x_wconf 88' lang='grc' dir='ltr'>Θεοῦ</span> <span class='ocrx_word' id='word_1_704' title='bbox 2781 4478 3119 4548; x_wconf 84' lang='grc' dir='ltr'>Ἐκκλησιῶν</span> <span class='ocrx_word' id='word_1_705' title='bbox 3164 4476 3260 4530; x_wconf 77' lang='grc' dir='ltr'><strong>καὶ</strong></span> <span class='ocrx_word' id='word_1_706' title='bbox 3291 4476 3510 4546; x_wconf 66' lang='grc' dir='ltr'>εἰρήνην</span> <span class='ocrx_word' id='word_1_707' title='bbox 3557 4471 3657 4528; x_wconf 87' lang='grc' dir='ltr'><strong>τοῦ</strong></span> 
     </span>
    </p>
   </div>
   <div class='ocr_carea' id='block_1_104' title="bbox 2084 4562 3661 4640">
    <p class='ocr_par' dir='ltr' id='par_1_104' title="bbox 2084 4562 3661 4640">
     <span class='ocr_line' id='line_1_104' title="bbox 2084 4562 3661 4640; baseline -0.004 -18"><span class='ocrx_word' id='word_1_708' title='bbox 2084 4567 2294 4640; x_wconf 86' lang='grc' dir='ltr'>κόσμου</span> <span class='ocrx_word' id='word_1_709' title='bbox 2329 4567 2551 4631; x_wconf 81' lang='grc' dir='ltr'>παντὸς,</span> <span class='ocrx_word' id='word_1_710' title='bbox 2595 4566 2797 4640; x_wconf 79' lang='grc' dir='ltr'>δηλαδὴ</span> <span class='ocrx_word' id='word_1_711' title='bbox 2834 4566 2926 4620; x_wconf 79' lang='grc' dir='ltr'><strong>τὸν</strong></span> <span class='ocrx_word' id='word_1_712' title='bbox 2966 4567 3258 4638; x_wconf 86' lang='grc' dir='ltr'>λεγόμενον</span> <span class='ocrx_word' id='word_1_713' title='bbox 3290 4564 3453 4634; x_wconf 85' lang='grc' dir='ltr'>τόμον</span> <span class='ocrx_word' id='word_1_714' title='bbox 3493 4562 3661 4620; x_wconf 60' lang='grc' dir='ltr'>Δέον.</span> 
     </span>
    </p>
   </div>
   <div class='ocr_carea' id='block_1_105' title="bbox 2077 4655 3656 4732">
    <p class='ocr_par' dir='ltr' id='par_1_105' title="bbox 2077 4655 3656 4732">
     <span class='ocr_line' id='line_1_105' title="bbox 2077 4655 3656 4732; baseline -0.004 -16"><span class='ocrx_word' id='word_1_715' title='bbox 2077 4678 2193 4726; x_wconf 88' lang='grc' dir='ltr'>τος,</span> <span class='ocrx_word' id='word_1_716' title='bbox 2227 4661 2324 4716; x_wconf 75' lang='grc' dir='ltr'>καὶ</span> <span class='ocrx_word' id='word_1_717' title='bbox 2355 4661 2533 4716; x_wconf 80' lang='grc' dir='ltr'>πάντα</span> <span class='ocrx_word' id='word_1_718' title='bbox 2577 4659 2647 4714; x_wconf 83' lang='grc' dir='ltr'><strong>τά</strong></span> <span class='ocrx_word' id='word_1_719' title='bbox 2681 4660 2741 4715; x_wconf 78' lang='grc' dir='ltr'>ὲν</span> <span class='ocrx_word' id='word_1_720' title='bbox 2789 4659 3094 4732; x_wconf 80' lang='grc' dir='ltr'>Καλχηδόνι</span> <span class='ocrx_word' id='word_1_721' title='bbox 3140 4661 3198 4714; x_wconf 78' lang='grc' dir='ltr'>ὲν</span> <span class='ocrx_word' id='word_1_722' title='bbox 3239 4659 3351 4729; x_wconf 80' lang='grc' dir='ltr'><strong>ὅρῳ</strong></span> <span class='ocrx_word' id='word_1_723' title='bbox 3397 4655 3656 4720; x_wconf 84' lang='grc' dir='ltr'>πίστεως,</span> 
     </span>
    </p>
   </div>
   <div class='ocr_carea' id='block_1_106' title="bbox 2077 4747 3656 4824">
    <p class='ocr_par' dir='ltr' id='par_1_106' title="bbox 2077 4747 3656 4824">
     <span class='ocr_line' id='line_1_106' title="bbox 2077 4747 3656 4824; baseline -0.003 -20"><span class='ocrx_word' id='word_1_724' title='bbox 2077 4751 2292 4806; x_wconf 75' lang='grc' dir='ltr'>ἐκθέσει</span> <span class='ocrx_word' id='word_1_725' title='bbox 2321 4751 2614 4824; x_wconf 85' lang='grc' dir='ltr'>Συμϐόλων</span> <span class='ocrx_word' id='word_1_726' title='bbox 2641 4752 2719 4817; x_wconf 75' lang='grc'><strong>⁷³,</strong></span> <span class='ocrx_word' id='word_1_727' title='bbox 2767 4751 2800 4824; x_wconf 79' lang='grc' dir='ltr'><strong>ἥ</strong></span> <span class='ocrx_word' id='word_1_728' title='bbox 2846 4751 3164 4822; x_wconf 80' lang='grc' dir='ltr'>ἑρμηνείας,</span> <span class='ocrx_word' id='word_1_729' title='bbox 3207 4751 3242 4822; x_wconf 82' lang='grc' dir='ltr'><strong>ἦ</strong></span> <span class='ocrx_word' id='word_1_730' title='bbox 3285 4747 3656 4814; x_wconf 81' lang='grc' dir='ltr'>διδασκαλίας,</span> 
     </span>
    </p>
   </div>
   <div class='ocr_carea' id='block_1_107' title="bbox 2077 4840 3659 4916">
    <p class='ocr_par' dir='ltr' id='par_1_107' title="bbox 2077 4840 3659 4916">
     <span class='ocr_line' id='line_1_107' title="bbox 2077 4840 3659 4916; baseline -0.004 -19"><span class='ocrx_word' id='word_1_731' title='bbox 2077 4844 2110 4916; x_wconf 76' lang='grc' dir='ltr'><strong>ἢ</strong></span> <span class='ocrx_word' id='word_1_732' title='bbox 2141 4843 2428 4908; x_wconf 81' lang='grc' dir='ltr'>διαλέξεως</span> <span class='ocrx_word' id='word_1_733' title='bbox 2475 4843 2742 4914; x_wconf 76' lang='grc' dir='ltr'>εἰρημένα</span> <span class='ocrx_word' id='word_1_734' title='bbox 2779 4844 2875 4897; x_wconf 70' lang='grc' dir='ltr'>καὶ</span> <span class='ocrx_word' id='word_1_735' title='bbox 2905 4840 3276 4913; x_wconf 85' lang='grc' dir='ltr'>πεπραγμένα</span> <span class='ocrx_word' id='word_1_736' title='bbox 3302 4841 3382 4904; x_wconf 90' lang='grc' dir='ltr'><strong>είς</strong></span> <span class='ocrx_word' id='word_1_737' title='bbox 3409 4855 3659 4893; x_wconf 88' lang='grc' dir='ltr'>καινοτο-</span> 
     </span>
    </p>
   </div>
   <div class='ocr_carea' id='block_1_108' title="bbox 2077 4926 3656 5005">
    <p class='ocr_par' dir='ltr' id='par_1_108' title="bbox 2077 4926 3656 5005">
     <span class='ocr_line' id='line_1_108' title="bbox 2077 4926 3656 5005; baseline -0.003 -19"><span class='ocrx_word' id='word_1_738' title='bbox 2077 4934 2208 5003; x_wconf 88' lang='grc' dir='ltr'>μίαν</span> <span class='ocrx_word' id='word_1_739' title='bbox 2231 4934 2332 5005; x_wconf 76' lang='grc' dir='ltr'>τὴν</span> <span class='ocrx_word' id='word_1_740' title='bbox 2372 4933 2514 4987; x_wconf 89' lang='grc' dir='ltr'><strong>κατὰ</strong></span> <span class='ocrx_word' id='word_1_741' title='bbox 2555 4932 2651 4985; x_wconf 90' lang='grc' dir='ltr'><strong>τοῦ</strong></span> <span class='ocrx_word' id='word_1_742' title='bbox 2694 4931 3161 5003; x_wconf 82' lang='grc' dir='ltr'>μνημονευθέντος</span> <span class='ocrx_word' id='word_1_743' title='bbox 3188 4930 3344 4999; x_wconf 84' lang='grc' dir='ltr'>ἁγίου</span> <span class='ocrx_word' id='word_1_744' title='bbox 3376 4926 3656 4999; x_wconf 81' lang='grc' dir='ltr'>Συμϐόλου</span> 
     </span>
    </p>
   </div>
   <div class='ocr_carea' id='block_1_109' title="bbox 2073 5019 3655 5096">
    <p class='ocr_par' dir='ltr' id='par_1_109' title="bbox 2073 5019 3655 5096">
     <span class='ocr_line' id='line_1_109' title="bbox 2073 5019 3655 5096; baseline -0.005 -19"><span class='ocrx_word' id='word_1_745' title='bbox 2073 5022 2184 5078; x_wconf 83' lang='grc' dir='ltr'><strong>τῶν</strong></span> <span class='ocrx_word' id='word_1_746' title='bbox 2227 5023 2338 5096; x_wconf 79' lang='grc' dir='ltr'>τιη¹</span> <span class='ocrx_word' id='word_1_747' title='bbox 2371 5024 2544 5093; x_wconf 87' lang='grc' dir='ltr'>ἁγίων</span> <span class='ocrx_word' id='word_1_748' title='bbox 2587 5024 2868 5096; x_wconf 85' lang='grc' dir='ltr'>Ηατέρων,</span> <span class='ocrx_word' id='word_1_749' title='bbox 2922 5023 3255 5094; x_wconf 77' lang='grc' dir='ltr'>θεσπίςομεν</span> <span class='ocrx_word' id='word_1_750' title='bbox 3307 5019 3544 5074; x_wconf 76' lang='grc' dir='ltr'>ἐνταῦθά</span> <span class='ocrx_word' id='word_1_751' title='bbox 3593 5034 3655 5070; x_wconf 79' lang='grc' dir='ltr'><strong>τε</strong></span> 
     </span>
    </p>
   </div>
   <div class='ocr_carea' id='block_1_110' title="bbox 2072 5108 3656 5186">
    <p class='ocr_par' dir='ltr' id='par_1_110' title="bbox 2072 5108 3656 5186">
     <span class='ocr_line' id='line_1_110' title="bbox 2072 5108 3656 5186; baseline -0.003 -18"><span class='ocrx_word' id='word_1_752' title='bbox 2072 5114 2169 5169; x_wconf 81' lang='grc' dir='ltr'>καὶ</span> <span class='ocrx_word' id='word_1_753' title='bbox 2199 5116 2474 5186; x_wconf 83' lang='grc' dir='ltr'>πανταχοῦ</span> <span class='ocrx_word' id='word_1_754' title='bbox 2523 5115 2646 5170; x_wconf 78' lang='grc' dir='ltr'>καθ’</span> <span class='ocrx_word' id='word_1_755' title='bbox 2679 5116 2916 5186; x_wconf 79' lang='grc' dir='ltr'>ἑκάστην</span> <span class='ocrx_word' id='word_1_756' title='bbox 2963 5115 3315 5185; x_wconf 84' lang='grc' dir='ltr'>Ἐκκλησίαν,</span> <span class='ocrx_word' id='word_1_757' title='bbox 3353 5111 3506 5185; x_wconf 85' lang='grc' dir='ltr'><strong>παρὰ</strong></span> <span class='ocrx_word' id='word_1_758' title='bbox 3543 5108 3656 5164; x_wconf 83' lang='grc' dir='ltr'><strong>τῶν</strong></span> 
     </span>
    </p>
   </div>
   <div class='ocr_carea' id='block_1_111' title="bbox 2071 5200 3655 5278">
    <p class='ocr_par' dir='ltr' id='par_1_111' title="bbox 2071 5200 3655 5278">
     <span class='ocr_line' id='line_1_111' title="bbox 2071 5200 3655 5278; baseline -0.003 -18"><span class='ocrx_word' id='word_1_759' title='bbox 2071 5206 2382 5278; x_wconf 85' lang='grc' dir='ltr'>ἁπανταχοῦ</span> <span class='ocrx_word' id='word_1_760' title='bbox 2419 5207 2739 5276; x_wconf 82' lang='grc' dir='ltr'>ἁγιωτάτων</span> <span class='ocrx_word' id='word_1_761' title='bbox 2776 5207 3090 5261; x_wconf 77' lang='grc' dir='ltr'>ἐπισκόπων</span> <span class='ocrx_word' id='word_1_762' title='bbox 3135 5200 3655 5273; x_wconf 78' lang='grc' dir='ltr'>ἁναθεματίζεσθαι,</span> 
     </span>
    </p>
   </div>
   <div class='ocr_carea' id='block_1_112' title="bbox 2073 5293 3654 5372">
    <p class='ocr_par' dir='ltr' id='par_1_112' title="bbox 2073 5293 3654 5372">
     <span class='ocr_line' id='line_1_112' title="bbox 2073 5293 3654 5372; baseline -0.001 -20"><span class='ocrx_word' id='word_1_763' title='bbox 2073 5299 2166 5352; x_wconf 68' lang='grc' dir='ltr'>καὶ</span> <span class='ocrx_word' id='word_1_764' title='bbox 2197 5301 2334 5370; x_wconf 78' lang='grc' dir='ltr'>πυρὶ</span> <span class='ocrx_word' id='word_1_765' title='bbox 2373 5299 2767 5371; x_wconf 85' lang='grc' dir='ltr'>παραδίδοσθαι</span> <span class='ocrx_word' id='word_1_766' title='bbox 2800 5300 2930 5372; x_wconf 80' lang='grc' dir='ltr'>παρ’</span> <span class='ocrx_word' id='word_1_767' title='bbox 2974 5294 3056 5364; x_wconf 77' lang='grc' dir='ltr'>οἷς</span> <span class='ocrx_word' id='word_1_768' title='bbox 3089 5299 3156 5353; x_wconf 82' lang='grc' dir='ltr'>ἂν</span> <span class='ocrx_word' id='word_1_769' title='bbox 3188 5296 3532 5369; x_wconf 77' lang='grc' dir='ltr'>εὑρίσκηται,</span> <span class='ocrx_word' id='word_1_770' title='bbox 3560 5293 3654 5347; x_wconf 72' lang='grc' dir='ltr'>διὰ</span> 
     </span>
    </p>
   </div>
   <div class='ocr_carea' id='block_1_113' title="bbox 2070 5387 3653 5462">
    <p class='ocr_par' dir='ltr' id='par_1_113' title="bbox 2070 5387 3653 5462">
     <span class='ocr_line' id='line_1_113' title="bbox 2070 5387 3653 5462; baseline -0.003 -20"><span class='ocrx_word' id='word_1_771' title='bbox 2070 5388 2134 5442; x_wconf 80' lang='grc' dir='ltr'>τὸ</span> <span class='ocrx_word' id='word_1_772' title='bbox 2193 5389 2336 5443; x_wconf 75' lang='grc' dir='ltr'>οὕτω</span> <span class='ocrx_word' id='word_1_773' title='bbox 2401 5390 2779 5462; x_wconf 83' lang='grc' dir='ltr'>διατεταχέναι</span> <span class='ocrx_word' id='word_1_774' title='bbox 2834 5390 2966 5462; x_wconf 75' lang='grc' dir='ltr'>περὶ</span> <span class='ocrx_word' id='word_1_775' title='bbox 3017 5389 3241 5446; x_wconf 89' lang='grc' dir='ltr'>πὰντων</span> <span class='ocrx_word' id='word_1_776' title='bbox 3281 5388 3392 5444; x_wconf 86' lang='grc' dir='ltr'><strong>τῶν</strong></span> <span class='ocrx_word' id='word_1_777' title='bbox 3440 5387 3653 5458; x_wconf 75' lang='grc' dir='ltr'>αἱρετι-</span> 
     </span>
    </p>
   </div>
   <div class='ocr_carea' id='block_1_114' title="bbox 2073 5477 3653 5554">
    <p class='ocr_par' dir='ltr' id='par_1_114' title="bbox 2073 5477 3653 5554">
     <span class='ocr_line' id='line_1_114' title="bbox 2073 5477 3653 5554; baseline 0.001 -20"><span class='ocrx_word' id='word_1_778' title='bbox 2073 5479 2186 5534; x_wconf 84' lang='grc' dir='ltr'><strong>κῶν</strong></span> <span class='ocrx_word' id='word_1_779' title='bbox 2212 5481 2523 5554; x_wconf 80' lang='grc' dir='ltr'>δογμάτων,</span> <span class='ocrx_word' id='word_1_780' title='bbox 2559 5483 2656 5540; x_wconf 78' lang='grc' dir='ltr'>καὶ</span> <span class='ocrx_word' id='word_1_781' title='bbox 2703 5483 2832 5550; x_wconf 85' lang='grc' dir='ltr'>τοὺς</span> <span class='ocrx_word' id='word_1_782' title='bbox 2873 5481 2980 5554; x_wconf 76' lang='grc' dir='ltr'>πρὸ</span> <span class='ocrx_word' id='word_1_783' title='bbox 3006 5481 3166 5554; x_wconf 74' lang='grc' dir='ltr'>ἡμῶν</span> <span class='ocrx_word' id='word_1_784' title='bbox 3205 5482 3266 5538; x_wconf 70' lang='grc' dir='ltr'>ιν</span> <span class='ocrx_word' id='word_1_785' title='bbox 3311 5477 3526 5536; x_wconf 75' lang='grc' dir='ltr'>εὐσεϐεῖ</span> <span class='ocrx_word' id='word_1_786' title='bbox 3551 5481 3653 5535; x_wconf 75' lang='grc' dir='ltr'>καὶ</span> 
     </span>
    </p>
   </div>
   <div class='ocr_carea' id='block_1_115' title="bbox 1693 5631 2374 5692">
    <p class='ocr_par' dir='ltr' id='par_1_115' title="bbox 1693 5631 2374 5692">
     <span class='ocr_line' id='line_1_115' title="bbox 1693 5631 2374 5692; baseline 0.001 -3"><span class='ocrx_word' id='word_1_787' title='bbox 1693 5631 1927 5689; x_wconf 69' lang='grc' dir='ltr'><strong>ΫΑΒΙᾸΞ</strong></span> <span class='ocrx_word' id='word_1_788' title='bbox 1965 5631 2374 5692; x_wconf 80' lang='lat' dir='ltr'><strong>LECTIONES.</strong></span> 
     </span>
    </p>
   </div>
   <div class='ocr_carea' id='block_1_116' title="bbox 458 5708 1039 5788">
    <p class='ocr_par' dir='ltr' id='par_1_116' title="bbox 458 5708 1039 5788">
     <span class='ocr_line' id='line_1_116' title="bbox 458 5708 1039 5788; baseline 0.012 -20"><span class='ocrx_word' id='word_1_789' title='bbox 458 5708 512 5742; x_wconf 76' lang='grc'><strong>³³</strong></span> <span class='ocrx_word' id='word_1_790' title='bbox 540 5709 608 5769; x_wconf 80' lang='lat' dir='ltr'><strong>C.</strong></span> <span class='ocrx_word' id='word_1_791' title='bbox 638 5711 702 5770; x_wconf 80' lang='lat' dir='ltr'><strong>G.</strong></span> <span class='ocrx_word' id='word_1_792' title='bbox 745 5716 1039 5788; x_wconf 83' lang='grc' dir='ltr'>συμϐόλου.</span> 
     </span>
    </p>
   </div>
  </div>
