4024 6208
549 282 692 347 2603

1771 287 2082 352 EVAGRII
2119 289 2594 354 SCHOLASTIC]

3645 280 3804 370 ἰσοι

543 393 748 464 quippe
770 391 866 462 qui
911 398 1150 462 optatam
1183 391 1252 446 ab
1295 393 1553 450 omnibus
1583 391 1850 451 unitatem
1893 397 2105 452 sanctis

2235 417 2366 470 μασι
2403 400 2526 454 καθ’
2551 401 2864 470 οίονδήποτε
2911 405 3123 475 καιρὸν,
3149 406 3180 478 ἢ
3211 402 3412 480 τρόπόν
3442 409 3474 480 ἢ
3507 410 3674 468 τόπον
3707 415 3802 486 τὴν

541 488 699 542 si-mis
755 484 852 540 Dei
919 484 1185 540 Ecclesiis
1247 486 1566 551 conciliant,
1631 487 1932 542 novitatem
2000 503 2122 558 quae

541 579 806 633 adversus
861 575 1024 630 ﬁdem
1101 575 1450 632 Chalcedone
1509 577 1652 632 facta
1720 587 1826 643 est,
1860 589 1954 634 aut
1983 580 2122 633 inter

539 669 957 741 disputandum,
991 667 1248 724 autinter
1299 669 1632 734 docendum,
1683 679 1778 724 aut
1805 671 1860 725 in
1901 673 2122 742 scriptis

538 766 654 820 suis
687 779 1021 834 quocunque
1064 762 1286 818 demum
1315 771 1558 830 tempore
1599 772 1655 816 et
1711 763 1876 818 modo
1908 779 1970 818 ac
1997 764 2118 818 loco

539 858 786 926 proferre
817 871 1078 925 unquam,
1133 862 1228 908 aut
1251 854 1478 907 omnino
1533 854 1820 908 nominare
1873 861 2119 909 tentare-

537 951 667 1016 rint,
705 965 801 1003 eos
827 959 1085 1018 tanquam
1133 945 1404 1001 tumultus
1429 961 1493 999 ac
1543 945 1876 1000 seditionum
1909 946 2116 1000 sanctis

441 1087 452 1094 .
535 1042 630 1096 Dei
660 1039 923 1096 Ecclesiis
967 1050 1024 1094 et
1073 1037 1346 1093 universis
1381 1037 1478 1106 qui
1515 1044 1706 1090 nostro
1761 1035 1992 1106 imperio
2021 1051 2116 1106 pa-

445 1191 452 1198 ,
533 1143 678 1194 rent,
708 1142 984 1196 auctores,
1029 1130 1236 1199 Deique
1278 1143 1346 1182 ac
1391 1137 1595 1182 nostra:
1647 1127 1840 1182 salutis
1894 1129 2112 1194 hostes;

529 1226 682 1296 juxta
707 1225 855 1294 leges
869 1237 992 1293 quae
1016 1223 1128 1293 jam
1157 1221 1370 1290 pridem
1402 1221 1470 1276 de
1497 1219 1812 1292 hujusmodi
1845 1219 2116 1290 improbi-

444 1361 452 1370 .
535 1325 646 1370 tate
682 1315 804 1368 latae
853 1314 1016 1368 sinta
1049 1312 1222 1367 beatze
1251 1327 1314 1366 ac
1343 1311 1483 1366 divze
1544 1311 1823 1366 memoriae
1876 1310 2115 1381 impera-

533 1417 650 1462 tore
711 1405 1044 1470 Theodosio,
1108 1419 1245 1473 quas
1289 1403 1452 1457 etiam
1511 1403 1642 1458 huic
1689 1413 1892 1458 nostrae
1945 1417 2114 1458 sacrae

493 1557 498 1560 _
529 1497 778 1568 epistola:
798 1496 1089 1566 encyclicae
1111 1494 1450 1564 subjocimus
1474 1510 1488 1558 ;
1516 1492 1562 1548 si
1619 1492 1840 1562 quidem
1868 1493 2110 1562 episcopi

531 1598 660 1646 sunt
689 1597 786 1644 aut
831 1587 1039 1652 clerici,
1079 1586 1278 1656 deponi
1325 1585 1706 1654 pra-cipimus:
1737 1585 1780 1639 si
1809 1599 1942 1638 vero
1989 1600 2110 1638 mo-

529 1683 690 1738 nachi
723 1688 817 1736 aut
835 1679 984 1742 laici,
1003 1677 1198 1732 exsilio
1221 1687 1274 1731 et
1295 1677 1564 1730 bonorum
1589 1675 1836 1728 omnium
1861 1675 2108 1745 publica-

2229 493 2286 544 ἐν
2319 491 2626 563 Καλχηδόνι
2667 493 3047 566 γεγενημένην
3072 497 3214 550 κατὰ
3236 497 3336 568 τῆς
3363 500 3602 566 πίστεως
3627 522 3802 560 καινο·

2225 584 2439 654 τομίαν,
2483 585 2606 648 τοὺς
2635 584 2912 649 τοιούτους
2957 587 3035 650 ὠς
3063 590 3306 659 ταραχῆς
3343 593 3437 646 καὶ
3481 594 3798 651 ἀκαταστα-

2226 677 2344 740 σίας
2373 679 2493 740 ταῖς
2525 677 2708 746 ἁγίαις
2762 677 2856 731 τοῦ
2907 679 3043 732 Θεοῦ
3086 681 3434 752 Ἐκκλησίαις
3467 687 3559 739 καὶ
3589 686 3670 757 τῷ
3697 689 3800 740 ύπ-

2221 767 2372 838 ηκόῳ
2395 769 2561 821 παντὶ
2591 770 2937 840 παραιτίους,
2955 769 3074 840 Θεῷ
3100 787 3158 824 τε
3180 773 3274 826 καὶ
3289 774 3530 846 ἡμετέρᾳ
3553 776 3802 847 σωτηρίᾳ

2222 859 2534 930 πολεμίους,
2573 860 2872 931 κελεύομεν
2901 862 3045 916 κατὰ
3073 863 3200 926 τοὺς
3247 864 3348 933 ἤδη
3375 865 3480 937 πρὸ
3509 867 3668 937 ἡμῶν
3701 867 3796 922 θε-

2221 953 2544 1016 σπισθέντας
2576 953 2726 1024 παρά
2760 952 2852 1006 τοῦ
2882 955 2938 1006 ἐν
2973 956 3224 1026 μακαρίᾳ
3265 957 3359 1009 καὶ¹
3403 957 3524 1029 θείᾳ
3550 963 3616 1028 τῇ
3641 959 3798 1030 λήξει

2219 1045 2513 1116 γενομένου
2565 1045 2830 1115 βασιλέως
2889 1047 3168 1100 Θεοδοσίου
3213 1048 3354 1102 κατά
3401 1051 3502 1120 τῆς
3539 1051 3796 1122 τοιαύτης

2217 1135 2506 1200 κακονοίας
2535 1137 2752 1206 νόμους,
2789 1137 2918 1202 τοὺς
2957 1137 3434 1210 ὑποτεταγμένους
3461 1141 3594 1206 τῷδε
3635 1141 3796 1212 ήμῶν

2215 1225 2294 1296 τῷ
2351 1225 2480 1296 θείῳ
2529 1227 2830 1299 Ἐγκυκλίῳ
2877 1231 2924 1282 εί
2989 1231 3089 1298 μὲν
3119 1231 3408 1285 ἐπίσκοποι
3457 1232 3489 1303 ἧ
3539 1232 3796 1302 κληρικοὶ

2223 1315 2332 1370 εἷεν
2363 1317 2780 1388 καθαιρεῖσθαιδ
2833 1321 2880 1372 εί
2932 1321 2987 1374 δὲ
3029 1322 3356 1390 μονάζοντες
3393 1324 3426 1394 ἢ
3473 1325 3672 1390 λαῖκοὶ,
3705 1325 3795 1391 ἐξ.

2213 1406 2338 1478 ορίᾳ
2375 1408 2468 1461 καὶ
2497 1407 2760 1478 δημεύσει
2791 1411 3018 1480 παντοίᾳ
3049 1411 3145 1464 καὶ
3172 1415 3284 1475 τοῖς
3310 1413 3563 1483 ἐσχάτοις
3587 1413 3786 1470 unani-

2215 1515 2370 1550 πτειν
2397 1498 2712 1568 ἐπιτιμίοις.
2751 1499 2906 1552 Οὕτω
2937 1501 3043 1572 γὰρ
3081 1503 3168 1554 ἀεί
3189 1520 3320 1556 ποτε
3355 1504 3508 1574 παρὰ
3527 1505 3628 1574 τῆς
3657 1506 3792 1574 ἡμε.

2211 1589 2376 1655 τέρας
2409 1590 2692 1654 εὐσεϐείας
2719 1593 3171 1662 προσκυνουμὲνη
3203 1593 3335 1661 ἁγία
3361 1595 3454 1647 καὶ
3479 1593 3790 1664 ὁμοούσιος,

2212 1681 2548 1750 δημιουργός
2579 1697 2634 1732 τε
2665 1683 2758 1734 καὶ
2786 1681 3050 1745 ζωοποιὸς
3091 1683 3199 1734 τῶν
3227 1683 3364 1736 ὅλων
3408 1683 3600 1753 Τριὸις,
3635 1683 3794 1752 θερα-

526 1773 664 1828 tioni
683 1783 736 1828 et
755 1769 1016 1826 extremis
1048 1769 1226 1840 poenis
1252 1767 1648 1838 subjacere.lta
1679 1767 1824 1822 enim
1853 1775 2105 1823 sanctaet

2220 1773 2482 1825 πευθεῖσα
2511 1775 2604 1825 καὶ
2625 1776 2722 1826 νῦν
2753 1775 2881 1842 παρ’
2911 1773 3068 1844 ἡμῶν
3097 1775 3185 1828 διὰ
3201 1778 3298 1844 τῆς
3331 1775 3666 1842 ἀναιρέσεως
3689 1773 3792 1842 μὲν

525 1861 1014 1919 consubstantialis
1076 1859 1339 1924 Trinitas,
1403 1859 1650 1912 omnium
1707 1858 1998 1914 conditrix
2051 1873 2114 1914 ac

489 2013 494 2016 _
524 1955 878 2020 vivificatrix,
897 1969 1018 2023 quae
1047 1968 1074 2006 a
1097 1951 1298 2022 pietate
1329 1959 1516 2004 nostra
1533 1959 1802 2020 perpetuo
1829 1951 2109 2018 adorator,

523 2063 674 2103 nunc
727 2060 947 2116 quoque
1021 2053 1129 2099 tam
1183 2057 1281 2112 per
1351 2041 1706 2096 abolitionem
1753 2058 1946 2098 eorum
1989 2059 2111 2114 qua:

487 2155 692 2210 ,supra
721 2139 961 2194 diximus
981 2134 1343 2196 zizaniorum,
1387 2148 1550 2203 quam
1599 2149 1700 2204 per
1733 2135 2110 2189 continuatio-

521 2247 650 2286 nem
704 2239 978 2286 rectarum
1053 2236 1110 2282 et
1162 2225 1588 2297 apostolicarum
1653 2226 1831 2280 sancti
1865 2225 2108 2297 Symboli

2217 1865 2324 1919 τῶν
2368 1867 2850 1935 μνημονευθέντων
2895 1866 3170 1931 ζιζανίων,
3207 1865 3554 1936 βεϐαιώσεως
3593 1867 3652 1919 δὲ
3681 1865 3790 1918 τῶν

2213 1953 2390 2022 ὀρθῶν
2429 1955 2522 2006 καὶ
2569 1955 2944 2008 ἀποστολικῶν
2973 1955 3064 2008 τοῦ
3105 1957 3260 2024 ἁγίου
3291 1956 3570 2024 Συμὸόλου
3617 1971 3792 2024 παρα-

2210 2043 2430 2106 δόσεων,
2455 2044 2614 2106 ἵλεως
2648 2045 2740 2097 καί
2764 2044 3001 2116 εὐμενὴς
3029 2045 3318 2116 γενομένη,
3351 2049 3468 2109 ταῖς
3490 2063 3548 2098 τε
3583 2045 3788 2116 ἡμετὲ-

2217 2151 2334 2205 ραις
2364 2135 2567 2204 ψυχαῖς
2597 2137 2688 2188 καὶ¹
2707 2135 2786 2205 τῷ
2809 2135 3036 2207 ὑπηκόῳ
3062 2139 3244 2202 παντὶ,
3269 2137 3420 2191 ἔσται
3459 2135 3548 2189 διὰ
3581 2135 3786 2198 παντὸς

2213 2223 2586 2278 συνδιοικοῦσα
2607 2225 2652 2256 ⁸⁷
2683 2227 2820 2296 ἡμῖν
2847 2228 2942 2280 καὶ
2971 2227 3326 2298 εἰρηνεύουσα
3349 2228 3418 2281 τὰ
3447 2226 3784 2297 ἀνθρώπινα.

521 2325 902 2390 traditionum,
970 2337 1000 2376 a
1055 2319 1217 2375 nobis
1262 2319 1432 2381 culta,
1493 2318 1783 2372 animabus
1836 2318 2042 2372 nostris
2080 2326 2136 2373 et
2201 2317 2439 2374 subditis
2491 2319 2751 2374 omnibus
2807 2321 3045 2390 propitia
3105 2337 3170 2377 ac
3223 2321 3460 2390 benigna
3525 2317 3788 2388 deinceps

519 2417 706 2476 futura
725 2419 842 2482 lest,
881 2422 938 2469 et
985 2427 1071 2468 res
1115 2411 1384 2466 humanas
1433 2409 1718 2464 nobiscum
1759 2409 2092 2481 gubernans,
2135 2419 2354 2480 pacatas
2377 2425 2440 2466 ac
2469 2412 2790 2481 tranquillas
2821 2411 3040 2468 eﬂiciet.

1080 2525 1246 2594 333
1282 2523 1434 2579 car.
1469 2523 1532 2578 v.

521 2625 600 2680 De
636 2625 700 2678 iis
739 2621 828 2692 qui
883 2615 1156 2688 encyclicis
1188 2615 1431 2692 Basilisci
1473 2614 1658 2668 litteris
1705 2623 2104 2680 consenserunt,

972 2686 1020 2740 ἐι
1045 2686 1304 2756 synodum
1335 2686 1650 2755 rejecerunt.

589 2787 686 2844 His
711 2782 1008 2856 encyclicis
1041 2778 1262 2842 litteris,
1305 2785 1364 2830 ut
1401 2776 1596 2832 scribit
1627 2776 1923 2832 Zacharias
1957 2777 2101 2832 Rhe-

519 2889 626 2946 tor,
663 2875 989 2934 Timotheus
1026 2870 1120 2941 qui
1157 2867 1319 2940 paulo
1353 2877 1480 2921 ante
1515 2881 1772 2921 reversus
1801 2866 1869 2920 ab
1901 2865 2097 2920 exsilio

517 2973 720 3036 fuerat,
753 2965 1054 3028 consensit,
1096 2962 1294 3017 Petrus
1327 2973 1546 3029 quoque
1563 2965 1932 3028 cognomento
1963 2957 2094 3011 Ful-

517 3067 596 3134 lo,
641 3063 936 3132 episcopus
971 3053 1299 3118 Antiochiae,
1345 3051 1439 3121 qui
1485 3066 1594 3105 una
1643 3065 1770 3104 cum
1801 3049 2098 3104 Timotheo

2819 2523 3072 2578 ΚΕΦᾹΔ.
3103 2525 3180 2579 Ε’.

2207 2611 2346 2681 Περὶ
2383 2612 2502 2666 τῶν
2550 2617 2940 2685 συνθεμένων
2981 2615 3104 2682 τοῖς
3152 2619 3494 2685 ἐγκυκλίως
3534 2614 3790 2670 Βασιλί-

2377 2700 2558 2748 σκου,
2582 2685 2680 2737 καὶ
2719 2684 2832 2752 τὴν
2867 2687 3135 2740 σύνοδον
3161 2684 3606 2754 ἀίθετησὰντων.

2287 2774 2374 2836 Ὠς
2403 2775 2502 2844 μὲν
2541 2771 2634 2830 οὖν
2663 2777 2908 2850 Ζαχαρία
2937 2777 3243 2850 γέγραπται
3282 2779 3358 2848 τῷ
3387 2779 3626 2848 Ῥήτορι,
3649 2777 3791 2832 ταύ-

2201 2883 2326 2930 ταις
2357 2870 2474 2930 ταῖς
2509 2868 2818 2937 ἑγκυκλίοις
2869 2870 3161 2934 συλλαϐαῖς
3191 2873 3493 2924 συντίθεται
3531 2873 3559 2923 ὁ
3611 2871 3790 2942 Τιμό-

2203 2957 2344 3022 θεος,
2375 2960 2498 3028 ἄρτι
2523 2959 2623 3030 τῆς
2657 2959 2972 3031 ὑπερορίας,
3023 2962 3097 3024 ὡς
3129 2963 3284 3032 ἔφην,
3317 2965 3790 3033 ἐπανηνεγμένος⁶

2203 3051 2300 3102 καὶ
2326 3051 2463 3120 πρός
2509 3066 2572 3118 γε
2625 3052 2834 3120 Πέτρος
2861 3053 2937 3122 (α)
2975 3055 3004 3104 ὁ
3041 3055 3140 3124 τῆς
3176 3055 3452 3125 Ἀντιόχου
3495 3055 3788 3126 πρόεδρος,

513 3165 634 3212 erat
673 3148 1176 3219 Constantinopoli.
1217 3145 1312 3200 His
1355 3143 1424 3198 ad
1469 3143 1618 3196 hunc
1647 3141 1871 3196 modum
1904 3141 2091 3212 gestis,

2210 3141 2224 3194 5
2259 3141 2488 3210 ἐπίκλην
2518 3142 2794 3210 Κναφεὺς,
2821 3143 2896 3207 ὡς
2933 3143 3028 3196 καὶ
3055 3145 3306 3216 Τιμοθέῳ
3339 3147 3520 3217 παρῆν
3547 3147 3650 3198 ἀνὰ
3689 3145 3792 3217 τὴν

515 3258 579 3305 ut
599 3249 816 3305 Paulus
844 3257 1065 3313 quoque
1111 3236 1639 3308 archiepiscopalem
1673 3235 1880 3303 Ephesi
1910 3233 2096 3289 sedem

515 3341 848 3410 susciperet,
881 3335 1272 3390 decreverunt.
1298 3331 1469 3384 Porro
1507 3327 1652 3381 idem
1683 3326 1978 3380 Zacharias
2003 3339 2094 3380 re-

511 3435 624 3490 fert
688 3427 1042 3486 Anastasium
1101 3425 1268 3480 etiam
1327 3420 1834 3491 Hierosolymorum
1875 3417 2094 3487 episco-

513 3538 670 3595 pum,
721 3521 814 3590 qui
857 3515 1108 3574 Juvenali
1151 3519 1516 3576 successerat,
1551 3510 1747 3566 iisdem
1795 3507 2094 3579 eneyclicis

513 3612 932 3683 subscripsisse,
963 3607 1214 3676 aliosque
1263 3606 1392 3658 item
1439 3602 1796 3673 complures:
1829 3599 1966 3654 adeo
2029 3605 2093 3653 ut

511 3705 736 3762 circiter
761 3699 1048 3773 quingenti
1081 3711 1311 3752 numero
1337 3693 1566 3758 fuerint,
1600 3692 1696 3764 qui
1729 3691 1934 3746 Leonis
1969 3689 2092 3761 epi-

509 3797 708 3854 stolam
735 3793 1268 3850 etChaicedonense
1315 3785 1614 3842 concilium
1669 3783 2087 3838 damnaverunt.

508 3887 772 3944 Refertur
806 3885 972 3940 etiam
1001 3881 1071 3936 ab
1111 3879 1306 3936 eodem
1351 3877 1628 3946 scriptore
1663 3873 1910 3928 Libellus
1959 3888 2090 3942 pre-

513 3997 660 4047 cum,
687 3979 910 4035 oblatus
935 3975 1200 4032 Basilisco
1227 3971 1298 4028 ab
1325 3969 1601 4041 episcopis
1621 3966 1762 4023 Asiae
1789 3966 1884 4037 qui
1917 3966 2091 4035 Ephe-

2203 3231 2617 3302 βασιλεύουσαν.
2659 3233 2876 3287 Τούτων
2915 3234 3060 3288 οὕτω
3089 3239 3418 3306 γενομένων,
3453 3235 3790 3305 ψηφίζονται

2197 3323 2294 3378 καὶ
2321 3323 2534 3376 Παῦλον
2559 3325 2648 3378 τὸν
2671 3328 2770 3395 τῆς
2821 3327 3086 3394 Ἐφεσίων
3115 3329 3500 3396 ἀρχιερατικὴν
3527 3329 3791 3382 ὑπελθεῖν

2197 3415 2411 3488 θρόνον.
2445 3417 2584 3487 Φησὶ
2609 3416 2659 3470 δ’
2697 3413 2792 3470 οὖν
2817 3418 2892 3481 ὼς
2923 3418 3018 3471 καὶ
3043 3420 3389 3482 Ἀναστάσιος
3415 3421 3442 3472 ὁ
3467 3419 3604 3488 μετὰ
3641 3420 3787 3472 Ἰουο

2197 3508 2447 3562 σενὰλιον
2482 3509 2548 3561 Ἰε
2559 3507 2750 3579 ροσολύ
2763 3527 2878 3580 μων
2911 3511 3189 3584 πρόεδρος,
3211 3511 3642 3580 ὑποσημαίνεται
3667 3513 3787 3573 τοῖς

2205 3599 2568 3669 ⁹Εγκυκλίοις,
2593 3601 2770 3670 ἕτεροί
2795 3618 2854 3654 τε
2877 3602 3208 3672 πάμπολλοιο
3232 3604 3307 3666 ὡς
3337 3619 3404 3656 πε
3415 3603 3466 3673 pi
3491 3603 3618 3665 τοὺς
3641 3619 3784 3656 πεν-

2196 3693 2486 3755 τακοσίους
2509 3692 2866 3756 καθεστάναι,
2897 3695 3022 3758 τοὺς
3047 3695 3140 3748 τὸν
3185 3696 3420 3759 Λέοντος
3459 3695 3650 3762 τόμον,
3687 3693 3784 3748 καὶ

2192 3784 2293 3854 τὴν
2342 3786 2399 3837 ἐν
2431 3783 2736 3855 Καλχηδόνι
2765 3784 2984 3838 σύνοδον
3019 3787 3492 3858 ἀποκηρύξαντας.
3527 3785 3638 3838 Καί
3673 3801 3782 3840 που

2195 3876 2290 3929 καὶ
2306 3874 2490 3947 δέησιν
2513 3878 2765 3947 ἐγγραφῇ
2789 3877 2899 3948 (65)
2921 3879 3225 3950 γενομένην
3248 3881 3396 3950 παρὰ
3415 3877 3524 3932 τῶν
3545 3877 3785 3948 ὲνἈσίᾳ.

2195 3967 2472 4038 προέδρων
2503 3967 2561 4022 ὲν
2579 3967 2787 4040 Ἐφέσῳ
2809 3969 3242 4042 συνεληλυθότων
3257 3969 3370 4042 (64)
3395 3969 3530 4042 πρὸς
3547 3967 3780 4024 Βασιλί-

1805 4099 2038 4157 VARIIE
2073 4101 2368 4160 LECTION
2379 4103 2480 4160 ES.

569 4206 622 4238 ""
655 4203 716 4260 C.
749 4201 811 4258 C.
837 4199 1205 4256 συνοδικοῢσα.

1707 4289 1982 4347 νΑιΕειι
2011 4287 2564 4348 ANNOTATiONES.

579 4393 689 4464 (63)
721 4391 831 4464 Καί
861 4406 978 4443 που
1006 4387 1102 4464 καὶ
1137 4387 1352 4464 δέησιν
1377 4387 1665 4464 ἐγγραφῇ,
1684 4388 1884 4464 Procul
1912 4387 2088 4464 dubio
2123 4391 2164 4447 D
2193 4387 2406 4464 litteras
2456 4385 2721 4464 adversus
2769 4387 3066 4464 concilium
3121 4383 3586 4464 Ch_alcedonense_,
3625 4385 3777 4464 Aea.

504 4458 862 4520 scribendum
895 4468 982 4513 εει
1025 4459 1331 4527 ἐγγράφει·
1373 4459 1522 4524 quod
1579 4460 1754 4512 miror
1805 4458 1874 4511 ab
1909 4458 2084 4512 inter-

503 4533 756 4605 pretibus
783 4528 1230 4605 animadversum
1261 4541 1370 4605 non
1399 4528 1588 4605 fuisse.
1619 4527 1962 4605 Subauditur
1989 4544 2086 4605 au-

503 4596 612 4658 iem
691 4601 992 4670 Ζαχαρίας,
1035 4598 1130 4667 qui
1185 4597 1242 4652 in
1270 4596 1526 4670 -Historia
1569 4613 1668 4652 sua
1707 4599 2082 4670 ecclesiastica

501 4665 951 4728 Libellunﬂiunc
996 4665 1544 4738 precumiintegrum
1593 4669 1882 4738 retulerat,
1918 4683 2082 4737 quem

499 4742 746 4812 episcopi
779 4739 923 4812 Asia:
971 4737 1117 4808 apud
1166 4737 1439 4812 Ephesum
1476 4737 1816 4808 congregati,
1855 4738 1924 4792 ad
1975 4737 2080 4793 Ba-

499 4808 748 4870 siliscum
791 4811 1180 4878 imperatorem
1216 4808 1498 4862 misrrant.

571 4883 684 4958 (δέ)
709 4884 828 4958 ΑἘις
847 4877 1075 4950 Ἐφέσῳ
1103 4878 1628 4958 quamnim/ludetur.
1659 4877 1736 4933 De
1761 4877 1872 4958 hoc
1894 4877 2082 4933 conci-

497 4947 590 5010 lio'
624 4947 926 5026 Ephesino,
970 4950 1118 5074 quod
1165 4947 1410 5003 Basilisci
1447 4949 1578 5020 imp.
1619 4947 1962 5020 temporibus
1991 4963 2082 5002 ee-

497 5025 774 5074 lebratum
822 5031 928 5074 est.
1006 5020 1182 5074 evitcr
1229 5018 1526 5074 admodum
1584 5035 1648 5074 ac
1712 5018 2082 5074 perfunctorie

497 5018 774 5082 icbrafuni
822 5031 928 5081 est.
983 5018 1182 5076 leviter
1229 5018 1538 5088 admodum
1584 5035 1648 5075 ac
1709 5018 2082 5088 perfunctorie

497 5096 692 5151 scribit
741 5091 1014 5148 Baronius
1059 5090 1114 5144 in
1153 5087 1449 5144 Annalibus
1497 5089 1564 5144 ad
1612 5087 1818 5146 annum
1875 5088 2082 5144 Christi

497 5169 603 5221 476
635 5185 647 5220 :
679 5165 732 5219 id
791 5171 1002 5233 tantum
1047 5159 1368 5233 observans,
1421 5161 1489 5214 ab
1539 5159 1896 5233 Eutychianis
1941 5160 2083 5214 cele-

497 5237 714 5290 bratum
746 5231 882 5287 illud
922 5231 1113 5286 fuisse.
1164 5229 1271 5284 Sed
1316 5245 1502 5302 neque
1550 5229 1713 5302 quam
1757 5229 1828 5284 ob
1859 5243 2078 5302 causam

496 5313 888 5375 congregatum
943 5301 1037 5364 sit,
1088 5313 1194 5375 nec
1235 5299 1368 5368 quid
1415 5299 1584 5375 ineo
1626 5309 1840 5372 gestum
1888 5299 2075 5375 fuerit,

494 5370 932 5438 com'me'morat;
967 5372 1142 5426 nostri
1183 5370 1367 5440 itaque
1409 5371 1572 5426 cilicii
1613 5370 1718 5436 est,
1749 5385 1811 5426 ea
1859 5385 1979 5438 quae
2009 5370 2078 5440 ab

495 5443 593 5500 iilo
635 5443 1004 5514 praetermissa
1046 5449 1196 5514 sunt,
1244 5439 1377 5514 cu_ra
1414 5451 1617 5514 nostra
1675 5457 1740 5496 ac
1793 5439 2074 5514 diligentia

493 5510 769 5584 supplere.
829 5515 957 5568 Post
1006 5512 1182 5568 editas
1223 5527 1252 5564 a
1304 5510 1566 5568 Basilisco
1602 5513 1734 5581 imp.
1767 5511 2077 5581 encyclicas

2191 4459 2314 4512 cius
2341 4457 2766 4526 Constantinop.
2807 4456 3104 4526 episcopus
3133 4457 3286 4526 solus
3310 4471 3376 4526 ex
3404 4455 3777 4526 partriarchis

2189 4531 2281 4598 qui
2305 4527 2572 4582 Orientali
2602 4525 3246 4598 imperio’subjacebant,
3279 4525 3364 4580 his
3403 4525 3776 4598 litterisisub-

2187 4595 2434 4652 scribere
2481 4595 2780 4662 recusavit,
2837 4612 2941 4651 nec
2972 4595 3437 4651 'Chalcedonense
3467 4597 3774 4656 concilium

2185 4683 2252 4721 ex
2299 4665 2690 4722 ecclesiasticis
2737 4667 2941 4736 tabulis
2969 4679 3282 4736 expungere
3323 4681 3564 4736 unquam
3595 4673 3774 4728 sueti-

2185 4737 2328 4792 nuit.
2361 4737 2468 4792 Sed
2501 4745 2558 4792 et
2579 4737 2834 4792 monachi
2867 4735 3460 4804 Constantinopolitani
3501 4735 3771 4798 Basilisco

2183 4807 2401 4862 fortiter
2429 4808 2774 4862 restiterunt.
2803 4805 3052 4876 Denique
3077 4807 3234 4876 plebs
3257 4804 3772 4876 Constantinopoli—

2189 4887 2316 4932 tana
2357 4877 2683 4948 gravissime
2718 4875 3040 4948 tumultuari
3067 4875 3258 4948 Carpit,
3297 4875 3454 4948 urbis
3483 4891 3548 4930 ac
3577 4875 3772 4948 palatii

2189 4893 2316 4932 tana
2397 4893 2683 4932 ravissnne
2718 4893 3040 4932 tumultuari
3067 4893 3256 4946 C(Bpil,
3297 4893 3454 4930 urms
3483 4893 3548 4930 ac
3577 4893 3772 4948 palam

2189 4893 2504 5002 incenﬁium
2525 4947 2806 5014 minitans,
2829 4949 2872 5001 si
2895 4947 3194 5016 imperator
3210 4947 3320 5000 vim
3341 4945 3545 5001 inferre
3565 4952 3772 5008 Acacio

2188 5027 2244 5072 et
2261 5017 2986 5088 Catholicisperseveraret.
3005 5017 3200 5088 Quare
3217 5019 3453 5088 territus
3473 5019 3776 5078 Basiliscus

2189 5105 2256 5162 ex
2289 5089 2424 5162 urbe
2471 5087 2618 5158 regia
2651 5087 2864 5162 aufugit
2884 5087 3276 5162 _:_et_Ecc_lesi:_e
3304 5087 3774 5162 Constantinopo-

2185 5159 2368 5230 litanac
2389 5159 2513 5230 jura
2544 5157 2645 5230 sua
2669 5171 2732 5212 ac
2754 5157 3043 5230 privilegia
3074 5157 3302 5218 ademit,
3329 5165 3388 5212 ct
3413 5157 3774 5218 senatoribus

2185 5228 2473 5287 interdixit
2505 5243 2574 5282 ne
2605 5228 2863 5283 Acacium
2911 5229 3349 5297 alloqucrentur.
3391 5231 3590 5286 Postea
3631 5247 3772 5288 vero

2184 5315 2310 5353 cum
2357 5299 2634 5353 Zenonem
2667 5313 2736 5353 ex
2775 5297 2985 5353 Isauria
3031 5297 3215 5352 redire
3259 5298 3564 5364 didicisset,
3611 5313 3770 5357 metu

2183 5369 2492 5438 perculsus,
2525 5383 2634 5438 una
2661 5383 2788 5438 cum
2831 5383 3002 5422 uxore
3043 5377 3100 5422 et
3135 5368 3329 5424 liberis
3365 5369 3421 5424 in
3463 5371 3772 5428 Ecclesiam

2183 5437 2334 5512 venit
2367 5455 2391 5512 εΔ
2409 5453 2576 5512 seque
2609 5437 2812 5512 Acacio
2834 5446 2890 5492 et
2913 5437 3063 5512 clero
3088 5438 3245 5493 urbis
3279 5449 3770 5512 regimrexcusans,

2183 5508 2443 5564 Ecclesiae
2478 5507 2904 5578 Constantinop.
2933 5509 3056 5580 jura
3096 5523 3194 5562 sua
3242 5507 3506 5578 restituit,
3545 5521 3604 5567 et
3633 5521 3770 5568 ant-

1941 5620 2330 5678 VARIORUM.

566 5715 642 5788 (α)
703 5703 942 5787 Πέτρος.
977 5719 1052 5774 De
1099 5719 1261 5774 Petro
1298 5719 1528 5776 Fullone
1571 5719 1681 5774 vid.
1727 5717 1937 5780 Thcod,
1995 5718 2193 5775 lector.
2230 5716 2332 5771 lib.
2369 5733 2406 5786 ι,
2449 5717 2592 5774 circa
2623 5715 2778 5772 me-l.
