4024 6208
487 304 624 378 9611

1701 323 2017 383 EVAGRII
2055 313 2542 384 SCHOLASTICI

3611 329 3756 396 2612

489 427 801 499 encyclieas
831 427 948 484 sive
979 426 1114 482 alias
1139 427 1420 498 epistolas,
1445 429 1561 483 sive
1586 429 1734 484 aliud
1759 431 2065 500 quodlibet,

2174 431 2356 500 ἕτερα,
2390 431 2422 502 ἢ
2452 431 2507 483 εί
2527 448 2578 483 τι
2608 429 2875 500 δήποτ-οὗν
2903 431 3141 497 πίστεως
3169 431 3374 498 ἕνεκεν.
3409 436 3442 506 ή
3477 442 3756 495 καταστά-

490 520 649 574 Irrita
678 533 732 576 et
765 535 916 574 cassa
947 534 1067 575 esse
1101 522 1486 590 prmcipimus;
1524 522 1781 577 Nestorio
1819 523 1982 577 simul
2015 529 2073 577 et

487 609 759 682 Eutyche,
797 620 853 666 ct
877 613 1092 667 cunctis
1128 614 1248 668 aliis
1283 614 1605 678 btercsihus,
1641 631 1744 670 nec
1781 631 1892 670 non
1923 625 1978 670 et
2006 616 2072 671 iis

487 705 582 772 qui
610 704 754 758 idem
791 721 916 760 eum
945 705 1052 761 iliis
1081 708 1348 770 sentiunt,
1375 709 1721 763 anathemate
1775 710 2067 764 damnatis.

486 795 565 850 Ac
611 795 679 848 de
734 796 838 850 hoc
905 805 1230 866 argumento
1285 813 1390 852 nec
1443 800 1710 869 synodum
1773 799 1914 862 fieri,
1971 815 2073 855 nec

487 886 725 955 amplius
753 888 1111 955 qurestioncm
1139 887 1302 941 ullam
1335 889 1540 943 moveri
1570 891 1844 955 volmnus,
1877 891 1973 944 sed
2007 905 2071 946 ea

487 977 645 1030 tirma
671 985 836 1048 atque
865 981 1192 1034 inconcussa
1227 995 1533 1037 remanere.
1571 983 1894 1038 Provincias
1929 999 2070 1054 quo-

488 1084 595 1138 que
635 1085 868 1138 quarum
909 1070 1312 1126 ordinationem
1366 1073 1528 1128 sedes
1584 1074 1748 1145 hujus
1805 1076 1968 1146 regia:
2015 1085 2072 1131 et

488 1161 741 1230 gloriosa:
796 1162 950 1216 urbis
980 1163 1270 1228 habuerat,
1308 1166 1772 1222 rcvcrendissimo
1825 1183 1890 1223 ac
1946 1183 2072 1222 san-

488 1253 737 1309 ctissimo
759 1255 1088 1324 patriarcha:
1118 1265 1174 1310 et
1201 1257 1618 1328 archiepiscopo
1637 1260 1837 1314 Aeacio
1854 1260 2070 1315 restitui

484 1343 745 1417 iubemus
791 1365 803 1400 :
847 1349 1200 1404 manentibus
1231 1339 1444 1404 scilicet
1477 1351 1531 1404 in
1555 1352 1673 1406 suis
1707 1353 1952 1416 sedibus,
1983 1353 2070 1409 his

488 1437 586 1506 qui
615 1453 764 1494 nunc
793 1450 922 1493 sunt
952 1441 1048 1494 Dei
1079 1442 1471 1496 amantissimis
1520 1443 1794 1513 cpiscOpis
1825 1462 1840 1498 :
1888 1445 1962 1498 ita
2011 1453 2071 1499 ut

489 1537 615 1600 post
649 1530 869 1584 illorum
902 1531 1136 1597 obitum,
1168 1531 1380 1586 nullum
1413 1549 1476 1587 ex
1504 1549 1568 1588 ea
1595 1551 1652 1589 re
1686 1536 2070 1606 praejudicium

493 1623 584 1677 Iiat
621 1625 732 1693 juri
792 1621 1156 1680 ordinationis
1208 1628 1356 1698 quod
1411 1629 1676 1698 competit
1731 1629 1848 1684 sedi
1906 1629 2069 1700 regiae

489 1705 658 1786 hujus
689 1725 854 1786 atque
910 1718 1126 1789 inclyta:
1185 1721 1445 1776 civitatis.
1495 1721 1610 1776 [Ioc
1661 1731 1842 1776 autem
1886 1721 2068 1777 divale

2178 541 2316 586 σεως
2359 523 2842 594 ἐκκλησιαστικῆς,
2895 527 3087 594 ἀργεῖν
3117 527 3211 579 καὶ
3237 529 3554 584 πεπαῦσθαι
3585 548 3764 604 προσο

2175 614 2440 684 τάττομεν
2467 631 2480 645 ·
2526 614 3080 684 ἀναθεματιξομένων
3115 617 3407 688 Νεστορίου
3443 622 3536 673 καὶ
3577 623 3762 678 Εὐτυ-

2173 707 2320 777 χοῠς,
2347 708 2444 760 καὶ
2486 707 2669 776 πάσης
2709 707 2906 778 ἐτέρας
2947 708 3234 778 αἱρέσεως,
3279 712 3375 764 καὶ
3401 713 3618 766 πάντων
3643 713 3762 768 τῶν

2173 801 2242 853 τὰ
2275 800 2418 852 αὐτὰ
2467 799 2810 870 φρονούντων
2836 816 2850 830 °
2899 802 2992 852 καὶ
3047 803 3178 871 περὶ
3206 803 3408 873 ταύτης
3437 807 3534 874 τῆς
3563 806 3759 859 ὑποθέ·

2181 908 2322 954 σεως
2383 891 2459 960 μὴ
2495 891 2714 944 σύνοδον
2759 891 3008 958 γίνεσθαι
3039 891 3070 961 ἦ
3103 894 3296 965 ἑτέραν
3335 895 3577 964 ζήτησιν
3615 897 3760 951 ἀλλὰ

2175 981 2350 1034 ταῦτα
2385 981 2568 1050 μένειν
2600 983 2820 1052 ἀρραγῆ
2860 984 2953 1036 καὶ
2982 984 3279 1039 ἀσάλευτα.
3317 986 3670 1057 ’Λποδοθῆναι
3697 989 3759 1043 δὲ

2173 1071 2384 1135 καὶτὰς
2409 1072 2682 1142 ἐπαρχίας
2702 1071 2812 1140 (75)
2830 1072 2906 1144 τῷ
2939 1074 3319 1146 εύλαϐεστάτῳ
3341 1079 3436 1130 καὶ
3465 1079 3760 1152 ἁγιωτάτῳ

2173 1165 2489 1236 πατριάρχῃ
2527 1165 2622 1218 καὶ
2651 1165 3068 1236 ἁρχιεπισκόπῳ
3111 1168 3372 1239 Ἀκακίῳ,
3405 1161 3480 1221 ὧν
3507 1169 3604 1240 τὴν
3639 1188 3758 1241 χειο

2177 1257 2420 1326 ροτονίαν
2459 1251 2610 1324 εἶχεν
2656 1255 2684 1307 ὁ
2733 1255 2922 1326 θρόνος
2963 1257 3172 1327 ταύτης
3217 1259 3316 1327 τῆς
3350 1257 3616 1328 βασιλίδος
3659 1262 3762 1313 καὶ

2173 1345 2389 1410 ἐνδόξου
2423 1345 2648 1408 πόλεως·
2679 1345 2882 1416 δηλαδὴ
2919 1345 3028 1398 τῶν
3071 1345 3168 1399 νῦν
3209 1345 3380 1400 ὄντων
3407 1347 3762 1416 θεοφιλεστά-

2169 1455 2278 1491 των
2331 1437 2648 1490 ἐπισκόπων
2681 1437 2953 1507 μενόντων
2997 1437 3091 1490 ἐπὶ
3123 1437 3231 1492 τῶν
3265 1438 3486 1492 οἰκείων
3527 1438 3755 1507 θρόνων,

2173 1527 2399 1600 μηδενὸς
2429 1531 2491 1582 ἐκ
2525 1527 2718 1581 τούτου
2753 1529 3136 1598 προκρίματος
3159 1527 3448 1598 γινομένου
3487 1529 3626 1600 μετὰ
3653 1531 3760 1600 τὴν

2168 1619 2376 1674 τούτων
2427 1619 2686 1690 τελευτὴν
2731 1619 2814 1690 τῷ
2867 1619 3064 1689 δικαίῳ
3115 1622 3213 1690 τῆς
3281 1620 3616 1692 χειροτονίας
3655 1617 3759 1674 τοῦ

2171 1712 2402 1782 εύαγοῦς
2426 1713 2617 1783 θρόνου
2648 1712 2854 1782 ταύτης
2877 1712 2978 1780 τῆς
3008 1713 3278 1782 βασιλίδος
3301 1715 3396 1767 καὶ
3427 1713 3636 1778 ἐνδόξου
3657 1713 3762 1766 πά-

487 1820 822 1880 praaceptum
883 1823 1169 1878 nostrum,
1229 1817 1341 1870 vim
1397 1817 1812 1871 constitutionis
1865 1817 2065 1872 habere

2173 1807 2329 1868 λεως.
2379 1804 2552 1857 Τοῦτο
2601 1803 2658 1858 δέ
2703 1803 2764 1856 τὸ
2810 1804 2952 1856 θεῖον
2991 1804 3152 1874 ήμῶν
3202 1804 3480 1876 θέσπισμα
3521 1805 3759 1875 δύναμιν

489 1901 698 1954 nemini
733 1901 964 1956 dubium
996 1913 1099 1960 est.
1135 1905 1318 1976 Atque
1349 1906 1464 1962 haec
1491 1907 1712 1978 quidem
1745 1917 1898 1979 gesta
1945 1915 2065 1963 sunt

2175 1899 2394 1968 ἐπέχειν
2429 1896 2580 1960 θείας
2625 1895 2964 1962 διατάξεως,
3033 1897 3208 1949 οὐδενὶ
3269 1897 3566 1968 ἀμφίϐολον
3619 1897 3760 1952 καθα

491 1991 546 2046 in
575 1995 721 2050 hunc
747 1995 992 2050 modum.

1111 2219 1263 2278 CAP.
1305 2219 1442 2280 VIII.

983 2358 1060 2414 De
1098 2361 1269 2416 reditu
1321 2363 1496 2417 Zenon
1505 2365 1570 2418 is.

559 2489 816 2558 AtZeno,
850 2511 975 2551 cum
1009 2507 1254 2552 sanctam
1305 2515 1369 2554 ac
1413 2500 1604 2554 multis
1663 2497 2064 2559 certaminibus

484 2579 756 2642 Illustrem
783 2593 1242 2660 protOmartyrem
1275 2587 1532 2645 Thcclam
1571 2593 1798 2648 vidisset
1833 2595 1887 2649 in
1920 2587 2084 2650 sont?

485 2678 594 2744 nis,
630 2683 691 2734 ut
726 2675 1041 2748 perhibent,
1065 2679 1244 2750 ipsum
1279 2679 1621 2747 incitantem,
1660 2691 1715 2740 et
1749 2687 2063 2743 restitutio-

483 2786 607 2824 nem
635 2771 851 2839 imperii
887 2771 988 2842 ipsi
1049 2769 1434 2842 pollicentem;
1497 2773 1816 2846 Byzantium
1871 2796 2065 2836 versus

482 2865 662 2916 castra“
693 2863 882 2917 movit.
917 2862 1078 2934 342
1103 2857 1349 2933 Cumque
1371 2879 1466 2918 eos
1489 2879 1517 2917 a
1547 2859 1751 2935 quibus
1774 2863 2064 2923 obsideba-

482 2957 595 3015 tur,
650 2953 976 3007 muneribus
1019 2955 1376 3024 corrupisset,
1433 2951 1754 3010 Basiliscum
1807 2959 1898 3027 qui
1947 2957 2060 3030 jam

481 3041 710 3096 biennio
737 3053 1085 3113 regnaverat,
1130 3043 1363 3113 imperio
1409 3046 1654 3114 expulit;
1686 3056 1740 3100 et
1772 3047 1836 3100 ad
1878 3063 2062 3101 sacra-

483 3136 629 3188 rium
701 3135 950 3190 ecclesiu:
1021 3136 1455 3207 confugientem,
1509 3140 1764 3194 hostibus
1829 3141 2134 3224 dedidit.c

481 3225 850 3292 Quamobrem
869 3228 1020 3282 Zeno
1041 3228 1438 3297 amplissimum
1475 3231 1761 3299 templum,
1785 3232 1984 3302 opibus
2000 3249 2065 3289 ac

479 3327 772 3372 venustate
797 3319 1082 3382 eximium,
1119 3321 1510 3390 protomartyri
1551 3321 1766 3376 Thecla:
1813 3324 1866 3377 in
1929 3325 2064 3380 urbe

481 3401 707 3464 Isauria:
737 3409 984 3466 Seleucia
1015 3411 1316 3478 dedicavit,
1339 3413 1637 3484 multisque
1679 3415 2064 3486 imperialibus

481 3500 728 3556 donariis
753 3503 888 3557 illud
909 3505 1216 3570 exornavit,
1239 3521 1361 3574 quae
1381 3505 1448 3559 ad
1475 3517 1720 3562 nostram
1743 3524 1914 3578 usque
1931 3519 2063 3566 aeta-

481 3601 592 3650 tem
625 3595 738 3650 illic
767 3607 1082 3652 servantur.
1115 3598 1181 3652 Et
1205 3597 1502 3654 Basiliscus
1530 3599 1753 3670 quidem
1773 3601 1828 3655 in
1855 3599 2065 3672 Cappa-

481 3686 697 3742 dociam
738 3689 1011 3744 abductus
1037 3695 1141 3744 est.
1177 3689 1236 3744 In
1265 3691 1505 3770 statione
1535 3709 1666 3748 vero
1689 3710 1816 3764 qua:
1843 3696 2060 3752 Acusus

479 3781 708 3848 dicitur,
763 3801 870 3839 una
897 3800 1022 3839 cum
1073 3801 1242 3840 uxore
1274 3795 1330 3840 et
1359 3787 1552 3844 liberis
1593 3798 1679 3844 est
1711 3789 2055 3846 interiectus.

480 3865 629 3929 Zeno
655 3884 837 3930 autem
855 3875 975 3948 lege
990 3875 1124 3945 lata,
1137 3884 1340 3934 cuncta
1362 3893 1484 3948 quae
1499 3895 1529 3934 a
1547 3879 1812 3936 Basilisco
1825 3889 2057 3954 tyranno

2175 1992 2400 2062 ἕστηκε.
2436 1991 2544 2044 Καὶ
2574 1989 2744 2044 ταῦτα
2771 1990 2869 2060 μὲν
2897 1984 3000 2043 ὧδε
3027 1989 3286 2061 προῆλθε.

2777 2217 3030 2276 ΚΕΦΑΛ.
3067 2215 3148 2276 PI'.

2477 2358 2616 2414 Πεοί
2652 2358 2764 2425 τῆς
2793 2357 3095 2412 ἐπανόδου
3125 2355 3425 2426 Ζήνωνος.

2239 2499 2427 2570 Ζήνων
2471 2498 2528 2552 δὲ
2570 2496 3042 2570 παροτρύνουσαν,
3099 2497 3172 2561 ὥς
3223 2513 3377 2565 φασι,
3413 2495 3755 2566 θεασάμενος

2166 2592 2264 2663 τὴν
2295 2593 2452 2661 ἁγίαν
2481 2593 2572 2644 καὶ
2591 2589 2889 2644 πολύαθλον
2909 2587 3352 2662 πρωτομάρτυρα
3377 2587 3584 2641 Θέκλαν
3605 2587 3758 2658 (74),

2167 2686 2262 2739 καὶ
2296 2685 2396 2754 τὴν
2429 2680 2528 2752 τῆς
2575 2683 2854 2754 βασιλείας
2899 2683 3341 2736 ἀποκατάστασιν
3376 2681 3760 2750 ὑπισχνουμέ-

2166 2795 2284 2847 νην,
2336 2778 2431 2830 ἐπὶ
2481 2775 2542 2828 τὸ
2593 2771 2886 2840 Βυζάντιον
2922 2775 3229 2846 στρατεύει·
3283 2773 3478 2845 δώροις
3524 2791 3584 2827 τε
3617 2775 3764 2838 τοὺς

2166 2869 2592 2940 πολιορκοῦντας
2624 2868 2898 2932 ὑπελθὼν,
2943 2867 3042 2921 καὶ
3087 2863 3337 2938 δεύτερον
3367 2865 3484 2928 ἔτος
3517 2865 3618 2935 τῆς
3647 2865 3765 2936 ἀρ-

2165 2959 2264 3032 χῆς
2288 2960 2641 3030 κρατήσαντα
2673 2960 2766 3014 τὸν
2789 2959 3114 3014 Βασιλίσκον
3149 2958 3452 3023 ἐξωθεῖται·
3477 2957 3658 3026 ἁγίοις
3687 2969 3762 3012 τε

2163 3051 2625 3118 προσπε).ἀσαντα
2660 3053 2868 3120 σηκοῖς,
2914 3053 3027 3114 τοῖς
3070 3051 3282 3121 ἐχθροῖς
3311 3049 3608 3104 ἐκδίδωσιν.
3639 3043 3766 3101 0‘3-

2165 3161 2272 3206 τως
2301 3146 2328 3196 ὁ
2363 3144 2549 3212 Ζήνων
2586 3141 2839 3212 μέγιστον
2863 3143 3110 3212 τέμενος,
3145 3144 3304 3213 ἐξοχῇ
3335 3159 3396 3194 τε
3430 3143 3522 3194 καὶ
3555 3139 3758 3194 κάλλει

2171 3233 2436 3305 προῦχον,
2481 3233 2805 3287 ἀνατέθεικε
2857 3237 2923 3304 τῇ
2975 3235 3408 3306 πρωτομάρτυρι
3437 3231 3616 3303 Θέκλῃ
3639 3231 3766 3284 ἀνὰ

2167 3327 2265 3396 τὴν
2287 3326 2594 3378 Σελευκέων
2627 3325 2722 3395 τὴν
2755 3326 2890 3395 πρὸς
2921 3329 2986 3397 τῇ
3027 3325 3255 3396 ἰσαύρῳ
3277 3327 3431 3395 χώρᾳ
3457 3324 3758 3393 κειμένην,

2169 3419 2442 3482 πλείστοις
2497 3419 2592 3472 καὶ
2643 3419 2944 3488 βασιλικοῖς
2989 3419 3302 3490 ἀναθήμασι
3343 3419 3758 3490 διακοσμήσας,

2167 3513 2282 3575 τοῖς
2335 3511 2431 3564 καὶ
2490 3510 2684 3580 μέχρις
2715 3510 2873 3579 ἡμῶν
2929 3506 3278 3580 σωζομένοις.
3313 3510 3596 3586 Πέμπεται
3643 3510 3762 3577 μὲν

2166 3604 2260 3658 οὖν
2285 3603 2390 3658 ἀνὰ
2418 3603 2518 3674 τὴν
2546 3601 2933 3656 Καππαδοκῶν
2959 3601 3352 3672 τεθνηξόμενος
3375 3601 3556 3670 χώραν
3585 3603 3614 3652 ὁ
3637 3599 3760 3652 Ba-

2165 3696 2404 3758 σιλίσκος
2424 3713 2437 3726 ’
2457 3698 2514 3748 ἐν
2545 3693 2790 3764 Ἀκουσῷ
2809 3693 2923 3764 (75)
2946 3693 3001 3746 δὲ
3029 3693 3104 3762 τῷ
3129 3692 3354 3764 σταθμῷ
3377 3693 3493 3760 ἅμα
3521 3693 3760 3759 γυναικὶ

2163 3790 2256 3842 καὶ
2277 3789 2489 3850 τέκνοις
2505 3787 2913 3855 ἀποσφάττεται
2931 3786 3068 3854 (76).
3086 3787 3193 3838 Καὶ
3217 3784 3422 3856 νόμονὸ
3445 3783 3630 3851 Ζήνων
3657 3781 3756 3833 τί-

2159 3882 2314 3953 θησιν
2327 3880 2656 3953 ἀναιροῦντα
2671 3881 2737 3935 τὰ
2753 3880 2848 3933 ἐπὶ
2865 3881 2976 3944 τοῖς
2993 3875 3337 3948 Ἐγκυκλίοις
3355 3873 3756 3942 συντεθειμένα

1681 4057 1948 4119 νΑιΕειι
1973 4053 2530 4116 ANNOTATIONES.

555 4219 666 4290 (75)
735 4217 1137 4290 Ἀποδορῆναι
1185 4218 1252 4290 δὲ
1285 4219 1381 4272 καί
1416 4219 1520 4290 τὰς
1577 4213 1885 4288 ἐπαρχίας.
1923 4213 2061 4276 Cum

480 4289 581 4360 per
614 4290 924 4360 encyclicas
967 4289 1180 4360 litteras
1235 4289 1368 4360 imp.
1419 4289 1692 4354 Basilisei,
1754 4291 2060 4344 Chalcedo-

481 4357 673 4430 nensis
699 4357 942 4430 synodus
969 4358 1192 4425 penitus
1225 4358 1488 4430 abrogata
1521 4360 1736 4422 fuisset,
1771 4361 2060 4430 privilegia

481 4427 1115 4495 Constantinopolilanae
1179 4427 1329 4481 sedis
1377 4427 1512 4496 quae
1571 4432 1624 4484 in
1673 4427 1786 4484 illo'
1822 4427 2060 4484 concilio

481 4497 695 4552 sancita
722 4500 961 4558 fuerant,
1013 4497 1228 4552 sublata
1277 4512 1374 4564 per
1415 4501 1665 4554 eamdem
1717 4501 2060 4554 sanctionem

481 4567 841 4622 videbantur.
907 4565 1025 4630 Qua
1081 4584 1140 4622 re
1187 4568 1468 4635 prmeipue
1524 4570 1799 4637 impulsus
1831 4572 2065 4624 Aeacius

482 4639 633 4692 omni
661 4655 763 4706 ope
791 4637 1099 4690 elaboravit
1147 4646 1207 4691 ut
1249 4637 1544 4693 Basiliscus
1577 4639 1878 4708 imperator
1925 4655 2064 4694 con-

483 4708 830 4779 stitutionem
861 4722 1015 4779 suam
1043 4713 1352 4779 revocaret.
1375 4709 1658 4779 Praeterea
1702 4711 1756 4762 in
1785 4709 2062 4779 Ephesina

484 4777 694 4848 synodo
714 4779 799 4846 ius
830 4776 1260 4848 patriarchicum
1288 4776 1582 4844 Ephesius:
1607 4779 1726 4832 sedi
1747 4776 2062 4835 restitutum

409 4863 416 4874 '
482 4839 664 4903 fuerat
690 4839 1027 4901 a'l‘imothco
1053 4839 1264 4910 Ailuro,
1291 4839 1367 4900 uti
1383 4864 1546 4917 supra
1559 4849 1818 4904 vidimus.
1844 4851 1962 4916 Quo
1985 4850 2062 4904 fa-

483 4929 574 4974 cto
591 4919 788 4974 Asiana
806 4918 1253 4987 dimcesis,cujus
1266 4919 1644 4974 ordinationes
1659 4921 1883 4974 decreto
1899 4920 2031 4974 Chal
2047 4950 2062 4962 -

481 4989 1030 5061 eedonensissynodi
1070 4989 1350 5061 attributa:
1372 4990 1592 5044 fuerant
1631 4991 1892 5061 episcolio
1916 4989 2056 5044 Con-

483 5059 1005 5130 stantinopolitano,
1039 5059 1220 5130 eidem
1255 5060 1368 5115 sedi
1397 5059 1681 5130 adempta
1715 5061 2060 5130 fueratrlta-

490 5146 592 5198 que
627 5145 766 5198 opus
807 5129 910 5182 fuit
951 5146 1092 5183 nova
1125 5129 1700 5200 Constitutionefqua
1749 5129 1867 5185 sedi
1917 5129 2062 5185 Con-

484 5200 1145 5282 stantinopolitanrejura
1185 5217 1384 5282 sua'ac
1408 5202 1698 5282 privilegia
1755 5200 2059 5282 redderen-

486 5277 594 5325 tur.
627 5271 680 5323 Id
716 5286 848 5340 ergo
869 5286 1020 5325 nunc
1045 5277 1266 5341 prtcstat
1299 5271 1746 5341 Basiliscusimp.
1767 5271 1912 5326 datis
1939 5277 2060 5324 ant-

485 5337 1223 5412 encyclicis'litterisfIdem
1269 5357 1488 5410 quoque
1525 5337 1760 5396 testatur
1800 5341 2057 5396 Theodo-

486 5411 812 5465 rus’Leetor
841 5413 894 5466 in
921 5413 1020 5466 lib.
1044 5427 1060 5466 ι
1085 5411 1559 5475 Collectuncorum,
1594 5414 1698 5467 sub
1729 5413 1913 5466 tinem.

559 5481 668 5553 (74)
705 5481 1170 5552 Πρωτομάρτυρα
1199 5479 1450 5536 Θέειλιιν.
1475 5483 1646 5538 Graeci
1679 5484 1772 5553 qui
1799 5483 2059 5551 epithetis

487 5552 757 5624 gaudent,
784 5555 1026 5624 propriis
1051 5569 1119 5624 ac
1141 5553 1517 5624 peculiaribus
1578 5552 1754 5609 titulis
1811 5555 2057 5624 singulos

488 5631 711 5675 sanctos
747 5621 1013 5692 insignire
1048 5621 1246 5678 solent.
1281 5621 1374 5678 Sic
1425 5625 1686 5678 rI‘heclam
1745 5621 2056 5694 apostolum

487 5699 544 5743 et
571 5759 581 5765 _
607 5700 1070 5765 protomartyrem
1117 5761 1132 5765 Α
1157 5695 1322 5765 vulgo
1347 5695 1676 5765 _appcllant.
1730 5695 2053 5765 Apostolum

489 5759 737 5832 quidem,
791 5775 858 5816 eo
897 5759 1044 5833 quod
1106 5759 1281 5818 Iidenf
1333 5759 1537 5820 Christi
1592 5759 2056 5837 instar-apostoli

2169 4215 2359 4272 multis
2414 4213 2551 4272 locis
2595 4209 3011 4290 prmdiqaverit;
3080 4225 3756 4290 protomartyremvero,

2169 4297 2462 4358 propterea
2491 4289 2660 4356 quod,
2697 4295 2755 4341 ut
2785 4287 3100 4356 Stephanus
3143 4291 3287 4344 inter
3317 4287 3464 4343 viros
3501 4288 3754 4356 primus,

2168 4357 2250 4414 Sic
2283 4359 2399 4428 ipsa
2425 4357 2572 4411 inter
2612 4357 2876 4428 mulieres
2897 4359 3092 4425 prima,
3127 4357 3334 4414 Christi
3387 4367 3592 4428 martyr
3645 4375 3758 4413 ex-

2095 4465 2139 4522 ι)
2426 4427 3422 4522 φρῖξαν,ιιιξνξιιιξλςξρίιηεξξξῑε
3441 4427 3528 4522 ,ξιξ
3551 4429 3750 4522 Illi-.1:

2167 4497 2244 4550 De
2277 4499 2384 4551 vita
2419 4507 2468 4550 et
2499 4497 2772 4551 miraculis
2805 4497 2971 4552 beata:
3004 4498 3218 4552 Thectw.
3254 4499 3408 4552 Dicta
3439 4507 3524 4552 est
3549 4507 3750 4553 autem

2169 4567 2370 4622 Thecla
2425 4583 2525 4636 per
2558 4583 2835 4638 syncopen
2877 4583 2977 4638 pro
3009 4568 3288 4624 Theuclia.
3329 4569 3408 4622 Ita
3441 4567 3588 4622 enim
3627 4583 3750 4623 non

2167 4653 2294 4691 raro
2331 4651 2452 4691 eam
2485 4637 2723 4706 appellat
2753 4637 2896 4691 idem
2925 4637 3174 4694 Basilius.

2239 4707 2512 4776 (75))Εν
2563 4708 2850 4770 Ἀκουσῷ.
2901 4706 2992 4760 Sic
3053 4709 3220 4762 etiam
3249 4707 3516 4762 scribitur
3569 4707 3748 4776 hujus

2165 4775 2422 4832 stationis
2443 4791 2644 4830 nomen
2675 4777 2818 4846 apud
2855 4777 3248 4846 Nicephorum.
3278 4777 3564 4832 Cedrenus
3605 4775 3746 4836 vero

2168 4863 2232 4902 ac
2282 4846 2649 4916 Theophanes
2695 4845 3331 4901 Cucusum’nominant.
3385 4847 3744 4902 Marcellinus

2162 4932 2297 4972 vero
2319 4925 2375 4971 et
2393 4915 2586 4970 auctor
2611 4915 2852 4970 Chronici
2873 4916 3230 4972 Alexandrini
3250 4917 3474 4971 Limnas
3493 4929 3674 4970 castra
3685 4933 3744 4970 m

2163 4986 2521 5057 Cappadociae
2563 4987 2863 5066 appellant,
2891 5002 3003 5066 quo
3061 4997 3250 5066 trusus
3307 4996 3392 5040 est
3439 4985 3745 5066 Basiliscus

2167 5055 2419 5111 unacum
2463 5071 2636 5110 uxore
2665 5065 2721 5110 et
2761 5055 2954 5111 liberis
2991 5074 3004 5109 :
3041 5065 3314 5126 portaque
3369 5055 3542 5126 unius
3564 5055 3744 5110 turris

2163 5143 2270 5196 qua
2323 5127 2574 5182 inclusus
2623 5127 2826 5194 fuerat,
2879 5125 3188 5194 obstructa,
3225 5125 3384 5180 tame
3435 5125 3642 5180 ibidem
3671 5140 3742 5180 ac

2161 5199 2366 5268 frigore
2401 5197 2634 5252 interiit.

2234 5265 2345 5338 (76)
2430 5267 2916 5336 Ἀποσφάττεται.
2977 5266 3114 5321 Cum
3180 5265 3413 5337 Evagrio
3463 5266 3744 5338 consentit

2161 5335 2408 5394 Malclius
2437 5338 2490 5391 in
2519 5335 2657 5392 Iib.t
2714 5338 2960 5395 Historia:
3012 5335 3347 5407 Byzantina},
3369 5341 3424 5390 et
3455 5335 3748 5407 Candidus

2161 5409 2385 5463 Isauras
2419 5410 2470 5461 in
2495 5409 2590 5462 lib.
2619 5421 2655 5463 tt
2685 5406 3074 5471 Historiarum,
3093 5410 3188 5476 qui
3217 5406 3536 5461 Basiliscum
3555 5406 3744 5474 gladio

2159 5489 2508 5550 peremptum
2543 5493 2664 5532 esse
2697 5481 2970 5534 scribunt.
3011 5479 3230 5548 Reliqui
3291 5489 3472 5550 tamen
3511 5476 3744 5529 tradunt

2159 5547 2285 5604 eum
2319 5547 2426 5604 una
2465 5565 2588 5602 cum
2619 5565 2790 5603 uxore
2825 5547 3247 5605 etliberisl‘ame
3271 5563 3336 5602 ac
3367 5547 3572 5617 frigore
3602 5561 3748 5598 con-

2160 5621 2429 5696 t_abu_i_sse.
2459 5618 2612 5696 Hanc
2641 5619 3437 5696 scriptorum_discrepantiam
3466 5617 3528 5696 in
3563 5623 3746 5696 morte

2159 5690 2410 5813 Basiliislg
2440 5685 2944 5760 rcferenda,’notat
2972 5685 3341 5761 TheOph’anes
3375 5687 3430 5742 in
3459 5685 3749 5754 Chronico,

2159 5777 2279 5813 nan.
2415 5801 2428 5813 .

2158 5777 2279 5834 pug.
2311 5762 2428 5816 107.
