4070 6176
453 257 588 325 2621

1376 258 1757 324 HISTORI/E
1797 261 2383 325 ECCLESIASTICAS
2424 265 2654 325 LIBER
2692 263 2802 325 III.

3579 259 3722 328 2622

453 368 608 442 θινὴν
639 366 852 432 πίστιν,
906 368 1100 437 ἥντινα
1148 367 1238 422 διὰ
1278 370 1376 441 τῆς
1425 369 1578 434 θείας
1630 374 2034 443 ὲπιφοιτὴσεως

2141 392 2204 430 ac
2238 393 2421 432 veram
2471 377 2654 440 ﬁdem,
2711 393 2876 446 quam
2937 375 3166 430 trecenti
3209 371 3430 447 quidem
3472 385 3526 432 et
3563 391 3718 435 οειοι

450 461 704 528 ἑξέθεντο
733 461 834 532 μὲν
861 463 910 514 ei.
937 461 996 514 ὲν
1022 461 1228 534 Νικαίᾳ
1257 463 1736 533 συναθροισθέντες
1763 465 1872 536 τιη’
1894 465 2040 534 ἅγιοι

450 555 720 626 Πατέρες,
744 552 1088 608 ἐϐεϐαίωσαν
1107 554 1164 606 δὲ
1193 555 1287 607 καὶ
1311 557 1358 607 οἱ
1386 556 1444 609 ὲν
1467 557 2040 611 Κωνσταντινουπόλει

455 651 528 717 ρν’
561 645 764 716 ὁμοίως
809 643 958 712 ἅγιοι
999 645 1238 716 Πατέρες
1281 645 1656 712 συνελθόντες,
1714 647 1932 720 νύκτωρ
1979 666 2038 702 τε

451 737 546 791 καὶ
594 735 716 788 καθ’
761 734 1016 805 ἡμέραν,
1071 735 1218 806 πάσῃ
1264 737 1539 806 προσευχῇ
1576 739 1668 790 καὶ
1695 738 1896 808 σπουδῇ
1928 737 2037 812 (89)

452 828 546 882 καὶ
589 826 778 897 νόμοις
825 825 1179 898 κεχρήμεθα,
1231 827 1604 898 πληθύνεσθαι
1638 827 1706 882 δι’
1736 830 1908 899 αὐτῆς
1941 831 2038 902 τὴν

451 915 802 986 ἁπανταχόσε
850 916 1012 984 ἁγίαν
1055 916 1151 970 τοῦ
1180 915 1316 970 Θεοῦ
1351 917 1645 989 καθολικὴν
1684 923 1778 974 καὶ
1803 923 2042 974 ἀποστο-

453 1009 611 1080 λικὴν
636 1008 1000 1078 Ἐκκλησίαν,
1054 1008 1154 1080 τὴν
1204 1008 1484 1079 ἄφθαρτον
1538 1012 1632 1064 καὶ
1679 1012 2044 1084 ἀτελεύτητον

455 1103 672 1173 μητέρα
702 1101 810 1155 τῶν
837 1103 1127 1173 ἡμετέρων
1161 1105 1460 1173 σκήπτρων
1481 1145 1495 1168 ,
1541 1103 1732 1176 εἰρήνῃ
1762 1123 1820 1158 τε
1852 1107 1946 1160 καὶ
1973 1109 2038 1178 τῇ

453 1195 582 1264 περὶ
611 1193 748 1246 Θεοῦ
779 1191 1004 1264 ὁμονοία
1035 1192 1166 1256 τοὺς
1196 1193 1444 1256 εὐσεϐεῖς
1471 1195 1634 1258 λαοὺς
1663 1195 2038 1266 διαμένοντας,

452 1284 886 1356 εὐπροσδέκτους
939 1285 1042 1349 τὰς
1095 1285 1240 1356 ὑπὲρ
1289 1286 1388 1357 τῆς
1437 1287 1714 1358 ἡμετέρας
1761 1287 2039 1357 βασιλείας

455 1377 692 1440 ἱκετείας
743 1376 1111 1447 προσφέρειν,
1163 1378 1262 1430 σὺν
1303 1379 1416 1440 τοῖς
1450 1375 1886 1446 θεοφιλεστάτοις
1920 1381 2040 1431 επι-

453 1467 678 1530 σκόποις
731 1467 822 1520 καὶ
868 1465 1316 1528 θεοσεϐεστάτοις
1363 1467 1685 1536 κληρικοῖς,
1740 1469 1834 1522 καὶ
1876 1471 2037 1539 ἁρχι-

455 1559 772 1630 μανδρίταις
815 1559 910 1612 καὶ
955 1558 1271 1628 μονάζουσι.
1329 1557 1432 1612 Τοῦ
1466 1559 1575 1630 γὰρ
1612 1562 1848 1629 μεγάλου
1877 1562 2035 1626 Θεοῦ,

451 1655 544 1707 καὶ
574 1651 828 1723 Σωτῆρος
857 1652 1016 1723 ἡμῶν
1042 1652 1218 1722 Ἰησοῦ
1250 1652 1514 1723 Χριστοῦ,
1541 1653 1636 1706 τοῦ
1664 1655 1728 1707 ἐκ
1752 1654 1850 1723 τῆς
1873 1655 2038 1722 ἁγίας

2144 467 2324 522 decim
2349 467 2524 524 sancti
2545 469 2736 523 Patres
2753 469 2946 524 Nicaea,
2965 467 3302 538 congregati,
3333 469 3518 524 divina
3549 469 3722 540 inspi-

2143 561 2358 616 ratione
2385 571 2797 630 exposuerunt:
2831 569 3054 617 centum
3083 576 3215 616 vero
3241 569 3296 616 et
3323 563 3721 633 quinquaginta

2142 649 2333 708 itidem
2362 649 2536 704 sancti
2569 651 2760 705 Patres
2797 649 3295 719 Constantinopoli
3323 649 3540 704 collecti
3583 666 3720 704 con-

2143 743 2456 808 ﬁrmarunt,
2485 741 2580 818 diu
2614 751 2910 812 noctuque,
2935 741 3084 796 omni
3111 741 3295 794 studio
3334 755 3396 796 ac
3435 740 3718 812 diligentia

2141 845 2198 892 et
2231 837 2444 908 legibus
2475 835 2684 891 nostris
2733 835 2787 888 id
2837 835 3069 905 agimus,
3119 843 3180 888 ut
3220 834 3422 902 ubique
3471 834 3718 888 locorum

2141 935 2332 980 sancta
2385 925 2660 980 catholica
2703 931 2760 978 et
2801 923 3102 992 apostolica
3147 923 3244 978 Dei
3289 923 3556 986 Ecclesia,
3599 939 3721 992 quat

2143 1017 2463 1084 incorrupta
2501 1025 2666 1086 atque
2709 1014 3031 1070 immortalis
3060 1022 3144 1068 est
3175 1023 3351 1068 mater
3377 1023 3719 1082 sceptrorum

2141 1117 2478 1172 nostrorum,
2517 1123 2617 1176 per
2651 1107 2800 1162 illam
2845 1122 3010 1176 quam
3043 1105 3157 1160 dixi
3194 1105 3358 1160 ﬁdem
3389 1106 3720 1176 multiplice-

2145 1207 2274 1254 tur:
2311 1206 2485 1269 utque
2515 1199 2593 1269 pii
2629 1199 2839 1270 populi,
2878 1200 2934 1253 in
2969 1213 3104 1269 pace
3133 1207 3190 1253 et
3223 1198 3280 1252 in
3323 1213 3386 1252 ea
3425 1214 3546 1268 qua:
3573 1199 3723 1254 circa

2141 1291 2312 1345 Deum
2350 1299 2435 1346 est
2476 1291 2775 1346 concordia
2815 1299 3254 1360 perseverantes,
3293 1305 3400 1344 una
3445 1305 3570 1345 cum
3611 1291 3724 1346 Deo

2141 1382 2482 1438 charissimis
2523 1383 2824 1453 episc0pis,
2854 1393 2911 1438 et
2941 1382 3373 1454 religiosissimis
3407 1383 3644 1448 clericis,
3669 1390 3726 1436 et

2140 1479 2588 1535 archimandritis
2634 1488 2690 1532 et
2734 1476 3042 1540 monachis,
3098 1487 3347 1545 acceptas
3395 1477 3503 1530 Deo
3535 1491 3727 1544 preces

2140 1573 2378 1628 oﬁ‘erant
2411 1587 2511 1641 pro
2541 1571 2775 1639 imperio
2800 1580 3010 1624 nostro.
3038 1567 3292 1634 Quandiu
3322 1568 3470 1622 enim
3497 1582 3726 1636 magnus

2139 1664 2286 1720 Deus
2311 1674 2366 1719 et
2391 1663 2654 1718 Servatur
2681 1669 2870 1716 noster
2899 1661 3063 1715 Jesus
3089 1659 3362 1722 Christus,
3389 1661 3481 1728 qui
3511 1673 3577 1713 ex
3603 1675 3728 1712 san-

452 1745 732 1815 Παρθένου
787 1746 882 1799 καὶ
927 1746 1196 1800 Θεοτόκου
1234 1747 1455 1818 Μαρίας
1495 1747 1898 1818 σαρκωθέντος,
1940 1749 2034 1802 καὶ

2142 1765 2230 1812 cla
2277 1755 2498 1825 Virgine
2547 1769 2610 1809 ac
2643 1753 2741 1808 Dei
2775 1751 3055 1808 Cenitrice
3101 1749 3271 1804 Maria
3315 1750 3634 1803 incarnatus
3669 1757 3728 1804 et

451 1839 766 1907 τεχθέντος,
801 1839 899 1910 τὴν
935 1841 998 1892 ἐκ
1033 1840 1353 1908 συμφωνίας
1383 1839 1691 1908 δοξολογίαν
1723 1858 1781 1893 τε
1816 1842 1906 1894 καὶ
1935 1841 2034 1895 λα-

451 1931 637 2001 τρείαν
684 1930 842 2002 ἡμῶν
891 1929 1275 1998 ἐπαινοῦντος,
1319 1932 1412 1984 καὶ
1449 1931 1684 2002 ἑτοίμως
1720 1933 2033 2003 δεχομένου,

451 2019 521 2076 τὰ
564 2021 663 2092 μὲν
711 2023 818 2074 τῶν
854 2023 1129 2092 πολεμίων
1162 2023 1552 2094 ὲκτριϐἡσεται
1587 2025 1682 2078 καὶ
1713 2024 2034 2096 ἐξαλειφθή-

453 2131 604 2168 σεται
637 2113 805 2183 γένη·
855 2116 1054 2178 πάντες
1090 2115 1145 2168 δὲ
1176 2116 1267 2168 τὸν
1296 2117 1497 2169 οἰκεῖον
1529 2117 1908 2172 ύποκλινοῦσιν
1937 2121 2035 2172 αὐ-

452 2207 578 2278 χένα
609 2207 687 2277 τῷ
710 2209 965 2278 ἡμετέρῳ
1003 2207 1146 2278 μετὰ
1173 2208 1306 2262 Θεὸν
1338 2209 1560 2278 κράτειο
1597 2211 1791 2281 εἰρήνη
1816 2211 1904 2275 δὲ,
1943 2214 2038 2267 καὶ

449 2299 520 2352 τὰ
568 2299 632 2350 ἐκ
677 2297 880 2367 ταύτης
921 2299 1136 2367 ἀγαθὰ,
1173 2298 1353 2367 ἀέρων
1382 2316 1443 2351 τε
1475 2299 1768 2370 εὐκρασία,
1801 2303 1895 2354 καὶ
1925 2303 2036 2357 τῶν

452 2387 681 2457 καρπῶν
729 2388 960 2458 εὐφορία
985 2431 1000 2453 ,
1059 2389 1154 2442 καὶ
1205 2389 1274 2442 τὰ
1307 2388 1445 2444 ἄλλα
1471 2387 1526 2442 δὲ
1555 2388 2038 2446 τὰ.λυσιτελοῦντα

449 2480 560 2542 τοῖς
609 2477 922 2546 ἀνθρώποις
982 2479 1494 2550 φιλοτιμηθήσεται.
1557 2479 1744 2546 Οὕτως
1794 2481 1888 2536 οὖν
1939 2483 2038 2553 τῆς

451 2572 753 2642 ἀμωμήτου
787 2571 1020 2635 πίστεως
1063 2575 1210 2643 ἡμᾶς
1241 2590 1298 2626 τε
1333 2575 1427 2627 xui.
1459 2574 1528 2626 τὰ
1567 2573 1848 2644 Ῥωμαῖκὰ
1877 2593 2035 2646 περι-

453 2663 734 2734 σωζούσης
761 2663 1093 2734 πράγματα,
1121 2666 1340 2736 δεήσεις
1363 2666 1494 2736 ἡμῖν
1521 2666 2036 2740 προσεκομίσθησαν

449 2757 603 2828 παρὰ
645 2757 914 2811 οεοσεϐὦν
955 2757 1395 2828 ἀρχιμανδριτῶν
1441 2758 1536 2811 καὶ
1577 2759 1888 2829 ἒρημιτῶν,
1940 2761 2036 2814 καὶ

451 2851 652 2923 ἑτέρων
686 2851 984 2921 αἰδεσίμων
1013 2851 1226 2921 ἀνδρῶν
1245 2890 1260 2916 ,
1310 2851 1450 2920 μετὰ
1481 2851 1731 2922 δακρύων
1761 2854 2034 2908 ἱκετευόν-

449 2961 576 3008 των,
615 2947 806 2999 ἕνωσιν
843 2945 1099 3015 γενέσθαι
1137 2947 1258 3008 ταῖς
1291 2945 1628 3014 ἁγιωτάταις
1658 2945 2032 3017 Ἐκκλησίαις,

452 3038 788 3108 συναφθῆναί
817 3055 875 3091 τε
917 3038 986 3091 τὰ
1023 3037 1160 3109 μέλη
1210 3039 1321 3100 τοῖς
1360 3037 1606 3107 μέλεσιν,
1652 3037 1796 3109 ἅπερ
1825 3040 1852 3091 ὁ
1881 3039 2036 3109 μισό-

451 3133 616 3194 καλος
669 3131 778 3184 ἀπὸ
826 3131 1096 3184 πλείστων
1137 3129 1345 3202 χρόνων
1386 3131 1621 3200 χωρίσαι
1651 3131 1994 3202 κατηπείχθη
2019 3147 2032 3160 ⁸

449 3223 732 3292 γινώσκων
759 3219 833 3285 ὡς
861 3223 910 3274 εί
931 3222 1210 3292 ὁλοκλήρῳ
1235 3221 1311 3292 τῷ
1337 3221 1435 3288 τῆς
1465 3221 1790 3292 Ἐκκλησίας
1823 3223 2035 3292 σώματι

450 3311 712 3384 πολεμῲη
745 3312 881 3383 (90),
917 3313 1305 3384 ἡττηθήσεται.
1343 3313 1642 3381 Συμϐαίνει
1673 3313 1782 3384 γὰρ
1819 3314 1882 3365 ὲκ
1909 3313 2035 3366 τού·

447 3421 542 3458 του
595 3405 688 3458 καὶ
734 3403 928 3471 γενεὰς
976 3403 1384 3473 ἀναριθμήτους
1426 3399 1588 3468 εἶναι,
1623 3405 1755 3467 ὅσας
1786 3405 1813 3456 ὀ
1843 3405 2036 3474 χρόνος

451 3497 510 3548 ὲν
535 3494 808 3558 τοσούτοις
829 3493 974 3546 ἔτεσι
999 3496 1096 3564 τῆς
1119 3491 1266 3562 ζωῆς
1295 3493 1660 3563 ὐπεξήγαγεν·
1690 3495 1785 3547 καλ⁸
1809 3494 1908 3556 τὰς
1934 3494 2033 3564 μὲν

448 3587 544 3640 τοῦ
598 3585 828 3656 λουτροῦ
875 3583 1021 3656 (9|)
1070 3585 1168 3654 τῆς
1204 3584 1626 3652 παλιγγενεσίας
1664 3585 2036 3656 ἐστερημένοις

449 3676 708 3732 ἀπελθεῖν
729 3717 743 3740 ,
780 3677 878 3738 τὰς
906 3677 963 3730 δὲ
993 3676 1094 3743 τῆς
1122 3675 1270 3739 θείας
1296 3675 1583 3740 κοινωνίας
1613 3675 1689 3748 μὴ
1720 3677 2029 3749 μετασχού-

451 3787 570 3833 σας,
601 3769 735 3840 πρὸς
760 3769 858 3840 τὴν
889 3768 1000 3820 τῶν
1025 3766 1330 3838 ἀνθρώπων
1361 3770 1740 3840 ἀπαραίτητον
1765 3771 2034 3840 ἐκδημίαν

450 3861 794 3932 ἀπαχθῆναν
825 3861 1020 3929 φόνους
1042 3877 1100 3912 τε
1123 3859 1462 3931 τολμηθῆναι
1489 3861 1737 3932 μυρίους,
1754 3863 1847 3915 καὶ
1870 3863 2036 3932 αἱμά-

447 3969 555 4008 των
582 3954 779 4024 πλήθει
811 3953 1146 4026 μολυνθῆναι
1185 3953 1260 4022 μὴ
1292 3952 1452 4022 μόνον
1485 3953 1581 4024 τὴν
1607 3953 1731 4024 γῆν,
1772 3952 1906 4006 ἀλλὰ
1935 3955 2032 4006 καὶ

445 4045 610 4099 αὐτὸν
643 4045 735 4100 τὸν
766 4045 922 4116 ἀέρα.
963 4045 1150 4098 Ταῦτα
1179 4045 1262 4107 τίς
1293 4045 1395 4098 οὐκ
1419 4043 1486 4098 ἂν
1515 4046 1594 4108 είς
1619 4043 1680 4097 τὸ
1706 4044 1910 4114 ἀγαθὸν
1941 4062 2034 4114 με-

447 4137 884 4207 τασκευασθῆναι
916 4135 1301 4208 προσεύξοιτο;
1323 4135 1422 4190 Διά
1438 4153 1522 4189 τοι
1547 4136 1722 4202 τοῦτο,
1748 4135 2036 4204 γινώσκειν

448 4227 592 4298 ὑμᾶς
624 4229 1040 4297 ἐσπουδάσαμεν
1061 4267 1076 4289 ,
1111 4227 1194 4280 ὅτι
1231 4228 1325 4280 καὶ
1354 4229 1514 4299 ἡμεῖς
1545 4227 1640 4281 καὶ
1669 4228 1724 4280 αἱ
1754 4226 2030 4298 πανταχοῦ

447 4319 770 4389 Ἐκκλησίαι
801 4319 988 4388 ἕτερον
1021 4318 1292 4390 σύμϐολον
1323 4319 1356 4389 ἡ
1395 4311 1666 4389 μάθημα,
1711 4317 1744 4388 ἢ
1787 4317 1912 4388 ὅρον
1943 4317 2035 4370 πί-

2144 1857 2308 1905 natus
2345 1857 2446 1913 est,
2479 1847 2865 1902 concinentern
2897 1843 3144 1898 omnium
3169 1852 3420 1896 nostrum
3455 1841 3728 1912 gloriﬁca-

2145 1941 2351 1995 tionem
2386 1940 2707 2008 cultumque
2760 1935 3148 2006 approbaverit
3177 1945 3232 1988 et
3271 1934 3506 2003 benigne
3538 1949 3727 1988 susce—

2143 2033 2310 2103 perit,
2347 2047 2537 2086 omnes
2571 2029 2794 2100 quidem
2845 2029 3034 2082 hostes
3063 2035 3428 2082 conterentur
3467 2041 3530 2080 ac
3577 2025 3726 2080 dele-

2143 2123 2392 2177 buntur:
2442 2123 2714 2176 universae
2761 2128 2943 2174 autem
2995 2125 3188 2188 gentes
3233 2127 3438 2171 nostra:
3477 2133 3598 2186 quae
3641 2132 3727 2171 se-

2143 2215 2383 2271 cundum
2418 2216 2590 2270 Deum
2620 2223 2705 2269 est
2749 2211 3006 2283 potestati
3038 2211 3179 2266 colla
3214 2211 3544 2266 submittent
3573 2229 3584 2264 :
3615 2211 3724 2264 Pax

2143 2305 2402 2375 denique,
2451 2312 2506 2360 et
2554 2321 2676 2374 qua:
2720 2321 2788 2358 ex
2827 2319 2958 2374 pace
3007 2303 3340 2372 proveniunt
3387 2303 3549 2366 bona,
3596 2301 3722 2358 ειεΙί

2147 2399 2468 2468 temperies,
2527 2397 2744 2467 frugum
2809 2397 3063 2460 ubertas,
3118 2406 3175 2451 et
3226 2411 3568 2465 quaecunque
3619 2397 3726 2451 alia

2143 2487 2453 2552 corumoda,
2491 2487 2810 2542 hominilms
2841 2487 3216 2541 donabuntnr.
3257 2487 3392 2541 Cum
3424 2503 3553 2558 ergo
3586 2488 3726 2542 irrc-

2145 2579 2536 2650 prehensibilis
2573 2577 2726 2641 ﬁdes,
2763 2587 2818 2632 et
2843 2593 2963 2642 nos,
2992 2588 3048 2632 et
3091 2577 3486 2646 rempublicam
3529 2579 3728 2632 Roma—

2143 2689 2269 2727 nam
2323 2673 2396 2726 ita
2447 2663 2766 2732 conservet,
2815 2685 3008 2739 preces
3062 2669 3225 2724 nobis
3273 2671 3470 2724 oblatrc
3518 2681 3645 2726 sunt
3696 2687 3726 2724 a

2145 2764 2575 2836 religiosissimis
2628 2761 3081 2816 archimandritis
3130 2769 3186 2814 et
3233 2761 3482 2816 eremitis
3515 2771 3568 2816 et
3605 2763 3726 2818 aliis

2145 2855 2464 2912 reverendis
2491 2853 2832 2916 hominibus,
2869 2852 2964 2921 qui
2997 2868 3120 2906 cum
3161 2852 3417 2924 lacrymis
3455 2854 3728 2922 supplica-

2145 2947 2305 3012 bant,
2357 2955 2414 3000 ιιι
2464 2947 2644 2999 unitas
2709 2943 2868 2998 ﬁeret
2919 2943 3281 2998 sanctissimis
3331 2945 3620 3004 Ecclesiis.
3669 2959 3728 3001 et

2145 3040 2392 3095 membra
2432 3037 2693 3092 membris
2721 3037 3209 3106 conjungerentur,
3250 3053 3370 3106 quae
3397 3037 3526 3091 boni
3559 3038 3726 3092 totius

2141 3129 2746 3201 inimicusjamdudum
2777 3145 2806 3182 a
2833 3145 2892 3183 se
2927 3129 3165 3182 invicem
3207 3129 3522 3198 disjungere
3562 3145 3728 3183 cona-

2137 3231 2226 3278 tus
2269 3231 2391 3277 est:
2447 3221 2631 3276 sciens
2679 3235 2758 3285 se,
2809 3219 2854 3274 si
2909 3221 3185 3290 integrum
3219 3219 3476 3274 Ecclesiae
3525 3235 3726 3288 corpus

2137 3313 2569 3384 impugnaverit,
2634 3311 2794 3366 facile
2855 3327 2976 3366 esse
3043 3310 3440 3380 superandum.
3485 3311 3564 3364 Ex
3621 3310 3726 3364 hoc

2135 3406 2283 3460 enim
2317 3405 2568 3474 contigit,
2601 3413 2660 3457 ut
2692 3401 3116 3456 innumerabilis
3147 3401 3434 3456 hominum
3472 3401 3726 3455 multitu-

2136 3497 2229 3563 do,
2266 3513 2430 3567 quam
2474 3505 2554 3550 tot
2592 3497 2864 3550 annorum
2897 3495 3074 3564 spatio
3109 3493 3373 3563 temporis
3406 3493 3724 3564 longinqui-

2137 3595 2222 3643 tas
2270 3603 2337 3642 ex
2374 3587 2476 3642 hac
2503 3587 2625 3642 luce
2677 3585 2980 3650 subtraxit,
3035 3584 3236 3654 partim
3281 3584 3726 3654 regenerationis

2135 3681 2355 3736 lavacro
2400 3679 2651 3734 fraudata
2697 3677 2994 3741 interierit,
3041 3677 3240 3747 partim
3271 3675 3480 3746 absque
3526 3675 3728 3732 divina:

2136 3771 2544 3830 communionis
2578 3771 2938 3842 perceptione
2969 3785 3034 3826 ex
3065 3770 3166 3823 hac
3197 3769 3309 3823 vita
3359 3768 3678 3842 migraverit
3705 3787 3718 3822 :

2137 3875 2308 3935 utque
2353 3865 2655 3918 innumerae
2695 3861 2872 3917 caedes
2907 3853 3240 3932 perpetrata:
3285 3861 3417 3924 sint,
3469 3867 3523 3915 et
3562 3859 3725 3916 eﬁ‘usi

2137 3953 2420 4023 sanguinis
2467 3955 2625 4023 c0pia
2669 3968 2782 4006 non
2833 3961 2979 4006 terra
3026 3953 3226 4014 solum,
3271 3949 3367 4005 sed
3421 3949 3586 4007 etiam
3632 3965 3724 4004 aer

2137 4043 2256 4115 ipse
2285 4044 2358 4100 sit
2384 4045 2812 4100 contaminatus.
2843 4042 2974 4110 Quae
3005 4042 3254 4113 quidem,
3282 4041 3726 4111 quotusquisque

2135 4142 2222 4190 est
2253 4134 2348 4204 qui
2381 4151 2489 4190 non
2523 4134 2798 4205 optaverit
2831 4133 2884 4188 in
2915 4133 3199 4188 meliorem
3237 4139 3443 4187 statum
3477 4144 3726 4184 commu-

2139 4227 2286 4282 tari?
2326 4227 2678 4297 Quapropter
2709 4226 2856 4281 scire
2897 4241 2994 4280 vos
3027 4225 3304 4289 volumus,
3343 4237 3446 4277 nec
3475 4236 3597 4285 nos,
3623 4236 3728 4276 nec

2137 4333 2231 4373 eas
2265 4333 2387 4388 quae
2423 4318 2625 4387 ubique
2673 4327 2803 4372 sunt
2851 4317 3163 4380 Ecclesias,
3219 4315 3369 4370 aliud
3417 4315 3724 4386 symbolum

449 4425 642 4474 στεως,
674 4411 707 4482 ἢ
743 4413 924 4464 πίστιν
957 4410 1096 4482 πλὴν
1126 4409 1220 4464 τοῦ
1247 4411 1539 4482 εἰρημένου
1568 4411 1723 4478 ἁγίου
1750 4411 2027 4481 Συμϐόλου

2140 4417 2231 4463 aut
2259 4408 2556 4474 mathema,
2589 4409 2824 4462 aliamve
2856 4405 3236 4461 deﬁnitionem
3266 4405 3391 4460 ﬁdei
3417 4413 3512 4459 aut
3538 4405 3724 4468 ﬁdem,

447 4500 556 4555 τῶν
584 4507 690 4570 τιη¹
719 4503 890 4570 ἁγίων
913 4503 1192 4570 Πατέρων,
1221 4503 1356 4572 ὅπερ
1379 4501 1721 4554 ἐϐεϐαίωσαν
1745 4505 1794 4555 οί
1821 4519 2032 4572 μνημο-

447 4588 730 4653 νευθέντες
777 4591 853 4661 ρν’
881 4589 1028 4657 ἆγιοι
1065 4591 1328 4661 Πατέρες,
1365 4589 1492 4643 οὐτε
1525 4592 1860 4661 ἐσχήκαμεν,
1902 4590 2029 4642 οὕτε

447 4679 574 4749 ἔχομ
589 4697 667 4745 εν,
695 4680 818 4733 οὔτε
847 4681 1064 4750 ἕξομεν,
1093 4678 1218 4733 οὐτε
1247 4679 1468 4749 ἔχοντας
1497 4679 1864 4750 ἐπιστάμεθα.
1889 4681 1954 4732 Εἰ
1975 4679 2032 4733 δὲ

452 4772 545 4826 καὶ¹
579 4771 690 4843 ἔχοι
721 4789 834 4840 τις,
870 4772 1152 4842 ἀλλότριον
1184 4771 1344 4825 αὐτὸν
1380 4771 1686 4843 ἡγούμεθα.
1723 4773 1894 4826 Τοῦτο
1922 4771 2032 4844 γὰρ

2137 4505 2342 4570 printer
2365 4513 2529 4568 supra
2563 4505 2926 4552 memoratum
2974 4505 3226 4550 sanctum
3267 4493 3586 4564 Symbolum
3619 4503 3727 4548 tre—

2139 4595 2429 4643 contorum
2470 4595 2527 4642 et
2566 4586 2874 4642 octodecim
2925 4592 3243 4640 sanctorum
3293 4584 3539 4649 Patrum,
3575 4583 3724 4652 quod

2141 4696 2172 4736 a
2215 4681 2328 4751 jam
2380 4680 2543 4735 dictis
2584 4688 2806 4734 centum
2843 4686 2900 4732 et
2935 4677 3333 4746 quinquaginta
3380 4675 3586 4729 sanctis
3625 4675 3726 4728 Pa-

2143 4771 2324 4827 tribus
2357 4771 2742 4827 conﬁrmatum
2787 4777 2892 4834 est,
2935 4769 3215 4834 habuisse,
3261 4767 3345 4821 vel
3381 4767 3604 4831 habere,
3635 4767 3720 4820 vel

1621 4926 1890 4982 \iALESll
1943 4923 2499 4986 ANNOTATIONES.

521 5049 632 5118 (89)
682 5051 858 5116 Πᾱσῃ
908 5043 1222 5116 προσευχῇ
1275 5045 1372 5100 καί
1423 5044 1690 5118 σπουδῇ.
1733 5045 1825 5100 Sic
1861 5045 2050 5100 etiam‘

445 5117 652 5191 legitur
689 5119 832 5188 apud
864 5118 1264 5191 Nicephoruun
1299 5119 1411 5191 Nec
1439 5117 1598 5171 aliter
1629 5117 1838 5191 legerat
1873 5125 2032 5191 vetus

447 5187 738 5258 iuierpres’
763 5191 882 5258 ejus
919 5189 1087 5242 edicti
1123 5187 1266 5250 apud
1305 5187 1624 5258 Liberatutn
1669 5187 1720 5240 in
1773 5203 1894 5256 cap.
1944 5187 2030 5240 18.

447 5263 527 5317 Ita
564 5257 712 5315 enim
748 5257 914 5312 vertit
950 5278 962 5310 :
991 5257 1242 5311 Noctibus
1277 5275 1339 5310 ac
1369 5257 1548 5309 diebus
1581 5259 1821 5310 oratione
1848 5267 1894 5309 et
1920 5267 2031 5309 sm-

445 5333 535 5386 dio
564 5341 613 5382 et
654 5329 848 5398 legibus
872 5329 1094 5382 uitiatur
1129 5326 1476 5398 multiplicari
1509 5343 1601 5396 per
1630 5343 1748 5398 eam
1785 5337 2028 5380 sanctam

449 5396 764 5454 catholica-nt
801 5407 848 5451 et
897 5399 1246 5468 apostolicam
1287 5396 1612 5468 Ecclesium.
1663 5397 1793 5452 Mihi
1843 5408 2028 5468 tamen

447 5470 636 5542 potius
655 5467 1260 5542 videturscribendum
1281 5482 1403 5522 esse
1420 5467 1578 5542 ardor}
1600 5470 1862 5542 προσοχῇ.
1885 5467 2026 5542 Quid

449 5536 522 5595 sit
569 5539 813 5611 προσοχὴ
865 5538 1028 5611 docet
1065 5539 1283 5611 Suidas,
1338 5536 1434 5608 qui
1489 5536 1693 5611 veteris
1742 5536 2028 5608 scriptoris

447 5607 630 5666 locum
695 5607 876 5665 atieit.
928 5608 1094 5668 Certe
1145 5609 1261 5667 haec
1320 5607 1636 5666 emendatio
1696 5607 2028 5681 magnopere

447 5681 584 5737 mihi
615 5680 838 5737 arridet.

447 5681 584 5737 mihi
615 5680 838 5738 arridet.

2213 5045 2325 5116 (90)
2381 5044 2608 5116 Σώματι
2660 5038 3375 5116 πολεμῶνρηὸετίιιεηιιυω
3405 5046 3498 5116 est_
3529 5039 3717 5116 procul

2141 5108 2318 5170 dubio
2337 5108 2617 5184 πολέμῴη,
2652 5123 2711 5169 ut
2740 5108 2905 5168 habet
2934 5111 3280 5184 Nicephorus
3312 5117 3368 5184 et
3399 5108 3568 5184 codex
3597 5109 3720 5184 Tel-

2141 5187 2408 5241 lerianus.
2443 5178 2680 5239 savil'ius
2704 5199 2926 5253 quoque
2962 5182 3028 5237 ad
3058 5178 3209 5236 oram
3241 5181 3328 5236 sui
3369 5179 3579 5234 codicis
3627 5178 3722 5234 ad-

2139 5265 2377 5320 notarat,
2405 5255 2544 5310 forte
2571 5255 2697 5308 πολε
2708 5256 2857 5322 μοίη.

2212 5327 2322 5398 (9i)
2358 5319 2468 5398 Καὶ
2507 5325 2612 5398 τὰς
2633 5319 2750 5398 μέν
2773 5319 3208 5398 τοῦ-λουτροῦ.
3247 5321 3327 5398 Ad
3361 5321 3508 5398 hunc
3537 5319 3722 5398 locum

2136 5389 2314 5452 edicti
2355 5389 2600 5451 Zenonis
2634 5389 2834 5448 alludit
2889 5394 3038 5448 Felix
3083 5409 3243 5464 papa.
3281 5394 3348 5464 lin
3383 5389 3612 5464 epistola
3653 5391 3726 5444 ad
3791 5397 3798 5404 '

2138 5467 2415 5522 Zenonem
2465 5467 2694 5535 August.
2749 5465 2823 5518 ita
2855 5459 3104 5518 scribens
3137 5459 3336 5535 {Dolet
3381 5459 3517 5514 certe
3556 5461 3728 5530 pietas

2137 5547 2250 5600 tua,
2301 5537 2440 5606 quod
2493 5533 2586 5606 per
2627 5536 2905 5589 diuturnos
2948 5535 3116 5606 partis
3164 5533 3392 5606 alterna!
3435 5546 3736 5606 gravesque

2135 5601 2431 5677 conﬂictus,
2468 5601 2646 5660 inultis
2685 5621 2746 5659 ea:
2772 5607 2866 5658 hoc
2884 5601 3078 5659 srcculo
3111 5604 3397 5658 videantur
3434 5601 3599 5657 ablati
3634 5611 3742 5654 aut

2136 5677 2468 5748 baptismatis
2492 5687 2584 5731 aut
2606 5677 2990 5731 communionis
3023 5685 3284 5748 expertes.
