4024 6208
302 284 445 349 2693

1525 287 1841 349 EVAGRII
1884 284 2374 348 SCIIOLASTICI

3438 284 3583 351 2624

304 399 594 457 habituros
622 416 765 463 esse,
807 415 911 456 nec
948 399 1091 455 scire
1126 416 1433 471 quosquam
1469 400 1632 475 347
1666 402 1760 472 qui
1799 402 1898 456 ha-

2009 400 2094 453 mi.
2123 398 2305 469 μόνον,
2336 398 2412 461 ὼς
2438 395 2673 467 ἔφαμεν,
2704 394 2803 466 τὴν
2830 393 3114 467 ἡμετέραν
3142 395 3470 467 περισώζειν
3495 414 3586 451 τε-

307 492 492 548 beant.
538 492 695 560 Quod
727 494 771 546 si
807 493 932 562 quis
966 493 1188 557 haheat,
1221 493 1370 547 hunc
1401 503 1727 548 extraneum
1748 494 1890 549 ’esse

300 584 638 655 judicamus.
672 585 785 640 Hoc
809 585 958 640 enim
994 585 1245 656 symbolo
1281 586 1423 650 solo,
1458 593 1520 639 ut
1542 585 1654 656 jam
1685 585 1911 640 dictum-

304 683 412 737 est,
454 673 745 743 imperium
780 683 1032 729 nostrum
1062 674 1272 730 servari
1321 673 1675 731 conﬁdimus.
1704 674 1810 730 Sed
1839 682 1896 730 et

307 781 501 821 omnes
527 766 714 836 populi
740 768 834 837 qui
869 768 1167 822 salutarem
1196 766 1533 838 baptismum
1556 768 1892 839 percipiunt,

310 858 415 913 hoc
445 860 563 913 solo
600 868 827 929 accepto
857 860 1104 930 symbolo
1127 860 1501 932 baptizantur.
1539 861 1690 916 Idem
1725 861 1892 916 etiam

309 949 480 1005 secuti
531 958 661 1003 sunt
695 951 871 1004 sancti
903 951 1096 1007 Patres
1125 953 1222 1023 qui
1254 952 1458 1023 Ephesi
1491 962 1894 1017 convenerunt,

307 1048 363 1093 et
407 1039 500 1108 qui
544 1039 773 1109 impium
813 1041 1129 1097 Nestorium
1181 1059 1286 1098 una
1340 1060 1466 1099 cum
1520 1044 1589 1099 iis
1636 1044 1730 1115 qui
1776 1046 1897 1117 ejus

309 1132 640 1185 sententiam
711 1140 900 1201 postea
963 1133 1203 1204 amplexi
1266 1143 1430 1200 sunt,
1490 1135 1895 1207 deposuerunt.

308 1219 483 1286 Quem
537 1220 760 1291 quidem
816 1237 919 1277 nos
974 1223 1139 1278 simul
1192 1240 1317 1279 cum
1373 1226 1619 1298 Eutyche
1642 1253 1676 1292 ,ι
1709 1235 1899 1297 utpote

310 1313 589 1367 contraria
637 1314 956 1369 memoratis
995 1315 1251 1370 Patribus
1286 1317 1620 1383 sentientes,
1663 1320 1897 1374 anathe-

311 1404 658 1466 matizamus,
707 1406 1074 1475 suscipientes
1104 1408 1271 1462 etiam
1308 1409 1601 1466 duodecim
1634 1413 1895 1483 capitula,

310 1509 433 1563 qua:
478 1511 507 1549 a
551 1505 754 1551 sancta:
785 1498 1064 1552 memoriae
1109 1497 1337 1570 Cyrillo,
1383 1512 1586 1559 sanctas
1614 1506 1898 1561 catholica:

311 1588 816 1643 Alexandrinorum
854 1590 1113 1646 Ecclesiae
1147 1594 1425 1661 quondam
1456 1597 1895 1669 archiepiscopo,

310 1679 514 1733 dictata
576 1689 727 1735 sunt.
787 1680 1129 1737 Couﬁlemur
1174 1693 1359 1740 autem
1406 1688 1754 1759 unigenitum
1801 1692 1897 1746 Dei

1993 489 2356 561 Θαρρήκαμεν
2404 487 2706 558 βασιλείαν.
2765 487 2880 541 Καὶ
2916 486 3118 548 πάντες
3148 487 3206 541 δὲ
3242 487 3292 541 oi
3321 486 3443 543 λαοὶ
3479 486 3584 543 τοῦ

1995 579 2377 652 σωτηριώδους
2420 576 2735 651 ἀξιούμενοι
2777 578 3161 648 φωτίσματος,
3192 578 3324 633 αὐτδ
3352 578 3447 634 καὶ
3472 579 3576 650 μόι

1994 689 2084 727 νον
2117 672 2641 743 παραλαμϐάνοντες
2672 670 3053 742 βαπτίζονται.
3077 664 3149 742 ’ᾯ
3177 672 3270 725 καὶ
3294 669 3578 740 ἐξηκολού-

1994 764 2169 834 θησαν
2206 764 2256 818 οί
2290 762 2437 832 ἆγιοι
2471 762 2712 834 Πατέρες
2745 763 2796 815 οἱ
2826 764 2885 815 ὲν
2911 764 2977 833 τῇ
3002 762 3272 831 Ἐφεσίων
3300 762 3576 817 συνελθόν-

1993 871 2119 919 τες,
2174 855 2225 907 oi
2276 855 2372 906 καὶ
2418 853 2743 916 καθελόντες
2788 851 2880 905 τὸν
2924 852 3098 923 ἀσεϐῆ
3135 853 3449 925 Νεστόριον,
3483 854 3579 907 καὶ

1994 947 2119 1009 τοὺς
2175 944 2245 998 τὰ
2299 943 2509 999 ἐκείνου
2567 944 2704 1015 μετὰ
2746 942 2921 997 ταῦτα
2978 943 3328 1013 φρονοῦντας.
3362 943 3583 997 Ὅντινα

1997 1038 2091 1091 καί⁵
2131 1039 2292 1108 ἡμεῖς
2333 1037 2630 1108 Νεστὸριον
2666 1035 2783 1107 ἅμα
2813 1036 3046 1106 Εὐτυχεῖ
3076 1035 3333 1091 τάναντία
3364 1037 3478 1099 τοῖς
3503 1036 3583 1088 εί-

1997 1124 2256 1197 ρημένοις
2309 1125 2676 1194 φρονοῦντας,
2737 1124 3250 1195 ἀναϐεματίζομεν,
3304 1124 3585 1196 δεχόμενοι

1999 1221 2093 1274 καὶ
2124 1220 2192 1274 τὰ
2222 1218 2289 1291 ιβ’
2315 1221 2590 1290 κεφάλαια
2616 1220 2685 1274 τὰ
2712 1222 2979 1292 εἰρημένα
3009 1221 3161 1293 παρὰ
3186 1220 3282 1274 τοῦ
3310 1220 3407 1292 τῆς
3433 1221 3585 1285 ὁσίας

2002 1317 2224 1388 μνήμης
2254 1317 2527 1389 Κυρίλλου
2550 1318 2843 1390 γενομένου
2865 1318 3300 1390 ἁρχιεπισκόπου
3326 1319 3424 1387 τῆς
3439 1317 3589 1370 Ἀλε-

2000 1407 2268 1477 ξανδρέων
2294 1409 2457 1478 ἁγίας
2482 1408 2779 1479 καθολικῆς
2808 1409 3160 1487 Ἑκκλησίας.
3178 1407 3586 1481 Ὁμολογοῦμεν

1997 1500 2055 1552 δὲ
2087 1500 2180 1555 τὸν
2214 1501 2478 1572 μονογενῆ
2510 1500 2603 1554 τοῦ
2632 1500 2770 1554 Θεοῦ
2802 1500 2932 1555 Υίὺν
2970 1502 3063 1554 καὶ
3090 1500 3260 1565 Θεὸν,
3306 1500 3399 1552 τὸν
3444 1498 3589 1552 κατὰ

2001 1592 2263 1663 ἀλήθειαν
2297 1593 2797 1665 ὲνανθρωπήσαντα
2830 1594 2924 1647 τὸν
2957 1593 3161 1666 Κύριον
3188 1592 3345 1661 ἡμῶν
3379 1590 3588 1662 Ἰησοῦν

2001 1682 2261 1753 Χριστὸν,
2290 1683 2382 1736 τὸν
2406 1683 2691 1752 ὁμοούσιον
2721 1683 2799 1755 τῷ
2826 1685 3002 1755 Πατρί
3032 1684 3174 1739 κατὰ
3195 1684 3294 1755 τὴν
3330 1683 3587 1754 ῦεότητα,

313 1770 508 1825 Filium
541 1781 594 1826 et
628 1773 822 1838 Deum,
856 1792 985 1832 vere
1028 1777 1308 1833 [nominent
1346 1780 1570 1846 factum,
1601 1782 1894 1839 Dominum

2009 1776 2097 1830 καὶ
2122 1774 2405 1846 ὀμοούσιον
2434 1777 2566 1846 ἡμῖν
2594 1776 2685 1829 τὸν
2712 1776 2876 1829 αὑτὸν
2896 1776 3042 1830 κατὰ
3056 1777 3152 1847 τὴν
3169 1776 3587 1845 ἁνθρωπότητα,

311 1871 559 1917 nostrum
599 1864 785 1919 Jesum
821 1866 1126 1933 Christum,
1178 1872 1704 1929 consubstantialem
1747 1876 1894 1932 Patri

311 1955 617 2010 secundum
667 1958 969 2022 Deitatem.
1022 1963 1388 2034 eumdemque
1444 1967 1605 2021 nobis
1660 1968 1897 2024 consub—

312 2048 624 2103 stantialem
677 2053 856 2120 quoad
912 2054 1307 2111 humanitatem
1346 2076 1358 2111 :
1397 2060 1492 2128 qui
1528 2060 1811 2116 descendit
1840 2071 1897 2118 et

313 2135 632 2195 incarnatus
664 2152 745 2195 est
794 2159 861 2197 ex
898 2145 1105 2214 Spiritu
1158 2156 1348 2203 sancto
1378 2150 1446 2204 de
1477 2151 1645 2206 Maria
1673 2153 1897 2224 Virgine

313 2241 377 2281 ac
418 2228 512 2282 Dei
551 2229 863 2294 Genilriee.
918 2251 1088 2289 unum
1145 2253 1295 2301 esse,
1343 2255 1455 2295 non
1502 2241 1662 2296 duos.
1721 2243 1898 2299 Unius

312 2319 460 2373 enim
493 2337 614 2377 esse
653 2323 911 2389 dicimus,
946 2335 1060 2381 tum
1109 2325 1396 2396 miracula,
1446 2338 1561 2385 tum
1611 2334 1897 2402 passiones

314 2427 452 2480 quas
498 2425 691 2482 sponte
737 2432 834 2471 sua
867 2418 919 2471 iu
948 2433 1115 2474 carne
1149 2422 1432 2476 sustinuit.
1482 2422 1586 2477 Eos
1631 2440 1761 2480 vero
1800 2428 1895 2495 qui

315 2504 572 2560 dividunt
610 2519 705 2562 aut
732 2504 1107 2576 confundunt,
1140 2521 1237 2566 aut
1275 2513 1616 2582 phantasiam
1650 2517 1900 2571 introdu-

316 2605 470 2659 cunt,
529 2599 847 2673 nullatenus
900 2600 1256 2669 suscipimus.
1290 2604 1347 2657 Si
1378 2604 1602 2673 quidem
1635 2620 1762 2661 vera
1809 2606 1899 2660 illa

316 2697 374 2743 et
421 2690 628 2758 peccati
686 2706 882 2760 expers
938 2691 1244 2746 incarnatio
1303 2709 1370 2748 ex
1426 2695 1520 2749 Dei
1583 2696 1900 2765 Genitrice,

318 2782 693 2836 accessionem
755 2783 986 2838 alterius
1046 2782 1169 2837 Filii
1227 2799 1337 2837 non
1398 2786 1604 2841 ell‘ecit.
1664 2788 1903 2845 Trinitas

316 2875 465 2929 enim
515 2890 733 2945 semper
785 2878 986 2932 mansit
1031 2877 1307 2943 Trinitas,
1364 2879 1583 2934 etiamsi
1640 2895 1785 2936 unus
1835 2897 1904 2941 ex

320 2963 617 3030 Triuitate,
679 2966 825 3021 Deus
879 2967 1092 3023 scilicet
1140 2968 1380 3023 Verbum
1441 2953 1901 3026 incarnatussit.

321 3054 568 3113 Scientcs
602 3059 809 3129 itaque,
851 3071 1073 3116 sanctas
1098 3071 1153 3115 et
1187 3061 1525 3116 orthodoan
1546 3077 1669 3132 qua:
1697 3062 1903 3132 ubique

319 3157 469 3214 sunt,
507 3150 782 3204 Eeclesias
812 3151 932 3215 Dei,
966 3159 1022 3205 et
1045 3150 1139 3220 qui
1177 3151 1286 3205 illis
1317 3163 1563 3221 praesunt
1591 3153 1687 3208 Dei
1718 3168 1909 3207 aman.

322 3240 565 3295 tissimos
616 3239 935 3308 episcopos,
988 3248 1238 3295 nostrum
1289 3240 1528 3310 denique
1581 3240 1907 3310 imperium,

323 3331 536 3385 nullum
561 3330 709 3384 aliud
740 3329 1061 3401 Symbolum
1089 3339 1185 3385 aut
1212 3330 1592 3385 deﬁnitionem
1622 3330 1746 3385 ﬁdei
1775 3346 1912 3401 pra:-

326 3430 410 3477 ter
438 3437 604 3490 supra
636 3428 1003 3475 memoratum
1029 3429 1279 3475 sanctum
1309 3421 1585 3476 malhema
1621 3421 1909 3478 admisisse

322 3511 409 3564 vel
447 3510 757 3576 admittere,
791 3511 1000 3581 absque
1031 3511 1140 3565 ulla
1166 3513 1521 3567 cunctatione
1560 3528 1665 3568 nos
1705 3499 1913 3569 aduna-

324 3598 525 3654 vimus.
558 3601 683 3657 [lare
716 3610 903 3655 autem
937 3602 1261 3671 scripsimus
1291 3601 1468 3666 vobis,
1506 3618 1617 3657 non
1644 3603 1915 3657 innovan-

314 3699 411 3767 tes
442 3690 627 3755 ﬁdem,
669 3693 761 3746 sed
796 3702 855 3747 ut
884 3692 1040 3747 vobis
1073 3693 1541 3750 satisfaceremus.
1584 3693 1912 3765 Quicunque

327 3798 460 3838 vero
487 3784 648 3838 aliter
680 3786 848 3838 sentit
883 3794 976 3840 aut
1007 3787 1202 3851 sensit,
1232 3785 1321 3841 vel
1357 3802 1507 3841 nunc
1549 3787 1633 3841 vel
1666 3787 1918 3857 quando-

327 3892 546 3947 cunque
599 3878 755 3942 alias,
790 3878 905 3932 sive
939 3876 1322 3944 Chalcedone,
1361 3879 1476 3935 sive
1522 3878 1576 3933 in
1608 3878 1710 3932 alia
1741 3879 1916 3949 quali-

327 3966 421 4022 bet
470 3968 701 4039 synodo,
744 3984 870 4022 eum
912 3969 1483 4025 anathematizamus:
1529 3969 1800 4040 praecipue
1832 3979 1915 4024 ta-

328 4076 454 4116 men
508 4061 820 4116 Nestorium
869 4072 925 4117 et
973 4064 1303 4135 Eutychem,
1361 4070 1418 4117 et
1472 4078 1570 4118 cos
1621 4064 1715 4132 qui
1766 4063 1910 4117 idem

331 4171 456 4208 cum
497 4154 605 4208 illis
646 4155 916 4209 sentiunt.
965 4155 1379 4225 Conjungimini
1411 4156 1577 4225 igitur
1612 4155 1770 4209 matri
1807 4153 1921 4225 spi-

332 4247 479 4300 ritali
526 4247 803 4311 Ecclesiae,
839 4256 897 4300 ut
924 4248 978 4301 in
1017 4263 1103 4310 ea,
1139 4264 1245 4301 una
1276 4247 1581 4317 eademque
1631 4247 1919 4302 nobiscum

332 4337 521 4392 divina
580 4340 966 4393 communione
1017 4338 1304 4401 fruamini,
1356 4340 1509 4409 juxta
1561 4352 1920 4392 memoratam

1996 1864 2322 1919 κατελθόντα
2352 1867 2447 1919 καὶ
2477 1866 2833 1935 σαρκωθέντα
2856 1866 2920 1919 ἐκ
2944 1865 3258 1936 Πνεῦματος
3286 1865 3462 1933 ἁγίου,
3491 1865 3591 1918 καὶ
3680 1848 3689 1855 ’

1996 1954 2214 2026 Μαρίας
2242 1955 2344 2025 τῆς
2386 1955 2663 2026 Παρθένου
2700 1956 2795 2008 καὶ
2821 1954 3111 2021 Θεοτόκου,
3145 1955 3242 2008 ἕνα
3273 1954 3590 2024 τυγχάνειν,

1996 2049 2092 2101 καὶ
2141 2047 2203 2102 οὐ
2249 2047 2362 2102 δύο.
2406 2047 2555 2111 Ἐνὸς
2578 2046 2687 2118 γὰρ
2719 2043 2858 2101 εἶναι
2890 2064 3092 2117 φαμεν,
3127 2048 3197 2102 τά
3224 2064 3282 2100 τε
3309 2046 3590 2116 θαύματα,

1998 2139 2092 2192 καὶ
2144 2138 2210 2193 τὰ
2250 2138 2398 2209 πάθη
2447 2139 2591 2210 ἅπερ
2637 2139 2898 2202 ἑκουσίως
2927 2141 3187 2212 ὑπέμεινε
3219 2141 3406 2212 σαρκί.
3448 2140 3593 2203 Τοὺς

1998 2232 2106 2301 γὰρ
2139 2230 2478 2301 διαιροῦντας
2513 2231 2546 2302 ἢ
2582 2231 2929 2301 συγχέοντας,
2954 2233 3312 2304 ἧφαντασίαν
3340 2232 3596 2300 εἰσάγον-

2000 2344 2097 2391 τας
2117 2368 2131 2392 ,
2185 2327 2307 2380 οὐδὲ
2350 2326 2488 2390 ὅλως
2524 2326 2798 2397 δεχόμεθα
2820 2342 2836 2358 ·
2877 2326 3111 2397 ἐπείπερ
3142 2327 3174 2396 ή
3202 2327 3590 2396 ἀναμάρτητος

2002 2417 2145 2473 κατὰ
2173 2418 2437 2488 ἀλήθειαν
2470 2418 2747 2487 σὰρκωσις
2780 2419 2842 2470 ὲκ
2872 2417 2971 2487 τῆς
2997 2417 3261 2470 Θεοτόκου
3283 2456 3298 2481 ,
3345 2414 3592 2486 προσθήο

2002 2527 2106 2580 κην
2131 2509 2262 2563 Υίοῦ
2285 2510 2347 2562 οὐ
2376 2509 2666 2579 πεποίηκε.
2699 2509 2996 2578 Μεμένηκε
3021 2508 3131 2579 γὰρ
3154 2506 3324 2576 Τριὰς
3347 2506 3591 2577 ηΤριὰς,

2004 2605 2101 2659 καὶ
2137 2602 2517 2675 σαρκωοέντος
2558 2600 2650 2655 τοῦ
2686 2601 2804 2664 ἐνὸς
2831 2600 2933 2671 τῆς
2959 2600 3190 2671 Τριάδος
3220 2597 3357 2653 Θεοῦ
3387 2599 3591 2667 Λόγου.

2004 2695 2216 2757 Είδότες
2265 2689 2358 2747 οῦν
2410 2694 2486 2757 ὡς
2534 2692 2657 2747 οῦτε
2708 2694 2762 2745 αί
2806 2692 2960 2760 ἆγιαι
3007 2690 3282 2761 πανταχοῦ
3317 2691 3414 2744 τοῦ
3451 2689 3594 2743 Θεοῦ

2003 2784 2271 2858 ὀρθόδοξοι
2306 2783 2625 2855 Ἐκκλησίαι
2654 2824 2669 2848 ,
2728 2782 2853 2836 οῦτε
2885 2785 2935 2836 oi.
2968 2781 3174 2835 τούτων
3203 2782 3595 2853 προίστάμενοι

1946 2946 1959 2953 -
2005 2878 2407 2948 Θεοφιλέστατοι
2430 2877 2617 2946 ἱερεῖς,
2637 2871 2759 2929 οὔτε
2789 2879 2823 2946 ἡ
2850 2874 3095 2947 ἡμετέρα
3126 2874 3370 2946 βασιλεία
3400 2874 3593 2945 ἑτέρου

2008 2968 2278 3040 συμϐόλου
2328 2968 2361 3039 ἢ
2410 2968 2537 3039 ὅρου
2570 2967 2806 3027 πίστεως
2842 2967 2993 3038 παρὰ
3021 2968 3082 3020 τὸ
3111 2966 3400 3037 εἰρημένον
3434 2967 3596 3035 ἅγιον

1932 3110 1976 3168 C
2010 3062 2239 3132 μάθημα
2289 3060 2612 3129 ἠνέσχοντο,
2652 3059 2686 3129 ἢ
2727 3059 3054 3128 ἀνέχονται,
3120 3057 3409 3129 ὴνὼσαμεν
3459 3057 3595 3110 ἑαυ-

2008 3155 2134 3218 τοὺς
2168 3153 2303 3224 (92),
2328 3152 2495 3222 μηδὲν
2525 3150 2911 3215 ὲνδοιάζοντες.
2942 3151 3130 3204 Ταῦτα
3154 3150 3208 3204 δὲ
3237 3150 3598 3220 γεγράφαμεν

2009 3243 2070 3294 οῦ
2121 3239 2458 3305 καινίζοντες
2505 3242 2721 3307 πίστιν,
2772 3239 2887 3293 ἀλλ’
2923 3239 3067 3310 ὑμᾶς
3098 3237 3594 3309 πληροφοροῦντες.

2008 3332 2195 3385 Πάντα
2237 3330 2296 3384 δὲ
2342 3330 2433 3383 τὸν
2474 3330 2665 3401 ἕτερόν
2699 3347 2753 3384 τι
2792 3331 3162 3400 φρονήσαντα,
3198 3330 3230 3400 ἢ
3268 3329 3596 3402 φρονοῦντα,

2009 3424 2042 3496 ἢ
2072 3422 2246 3494 νῦν,ἢ
2278 3422 2522 3494 πώποτε,
2554 3421 2588 3493 ἢ
2622 3425 2679 3476 ὲν
2703 3423 3037 3494 Καλχηδόνι,
3074 3423 3107 3494 ἦ
3137 3424 3224 3494 οἷα
3248 3424 3444 3494 δήποτε
3471 3440 3600 3477 συν-

2009 3515 2135 3584 ὁδῳ,
2167 3511 2638 3584 ἀναθεματίζομεν
2663 3529 2676 3543 ’
2714 3512 3003 3583 ἐξαιρέτως
3036 3513 3091 3567 δὲ
3120 3514 3247 3577 τοὺς
3271 3514 3598 3583 εἰρημένους

2011 3604 2333 3675 Νεστόριον,
2367 3605 2463 3656 καὶ
2490 3603 2730 3674 Εὐτυχῆ,
2763 3605 2857 3657 καὶ
2883 3605 3008 3667 τοὺς
3035 3603 3103 3660 τὰ
3127 3602 3310 3659 αὐτῶν
3338 3602 3599 3673 φρονοῦν-

2013 3712 2131 3758 τας.
2188 3693 2506 3763 Συνᾰφθητε
2555 3694 2737 3747 τοίνυν
2788 3697 2854 3765 τῇ
2903 3697 3248 3764 πνευματικῇ
3294 3695 3493 3766 μητέρι
3530 3695 3599 3764 τῇ

2026 3786 2342 3859 Ἐκκλησία,
2365 3786 2467 3855 τῆς
2495 3786 2667 3855 αὐτῆς
2702 3787 2833 3857 ἡμῖν
2862 3788 2920 3839 ὲν
2947 3786 3267 3857 αὑτῇλθείας
3294 3786 3600 3841 ἀπολαύον-

2015 3898 2105 3945 τες
2164 3880 2457 3953 κοινωνίας,
2501 3882 2642 3934 κατὰ
2697 3879 2788 3933 τὸν
2828 3879 3122 3951 εἰρημένον
3154 3880 3252 3936 ἕνα
3295 3881 3390 3935 καὶ
3437 3880 3602 3949 μόνον

2015 3974 2140 4043 ὅρον
2187 3970 2288 4041 τῆς
2330 3970 2568 4032 πίστεως
2600 3969 2709 4022 τῶν
2738 3970 2846 4040 τιη¹
2875 3971 3046 4038 ἁγίων
3073 3971 3354 4041 Πατέρων.
3396 3970 3461 4022 Ἠ
3490 3970 3601 4041 γὰρ

2018 4063 2260 4132 παναγία
2307 4063 2493 4133 μήτηρ
2532 4061 2688 4131 ὑμῶν
2738 4063 2773 4133 ἡ
2809 4061 3105 4133 Ἐκκλησία
3130 4101 3145 4125 ,
3199 4062 3308 4114 καὶ·
3340 4062 3603 4132 γνησίους

2020 4157 2165 4226 ὑμᾶς
2193 4156 2345 4219 υἱοὺς
2375 4154 2488 4225 (93)
2515 4154 2877 4225 ἀπεκδέχεται
2902 4153 3363 4225 περιπτύξασθαι,
3386 4154 3604 4225 καὶτῆς

2022 4246 2237 4318 χρονίας
2286 4247 2381 4299 καὶ
2423 4245 2683 4314 γλυκείας
2713 4245 2866 4315 ὑμῶν
2896 4246 3157 4316 ἐπιθυμεῖ
3182 4246 3367 4316 φωνῆς
3395 4245 3603 4317 ἀκροά-

2026 4337 2247 4392 σασθαι.
2276 4336 2561 4402 Ἐπείξατε
2596 4336 2693 4390 οῦν
2737 4337 2987 4402 ἑαυτούς.
3026 4337 3211 4393 Ταῦτα
3242 4338 3354 4411 γὰρ
3382 4336 3602 4391 ποιοῦν-

333 4428 461 4484 ﬁdei
507 4429 884 4485 deﬁnitionem
931 4438 1301 4485 trecentorum
1341 4438 1398 4486 ct
1441 4429 1748 4484 octodecim
1791 4444 1907 4484 san-

2023 4445 2113 4493 τες
2136 4469 2151 4496 ,
2203 4428 2298 4480 καὶ
2341 4426 2441 4499 τῆν
2488 4426 2580 4481 τοῦ
2625 4427 2899 4481 Δεσπότου
2937 4429 3031 4482 καὶ
3066 4429 3319 4499 Σωτῆρος
3346 4428 3437 4481 καὶ
3461 4426 3602 4481 Θεοῦ

1523 4564 1791 4619 VALESlI
1857 4561 2420 4641 ANNOTATIQNES.

409 4658 521 4728 (9‘2)
587 4657 929 4728 Ἠνὼσαμεν
966 4661 1240 4727 ἑαυτούς.
1304 4663 1383 4717 lta
1430 4664 1596 4717 etiam
1647 4660 1914 4715 scribitur

335 4728 481 4802 apud
526 4727 917 4802 Nicephorum.
951 4730 1125 4786 Aliter
1190 4744 1369 4787 tamen
1420 4734 1614 4802 legisse
1659 4730 1916 4802 videntur

337 4798 629 4854 Facundus
679 4806 736 4853 et
787 4798 1099 4856 Liberatus.
1149 4803 1285 4856 Nam
1342 4798 1632 4857 Facu'ndus
1667 4800 1913 4869 quidem,

336 4884 461 4950 pag.
498 4869 633 4950 ‘b'iill,
666 4869 812 4950 hunc
841 4871 1026 4950 locum
1060 4872 1134 4926 ita
1164 4874 1331 4950 vertit
1360 4874 1651 4950 :_At_tuuate
1681 4887 1805 4950 ergo
1832 4886 1919 4923 vos

337 4938 393 5013 in
415 4938 562 4992 nullo
590 4939 909 5013 dubitantes.
943 4941 1065 4995 Ha'c
1107 4944 1247 4995 enim
1284 4944 1590 5013 scripsimus
1622 4938 1783 5003 vobis,
1819 4956 1919 4992 non

336 5009 650 5081 increpantes
687 5009 867 5077 ﬁdem,
916 5013 1007 5064 sed
1057 5022 1114 5065 ut
1165 5013 1304 5065 vobis
1332 5009 1781 5081 sa'tisfaccremus,
1813 5019 1918 5063 etc.

338 5076 632 5151 Liberatus
656 5090 844 5151 autem
893 5082 973 5135 sic
1014 5083 1410 5151 interpretatur
1446 5076 1477 5135 ε’
1502 5082 1655 5136 Uuite
1698 5089 1922 5133 vosmet-

338 5148 500 5217 ipsos,
531 5150 663 5205 nihil
689 5150 1007 5204 dubitantes.
1044 5148 1177 5205 Hac
1198 5155 1339 5206 enim
1374 5153 1678 5221 scripsimus
1708 5151 1925 5221 noniu-

244 5232 253 5249 -'
340 5228 593 5274 uouentes
632 5220 814 5287 ﬁdem,
862 5223 953 5274 sed
990 5222 1131 5275 vobis
1170 5220 1574 5291 satisfacientes.
1609 5221 1688 5274 Ex
1724 5220 1926 5289 quibus

340 5301 567 5362 apparet
593 5306 689 5343 eos
731 5291 928 5360 legisse
963 5291 1201 5345 ὲνὼσατε
1251 5293 1351 5362 μὲν
1382 5291 1631 5352 ἑαυτούς,
1672 5299 1779 5344 etc.
1816 5291 1929 5343 Me-

340 5356 451 5430 lior
493 5366 677 5414 tamen
713 5356 809 5415 est
846 5371 1157 5417 nostrorum
1200 5356 1453 5418 codicum
1499 5362 1795 5430 scriptura.
1826 5362 1925 5413 Se-

342 5429 534 5503 quitur
559 5431 706 5503 enim
736 5432 901 5499 paulo
930 5445 1051 5502 post
1081 5432 1574 5503 α’,αοεματίζομεν.

415 5497 559 5572 (θὸλ-
588 5500 715 5572 {itii
738 5497 1047 5572 ’γνησίους
1090 5497 1267 5572 ὑμᾶς’
1294 5497 1483 5566 υιοϋςῖ.
1527 5499 1682 5566 Quod
1733 5498 1787 5552 in
1813 5570 1821 5572 _
1845 5498 1931 5554 his

236 5602 245 5613 κ
344 5564 562 5640 Evagrii
593 5564 981 5640 libris—saepius
1008 5564 1237 5639 accidit,
1296 5573 1348 5627 id
1402 5564 1505 5627 hoc
1542 5564 1764 5639 quoque
1812 5570 1931 5623 loco

346 5635 552 5711 [actum
594 5647 728 5711 est,
778 5635 994 5711 ut—xai
1067 5659 1166 5711 pro
1214 5635 1316 5704 ’ὡς
1378 5635 1701 5711 poneretur.
1769 5640 1931 5693 Certe

347 5701 644 5767 Liberatus
676 5707 767 5763 hic
802 5710 932 5778 legit
963 5701 1082 5773 ὡς,’
1110 5723 1165 5766 ut
1198 5730 1264 5767 ex
1302 5701 1773 5785 vinicrpretatioue
1814 5713 1933 5781 ejus

2021 4666 2273 4728 apparet.
2297 4658 2390 4731 Sig.
2412 4658 2559 4731 enim
2594 4659 2796 4715 vertit:
2831 4657 3179 4715 Sanctissima
3216 4676 3442 4731 namque
3484 4678 3606 4731 ma~

2026 4727 2108 4783 tér
2130 4738 2313 4782 nostra
2344 4727 2603 4800 Ecclesia,
2634 4738 2893 4800 tauquam
2921 4747 3039 4799 qua:
3084 4733 3267 4800 genuit
3304 4727 3414 4792 vos,
3463 4730 3607 4798 ﬁlios

2028 4807 2294 4868 exspectat
2325 4797 2574 4867 amplecti
2605 4815 2668 4854 ea:
2699 4797 2854 4870 longo
2905 4797 3023 4869 post
3070 4797 3324 4871 (erupere,
3365 4797 3607 4855 dulcem-

2029 4884 2129 4939 que
2177 4884 2353 4939 vocem
2394 4878 2629 4939 pestmm
2677 4872 2997 4938 concupiscit
3037 4871 3240 4925 audire.
3285 4871 3398 4924 Nec
3445 4871 3610 4925 aliter

2032 4936 2165 5010 legit
2190 4936 2482 5010 facundus
2516 4938 2570 4991 in
2602 4939 2698 4992 lib.
2728 4956 2825 4994 xu.
2846 4936 2939 4993 ita
2967 4940 3114 5010 enim
3129 4940 3302 5010 habet
3332 4942 3453 5010 ejus
3479 4956 3606 4994 ver-

2031 5007 2113 5061 sio
2141 5026 2154 5060 :
2186 5007 2384 5079 Sancta
2410 5010 2548 5061 enim
2577 5018 2746 5062 mater
2785 5017 2968 5062 nostra
3010 5008 3268 5079 Ecclesia,
3312 5007 3445 5064 sicut
3486 5027 3609 5079 pro-

2033 5079 2175 5147 prios
2224 5078 2364 5146 ﬁlios
2408 5094 2530 5131 suos
2573 5080 2810 5148 suscipit.
2858 5077 3413 5148 Amplectiminicam.
3453 5077 3607 5133 Desi-

2033 5149 2184 5202 derat
2244 5150 2381 5201 enim
2429 5156 2542 5216 post
2570 5217 2573 5218 7
2601 5148 2814 5218 longum
2873 5156 3075 5218 tempus
3122 5148 3326 5202 dulcem
3378 5158 3607 5203 vestram

2034 5233 2207 5271 rocem
2240 5217 2447 5270 audire.
2476 5217 2582 5271 Sed
2621 5217 2702 5272 et’
2724 5218 2956 5286 Niceph.
2982 5217 3267 5287 'scriptum
3300 5218 3466 5273 habet
3513 5222 3612 5271 καὶ

2036 5288 2109 5349 ὡς
2145 5288 2422 5357 γνησίους.
2462 5287 2634 5342 Porro
2667 5304 2735 5342 ex
2778 5287 3113 5356 supradictis
3158 5298 3388 5357 apparet
3440 5288 3611 5342 Libe-

2036 5364 2215 5414 ratum
2250 5364 2306 5411 et
2341 5356 2656 5412 Facundum
2690 5358 2742 5412 in
2781 5357 3017 5412 Zenonis
3065 5356 3247 5412 edicto
3279 5358 3475 5427 legisse
3503 5359 3615 5427 μή-

2036 5442 2143 5498 ·εηρ
2192 5427 2372 5498 ἡμῶν,
2426 5430 2572 5497 quod
2621 5428 2844 5498 quidem
2892 5428 3066 5498 magis
3103 5428 3300 5498 placet.
3341 5427 3613 5483 Prazterca

2040 5495 2330 5569 Facundus
2362 5495 2493 5569 legit
2522 5495 2946 5569 περιπτύξασθε,
2984 5495 3180 5569 [ιοιιῖιι
3206 5498 3369 5568 vulgo
3410 5497 3617 5569 legitur

2041 5566 2497 5634 περιπτύξασθαι.
2533 5566 2664 5633 Qum
2701 5578 2882 5622 tamen
2925 5568 3198 5636 scriptura
3240 5566 3393 5622 nullo
3443 5566 3615 5620 modo

2044 5636 2264 5708 tolerari
2299 5646 2496 5705 potest.
2544 5637 2791 5708 Denique
2828 5638 3115 5693 Liberatus
3146 5639 3341 5708 legisse
3389 5636 3614 5691 videtur

2041 5708 2103 5757 ἐκ
2132 5706 2230 5775 τῆς
2260 5708 2500 5776 χρονίας,
2538 5725 2646 5763 non
2683 5706 2864 5763 autem
2890 5709 2981 5761 καὶ
3020 5710 3118 5775 τῆς
3155 5706 3392 5781 χρονίας.
