4070 6176
432 219 434 221 ’
447 211 598 274 2529

1387 195 1774 258 HISTOI’iUE
1814 195 2408 259 ECCLESIASTICJE
2449 201 2680 261 LIBER
2721 201 2837 261 Ill;

3589 213 3735 279 2630

453 319 760 392 Καλχηδόνι
796 317 1015 372 σύνοδον
1046 311 1349 384 ἀναφανδὸν
1394 307 1814 379 ἅναθεματίσαι.
1853 307 2018 377 Ὅπερ

2135 310 2648 380 Hierosolymorum
2709 310 2779 365 ad
2842 311 3100 367 eumdem
3165 314 3388 370 Petrum
3443 321 3735 391 synodica:

444 414 508 476 ’ἐς
550 412 808 466 Ἀκάκιον
841 411 994 464 ἐλθὸν
1022 408 1112 462 τὸν
1147 399 1778 463 Κωνσταντινουπόλεως
1807 399 2036 452 συνετά-

454 501 604 574 ραξε.
639 500 860 571 Πέμψαι
887 517 947 552 τε
972 495 1239 565 πεποίηκέ
1263 509 1416 557 τινας
1448 493 1514 546 τὰ
1537 490 1896 563 περὶτούτων
1926 490 2038 542 εἰσ-

449 594 679 664 ομένους
699 598 716 615 ⁹
747 591 841 654 οὒς
879 590 942 661 δὴ
973 591 1181 660 Πέτρος
1205 586 1572 658 πληροφορεῖν
1603 583 1924 654 βουλόμενος
1961 582 2036 645 ὡς

450 683 606 736 οὐδὲν
632 682 845 736 τοιοῦτο
870 680 1168 750 πεπραχὼς
1199 680 1308 748 εἴη,
1341 678 1709 747 ὑπομνήματα
1732 675 2032 745 γέγραφεν,

447 778 507 830 ὲν
533 773 613 840 οἷς
643 793 786 840 τινες
822 777 1076 846 εἰρήκασι
1115 772 1282 844 μηδὲν
1337 770 1548 825 τοιοῦτο
1603 770 1903 824 συνειδέναι
1940 783 2033 836 γε·

448 867 686 937 γραφότι
718 866 796 936 τῷ
828 867 1022 936 Πέτρῳ
1055 865 1152 934 (5).

2143 418 2272 458 suas
2318 402 2488 456 misit.
2525 403 2721 457 Postea
2767 411 2948 457 tamen
2998 404 3221 472 quidam
3270 421 3300 461 a
3347 413 3734 467 communione

2140 495 2289 550 Petri
2321 510 2441 550 sese
2475 494 2884 565 abjunxerunt:
2915 506 3080 566 atque
3114 496 3314 552 exinde
3345 499 3544 558 Petrus
3572 502 3732 558 Chal-

2140 586 2510 642 ccdonensem
2587 586 2854 657 synodum
2933 587 3154 656 publice
3223 589 3731 647 anathematizant.

2139 679 2270 744 Quae
2305 693 2394 732 res
2440 694 2563 732 cum
2606 679 2858 732 nuntiata
2906 687 3053 733 esset
3091 681 3291 735 Acacio
3338 680 3732 738 Constantino-

2136 771 2330 840 polcos
2362 770 2646 840 episcopo,
2685 786 2796 824 non
2823 771 3176 826 mediocriter
3201 788 3328 827 eum
3355 775 3727 830 conturbavit.

2126 862 2287 917 Missi
2328 869 2458 916 sunt
2493 862 2660 932 igitur
2692 862 2760 915 ab
2804 861 3026 927 Acacio,
3075 863 3238 934 350
3275 865 3370 934 qui
3407 866 3485 921 rei
3520 867 3726 922 verita-

451 975 562 1020 tem
615 961 981 1031 inquirerent.
1027 961 1242 1028 Quibus
1290 977 1416 1016 cum
1461 961 1660 1016 Petrus
1705 960 2038 1030 persuadere
2077 959 2264 1024 vellet,
2332 958 2472 1013 nihil
2536 959 2853 1028 hujusmodi
2883 971 2998 1012 ase
3022 957 3225 1014 factum
3265 975 3408 1027 esse,
3443 971 3564 1017 acta
3592 977 3726 1016 con-
3778 1028 3782 1033 .

453 1055 541 1111 (lci
612 1057 849 1120 curavit,
896 1055 951 1109 in
1025 1055 1228 1125 quibus
1273 1055 1497 1125 quidam
1540 1053 1725 1110 testati
1773 1062 1920 1120 sunt,
1963 1051 2103 1107 nihil
2139 1051 2458 1124 hujusmodi
2509 1051 2659 1121 quod
2697 1050 2921 1120 quidem
2971 1050 3202 1118 scirent,
3245 1067 3276 1106 a
3317 1053 3479 1110 Petro
3515 1056 3723 1111 factum

449 1145 644 1201 fuisse.
719 1169 728 1175 -

1154 1262 1408 1315 ΚΕΦΑΛ.
1432 1260 1531 1315 ῙΖ’.

448 1354 589 1423 Περὶ
616 1351 704 1410 ὧν
750 1356 977 1424 ἔγραψε
1016 1352 1238 1424 Πέτρος
1287 1354 1539 1424 Ἀκακίῳ
1575 1351 1879 1422 δεξαμένῳ
1913 1352 2029 1422 τὴν

833 1423 915 1479 ἐνί
947 1423 1291 1493 Καλχηδόνι
1351 1423 1637 1477 σύνοδον.

511 1531 689 1599 ,Οὗτος
713 1537 746 1616 ’ὁ
771 1536 998 1605 Πέτρος,
1039 1536 1114 1600 ὡς
1161 1535 1414 1605 κόθορνος
1446 1533 1521 1603 (4)
1559 1535 1654 1587 καὶ
1695 1534 2030 1605 παλίμϐολος
2059 1558 2107 1616 Β

445 1629 540 1682 καὶ
578 1631 686 1691 τοῖς
718 1629 926 1698 καιροῖς
955 1626 1448 1696 συνδιατιθέμενος.
1481 1628 1680 1696 ἥκιστα
1713 1627 1850 1696 πρός
1898 1627 2027 1696 μίαν

445 1719 578 1788 ἔστη
609 1716 835 1789 γνώμην
861 1733 875 1746 ⁶
920 1718 1014 1770 νῦν
1042 1718 1140 1786 μὲν
1169 1716 1581 1787 ἀναθεματίζων
1604 1716 1701 1786 τὴν
1728 1717 1782 1767 ἐν
1808 1717 2030 1788 Καλχη-

442 1809 551 1863 δόνι
584 1809 800 1861 σύνοδον
829 1824 845 1840 ·
875 1807 969 1861 νῦν
996 1809 1072 1871 δὲ,
1108 1807 1436 1877 παλινῳδίαν
1466 1808 1662 1875 λέγων,
1697 1807 1791 1860 καλ⁵
1821 1809 2026 1878 ταύτην

441 1901 644 1970 ψήφοις
662 1901 900 1963 ἀπάσαις
927 1900 1234 1969 δεχόμενος.
1263 1899 1514 1969 Γέγραφε
1538 1899 1717 1951 τοίνυν
1736 1897 2026 1969 ἐπιστολὴν

443 1993 472 2048 ὁ
503 1994 665 2056 αὐτὸς
697 1995 898 2064 Πέτρος
938 1993 1076 2064 πρὸς
1119 1991 1376 2044 Ἀκάκιον
1425 1991 1518 2043 τὸν
1548 1991 1648 2060 τῆς
1679 1993 2024 2044 Κωνσταντι-

442 2084 748 2147 νουπόλεως
776 2084 1057 2155 πρόεδρον,
1087 2083 1180 2136 ἐπὶ
1208 2083 1406 2148 λέξεως
1438 2081 1666 2151 ἔχουσαν
1714 2082 1885 2144 οὕτως
1908 2097 1922 2112 ’
1966 2081 2025 2135 '0

444 2176 574 2238 Θεὸς
607 2179 634 2228 ὁ
682 2176 906 2244 ὕψιστος
960 2178 1058 2246 τὴν
1105 2177 1208 2245 σὴν
1234 2173 1544 2244 ἁγιωσύνην
1574 2173 1891 2243 ἀμείψηται,
1921 2175 2024 2226 ὑπό

439 2284 498 2320 τε
529 2267 706 2320 πόνων
749 2268 825 2336 (5)
859 2267 953 2320 καί⁵
1002 2267 1263 2336 καμάτων
1305 2265 1598 2327 τοσούτων.
1632 2258 1708 2319 ὧν
1751 2266 2023 2335 περιόδοις

439 2361 650 2431 χρόνων
693 2357 966 2428 ὲφύλαξας
1017 2359 1116 2430 τὴν
1147 2358 1256 2411 τῶν
1301 2358 1476 2426 ἁγίων
1516 2358 1776 2428 Πατέρων
1813 2359 2017 2424 πίστιν,

439 2452 504 2522 ὴν
533 2451 973 2514 ἀκαταπαύστως
1016 2449 1302 2523 κηρύττων
1350 2450 1708 2512 ὲϐεϐαίωσας.
1749 2452 1838 2504 Ἐν
1927 2452 2022 2505 καὶ

441 2542 502 2594 τὸ
548 2541 817 2611 σύμϐολον
865 2542 1116 2611 κείμενον
1151 2540 1258 2593 τῶν
1291 2548 1396 2610 τιη¹
1426 2541 1596 2608 ἁγίων
1630 2540 1892 2612 Πατέρων
1923 2542 2018 2592 εύ-

445 2633 628 2702 ρόντες
659 2633 990 2698 ἀκολούθως,
1015 2634 1071 2684 ἐν
1094 2626 1138 2699 ᾧ
1190 2632 1578 2702 βαπτισθέντες
1620 2632 2020 2702 ἐπιστεύσαμεν

440 2727 534 2777 καὶ
589 2724 917 2793 πιστεύομεν
946 2741 960 2754 ο
1025 2724 1166 2795 ὅπερ
1209 2725 1303 2777 καὶ
1353 2722 1692 2776 ἐϐεϐαίωσαν
1724 2725 1774 2776 οἱ
1821 2725 2018 2777 συνελ-

438 2816 621 2880 θόντες
678 2818 737 2869 ἐν
786 2816 1357 2870 Κωνσταντινουπόλει
1414 2815 1559 2882 ἆγιοι
1615 2816 1860 2886 ΙΙατέρες
1917 2823 2014 2887 ρν’.

2752 1257 2904 1314 CAP.
2945 1259 3108 1314 XVII.

2133 1351 2213 1408 De
2245 1353 2324 1407 his
2349 1367 2466 1423 qua:
2496 1351 2688 1405 Petrus
2729 1351 3039 1423 scripsitad
3065 1351 3336 1415 Acacium,
3373 1353 3464 1423 qui
3507 1350 3726 1408 Chalce-

2470 1424 2754 1474 donensem
2789 1421 3046 1491 synodum
3071 1421 3393 1491 susceperat.

2211 1532 2313 1588 llic
2351 1533 2499 1587 enim
2536 1533 2754 1595 Petrus,
2805 1533 2978 1586 veluti
3015 1533 3326 1588 cothurnus
3382 1533 3605 1604 quidam
3658 1550 3722 1591 ac

2134 1633 2440 1688 veterator,
2474 1632 2530 1678 et
2588 1623 2683 1693 qui
2725 1623 3070 1692 temporibus
3105 1638 3224 1677 sese
3255 1627 3718 1692 accommodaret,

2135 1716 2189 1770 in
2224 1716 2414 1770 eadem
2449 1715 2722 1770 sententia
2763 1715 2988 1768 minime
3013 1718 3406 1784 perseveravit.
3442 1718 3547 1773 Sed
3573 1735 3721 1776 nunc

2133 1807 2641 1862 Chalcedonensem
2698 1807 2966 1877 synodum
3018 1807 3121 1860 sub
3186 1809 3536 1865 anathemate
3569 1812 3722 1868 dam-

2131 1901 2303 1955 nabat
2330 1918 2342 1953 :
2371 1916 2520 1955 nunc
2553 1901 2889 1971 palinodiam
2923 1915 3145 1967 canens,
3177 1901 3426 1957 eamdem
3459 1905 3719 1962 omnibus

2132 1993 2411 2064 suffragiis
2435 1993 3106 2064 amplectebatur.ltaque
3152 1994 3442 2063 epistolam
3494 1997 3720 2067 scripsit

2131 2084 2199 2138 ad
2229 2083 2490 2138 Acaciqu
2519 2082 3193 2152 Constantinopolitanum
3228 2084 3552 2152 antistitem,
3594 2102 3718 2156 quae

2129 2175 2198 2230 ad
2227 2175 2455 2230 verbum
2486 2175 2565 2230 sic
2609 2175 2777 2229 habet
2819 2191 2830 2227 :
2881 2175 3029 2229 Deus
3079 2176 3381 2230 altissimus
3437 2178 3716 2233 sanctitati

2130 2274 2238 2319 ture
2277 2265 2587 2320 mercedem
2641 2264 2912 2334 rependet
2956 2279 3057 2333 pro
3099 2264 3266 2318 tantis
3325 2265 3611 2321 laboribus
3652 2281 3716 2321 ac

2129 2357 2416 2423 molestiis,
2449 2371 2587 2427 quas
2616 2371 2716 2426 per
2749 2364 2827 2410 tot
2848 2371 3123 2409 annorum
3147 2356 3421 2411 curricula
3445 2358 3715 2412 sustinui-

2128 2450 2222 2514 sti,
2255 2459 2570 2505 sauctorum
2625 2449 2849 2503 Patrum
2890 2447 3050 2502 ﬁdem
3087 2463 3425 2505 conservans
3477 2468 3490 2503 :
3548 2465 3712 2519 quam

2129 2543 2354 2613 quidem
2386 2541 2605 2597 assidue
2636 2541 2941 2611 prmdicans
2975 2540 3335 2595 conﬁrmasti.
3371 2539 3484 2606 Qua
3509 2540 3566 2596 in
3607 2542 3714 2597 (ide

2129 2635 2444 2706 symbolum
2474 2648 2696 2702 quoque
2751 2640 3125 2687 trecentorum
3151 2641 3208 2685 et
3241 2632 3544 2686 octodecim
3585 2647 3700 2688 san-

2127 2737 2340 2782 ctorum
2373 2723 2597 2779 Patrum
2623 2732 2772 2779 recte
2807 2731 2972 2792 atque
3003 2723 3196 2777 ordine
3225 2723 3468 2792 positum
3495 2724 3711 2778 inveni-

2127 2835 2251 2873 mus
2285 2837 2298 2872 :
2339 2819 2392 2873 in
2429 2835 2540 2888 quo
2575 2819 2704 2872 olim
2739 2817 3003 2886 baptizati
3055 2817 3418 2882 credidimus,
3459 2828 3514 2874 et
3563 2833 3712 2874 nunc

450 2909 915 2972 Ἀκαταπαύστως
951 2907 1129 2962 τοίνυν
1157 2908 1366 2969 πάντας
1403 2906 1635 2976 ὁδηγῶν,
1659 2908 1878 2977 ἤνωσας
1921 2909 2018 2978 τὴν

2125 2909 2433 2965 credimus:
2467 2909 2614 2978 quod
2636 2908 2858 2978 quidem
2889 2916 3052 2962 etiam
3107 2909 3492 2964 confirmatum
3541 2918 3625 2966 est
3680 2927 3710 2966 a

435 3001 602 3067 ἁγίαν
636 3000 731 3054 τοῦ
763 3000 898 3052 Θεοῦ
947 2999 1298 3069 Ἐκκλησίαν,
1328 2999 1524 3061 πείσας
1559 3001 1706 3068 ἡμᾶς
1735 3000 1826 3052 διὰ
1859 3001 2020 3070 μεγίο

437 3109 579 3145 στων
629 3093 1041 3162 ὑποδειγμάτων
1072 3093 1147 3154 ὡς
1190 3091 1341 3144 οὐδέν
1377 3093 1491 3144 ἐστι
1528 3093 1683 3161 παρὰ
1718 3092 1889 3145 ταῦτα
1919 3110 2018 3146 πε-

434 3185 750 3254 πραγμένον
780 3187 838 3236 ὲν
868 3187 935 3254 τῇ
979 3183 1260 3255 ἁγιωτάτῃ
1294 3185 1386 3236 καὶ
1423 3185 1776 3253 οἰκουμενικῇ
1813 3186 2016 3255 συνόδῳ

433 3278 498 3344 τῇ
512 3276 569 3326 ὲν
595 3273 897 3344 Καλχηδόνι
927 3273 1216 3345 γενομένῃ,
1238 3271 1632 3342 συμφωνούσης
1653 3276 1747 3325 καὶ
1764 3273 2015 3342 βεϐαιού-

436 3383 534 3437 σης
564 3367 658 3436 (m)
693 3366 764 3419 τὰ
788 3370 899 3430 τοῖς
929 3369 986 3419 ὲν
1035 3367 1243 3436 Νικαίᾳ
1290 3364 1469 3432 ἁγίοις
1509 3365 1808 3434 Πατρόισιν.
1847 3367 2013 3418 Οὐδὲν

431 3461 539 3529 γὰρ
601 3459 854 3528 εὑρόντες
892 3457 1081 3510 καινὸν
1129 3456 1434 3518 αὐτοτελῶς
1478 3458 1886 3528 συνεστήσαμεν
1917 3458 2013 3512 καὶ

430 3549 902 3618 πεπιστεύκαμεν.
932 3547 1350 3617 Μεμαθήκαμεν
1375 3545 1452 3608 δὲ,
1473 3546 1548 3608 ὼς
1575 3547 1719 3610 τινὲς
1753 3547 2013 3617 μονάζον-

428 3660 518 3705 τες
552 3641 872 3712 φθονοῦντες
899 3644 964 3711 τῇ
1007 3639 1167 3710 ἡμῶν
1219 3639 1560 3710 ἀδελφότητι,
1597 3642 1675 3703 είς
1715 3640 1812 3704 τὰς
1859 3641 2012 3711 ὑμῶν

427 3733 580 3795 ὁσίας
627 3732 797 3793 ἀκοὰς
826 3732 1154 3801 εἰσήνεγκαν
1183 3728 1453 3800 λοιδορίας
1488 3732 1662 3794 τινας,
1697 3731 1797 3783 ούκ
1854 3731 2010 3800 εὐχε-

431 3825 540 3897 ρῶς
572 3823 917 3896 μεταγούσας
947 3823 1027 3886 είς
1049 3822 1228 3891 λύπην
1282 3821 1380 3893 τὴν
1412 3822 1567 3893 ἡμῶν
1593 3823 1863 3891 ὁσιότητα.
1900 3823 2012 3875 Καὶ

427 3917 642 3989 πρῶτον
677 3917 774 3990 μὲν
806 3915 882 3981 ὡς
911 3915 980 3970 τὰ
1031 3913 1263 3984 λείψανα
1309 3912 1403 3967 τοῦ
1446 3916 1504 3967 ὲν
1537 3913 1712 3983 ἁγίοις
1745 3914 1820 3986 (6)
1845 3914 2005 3986 ἡμῶν

2126 3009 2348 3056 centum
2380 3011 2435 3054 et
2461 2999 2864 3069 quinquaginta
2888 3000 3095 3054 sanctis
3127 3000 3388 3055 Patribus
3435 3002 3530 3072 qui
3563 3003 3712 3058 Con-

2125 3092 2485 3161 stantinopoli
2515 3101 2917 3146 convenerunt.
2946 3093 3026 3146 Tu
3082 3109 3213 3164 ergo
3254 3094 3372 3148 sine
3430 3095 3714 3151 intermis.

2123 3184 2280 3238 sione
2311 3185 2454 3237 viam
2484 3184 2744 3237 omnibus
2767 3192 3101 3249 monstrans,
3133 3195 3373 3239 sanctam
3396 3186 3491 3240 Dei
3528 3188 3714 3242 Eccle-

2123 3274 2260 3329 siam
2300 3274 2555 3328 adunasti
2584 3291 2596 3336 ;
2631 3275 2835 3344 quippe
2870 3275 2964 3343 qui
2997 3275 3326 3330 certissimis
3367 3277 3712 3346 argumentis

2121 3366 2285 3421 nobis
2313 3367 2680 3436 persuaseris,
2713 3366 2857 3420 nihil
2891 3374 3082 3422 contra
3129 3367 3247 3421 haec
3284 3377 3468 3422 actum
3503 3384 3624 3423 esse
3653 3369 3710 3424 in

2120 3457 2464 3511 sanctissima
2497 3465 2552 3512 et
2575 3457 2872 3510 universali
2923 3457 3135 3527 synodo
3188 3472 3310 3525 qua:
3361 3457 3710 3514 Chalcedone

2119 3557 2448 3620 congregata
2495 3557 2611 3603 est:
2647 3558 2837 3617 utpote
2871 3538 2992 3617 quae
3026 3563 3151 3602 cum
3205 3551 3414 3604 sanctis
3451 3552 3710 3607 Patribus

2120 3642 2251 3697 olim
2278 3642 2469 3696 Nicaea:
2503 3641 2750 3695 collectis
2781 3640 3124 3705 consentiat,
3158 3655 3460 3710 eorumque
3487 3642 3708 3697 decreta

2119 3735 2430 3790 conﬁrmet.
2463 3733 2600 3789 Cum
2643 3733 2813 3802 igitur
2834 3732 2974 3787 nihil
3003 3732 3057 3785 in
3097 3748 3161 3786 ea
3208 3742 3469 3787 novatum
3506 3734 3707 3804 depreq

2120 3825 2504 3890 henderimus,
2547 3824 2700 3877 ultro
2727 3838 2792 3878 ac
2833 3830 3030 3892 sponte
3051 3838 3381 3878 consensum
3415 3839 3479 3880 ac
3543 3809 3722 3881 lidem‘

2115 3918 2166 3972 ei
2192 3917 2751 3973 accommodavimus.
2777 3915 3149 3987 Cognovimus
3171 3924 3354 3972 autem
3407 3920 3704 3976 monachos

1608 4055 1880 4112 VALESll
1932 4055 2498 4115 ANNOTATIONES.

424 4161 680 4216 Ammone
721 4161 774 4210 et
818 4154 1026 4210 Joanne
1068 4153 1307 4224 episcopo
1347 4149 1637 4224 Magileos,
1659 4159 1725 4224 et
1744 4152 1808 4204 ab
1850 4151 2011 4205 abba-

428 4232 560 4287 tibus
603 4229 996 4295 monachorum,
1033 4220 1302 4295 inferioris
1359 4220 1577 4295 mgypa
1620 4220 1759 4295 (reita
1799 4239 2006 4295 passus,

426 4310 475 4357 et
513 4300 768 4354 seditione
799 4299 844 4350 ei
881 4298 933 4349 in
967 4292 1210 4350 Cresarea
1255 4292 1473 4346 basilica
1521 4299 1575 4344 ut
1615 4293 1809 4345 dicitur
1843 4293 2007 4361 facta,

2119 4153 2629 4207 anathematizavit.

2191 4223 2265 4294 (5)
2309 4225 2642 4303 Γεγραρότι
2669 4220 2996 4303 τῷῄηέτρῳ.
3035 4220 3401 4303 scribendum
3430 4221 3581 4303 .mihi
3623 4225 3703 4303 vi—

2117 4292 2278 4348 detur
2334 4295 2660 4364 πεπραχότι.
2711 4293 2892 4363 Atque
2942 4292 3016 4346 ita
3067 4293 3201 4365 legit
3256 4292 3599 4363 Nicephorus
3644 4297 3702 4352 in

427 4368 897 4438 anathematizauit
930 4367 1188 4438 synodum
1219 4362 1692 4438 Chalcedonensem
1724 4371 1777 4438 et
1813 4371 2012 4438 tomum
2048 4362 2088 4418 ι)
2121 4380 2242 4438 cap.
2282 4365 2384 4438 15,
2411 4362 2508 4418 lib.
2549 4380 2663 4438 xy].

428 4437 815 4512 papw'lieonis.
847 4437 914 4512 Et
939 4434 1047 4512 [nec
1079 4436 1218 4504 fecit,
1260 4451 1376 4512 cum
1399 4434 1518 4502 jam
1548 4434 1839 4502 scripsisset
1868 4435 2008 4487 Aca-

429 4505 510 4565 cio
544 4520 590 4562 et
622 4508 914 4577 Simplicio.
956 4508 1079 4576 quia
1108 4505 1523 4577 commurnicator
1563 4519 1744 4556 eorum
1787 4513 1919 4577 esset
1960 4513 2009 4558 et

425 4591 624 4635 sancta:
645 4575 851 4648 synodi.
887 4577 956 4631 Et
970 4575 1055 4630 'Iu's
1082 4578 1158 4629 ita
1191 4576 1367 4648 gestis,
1400 4575 1759 4648 abscesserunt
1789 4575 2008 4643 quidam

427 4670 460 4704 a
497 4651 640 4704 Petri
676 4646 1066 4713 communione,
1102 4655 1149 4698 et
1188 4646 1411 4698 Romam
1445 4646 1821 4697 nuntiaverunt
1857 4662 2010 4714 papa:

425 4719 686 4775 Romano.
726 4720 857 4784 Quae
901 4732 1026 4771 cum
1073 4716 1184 4770 sint
1229 4715 1374 4784 satis,
1421 4714 1679 4775 obscura,
1724 4716 1796 4767 ita
1844 4731 2012 4784 expo-

425 4792 604 4848 nenda
655 4783 776 4845 esse
829 4788 962 4842 mihi
1016 4786 1294 4841 videntur.
1353 4783 1551 4839 Petrus
1604 4784 1850 4853 Mongus,
1881 4783 2006 4840 cam

427 4861 482 4916 in
537 4861 721 4915 sedem
773 4857 1198 4913 Alexandrinam
1256 4855 1414 4925 pulso
1459 4854 1668 4909 Joanne
1718 4856 2005 4910 restitutus

424 4943 592 4990 esset.
647 4931 829 5000 primo
869 4929 1092 4998 quidem
1131 4925 1562 5000 simulate-egit,
1616 4934 1672 5000 et
1710 4926 2004 5000 synodicas

422 4996 735 5056 litteras—ad
767 4996 1024 5054 Acacium
1051 5007 1107 5052 et
1133 4997 1200 5051 ad
1228 4996 1574 5065 Simplicium
1599 4996 1768 5056 misit.
1803 4997 2004 5064 quibus

425 5087 486 5126 se
520 5073 1044 5126 communicatorem
1075 5083 1196 5122 esse
1231 5066 1492 5121 Chalced.
1532 5065 1724 5137 synodi
1771 5068 2010 5120 allirma-

425 5141 540 5212 bat.
578 5143 688 5196 Eos
717 5156 938 5212 quoque
969 5139 1064 5209 qui
1100 5146 1260 5212 erant
1303 5152 1371 5191 ex
1411 5136 1572 5206 parte
1596 5136 1871 5212 Timothei
1914 5139 2008 5212 Sa:

423 5211 688 5277 lofacioli,
735 5206 808 5265 'in
849 5206 1322 5263 communionem
1379 5222 1532 5261 suam
1584 5206 1846 5272 admisit,
1929 5208 2008 5261 uti

429 5292 662 5337 testatur
709 5281 1020 5335 Liberatus.
1076 5280 1272 5335 Postea
1313 5293 1443 5331 vero
1482 5291 1607 5330 eum
1643 5277 1714 5330 ob
1748 5278 1889 5332 hanc
1937 5279 1999 5331 si-

425 5353 782 5407 mulationem
809 5352 1115 5419 cxagitalus
1145 5356 1291 5402 esset
1323 5347 1393 5419 ab
1425 5347 1781 5417 Eutychianis
1819 5364 2010 5402 mona-

424 5423 566 5488 chis,
591 5423 811 5493 publice
837 5417 891 5474 in
918 5417 1174 5474 Ecclesia
1199 5418 1469 5489 synodum
1501 5419 2008 5474 Chalcedonenscm

2189 4431 2265 4504 (4)
2307 4436 2528 4501 Πέτρος
2558 4437 2590 4487 ό
2656 4433 2963 4501 κόθορνος.
2997 4431 3156 4504 Hunc
3183 4435 3366 4489 locum
3400 4434 3594 4503 partim
3631 4451 3699 4492 ex

2117 4503 2449 4574 Nicephoro,
2485 4504 2684 4574 partim
2713 4504 3056 4574 auctoritate,
3083 4503 3381 4559 lilorenliui
3409 4505 3616 4561 codicis
3643 4517 3700 4562 et

2118 4573 2416 4645 Telleriani
2446 4573 2759 4630 emendavi.
2810 4575 2981 4645 Porro
3028 4573 3096 4628 de
3144 4575 3291 4630 Petri
3329 4576 3547 4645 ingenio
3578 4592 3698 4631 ino-

2117 4644 2212 4698 bili
2252 4661 2316 4699 ac
2363 4646 2736 4705 fraudulento.
2788 4643 2934 4698 idem
2984 4651 3217 4699 testatur
3268 4643 3557 4699 Liberatus
3612 4647 3701 4702 his

2115 4716 2304 4769 verbis
2331 4733 2345 4770 :
2373 4714 2475 4770 Sed
2501 4716 2791 4785 permansit
2824 4713 3009 4767 Petrus
3035 4715 3089 4767 in
3121 4717 3441 4785 episcopatu,
3471 4715 3699 4770 scribens

2118 4787 2310 4840 Aeacio
2357 4788 2485 4856 quia
2527 4795 2655 4840 esset
2693 4785 2878 4854 synodi
2910 4789 3344 4848 conmmnicator,
3403 4795 3452 4856 et
3502 4785 3698 4853 fallens

2111 4856 2503 4910 Alexandrinos
2537 4857 2662 4926 quia
2695 4873 2798 4908 non
2822 4856 3234 4926 communicaret
3253 4855 3450 4925 synodo
3481 4872 3499 4909 :
3534 4856 3610 4909 ita
3639 4865 3699 4912 ut

2111 4929 2326 4995 quidam
2344 4923 2851 4980 comum'nicatorum
2874 4925 2986 4995 ejus
3003 4923 3199 4990 clerici,
3222 4923 3462 4979 monachi
3481 4936 3527 4978 et
3552 4925 3697 4994 laici,

2110 5007 2476 5067 cognoscentes
2511 4999 2624 5069 ejus
2659 4996 2954 5069 fallaciam,
3006 4997 3372 5069 separaveriut
3405 5013 3462 5050 se
3484 4997 3548 5050 ab
3583 4998 3698 5069 ejus

2108 5066 2496 5122 communione.
2538 5067 2606 5139 Et
2646 5077 2796 5119 extra
2839 5066 3087 5139 collectas
3126 5067 3376 5137 facientes
3405 5083 3509 5121 non
3555 5066 3699 5139 passi

2106 5147 2227 5190 sunt
2265 5139 2465 5207 nomini
2498 5137 2610 5207 ejus
2645 5137 3056 5207 communicare.

2182 5210 2256 5276 (5)
2294 5206 2442 5260 Ὑπό
2466 5206 2528 5260 τε
2556 5209 2778 5260 πόνων.
2806 5206 3170 5260 Scribendum
3196 5216 3280 5262 est
3303 5207 3499 5276 procul
3527 5206 3698 5262 dubio

2111 5279 2252 5349 ύπέρ
2277 5295 2334 5330 τε
2363 5279 2562 5349 πόνων.
2596 5277 2702 5331 Pro
2739 5276 3398 5349 apsigqeaclegendunt
3423 5286 3510 5332 est
3540 5278 3700 5349 ἁμείο

2109 5345 2306 5420 ψετὰι,
2334 5356 2394 5401 ut
2442 5347 2610 5420 habet
2652 5345 2826 5420 codex
2873 5345 3218 5420 'l’ellerizuius
3256 5357 3327 5420 et
3358 5345 3590 5420 Niceph.

2184 5419 2258 5488 (6)
2296 5418 2388 5482 Ὠς
2411 5418 2483 5470 τὰ
2510 5416 2910 5485 λείψανίίτοῦ
2935 5417 3005 5468 ἐν
3033 5416 3244 5485 ἁγίοις.
3269 5416 3560 5490 Οιιὶεςιυῖῐι
3579 5416 3705 5488 qui-

1857 5537 2244 5595 VAlllORUM.

496 5635 592 5710 (ῆι)
634 5637 1092 5706 Σινμερωνούσης
1123 5636 1219 5690 καὶ
1245 5634 1638 5702 βεϐαιούσης.
1682 5633 1998 5705 Legendum

2124 5632 2410 5710 squoﬁcn
2444 5635 2542 5690 καὶ
2572 5631 2890 5706 βεϐαιούσῃ.
2941 5631 3027 5689 W.
3068 5631 3294 5691 Lowﬂl.
