4024 6208
344 291 478 360 2631

1568 293 1886 355 EVAGRII
1925 290 2411 354 SCHOLASTICI

3470 290 3613 353 2632

340 403 611 476 quosdam
635 401 971 459 fraternitati
1004 409 1211 459 nostra:
1241 403 1577 469 invidentes,
1599 405 1667 459 ad
1698 405 1933 460 sanctis-

2050 404 2252 475 Πατίὺς
2273 402 2368 457 τοῦ
2396 403 2667 475 μακαρίου
2695 402 3131 473 ἀρχιεπισκόπου
3159 401 3427 473 Τιμοθέου
3488 419 3619 473 μετ-

341 500 511 550 sirnas
540 506 706 549 aures
760 502 975 548 vestras
1022 495 1274 563 quaedam
1335 493 1602 549 detulisse
1649 495 1922 560 convicia,

2028 496 2341 567 ηνέγκαμεν
2392 496 2473 559 εἰς
2515 496 2701 567 ἓτερον
2738 496 2926 549 τόπον.
2983 496 3163 566 Ὅπερ
3200 497 3435 567 πρᾶγμα
3492 493 3617 549 οὔτε

341 604 466 659 qua:
498 586 847 643 sanctitatem
878 593 1027 639 tuam
1072 585 1218 639 haud
1271 584 1434 641 facile
1484 586 1779 641 adversum
1825 601 1929 641 nos

2050 587 2169 659 ὒεῷ,
2196 586 2321 640 ούτε
2368 587 2555 657 νόμοις
2596 588 2809 657 πρέπον
2857 589 2993 641 ὲστί.
3036 589 3147 642 Καὶ
3175 588 3270 641 ἐπὶ
3295 587 3512 651 τούτοις
3535 588 3612 644 si;

342 680 627 735 concitare
662 684 986 747 potuerunt.
1036 677 1282 732 Primum
1309 678 1532 747 quidem
1567 679 1717 748 quod
1751 677 1929 732 sancti

342 769 520 824 Patris
544 768 721 825 nostri
739 776 796 823 et
825 767 1255 837 archiepiscopi,
1289 768 1435 823 beati
1476 769 1751 824 Timothei
1803 769 1934 824 reli-

234 920 247 931 ι
343 862 504 931 quias
522 863 695 919 alium
727 864 783 918 in
817 863 1001 917 locum
1023 861 1489 916 transtulerimus.
1519 863 1676 929 Quod
1705 863 1932 933 quidem

346 952 579 1019 facinus,
605 970 713 1011 nec
740 957 852 1011 Deo
892 962 1178 1025 acceptum
1230 969 1335 1010 nec
1394 955 1608 1026 legibus
1645 965 1936 1012 consenta-

347 1058 513 1100 neum
539 1047 698 1119 351
736 1057 844 1104 est.
877 1047 1089 1105 Deinde
1111 1048 1178 1103 ad
1211 1048 1443 1103 alterum
1472 1049 1684 1105 crimen
1737 1050 1937 1106 transi-

348 1136 514 1203 liunt,
544 1141 691 1211 quod
726 1156 827 1196 nec
852 1141 1161 1196 verisimile
1197 1149 1301 1204 est,
1334 1149 1392 1194 et
1421 1142 1609 1211 priore
1640 1141 1738 1197 illo
1772 1142 1937 1213 longe

352 1228 607 1287 deterius
652 1234 894 1288 videtur.
930 1231 1050 1297 Quo
1091 1232 1239 1286 enim
1297 1232 1464 1287 modo
1497 1242 1741 1288 sanctam
1777 1232 1940 1288 Chal-

351 1326 724 1378 cedonensem
772 1323 1043 1394 synodum
1104 1323 1573 1377 anathematizare
1634 1324 1937 1392 potuimus,

351 1415 441 1469 cui
475 1414 841 1476 credidimus,
892 1424 948 1467 ct
1000 1428 1166 1482 quam
1210 1412 1699 1468 conﬁrmavimus?
1750 1415 1942 1484 Neque

352 1521 486 1560 vero
510 1506 749 1576 ignoras,
770 1514 829 1557 ut
850 1503 1113 1567 arbitror,
1140 1519 1244 1558 nec
1264 1511 1412 1558 tuam
1438 1504 1574 1559 latet
1593 1506 1941 1573 sanctitatem

352 1606 559 1669 quanta
586 1596 656 1652 sit
674 1594 953 1649 aemulatio
993 1609 1059 1648 ac
1102 1594 1300 1649 levitas
1343 1595 1674 1663 populorum
1723 1606 1944 1652 nostro—

356 1704 501 1751 rum,
526 1695 582 1743 et
607 1685 1007 1742 monachorum
1036 1684 1195 1738 novis
1228 1685 1393 1739 rebus
1422 1684 1790 1740 studentium.
1837 1685 1942 1753 Qui

2030 678 2219 750 ἕτερον
2275 677 2660 748 μετεπήδησαν
2712 677 3016 733 ἀσύστατον
3079 680 3174 733 καὶ
3217 677 3313 732 τοῦ
3347 678 3617 749 προτέρου

2033 772 2236 841 χεῖρον.
2264 769 2389 833 Πῶς
2419 769 2528 839 γὰρ
2557 769 2984 840 ἀναθεματίζειν
3014 771 3236 840 εἴχομεν
3264 769 3365 839 τὴν
3393 772 3449 821 ὲν
3472 768 3615 821 Καλ-

2033 862 2220 934 χηδόνι
2244 861 2407 931 ἁγίαν
2435 861 2653 916 σύνοδον
2752 866 3141 927 πιστεύσαντες
3170 862 3572 923 ὲϐεϐαιώσαμεν
3596 880 3611 917 :

2037 956 2152 1007 Ούκ
2185 956 2460 1022 ἀγνοεῖται
2488 955 2566 1019 δὲ,
2588 955 2711 1007 οὐδὲ
2738 955 2932 1026 ὶέληθε
2971 959 3071 1024 τὴν
3118 954 3273 1026 ὑμῶν
3312 954 3621 1025 θεοφίλειαν

2037 1046 2145 1101 τῶν
2201 1046 2331 1117 παρ’
2354 1048 2489 1117 ἡμῖν
2527 1046 2675 1100 λαῶν
2705 1048 2733 1100 ὁ
2767 1047 2925 1117 ζῆλος
2951 1089 2965 1112 ,
2999 1048 3095 1101 καὶ
3142 1049 3175 1118 ή
3242 1047 3498 1117 ἐλαφρῑα,
3524 1048 3624 1100 καὶ

2038 1137 2146 1190 τῶν
2169 1137 2515 1207 νεωτερίζειν
2538 1138 2836 1192 ἐθελόντων
2865 1138 3229 1209 μοναζὸντων,
3269 1140 3470 1201 οἵτινες
3520 1154 3625 1207 με-

2040 1226 2369 1295 λετήσαντες
2423 1226 2540 1296 ἅμα
2583 1226 2725 1280 τισὶν
2778 1226 3119 1290 ἐθελοκάκοις
3149 1228 3247 1298 τῆς
3297 1226 3629 1295 Ἐκκλησίας

2041 1319 2502 1389 ἁποσκιρτήσασι,
2566 1319 2695 1381 τοὺς
2742 1317 2906 1380 λαοὺς
2956 1320 3211 1389 ἀποσπᾷν
3258 1317 3627 1388 ἐπιχειροῦσι.

2041 1408 2154 1462 Καὶ
2179 1408 2267 1461 διὰ
2304 1408 2416 1461 τῶν
2452 1409 2734 1479 ὑμετέρων
2764 1409 2939 1479 εὐχῶν
2966 1410 3321 1480 ἐσκεψάμεθα
3363 1410 3519 1478 λόγον
3545 1408 3630 1479 (7)

2044 1497 2341 1568 θεραπείας
2406 1499 2691 1569 ἐχόμενον,
2720 1499 2887 1571 μηδὲν
2947 1500 3252 1569 βλάπτοντα
3314 1501 3413 1570 τὴν
3462 1501 3630 1567 ἁγίαν

2047 1588 2265 1643 σύνοδον
2293 1590 2393 1659 τὴν
2421 1592 2480 1642 ὲν
2517 1589 2842 1661 Καλχηδόνι,
2868 1592 3067 1655 ειδότες
3090 1591 3241 1644 οὐδὲν
3266 1591 3451 1645 καινὴν
3482 1590 3631 1660 ἔχειν

2046 1680 2186 1750 αὐτῇ
2219 1682 2630 1752 πεπραγμένον.
2661 1680 2771 1735 Kal.
2799 1682 2936 1755 πρὸς
2965 1682 3341 1753 πεισμοσύνην
3369 1682 3478 1735 τῶν
3500 1685 3634 1737 ἀκε-

354 1778 739 1847 conjuratione
806 1775 952 1830 facta
1032 1787 1158 1827 cum
1243 1772 1578 1842 quibusdam
1657 1774 1942 1828 malevolis

2054 1768 2222 1839 ραίων
2243 1769 2339 1821 καὶ
2380 1769 2698 1839 ἀπολογίαν,
2732 1772 2859 1834 τοὺς
2899 1772 3354 1835 ἐπισυνε).θόντας
3384 1772 3516 1841 ἡμῖν
3545 1770 3628 1841 (8)

356 1864 683 1919 hominibus
714 1864 810 1933 qui
836 1862 905 1917 ab
947 1860 1194 1915 Ecclesia
1256 1869 1630 1926 recesserunt,
1678 1860 1944 1930 populum

2047 1855 2205 1912 τοῦτο
2232 1858 2412 1927 λέγειν
2457 1860 2861 1932 πεποιήκαμεν.
2896 1861 3007 1915 Καὶ
3035 1861 3193 1915 τοῦτο
3218 1861 3315 1931 μὲν
3347 1861 3423 1931 (9)
3461 1860 3633 1923 πολὺς

357 1972 547 2011 secum
599 1955 841 2010 avellere
897 1961 1191 2008 conantur.
1256 1952 1325 2006 At
1380 1968 1482 2007 nos
1530 1952 1942 2022 precationibus

2050 1949 2357 2019 γενόμενος,
2389 1951 2601 2021 ταχέως
2644 1951 2917 2006 ἐκώλυσα.
2957 1952 2996 2005 Γ
3000 1953 3215 2023 νωρίςω
3261 1952 3318 2005 δὲ
3359 1955 3424 2023 τῇ
3473 1952 3633 2021 ὑμῶν

355 2048 559 2103 vestris
603 2046 801 2118 adjuti,
855 2045 1128 2100 rationem
1181 2042 1619 2114 excogitavimus
1660 2057 1783 2111 qua:
1816 2041 1942 2097 huic

2050 2041 2349 2115 ἁγιωσύνῃ,
2374 2042 2449 2106 ὡς
2471 2043 2563 2096 καὶ
2589 2042 2751 2113 μέχρι
2779 2043 2875 2097 νῦν
2898 2044 2960 2096 οὐ
2985 2044 3248 2098 παύονται
3272 2045 3322 2097 οἱ
3365 2043 3435 2097 τὰ
3473 2042 3633 2107 ζιζά-

359 2140 507 2194 malo
573 2138 926 2204 mederetur;
991 2151 1095 2190 nec
1150 2142 1395 2190 sanctam
1441 2134 1948 2191 Chalcedonensem

355 2231 627 2304 synodum
650 2232 929 2285 ullatenus
950 2228 1256 2283 olienderet
1276 2245 1291 2295 ;
1309 2227 1515 2297 quippe
1543 2225 1637 2297 qui
1676 2225 1939 2291 sciamus,

354 2325 492 2379 nihil
522 2325 577 2379 in
611 2340 676 2380 ea
700 2323 829 2378 novi
863 2329 1076 2394 gestum
1104 2335 1249 2377 esse.
1296 2320 1474 2389 Atque
1508 2326 1570 2372 ut
1626 2315 1927 2387 persuade-

2049 2149 2139 2186 νια
2167 2134 2491 2205 σπείροντες
2527 2134 2614 2188 ἀεὶ
2642 2133 2990 2205 μονάζοντες,
3013 2135 3218 2210 ὄργανα
3241 2136 3448 2197 ἑαυτοῖς
3472 2135 3636 2202 ὲγκα-

2050 2224 2381 2294 ταμίξαντές
2427 2243 2593 2279 τινων
2640 2227 3019 2298 μοναστηρίων
3045 2226 3155 2298 (10)
3190 2227 3322 2279 ποτὲ
3371 2227 3446 2297 μὴ
3474 2227 3632 2296 οἰκη-

2038 2315 2268 2383 σάντων,
2311 2319 2407 2371 καὶ
2441 2317 2823 2389 περιέρχονται
2862 2319 3052 2391 φήμας
3097 2318 3414 2391 θρυλοῦντες
3443 2316 3631 2387 διαφύ-

1540 2457 1817 2514 VALESll
1888 2454 2446 2514 ANNOTATIONES.

356 2581 481 2635 dem
512 2579 619 2635 sibi
661 2578 798 2634 dicit
829 2579 935 2632 hoc
966 2577 1175 2631 crimen
1210 2575 1454 2644 Mongus,
1498 2572 1642 2642 quod
1674 2570 1936 2641 reliquias

355 2650 631 2704 Timothei
678 2648 989 2703 Salol‘acioli
1023 2646 1076 2700 in
1106 2646 1274 2699 alium
1327 2648 1507 2698 locum
1539 2644 1931 2697 transtulisset.

357 2720 462 2776 Sed
496 2720 549 2774 id
582 2721 785 2773 factum
818 2732 919 2772 nec
962 2723 1209 2781 excusat,
1241 2730 1345 2769 nec
1381 2724 1571 2783 negat;
1608 2714 1713 2766 hoc
1756 2712 1934 2766 solum

355 2790 539 2845 dicere
573 2797 884 2849 contentus,
919 2787 1065 2841 istud
1090 2786 1300 2840 facinus
1320 2799 1504 2839 coram
1536 2784 1646 2837 Deo
1670 2790 1725 2837 et
1749 2796 1933 2837 coram

357 2859 677 2914 hominibus
731 2859 960 2927 impium
1009 2872 1149 2911 esse.
1206 2854 1419 2927 Quippe
1472 2854 1724 2927 humana:
1782 2852 1935 2927 leges

356 2931 736 2998 sepulcrorum
792 2920 1094 2998 violatores
1157 2920 1708 2998 gr:ivi_tér__puniunt.
1774 2920 1937 2998 Certe

357 2991 546 3055 Victor
563 2998 916 3054 Tunonensis
939 2997 992 3050 in
1017 2991 1273 3052 Chronico
1295 2994 1363 3048 de
1387 2991 1581 3064 Mongo
1600 2993 1677 3064 ita
1707 2991 1933 3064 scribit:

365 3087 384 3156 ξ
420 3070 550 3124 Post
572 3069 917 3156 consulatum
958 3066 1194 3147 Zenonis
1230 3065 1493 3156 ιιξςιίιιιιὲΙ
1517 3062 1611 3156 qpi
1646 3062 1938 3156 confestim
1969 3097 2013 3156 ϐ

356 3138 545 3194 favore
572 3138 810 3205 Zenonis
826 3137 1114 3207 principis,
1139 3135 1407 3207 synodum
1434 3133 1939 3207 Chalcedonensem

358 3207 428 3263 de
468 3210 681 3277 pulpito
705 3202 889 3261 cora-ni
922 3202 1147 3277 populis
1167 3202 1941 3277 damnat._Nom_ina_l‘roterii

357 3288 416 3332 et
450 3272 725 3332 Timothei
764 3272 1087 3331 Salafatiatii
1119 3276 1186 3329 de
1229 3274 1624 3329 ecclesiasticis
1667 3272 1945 3342 diptychis

360 3349 533 3414 tollit;
574 3357 631 3403 et
670 3347 915 3403 Dioscori
953 3355 1011 3401 et
1042 3345 1241 3407 Ailuri,
1287 3345 1381 3413 qui
1429 3344 1738 3414 Protei-ium
1767 3343 1942 3414 inter-

358 3412 527 3498 fecit,
544 3419 798 3498 _scribit:
844 3432 1155 3498 corpusque
1197 3412 1490 3498 Timothei“
1507 3412 1846 3498 Salafatiatii‘
1870 3412 1942 3498 de

356 3490 591 3544 ecclesia
639 3490 888 3559 ejiciens,
942 3483 995 3540 in
1044 3483 1164 3541 loco
1207 3484 1614 3559 deserto‘ioras
1662 3483 1943 3559 civitatem

358 3560 611 3628 projecit.
646 3552 844 3614 fidem
879 3572 1104 3628 quoque
1141 3563 1374 3628 testatur
1400 3555 1693 3628 Liberatus
1724 3554 1778 3628 in
1809 3552 1944 3607 Bre-

358 3624 691 3699 iiiario,eap.
722 3630 807 3694 l8,
828 3624 916 3682 his
938 3624 1120 3682 verbis
1143 3644 1156 3681 :
1182 3645 1200 3677 ι
1229 3625 1335 3680 Sed
1370 3635 1427 3699 et
1458 3626 1679 3699 Petrum
1709 3624 1945 3699 Alexan-

360 3699 580 3753 drinum
612 3695 1171 3754 aiiatliematizantem
1220 3697 1491 3767 synodum
1524 3695 1943 3767 Chalcedonen-

361 3783 478 3823 sem
516 3778 573 3824 et
602 3778 809 3823 tomum
842 3784 995 3838 papa:
1033 3764 1260 3830 Leonis,
1300 3767 1394 3837 qui
1420 3837 1425 3838 γ
1451 3766 1669 3838 sublato
1697 3764 1944 3838 _nomiue

360 3839 597 3895 Proterii
621 3848 678 3895 et
696 3835 972 3894 Timothei
997 3839 1254 3893 catholici
1287 3835 1354 3892 de
1377 3836 1673 3906 diptychis,
1696 3835 1943 3889 Dioscori

358 3919 418 3965 et
459 3911 737 3966 Timothei
780 3909 956 3964 IEluri
988 3909 1211 3963 nomina
1251 3908 1473 3978 scripsit
1514 3923 1528 3961 :
1568 3906 1663 3977 qui
1697 3906 1942 3978 ejusdem

359 3980 637 4035 Timothei
673 3980 933 4037 catholici
957 3994 1159 4050 corpus
1184 3980 1252 4034 de
1281 3976 1682 4050 terrailevavit,
1711 3986 1766 4031 et
1800 3976 1946 4050 foras

361 4052 617 4122 projecit,
664 4052 760 4122 qui
803 4052 950 4106 inter
1013 4046 1304 4121 episcopos
1343 4049 1648 4103 catholicos
1695 4046 1946 4122 sepultus

360 4116 562 4184 fuerat,
592 4116 751 4177 miris
777 4138 904 4177 eum
928 4116 1180 4176 laudibus
1204 4116 1538 4191 prosecutus
1576 4126 1663 4172 est
1690 4116 1943 4191 Aeacius,

360 4191 431 4261 de
451 4207 563 4261 quo
585 4208 645 4247 se
664 4201 814 4246 tanta
833 4192 1066 4247 crimina
1083 4188 1244 4245 antea
1267 4190 1602 4261 meminerat
1622 4188 1899 4261 retulisse.
1921 4207 1938 4238 ι

360 4258 609 4330 Denique
630 4262 784 4333 Felix
804 4277 964 4333 papa,
989 4262 1043 4315 in
1072 4260 1349 4333 sententia
1366 4258 1733 4333 damnationis
1753 4258 1946 4333 adver-

361 4328 1062 4413 sus_ﬂeacium,.idipsum
1094 4331 1304 4413 _diserle
1335 4330 1645 4413 conﬁrmat
1677 4348 1690 4383 :
1745 4337 1824 4411 ut.
1835 4328 1945 4397 jam

364 4399 433 4455 de
476 4400 642 4471 hujus
690 4399 952 4458 lacinoris
992 4401 1225 4456 veritate
1257 4400 1499 4455 dubitari
1534 4416 1643 4455 non
1680 4401 1874 4469 possit.

439 4471 515 4540 (7)
571 4473 985 4542 Ἑσκεψὰμεθιι
1009 4473 1217 4542 λόγον.
1251 4471 1415 4542 varie
1457 4471 1608 4542 hunc
1637 4471 1819 4542 locum
1847 4485 1943 4524 ex—

364 4549 677 4613 posuerunt
723 4540 1245 4613 inte'rpretes.Nam
1280 4541 1561 4597 Musculus
1595 4540 1819 4610 quidem
1871 4542 1946 4613 ita

363 4611 565 4665 vertit:
598 4611 882 4666 Libellum'
921 4612 1250 4665 considerate
1298 4612 1752 4677 eoneinuavimus,
1817 4611 1949 4665 mali

357 4681 520 4753 hujus
569 4682 830 4737 medelam
872 4682 1174 4753 habentem;
1197 4681 1735 4751 Christophorsonus
1766 4689 1949 4736 autem

360 4752 471 4808 imo
510 4752 704 4808 modo:
733 4753 960 4807 Litteras
1010 4752 1163 4806 hasce
1198 4753 1631 4822 excogitavimus,
1668 4767 1785 4822 qua:
1834 4753 1951 4806 huic

362 4822 507 4878 malo
542 4825 770 4877 remedio
795 4825 922 4878 sint.
951 4824 1190 4879 Joannes
1220 4836 1355 4893 vero
1380 4822 1617 4893 Langus,
1653 4822 1951 4892 Nicephori

362 4894 640 4963 interpres
667 4894 742 4948 ita
773 4894 1072 4949 transtulit.
1105 4893 1181 4947 Re
1205 4892 1518 4957 deliberata,
1547 4894 1808 4947 rationem
1835 4909 1952 4963 qua:

363 4965 561 5018 mederi
612 4965 755 5019 malo
793 4965 1093 5019 imminenli
1140 4970 1333 5030 posset,
1374 4963 1691 5017 invenimus.
1743 4964 1821 5018 Es
1864 4964 1952 5019 his

363 5034 547 5091 tribus
579 5035 1152 5107 interpretationibus,
1199 5034 1441 5089 secunda
1467 5033 1698 5107 quidem
1732 5034 1953 5104 penitus

364 5106 675 5177 respuenda
701 5104 824 5162 est:
855 5107 1030 5177 prima
1056 5116 1323 5177 auteniac
1354 5104 1515 5177 tertia
1538 5104 1669 5159 ferri
1700 5117 1948 5176 possunt.

360 5174 721 5231 Commodius
764 5174 948 5233 tamen
988 5176 1124 5231 mihi
1171 5176 1413 5242 videtur,
1450 5175 1608 5244 λόγον
1639 5174 1951 5231 orationem

365 5246 741 5315 interpretari,
806 5263 902 5302 seu
959 5261 1270 5302 sermonem
1322 5246 1389 5300 ad
1445 5247 1734 5315 populum,
1788 5263 1950 5316 quem

365 5316 561 5371 l’etrus
592 5318 784 5372 habuit
813 5318 867 5372 in
903 5318 1151 5373 Ecclesia
1187 5327 1318 5371 tunc
1346 5331 1471 5371 cum
1516 5325 1635 5371 acta
1687 5317 1952 5372 ecclesia-

364 5386 502 5441 stica
538 5388 735 5442 conﬁci
763 5389 929 5459 jussit
960 5404 1146 5459 coram
1187 5386 1381 5457 legatis
1408 5388 1617 5454 Acacii,
1650 5387 1719 5443 de
1747 5389 1953 5458 quibus

364 5470 529 5527 supra
570 5458 787 5513 locutus
820 5466 905 5513 est
948 5458 1236 5527 Evagrius.

437 5526 514 5595 (8)
559 5528 707 5595 Τοὺς
732 5526 1250 5593 ἑπισυνελθόντιις
1274 5527 1437 5597 ἡμῖν.
1470 5529 1713 5583 Joannes
1733 5527 1954 5597 Langus

363 5594 513 5669 hunc
561 5594 744 5651 locum
785 5599 862 5652 ita
902 5600 1109 5652 vertit:
1147 5594 1381 5651 Fecimus
1420 5609 1477 5652 ut
1522 5600 1586 5652 ub
1632 5599 1818 5669 iisrqui
1857 5594 1955 5669 uo-

364 5666 879 5737 biscumrconventus
923 5677 1109 5737 agunt,
1151 5670 1255 5721 ista
1300 5669 1619 5722 dicerentur.
1674 5666 1952 5722 Masculus

365 5751 499 5792 vero
544 5736 620 5792 sic
676 5736 1091 5808 interpretatur.
1142 5738 1245 5791 Eos
1291 5741 1380 5808 qui
1433 5745 1502 5794 ad
1541 5757 1635 5793 nos
1675 5748 1948 5805 venerunt,

2044 2577 2139 2631 hoc
2191 2578 2331 2631 idem
2380 2577 2556 2631 dicere
2610 2577 2846 2646 fecimus.
2908 2574 3393 2646 Christophorsoni
3444 2587 3631 2632 autem

2043 2646 2430 2717 interpretatio
2451 2648 2529 2717 sic
2559 2645 2758 2701 habet:
2785 2647 2913 2701 Tum
2937 2656 2994 2699 ut
3016 2645 3095 2701 illi
3115 2649 3203 2716 qui
3236 2647 3497 2700 nobiscum
3520 2664 3634 2701 una

2044 2716 2464 2789 accersebauturr
2488 2716 2593 2789 [sic
2650 2718 2874 2786 quidem
2903 2717 3038 2772 edit.
3074 2718 3416 2789 Parissputo
3446 2726 3632 2789 tamen

2043 2787 2318 2843 Valesium
2362 2786 2648 2857 scripsisse
2677 2789 3107 2841 accenscbautur.
3143 2786 3635 2857 Christophorsoni

2044 2858 2268 2926 quidem
2298 2856 2680 2926 interpretatio
2712 2858 2864 2926 juxta
2895 2857 3190 2912 editionem
3230 2856 3461 2921 Coloss.,
3486 2872 3635 2910 anno

2047 2928 2211 2992 1612,
2272 2928 2499 2982 exhibet
2550 2927 2946 2999 versabantur],
2986 2943 3089 2999 pro
3145 2928 3444 2999 defensioue
3494 2927 3636 2999 idem

2044 3000 2222 3067 ipsum
2257 2999 2511 3062 dicerent,
2558 2999 2839 3121 egeamus.
2869 2996 3112 3053 verbum
3159 2997 3324 3066 igitur
3348 2996 3635 3048 ὲπισυνελ-

2046 3067 2238 3121 θόντας
2283 3068 2424 3121 nihil
2466 3068 2573 3121 aliu
2661 3068 2972 3121 signiﬁcare
3011 3070 3415 3121 existimarunt.
3465 3080 3635 3121 uuam

2046 3067 2238 3131 θόντας
2283 3068 2424 3123 nihil
2466 3067 2613 3121 aliud
2661 3068 2972 3138 signiﬁcare
3011 3070 3420 3138 existimarunt,
3447 3080 3635 3138 _quam

2052 3139 2427 3200 συνελθόντας.
2475 3138 2589 3208 Ego
2628 3135 2761 3192 vero
2797 3155 2897 3208 per
2942 3154 3132 3192 vocem
3184 3135 3638 3208 ἑπισυιξλθόντας

2052 3208 2287 3278 intelligi
2338 3216 2474 3276 puto
2516 3205 2752 3263 clericos
2798 3205 2859 3262 et
2910 3209 3077 3263 laicos
3138 3207 3310 3278 partis
3358 3205 3637 3278 Timothei

2052 3276 2388 3341 Salolaeioli,
2425 3278 2520 3348 qui
2560 3280 2833 3349 aggregati
2873 3289 3032 3332 erant
3066 3277 3218 3349 Pero
3254 3276 3451 3347 Mongo
3477 3277 3640 3346 jussu

2051 3349 2289 3404 Zenonis
2349 3346 2787 3419 AugustiINa'm
2840 3350 3141 3419 imperator
3183 3346 3332 3402 Zeno
3365 3346 3551 3419 suasu”
3578 3354 3640 3400 et

2051 3420 2287 3474 consilio
2333 3415 2542 3484 Acacii,
2586 3420 2884 3488 scripserat
2919 3415 3642 3488 'Apollonioﬁugustaliet

2052 3488 2337 3558 Pergamio
2386 3490 2535 3554 duci,
2581 3497 2640 3543 ut
2669 3486 2941 3559 pellerent
2966 3486 3191 3558 quidem
3234 3486 3498 3559 Joannem
3533 3486 3645 3541 Ta-

2052 3560 2235 3623 laiam,
2268 3560 2711 3615 inthronizarent
2743 3568 2926 3613 autem
2952 3560 3199 3621 Petrum,
3244 3558 3640 3627 suscipientem

2053 3630 2361 3689 lienoticon
2389 3639 2447 3685 et
2474 3630 2704 3684 clericos
2734 3629 3010 3684 Timothei
3049 3627 3328 3690 catholici,
3359 3638 3420 3684 ut
3445 3627 3645 3681 scribit

2053 3701 2351 3757 Liberatus
2382 3702 2439 3756 in
2480 3700 2775 3762 Breviario.
2814 3715 2936 3767 cap.
2977 3701 3064 3755 18.
3108 3698 3418 3767 Scripserat
3469 3697 3643 3752 etiam

2054 3771 2205 3826 Zeno
2250 3772 2464 3827 litteras
2497 3770 2564 3823 ad
2596 3770 2817 3825 Petrum
2848 3767 3127 3835 Mongum,
3160 3768 3365 3835 quibus
3396 3767 3445 3821 ei
3476 3782 3639 3821 man-

2054 3842 2241 3904 dabat,
2273 3854 2331 3895 ut
2353 3842 2585 3897 clericos
2605 3840 2776 3909 partis
2802 3838 3076 3895 Timothei
3108 3838 3212 3908 ipsi
3230 3838 3643 3909 consentientes

2055 3912 2383 3981 susciperet,
2417 3907 2883 3980 quemadmodum
2919 3909 3064 3981 idem
3095 3907 3385 3963 Liberatus
3406 3907 3645 3981 alﬁrmat

2054 3982 2143 4036 his
2190 3978 2389 4051 verbis
2410 3978 2518 4035 :Et
2540 3982 2751 4051 quidem
2786 3981 2972 4034 Petrus
3003 3980 3398 4034 inthronizatur
3432 3978 3495 4051 ali
3519 3993 3643 4032 om-

2056 4052 2230 4105 nibus.
2274 4050 2541 4122 Scriptum
2577 4060 2652 4104 est
2680 4051 2744 4104 ab
2787 4052 3133 4122 imperatore,
3162 4058 3221 4103 ut
3255 4050 3644 4122 consentientes

2051 4124 2340 4191 susciperet
2387 4118 2473 4175 eos
2503 4122 2593 4191 qui
2634 4130 2788 4175 erunt
2824 4118 3049 4191 a‘parte
3079 4120 3332 4191 Timothei
3377 4118 3643 4191 catholici.

2054 4192 2111 4247 Id
2140 4188 2243 4255 est,
2273 4201 2380 4245 tam
2406 4188 2659 4255 clericos,
2686 4206 2849 4261 quam
2873 4188 3063 4257 laicos,
3086 4190 3179 4260 qui
3203 4189 3441 4261 Zenonis
3454 4188 3646 4261 edicto

1981 4288 2032 4338 δ)
2054 4264 2373 4338 consentire
2393 4259 2722 4338 voluissent}
2750 4262 2866 4338 _ljos
2892 4262 3082 4331 igitur,
3110 4275 3236 4338 cum
3267 4259 3648 4338 ecclesiastica.

2054 4340 2175 4387 acta
2199 4333 2497 4388 conﬁceret
2520 4332 2716 4386 Petrus
2746 4329 2997 4400 Mongus,
3042 4331 3254 4401 quibus
3279 4329 3476 4385 Acacio
3502 4343 3642 4401 pro-

2057 4404 2212 4459 baret
2251 4419 2311 4459 se
2339 4401 2849 4473 Chalcedonensem
2883 4400 3150 4473 synodum
3174 4400 3645 4473 nunquam_dam-

2054 4490 2235 4538 nasse,
2278 4481 2447 4529 testes
2487 4472 2766 4533 adhibuit,
2811 4468 3054 4541 fecitque
3095 4479 3155 4525 ut
3189 4468 3504 4526 testimonio
3538 4484 3646 4526 suo

2052 4546 2467 4623 conﬁrmarent,
2511 4542 3024 4623 Chalcedonensem
3061 4543 3330 4613 synodum
3359 4554 3648 4623 nunquam

2052 4632 2081 4669 a
2123 4616 2288 4670 Petro
2334 4614 2505 4669 fuisse
2545 4613 2879 4667 damnatam.
2928 4611 3133 4667 Eorum
3185 4626 3355 4682 porro
3376 4611 3647 4682 Atestimo.

2053 4686 2207 4739 nium
2251 4683 2357 4739 ﬁde
2393 4684 2619 4754 dignum
2660 4683 2987 4754 videbatur,
3016 4697 3084 4736 eo
3117 4680 3263 4752 quod
3313 4680 3647 4754 fuissentex

2054 4765 2208 4825 parte
2247 4752 2525 4810 Timothei
2565 4752 2851 4825 catholici,
2897 4752 2992 4822 qui
3038 4754 3306 4825 synodum
3338 4752 3649 4825 Chalcedo.

2053 4821 2286 4896 iiensem
2332 4832 2623 4896 perpetuo
2657 4821 3001 4896 defenderat.
3046 4821 3183 4878 Vide
3209 4831 3421 4896 __caput_
3450 4821 3536 4883 16,
3559 4821 3649 4896 _iu

2056 4894 2185 4961 ﬁne,
2216 4912 2284 4952 ex
2314 4892 2585 4966 quo'bzec
2611 4893 2968 4966 intelligenda
3002 4902 3174 4966 sunt.
3208 4894 3286 4966 De
3304 4892 3516 4966 iisdem
3558 4892 3648 4946 lo.

2055 4967 2247 5092 quitur
2266 4962 2421 5023 Felix
2447 4979 2587 5048 papa
2607 4966 2661 5020 in
2690 4962 2963 5049 senieiitia
2984 4962 3354 5047 damnationis
3380 4962 3653 5045 adversus

2105 5053 2341 5092 caelum.
2385 5036 2484 5092 ubi
2527 5046 2643 5091 ait:
2678 5033 2817 5092 Ouid
2844 5050 2985 5089 enim
3033 5045 3154 5088 sunt
3189 5034 3360 5092 aliud,
3400 5050 3489 5092 qui
3528 5039 3643 5092 post

2105 5038 2341 5103 cacium,
2385 5033 2484 5093 ubi
2522 5033 2643 5091 ait:
2678 5033 2817 5100 Quid
2844 5036 2985 5089 enim
3033 5045 3154 5088 sunt
3189 5034 3360 5096 aliud,
3400 5034 3490 5103 qui
3527 5039 3643 5103 post

2057 5108 2255 5163 obitum
2284 5118 2484 5162 sancta:
2516 5107 2783 5162 memoria:
2816 5104 3091 5172 Timothei,
3130 5105 3200 5160 ad
3232 5103 3528 5160 Ecclesium
3550 5105 3647 5157 sub

2055 5177 2215 5233 Petro
2262 5178 2504 5243 redeunt,
2546 5188 2654 5233 etc.

2128 5249 2204 5322 (_9)
2241 5248 2351 5322 Καὶ
2384 5241 2564 5322 τοῇτο
2582 5247 2718 5322 ⁸μέν.
2763 5243 3221 5322 ld__e_st,_c_rimen
3251 5244 3387 5300 illud
3423 5241 3584 5322 quod
3615 5259 3650 5299 a

2056 5313 2343 5375 malevolis
2385 5313 2720 5390 quibusdam
2769 5317 2907 5390 mihi
2951 5315 3370 5390 objiciebatur:
3415 5313 3651 5390 Chalce-

2056 5390 2357 5471 donensem
2400 5383 2616 5445 scilicet
2636 5388 2906 5461 synodum
2931 5401 2962 5441 a
2995 5383 3083 5441 me
3119 5386 3271 5458 rejici
3304 5393 3470 5455 atque
3494 5383 3652 5437 dam-

2057 5474 2201 5514 llal'l.

2130 5529 2244 5601 (l0)
2293 5530 2480 5584 Τινῶν
2506 5529 2950 5600 μοναστηρίων.
2992 5524 3329 5601 iampridem
3363 5522 3471 5601 viri
3498 5521 3652 5601 docti

2062 5595 2405 5683 pouadrjpia
2433 5595 2844 5683 _emendaruiit,
2889 5595 3169 5671 quomodo
3221 5597 3388 5652 etiam
3449 5595 3654 5670 legitur

2060 5670 2206 5742 apud
2256 5670 2656 5742 Nicephorum.
