4038 6198
287 247 434 312 2649

1207 249 1593 309 ΙΙΙΞῘῸΒΙίΕ
1635 249 2228 311 ΕΕΕιΕΞΙΛΞΤΙΩΈ
2274 254 2502 313 LlBEll
2543 254 2658 313 ΙΙΙ.

3406 255 3550 320 2650

277 362 378 431 νῆς
408 356 557 427 αὐτῷ
599 354 920 427 μετῃὼρητο
964 355 1150 426 σχῆμα
1185 356 1543 430 βαρϐαρικόν.
1588 356 1720 413 Εἶτα
1751 359 1862 412 δια-

1973 362 2388 452 taberqaculum
2414 381 2683 434 suspensa
2706 374 2848 431 erat,
2876 381 3027 420 more
3049 367 3357 423 barbarico.
3386 371 3551 427 Forte

278 447 505 517 κινῆσαι
551 445 611 499 τὸ
659 444 815 515 σῶμα
866 444 1167 515 βουληθεὶς,
1210 447 1375 500 ἵππον
1419 448 1648 517 ἀχθῆναι
1691 465 1864 518 προσ-

277 541 509 610 τέταχεν
532 557 546 570 ·
576 537 828 592 ἀναδολεῖ
858 539 915 592 δὲ
949 540 1048 592 οὐκ
1099 538 1303 603 εἰωθὼς
1336 541 1570 611 χρῆσθαι
1611 542 1745 606 (54),
1790 542 1866 611 τῷ

280 634 433 701 ἵππῳ
467 632 800 703 προσήλατο.
845 631 900 683 '0
937 632 1013 694 δὲ,
1056 632 1308 699 ἀγελαῖος
1338 651 1424 696 τις
1464 634 1542 687 ὢν
1583 635 1679 687 καὶ
1712 635 1865 703 ὑϐρι-

283 723 435 794 στὴς,
480 721 634 776 οὔπω
684 722 985 792 περιϐάδην
1014 723 1340 794 θευδερίχου
1385 726 1729 791 καθὶσαντος,
1769 744 1864 796 με·

281 814 533 885 τεωριζει
564 812 644 866 τὼ
675 813 877 883 πρόσθε
912 815 1057 879 πόδε,
1087 815 1165 883 τῷ
1188 816 1418 885 ὀπισθίῳ
1448 817 1597 888 μόνῳ
1627 818 1864 885 ἀκροϐα-

281 907 411 962 τῶν.
450 907 537 969 Ὧς
564 905 1063 974 διαφιλονεικοῦντα
1097 907 1187 959 τὸν
1219 908 1561 979 Θευδέριχον,
1595 911 1689 962 καὶ
1719 912 1859 980 μήτε

278 996 356 1065 τῷ
395 995 600 1064 χαλινῷ
647 996 1027 1064 ἀνασειράζειν
1061 996 1171 1063 (35)
1206 998 1249 1029 ⁷³
1288 998 1380 1051 τὸν
1417 999 1583 1051 ἵππον
1626 999 1866 1069 τολμῶν-

280 1105 366 1149 τα,
398 1086 473 1149 ὠς
517 1086 582 1139 ἂν
616 1089 690 1157 μὴ
720 1088 953 1157 ἐμπέσοι
988 1105 1052 1154 γε
1092 1088 1263 1157 αὐτῷ,
1287 1090 1423 1158 μηδὲ
1453 1090 1550 1160 τῆς
1578 1090 1740 1161 ἔδρας
1774 1091 1864 1161 βε-

285 1178 457 1241 ϐαίως
505 1178 888 1250 ἀντεχόμενονι
920 1179 1045 1247 τῇδε
1065 1179 1286 1232 κάκεῖσε
1311 1180 1724 1253 περιδονείσθαι,
1745 1182 1863 1235 δια-

279 1271 458 1322 σεῖσαι
493 1269 591 1339 τὴν
632 1269 860 1340 αἰχμήν.
901 1269 1120 1339 Ταύτην
1163 1287 1223 1323 τε
1273 1272 1360 1325 ἐπ’
1384 1272 1545 1324 αὑτὸν
1577 1271 1863 1343 ἐνεχθῆναι

279 1360 538 1429 πλαγίαν,
564 1362 661 1414 καὶ
682 1361 780 1433 τὴν
803 1360 1046 1429 πλευρὰν
1067 1362 1437 1433 κατατρῶσαι.
1458 1362 1652 1417 Ἔνθεν
1666 1381 1725 1416 τε
1751 1363 1865 1416 κλι-

278 1452 419 1523 νήρη
450 1450 759 1522 γενόμενον,
810 1452 907 1505 καὶ
963 1451 1227 1523 βραχείας
1255 1454 1471 1525 ἡμέρας
1526 1454 1861 1525 ἀρκέσαντα,

277 1542 370 1596 τὸν
400 1542 514 1614 βίον
543 1544 608 1597 ὲκ
646 1541 799 1597 τοῦδε
823 1541 919 1597 τοῦ
948 1543 1265 1616 τραύματος
1290 1546 1694 1616 καταστρέψαι.

855 1742 1108 1796 uena.
1145 1739 1290 1808 κστ

276 1832 420 1902 Περὶ
450 1833 557 1902 τῆς
587 1833 933 1907 Μαρκιαγοῇ
963 1832 1455 1907 ἐπαναστάσεως,
1481 1835 1578 1888 καὶ
1608 1830 1704 1891 οἵα
1726 1837 1860 1907 περὶ

824 1903 1040 1957 τοῦτον
1071 1903 1323 1969 συνέϐη.

347 2003 502 2057 Μετὰ
557 2002 735 2057 ταῦτα
795 2004 1091 2074 διενεχθεὶς
1149 2006 1286 2074 πρὸς
1333 2008 1559 2077 Ζήνωνα
1603 2011 1860 2079 Μαρκια-

274 2094 366 2159 νὸς
399 2094 551 2166 (56),
586 2096 718 2157 παῖς
765 2095 863 2165 μὲν
890 2096 1181 2167 Ἀνθεμίου
1216 2097 1313 2151 τοῦ
1353 2097 1573 2170 Ῥώμης
1608 2100 1860 2169 βασιλεύ-

278 2204 506 2250 σαντος,
558 2187 720 2257 κῆδος
765 2186 821 2240 δὲ
871 2187 1009 2257 πρὸς
1054 2188 1259 2242 Λέοντα
1304 2188 1394 2241 τὸν
1441 2189 1862 2259 βεϐασιλευκότα

276 2280 542 2349 πρότερον
595 2279 841 2350 ἐσχηκὼς
869 2320 883 2339 ,
945 2281 1066 2334 ἐπεὶ
1116 2281 1213 2353 τὴν
1249 2284 1520 2353 νεωτέραν
1560 2284 1725 2337 αὑτοῦ
1763 2285 1859 2338 θυ-

277 2372 485 2442 γατέρα
532 2372 790 2429 Λεοντίαν
837 2373 1183 2443 ἐσῳκίσατο,
1242 2378 1524 2444 τυραννεῖν
1579 2379 1857 2446 ἐπειρᾶτο.

279 2464 390 2516 Καὶ
434 2465 617 2533 μάχης
663 2466 886 2534 ἰσχυρᾶς
929 2467 1056 2534 περὶ
1089 2468 1155 2518 τὰ
1186 2466 1432 2536 βασίλεια
1465 2470 1856 2542 συρῥαγείσης,

278 2554 373 2607 καί
425 2555 632 2606 πολλῶν
684 2556 1023 2627 ἑκατέρωθεν
1070 2560 1465 2624 πεπτωκότων,
1499 2562 1693 2631 τρέπει
1734 2564 1861 2627 τοῦς

280 2647 555 2710 ἐναντίους
575 2648 603 2698 ὁ
626 2649 966 2718 Μαρκιανόςο
1003 2651 1095 2702 καὶ
1129 2650 1235 2702 τῶν
1268 2651 1557 2720 βασιλείων
1587 2655 1862 2725 ἐγκρατὴς

275 2739 501 2807 γέγονεν
551 2741 653 2798 ἂν,
711 2743 760 2794 εἰ
813 2741 886 2810 μὴ
920 2743 1013 2793 τὸν
1049 2744 1240 2812 καιρὶν
1272 2742 1894 2816 παρῇκεν.(ιι)ἒςαθριον

275 2829 376 2885 τὴν
406 2830 604 2899 πρᾶξιν
635 2830 1089 2899 ἀναϐαλλόμενος.
1126 2832 1425 2905 Ὀξυπετὴς
1453 2836 1563 2904 γὰρ
1592 2837 1621 2887 ὁ
1644 2836 1860 2905 καιρὸς,

276 2918 374 2977 καὶ
428 2921 754 2988 παραπίδας
800 2922 900 2990 μὲν
947 2922 1068 2990 ἰὼν,
1110 2924 1242 2987 ἴσως
1278 2925 1597 2980 ἁλίσκεται·
1634 2928 1772 2981 ἐπὰν
1804 2929 1863 2983 δὲ

1969 454 2138 524 igitur
2185 469 2309 507 cum
2335 470 2537 523 corpus
2568 470 2828 509 exercere
2854 456 3041 520 vellet,
3081 472 3284 526 equum
3319 458 3424 512 sibi
3455 460 3552 513 ad-

1966 543 2094 598 duci
2124 544 2308 614 jussit.
2333 542 2583 613 Cumque
2610 546 2867 599 stratoris
2896 545 3103 598 auxilio
3124 546 3548 617 haudquaquam

1967 637 2047 690 uti
2080 636 2303 697 soleret,
2335 635 2450 704 ipse
2479 634 2532 688 in
2570 651 2774 705 equum
2813 636 3025 692 insiliit.
3055 637 3244 706 Equus
3280 655 3433 701 vero,
3459 649 3547 693 ut-

1966 737 2095 797 pote
2141 728 2444 781 indomitus
2490 744 2553 783 ac
2601 728 2925 792 ferox,cum
2963 730 3341 784 Theodericus
3374 731 3552 799 ipsum

1966 817 2236 871 ambabus
2269 817 2420 871 tibiis
2456 817 2703 870 nondum
2740 818 3029 886 amplexus
3056 826 3222 874 esset.
3256 817 3553 870 anteriori-

1967 907 2071 961 bus
2104 907 2336 976 pedibus
2374 906 2428 960 in
2476 907 2710 961 sublime
2753 908 2935 972 elatis,
2971 909 3377 977 posterioribus
3415 909 3555 961 duu-

1970 1007 2116 1051 taxat
2156 997 2412 1050 insistere
2436 1005 2603 1065 atque
2645 997 2855 1067 ingredi
2892 996 3245 1066 cmpit.Adeo
3277 1008 3335 1065 ut
3370 996 3550 1050 Theo-

1967 1088 2190 1141 dericus
2239 1104 2363 1142 eum
2417 1103 2562 1156 equo
2620 1104 2723 1141 suo
2773 1097 3014 1149 certans,
3070 1105 3134 1142 ac
3177 1105 3356 1157 neque
3398 1089 3550 1141 illum

1967 1179 2125 1233 freno
2166 1179 2447 1233 retrahere
2481 1194 2671 1242 ausus,
2724 1195 2792 1233 ne
2834 1186 3109 1234 retractus
3144 1195 3313 1249 supra
3372 1180 3550 1249 ipsum

1967 1271 2212 1335 caderet,
2249 1285 2429 1340 neque
2459 1270 2516 1325 in
2561 1271 2692 1326 sella
2745 1273 2981 1326 lirmiter
3013 1271 3312 1335 inhaerens,
3340 1272 3445 1325 hac
3496 1281 3553 1326 et

1968 1362 2091 1417 illac
2105 1363 2315 1418 circum
2333 1372 2611 1433 ageretur,
2628 1363 2908 1433 hastaque
2924 1362 3209 1433 cuspidem
3225 1363 3551 1433 impelleret.

1964 1455 2096 1522 Quae
2127 1455 2180 1509 in
2204 1471 2332 1511 eum
2367 1456 2592 1525 oblique
2620 1456 2876 1524 impacta,
2902 1454 3047 1510 latus
3074 1456 3196 1526 ejus
3219 1454 3550 1509 vulneravit.

1966 1544 2096 1599 lude
2131 1545 2300 1616 igitur
2329 1545 2385 1599 in
2416 1544 2619 1600 lectum
2656 1545 2894 1608 delatus,
2928 1559 3054 1599 cum
3092 1557 3299 1614 paucos
3322 1542 3440 1598 dies
3461 1557 3556 1598 su-

1967 1636 2314 1708 pervixisset,
2335 1653 2401 1692 ex
2425 1652 2492 1691 eo
2523 1637 2755 1691 vulnere
2785 1636 3047 1691 decessit.

2577 1747 2730 1803 CAP.
2766 1746 2956 1802 XXVI.

2034 1840 2113 1895 De
2152 1840 2432 1895 rebellione
2461 1839 2747 1906 Marciani,
2778 1847 2828 1892 et
2856 1837 2982 1907 quid
3018 1836 3179 1892 eidem
3212 1835 3479 1893 acciderit.

2037 2021 2166 2076 Post
2211 2020 2325 2075 lucc
2373 2004 2721 2082 Marcianus,
2760 2016 2906 2071 [ilius
2950 2015 3234 2070 Anthemii
3287 2016 3406 2086 ejus
3450 2014 3549 2083 qui

1965 2114 2152 2167 Roma:
2207 2112 2522 2181 imperavit.
2576 2109 2753 2165 aliinis
2806 2116 2990 2162 autem
3041 2106 3245 2161 Leonis
3274 2106 3366 2176 qui
3424 2115 3552 2161 ante

1962 2203 2242 2257 Zenonem
2274 2200 2566 2270 imperium
2587 2207 2806 2254 rexerat
2842 2197 2860 2268 (
2891 2198 3013 2269 ejus
3040 2197 3190 2253 enim
3220 2195 3385 2251 ﬁliam
3418 2204 3548 2250 natu

1964 2296 2236 2350 minorem
2258 2334 2273 2357 ,
2306 2293 2594 2347 Lcontiam
2646 2291 2892 2355 nomine,
2923 2305 3152 2345 uxorem
3196 2287 3489 2357 duxerat),
3520 2303 3552 2343 a

1963 2387 2183 2440 Zenone
2216 2383 2512 2447 dissidens,
2541 2381 2886 2453 tyrannidem
2910 2380 3166 2451 abripere
3195 2387 3426 2433 conatus
3443 2386 3547 2431 est.

1962 2476 2375 2543 Commissaque
2399 2472 2546 2543 gravi
2578 2487 2760 2542 pugna
2793 2472 2939 2526 circa
2967 2470 3249 2540 palatium,
3293 2477 3349 2523 et
3378 2467 3548 2539 pluri-

1962 2567 2067 2621 mis
2089 2581 2153 2619 ex
2188 2571 2418 2633 utraque
2453 2570 2607 2633 parte
2638 2561 2826 2625 czesis,
2871 2561 3178 2615 Marcianus
3205 2559 3552 2613 adversarios

1964 2659 2018 2713 in
2054 2658 2236 2728 fugam
2270 2656 2456 2719 vertit,
2489 2656 2793 2724 eodemque
2821 2654 3029 2724 impetu
3072 2653 3335 2723 palatium
3383 2667 3552 2706 occu—

1963 2750 2223 2820 pavisset,
2252 2749 2359 2804 nisi
2393 2764 2454 2803 re
2482 2748 2535 2802 in
2561 2747 2868 2803 crastinum
2896 2747 3040 2801 diem
3072 2747 3260 2810 dilata,
3292 2754 3556 2815 opportu-

1963 2838 2191 2893 nitatem
2225 2838 2389 2908 360
2427 2854 2457 2892 e
2511 2837 2767 2891 manibus
2810 2836 2954 2891 elabi
3002 2837 3244 2891 sivisset.
3299 2834 3554 2890 Volueris

1964 2930 2113 2983 enim
2144 2940 2228 2984 cst
2256 2929 2494 2992 occasio,
2527 2939 2584 2983 et
2608 2928 2736 2982 dum
2762 2927 2831 2981 ad
2861 2928 3030 2997 pedes
3056 2928 3280 2998 quidem
3312 2927 3551 2990 advolat,

280 3011 378 3085 τὴν
428 3010 599 3087 λαϐὴν
648 3012 960 3082 διαδράσοι,
1016 3020 1444 3090 μετεωροπορεϊ.
1483 3019 1615 3091 γελᾷ
1643 3039 1702 3074 τε
1734 3024 1862 3086 τοὺς

1966 3023 2199 3079 forsitan
2218 3022 2559 3093 apprehendi
2593 3031 2808 3091 potest:
2841 3021 2934 3075 ubi
2962 3036 3093 3075 vero
3124 3036 3319 3075 manus
3340 3019 3552 3089 etinge-

278 3101 611 3169 διώκοντας,
668 3103 889 3172 ἔφικτὸς
936 3107 1122 3171 αὐτοῖς
1170 3107 1355 3161 λοιπὸν
1398 3110 1498 3163 οὐκ
1531 3110 1856 3182 ἀνεχόμενος

280 3189 443 3250 εἶναι.
474 3194 638 3248 Ὅθεν
667 3194 859 3265 ἀμέλει
891 3200 936 3251 οξ
964 3198 1199 3254 πλᾶσται
1230 3201 1322 3255 καὶ
1348 3200 1649 3272 ζωγράφοι,
1676 3204 1853 3274 κόμην

1970 3113 2062 3178 rit,
2096 3114 2150 3168 in
2183 3112 2421 3169 sublime
2449 3112 2651 3173 avolat,
2690 3111 2945 3182 ridetque
2968 3127 3065 3166 eos
3093 3110 3185 3180 qui
3213 3112 3383 3181 ipsam
3406 3111 3556 3164 inse-

1965 3214 2235 3276 quuntur,
2300 3219 2407 3259 nec
2456 3202 2694 3273 amplius
2753 3196 2823 3258 ad
2868 3216 2965 3259 eos
3000 3200 3256 3257 advolare
3298 3199 3553 3255 sustinet.

1570 3338 1805 3395 VARle
1846 3341 2256 3399 LECTIONES.

353 3435 403 3467 ⁷⁸
433 3433 494 3490 C.
528 3432 590 3490 C.
621 3432 1043 3506 ἀνασειροίζειν.

1475 3549 1748 3605 VALESlI
1792 3552 2353 3608 ANNOTATIONES.

283 3648 400 3702 lum
445 3655 507 3699 ut
549 3645 799 3714 iaciatur.
832 3644 1138 3713 Hesychius
1179 3644 1561 3714 διηγκυλξσθαι
1610 3648 1860 3715 exponit,

284 3720 345 3770 τδ
379 3718 587 3785 ἐνεῖραι
620 3717 748 3776 τοὺς
782 3715 1080 3776 δακτύλους
1107 3717 1171 3783 τῇ
1201 3716 1412 3785 ἀξκύὶῃ
1447 3715 1540 3769 τοῦ
1570 3716 1860 3770 ἀκοντίουι·

285 3782 507 3840 τίθεται
527 3786 584 3838 δὲ
611 3788 704 3838 καὶ
721 3786 946 3856 ἐπὶ-τοῦ
977 3782 1195 3852 ἕτοιμον
1218 3782 1493 3856 simu-Sic
1523 3787 1864 3856 ἀγκυλητοὺς

288 3856 587 3915 κοττάϐους
614 3856 753 3910 dixit
792 3854 1105 3925 (Eschylus,
1137 3855 1459 3924 melaphora
1495 3854 1731 3925 sumpta
1759 3858 1865 3910 ἀπὸ

287 3928 398 3979 τῶν
449 3926 711 3996 epam»,
744 3926 887 3989 ἅπερ
909 3925 1195 3991 ἀγκυλητὰ
1242 3927 1338 3977 καὶ
1364 3927 1685 3995 μεσάγκυλα
1732 3929 1832 3981 ἑκά

287 3996 430 4050 low.
465 4006 523 4051 ut
578 3996 769 4051 scribit
813 3996 1247 4053 Eustathius.ad
1295 3996 1496 4049 librum
1556 3997 1864 4051 secundum

285 4067 498 4123 Iliadis.
535 4067 741 4136 Duplex
777 4079 959 4120 autem
991 4073 1112 4120 erat
1142 4081 1273 4121 usus
1298 4067 1524 4121 amenti.
1552 4066 1684 4120 Nam
1715 4076 1769 4120 et
1800 4066 1868 4122 ad

289 4137 818 4207 apprehendendum
848 4137 1091 4206 jaeulum
1114 4138 1475 4198 conducebat,
1494 4146 1549 4191 et
1578 4145 1637 4191 ut
1657 4138 1864 4207 majore

290 4209 496 4276 impetu
535 4207 775 4260 ferretur
807 4207 859 4259 in
890 4207 1125 4261 hostem.

363 4275 473 4345 (34)
525 4276 806 4339 Ἁνηεολῆ
834 4277 902 4329 δὲ
932 4280 1042 4330 οὐκ
1071 4275 1288 4342 sitadd”;
1315 4277 1595 4343 χρῆσθαι.
1624 4278 1682 4331 ln
1719 4278 1865 4346 opti-

290 4363 381 4400 mo
409 4347 600 4401 codice
634 4348 951 4417 Florentino
987 4348 1191 4401 diserte
1225 4350 1491 4417 scriptum
1523 4348 1705 4402 iuveni
1733 4352 1865 4401 ἀνα-

294 4419 457 4479 ίολεῖ,
490 4416 957 4485 quemadmodum
1012 4418 1112 4471 viri
1166 4418 1311 4471 docti
1343 4486 1348 4488 Α
1384 4418 1673 4488 legendum
1740 4435 1866 4473 esse

293 4489 662 4554 eonjeeerant.
697 4488 793 4541 Est
848 4496 1030 4541 autem
1091 4486 1407 4550 ὰναΰολεύς,
1445 4486 1623 4557 ’ψιριιι
1683 4488 1865 4543 Latini

294 4567 588 4611 stratorem
639 4568 857 4617 vocant,
896 4559 989 4622 qui
1030 4557 1313 4611 dominum
1358 4559 1410 4611 in
1443 4574 1646 4625 equum
1688 4559 1866 4613 levare

296 4627 455 4689 solet,
492 4639 545 4680 ut
586 4637 821 4680 testalur
851 4628 1049 4681 Suidas
1080 4646 1092 4681 :
1130 4629 1272 4696 apud
1305 4646 1466 4697 quem
1498 4638 1677 4682 exstat
1716 4630 1869 4683 locus

295 4698 499 4751 veteris
528 4698 842 4767 scriptoris,
877 4699 971 4766 qui
994 4699 1061 4752 de
1085 4714 1209 4765 rege
1236 4698 1515 4751 Masinissa
1549 4700 1618 4751 ita
1650 4700 1867 4761 scribit,

304 4770 365 4815 ’0
390 4768 443 4818 δὲ
465 4770 854 4827 Maso-aulam;
884 4770 1136 4836 γηράσας
1162 4769 1328 4821 ἵππου
1362 4770 1533 4838 χωρὶς
1561 4768 1867 4832 ἀναϐολέως

290 4838 596 4890 ἐπέϐαινεν.
620 4839 721 4893 Ubi
742 4838 942 4892 Suldas
959 4838 1286 4892 vocabulum
1307 4840 1570 4893 6.m60i.é2
1598 4841 1867 4907 sumpsis-

288 4924 350 4962 se
382 4907 601 4961 videtur
626 4924 724 4976 pro
755 4909 897 4961 scala
920 4924 1081 4977 quam
1114 4911 1274 4978 vulgo
1289 4909 1568 4977 slapedam
1589 4924 1867 4963 vocamus.

364 4978 475 5038 (55':
528 4978 961 5045 Ἀνιισειρίζειν.
991 4979 1354 5032 Scribendum
1402 4990 1536 5048 puto
1570 4981 1865 5046 ἀνασειρά-

289 5047 428 5112 Cat-2.
461 5057 519 5101 ut
554 5049 753 5117 legitur
805 5049 859 5101 in
899 5048 1091 5103 codice
1125 5047 1454 5103 Telleriano.
1484 5049 1557 5103 lta
1594 5050 1738 5103 enim
1774 5065 1868 5118 po-

289 5118 460 5172 stulat
525 5120 795 5187 analogia,
830 5129 890 5172 ut
944 5134 972 5172 a
1034 5123 1197 5187 πεῖρα
1232 5122 1292 5172 lit
1336 5122 1640 5189 πειράζειν.
1672 5120 1869 5173 Suidas

289 5189 672 5258 ἀνασειράζειν
703 5190 946 5259 exponit.
972 5189 1275 5253 ἀνθέλκειν,
1300 5190 1671 5258 ἁναχαλινοῦν
1715 5191 1872 5245 Nice-

289 5260 504 5382 Bhorus
561 5269 741 5312 autem
802 5276 897 5329 pro
940 5259 1042 5313 hac
1098 5276 1231 5311 voce.
1274 5263 1456 5329 posuit
1498 5260 1867 5315 ἀναστέλλειν.

337 5345 465 5382 orro
509 5345 658 5382 mors
688 5330 1018 5382 Theoderici
1056 5331 1285 5382 contigit
1325 5347 1472 5382 anno
1502 5331 1707 5382 Christi
1742 5332 1866 5382 48L

337 5345 465 5383 orro
509 5345 658 5383 mors
688 5330 1018 5385 Theoderici
1056 5331 1285 5399 contigit
1325 5347 1472 5386 anno
1502 5331 1707 5389 Christi
1742 5332 1867 5396 481,

1971 3657 2033 3701 ut
2066 3644 2314 3701 testatur
2360 3646 2711 3701 Marcellinus
2763 3648 2816 3700 in
2871 3645 3149 3703 Chronico.
3190 3645 3281 3702 his
3309 3645 3547 3712 verbis;

1976 3717 2219 3771 Placidia
2243 3717 2355 3771 solo
2384 3733 2490 3770 cos.
2529 3717 2868 3770 Theodericus
2905 3716 3101 3770 Triarii
3148 3714 3291 3783 ﬁlius
3326 3733 3421 3769 rex
3447 3716 3554 3770 Go-

1972 3790 2203 3847 thorum,
2231 3788 2408 3842 ascitis
2433 3789 2539 3840 suis
2581 3802 2743 3856 usque
2788 3787 2857 3839 ad
2893 3785 3164 3856 Anqplum
3191 3826 3204 3847 ,
3238 3794 3431 3849 quarto
3459 3803 3554 3839 ur-

1972 3858 2050 3911 bis
2078 3857 2336 3911 milliaria
2364 3858 2574 3909 advenit
2595 3874 2612 3920 ;
2635 3855 2770 3909 nulli
2789 3865 2965 3909 tamen
2986 3855 3343 3908 Romanorum
3368 3857 3555 3907 noxius

1973 3930 2224 3981 continuo
2263 3943 2501 3980 reversus
2528 3935 2623 3979 est.
2652 3924 2824 3979 Porro
2847 3928 2903 3979 in
2925 3925 3199 3994 Illyricum
3237 3939 3551 3992 properans,

1975 3998 2102 4051 dum
2158 4000 2301 4051 inter
2345 4013 2565 4049 suorum
2611 3998 2873 4049 moventia
2909 3995 3151 4065 plaustra
3193 3994 3553 4062 progreditur,

1966 4069 2198 4137 jacentis
2238 4083 2395 4134 super
2423 4074 2728 4137 carpentum
2757 4066 2847 4119 teli
2876 4066 3138 4137 acumine,
3168 4072 3216 4115 et
3271 4080 3554 4137 pavescen-

1977 4139 2043 4192 tis
2086 4139 2204 4208 equi
2226 4138 2308 4191 sui
2342 4136 2658 4207 impulsione
2687 4135 2827 4204 βακε
2875 4135 3435 4205 transverberatusque
3467 4135 3555 4187 in-

1977 4209 2139 4261 tcriit.

2050 4279 2158 4346 (36)
2193 4277 2350 4331 Μετὰ
2381 4278 2565 4329 raT-ra
2588 4276 2947 4341 Μαρκιανός.
2968 4275 3333 4345 Theophanes
3349 4280 3557 4346 motum

1977 4343 2123 4402 hunc
2152 4348 2432 4405 Marciani.
2476 4347 2705 4415 perinde
2733 4362 2796 4399 ac
2824 4345 3093 4410 Evagrius
3128 4343 3319 4415 noster
3338 4384 3355 4415 .
3390 4343 3557 4396 refert

1974 4419 2157 4472 Statim
2193 4427 2313 4487 post
2346 4414 2558 4469 obitum
2592 4417 2924 4469 Theudorici
2946 4416 3148 4487 Triarii
3183 4414 3300 4487 lilii.
3334 4414 3556 4487 Dissen-

1925 4544 1929 4549 ,
1978 4489 2042 4542 tit
2089 4483 2267 4541 tanien
2334 4488 2577 4541 Malchus
2631 4488 2684 4540 in
2726 4487 2968 4540 Historia
3002 4486 3319 4556 Byzantina.
3354 4483 3559 4556 scribit

1983 4560 2129 4612 enim
2155 4559 2558 4612 Theodericum
2585 4558 2861 4610 Triarium
2889 4553 3073 4610 audita
3105 4556 3376 4610 seditione
3413 4553 3556 4606 Mar-

1976 4630 2141 4690 ciani,
2179 4629 2326 4681 illiCo
2363 4628 2663 4682 contractis
2686 4626 2999 4696 ingentibus
3024 4627 3217 4696 COpiis,
3247 4623 3561 4696 Constanti-

1977 4700 2218 4768 nopolim
2253 4715 2447 4754 versus
2477 4695 2781 4768 profectum
2811 4712 2931 4750 esse
2969 4715 2982 4750 :
3020 4695 3205 4767 specie
3243 4695 3466 4764 quidem
3496 4701 3555 4746 ut

1977 4770 2299 4839 imperatori
2333 4770 2615 4837 suppetias
2648 4768 2820 4839 ferret
2852 4784 2866 4820 :
2904 4782 3093 4839 revera
3136 4776 3319 4839 tamen
3347 4773 3405 4839 u_t
3459 4778 3557 4815 ur-

1978 4836 2099 4912 hem
2122 4841 2334 4912 regiam
2367 4836 2682 4912 occuparet.
2706 4837 3122 4912 VerbaAhﬂlalchi,
3148 4837 3199 4912 .si
3230 4836 3554 4912 quis-legere

1976 4900 2299 4972 desiderat,
2365 4900 2639 4963 habentur
2696 4924 2817 4977 pag.
2878 4907 2947 4961 86
3028 4900 3290 4961 editionis
3354 4900 3554 4977 Regiw.

1970 4981 2123 5053 Adde
2157 4981 2302 5049 quod
2341 4972 2928 5053 Procopiusjiarciani
2955 4977 3359 5053 _l’rate_r.__captp
3412 4972 3555 5053 hlar-

1971 5052 2132 5122 eiano
2153 5043 2207 5105 e't
2233 5043 2677 5122 proﬂigata-ejus
2715 5049 3025 5122 tyrannide,
3058 5046 3124 5101 ad
3150 5043 3555 5122 Theodericum

1974 5120 2029 5174 in
2061 5115 2325 5176 Crmciam
2360 5115 2890 5190 profttgi'tJCttmque
2910 5118 3059 5172 Zeno
3094 5118 3258 5190 missa
3290 5115 3559 5190 legatione

1976 5208 2103 5245 eum
2148 5193 2252 5246 εἱιοί
2317 5181 2441 5243 dedi
2493 5181 2816 5259 postularet;
2855 5204 3139 5257 nunquam
3194 5187 3247 5259 id
3282 5181 3561 5259 _a_'Theo-

1975 5262 2167 5315 dorico
2203 5254 2541 5329 impetravit,
2579 5270 2639 5313 ut
2672 5254 3168 5314 scribitCan'didus
3201 5257 3257 5310 in
3282 5254 3425 5309 libro
3468 5267 3560 5305 sc-

1977 5332 2181 5394 cundo,
2216 5343 2271 5385 et
2309 5332 2555 5384 Malchtts
2588 5331 2642 5383 in
2672 5332 2815 5384 libro
2843 5331 2953 5400 jam
2984 5330 3176 5384 citato.

1744 5440 2129 5498 ΥᾹΙὶΙΟΙίυΜ.

364 5538 441 5605 tu)
473 5538 534 5591 Ei
566 5537 651 5605 μὴ
683 5536 791 5590 τεν
822 5538 1031 5604 καρίο
1064 5536 1353 5603 παρῆμεν.
1389 5537 1463 5592 Ad
1517 5554 1687 5589 emine
1734 5554 1872 5605 epu-

290 5607 374 5663 las
416 5623 782 5676 somnumque
826 5609 1192 5677 capiendum,
1244 5608 1407 5661 rebus
1450 5608 1691 5660 nondum
1746 5625 1877 5676 ier-

291 5679 454 5745 actis,
491 5696 547 5734 se
600 5679 873 5735 convellit
915 5690 972 5733 ut
1008 5688 1240 5733 testatur
1277 5679 1335 5731 Τί
1362 5679 1659 5747 θοι-ιιίιιιυδ.
1702 5680 1890 5735 Porto.

1985 5538 2131 5590 hunc
2195 5544 2404 5588 motum
2434 5536 2709 5589 Antonius
2744 5536 2872 5606 Pagi
2904 5534 3204 5606 contigisse
3234 5540 3389 5602 putat
3414 5548 3563 5606 auito

1981 5608 2109 5661 Chr.
2142 5609 2276 5672 478,
2316 5615 2407 5661 aut
2446 5606 2569 5661 £79.
2604 5606 2749 5674 (Vid.
2782 5602 2907 5661 eum
2938 5605 3003 5661 ad
3033 5602 3163 5661 ann.
3194 5606 3322 5671 4822,
3349 5621 3406 5657 ιι.
3447 5602 3562 5672 l7.)
