4038 6198
267 307 410 374 28ῗῆ

1201 301 1592 368 HISTORLE
1629 303 2225 366 ECCLESIASTIC.’E
2265 303 2498 364 LIBER
2537 297 2651 365 III.

3401 312 3543 376 9658

269 415 690 488 ἑκτεθειμένων,
718 415 857 487 αὐτῇ
913 415 1060 486 μάλα
1083 419 1348 486 γεννικῶς
1376 418 1690 488 ἀντείχοντο
1715 461 1727 482 ,
1765 421 1855 474 καὶ

1963 433 2178 484 eorum,
2203 429 2401 472 cuncta
2427 435 2548 488 qua:
2573 419 2628 472 in
2655 418 2748 472 illo
2773 419 3008 474 concilio
3030 419 3276 488 exposita
3302 423 3540 480 fuerant.

269 508 408 578 πρὸς
440 505 700 574 οὐδεμίαν
735 504 1042 557 ἐνεδίδοσαν
1092 504 1365 574 συλλαϐὴν
1395 505 1502 558 τῶν
1531 505 1858 578 ὁρισθέντων

267 601 399 670 παρ’
444 597 614 664 αὐτῆς
643 639 656 658 ,
689 596 750 649 οὐ
787 595 894 666 μὴν
925 597 1256 666 γράμματος
1289 597 1592 668 ἐναλλαγὴν
1623 597 1856 667 παρεδέ-

271 707 444 762 χοντο.
483 687 644 741 Ἀλλὰ
681 687 778 739 καὶ
810 687 950 756 μετὰ
977 686 1180 756 πολλῆς
1203 687 1501 756 ἀπεπήδων
1525 689 1622 756 τῆς
1647 689 1860 760 παρρη-

271 785 412 844 σίας,
444 782 536 833 καὶ
563 781 844 832 κοινωνεῖν
891 779 1171 843 παντελῶς
1200 781 1298 832 οὐκ
1329 780 1608 850 ἠνείχοντο
1635 785 1744 844 τοῖς
1784 779 1858 849 μὴ

269 875 580 948 δεχομένοις
615 875 746 944 παρ’
798 874 968 943 αὐτῆς
1022 877 1092 926 τὰ
1125 875 1474 943 ἐκτιθέμενοι.
1520 874 1739 941 Ἕτεροι
1777 873 1855 938 δὲ,

269 971 330 1023 οὐ
369 969 528 1038 μόνον
557 967 658 1019 οὐκ
686 967 932 1036 ἐδέχοντο
963 967 1061 1036 τὴν
1091 969 1146 1020 ὲν
1175 968 1480 1036 Καλχηδόνι
1505 967 1740 1030 σύνοδον,
1765 967 1859 1020 καὶ

269 1057 335 1108 τὶ
367 1055 498 1124 παρ’
520 1055 688 1120 αὐτῆς
715 1054 1024 1122 ὁρισθὲν-ια’
1060 1054 1195 1106 ἀλλὰ
1227 1057 1320 1108 καὶ
1349 1053 1652 1122 ἁναθέματι
1697 1073 1856 1124 περι-

273 1143 463 1196 έϐαλον
491 1142 660 1212 αὐτὴν
704 1160 760 1194 τε
793 1144 885 1196 καὶ
912 1145 1002 1196 τὸν
1032 1145 1258 1208 Λέοντος
1287 1146 1472 1217 τόμον.
1514 1147 1695 1199 Ἀλλοι
1745 1151 1858 1208 τοῖς

284 1232 592 1294 Ἐνωτικοῖς
620 1233 869 1300 Ζήνωνος
897 1233 1300 1302 ἑνισχυρίζοντο
1323 1273 1336 1298 ,
1393 1235 1485 1286 καὶ
1519 1234 1690 1286 ταῦτα
1723 1234 1857 1304 πρὸς

271 1322 538 1390 ἀλλήλους
577 1323 940 1393 διερῤωγὸτες
974 1327 1040 1394 τῇ
1073 1341 1129 1376 τε
1163 1326 1258 1395 μιᾷ
1287 1325 1381 1377 καὶ
1425 1326 1546 1386 ταῖς
1574 1323 1666 1378 δύο
1693 1324 1858 1391 φύσε-

272 1428 374 1466 σιν⁶
391 1413 578 1482 οἱμὲν,
593 1416 658 1484 τῇ
675 1412 915 1486 συνθήκῃ
939 1419 1156 1490 τᾶνγρα
1167 1441 1200 1488 μ
1211 1415 1514 1486 μάτωνμό)
1533 1414 1854 1477 κλαπέντες·

269 1503 320 1557 οἱ
347 1503 406 1555 δὲ
436 1543 450 1567 ,
488 1505 582 1556 καὶ
629 1503 764 1573 πρὸς
803 1505 862 1554 τὸ
909 1504 1332 1574 εἰρηνικώτερον
1374 1504 1576 1574 μᾶλλον
1623 1505 1854 1556 ἀποκλί-

269 1612 462 1658 ναντες
489 1611 502 1624 ·
528 1595 604 1658 ὡς
641 1595 820 1658 πάσας
846 1597 945 1659 τὰς
987 1597 1317 1666 Ἐκκλησίας
1359 1601 1418 1662 ἐς
1451 1599 1586 1661 ἰδίας
1621 1601 1855 1668 ἀποκρι-

270 1685 430 1756 θῆναι
477 1685 694 1754 μοίρας,
744 1687 838 1737 καὶ
900 1686 1034 1756 μηδὲ
1096 1691 1376 1740 κοινωνεῖν
1431 1687 1679 1757 ἀλλήλοις
1729 1690 1856 1750 τοὺς

1963 509 2408 580 pertinacissime
2456 509 2851 570 defendebant.
2887 526 2991 564 nec
3053 511 3107 564 in
3149 515 3268 582 ejus
3306 515 3546 570 decretis

1961 601 2046 654 vel
2083 617 2245 654 unam
2273 601 2534 671 syllabam
2568 603 2872 666 remittere,
2915 619 2980 657 ac
3019 619 3087 658 ne
3121 605 3284 658 unius
3320 608 3542 675 quidem

1962 692 2161 745 littera:
2223 691 2585 744 mutationem
2641 692 2934 746 admittere
3004 693 3350 748 sustinebant
3399 697 3540 750 :sed

1963 797 2158 852 magna
2200 799 2326 837 cum
2375 783 2574 838 ﬁducia
2613 785 2944 838 recedebant
2975 785 3044 838 ab
3089 785 3158 838 iis
3193 788 3288 855 qui
3323 787 3542 840 decreta

1963 873 2113 929 illius
2161 874 2386 928 concilii
2435 875 2662 929 minime
2701 876 3074 944 susciperent,
3108 893 3210 929 nec
3245 877 3356 930 illis
3391 893 3544 931 com.

1962 967 2250 1021 municarc
2289 967 2402 1019 ullo
2445 966 2607 1019 modo
2641 968 3008 1020 sustinebant.
3047 967 3152 1020 Alii
3185 984 3336 1034 vero,
3381 969 3546 1022 Chal-

1961 1057 2330 1111 cedonensem
2368 1057 2636 1128 synodum
2679 1059 2910 1127 ejusque
2951 1059 3170 1112 decreta
3219 1075 3328 1112 non
3381 1060 3544 1112 modo

1961 1165 2072 1203 non
2122 1149 2531 1217 suscipiebant;
2603 1165 2796 1202 verum
2865 1149 3030 1202 etiam
3075 1149 3220 1202 illam
3265 1167 3370 1204 una
3417 1165 3542 1204 eum

1961 1241 2164 1295 Leonis
2205 1241 2439 1310 epistola
2487 1241 2590 1294 sub
2626 1240 2980 1294 anathemate
3031 1240 3384 1294 daninaliant.
3439 1243 3542 1296 Alii

1961 1332 2201 1386 Zenonis
2237 1331 2504 1386 llenotico
2533 1332 2816 1386 mordicus
2839 1332 3188 1386 inhicrebant
3219 1349 3231 1386 :
3267 1332 3432 1401 idque
3461 1343 3544 1386 ta—

1961 1426 2122 1480 metsi
2157 1425 2302 1479 inter
2335 1441 2394 1479 se
2434 1425 2771 1480 dissidercnt
2809 1425 2876 1478 de
2911 1441 3018 1480 una
3063 1433 3159 1478 aut
3209 1425 3278 1479 de
3331 1425 3544 1480 duabus

1959 1514 2178 1568 naturis
2207 1532 2218 1566 :
2247 1513 2304 1567 hi
2336 1515 2558 1583 quidem
2604 1513 3010 1581 compositione
3049 1513 3420 1581 imperialium
3453 1514 3544 1567 lit-

1963 1613 2204 1659 terarum
2231 1605 2450 1675 decepti
2486 1624 2498 1658 :
2537 1607 2617 1660 illi
2653 1621 2786 1660 vero
2811 1605 2930 1673 paci
2957 1615 3012 1658 ct
3035 1605 3350 1660 concordia:
3371 1605 3543 1675 magis

1963 1696 2269 1751 studentes.
2299 1697 2452 1752 Adeo
2485 1707 2548 1752 ut
2575 1697 2746 1752 totius
2781 1697 2935 1751 orbis
2975 1695 3234 1750 Ecclesiae
3267 1695 3322 1748 in
3361 1697 3544 1750 varias

270 1776 722 1846 προεδρεύοντας.
752 1777 1034 1830 Ἐντεῦθεν
1075 1779 1300 1832 πλεῖστα
1332 1781 1590 1849 χρήματα
1625 1781 1767 1832 κατά
1797 1797 1854 1832 τε

1960 1786 2230 1842 factiones
2253 1789 2445 1843 divisae
2487 1797 2694 1854 essent,
2731 1803 2796 1842 ac
2849 1804 2920 1842 ne
2976 1787 3256 1841 antistites
3315 1787 3540 1856 quidem

265 1869 368 1939 τὴν
406 1867 601 1938 Ἕῲαν,
636 1869 740 1922 ἀνά
779 1886 839 1922 τε
875 1871 945 1924 τὰ
975 1869 1238 1941 Ἐσπέρια
1281 1873 1422 1942 μέρη
1453 1873 1548 1924 καὶ
1593 1871 1732 1924 κατᾶ
1758 1871 1856 1942 τὴν

181 2005 194 2014 .
265 1961 477 2030 Διϐύην
509 1961 808 2030 ἐτύγχανον
850 1962 999 2025 ὄντα,
1028 1962 1152 2016 οὔτε
1186 1964 1294 2017 τῶν
1333 1964 1516 2035 Ἐᾠων
1538 1965 1856 2018 ἐπισκόπων

271 2055 385 2112 τοῖς
431 2049 742 2122 Ἐσπερίοις
767 2053 800 2121 ἢ
824 2054 938 2115 τοῖς
966 2053 1164 2105 Λίόυσι
1195 2053 1594 2124 σπενδομένων,
1631 2053 1756 2107 οὕτε
1787 2049 1853 2108 αὖ

263 2145 474 2199 τούτων
496 2147 612 2207 τοῖς
643 2143 851 2214 Ἐῴοις.
883 2145 956 2197 Τὸ
979 2146 1036 2198 δὲ
1063 2145 1250 2216 μεῖζον
1283 2148 1340 2208 ἐς
1373 2148 1606 2200 ἀτοπίαν
1637 2149 1853 2219 προῄει.

268 2237 406 2290 Οὐδὲ
463 2239 572 2310 γὰρ
630 2242 815 2307 σφίσιν
865 2241 1051 2305 αὐτοῖς
1099 2242 1422 2296 ἐκοινώνουν
1451 2245 1500 2296 oi
1545 2245 1643 2312 τῆς
1683 2244 1856 2314 Ἐῴας

267 2329 546 2400 πρόεδροι,
591 2331 712 2384 οὐδὲ
753 2331 860 2402 μὴν
890 2332 940 2384 οί
975 2332 1074 2401 τῆς
1107 2333 1382 2404 Εὐρώπης
1414 2334 1445 2404 ἢ
1507 2337 1607 2404 τῆς
1642 2335 1854 2408 Λιϐύης

265 2423 392 2480 τοὺς
427 2421 652 2491 θρόνους
679 2423 956 2488 διέποντες
977 2467 990 2488 ,
1033 2427 1166 2495 μήτι
1195 2443 1258 2494 γε
1293 2427 1357 2496 δὴ
1390 2430 1485 2481 καὶ
1519 2429 1850 2502 ὑπερορίοις.

267 2510 448 2580 Ἀπερ
477 2513 505 2564 ὁ
543 2511 799 2581 βασιλεὺς
827 2513 1184 2578 ’Δναστάσιος
1223 2515 1495 2584 θεώμενος
1523 2558 1538 2581 ,
1565 2517 1692 2579 τοὺς
1716 2533 1852 2569 νεω-

265 2601 588 2671 τερίζοντας
616 2602 724 2655 τῶν
748 2603 1066 2656 ἐπισκόπων
1097 2604 1372 2672 ἐξωθεῖ-ιο,
1403 2605 1560 2658 εἵπου
1597 2607 1855 2677 κατειλή-

265 2709 380 2761 φει,
410 2693 442 2762 ἢ
477 2693 628 2763 παρὰ
657 2694 718 2746 τὸ
739 2695 931 2758 εἰωθὸς
955 2699 1070 2758 τοῖς
1099 2696 1286 2759 τόποις
1325 2699 1446 2750 τινὰ
1493 2697 1590 2768 τὴν
1615 2699 1673 2750 ὲν
1705 2697 1854 2752 Καλ-

267 2783 454 2851 χηδόνι
481 2783 701 2836 σύνοδον
727 2801 796 2849 κη
806 2784 1090 2854 ρύττοντα,
1123 2786 1154 2856 ἢ
1181 2786 1388 2856 ταύτην
1419 2787 1722 2857 ἀναθέματι
1757 2805 1857 2841 πε-

271 2875 568 2945 ριτιθέντα.
597 2877 934 2946 Ἐκὸέδληκε
969 2879 1064 2948 μὲν
1107 2874 1200 2932 οὖν
1237 2881 1301 2932 ἐκ
1325 2881 1420 2948 τῆς
1455 2879 1721 2948 βασιλίδος
1747 2882 1854 2934 τῶν

267 2967 498 3029 πόλεων,
523 2967 738 3038 πρῶτον
767 2969 865 3039 μὲν
888 2971 1169 3041 Εὑφήμιον
1192 2969 1286 3041 (ὁ),
1315 2970 1390 3034 ὡς
1416 2971 1851 3041 προγέγραπται,

267 3049 388 3106 εἶτα
411 3055 774 3121 Μακεδόνων,
825 3059 945 3146 μεθ’
978 3059 1036 3113 ὃν
1081 3059 1348 3130 Τιμόθεος
1379 3061 1623 3130 ἐγεγόνει
1648 3075 1660 3089 ·
1703 3063 1768 3114 ὲκ
1799 3061 1855 3114 δὲ

266 3147 366 3213 τῆς
391 3145 672 3218 Ἀντιόχου
699 3145 1022 3204 mammam

1958 1879 2064 1932 sibi
2095 1889 2286 1934 mutuo
2321 1881 2816 1936 communicarent.
2845 1879 2986 1934 [line
3017 1880 3187 1932 multa
3222 1878 3450 1933 dissidia
3483 1878 3540 1932 in

1958 1967 2198 2026 Orientis
2222 1981 2279 2025 et
2310 1971 2366 2026 in
2401 1970 2722 2026 Occidentis
2753 1972 3028 2041 partibus,
3061 1981 3116 2025 ct
3146 1987 3246 2040 per
3295 1970 3538 2025 Africam

1956 2063 2312 2130 exstiterunt,
2345 2079 2473 2118 cum
2511 2081 2614 2119 nec
2637 2063 2952 2120 Orientales
2987 2064 3236 2134 episcopi
3267 2063 3540 2118 Occiden-

1956 2155 2162 2210 talibus
2203 2165 2260 2212 et
2299 2157 2450 2212 Afris
2487 2157 2858 2224 sociarentur,
2892 2174 2998 2213 nec
3041 2158 3130 2212 isti
3161 2157 3405 2212 vicissim
3441 2173 3538 2212 co—

1957 2245 2104 2302 irent
2125 2263 2251 2301 cum
2287 2247 2688 2305 Orientalibus.
2716 2248 2858 2316 Quin
2881 2251 3048 2306 etiam
3068 2251 3136 2304 ad
3165 2251 3425 2320 maiorem
3445 2251 3540 2304 ab-

1955 2337 2280 2392 surditatem
2315 2354 2404 2394 res
2437 2355 2726 2410 progressa
2761 2347 2866 2394 est.
2901 2341 3036 2395 Nam
3077 2357 3182 2396 nec
3231 2341 3540 2398 Orientales

1957 2428 2236 2484 antistites
2279 2429 2426 2484 inter
2465 2446 2524 2486 se
2567 2431 2670 2500 ipsi
2696 2432 3348 2488 communicabantznec
3375 2431 3538 2488 Occi-

1957 2521 2208 2576 dcntalcs
2243 2521 2376 2576 item
2403 2539 2507 2577 nec
2533 2524 2652 2578 Afri
2681 2523 2826 2578 inter
2854 2525 3183 2594 semetipsos
3198 2525 3540 2579 communio-

1956 2627 2084 2666 nem
2108 2611 2389 2678 lovebant,
2433 2614 2637 2669 nedum
2660 2631 2786 2670 cum
2805 2617 3112 2686 peregrinis
3153 2626 3208 2672 et
3237 2617 3534 2670 extraneis.

1955 2703 2088 2770 Quae
2111 2721 2236 2760 cum
2281 2706 2583 2776 imperator
2625 2708 2953 2764 Anastasius
2981 2708 3217 2772 videret,
3251 2708 3540 2777 episc0pos

1957 2797 2052 2866 qui
2103 2797 2316 2867 aliquid
2367 2799 2722 2864 innovarent,
2773 2800 3038 2856 Ecclesiis
3091 2799 3445 2862 exturbabat,
3495 2797 3540 2852 si

1957 2895 2124 2954 quem
2143 2885 2284 2941 forte
2307 2887 2776 2957 deprehendisset
2801 2898 2896 2942 aut
2919 2887 3216 2942 concilium
3239 2887 3542 2942 Chalcedo—

1955 2992 2130 3031 nense
2161 2977 2550 3046 praedicantem
2596 2989 2788 3034 contra
2823 2979 3071 3032 inolitam
3115 2979 3362 3033 locorum
3411 2992 3543 3032 con-

1959 3067 2337 3134 suetudinem,
2363 3078 2460 3124 aut
2483 3071 2626 3124 idem
2651 3071 2753 3126 sub
2789 3071 3138 3124 anathemate
3164 3071 3538 3125 damnantem.

1882 3127 1926 3186 c
1959 3156 2028 3211 Et
2060 3173 2128 3212 ex
2162 3159 2310 3230 regia
2337 3159 2562 3228 quidem
2599 3160 2758 3224 urbe,
2793 3160 2875 3212 uti
2905 3175 3070 3228 supra
3105 3158 3387 3220 diximus;
3423 3154 3540 3224 pri—

267 3251 420 3292 mum
483 3241 651 3308 eiecit
717 3242 1110 3312 Euphemium,
1143 3243 1346 3299 deinde
1385 3243 1790 3312 Macedoniam,
1856 3248 1947 3302 cui
1985 3251 2252 3306 successit
2296 3251 2654 3318 Timotheus;
2697 3251 2990 3306 Antiochia
3033 3266 3164 3306 vero
3218 3247 3538 3304 Flavianum

269 3333 502 3402 expulit.

845 3451 1096 3505 ΚΕΦΑΛ.
1153 3451 1282 3507 AA’.

270 3539 596 3606 Ἐπιστολὴ
635 3535 754 3590 τῶν
781 3538 1070 3608 μοναχῶν
1099 3540 1522 3594 Παλαιστινῶν
1557 3540 1707 3608 πρὸς
1728 3540 1857 3596 Ἀλ-

411 3614 648 3664 κισωνα
682 3611 816 3678 περὶ
841 3611 1093 3664 Ξεναιόυ
1132 3612 1230 3665 καὶ
1264 3611 1488 3680 ἐτέρων
1511 3610 1712 3666 τινῶν.

341 3723 479 3794 Περὶ
509 3721 693 3794 τοίνυν
721 3723 1066 3776 Μακεδονίου
1102 3725 1197 3778 καὶ
1221 3723 1520 3778 Φλασιανοῦ
1543 3701 1771 3796 γράφων
1798 3723 1861 3778 τδ

267 3819 330 3871 ὲν
362 3817 700 3888 Παλαιστίνῃ
717 3815 1000 3886 μοναδικὺν
1031 3815 1169 3886 πρὸς
1198 3815 1502 3870 ’Δλκίσωνα
1531 3817 1642 3886 (ομ)
1667 3817 1758 3869 ἐπὶ
1773 3815 1864 3869 λέ-

270 3908 410 3974 ξεως
431 3909 578 3978 λέγει
597 3909 790 3962 ταῦτα’
815 3907 1024 3978 Πέτρου
1045 3907 1102 3960 δὲ
1125 3908 1528 3979 κεκοιμημένον
1549 3906 1863 3980 (45),πάλιν

2560 3454 2712 3510 CAP.
2755 3453 2944 3508 XXXI.

1961 3544 2207 3618 Epistola
2245 3548 2620 3618 monachorum
2654 3546 2985 3618 Palmsﬂ'me
3013 3543 3095 3618 ad_
3128 3541 3443 3608 Altisonem,
3481 3543 3545 3597 de

2303 3617 2511 3671 Xenaia
2539 3627 2587 3670 et
2627 3617 2690 3669 de
2721 3617 2844 3669 aliis
2873 3613 3210 3686 quibusdam.

2032 3723 2112 3779 De
2143 3723 2467 3779 Macedonio
2505 3724 2728 3794 quidem
2763 3733 2818 3778 et
2859 3721 3118 3777 Flaviano
3151 3721 3408 3776 monachi
3447 3723 3547 3776 Pa-

1963 3815 2192 3872 lestina:
2224 3817 2279 3870 in
2323 3817 2527 3871 litteris
2553 3817 2619 3870 ad
2654 3817 2969 3871 Alcisonem
2997 3815 3139 3870 datis
3175 3816 3248 3871 ita
3269 3816 3541 3872 scribunt.

1968 3907 2183 3962 Mortuo
2228 3915 2413 3962 autem
2463 3909 2648 3974 Petro,
2680 3908 2841 3979 362
2877 3909 3021 3962 inter
3059 3921 3120 3962 se
3161 3908 3308 3978 ipsos
3343 3909 3544 3964 iterum

1465 4038 1740 4094 VALESII
1794 4037 2354 4096 ANNOTATIONES.

341 4157 454 4227 (45)
493 4153 571 4222 Τῇ
596 4151 1018 4227 σ-υιζθήκῃίτῶν
1035 4153 1406 4227 τραμμάτωις.
1432 4152 1678 4227 Joannes
1701 4152 1839 4206 Lan-

272 4223 376 4299 gus
419 4228 632 4280 litteras
683 4223 1418 4299 Zenonisimperatorisde
1471 4223 1844 4299 Ecclesiarum

273 4292 628 4365 adunatione
663 4296 880 4348 videtur
933 4292 1260 4365 intelligere.
1296 4292 1387 4365 Sic
1439 4294 1586 4348 enim
1623 4294 1796 4365 yertit
1831 4309 1842 4344 :

272 4367 324 4422 Ii
353 4367 560 4436 quidem
613 4364 802 4418 litteris
855 4361 1848 4436 insidiose‘compositisperfraudem

272 4433 491 4504 decepti.
509 4435 682 4501 Quem
702 4450 922 4488 sensum
941 4443 1164 4488 secutus
1179 4443 1260 4488 est
1281 4435 1444 4488 etiam
1466 4433 1854 4500 Christophor-

273 4521 462 4560 sonus.
495 4507 656 4560 Certe
687 4505 780 4557 hic
841 4504 1059 4574 Evagrii
1109 4505 1263 4557 locus
1305 4505 1466 4556 aliter
1491 4504 1691 4574 exponi
1730 4515 1850 4574 non

317 4585 479 4629 otest.
513 4577 656 4629 Duas
687 4575 836 4628 enim
865 4571 1060 4628 causas
1083 4574 1264 4636 alfert,
1289 4589 1388 4626 cur
1409 4571 1858 4626 nonuulliedicto

323 4645 520 4699 enonis
573 4645 1014 4713 acquiescerent.
1080 4643 1354 4708 Quosdam
1387 4643 1550 4708 igitur
1579 4643 1653 4694 ait
1691 4641 1858 4694 fuisse

275 4715 541 4788 deceptos
578 4715 780 4788 blanda
811 4714 1024 4788 illa,_et
1082 4713 1644 4788 adpersumlendum
1704 4727 1857 4788 com-

273 4781 455 4855 posita
505 4784 1099 4855 principis_oratione.
1136 4781 1288 4836 Alios
1337 4799 1467 4855 rem
1489 4781 1675 4855 studio
1713 4783 1859 4855 pacis

193 4865 200 4870 ‘
273 4851 333 4908 ct
361 4851 566 4923 quietis
599 4851 972 4908 Ecclesiarum
1007 4853 1244 4916 illectos,
1269 4853 1394 4906 huic
1416 4853 1606 4905 edicto
1633 4851 1858 4918 acquie-

272 4939 443 4978 VISSC.

347 4993 648 5060 κισθηρὸς
707 4995 1065 5048 Ἀλκίσωνα.
1131 4993 1228 5046 llic
1285 4991 1506 5046 Alcison
1567 4990 1860 5060 episcopus

273 5073 393 5117 erat
453 5064 734 5132 Nicopolis
783 5081 904 5132 quae
950 5064 1264 5132 metropolis
1290 5071 1372 5116 est
1397 5062 1599 5132 veteris
1647 5062 1796 5130 Epiri
1841 5079 1854 5114 :

275 5133 424 5208 inter;
455 5131 762 5203 praecipuos
791 5131 1336 5208 del'ensoresusynodi
1361 5131 1853 5208 Chalcedonensis.

271 5203 528 5258 Mortuus
571 5213 654 5257 est
691 5219 836 5258 anno
869 5205 1078 5259 Christi
1101 5203 1224 5270 5H},
1263 5203 1424 5257 Petro
1457 5203 1574 5256 solo
1607 5205 1855 5256 consule.

1949 4151 2082 4222 Ejus
2107 4151 2358 4206 meminit
2373 4135 2722 4206 Marcellinus
2741 4152 2794 4207 in
2813 4151 3085 4217 Chronico,
3101 4153 3192 4222 qui
3216 4169 3341 4207 eum
3364 4153 3542 4210 Alcis-

1951 4237 2072 4276 sum
2109 4229 2288 4277 vocat.
2325 4223 2459 4277 Vide
2489 4222 2784 4278 Baronium
2817 4223 2884 4277 ad
2919 4239 3126 4276 annum
3179 4224 3382 4278 Christi
3415 4225 3539 4279 5l6.

2019 4291 2142 4358 ,(45)
2179 4292 2404 4360 Πέτρου
2437 4292 2505 4344 δὲ
2529 4293 2986 4362 κεκοιμημένου.
3019 4293 3154 4348 Cum
3189 4295 3299 4346 duo
3338 4298 3544 4350 luerint

1955 4360 2102 4416 Petri
2144 4377 2254 4416 uno
2305 4363 2610 4431 eodemque
2661 4360 2927 4432 tempore,
2966 4365 3104 4417 alter
3137 4364 3545 4419 Alexandrinus

1958 4433 2271 4501 episcOpus,
2290 4433 2428 4486 alter
2446 4433 2844 4498 Antiochcnus,
2871 4433 3140 4487 incertum
3161 4443 3245 4487 est
3276 4443 3396 4488 uter
3427 4435 3546 4487 illo-

1889 4489 1930 4544 Ι)
1959 4489 2082 4555 rum
2132 4489 2224 4555 llic
2260 4489 2635 4570 intelligatur.
2695 4489 3044 4556 Prob'aliilius
3091 4511 3270 4556 tamen
3325 4505 3544 4559 \‘idrtur

1963 4571 2396 4626 Alexandrinum
2425 4574 2644 4626 Petrum
2681 4573 2772 4626 hic
2804 4573 3116 4642 designari;
3152 4591 3219 4628 eo
3244 4575 3390 4642 quod
3429 4592 3542 4627 rno-

1961 4642 2124 4694 nachi
2165 4643 2462 4697 Palaestina!
2497 4645 2680 4696 statim
2715 4645 3014 4711 loquuntur
3073 4645 3138 4696 de
3185 4645 3536 4704 Alexandria,

1961 4711 2110 4784 etde
2135 4712 2368 4783 [Egypm
2411 4729 2475 4767 ac
2516 4713 2706 4784 Libya.
2751 4715 2942 4768 Obstat
2981 4725 3157 4767 tamen
3192 4717 3334 4782 quod
3373 4715 3544 4782 subji-

1962 4783 2108 4834 citur
2157 4786 2225 4836 ab
2287 4784 2482 4836 iisdem
2527 4783 2812 4836 monachis
2843 4799 2856 4846 ;
2893 4793 3014 4852 post
3053 4795 3281 4836 mortem
3331 4786 3544 4837 scilicet

1963 4852 2106 4904 Petri
2137 4853 2428 4922 Angptum
2459 4855 2754 4921 separatim
2781 4853 3240 4915 communicasse,
3265 4861 3320 4904 et
3345 4855 3540 4906 Oricu-

1965 4922 2184 4976 talesab
2220 4939 2412 4976 eorum
2448 4925 2836 4976 communione
2877 4924 3183 4990 disjunctos
3219 4923 3407 4977 fuisse.
3437 4922 3539 4974 l’e-

1970 5001 2052 5044 tro
2112 4994 2258 5046 enim
2313 4994 2682 5046 Alexandrino
2735 4995 3001 5046 successit
3059 4993 3408 5054 Athanasius,
3447 4992 3541 5060 qui

1967 5063 2260 5130 synodicas
2309 5065 2531 5132 Scripsit
2559 5065 2625 5116 ad
2657 5064 2960 5117 Palladium
2991 5063 3308 5131 cpiscopmu
3349 5063 3542 5114 Aulio-

1967 5135 2125 5190 chizc.
2141 5137 2368 5201 ejusque
2397 5134 2772 5186 conuuunioni
2791 5134 3034 5186 sociatus
3057 5133 3180 5192 fuit,
3203 5142 3256 5185 ut
3287 5133 3542 5200 superius

1965 5205 2254 5257 observavi
2305 5219 2372 5256 ex
2427 5204 2658 5272 Evagrio
2706 5213 2760 5256 et
2807 5201 3066 5256 Liberato
3094 5207 3128 5256 ⁵.
3165 5203 3375 5256 Rursus
3407 5218 3534 5256 vero

1743 5337 2132 5392 VAlilORUM.

347 5439 420 5508 (ὁ)
477 5435 842 5502 Ἐκεέὅληκε
889 5435 1226 5504 Εὐφήμιον.
1269 5435 1638 5504 Eupllemium
1675 5435 1848 5503 cpisc.

268 5505 427 5563 CﬁP.
495 5509 633 5562 falso
686 5509 754 5560 ab
806 5509 1094 5561 Anastasio
1141 5508 1270 5575 imp.
1313 5517 1634 5560 accusatum
1688 5515 1852 5574 atque

271 5577 618 5636 damnatum.
653 5579 706 5630 in
771 5580 1022 5632 exsulium
1087 5577 1310 5630 ductum
1363 5593 1505 5640 ess‘c,
1541 5585 1594 5628 et
1641 5575 1694 5628 in
1735 5577 1855 5643 ejus

269 5651 456 5704 locum
506 5648 888 5702 Macedonium
939 5647 1295 5716 subrogatum
1341 5662 1488 5700 anno
1545 5647 1678 5698 Chr.
1729 5648 1852 5706 Atili,

267 5720 471 5778 scribit
499 5721 695 5786 l‘agius
717 5719 782 5772 ad
815 5733 946 5772 ann.
989 5717 1114 5781 495,
1143 5733 1198 5773 ιι.
1229 5719 1282 5770 5.
1311 5718 1428 5785 Ipse
1457 5727 1640 5770 autem
1675 5717 1853 5770 Mace-

1961 5435 2162 5488 donius
2197 5435 2265 5488 ab
2312 5433 2510 5488 eodem
2553 5433 2683 5502 imp.
2721 5431 2914 5502 pulsus
2943 5441 3025 5488 est
3067 5449 3212 5488 anno
3252 5433 3378 5488 5H.
3411 5433 3533 5490 Vid.

1963 5506 2104 5560 inl'ra
2139 5521 2257 5574 cap.
2289 5505 2356 5558 [μί
2383 5506 2544 5570 hujus
2570 5505 2666 5557 lib.
3633 5559 3637 5564 _

2037 5583 2053 5596 ‘
2095 5577 2170 5629 De
2217 5577 2378 5630 Petro
2409 5575 2598 5645 Mongo
2642 5575 2902 5645 episcopo
2940 5575 3312 5630 Alexandrino
3363 5575 3546 5628 omni-

1968 5662 2040 5700 no
2065 5647 2460 5717 intclligeudus
2499 5648 2674 5701 locus.
2721 5645 2972 5701 Schisma
3010 5648 3160 5700 enim
3206 5649 3274 5700 de
3317 5659 3424 5715 quo
3459 5647 3550 5700 hic
