4038 6198
347 195 496 279 2665

1279 191 1662 262 HISTORIE
1703 191 2292 260 ECCLESIASTICE
2332 202 2560 262 LIBER
2604 198 2720 263 III.

3465 201 3607 266 9666

346 311 486 362 θεοῦ
531 307 826 380 Ἐκκλησία
851 349 864 370 ,
915 312 964 363 εί
999 311 1104 364 τῶν
1145 315 1440 382 σκήπτρων
1478 310 1788 364 ἐπιλάϐοιτο
1819 326 1830 339 ·
1861 311 1926 379 ἦν

2031 324 2151 361 rum
2182 325 2321 372 esse,
2351 310 2395 362 si
2432 309 2646 378 imperii
2685 322 2908 377 compos
2943 303 3115 362 ﬂeret.
3147 307 3299 362 llanc
3331 307 3421 362 ille
3446 309 3610 362 Chal“

347 400 442 451 καὶ
471 399 742 468 παρέθετο
766 401 1090 472 Μακεδονίῳ
1114 403 1214 474 τὴν
1237 402 1343 454 τῶν
1380 401 1596 455 σεπτῶν
1621 401 1920 471 κειμηλίων

349 487 751 559 παραφυλακὴν
774 492 1288 562 ἐμπεπιστευμένῳ,
1331 493 1638 563 Ἐδεδράκει
1655 491 1710 544 δὲ
1731 491 1920 552 ταῦτα,

347 579 479 632 διότι
509 583 620 648 γεό
673 581 1018 644 Ἀναστάσιος
1073 584 1229 647 δόξαν
1272 582 1617 652 Μανιχαῖκῆς
1659 584 1924 652 νομίσεως

351 671 500 740 παρά
536 674 649 735 τοῖς
681 673 897 736 πολλοῖς
934 670 1099 744 εἶχεν.
1160 674 1381 744 Ἐπειδὴ
1412 675 1590 727 τοίνυν
1623 675 1650 726 6
1677 675 1922 727 Μακεδό-

350 779 459 826 νιος
489 766 544 826 ἐς
567 765 656 815 τὸν
691 749 970 834 ἱερατικὸν
986 765 1154 833 ἀνέϐη
1174 765 1382 836 θρόνον,
1413 764 1570 834 ἤθελε
1597 764 1696 836 τὴν
1723 765 1926 815 οἰκείαν

350 855 637 922 ὁμολογίαν
667 855 956 908 ἀναλαϐεῖν
999 858 1026 907 ὁ
1087 856 1456 920 Ἀναστασιος,
1506 855 1926 925 καθυϐρίζεσθαι

348 946 446 1015 τὴν
471 946 748 1014 βασιλείαν
771 947 946 1016 λέγων
965 992 979 1015 ,
1009 951 1056 1001 εἰ
1087 949 1148 1000 τὸ
1192 947 1357 1016 ῥηθὲν
1418 948 1794 1018 αὐτόγραπτον
1841 947 1927 996 ἐν⁹

349 1039 654 1106 απομνςίνοι.
695 1037 802 1092 Καῖ
837 1041 974 1110 πρὸς
1004 1039 1162 1092 τοῦτο
1183 1040 1326 1108 μάλα
1347 1039 1608 1107 γενναίως
1641 1039 1926 1107 ἐνισταμέο

349 1145 440 1180 νου
476 1128 574 1180 τοῦ
603 1129 936 1181 Μακεδονίου
963 1171 978 1196 ,
1021 1132 1113 1182 καὶ
1143 1130 1217 1201 μὴ
1258 1130 1560 1198 προδώσειν
1603 1129 1701 1198 τὴν
1746 1129 1928 1180 πίστιν

349 1219 849 1290 ἐνισχυριζομένου,
880 1223 1060 1275 πᾶσαν
1095 1222 1386 1290 ἐπιεουλὴν
1427 1221 1720 1290 ὲΟὴρευσεν
1771 1220 1926 1290 βασι.

347 1312 472 1373 ὶεύς
507 1311 550 1341 ⁷⁸
573 1314 644 1374 οί,
683 1311 882 1374 ἐξῶσαι
909 1313 1004 1380 τῆς
1031 1312 1296 1382 καθέδρας
1325 1313 1543 1366 ἐθέλων.
1576 1312 1794 1381 Ἀμέλει
1819 1331 1932 1365 τοι·

349 1401 556 1472 γαροῦν
583 1403 678 1455 καὶ
707 1403 894 1466 παῖδες
931 1405 1263 1471 συκοφάνται
1290 1405 1621 1472 παρήγοντο,
1662 1405 1757 1456 καὶ
1781 1404 1930 1471 σφῶν

349 1493 530 1543 αὐτῶν
563 1493 657 1545 καὶ
701 1494 1036 1547 Μακεδονίου
1067 1494 1466 1564 αἰσχρουργίαν
1513 1495 1928 1564 κατεψεύδοντο.

361 1583 445 1645 Ὠς
479 1583 534 1636 δὲ
557 1583 664 1636 τῶν
691 1584 953 1654 ἀνδρείων
985 1584 1318 1655 ἐψιλωμένος
1345 1589 1372 1638 ό
1394 1585 1724 1647 Μακεδόνιος
1751 1584 1928 1654 ὤφθη,

350 1676 484 1746 πρὸς
516 1678 679 1749 ἔτερα
723 1679 966 1750 ἐχώρουν
995 1681 1352 1749 τεχνάσματα
1379 1718 1395 1742 ,
1445 1682 1636 1749 μέχρις
1667 1680 1756 1732 ὅτε
1791 1697 1929 1747 συμ-
1965 1655 2002 1704 Β

350 1767 683 1839 ϐουλεύμασι
730 1770 970 1841 Κέλερος
1019 1771 1288 1841 ἡγεμόνος
1320 1771 1430 1824 τῶν
1472 1773 1530 1823 ἐν
1565 1774 1629 1841 τῇ
1664 1772 1801 1842 αὐλῇ
1833 1772 1930 1823 τά-

352 1858 484 1924 ξεων
511 1900 526 1924 ,
555 1863 583 1914 6
614 1861 944 1925 Μακεδόνιος
990 1861 1282 1932 λλαθραίως
1335 1862 1442 1915 τῶν
1481 1863 1696 1914 οίκείων
1736 1863 1928 1930 ἐξέστη

352 1952 578 2021 θρόνων.
596 1951 674 2022 Τῇ
702 1953 758 2004 δὲ
784 1953 980 2023 ἐκϐολῇ
1007 1952 1311 2006 Φλαϐιανοῦ
1357 1954 1520 2023 ἕτερα
1551 1954 1926 2024 προστιθέασιι

353 2043 781 2112 Κατειλήφαμεν
806 2045 914 2114 γὰρ
936 2045 1113 2107 ἐνίους
1147 2045 1635 2113 ἐσχατογέροντας,
1664 2045 1790 2107 τοὺς
1830 2045 1931 2096 ὅσα

353 2133 701 2204 συμϐέὸηκεν
725 2136 818 2187 ἐπὶ
859 2136 1161 2189 Φλαῦιανοῦ
1192 2139 1256 2207 τῇ
1291 2137 1480 2206 μνήμῃ
1517 2135 1749 2198 διασιίλζο
1787 2154 1878 2198 τας
1911 2154 1923 2166 ·

347 2226 400 2278 ὀἶ
435 2228 680 2294 λέγουσιν
712 2227 785 2290 ὼς
822 2229 929 2281 ὑπὸ
963 2227 1162 2298 Ξεναῖᾳ
1190 2230 1342 2299 ἀνδρὶ
1363 2229 1498 2298 (6|),
1525 2223 1593 2297 ἦν
1622 2227 1676 2280 δὲ
1702 2228 1932 2291 Ξεναῖας

351 2319 447 2384 τῆς
483 2318 723 2384 γείτονος
745 2318 916 2388 Ἱερᾶς
945 2319 1150 2382 πόλεως
1185 2319 1470 2390 πρόεδρος,
1529 2317 1738 2372 Ἐλλάδι
1775 2323 1927 2391 φωνῇ

351 2409 624 2474 Φιλόξενος
660 2411 1210 2481 προσαγορευόμενος
1237 2453 1250 2474 ,
1285 2413 1596 2472 πεισθέντες
1639 2411 1776 2464 οἵτε
1831 2413 1928 2482 τῆς

353 2499 691 2570 καλουμένης
745 2502 1047 2570 κυνηγικῆς
1108 2503 1334 2571 μοναχοὶ
1387 2501 1498 2574 (62)
1535 2502 1626 2554 καὶ
1684 2503 1796 2556 ὅσοι
1833 2503 1927 2556 τοῦ

353 2591 566 2661 πρώτου
603 2593 709 2644 τῶν
753 2593 940 2662 Σύρων
987 2593 1174 2654 ἔθνους
1230 2594 1639 2662 καθεστήκεσαν
1669 2633 1682 2655 ,
1739 2593 1929 2663 ἀθρόοι

350 2683 494 2751 μετὰ
531 2685 774 2755 ταραχῆς
805 2684 902 2736 καὶ
935 2683 1035 2753 τῆς
1077 2687 1132 2746 ὲς
1179 2686 1321 2752 ἄγαν
1355 2684 1583 2750 ἀταξίας
1615 2687 1928 2756 ὲσπεπηδή-

356 2791 482 2829 κασι
531 2778 596 2844 τῇ
624 2774 776 2828 πόλει
803 2817 818 2839 ,
857 2774 1170 2844 βιαζόμενοι
1203 2775 1501 2828 Φλαδιανδν
1535 2777 1928 2846 ἀναθεματίσαι

351 2866 450 2935 τὴν
489 2869 545 2917 ἐν
576 2865 879 2936 Καλχηδόνι
936 2867 1154 2920 σύνοδον
1199 2869 1296 2920 καὶ
1338 2867 1429 2920 τὸν
1471 2867 1634 2938 τόμον
1680 2869 1925 2933 Λέοντος.

2028 410 2135 452 tam
2187 399 2507 454 Macedonio
2562 413 2846 454 sacrorum
2889 413 3140 451 vasorum
3195 397 3408 452 custodi
3453 413 3608 452 corn-

2026 492 2396 544 mendaverat.
2427 491 2551 544 lianc
2583 499 2767 545 autem
2808 489 3012 543 idcirco
3034 497 3219 558 egerat
3249 489 3612 557 Euphemius,

2025 581 2168 651 quod
2205 581 2524 635 Anastasius
2557 581 2981 636 Manichaeorum
3017 589 3177 633 sectio
3216 579 3466 632 addit-tus
3491 595 3612 634 esse

2027 689 2054 725 a
2096 672 2373 739 plerisqLe
2422 671 2762 726 crederetur.
2815 673 3107 739 Postquam
3164 671 3330 740 igitur
3359 670 3617 723 Macedo-

2028 764 2153 816 nius
2188 763 2553 831 episc0palem
2601 765 2785 817 sedem
2821 763 3052 830 adeptus
3093 775 3258 824 esset,
3296 763 3618 816 Anastasiu.

2026 852 2186 922 365
2223 853 2534 906 cautionem
2587 868 2740 906 suam
2785 853 2939 907 reddi
2985 853 3088 906 sibi
3135 854 3328 916 voluit,
3364 868 3619 908 asserens

2028 943 2416 996 contumeliam
2469 943 2586 996 ﬁeri
2637 943 2903 1012 imperio,
2956 944 3000 997 si
3043 959 3207 1012 supra
3249 952 3614 997 mcmoratutn

2029 1030 2456 1100 chirographum
2489 1032 2542 1084 in
2586 1031 2829 1085 Ecclesia
2880 1033 3226 1086 reconditum
3276 1044 3614 1088 servaretur.

2031 1121 2135 1176 Sed
2173 1139 2295 1176 cum
2330 1123 2683 1177 Macedonius
2714 1133 2938 1178 strenue
2979 1126 3272 1178 admodum
3309 1127 3613 1191 resisteret,

2030 1227 2198 1282 seque
2227 1214 2387 1267 (idem
2437 1215 2784 1283 proditurum
2819 1225 3063 1284 negaret,
3108 1217 3256 1269 omni
3289 1217 3616 1273 insidiatum

2030 1320 2229 1373 genere
2260 1321 2385 1357 eum
2417 1305 2649 1373 appetiit
2678 1306 3001 1360 Anastasius
3022 1347 3033 1367 ,
3072 1317 3125 1359 ut
3161 1309 3537 1378 episcopatum
3565 1312 3617 1364 ri

2029 1395 2317 1468 adimeret.
2375 1396 2586 1450 Inducti
2638 1406 2765 1450 sunt
2829 1398 2996 1466 igitur
3046 1398 3102 1450 in
3143 1399 3414 1468 judicium
3464 1401 3618 1469 pucti

2033 1488 2256 1555 quidam
2301 1489 2747 1551 calumniatores,
2783 1490 2878 1558 qui
2922 1499 3033 1543 tum
3081 1507 3159 1554 se,
3207 1500 3320 1544 tum
3368 1493 3618 1546 Macedo-

2033 1578 2207 1642 nium,
2256 1579 2432 1648 turpis
2464 1579 2650 1648 ﬂagitii
2704 1581 2840 1633 falso
2881 1591 3228 1635 accusarent.
3283 1582 3483 1636 Verum
3526 1586 3618 1639 ubi

2029 1667 2439 1736 deprehensqu
2464 1679 2567 1730 est,
2594 1669 2911 1722 Macedonio
2934 1670 3174 1723 abscissa
3198 1686 3317 1726 esse
3338 1675 3617 1741 genitalia,

2031 1761 2100 1814 ad
2127 1762 2264 1815 alias
2287 1771 2435 1815 artes
2470 1763 2722 1816 conversi
2768 1769 2896 1815 sunt
2928 1779 2940 1814 :
2970 1762 3144 1816 donec
3181 1763 3397 1818 tandem
3433 1766 3618 1821 consi-

2034 1850 2108 1902 lio
2125 1853 2338 1906 Celeris
2383 1853 2627 1922 magistri
2665 1853 2992 1914 allici-orum,
3033 1855 3171 1908 clam
3215 1871 3283 1909 ex
3323 1859 3620 1928 episcopali

2033 1941 2162 1994 sede
2205 1941 2493 1996 abscessit.
2545 1943 2603 1997 lu
2655 1944 2924 2012 ejection'e
2953 1954 3140 1998 autem
3189 1946 3466 2012 Flaviani,
3513 1951 3616 2003 alia

2032 2047 2250 2102 quoque
2281 2032 2619 2102 adjecerunt.
2661 2034 2962 2089 incidimus
2993 2037 3140 2090 enim
3184 2038 3237 2091 in
3261 2053 3422 2093 senes
3449 2055 3618 2110 quos‘

2033 2126 2156 2176 dam
2212 2124 2541 2192 decrepitos,
2575 2126 2668 2193 qui
2706 2135 2903 2179 cuncta
2943 2141 3065 2194 qua:
3107 2127 3350 2183 Flaviani
3395 2132 3618 2200 pontiﬁ-

2031 2224 2155 2266 catu
2180 2216 2522 2277 acciderant,
2556 2217 2817 2270 memoria
2845 2217 3127 2272 tenebant.
3157 2219 3222 2272 Hi
3252 2221 3615 2286 aﬂirnmbant,

2035 2308 2330 2359 monachos
2375 2307 2614 2376 regionis
2655 2324 2775 2376 qlia:
2804 2307 3073 2379 Cynegica
3117 2310 3342 2376 dicitur,
3373 2321 3426 2366 et
3454 2327 3618 2382 quat—

2032 2408 2163 2466 quot
2198 2400 2250 2450 in
2281 2399 2452 2468 prima
2483 2401 2763 2471 Syriarum
2803 2403 3086 2471 provincia
3130 2404 3290 2458 sedes
3320 2405 3615 2470 habebant.

2033 2490 2288 2543 inductos
2323 2506 2347 2543 ιι
2385 2489 2592 2544 chaia
2633 2510 2644 2544 :
2680 2500 2799 2544 erat
2834 2502 3014 2547 autem
3054 2493 3294 2550 Xenaias
3323 2499 3618 2568 episcopus

2035 2582 2340 2651 Ilicrapolis
2370 2599 2490 2652 quin
2521 2583 2696 2636 vicina
2733 2594 2815 2638 est
2847 2585 3170 2648 Antiochia',
3206 2595 3259 2639 et
3289 2587 3476 2643 Graeco
3518 2605 3618 2644 νο·-

2031 2674 2228 2728 cabulo
2273 2675 2606 2730 Philoxenus
2640 2675 2928 2730 dicebatur
2966 2695 2978 2730 :
3020 2678 3072 2730 in
3119 2694 3288 2731 unum
3334 2680 3616 2744 collectos,

2029 2766 2216 2820 subito
2245 2767 2298 2820 in
2334 2767 2529 2821 urbem
2571 2768 2836 2840 irrupisse
2867 2785 2991 2822 cum
3029 2771 3266 2824 maximo
3298 2773 3536 2827 tumultu
3559 2783 3619 2828 et

2032 2859 2397 2923 contumacia,
2430 2860 2822 2928 compellentes
2849 2859 3190 2926 Flavianum,
3229 2872 3287 2916 ut
3309 2861 3616 2919 Chalcedo-

345 2956 495 3025 υρὶις
519 2956 546 3007 ὃ
573 2955 1105 3026 δυσανασχετοῦντος
1136 2956 1464 3020 Φλασιανοῦ,
1496 2957 1592 3010 καὶ
1615 2957 1720 3009 τῶν
1761 2975 1926 3026 μονα-

2033 2965 2258 3004 neusem
2307 2951 2598 3022 synodum,
2635 2961 2691 3004 et
2735 2950 2936 3004 Leonis
2969 2952 3293 3021 epistolam,
3337 2955 3440 3009 sub
3481 2972 3615 3011 ana-

351 3045 460 3112 χὼν
499 3046 635 3115 μετά
677 3045 875 3116 πολλῆς
905 3046 1001 3113 τῆς
1036 3046 1216 3118 ῥύμης
1245 3047 1615 3116 ἐνισταμένων
1638 3086 1652 3108 ,
1686 3047 1924 3107 ἀναστὰς

347 3141 376 3189 ό
407 3137 540 3198 λεὼς
562 3140 656 3206 τῆς
682 3138 883 3201 πόλεως
916 3139 1075 3205 φόνον
1103 3137 1272 3190 πολὺν
1296 3136 1402 3189 τῶν
1429 3136 1677 3207 μοναχῶν
1708 3155 1926 3208 κατειρ-

349 3227 547 3294 -ίαζετο
577 3243 590 3256 °
641 3228 716 3288 ὠς
746 3227 839 3281 καὶ
874 3228 1101 3290 πολλοὺς
1153 3229 1247 3280 καὶ
1302 3226 1705 3297 ἀναριθμήτους
1749 3228 1926 3280 αὐτῶν

347 3322 520 3388 τάφον
572 3322 663 3373 τὸν
705 3323 965 3392 Ὀρόντην
1015 3322 1404 3392 κληρώσασθαι
1436 3361 1450 3382 .
1503 3321 1611 3374 τῶν
1655 3323 1925 3392 σωμάτων

347 3412 460 3471 τοῖς
494 3410 702 3480 κύμασι
738 3412 1128 3482 κηδευθέντων.
1181 3413 1450 3465 Συνέπεσε
1503 3411 1560 3464 δὲ
1611 3412 1706 3464 καὶ
1743 3413 1927 3484 ἕτερον

348 3503 523 3564 τούτῳ
550 3505 648 3556 οὐκ
672 3505 1082 3575 ἐλαττούμενον.
1117 3506 1191 3557 Τὸ
1222 3505 1329 3574 γὰρ
1351 3505 1450 3572 τῆς
1475 3504 1675 3570 Κοίλης
1704 3506 1922 3574 Συρίας,

349 3591 444 3643 νῦν
477 3591 532 3644 δὲ
556 3593 814 3665 δευτέρας
844 3595 1394 3664 προσαγορευομένης
1419 3595 1726 3663 μοναδικὸν,
1751 3612 1923 3664 προσ-

349 3684 563 3753 πάσχον
613 3685 692 3757 τῷ
741 3685 1028 3754 Φλαόιανῷ
1052 3727 1066 3748 ,
1103 3687 1291 3754 ἐπειδὴ
1335 3690 1424 3737 τὸν
1455 3689 1665 3756 μονήρη
1696 3687 1925 3756 μετῆλθε

350 3775 464 3841 βίον
496 3773 552 3826 ἐν
598 3793 704 3828 τινι
745 3777 1185 3846 φρονστιστηρίῳ
1228 3777 1321 3829 ἐπὶ
1365 3775 1570 3846 ἀγροῦ,
1610 3776 1926 3845 Τιλμογνὼν

347 3867 518 3938 δνομα
553 3867 727 3937 τούτῳ
758 3868 1106 3940 διακειμένῳ,
1141 3869 1321 3922 ἔπεισι
1353 3873 1416 3938 τῇ
1452 3868 1752 3938 Ἀντιόχου,
1784 3869 1922 3939 ἀμύ-

349 3977 457 4013 νειν
487 3959 564 4029 τῷ
585 3961 866 4029 «praemi;
893 3962 1234 4031 βουλόμενον,
1267 3961 1341 4024 ὡς
1367 3961 1644 4015 κάνταῦθα
1665 3964 1724 4015 οὐ
1756 3964 1928 4035 μικρά

347 4068 470 4105 τινα
494 4053 788 4121 συμϐῆναι.
824 4054 948 4105 Εἴτε
982 4049 1075 4106 οὖν
1106 4055 1171 4106 ἐκ
1206 4054 1312 4105 τῶν
1339 4055 1622 4123 προτέρων
1647 4095 1660 4115 ,
1691 4055 1800 4106 εἴτε
1833 4054 1927 4106 καὶ

347 4144 411 4193 ἐκ
441 4142 550 4194 τῶν
590 4142 881 4211 δευτέρων,
924 4142 956 4212 ἢ
983 4144 1076 4194 καὶ
1109 4142 1169 4206 ἐξ
1205 4142 1430 4211 ἀμφοῖν,
1461 4143 1488 4192 6
1508 4143 1800 4202 Φλαϐιανδς
1831 4146 1923 4197 tx-

341 4229 602 4283 ϐάλλεται
636 4232 702 4302 (c)
729 4271 743 4292 ,
777 4232 1128 4303 κατακριθεὶς
1163 4233 1380 4300 Πέτρας
1410 4233 1581 4285 οίκεῖν
1632 4233 1769 4304 πρὸς
1807 4237 1927 4298 ταῖς

351 4324 620 4390 ὲσχατιαῖ,
647 4323 756 4374 τῶν
789 4323 1162 4375 Παλαιστίνων
1191 4323 1474 4392 κειμένας.

2034 3041 2273 3097 themate
2308 3043 2616 3097 damnaret.
2653 3043 2809 3110 Quod
2836 3058 2961 3096 cum
3004 3044 3295 3101 Flavianus
3328 3063 3471 3118 aegre
3513 3048 3613 3103 ad-

2030 3132 2251 3187 tnodum
2285 3133 2476 3196 ferret,
2507 3143 2564 3188 et
2613 3135 2866 3188 monachi
2921 3136 3157 3189 maximo
3204 3137 3408 3208 impetu
3440 3139 3615 3195 insta-

2029 3233 2172 3283 rent,
2211 3225 2366 3293 plebs
2396 3225 2636 3280 civitatis
2684 3226 2972 3295 insurgens
3002 3227 3268 3282 adversus
3296 3232 3613 3297 monachos,

2028 3315 2298 3384 plurimos
2342 3331 2533 3370 eorum
2582 3318 2875 3382 interfecit,
2913 3321 3051 3374 adeo
3099 3331 3158 3374 ut
3202 3322 3394 3389 ingens
3423 3338 3616 3378 eorum

2029 3423 2296 3461 numerus
2329 3410 2590 3462 Orontem
2627 3411 2851 3464 lluvium
2884 3427 2981 3480 pro
3021 3415 3231 3467 tumulo
3261 3415 3488 3469 sortitus
3512 3417 3610 3479 sit,

2029 3498 2392 3552 cadaveribus
2441 3501 2492 3551 in
2539 3499 2752 3569 gurgite
2805 3503 3052 3570 sepultis.
3102 3506 3316 3560 Accidit
3361 3518 3416 3561 et
3466 3508 3614 3562 aliud

2028 3588 2330 3656 quidpiam,
2368 3589 2550 3657 priore
2591 3591 2683 3643 illo
2733 3607 3079 3661 nequaquam
3122 3595 3318 3650 levius.
3363 3598 3614 3654 Monachi

2027 3686 2173 3736 enim
2207 3684 2378 3752 Syriae
2411 3681 2589 3737 C(eles
2621 3699 2742 3752 qua!
2772 3699 2918 3737 nunc
2965 3687 3205 3740 secunda
3247 3689 3401 3759 Syria
3430 3692 3617 3760 appel-

2029 3774 2206 3838 latur;
2235 3790 2358 3826 cum
2411 3773 2657 3841 impense
2701 3775 2949 3828 faverent
2988 3776 3280 3842 Flaviano,
3323 3791 3614 3850 propterea

2027 3867 2173 3936 quod
2217 3867 2264 3920 is
2296 3867 2348 3918 in
2393 3866 2727 3920 monasterio
2756 3867 2997 3936 quodam
3027 3870 3174 3938 quod
3197 3871 3374 3926 ‘situm
3409 3883 3526 3929 erat
3559 3875 3611 3928 in

2027 3975 2158 4029 agro
2205 3959 2297 4027 qui
2333 3958 2658 4027 Tilmognus
2704 3958 2942 4020 dicitur,
2995 3963 3355 4017 monasticam
3410 3968 3613 4034 egissrt

2029 4050 2216 4114 vitam,
2263 4047 2448 4101 subito
2499 4048 2842 4102 Antiochiam
2895 4051 3246 4116 advolarunt,
3305 4063 3362 4107 ut
3397 4055 3611 4110 Flavia-

2029 4155 2159 4194 num
2187 4139 2583 4194 defenderent:
2611 4141 2685 4194 ita
2712 4149 2771 4193 ut
2799 4150 2910 4194 tum
2942 4159 3162 4213 quoque
3193 4153 3248 4198 ct
3277 4161 3386 4199 non
3419 4148 3612 4216 exigua

2027 4229 2319 4285 evenerint
2346 4229 2506 4282 mala.
2543 4229 2670 4284 Sive
2706 4230 2872 4300 igitur
2909 4234 2978 4284 ob
3025 4235 3209 4302 priora
3255 4236 3366 4300 illa,
3395 4237 3511 4292 sive
3539 4239 3612 4291 ob

1960 4323 2004 4376 Β
2032 4337 2097 4378 ea
2127 4336 2248 4392 qua:
2277 4322 2582 4390 posteriore
2619 4322 2742 4374 loco
2786 4323 3094 4388 retulimus,
3122 4341 3238 4380 srve
3276 4328 3348 4382 ob
3382 4337 3612 4399 utraque

352 4418 538 4483 simul,
587 4417 879 4471 Flavianus
925 4417 1055 4472 sede
1097 4432 1196 4470 sua
1243 4417 1559 4486 expellitur,
1604 4428 1659 4474 et
1703 4420 1925 4484 Petras,
1964 4418 2111 4490 quod
2142 4417 2402 4487 oppidum
2464 4427 2548 4471 est
2612 4417 2667 4470 in
2698 4419 2897 4474 iinibus
2926 4420 3224 4478 Palaestinae
3259 4424 3444 4489 situm,
3476 4428 3585 4478 rete

350 4517 522 4574 satur.

1635 4595 1866 4654 νΑιιιΑε
1907 4591 2315 4654 LECTIONES.

1547 4735 1813 4793 VALESII
1856 4736 2410 4794 AUNOTATIONES.

422 4672 466 4704 ⁷³
499 4663 570 4727 C.'
593 4669 654 4728 C.
693 4671 986 4744 ἐθήρευσεν
1016 4673 1043 4724 6
1079 4671 1204 4740 βασ.

417 4833 525 4904 (61)
563 4833 708 4886 Ὑπὸ
731 4835 945 4899 Ξεναὶᾉ
971 4834 1166 4902 ἀνδρί.
1207 4833 1406 4904 Ultima
1430 4832 1790 4904 vox_del_enda
1813 4844 1918 4900 est,

340 4901 533 4972 ‘utpote
561 4906 860 4973 superﬂua,
895 4913 950 4958 et
978 4901 1100 4973 quae
1129 4903 1318 4973 nescio
1347 4902 1492 4973 unde
1537 4901 1592 4956 in
1643 4901 1791 4956 hunc
1836 4905 1919 4955 lo-

341 4971 468 5026 cum
523 4971 761 5042 irrepsit.
795 4973 952 5039 Quod
995 4971 1038 5028 si
1070 4988 1189 5028 eam
1235 4972 1324 5025 hic
1369 4971 1605 5042 retinere
1635 4973 1918 5042 vellemus,

343 5041 696 5097 scribendum
723 5055 871 5098 eSset
899 5046 1088 5109 ἀνδρὸς
1125 5043 1357 5112 Πέρσοο.
1388 5041 1644 5094 Relertur
1669 5042 1817 5095 enim
1848 5041 1915 5096 ad

341 5113 573 5168 verbum
601 5114 934 5176 πεισθέντες.
963 5113 1094 5168 Erat
1124 5109 1271 5166 certe
1299 5109 1534 5165 Xenaias
1565 5114 1668 5164 iste
1694 5112 1915 5166 natione

344 5182 548 5247 Persa,
603 5191 665 5237 ut
716 5192 987 5238 testantur
1037 5181 1422 5251 TheOpbanes,
1469 5180 1816 5250 Nicephorus
1859 5190 1916 5236 et

341 5251 452 5306 atii.

410 5321 522 5392 (62)
557 5319 902 5393 Κυνηγικῆς
929 5321 1207 5391 μοναχοί.
1248 5319 1590 5391 Nieepborus
1615 5319 1672 5375 in
1701 5335 1820 5393 cap.
1845 5320 1912 5374 27

2030 4833 2155 4886 libri
2187 4847 2272 4884 xvi
2300 4871 2314 4890 ,
2345 4830 2740 4886 monasterium
2771 4846 2892 4886 esse
2928 4834 3258 4889 existimavit
3289 4837 3360 4891 ita
3395 4838 3603 4896 dictum

2029 4917 2057 4955 a
2087 4901 2326 4972 Cynegio
2359 4901 2596 4972 quodam
2627 4901 2747 4970 ejus
2778 4903 3080 4957 conditore.
3144 4904 3272 4959 Mihi
3305 4917 3482 4964 tamen
3511 4927 3603 4968 ve-

2029 4971 2313 5046 risimilius
2342 4971 2559 5023 videtur
2592 4973 2870 5039 regionem
2901 4973 3216 5046 e_sse_$_vri:e
3261 4977 3332 5029 ita
3378 4979 3600 5046 dictam,

2027 5041 2079 5094 in
2110 5056 2217 5111 qua
2238 5042 2400 5115 plura
2424 5048 2612 5115 essent
2641 5043 2993 5115 monasteria.
3026 5042 3197 5113 llujus
3227 5047 3466 5115 regionis
3491 5041 3598 5104 me;

2023 5109 2186 5186 niin‘it
2238 5109 2601 5186 Theophanes
2653 5111 2729 5186 in_
2757 5110 3045 5186 Chronico,
3084 5109 3202 5184 pag.
3242 5109 3334 5170 151
3365 5158 3379 5180 ,
3414 5121 3502 5173 ubi
3532 5123 3601 5176 do

2022 5180 2373 5234 Alamundari
2399 5196 2452 5232 in
2475 5178 2686 5249 Syriam
2716 5178 3022 5249 irruptione
3054 5178 3268 5247 scribit,
3289 5178 3380 5238 καί
3401 5188 3601 5244 ἔκαυσε

2022 5255 2087 5302 τα
2114 5250 2217 5315 ἔξω
2246 5249 2532 5310 Χαλκίδος,
2563 5251 2655 5301 καὶ
2680 5252 2780 5317 τὴν
2808 5253 3084 5318 ιτυνηγίαν
3110 5253 3312 5323 χώραν.

1763 5445 2152 5506 νιιιιιοιιυιι.

409 5549 480 5619 (ι)
517 5549 849 5619 diluatur-dc
884 5547 1259 5619 ἐκϐάλλεται.
1297 5541 1602 5619 fia‘vianus
1631 5555 1776 5619 anno
1811 5542 1914 5619 5i?

337 5617 393 5674 in
418 5611 672 5674 eisilium
702 5611 904 5673 missus
928 5625 1013 5672 est
1053 5618 1104 5670 in
1131 5614 1426 5688 castellum
1459 5611 1604 5681 quod
1633 5612 1793 5666 I’ctra
1829 5612 1916 5694 di-

613 5711 886 5773 Pn'tmt.
928 5712 1043 5770 Gn.
1088 5705 1398 5769 LXXXVI.

2021 5540 2312 5622 σὴψ-,μω
2349 5542 2612 5622 coitfesspr
2632 5541 2846 5622 “Christi
2869 5543 2921 5598 in
2953 5544 3174 5602 Domino
3203 5551 3482 5622 reqnz'cm't,
3515 5553 3602 5611 iu.

2022 5615 2142 5682 quit
2176 5613 2524 5690 Marcellinus
2548 5613 2602 5667 in
2627 5612 2904 5670 Chronico.

3171 5713 3248 5774 ei.
