  <div class='ocr_page' id='page_1' title='image "/cluster/home/n/w/nwhite01/storage/ocr_20150623/86:2/hvd.32044054112354/464.png"; bbox 0 0 4038 6198; ppageno 0'>
   <div class='ocr_carea' id='block_1_1' title="bbox 365 291 522 355">
    <p class='ocr_par' dir='ltr' id='par_1_1' title="bbox 365 291 522 355">
     <span class='ocr_line' id='line_1_1' title="bbox 365 291 522 355; baseline 0.006 -1"><span class='ocrx_word' id='word_1_1' title='bbox 365 291 522 355; x_wconf 61' lang='lat'><strong>2673.</strong></span> 
     </span>
    </p>
   </div>
   <div class='ocr_carea' id='block_1_2' title="bbox 1312 292 2751 353">
    <p class='ocr_par' dir='ltr' id='par_1_2' title="bbox 1312 292 2751 353">
     <span class='ocr_line' id='line_1_2' title="bbox 1312 292 2751 353; baseline 0.001 -2"><span class='ocrx_word' id='word_1_2' title='bbox 1312 292 1693 353; x_wconf 58' lang='lat' dir='ltr'><strong>HISTORIA?</strong></span> <span class='ocrx_word' id='word_1_3' title='bbox 1732 292 2327 353; x_wconf 62' lang='lat' dir='ltr'><strong>ECCLESIASTICAE</strong></span> <span class='ocrx_word' id='word_1_4' title='bbox 2366 294 2598 352; x_wconf 80' lang='lat' dir='ltr'>LIBER</span> <span class='ocrx_word' id='word_1_5' title='bbox 2638 292 2751 353; x_wconf 85' lang='lat' dir='ltr'><strong>III.</strong></span> 
     </span>
    </p>
   </div>
   <div class='ocr_carea' id='block_1_3' title="bbox 3478 288 3623 351">
    <p class='ocr_par' dir='ltr' id='par_1_3' title="bbox 3478 288 3623 351">
     <span class='ocr_line' id='line_1_3' title="bbox 3478 288 3623 351; baseline 0.014 -2"><span class='ocrx_word' id='word_1_6' title='bbox 3478 288 3623 351; x_wconf 62' lang='grc'>9674</span> 
     </span>
    </p>
   </div>
   <div class='ocr_carea' id='block_1_4' title="bbox 362 396 1940 470">
    <p class='ocr_par' dir='ltr' id='par_1_4' title="bbox 362 398 1930 470">
     <span class='ocr_line' id='line_1_4' title="bbox 362 398 1930 470; baseline -0.005 -15"><span class='ocrx_word' id='word_1_7' title='bbox 362 399 745 470; x_wconf 71' lang='grc' dir='ltr'>ἐπιτραπέντι,</span> <span class='ocrx_word' id='word_1_8' title='bbox 797 398 1024 467; x_wconf 75' lang='grc' dir='ltr'>Κοσμᾶν</span> <span class='ocrx_word' id='word_1_9' title='bbox 1057 399 1146 451; x_wconf 73' lang='grc' dir='ltr'><strong>καὶ</strong></span> <span class='ocrx_word' id='word_1_10' title='bbox 1185 399 1513 467; x_wconf 65' lang='grc' dir='ltr'>Σευηριανὸν</span> <span class='ocrx_word' id='word_1_11' title='bbox 1555 399 1661 451; x_wconf 80' lang='grc' dir='ltr'><strong>τῶν</strong></span> <span class='ocrx_word' id='word_1_12' title='bbox 1714 402 1930 452; x_wconf 73' lang='grc' dir='ltr'>οἰκείων</span> 
     </span>
    </p>
   </div>
   <div class='ocr_carea' id='block_1_5' title="bbox 2045 396 3639 470">
    <p class='ocr_par' dir='ltr' id='par_1_5' title="bbox 2045 396 3639 467">
     <span class='ocr_line' id='line_1_5' title="bbox 2045 396 3639 467; baseline 0.003 -17"><span class='ocrx_word' id='word_1_13' title='bbox 2045 399 2253 467; x_wconf 81' lang='lat' dir='ltr'><strong>plenum</strong></span> <span class='ocrx_word' id='word_1_14' title='bbox 2309 398 2616 452; x_wconf 68' lang='lat' dir='ltr'><strong>clementia:</strong></span> <span class='ocrx_word' id='word_1_15' title='bbox 2671 407 2837 465; x_wconf 87' lang='lat' dir='ltr'><strong>atque</strong></span> <span class='ocrx_word' id='word_1_16' title='bbox 2895 396 3278 463; x_wconf 78' lang='lat' dir='ltr'><strong>humanitatis;</strong></span> <span class='ocrx_word' id='word_1_17' title='bbox 3340 401 3639 455; x_wconf 26' lang='lat' dir='ltr'><strong>mandavit“</strong></span> 
     </span>
    </p>
   </div>
   <div class='ocr_carea' id='block_1_6' title="bbox 361 489 1935 561">
    <p class='ocr_par' dir='ltr' id='par_1_6' title="bbox 361 489 1935 561">
     <span class='ocr_line' id='line_1_6' title="bbox 361 489 1935 561; baseline -0.001 -15"><span class='ocrx_word' id='word_1_18' title='bbox 361 492 617 560; x_wconf 77' lang='grc' dir='ltr'><strong>ἐξελάσαι</strong></span> <span class='ocrx_word' id='word_1_19' title='bbox 649 490 875 559; x_wconf 82' lang='grc' dir='ltr'>θρόνων,</span> <span class='ocrx_word' id='word_1_20' title='bbox 907 489 1042 542; x_wconf 81' lang='grc' dir='ltr'>διότι</span> <span class='ocrx_word' id='word_1_21' title='bbox 1071 489 1149 561; x_wconf 77' lang='grc' dir='ltr'>τῷ</span> <span class='ocrx_word' id='word_1_22' title='bbox 1181 489 1401 559; x_wconf 80' lang='grc' dir='ltr'>Σευήρῳ</span> <span class='ocrx_word' id='word_1_23' title='bbox 1436 492 1532 558; x_wconf 80' lang='grc' dir='ltr'>τῆς</span> <span class='ocrx_word' id='word_1_24' title='bbox 1558 490 1935 561; x_wconf 70' lang='grc' dir='ltr'><strong>καθαιρέσεως</strong></span> 
     </span>
    </p>
   </div>
   <div class='ocr_carea' id='block_1_7' title="bbox 356 582 1938 655">
    <p class='ocr_par' dir='ltr' id='par_1_7' title="bbox 356 582 1938 655">
     <span class='ocr_line' id='line_1_7' title="bbox 356 582 1938 655; baseline -0.001 -17"><span class='ocrx_word' id='word_1_25' title='bbox 356 584 419 638; x_wconf 78' lang='grc' dir='ltr'>τὸ</span> <span class='ocrx_word' id='word_1_26' title='bbox 445 583 650 653; x_wconf 75' lang='grc' dir='ltr'>βιϐλίον</span> <span class='ocrx_word' id='word_1_27' title='bbox 706 584 1083 652; x_wconf 69' lang='grc' dir='ltr'>πεπόμφασιν.</span> <span class='ocrx_word' id='word_1_28' title='bbox 1124 582 1218 645; x_wconf 86' lang='grc' dir='ltr'>’ος</span> <span class='ocrx_word' id='word_1_29' title='bbox 1275 582 1465 653; x_wconf 79' lang='grc' dir='ltr'>ἐπειδὴ</span> <span class='ocrx_word' id='word_1_30' title='bbox 1520 583 1588 635; x_wconf 84' lang='grc' dir='ltr'>τὰ</span> <span class='ocrx_word' id='word_1_31' title='bbox 1643 588 1740 653; x_wconf 81' lang='grc' dir='ltr'>τῆς</span> <span class='ocrx_word' id='word_1_32' title='bbox 1797 584 1938 655; x_wconf 77' lang='grc' dir='ltr'>ἑῴας</span> 
     </span>
    </p>
   </div>
   <div class='ocr_carea' id='block_1_8' title="bbox 358 662 1943 744">
    <p class='ocr_par' dir='ltr' id='par_1_8' title="bbox 358 662 1943 744">
     <span class='ocr_line' id='line_1_8' title="bbox 358 662 1943 744; baseline 0 -17"><span class='ocrx_word' id='word_1_33' title='bbox 358 675 679 743; x_wconf 73' lang='grc' dir='ltr'><strong>κατειλήφει</strong></span> <span class='ocrx_word' id='word_1_34' title='bbox 708 675 869 744; x_wconf 80' lang='grc' dir='ltr'>μέρη.</span> <span class='ocrx_word' id='word_1_35' title='bbox 901 674 1128 736; x_wconf 80' lang='grc' dir='ltr'>πολλούς</span> <span class='ocrx_word' id='word_1_36' title='bbox 1156 690 1215 725; x_wconf 84' lang='grc' dir='ltr'><strong>τε</strong></span> <span class='ocrx_word' id='word_1_37' title='bbox 1242 673 1349 725; x_wconf 78' lang='grc' dir='ltr'><strong>τῶν</strong></span> <span class='ocrx_word' id='word_1_38' title='bbox 1388 662 1585 744; x_wconf 81' lang='grc' dir='ltr'>Κοσμᾶ</span> <span class='ocrx_word' id='word_1_39' title='bbox 1632 674 1723 727; x_wconf 78' lang='grc' dir='ltr'><strong>καὶ</strong></span> <span class='ocrx_word' id='word_1_40' title='bbox 1773 676 1943 744; x_wconf 77' lang='grc' dir='ltr'>Σευηο</span> 
     </span>
    </p>
   </div>
   <div class='ocr_carea' id='block_1_9' title="bbox 360 760 1940 838">
    <p class='ocr_par' dir='ltr' id='par_1_9' title="bbox 360 760 1940 838">
     <span class='ocr_line' id='line_1_9' title="bbox 360 760 1940 838; baseline -0.002 -18"><span class='ocrx_word' id='word_1_41' title='bbox 360 766 541 838; x_wconf 81' lang='grc' dir='ltr'>ριανοῦ</span> <span class='ocrx_word' id='word_1_42' title='bbox 572 766 855 837; x_wconf 74' lang='grc' dir='ltr'><strong>δογμάτων</strong></span> <span class='ocrx_word' id='word_1_43' title='bbox 878 766 1268 835; x_wconf 75' lang='grc' dir='ltr'><strong>ἀντεχομένους</strong></span> <span class='ocrx_word' id='word_1_44' title='bbox 1295 760 1440 833; x_wconf 77' lang='grc' dir='ltr'>εὗρε,</span> <span class='ocrx_word' id='word_1_45' title='bbox 1466 767 1609 834; x_wconf 85' lang='grc' dir='ltr'><strong>μάλα</strong></span> <span class='ocrx_word' id='word_1_46' title='bbox 1628 784 1683 818; x_wconf 88' lang='grc' dir='ltr'><strong>τε</strong></span> <span class='ocrx_word' id='word_1_47' title='bbox 1709 766 1940 833; x_wconf 79' lang='grc' dir='ltr'>γενικῶς</span> 
     </span>
    </p>
   </div>
   <div class='ocr_carea' id='block_1_10' title="bbox 360 857 1939 927">
    <p class='ocr_par' dir='ltr' id='par_1_10' title="bbox 360 857 1939 927">
     <span class='ocr_line' id='line_1_10' title="bbox 360 857 1939 927; baseline -0.002 -14"><span class='ocrx_word' id='word_1_48' title='bbox 360 860 538 913; x_wconf 76' lang='grc' dir='ltr'>αὐτῶν</span> <span class='ocrx_word' id='word_1_49' title='bbox 590 860 1049 927; x_wconf 73' lang='grc' dir='ltr'><strong>ἀντιποιουμένας</strong></span> <span class='ocrx_word' id='word_1_50' title='bbox 1107 857 1207 921; x_wconf 75' lang='grc' dir='ltr'>τὰς</span> <span class='ocrx_word' id='word_1_51' title='bbox 1264 859 1415 925; x_wconf 63' lang='grc' dir='ltr'>σςῶν</span> <span class='ocrx_word' id='word_1_52' title='bbox 1449 858 1651 921; x_wconf 83' lang='grc' dir='ltr'>πόλεις,</span> <span class='ocrx_word' id='word_1_53' title='bbox 1699 860 1939 927; x_wconf 74' lang='grc' dir='ltr'>ἀνήγαγε</span> 
     </span>
    </p>
   </div>
   <div class='ocr_carea' id='block_1_11' title="bbox 358 950 1941 1023">
    <p class='ocr_par' dir='ltr' id='par_1_11' title="bbox 358 950 1941 1023">
     <span class='ocr_line' id='line_1_11' title="bbox 358 950 1941 1023; baseline 0 -18"><span class='ocrx_word' id='word_1_54' title='bbox 358 953 435 1023; x_wconf 82' lang='grc' dir='ltr'><strong>τῷ</strong></span> <span class='ocrx_word' id='word_1_55' title='bbox 470 952 826 1020; x_wconf 76' lang='grc' dir='ltr'>Ἀναστασξῳ,</span> <span class='ocrx_word' id='word_1_56' title='bbox 856 952 1128 1019; x_wconf 66' lang='grc' dir='ltr'>ἀναιμωτὶ</span> <span class='ocrx_word' id='word_1_57' title='bbox 1171 952 1244 1023; x_wconf 73' lang='grc' dir='ltr'>μὴ</span> <span class='ocrx_word' id='word_1_58' title='bbox 1269 950 1528 1003; x_wconf 77' lang='grc' dir='ltr'>δύνασθαι</span> <span class='ocrx_word' id='word_1_59' title='bbox 1574 952 1795 1014; x_wconf 84' lang='grc' dir='ltr'>τούτους</span> <span class='ocrx_word' id='word_1_60' title='bbox 1832 952 1941 1005; x_wconf 78' lang='grc' dir='ltr'><strong>τῶν</strong></span> 
     </span>
    </p>
   </div>
   <div class='ocr_carea' id='block_1_12' title="bbox 357 1042 1936 1113">
    <p class='ocr_par' dir='ltr' id='par_1_12' title="bbox 357 1042 1936 1113">
     <span class='ocr_line' id='line_1_12' title="bbox 357 1042 1936 1113; baseline -0.001 -16"><span class='ocrx_word' id='word_1_61' title='bbox 357 1045 577 1097; x_wconf 70' lang='grc' dir='ltr'>οξκείων</span> <span class='ocrx_word' id='word_1_62' title='bbox 631 1042 955 1112; x_wconf 70' lang='grc' dir='ltr'><strong>φυγαδεύειν</strong></span> <span class='ocrx_word' id='word_1_63' title='bbox 1003 1043 1229 1113; x_wconf 81' lang='grc' dir='ltr'>θρόνων.</span> <span class='ocrx_word' id='word_1_64' title='bbox 1308 1042 1574 1095; x_wconf 81' lang='grc' dir='ltr'>Τοσοῦτον</span> <span class='ocrx_word' id='word_1_65' title='bbox 1644 1042 1936 1111; x_wconf 70' lang='grc' dir='ltr'>τοιγαροῦν</span> 
     </span>
    </p>
   </div>
   <div class='ocr_carea' id='block_1_13' title="bbox 360 1133 1940 1205">
    <p class='ocr_par' dir='ltr' id='par_1_13' title="bbox 360 1133 1940 1205">
     <span class='ocr_line' id='line_1_13' title="bbox 360 1133 1940 1205; baseline -0.002 -16"><span class='ocrx_word' id='word_1_66' title='bbox 360 1136 560 1205; x_wconf 74' lang='grc' dir='ltr'>περιῆν</span> <span class='ocrx_word' id='word_1_67' title='bbox 598 1134 1012 1204; x_wconf 72' lang='grc' dir='ltr'><strong>φιλανθρωπίας</strong></span> <span class='ocrx_word' id='word_1_68' title='bbox 1044 1135 1503 1204; x_wconf 76' lang='grc' dir='ltr'>τῷἈναττ-ασέῳ,</span> <span class='ocrx_word' id='word_1_69' title='bbox 1537 1133 1611 1196; x_wconf 86' lang='grc' dir='ltr'>ὡς</span> <span class='ocrx_word' id='word_1_70' title='bbox 1646 1133 1940 1204; x_wconf 68' lang='grc' dir='ltr'>διαρρήδην</span> 
     </span>
    </p>
   </div>
   <div class='ocr_carea' id='block_1_14' title="bbox 358 1223 1942 1295">
    <p class='ocr_par' dir='ltr' id='par_1_14' title="bbox 358 1223 1942 1295">
     <span class='ocr_line' id='line_1_14' title="bbox 358 1223 1942 1295; baseline -0.002 -16"><span class='ocrx_word' id='word_1_71' title='bbox 358 1227 566 1295; x_wconf 65' lang='grc' dir='ltr'>γράψαι</span> <span class='ocrx_word' id='word_1_72' title='bbox 628 1227 705 1293; x_wconf 71' lang='grc' dir='ltr'>τῷ</span> <span class='ocrx_word' id='word_1_73' title='bbox 754 1224 1070 1293; x_wconf 78' lang='grc' dir='ltr'>Ἃσιατικῷ.</span> <span class='ocrx_word' id='word_1_74' title='bbox 1125 1224 1291 1294; x_wconf 62' lang='grc' dir='ltr'>μηδὲν</span> <span class='ocrx_word' id='word_1_75' title='bbox 1355 1223 1678 1294; x_wconf 83' lang='grc' dir='ltr'>βούλεσθαι,</span> <span class='ocrx_word' id='word_1_76' title='bbox 1745 1225 1942 1294; x_wconf 84' lang='grc' dir='ltr'>παρελ-</span> 
     </span>
    </p>
   </div>
   <div class='ocr_carea' id='block_1_15' title="bbox 360 1313 1941 1391">
    <p class='ocr_par' dir='ltr' id='par_1_15' title="bbox 360 1313 1941 1391">
     <span class='ocr_line' id='line_1_15' title="bbox 360 1313 1941 1391; baseline -0.002 -19"><span class='ocrx_word' id='word_1_77' title='bbox 360 1320 473 1372; x_wconf 87' lang='grc' dir='ltr'>θεῖν</span> <span class='ocrx_word' id='word_1_78' title='bbox 496 1319 629 1389; x_wconf 86' lang='grc'>(76),</span> <span class='ocrx_word' id='word_1_79' title='bbox 674 1318 797 1387; x_wconf 78' lang='grc' dir='ltr'><strong>μηδ’</strong></span> <span class='ocrx_word' id='word_1_80' title='bbox 824 1320 890 1371; x_wconf 83' lang='grc' dir='ltr'><strong>ἂν</strong></span> <span class='ocrx_word' id='word_1_81' title='bbox 920 1319 966 1370; x_wconf 76' lang='grc' dir='ltr'>εξ</span> <span class='ocrx_word' id='word_1_82' title='bbox 1008 1318 1149 1386; x_wconf 85' lang='grc' dir='ltr'>μέγα</span> <span class='ocrx_word' id='word_1_83' title='bbox 1183 1335 1239 1369; x_wconf 89' lang='grc' dir='ltr'><strong>τε</strong></span> <span class='ocrx_word' id='word_1_84' title='bbox 1266 1319 1357 1369; x_wconf 73' lang='grc' dir='ltr'><strong>καὶ</strong></span> <span class='ocrx_word' id='word_1_85' title='bbox 1385 1318 1664 1383; x_wconf 79' lang='grc' dir='ltr'>ἀξιόλογον</span> <span class='ocrx_word' id='word_1_86' title='bbox 1698 1313 1755 1391; x_wconf 79' lang='grc' dir='ltr'>ᾗ,</span> <span class='ocrx_word' id='word_1_87' title='bbox 1782 1318 1941 1387; x_wconf 82' lang='grc' dir='ltr'>εἴπερ</span> 
     </span>
    </p>
   </div>
   <div class='ocr_carea' id='block_1_16' title="bbox 362 1407 1941 1481">
    <p class='ocr_par' dir='ltr' id='par_1_16' title="bbox 362 1407 1941 1481">
     <span class='ocr_line' id='line_1_16' title="bbox 362 1407 1941 1481; baseline -0.001 -15"><span class='ocrx_word' id='word_1_88' title='bbox 362 1413 597 1480; x_wconf 77' lang='grc' dir='ltr'>αἵματος</span> <span class='ocrx_word' id='word_1_89' title='bbox 629 1414 781 1480; x_wconf 69' lang='grc' dir='ltr'>ῥανὶς</span> <span class='ocrx_word' id='word_1_90' title='bbox 817 1412 1083 1481; x_wconf 80' lang='grc' dir='ltr'>ὲκχέοιτο.</span> <span class='ocrx_word' id='word_1_91' title='bbox 1117 1412 1209 1463; x_wconf 80' lang='grc' dir='ltr'><strong>Ἐν</strong></span> <span class='ocrx_word' id='word_1_92' title='bbox 1234 1411 1444 1473; x_wconf 75' lang='grc' dir='ltr'>τούτοις</span> <span class='ocrx_word' id='word_1_93' title='bbox 1478 1413 1576 1480; x_wconf 83' lang='grc' dir='ltr'><strong>μὲν</strong></span> <span class='ocrx_word' id='word_1_94' title='bbox 1593 1407 1685 1465; x_wconf 77' lang='grc' dir='ltr'>οὖν</span> <span class='ocrx_word' id='word_1_95' title='bbox 1706 1412 1771 1463; x_wconf 78' lang='grc' dir='ltr'>τὰ</span> <span class='ocrx_word' id='word_1_96' title='bbox 1800 1412 1941 1479; x_wconf 79' lang='grc' dir='ltr'><strong>κατά</strong></span> 
     </span>
    </p>
   </div>
   <div class='ocr_carea' id='block_1_17' title="bbox 360 1500 1941 1573">
    <p class='ocr_par' dir='ltr' id='par_1_17' title="bbox 360 1500 1941 1573">
     <span class='ocr_line' id='line_1_17' title="bbox 360 1500 1941 1573; baseline 0.001 -21"><span class='ocrx_word' id='word_1_97' title='bbox 360 1500 800 1569; x_wconf 80' lang='grc' dir='ltr'>τάςἚκκλησίας</span> <span class='ocrx_word' id='word_1_98' title='bbox 832 1502 1107 1571; x_wconf 83' lang='grc' dir='ltr'>πανταχοῦ</span> <span class='ocrx_word' id='word_1_99' title='bbox 1130 1507 1231 1573; x_wconf 71' lang='grc' dir='ltr'>γῆς</span> <span class='ocrx_word' id='word_1_100' title='bbox 1262 1502 1630 1572; x_wconf 70' lang='grc' dir='ltr'>καθειστήκει,</span> <span class='ocrx_word' id='word_1_101' title='bbox 1662 1504 1941 1573; x_wconf 78' lang='grc' dir='ltr'>μέχριτῆς</span> 
     </span>
    </p>
   </div>
   <div class='ocr_carea' id='block_1_18' title="bbox 373 1593 1941 1664">
    <p class='ocr_par' dir='ltr' id='par_1_18' title="bbox 373 1593 1941 1664">
     <span class='ocr_line' id='line_1_18' title="bbox 373 1593 1941 1664; baseline 0.001 -20"><span class='ocrx_word' id='word_1_102' title='bbox 373 1594 730 1645; x_wconf 80' lang='grc' dir='ltr'>Ἀναστασίου</span> <span class='ocrx_word' id='word_1_103' title='bbox 769 1594 1081 1661; x_wconf 50' lang='grc' dir='ltr'>βασιλείας</span> <span class='ocrx_word' id='word_1_104' title='bbox 1112 1593 1170 1646; x_wconf 80' lang='grc' dir='ltr'>ὃν</span> <span class='ocrx_word' id='word_1_105' title='bbox 1202 1595 1296 1646; x_wconf 78' lang='grc' dir='ltr'>κα).</span> <span class='ocrx_word' id='word_1_106' title='bbox 1340 1595 1415 1657; x_wconf 82' lang='grc' dir='ltr'>ὡς</span> <span class='ocrx_word' id='word_1_107' title='bbox 1467 1597 1708 1648; x_wconf 78' lang='grc' dir='ltr'>ἐναντίον</span> <span class='ocrx_word' id='word_1_108' title='bbox 1739 1597 1835 1664; x_wconf 78' lang='grc' dir='ltr'>τῆς</span> <span class='ocrx_word' id='word_1_109' title='bbox 1884 1598 1941 1647; x_wconf 81' lang='grc' dir='ltr'>ὲν</span> 
     </span>
    </p>
   </div>
   <div class='ocr_carea' id='block_1_19' title="bbox 361 1681 1939 1753">
    <p class='ocr_par' dir='ltr' id='par_1_19' title="bbox 361 1681 1939 1753">
     <span class='ocr_line' id='line_1_19' title="bbox 361 1681 1939 1753; baseline -0.001 -18"><span class='ocrx_word' id='word_1_110' title='bbox 361 1681 662 1750; x_wconf 76' lang='grc' dir='ltr'>Καλχηδόνι</span> <span class='ocrx_word' id='word_1_111' title='bbox 695 1684 913 1736; x_wconf 75' lang='grc' dir='ltr'><strong>συνόδου</strong></span> <span class='ocrx_word' id='word_1_112' title='bbox 943 1684 1086 1743; x_wconf 78' lang='grc' dir='ltr'>τινὲς</span> <span class='ocrx_word' id='word_1_113' title='bbox 1124 1682 1429 1751; x_wconf 71' lang='grc' dir='ltr'>κρίναντες,</span> <span class='ocrx_word' id='word_1_114' title='bbox 1463 1683 1572 1734; x_wconf 85' lang='grc' dir='ltr'><strong>τῶν</strong></span> <span class='ocrx_word' id='word_1_115' title='bbox 1595 1682 1757 1751; x_wconf 81' lang='grc' dir='ltr'>ἱερῶν</span> <span class='ocrx_word' id='word_1_116' title='bbox 1780 1698 1939 1753; x_wconf 86' lang='grc' dir='ltr'>περι-</span> 
     </span>
    </p>
   </div>
   <div class='ocr_carea' id='block_1_20' title="bbox 2041 488 3629 553">
    <p class='ocr_par' dir='ltr' id='par_1_20' title="bbox 2041 488 3629 553">
     <span class='ocr_line' id='line_1_20' title="bbox 2041 488 3629 553; baseline 0.003 -10"><span class='ocrx_word' id='word_1_117' title='bbox 2041 491 2281 545; x_wconf 82' lang='lat' dir='ltr'><strong>Asiatico</strong></span> <span class='ocrx_word' id='word_1_118' title='bbox 2316 490 2439 545; x_wconf 86' lang='lat' dir='ltr'><strong>duci</strong></span> <span class='ocrx_word' id='word_1_119' title='bbox 2475 490 2765 544; x_wconf 66' lang='lat' dir='ltr'><strong>Phoenices</strong></span> <span class='ocrx_word' id='word_1_120' title='bbox 2798 488 3149 553; x_wconf 84' lang='lat' dir='ltr'><strong>Libanensis,</strong></span> <span class='ocrx_word' id='word_1_121' title='bbox 3184 499 3243 544; x_wconf 92' lang='lat' dir='ltr'><strong>ut</strong></span> <span class='ocrx_word' id='word_1_122' title='bbox 3275 490 3526 545; x_wconf 89' lang='lat' dir='ltr'><strong>Cosmam</strong></span> <span class='ocrx_word' id='word_1_123' title='bbox 3560 508 3629 548; x_wconf 79' lang='lat' dir='ltr'><strong>ac</strong></span> 
     </span>
    </p>
   </div>
   <div class='ocr_carea' id='block_1_21' title="bbox 2042 581 3626 653">
    <p class='ocr_par' dir='ltr' id='par_1_21' title="bbox 2042 581 3626 653">
     <span class='ocr_line' id='line_1_21' title="bbox 2042 581 3626 653; baseline 0.003 -18"><span class='ocrx_word' id='word_1_124' title='bbox 2042 581 2400 636; x_wconf 81' lang='lat' dir='ltr'><strong>Severianum</strong></span> <span class='ocrx_word' id='word_1_125' title='bbox 2430 582 2656 637; x_wconf 91' lang='lat' dir='ltr'><strong>sedibus</strong></span> <span class='ocrx_word' id='word_1_126' title='bbox 2687 582 2803 636; x_wconf 86' lang='lat' dir='ltr'><strong>suis</strong></span> <span class='ocrx_word' id='word_1_127' title='bbox 2837 582 3159 651; x_wconf 73' lang='lat' dir='ltr'><strong>expelleret,</strong></span> <span class='ocrx_word' id='word_1_128' title='bbox 3191 597 3259 636; x_wconf 89' lang='lat' dir='ltr'><strong>eo</strong></span> <span class='ocrx_word' id='word_1_129' title='bbox 3283 584 3428 651; x_wconf 92' lang='lat' dir='ltr'><strong>quod</strong></span> <span class='ocrx_word' id='word_1_130' title='bbox 3459 584 3626 653; x_wconf 78' lang='lat' dir='ltr'><strong>depo-</strong></span> 
     </span>
    </p>
   </div>
   <div class='ocr_carea' id='block_1_22' title="bbox 2040 671 3621 727">
    <p class='ocr_par' dir='ltr' id='par_1_22' title="bbox 2040 671 3621 727">
     <span class='ocr_line' id='line_1_22' title="bbox 2040 671 3621 727; baseline 0 0"><span class='ocrx_word' id='word_1_131' title='bbox 2040 672 2258 727; x_wconf 88' lang='lat' dir='ltr'><strong>sitionis</strong></span> <span class='ocrx_word' id='word_1_132' title='bbox 2291 674 2536 725; x_wconf 89' lang='lat' dir='ltr'><strong>libellum</strong></span> <span class='ocrx_word' id='word_1_133' title='bbox 2587 672 2652 725; x_wconf 89' lang='lat' dir='ltr'><strong>ad</strong></span> <span class='ocrx_word' id='word_1_134' title='bbox 2703 671 2966 726; x_wconf 77' lang='lat' dir='ltr'><strong>Severum</strong></span> <span class='ocrx_word' id='word_1_135' title='bbox 3018 672 3233 727; x_wconf 85' lang='lat' dir='ltr'><strong>mittere</strong></span> <span class='ocrx_word' id='word_1_136' title='bbox 3264 673 3385 726; x_wconf 85' lang='lat' dir='ltr'><strong>ausi</strong></span> <span class='ocrx_word' id='word_1_137' title='bbox 3419 685 3621 727; x_wconf 88' lang='lat' dir='ltr'><strong>essent.</strong></span> 
     </span>
    </p>
   </div>
   <div class='ocr_carea' id='block_1_23' title="bbox 2042 761 3623 831">
    <p class='ocr_par' dir='ltr' id='par_1_23' title="bbox 2042 761 3623 831">
     <span class='ocr_line' id='line_1_23' title="bbox 2042 761 3623 831; baseline 0.001 -16"><span class='ocrx_word' id='word_1_138' title='bbox 2042 762 2143 828; x_wconf 86' lang='lat' dir='ltr'><strong>Qui</strong></span> <span class='ocrx_word' id='word_1_139' title='bbox 2177 780 2301 817; x_wconf 90' lang='lat' dir='ltr'><strong>cum</strong></span> <span class='ocrx_word' id='word_1_140' title='bbox 2332 762 2397 816; x_wconf 86' lang='lat' dir='ltr'><strong>ad</strong></span> <span class='ocrx_word' id='word_1_141' title='bbox 2433 761 2674 817; x_wconf 77' lang='lat' dir='ltr'><strong>Orientis</strong></span> <span class='ocrx_word' id='word_1_142' title='bbox 2724 772 2904 831; x_wconf 90' lang='lat' dir='ltr'><strong>partes</strong></span> <span class='ocrx_word' id='word_1_143' title='bbox 2937 762 3201 829; x_wconf 83' lang='lat' dir='ltr'><strong>venisset,</strong></span> <span class='ocrx_word' id='word_1_144' title='bbox 3228 772 3284 817; x_wconf 90' lang='lat' dir='ltr'><strong>et</strong></span> <span class='ocrx_word' id='word_1_145' title='bbox 3317 762 3623 817; x_wconf 83' lang='lat' dir='ltr'><strong>doctrinam</strong></span> 
     </span>
    </p>
   </div>
   <div class='ocr_carea' id='block_1_24' title="bbox 2042 853 3622 924">
    <p class='ocr_par' dir='ltr' id='par_1_24' title="bbox 2042 853 3622 924">
     <span class='ocr_line' id='line_1_24' title="bbox 2042 853 3622 924; baseline 0.001 -15"><span class='ocrx_word' id='word_1_146' title='bbox 2042 853 2251 909; x_wconf 75' lang='lat' dir='ltr'><strong>Cosma:</strong></span> <span class='ocrx_word' id='word_1_147' title='bbox 2295 871 2357 909; x_wconf 90' lang='lat' dir='ltr'><strong>ac</strong></span> <span class='ocrx_word' id='word_1_148' title='bbox 2406 854 2686 910; x_wconf 88' lang='lat' dir='ltr'><strong>Severiani</strong></span> <span class='ocrx_word' id='word_1_149' title='bbox 2734 873 2763 910; x_wconf 91' lang='lat' dir='ltr'><strong>a</strong></span> <span class='ocrx_word' id='word_1_150' title='bbox 2810 856 2998 910; x_wconf 90' lang='lat' dir='ltr'><strong>multis</strong></span> <span class='ocrx_word' id='word_1_151' title='bbox 3037 855 3255 909; x_wconf 79' lang='lat' dir='ltr'><strong>defendi</strong></span> <span class='ocrx_word' id='word_1_152' title='bbox 3308 855 3622 924; x_wconf 87' lang='lat' dir='ltr'><strong>reperisset,</strong></span> 
     </span>
    </p>
   </div>
   <div class='ocr_carea' id='block_1_25' title="bbox 2043 945 3622 1016">
    <p class='ocr_par' dir='ltr' id='par_1_25' title="bbox 2043 945 3622 1016">
     <span class='ocr_line' id='line_1_25' title="bbox 2043 945 3622 1016; baseline 0 -17"><span class='ocrx_word' id='word_1_153' title='bbox 2043 946 2317 1014; x_wconf 79' lang='lat' dir='ltr'><strong>urbesque</strong></span> <span class='ocrx_word' id='word_1_154' title='bbox 2352 945 2568 998; x_wconf 87' lang='lat' dir='ltr'><strong>illorum</strong></span> <span class='ocrx_word' id='word_1_155' title='bbox 2616 946 2911 999; x_wconf 83' lang='lat' dir='ltr'><strong>admodum</strong></span> <span class='ocrx_word' id='word_1_156' title='bbox 2957 954 3183 1001; x_wconf 87' lang='lat' dir='ltr'><strong>strenue</strong></span> <span class='ocrx_word' id='word_1_157' title='bbox 3220 960 3321 1016; x_wconf 90' lang='lat' dir='ltr'><strong>pro</strong></span> <span class='ocrx_word' id='word_1_158' title='bbox 3354 946 3471 999; x_wconf 88' lang='lat' dir='ltr'><strong>suis</strong></span> <span class='ocrx_word' id='word_1_159' title='bbox 3503 946 3622 1015; x_wconf 88' lang='lat' dir='ltr'><strong>cpi-</strong></span> 
     </span>
    </p>
   </div>
   <div class='ocr_carea' id='block_1_26' title="bbox 2043 1038 3622 1108">
    <p class='ocr_par' dir='ltr' id='par_1_26' title="bbox 2043 1038 3622 1108">
     <span class='ocr_line' id='line_1_26' title="bbox 2043 1038 3622 1108; baseline 0.001 -18"><span class='ocrx_word' id='word_1_160' title='bbox 2043 1038 2223 1106; x_wconf 71' lang='lat' dir='ltr'><strong>scopis</strong></span> <span class='ocrx_word' id='word_1_161' title='bbox 2240 1054 2609 1107; x_wconf 77' lang='lat' dir='ltr'><strong>propugnare,</strong></span> <span class='ocrx_word' id='word_1_162' title='bbox 2636 1040 2823 1092; x_wconf 90' lang='lat' dir='ltr'><strong>retulit</strong></span> <span class='ocrx_word' id='word_1_163' title='bbox 2850 1040 2913 1093; x_wconf 87' lang='lat' dir='ltr'><strong>ad</strong></span> <span class='ocrx_word' id='word_1_164' title='bbox 2942 1040 3308 1104; x_wconf 76' lang='lat' dir='ltr'><strong>Anastasium,</strong></span> <span class='ocrx_word' id='word_1_165' title='bbox 3333 1039 3622 1108; x_wconf 85' lang='lat' dir='ltr'><strong>episcopos</strong></span> 
     </span>
    </p>
   </div>
   <div class='ocr_carea' id='block_1_27' title="bbox 2044 1131 3621 1199">
    <p class='ocr_par' dir='ltr' id='par_1_27' title="bbox 2044 1131 3621 1199">
     <span class='ocr_line' id='line_1_27' title="bbox 2044 1131 3621 1199; baseline -0.001 -15"><span class='ocrx_word' id='word_1_166' title='bbox 2044 1131 2178 1184; x_wconf 77' lang='lat' dir='ltr'><strong>istos</strong></span> <span class='ocrx_word' id='word_1_167' title='bbox 2222 1131 2460 1199; x_wconf 67' lang='lat' dir='ltr'><strong>propriis</strong></span> <span class='ocrx_word' id='word_1_168' title='bbox 2509 1131 2731 1185; x_wconf 86' lang='lat' dir='ltr'><strong>sedibus</strong></span> <span class='ocrx_word' id='word_1_169' title='bbox 2772 1132 3051 1185; x_wconf 80' lang='lat' dir='ltr'><strong>exturbari</strong></span> <span class='ocrx_word' id='word_1_170' title='bbox 3089 1133 3226 1185; x_wconf 89' lang='lat' dir='ltr'><strong>citra</strong></span> <span class='ocrx_word' id='word_1_171' title='bbox 3274 1131 3478 1185; x_wconf 63' lang='lat' dir='ltr'><strong>easdem</strong></span> <span class='ocrx_word' id='word_1_172' title='bbox 3514 1145 3621 1183; x_wconf 92' lang='lat' dir='ltr'><strong>non</strong></span> 
     </span>
    </p>
   </div>
   <div class='ocr_carea' id='block_1_28' title="bbox 2043 1220 3627 1291">
    <p class='ocr_par' dir='ltr' id='par_1_28' title="bbox 2043 1220 3627 1291">
     <span class='ocr_line' id='line_1_28' title="bbox 2043 1220 3627 1291; baseline 0 -17"><span class='ocrx_word' id='word_1_173' title='bbox 2043 1236 2225 1291; x_wconf 84' lang='lat' dir='ltr'><strong>posse.</strong></span> <span class='ocrx_word' id='word_1_174' title='bbox 2274 1220 2508 1281; x_wconf 89' lang='lat' dir='ltr'><strong>Tantum</strong></span> <span class='ocrx_word' id='word_1_175' title='bbox 2560 1237 2724 1290; x_wconf 92' lang='lat' dir='ltr'><strong>porro</strong></span> <span class='ocrx_word' id='word_1_176' title='bbox 2766 1222 3124 1276; x_wconf 82' lang='lat' dir='ltr'><strong>humanitatis</strong></span> <span class='ocrx_word' id='word_1_177' title='bbox 3169 1224 3348 1275; x_wconf 88' lang='lat' dir='ltr'><strong>inerat</strong></span> <span class='ocrx_word' id='word_1_178' title='bbox 3393 1223 3445 1275; x_wconf 92' lang='lat' dir='ltr'><strong>in</strong></span> <span class='ocrx_word' id='word_1_179' title='bbox 3480 1221 3627 1275; x_wconf 83' lang='lat' dir='ltr'><strong>Ana-</strong></span> 
     </span>
    </p>
   </div>
   <div class='ocr_carea' id='block_1_29' title="bbox 2043 1312 3625 1382">
    <p class='ocr_par' dir='ltr' id='par_1_29' title="bbox 2043 1312 3625 1382">
     <span class='ocr_line' id='line_1_29' title="bbox 2043 1312 3625 1382; baseline -0.003 -15"><span class='ocrx_word' id='word_1_180' title='bbox 2043 1312 2230 1377; x_wconf 89' lang='lat' dir='ltr'><strong>stasio,</strong></span> <span class='ocrx_word' id='word_1_181' title='bbox 2272 1322 2329 1365; x_wconf 95' lang='lat' dir='ltr'><strong>ut</strong></span> <span class='ocrx_word' id='word_1_182' title='bbox 2360 1313 2563 1367; x_wconf 88' lang='lat' dir='ltr'><strong>diserte</strong></span> <span class='ocrx_word' id='word_1_183' title='bbox 2609 1313 2674 1366; x_wconf 87' lang='lat' dir='ltr'><strong>ad</strong></span> <span class='ocrx_word' id='word_1_184' title='bbox 2719 1313 3020 1367; x_wconf 84' lang='lat' dir='ltr'><strong>Asiaticum</strong></span> <span class='ocrx_word' id='word_1_185' title='bbox 3068 1314 3433 1382; x_wconf 88' lang='lat' dir='ltr'><strong>rescripserit,</strong></span> <span class='ocrx_word' id='word_1_186' title='bbox 3481 1313 3625 1366; x_wconf 84' lang='lat' dir='ltr'><strong>nolle</strong></span> 
     </span>
    </p>
   </div>
   <div class='ocr_carea' id='block_1_30' title="bbox 2042 1403 3625 1474">
    <p class='ocr_par' dir='ltr' id='par_1_30' title="bbox 2042 1403 3625 1474">
     <span class='ocr_line' id='line_1_30' title="bbox 2042 1403 3625 1474; baseline -0.001 -17"><span class='ocrx_word' id='word_1_187' title='bbox 2042 1418 2102 1457; x_wconf 88' lang='lat' dir='ltr'><strong>se</strong></span> <span class='ocrx_word' id='word_1_188' title='bbox 2129 1403 2426 1472; x_wconf 89' lang='lat' dir='ltr'><strong>quidquam</strong></span> <span class='ocrx_word' id='word_1_189' title='bbox 2468 1404 2533 1457; x_wconf 89' lang='lat' dir='ltr'><strong>ad</strong></span> <span class='ocrx_word' id='word_1_190' title='bbox 2566 1406 2772 1458; x_wconf 78' lang='lat' dir='ltr'><strong>exitum</strong></span> <span class='ocrx_word' id='word_1_191' title='bbox 2810 1404 3060 1474; x_wconf 87' lang='lat' dir='ltr'><strong>perduci,</strong></span> <span class='ocrx_word' id='word_1_192' title='bbox 3086 1405 3338 1473; x_wconf 89' lang='lat' dir='ltr'><strong>quamvis</strong></span> <span class='ocrx_word' id='word_1_193' title='bbox 3370 1420 3625 1471; x_wconf 81' lang='lat' dir='ltr'><strong>magnum</strong></span> 
     </span>
    </p>
   </div>
   <div class='ocr_carea' id='block_1_31' title="bbox 2043 1494 3626 1565">
    <p class='ocr_par' dir='ltr' id='par_1_31' title="bbox 2043 1494 3626 1565">
     <span class='ocr_line' id='line_1_31' title="bbox 2043 1494 3626 1565; baseline 0 -18"><span class='ocrx_word' id='word_1_194' title='bbox 2043 1502 2206 1563; x_wconf 88' lang='lat' dir='ltr'><strong>atque</strong></span> <span class='ocrx_word' id='word_1_195' title='bbox 2236 1494 2519 1556; x_wconf 81' lang='lat' dir='ltr'><strong>eximium,</strong></span> <span class='ocrx_word' id='word_1_196' title='bbox 2558 1496 2602 1548; x_wconf 92' lang='lat' dir='ltr'><strong>si</strong></span> <span class='ocrx_word' id='word_1_197' title='bbox 2651 1496 2735 1548; x_wconf 87' lang='lat' dir='ltr'><strong>vel</strong></span> <span class='ocrx_word' id='word_1_198' title='bbox 2784 1505 2936 1564; x_wconf 91' lang='lat' dir='ltr'><strong>gutta</strong></span> <span class='ocrx_word' id='word_1_199' title='bbox 2972 1495 3256 1565; x_wconf 76' lang='lat' dir='ltr'><strong>sanguinis</strong></span> <span class='ocrx_word' id='word_1_200' title='bbox 3294 1495 3626 1548; x_wconf 80' lang='lat' dir='ltr'><strong>ell‘undenda</strong></span> 
     </span>
    </p>
   </div>
   <div class='ocr_carea' id='block_1_32' title="bbox 2042 1586 3625 1655">
    <p class='ocr_par' dir='ltr' id='par_1_32' title="bbox 2042 1586 3625 1655">
     <span class='ocr_line' id='line_1_32' title="bbox 2042 1586 3625 1655; baseline -0.001 -15"><span class='ocrx_word' id='word_1_201' title='bbox 2042 1594 2206 1640; x_wconf 91' lang='lat' dir='ltr'><strong>esset.</strong></span> <span class='ocrx_word' id='word_1_202' title='bbox 2241 1586 2348 1639; x_wconf 81' lang='lat' dir='ltr'><strong>Res</strong></span> <span class='ocrx_word' id='word_1_203' title='bbox 2376 1586 2540 1655; x_wconf 81' lang='lat' dir='ltr'><strong>igitur</strong></span> <span class='ocrx_word' id='word_1_204' title='bbox 2563 1586 2947 1641; x_wconf 63' lang='lat' dir='ltr'><strong>ecclesiastica:</strong></span> <span class='ocrx_word' id='word_1_205' title='bbox 2980 1602 3077 1655; x_wconf 88' lang='lat' dir='ltr'><strong>per</strong></span> <span class='ocrx_word' id='word_1_206' title='bbox 3106 1587 3426 1639; x_wconf 89' lang='lat' dir='ltr'><strong>universum</strong></span> <span class='ocrx_word' id='word_1_207' title='bbox 3454 1594 3625 1639; x_wconf 87' lang='lat' dir='ltr'><strong>terra-</strong></span> 
     </span>
    </p>
   </div>
   <div class='ocr_carea' id='block_1_33' title="bbox 2047 1673 3628 1743">
    <p class='ocr_par' dir='ltr' id='par_1_33' title="bbox 2047 1673 3628 1743">
     <span class='ocr_line' id='line_1_33' title="bbox 2047 1673 3628 1743; baseline 0 -16"><span class='ocrx_word' id='word_1_208' title='bbox 2047 1689 2169 1727; x_wconf 90' lang='lat' dir='ltr'><strong>rum</strong></span> <span class='ocrx_word' id='word_1_209' title='bbox 2205 1673 2397 1726; x_wconf 90' lang='lat' dir='ltr'><strong>orbem</strong></span> <span class='ocrx_word' id='word_1_210' title='bbox 2432 1673 2535 1726; x_wconf 88' lang='lat' dir='ltr'><strong>hoc</strong></span> <span class='ocrx_word' id='word_1_211' title='bbox 2577 1674 2631 1727; x_wconf 92' lang='lat' dir='ltr'><strong>in</strong></span> <span class='ocrx_word' id='word_1_212' title='bbox 2677 1682 2820 1727; x_wconf 91' lang='lat' dir='ltr'><strong>statu</strong></span> <span class='ocrx_word' id='word_1_213' title='bbox 2856 1682 3012 1728; x_wconf 89' lang='lat' dir='ltr'><strong>erant</strong></span> <span class='ocrx_word' id='word_1_214' title='bbox 3049 1690 3220 1743; x_wconf 89' lang='lat' dir='ltr'><strong>usque</strong></span> <span class='ocrx_word' id='word_1_215' title='bbox 3256 1674 3320 1727; x_wconf 90' lang='lat' dir='ltr'><strong>ad</strong></span> <span class='ocrx_word' id='word_1_216' title='bbox 3353 1675 3628 1743; x_wconf 88' lang='lat' dir='ltr'><strong>principa-</strong></span> 
     </span>
    </p>
   </div>
   <div class='ocr_carea' id='block_1_34' title="bbox 359 1759 1940 1844">
    <p class='ocr_par' dir='ltr' id='par_1_34' title="bbox 359 1772 1935 1844">
     <span class='ocr_line' id='line_1_34' title="bbox 359 1772 1935 1844; baseline 0.002 -21"><span class='ocrx_word' id='word_1_217' title='bbox 359 1772 499 1823; x_wconf 78' lang='grc' dir='ltr'>εἶλον</span> <span class='ocrx_word' id='word_1_218' title='bbox 560 1772 759 1825; x_wconf 80' lang='grc' dir='ltr'>δέλτων</span> <span class='ocrx_word' id='word_1_219' title='bbox 779 1789 792 1803; x_wconf 73' lang='grc' dir='ltr'><strong>ο</strong></span> <span class='ocrx_word' id='word_1_220' title='bbox 839 1774 897 1825; x_wconf 78' lang='grc' dir='ltr'>ὲν</span> <span class='ocrx_word' id='word_1_221' title='bbox 927 1774 983 1826; x_wconf 76' lang='grc' dir='ltr'><strong>δὲ</strong></span> <span class='ocrx_word' id='word_1_222' title='bbox 1012 1774 1123 1837; x_wconf 75' lang='grc' dir='ltr'>τοῖς</span> <span class='ocrx_word' id='word_1_223' title='bbox 1157 1773 1547 1844; x_wconf 76' lang='grc' dir='ltr'>Ἰεροσολύμοις</span> <span class='ocrx_word' id='word_1_224' title='bbox 1569 1774 1660 1826; x_wconf 78' lang='grc' dir='ltr'>καὶ</span> <span class='ocrx_word' id='word_1_225' title='bbox 1682 1772 1789 1838; x_wconf 76' lang='grc' dir='ltr'>ζῶν</span> <span class='ocrx_word' id='word_1_226' title='bbox 1840 1775 1935 1828; x_wconf 77' lang='grc' dir='ltr'>ἀν·</span> 
     </span>
    </p>
   </div>
   <div class='ocr_carea' id='block_1_35' title="bbox 2045 1759 3628 1844">
    <p class='ocr_par' dir='ltr' id='par_1_35' title="bbox 2045 1766 3628 1838">
     <span class='ocr_line' id='line_1_35' title="bbox 2045 1766 3628 1838; baseline -0.001 -18"><span class='ocrx_word' id='word_1_227' title='bbox 2045 1774 2152 1820; x_wconf 86' lang='lat' dir='ltr'><strong>tum</strong></span> <span class='ocrx_word' id='word_1_228' title='bbox 2187 1766 2481 1820; x_wconf 82' lang='lat' dir='ltr'><strong>Anastasii.</strong></span> <span class='ocrx_word' id='word_1_229' title='bbox 2511 1766 2684 1831; x_wconf 90' lang='lat' dir='ltr'><strong>Quem</strong></span> <span class='ocrx_word' id='word_1_230' title='bbox 2721 1767 2971 1820; x_wconf 87' lang='lat' dir='ltr'><strong>nonnulli</strong></span> <span class='ocrx_word' id='word_1_231' title='bbox 3036 1782 3163 1820; x_wconf 88' lang='lat' dir='ltr'><strong>cum</strong></span> <span class='ocrx_word' id='word_1_232' title='bbox 3225 1767 3417 1837; x_wconf 88' lang='lat' dir='ltr'><strong>synodi</strong></span> <span class='ocrx_word' id='word_1_233' title='bbox 3464 1768 3628 1838; x_wconf 79' lang='lat'><strong>369</strong></span> 
     </span>
    </p>
   </div>
   <div class='ocr_carea' id='block_1_36' title="bbox 370 1862 729 1932">
    <p class='ocr_par' dir='ltr' id='par_1_36' title="bbox 370 1862 729 1932">
     <span class='ocr_line' id='line_1_36' title="bbox 370 1862 729 1932; baseline 0.003 -18"><span class='ocrx_word' id='word_1_234' title='bbox 370 1862 457 1919; x_wconf 71' lang='grc' dir='ltr'>ιθε</span> <span class='ocrx_word' id='word_1_235' title='bbox 467 1862 704 1932; x_wconf 81' lang='grc' dir='ltr'>ματξσθη</span> <span class='ocrx_word' id='word_1_236' title='bbox 717 1902 729 1915; x_wconf 88' lang='grc'><strong>.</strong></span> 
     </span>
    </p>
   </div>
   <div class='ocr_carea' id='block_1_37' title="bbox 926 2157 1361 2215">
    <p class='ocr_par' dir='ltr' id='par_1_37' title="bbox 926 2157 1361 2215">
     <span class='ocr_line' id='line_1_37' title="bbox 926 2157 1361 2215; baseline -0.002 -3"><span class='ocrx_word' id='word_1_237' title='bbox 926 2158 1184 2215; x_wconf 74' lang='grc' dir='ltr'><strong>ΚΕΦΛΛ.</strong></span> <span class='ocrx_word' id='word_1_238' title='bbox 1239 2157 1361 2211; x_wconf 78' lang='lat' dir='ltr'><strong>AE&#39;.</strong></span> 
     </span>
    </p>
   </div>
   <div class='ocr_carea' id='block_1_38' title="bbox 362 2250 1936 2320">
    <p class='ocr_par' dir='ltr' id='par_1_38' title="bbox 362 2250 1936 2320">
     <span class='ocr_line' id='line_1_38' title="bbox 362 2250 1936 2320; baseline -0.002 -15"><span class='ocrx_word' id='word_1_239' title='bbox 362 2253 500 2320; x_wconf 72' lang='grc' dir='ltr'>Περὶ</span> <span class='ocrx_word' id='word_1_240' title='bbox 532 2250 642 2319; x_wconf 84' lang='grc' dir='ltr'>τῆς</span> <span class='ocrx_word' id='word_1_241' title='bbox 676 2252 794 2305; x_wconf 85' lang='grc' dir='ltr'><strong>τῶν</strong></span> <span class='ocrx_word' id='word_1_242' title='bbox 826 2254 1143 2320; x_wconf 75' lang='grc' dir='ltr'>τυράννων</span> <span class='ocrx_word' id='word_1_243' title='bbox 1183 2251 1469 2317; x_wconf 81' lang='grc' dir='ltr'>Ἰσαύρων</span> <span class='ocrx_word' id='word_1_244' title='bbox 1514 2252 1936 2320; x_wconf 80' lang='grc' dir='ltr'>καθαιρέσεως.</span> 
     </span>
    </p>
   </div>
   <div class='ocr_carea' id='block_1_39' title="bbox 427 2361 1937 2435">
    <p class='ocr_par' dir='ltr' id='par_1_39' title="bbox 427 2361 1937 2435">
     <span class='ocr_line' id='line_1_39' title="bbox 427 2361 1937 2435; baseline -0.001 -19"><span class='ocrx_word' id='word_1_245' title='bbox 427 2364 539 2416; x_wconf 86' lang='grc' dir='ltr'><strong>υύκ</strong></span> <span class='ocrx_word' id='word_1_246' title='bbox 569 2363 677 2416; x_wconf 78' lang='grc' dir='ltr'>ἀπὸ</span> <span class='ocrx_word' id='word_1_247' title='bbox 718 2363 773 2416; x_wconf 82' lang='grc' dir='ltr'><strong>δὲ</strong></span> <span class='ocrx_word' id='word_1_248' title='bbox 802 2364 1005 2435; x_wconf 82' lang='grc' dir='ltr'>τρόπου</span> <span class='ocrx_word' id='word_1_249' title='bbox 1041 2364 1164 2416; x_wconf 82' lang='grc' dir='ltr'>καθ’</span> <span class='ocrx_word' id='word_1_250' title='bbox 1194 2363 1259 2433; x_wconf 77' lang='grc' dir='ltr'>ἢν</span> <span class='ocrx_word' id='word_1_251' title='bbox 1290 2361 1552 2432; x_wconf 78' lang='grc' dir='ltr'>ἐτύχομεν</span> <span class='ocrx_word' id='word_1_252' title='bbox 1591 2364 1937 2431; x_wconf 78' lang='grc' dir='ltr'>προκαταϐε-</span> 
     </span>
    </p>
   </div>
   <div class='ocr_carea' id='block_1_40' title="bbox 362 2448 1941 2519">
    <p class='ocr_par' dir='ltr' id='par_1_40' title="bbox 362 2448 1941 2519">
     <span class='ocr_line' id='line_1_40' title="bbox 362 2448 1941 2519; baseline 0.002 -20"><span class='ocrx_word' id='word_1_253' title='bbox 362 2448 623 2517; x_wconf 73' lang='grc' dir='ltr'>σληκότες</span> <span class='ocrx_word' id='word_1_254' title='bbox 655 2449 969 2518; x_wconf 80' lang='grc' dir='ltr'>ὑπόσχεσιν,</span> <span class='ocrx_word' id='word_1_255' title='bbox 1024 2451 1117 2502; x_wconf 73' lang='grc' dir='ltr'><strong>καὶ</strong></span> <span class='ocrx_word' id='word_1_256' title='bbox 1169 2452 1236 2502; x_wconf 76' lang='grc' dir='ltr'>τὰ</span> <span class='ocrx_word' id='word_1_257' title='bbox 1271 2452 1434 2519; x_wconf 76' lang='grc' dir='ltr'>ἕτερα</span> <span class='ocrx_word' id='word_1_258' title='bbox 1473 2450 1631 2516; x_wconf 81' lang='grc' dir='ltr'>λόγου</span> <span class='ocrx_word' id='word_1_259' title='bbox 1668 2450 1795 2514; x_wconf 77' lang='grc' dir='ltr'>ἄξια</span> <span class='ocrx_word' id='word_1_260' title='bbox 1836 2451 1941 2502; x_wconf 79' lang='grc' dir='ltr'><strong>ὑπὸ</strong></span> 
     </span>
    </p>
   </div>
   <div class='ocr_carea' id='block_1_41' title="bbox 359 2541 1937 2615">
    <p class='ocr_par' dir='ltr' id='par_1_41' title="bbox 359 2541 1937 2615">
     <span class='ocr_line' id='line_1_41' title="bbox 359 2541 1937 2615; baseline 0.002 -23"><span class='ocrx_word' id='word_1_261' title='bbox 359 2543 473 2604; x_wconf 80' lang='grc' dir='ltr'>τοῖς</span> <span class='ocrx_word' id='word_1_262' title='bbox 504 2541 859 2595; x_wconf 76' lang='grc' dir='ltr'>Ἀναστασίου</span> <span class='ocrx_word' id='word_1_263' title='bbox 890 2542 1103 2611; x_wconf 81' lang='grc' dir='ltr'>χρόνοις</span> <span class='ocrx_word' id='word_1_264' title='bbox 1128 2543 1439 2612; x_wconf 79' lang='grc' dir='ltr'>γενομένοις</span> <span class='ocrx_word' id='word_1_265' title='bbox 1470 2544 1582 2611; x_wconf 90' lang='grc'>(77)</span> <span class='ocrx_word' id='word_1_266' title='bbox 1612 2543 1849 2611; x_wconf 67' lang='grc' dir='ltr'>συνάψαι</span> <span class='ocrx_word' id='word_1_267' title='bbox 1872 2547 1937 2615; x_wconf 72' lang='grc' dir='ltr'>τῇ</span> 
     </span>
    </p>
   </div>
   <div class='ocr_carea' id='block_1_42' title="bbox 361 2632 1943 2704">
    <p class='ocr_par' dir='ltr' id='par_1_42' title="bbox 361 2632 1943 2704">
     <span class='ocr_line' id='line_1_42' title="bbox 361 2632 1943 2704; baseline 0.004 -21"><span class='ocrx_word' id='word_1_268' title='bbox 361 2632 590 2702; x_wconf 80' lang='grc' dir='ltr'>ῑστορῖᾳ.</span> <span class='ocrx_word' id='word_1_269' title='bbox 624 2634 885 2700; x_wconf 81' lang='grc' dir='ltr'>Λογγῖνος</span> <span class='ocrx_word' id='word_1_270' title='bbox 922 2634 951 2685; x_wconf 85' lang='grc' dir='ltr'>ὁ</span> <span class='ocrx_word' id='word_1_271' title='bbox 990 2636 1230 2703; x_wconf 64' lang='grc' dir='ltr'>Ζήνωνος</span> <span class='ocrx_word' id='word_1_272' title='bbox 1266 2636 1500 2703; x_wconf 80' lang='grc' dir='ltr'>ὅμαιμος</span> <span class='ocrx_word' id='word_1_273' title='bbox 1539 2635 1630 2703; x_wconf 80' lang='grc' dir='ltr'>(ε),</span> <span class='ocrx_word' id='word_1_274' title='bbox 1664 2636 1759 2704; x_wconf 74' lang='grc' dir='ltr'><strong>τὴν</strong></span> <span class='ocrx_word' id='word_1_275' title='bbox 1790 2637 1943 2704; x_wconf 79' lang='grc' dir='ltr'>ἐνεγ-</span> 
     </span>
    </p>
   </div>
   <div class='ocr_carea' id='block_1_43' title="bbox 360 2723 1942 2799">
    <p class='ocr_par' dir='ltr' id='par_1_43' title="bbox 360 2723 1942 2799">
     <span class='ocr_line' id='line_1_43' title="bbox 360 2723 1942 2799; baseline 0.003 -23"><span class='ocrx_word' id='word_1_276' title='bbox 360 2724 605 2794; x_wconf 83' lang='grc' dir='ltr'>καμένην</span> <span class='ocrx_word' id='word_1_277' title='bbox 630 2723 705 2787; x_wconf 80' lang='grc' dir='ltr'>ὡς</span> <span class='ocrx_word' id='word_1_278' title='bbox 738 2725 1159 2795; x_wconf 78' lang='grc' dir='ltr'>προδεδιήγηται</span> <span class='ocrx_word' id='word_1_279' title='bbox 1185 2725 1550 2795; x_wconf 77' lang='grc' dir='ltr'>κατειληφὼς,</span> <span class='ocrx_word' id='word_1_280' title='bbox 1571 2728 1660 2779; x_wconf 74' lang='grc' dir='ltr'><strong>τὸν</strong></span> <span class='ocrx_word' id='word_1_281' title='bbox 1686 2728 1822 2799; x_wconf 81' lang='grc' dir='ltr'>πρὸς</span> <span class='ocrx_word' id='word_1_282' title='bbox 1851 2728 1942 2780; x_wconf 77' lang='grc' dir='ltr'><strong>τὸν</strong></span> 
     </span>
    </p>
   </div>
   <div class='ocr_carea' id='block_1_44' title="bbox 360 2800 1944 2886">
    <p class='ocr_par' dir='ltr' id='par_1_44' title="bbox 360 2815 1944 2886">
     <span class='ocr_line' id='line_1_44' title="bbox 360 2815 1944 2886; baseline 0.003 -20"><span class='ocrx_word' id='word_1_283' title='bbox 360 2815 737 2883; x_wconf 78' lang='grc' dir='ltr'>αὐτοκράτορα</span> <span class='ocrx_word' id='word_1_284' title='bbox 784 2817 1019 2886; x_wconf 85' lang='grc' dir='ltr'>πόλεμον</span> <span class='ocrx_word' id='word_1_285' title='bbox 1066 2818 1371 2884; x_wconf 60' lang='grc' dir='ltr'>ἀναρανδὶν</span> <span class='ocrx_word' id='word_1_286' title='bbox 1404 2818 1798 2881; x_wconf 81' lang='grc' dir='ltr'>ἀναζώννυται.</span> <span class='ocrx_word' id='word_1_287' title='bbox 1833 2820 1944 2873; x_wconf 72' lang='grc' dir='ltr'><strong>Καὶ</strong></span> 
     </span>
    </p>
   </div>
   <div class='ocr_carea' id='block_1_45' title="bbox 364 2906 1946 2981">
    <p class='ocr_par' dir='ltr' id='par_1_45' title="bbox 364 2906 1946 2981">
     <span class='ocr_line' id='line_1_45' title="bbox 364 2906 1946 2981; baseline 0.006 -25"><span class='ocrx_word' id='word_1_288' title='bbox 364 2906 573 2958; x_wconf 80' lang='grc' dir='ltr'>πολλῶν</span> <span class='ocrx_word' id='word_1_289' title='bbox 627 2906 780 2958; x_wconf 78' lang='grc' dir='ltr'>ἔνθεν</span> <span class='ocrx_word' id='word_1_290' title='bbox 826 2925 884 2960; x_wconf 80' lang='grc' dir='ltr'><strong>τε</strong></span> <span class='ocrx_word' id='word_1_291' title='bbox 942 2910 1196 2962; x_wconf 74' lang='grc' dir='ltr'>κάκεῖθεν</span> <span class='ocrx_word' id='word_1_292' title='bbox 1248 2911 1738 2981; x_wconf 87' lang='grc' dir='ltr'>συναθροισθεισῶν</span> <span class='ocrx_word' id='word_1_293' title='bbox 1788 2913 1946 2966; x_wconf 84' lang='grc' dir='ltr'>δυνά-</span> 
     </span>
    </p>
   </div>
   <div class='ocr_carea' id='block_1_46' title="bbox 366 2990 1945 3070">
    <p class='ocr_par' dir='ltr' id='par_1_46' title="bbox 366 2990 1945 3070">
     <span class='ocr_line' id='line_1_46' title="bbox 366 2990 1945 3070; baseline 0.006 -23"><span class='ocrx_word' id='word_1_294' title='bbox 366 3013 532 3063; x_wconf 84' lang='grc' dir='ltr'>μεων,</span> <span class='ocrx_word' id='word_1_295' title='bbox 566 2996 686 3064; x_wconf 81' lang='grc' dir='ltr'>μεθ’</span> <span class='ocrx_word' id='word_1_296' title='bbox 712 2990 786 3051; x_wconf 83' lang='grc' dir='ltr'>ὧν</span> <span class='ocrx_word' id='word_1_297' title='bbox 832 2998 927 3051; x_wconf 73' lang='grc' dir='ltr'><strong>καὶ</strong></span> <span class='ocrx_word' id='word_1_298' title='bbox 969 3000 1154 3052; x_wconf 79' lang='grc' dir='ltr'>Κόνων</span> <span class='ocrx_word' id='word_1_299' title='bbox 1181 3000 1480 3070; x_wconf 71' lang='grc' dir='ltr'>ἐτύγχανεν</span> <span class='ocrx_word' id='word_1_300' title='bbox 1515 3001 1613 3065; x_wconf 81' lang='grc' dir='ltr'><strong>ὢν,</strong></span> <span class='ocrx_word' id='word_1_301' title='bbox 1650 3002 1945 3066; x_wconf 73' lang='grc' dir='ltr'>ἐπίσκοπος</span> 
     </span>
    </p>
   </div>
   <div class='ocr_carea' id='block_1_47' title="bbox 2038 1857 3624 1931">
    <p class='ocr_par' dir='ltr' id='par_1_47' title="bbox 2038 1857 3624 1931">
     <span class='ocr_line' id='line_1_47' title="bbox 2038 1857 3624 1931; baseline 0.002 -20"><span class='ocrx_word' id='word_1_302' title='bbox 2038 1857 2501 1913; x_wconf 85' lang='lat' dir='ltr'><strong>Chalcedonensis</strong></span> <span class='ocrx_word' id='word_1_303' title='bbox 2536 1858 2820 1913; x_wconf 90' lang='lat' dir='ltr'><strong>inimicum</strong></span> <span class='ocrx_word' id='word_1_304' title='bbox 2868 1875 2989 1914; x_wconf 83' lang='lat' dir='ltr'><strong>esse</strong></span> <span class='ocrx_word' id='word_1_305' title='bbox 3033 1859 3393 1931; x_wconf 89' lang='lat' dir='ltr'><strong>judicassent,</strong></span> <span class='ocrx_word' id='word_1_306' title='bbox 3426 1875 3624 1914; x_wconf 88' lang='lat' dir='ltr'><strong>nomen</strong></span> 
     </span>
    </p>
   </div>
   <div class='ocr_carea' id='block_1_48' title="bbox 2028 1952 3629 2023">
    <p class='ocr_par' dir='ltr' id='par_1_48' title="bbox 2028 1952 3629 2023">
     <span class='ocr_line' id='line_1_48' title="bbox 2028 1952 3629 2023; baseline -0.002 -14"><span class='ocrx_word' id='word_1_307' title='bbox 2028 1952 2159 2021; x_wconf 80' lang='lat' dir='ltr'><strong>ejus</strong></span> <span class='ocrx_word' id='word_1_308' title='bbox 2190 1968 2256 2005; x_wconf 83' lang='lat' dir='ltr'><strong>ex</strong></span> <span class='ocrx_word' id='word_1_309' title='bbox 2304 1952 2473 2005; x_wconf 87' lang='lat' dir='ltr'><strong>sacris</strong></span> <span class='ocrx_word' id='word_1_310' title='bbox 2523 1952 2727 2007; x_wconf 91' lang='lat' dir='ltr'><strong>tabulis</strong></span> <span class='ocrx_word' id='word_1_311' title='bbox 2769 1962 3187 2022; x_wconf 74' lang='lat' dir='ltr'><strong>expunxerunt;</strong></span> <span class='ocrx_word' id='word_1_312' title='bbox 3233 1953 3629 2023; x_wconf 80' lang='lat' dir='ltr'><strong>Hierosolymis</strong></span> 
     </span>
    </p>
   </div>
   <div class='ocr_carea' id='block_1_49' title="bbox 2042 2042 3553 2112">
    <p class='ocr_par' dir='ltr' id='par_1_49' title="bbox 2042 2042 3553 2112">
     <span class='ocr_line' id='line_1_49' title="bbox 2042 2042 3553 2112; baseline 0.002 -19"><span class='ocrx_word' id='word_1_313' title='bbox 2042 2056 2171 2097; x_wconf 86' lang='lat' dir='ltr'><strong>vero</strong></span> <span class='ocrx_word' id='word_1_314' title='bbox 2199 2042 2366 2098; x_wconf 88' lang='lat' dir='ltr'><strong>etiam</strong></span> <span class='ocrx_word' id='word_1_315' title='bbox 2397 2043 2557 2098; x_wconf 88' lang='lat' dir='ltr'><strong>vivus</strong></span> <span class='ocrx_word' id='word_1_316' title='bbox 2586 2059 2649 2098; x_wconf 92' lang='lat' dir='ltr'><strong>ac</strong></span> <span class='ocrx_word' id='word_1_317' title='bbox 2680 2045 2896 2112; x_wconf 87' lang='lat' dir='ltr'><strong>spirans</strong></span> <span class='ocrx_word' id='word_1_318' title='bbox 2929 2043 3420 2099; x_wconf 87' lang='lat' dir='ltr'><strong>anathematizatus</strong></span> <span class='ocrx_word' id='word_1_319' title='bbox 3448 2052 3553 2097; x_wconf 90' lang='lat' dir='ltr'><strong>est.</strong></span> 
     </span>
    </p>
   </div>
   <div class='ocr_carea' id='block_1_50' title="bbox 2632 2150 3040 2213">
    <p class='ocr_par' dir='ltr' id='par_1_50' title="bbox 2632 2150 3040 2213">
     <span class='ocr_line' id='line_1_50' title="bbox 2632 2150 3040 2213; baseline 0.005 -2"><span class='ocrx_word' id='word_1_320' title='bbox 2632 2155 2783 2211; x_wconf 78' lang='lat' dir='ltr'><strong>CAP.</strong></span> <span class='ocrx_word' id='word_1_321' title='bbox 2825 2150 3040 2213; x_wconf 74' lang='lat' dir='ltr'><strong>XXXV.</strong></span> 
     </span>
    </p>
   </div>
   <div class='ocr_carea' id='block_1_51' title="bbox 2323 2249 3343 2322">
    <p class='ocr_par' dir='ltr' id='par_1_51' title="bbox 2323 2249 3343 2322">
     <span class='ocr_line' id='line_1_51' title="bbox 2323 2249 3343 2322; baseline 0.002 -20"><span class='ocrx_word' id='word_1_322' title='bbox 2323 2249 2397 2302; x_wconf 87' lang='lat' dir='ltr'><strong>De</strong></span> <span class='ocrx_word' id='word_1_323' title='bbox 2418 2251 2671 2303; x_wconf 77' lang='lat' dir='ltr'><strong>exstincta</strong></span> <span class='ocrx_word' id='word_1_324' title='bbox 2694 2250 3005 2304; x_wconf 82' lang='lat' dir='ltr'><strong>Isaurorum</strong></span> <span class='ocrx_word' id='word_1_325' title='bbox 3038 2251 3343 2322; x_wconf 80' lang='lat' dir='ltr'><strong>tyrannide.</strong></span> 
     </span>
    </p>
   </div>
   <div class='ocr_carea' id='block_1_52' title="bbox 2112 2358 3626 2421">
    <p class='ocr_par' dir='ltr' id='par_1_52' title="bbox 2112 2358 3626 2421">
     <span class='ocr_line' id='line_1_52' title="bbox 2112 2358 3626 2421; baseline -0.001 -10"><span class='ocrx_word' id='word_1_326' title='bbox 2112 2360 2286 2412; x_wconf 85' lang='lat' dir='ltr'><strong>Porro</strong></span> <span class='ocrx_word' id='word_1_327' title='bbox 2339 2375 2448 2413; x_wconf 92' lang='lat' dir='ltr'><strong>non</strong></span> <span class='ocrx_word' id='word_1_328' title='bbox 2502 2359 2804 2413; x_wconf 87' lang='lat' dir='ltr'><strong>absurdum</strong></span> <span class='ocrx_word' id='word_1_329' title='bbox 2870 2358 3040 2413; x_wconf 83' lang='lat' dir='ltr'><strong>fuerit</strong></span> <span class='ocrx_word' id='word_1_330' title='bbox 3103 2358 3208 2413; x_wconf 89' lang='lat' dir='ltr'><strong>hoc</strong></span> <span class='ocrx_word' id='word_1_331' title='bbox 3276 2359 3420 2421; x_wconf 89' lang='lat' dir='ltr'><strong>loco,</strong></span> <span class='ocrx_word' id='word_1_332' title='bbox 3468 2358 3511 2411; x_wconf 86' lang='lat' dir='ltr'><strong>si</strong></span> <span class='ocrx_word' id='word_1_333' title='bbox 3540 2373 3626 2411; x_wconf 89' lang='lat' dir='ltr'><strong>res</strong></span> 
     </span>
    </p>
   </div>
   <div class='ocr_carea' id='block_1_53' title="bbox 2041 2448 3621 2519">
    <p class='ocr_par' dir='ltr' id='par_1_53' title="bbox 2041 2448 3621 2519">
     <span class='ocr_line' id='line_1_53' title="bbox 2041 2448 3621 2519; baseline -0.001 -16"><span class='ocrx_word' id='word_1_334' title='bbox 2041 2464 2259 2519; x_wconf 87' lang='lat' dir='ltr'><strong>quoque</strong></span> <span class='ocrx_word' id='word_1_335' title='bbox 2294 2450 2431 2502; x_wconf 85' lang='lat' dir='ltr'><strong>alias</strong></span> <span class='ocrx_word' id='word_1_336' title='bbox 2460 2460 2765 2503; x_wconf 89' lang='lat' dir='ltr'><strong>memoratu</strong></span> <span class='ocrx_word' id='word_1_337' title='bbox 2790 2448 2979 2518; x_wconf 87' lang='lat' dir='ltr'><strong>dignas</strong></span> <span class='ocrx_word' id='word_1_338' title='bbox 3011 2463 3131 2518; x_wconf 68' lang='lat' dir='ltr'><strong>quae</strong></span> <span class='ocrx_word' id='word_1_339' title='bbox 3164 2449 3435 2503; x_wconf 84' lang='lat' dir='ltr'><strong>Anastasii</strong></span> <span class='ocrx_word' id='word_1_340' title='bbox 3487 2456 3621 2501; x_wconf 88' lang='lat' dir='ltr'><strong>tem-</strong></span> 
     </span>
    </p>
   </div>
   <div class='ocr_carea' id='block_1_54' title="bbox 2044 2539 3622 2609">
    <p class='ocr_par' dir='ltr' id='par_1_54' title="bbox 2044 2539 3622 2609">
     <span class='ocr_line' id='line_1_54' title="bbox 2044 2539 3622 2609; baseline -0.001 -16"><span class='ocrx_word' id='word_1_341' title='bbox 2044 2539 2271 2609; x_wconf 90' lang='lat' dir='ltr'><strong>poribus</strong></span> <span class='ocrx_word' id='word_1_342' title='bbox 2323 2539 2665 2603; x_wconf 88' lang='lat' dir='ltr'><strong>aceiderunt,</strong></span> <span class='ocrx_word' id='word_1_343' title='bbox 2715 2541 2870 2609; x_wconf 84' lang='lat' dir='ltr'><strong>juxta</strong></span> <span class='ocrx_word' id='word_1_344' title='bbox 2918 2539 2971 2593; x_wconf 93' lang='lat' dir='ltr'><strong>id</strong></span> <span class='ocrx_word' id='word_1_345' title='bbox 3026 2539 3174 2609; x_wconf 89' lang='lat' dir='ltr'><strong>quod</strong></span> <span class='ocrx_word' id='word_1_346' title='bbox 3202 2547 3361 2594; x_wconf 88' lang='lat' dir='ltr'><strong>antea</strong></span> <span class='ocrx_word' id='word_1_347' title='bbox 3395 2540 3622 2609; x_wconf 88' lang='lat' dir='ltr'><strong>polliciti</strong></span> 
     </span>
    </p>
   </div>
   <div class='ocr_carea' id='block_1_55' title="bbox 2043 2630 3625 2701">
    <p class='ocr_par' dir='ltr' id='par_1_55' title="bbox 2043 2630 3625 2701">
     <span class='ocr_line' id='line_1_55' title="bbox 2043 2630 3625 2701; baseline -0.001 -16"><span class='ocrx_word' id='word_1_348' title='bbox 2043 2640 2253 2694; x_wconf 83' lang='lat' dir='ltr'><strong>sumus,</strong></span> <span class='ocrx_word' id='word_1_349' title='bbox 2284 2631 2414 2685; x_wconf 90' lang='lat' dir='ltr'><strong>huic</strong></span> <span class='ocrx_word' id='word_1_350' title='bbox 2469 2632 2715 2685; x_wconf 72' lang='lat' dir='ltr'><strong>historiae</strong></span> <span class='ocrx_word' id='word_1_351' title='bbox 2762 2641 3090 2686; x_wconf 84' lang='lat' dir='ltr'><strong>attexamus.</strong></span> <span class='ocrx_word' id='word_1_352' title='bbox 3123 2630 3407 2701; x_wconf 79' lang='lat' dir='ltr'><strong>Longinus</strong></span> <span class='ocrx_word' id='word_1_353' title='bbox 3446 2632 3625 2686; x_wconf 89' lang='lat' dir='ltr'><strong>Zeno-</strong></span> 
     </span>
    </p>
   </div>
   <div class='ocr_carea' id='block_1_56' title="bbox 2044 2722 3627 2793">
    <p class='ocr_par' dir='ltr' id='par_1_56' title="bbox 2044 2722 3627 2793">
     <span class='ocr_line' id='line_1_56' title="bbox 2044 2722 3627 2793; baseline -0.001 -16"><span class='ocrx_word' id='word_1_354' title='bbox 2044 2725 2131 2779; x_wconf 90' lang='lat' dir='ltr'><strong>nis</strong></span> <span class='ocrx_word' id='word_1_355' title='bbox 2181 2723 2644 2793; x_wconf 76' lang='lat' dir='ltr'><strong>consanguineus,</strong></span> <span class='ocrx_word' id='word_1_356' title='bbox 2695 2738 2820 2777; x_wconf 91' lang='lat' dir='ltr'><strong>cum</strong></span> <span class='ocrx_word' id='word_1_357' title='bbox 2871 2724 2926 2777; x_wconf 93' lang='lat' dir='ltr'><strong>in</strong></span> <span class='ocrx_word' id='word_1_358' title='bbox 2969 2722 3200 2793; x_wconf 87' lang='lat' dir='ltr'><strong>patriam</strong></span> <span class='ocrx_word' id='word_1_359' title='bbox 3252 2738 3431 2787; x_wconf 89' lang='lat' dir='ltr'><strong>suam,</strong></span> <span class='ocrx_word' id='word_1_360' title='bbox 3485 2723 3627 2777; x_wconf 89' lang='lat' dir='ltr'><strong>sicut</strong></span> 
     </span>
    </p>
   </div>
   <div class='ocr_carea' id='block_1_57' title="bbox 2044 2814 3624 2885">
    <p class='ocr_par' dir='ltr' id='par_1_57' title="bbox 2044 2814 3624 2885">
     <span class='ocr_line' id='line_1_57' title="bbox 2044 2814 3624 2885; baseline -0.001 -16"><span class='ocrx_word' id='word_1_361' title='bbox 2044 2826 2206 2870; x_wconf 86' lang='lat' dir='ltr'><strong>antea</strong></span> <span class='ocrx_word' id='word_1_362' title='bbox 2230 2826 2716 2871; x_wconf 89' lang='lat' dir='ltr'><strong>commemoratum</strong></span> <span class='ocrx_word' id='word_1_363' title='bbox 2748 2824 2853 2879; x_wconf 91' lang='lat' dir='ltr'><strong>est,</strong></span> <span class='ocrx_word' id='word_1_364' title='bbox 2909 2816 3243 2879; x_wconf 87' lang='lat' dir='ltr'><strong>advenisset,</strong></span> <span class='ocrx_word' id='word_1_365' title='bbox 3292 2816 3471 2885; x_wconf 85' lang='lat' dir='ltr'><strong>palam</strong></span> <span class='ocrx_word' id='word_1_366' title='bbox 3528 2814 3624 2869; x_wconf 86' lang='lat' dir='ltr'><strong>ad-</strong></span> 
     </span>
    </p>
   </div>
   <div class='ocr_carea' id='block_1_58' title="bbox 2045 2905 3621 2975">
    <p class='ocr_par' dir='ltr' id='par_1_58' title="bbox 2045 2905 3621 2975">
     <span class='ocr_line' id='line_1_58' title="bbox 2045 2905 3621 2975; baseline 0.001 -16"><span class='ocrx_word' id='word_1_367' title='bbox 2045 2921 2239 2961; x_wconf 85' lang='lat' dir='ltr'><strong>versus</strong></span> <span class='ocrx_word' id='word_1_368' title='bbox 2294 2906 2682 2974; x_wconf 89' lang='lat' dir='ltr'><strong>imperatorem</strong></span> <span class='ocrx_word' id='word_1_369' title='bbox 2717 2905 2921 2960; x_wconf 88' lang='lat' dir='ltr'><strong>bellum</strong></span> <span class='ocrx_word' id='word_1_370' title='bbox 2955 2906 3217 2975; x_wconf 90' lang='lat' dir='ltr'><strong>suscepit.</strong></span> <span class='ocrx_word' id='word_1_371' title='bbox 3246 2905 3502 2960; x_wconf 88' lang='lat' dir='ltr'><strong>Plurimis</strong></span> <span class='ocrx_word' id='word_1_372' title='bbox 3523 2906 3621 2975; x_wconf 88' lang='lat' dir='ltr'><strong>igi-</strong></span> 
     </span>
    </p>
   </div>
   <div class='ocr_carea' id='block_1_59' title="bbox 2049 2997 3633 3068">
    <p class='ocr_par' dir='ltr' id='par_1_59' title="bbox 2049 2997 3633 3068">
     <span class='ocr_line' id='line_1_59' title="bbox 2049 2997 3633 3068; baseline 0 -16"><span class='ocrx_word' id='word_1_373' title='bbox 2049 3009 2138 3052; x_wconf 94' lang='lat' dir='ltr'><strong>tur</strong></span> <span class='ocrx_word' id='word_1_374' title='bbox 2160 2999 2406 3053; x_wconf 82' lang='lat' dir='ltr'><strong>collectis</strong></span> <span class='ocrx_word' id='word_1_375' title='bbox 2436 2998 2697 3067; x_wconf 91' lang='lat' dir='ltr'><strong>utrinque</strong></span> <span class='ocrx_word' id='word_1_376' title='bbox 2746 2997 2943 3068; x_wconf 79' lang='lat' dir='ltr'><strong>capiis,</strong></span> <span class='ocrx_word' id='word_1_377' title='bbox 2978 2999 3034 3053; x_wconf 94' lang='lat' dir='ltr'><strong>in</strong></span> <span class='ocrx_word' id='word_1_378' title='bbox 3068 2998 3274 3068; x_wconf 85' lang='lat' dir='ltr'><strong>quibus</strong></span> <span class='ocrx_word' id='word_1_379' title='bbox 3324 3006 3438 3053; x_wconf 87' lang='lat' dir='ltr'><strong>erat</strong></span> <span class='ocrx_word' id='word_1_380' title='bbox 3458 2997 3633 3053; x_wconf 32' lang='lat' dir='ltr'><strong>etiam.</strong></span> 
     </span>
    </p>
   </div>
   <div class='ocr_carea' id='block_1_60' title="bbox 361 3076 1940 3163">
    <p class='ocr_par' dir='ltr' id='par_1_60' title="bbox 361 3086 1939 3161">
     <span class='ocr_line' id='line_1_60' title="bbox 361 3086 1939 3161; baseline 0.004 -23"><span class='ocrx_word' id='word_1_381' title='bbox 361 3086 461 3154; x_wconf 82' lang='grc' dir='ltr'><strong>τῆς</strong></span> <span class='ocrx_word' id='word_1_382' title='bbox 498 3089 555 3139; x_wconf 78' lang='grc' dir='ltr'>ἐν</span> <span class='ocrx_word' id='word_1_383' title='bbox 588 3087 863 3157; x_wconf 67' lang='grc' dir='ltr'>Ἀπαμείᾳ</span> <span class='ocrx_word' id='word_1_384' title='bbox 885 3089 983 3157; x_wconf 82' lang='grc' dir='ltr'>τῆς</span> <span class='ocrx_word' id='word_1_385' title='bbox 1021 3088 1207 3159; x_wconf 87' lang='grc' dir='ltr'>Σύρων</span> <span class='ocrx_word' id='word_1_386' title='bbox 1238 3092 1509 3161; x_wconf 74' lang='grc' dir='ltr'>ἐπαρχίας</span> <span class='ocrx_word' id='word_1_387' title='bbox 1537 3092 1797 3159; x_wconf 78' lang='grc' dir='ltr'>γεγονὼς,</span> <span class='ocrx_word' id='word_1_388' title='bbox 1828 3094 1939 3157; x_wconf 84' lang='grc' dir='ltr'>τοῖς</span> 
     </span>
    </p>
   </div>
   <div class='ocr_carea' id='block_1_61' title="bbox 2045 3076 3627 3163">
    <p class='ocr_par' dir='ltr' id='par_1_61' title="bbox 2045 3076 3627 3163">
     <span class='ocr_line' id='line_1_61' title="bbox 2045 3076 3627 3163; baseline -0.001 -17"><span class='ocrx_word' id='word_1_389' title='bbox 2045 3090 2254 3154; x_wconf 89' lang='lat' dir='ltr'><strong>Conon,</strong></span> <span class='ocrx_word' id='word_1_390' title='bbox 2280 3089 2520 3160; x_wconf 71' lang='lat' dir='ltr'><strong>Apamia:</strong></span> <span class='ocrx_word' id='word_1_391' title='bbox 2544 3090 2597 3143; x_wconf 94' lang='lat' dir='ltr'><strong>in</strong></span> <span class='ocrx_word' id='word_1_392' title='bbox 2631 3076 2785 3163; x_wconf 64' lang='lat' dir='ltr'><strong>Syria</strong></span> <span class='ocrx_word' id='word_1_393' title='bbox 2837 3090 2969 3144; x_wconf 86' lang='lat' dir='ltr'><strong>olim</strong></span> <span class='ocrx_word' id='word_1_394' title='bbox 3010 3091 3325 3161; x_wconf 90' lang='lat' dir='ltr'><strong>episcopus,</strong></span> <span class='ocrx_word' id='word_1_395' title='bbox 3374 3089 3471 3161; x_wconf 92' lang='lat' dir='ltr'><strong>qui</strong></span> <span class='ocrx_word' id='word_1_396' title='bbox 3519 3105 3627 3144; x_wconf 80' lang='lat' dir='ltr'><strong>una</strong></span> 
     </span>
    </p>
   </div>
   <div class='ocr_carea' id='block_1_62' title="bbox 377 3176 1937 3249">
    <p class='ocr_par' dir='ltr' id='par_1_62' title="bbox 377 3176 1937 3249">
     <span class='ocr_line' id='line_1_62' title="bbox 377 3176 1937 3249; baseline 0.003 -20"><span class='ocrx_word' id='word_1_397' title='bbox 377 3176 643 3242; x_wconf 82' lang='grc' dir='ltr'>Ἰσαύροις</span> <span class='ocrx_word' id='word_1_398' title='bbox 692 3177 768 3241; x_wconf 69' lang='lat' dir='ltr'><strong>di;</strong></span> <span class='ocrx_word' id='word_1_399' title='bbox 825 3179 1077 3246; x_wconf 86' lang='grc' dir='ltr'>Ἴσαυρος</span> <span class='ocrx_word' id='word_1_400' title='bbox 1128 3181 1575 3249; x_wconf 78' lang='grc' dir='ltr'>συνεστράτευσε.</span> <span class='ocrx_word' id='word_1_401' title='bbox 1614 3180 1780 3243; x_wconf 81' lang='grc' dir='ltr'>Τέλος</span> <span class='ocrx_word' id='word_1_402' title='bbox 1820 3183 1937 3233; x_wconf 75' lang='grc' dir='ltr'>ὲπιο</span> 
     </span>
    </p>
   </div>
   <div class='ocr_carea' id='block_1_63' title="bbox 362 3267 1945 3342">
    <p class='ocr_par' dir='ltr' id='par_1_63' title="bbox 362 3267 1945 3342">
     <span class='ocr_line' id='line_1_63' title="bbox 362 3267 1945 3342; baseline 0.004 -22"><span class='ocrx_word' id='word_1_403' title='bbox 362 3267 568 3321; x_wconf 76' lang='grc' dir='ltr'>τίθεται</span> <span class='ocrx_word' id='word_1_404' title='bbox 604 3268 680 3338; x_wconf 82' lang='grc' dir='ltr'>τῷ</span> <span class='ocrx_word' id='word_1_405' title='bbox 716 3268 952 3339; x_wconf 83' lang='grc' dir='ltr'>πολέμῳ.</span> <span class='ocrx_word' id='word_1_406' title='bbox 990 3268 1112 3342; x_wconf 73' lang='grc' dir='ltr'>Τῴν</span> <span class='ocrx_word' id='word_1_407' title='bbox 1148 3271 1247 3339; x_wconf 79' lang='grc' dir='ltr'><strong>μὲν</strong></span> <span class='ocrx_word' id='word_1_408' title='bbox 1284 3271 1543 3341; x_wconf 82' lang='grc' dir='ltr'>Ἰσαύρων</span> <span class='ocrx_word' id='word_1_409' title='bbox 1573 3274 1681 3325; x_wconf 81' lang='grc' dir='ltr'><strong>τῶν</strong></span> <span class='ocrx_word' id='word_1_410' title='bbox 1711 3290 1945 3342; x_wconf 85' lang='grc' dir='ltr'>συστρα-</span> 
     </span>
    </p>
   </div>
   <div class='ocr_carea' id='block_1_64' title="bbox 362 3359 1943 3433">
    <p class='ocr_par' dir='ltr' id='par_1_64' title="bbox 362 3359 1943 3433">
     <span class='ocr_line' id='line_1_64' title="bbox 362 3359 1943 3433; baseline 0.003 -22"><span class='ocrx_word' id='word_1_411' title='bbox 362 3359 669 3412; x_wconf 78' lang='grc' dir='ltr'>τευσάντων</span> <span class='ocrx_word' id='word_1_412' title='bbox 697 3360 773 3428; x_wconf 77' lang='grc' dir='ltr'><strong>τῷ</strong></span> <span class='ocrx_word' id='word_1_413' title='bbox 804 3361 1050 3430; x_wconf 70' lang='grc' dir='ltr'>Λογγίνῳ</span> <span class='ocrx_word' id='word_1_414' title='bbox 1085 3364 1431 3433; x_wconf 77' lang='grc' dir='ltr'>πανωλεθρίᾳ</span> <span class='ocrx_word' id='word_1_415' title='bbox 1466 3362 1803 3433; x_wconf 70' lang='grc' dir='ltr'>φθαρέντωνσ</span> <span class='ocrx_word' id='word_1_416' title='bbox 1835 3364 1943 3416; x_wconf 82' lang='grc' dir='ltr'><strong>τῶν</strong></span> 
     </span>
    </p>
   </div>
   <div class='ocr_carea' id='block_1_65' title="bbox 361 3450 1945 3523">
    <p class='ocr_par' dir='ltr' id='par_1_65' title="bbox 361 3450 1945 3523">
     <span class='ocr_line' id='line_1_65' title="bbox 361 3450 1945 3523; baseline 0.002 -21"><span class='ocrx_word' id='word_1_417' title='bbox 361 3450 419 3507; x_wconf 68' lang='grc' dir='ltr'><strong>δὲ</strong></span> <span class='ocrx_word' id='word_1_418' title='bbox 448 3450 702 3517; x_wconf 57' lang='grc' dir='ltr'>κευαλῶν</span> <span class='ocrx_word' id='word_1_419' title='bbox 726 3452 990 3517; x_wconf 84' lang='grc' dir='ltr'>Λογγὶνου</span> <span class='ocrx_word' id='word_1_420' title='bbox 1022 3455 1115 3504; x_wconf 73' lang='grc' dir='ltr'><strong>καὶ</strong></span> <span class='ocrx_word' id='word_1_421' title='bbox 1134 3453 1411 3523; x_wconf 81' lang='grc' dir='ltr'>Θεοδώρου</span> <span class='ocrx_word' id='word_1_422' title='bbox 1452 3455 1561 3523; x_wconf 84' lang='lat'><strong>(78)</strong></span> <span class='ocrx_word' id='word_1_423' title='bbox 1596 3455 1731 3523; x_wconf 79' lang='grc' dir='ltr'>πρὸς</span> <span class='ocrx_word' id='word_1_424' title='bbox 1767 3454 1945 3507; x_wconf 82' lang='grc' dir='ltr'>Ἰωάν-</span> 
     </span>
    </p>
   </div>
   <div class='ocr_carea' id='block_1_66' title="bbox 363 3542 1948 3616">
    <p class='ocr_par' dir='ltr' id='par_1_66' title="bbox 363 3542 1948 3616">
     <span class='ocr_line' id='line_1_66' title="bbox 363 3542 1948 3616; baseline 0.001 -19"><span class='ocrx_word' id='word_1_425' title='bbox 363 3560 454 3597; x_wconf 88' lang='grc' dir='ltr'><strong>νου</strong></span> <span class='ocrx_word' id='word_1_426' title='bbox 488 3545 555 3575; x_wconf 77' lang='grc'><strong>⁷⁸⁶</strong></span> <span class='ocrx_word' id='word_1_427' title='bbox 586 3542 678 3595; x_wconf 80' lang='grc' dir='ltr'>τοῦ</span> <span class='ocrx_word' id='word_1_428' title='bbox 705 3543 911 3595; x_wconf 83' lang='grc' dir='ltr'>Σκύθου</span> <span class='ocrx_word' id='word_1_429' title='bbox 959 3546 1259 3598; x_wconf 80' lang='grc' dir='ltr'>σταλεισῶν</span> <span class='ocrx_word' id='word_1_430' title='bbox 1297 3546 1399 3598; x_wconf 75' lang='grc' dir='ltr'>ἀνὰ</span> <span class='ocrx_word' id='word_1_431' title='bbox 1430 3547 1527 3616; x_wconf 79' lang='grc' dir='ltr'>τὴν</span> <span class='ocrx_word' id='word_1_432' title='bbox 1561 3546 1823 3616; x_wconf 75' lang='grc' dir='ltr'>βασιλέως</span> <span class='ocrx_word' id='word_1_433' title='bbox 1850 3546 1948 3599; x_wconf 79' lang='grc' dir='ltr'>πό-</span> 
     </span>
    </p>
   </div>
   <div class='ocr_carea' id='block_1_67' title="bbox 360 3635 1946 3708">
    <p class='ocr_par' dir='ltr' id='par_1_67' title="bbox 360 3635 1946 3708">
     <span class='ocr_line' id='line_1_67' title="bbox 360 3635 1946 3708; baseline 0.003 -22"><span class='ocrx_word' id='word_1_434' title='bbox 360 3635 464 3688; x_wconf 80' lang='grc' dir='ltr'>λιν.</span> <span class='ocrx_word' id='word_1_435' title='bbox 504 3636 600 3696; x_wconf 75' lang='lat' dir='ltr'><strong>‘A;</strong></span> <span class='ocrx_word' id='word_1_436' title='bbox 629 3638 720 3688; x_wconf 70' lang='grc' dir='ltr'><strong>καὶ</strong></span> <span class='ocrx_word' id='word_1_437' title='bbox 760 3638 818 3688; x_wconf 81' lang='grc' dir='ltr'><strong>ἐν</strong></span> <span class='ocrx_word' id='word_1_438' title='bbox 842 3642 1058 3700; x_wconf 80' lang='grc' dir='ltr'>κοντοῖς</span> <span class='ocrx_word' id='word_1_439' title='bbox 1106 3638 1484 3708; x_wconf 71' lang='grc' dir='ltr'>περιαρτήςας</span> <span class='ocrx_word' id='word_1_440' title='bbox 1531 3641 1559 3691; x_wconf 84' lang='grc' dir='ltr'>ὁ</span> <span class='ocrx_word' id='word_1_441' title='bbox 1605 3638 1856 3707; x_wconf 78' lang='grc' dir='ltr'>βασιλεὺς</span> <span class='ocrx_word' id='word_1_442' title='bbox 1888 3641 1946 3691; x_wconf 82' lang='grc' dir='ltr'>ὲν</span> 
     </span>
    </p>
   </div>
   <div class='ocr_carea' id='block_1_68' title="bbox 362 3728 1946 3799">
    <p class='ocr_par' dir='ltr' id='par_1_68' title="bbox 362 3728 1946 3799">
     <span class='ocr_line' id='line_1_68' title="bbox 362 3728 1946 3799; baseline 0.002 -21"><span class='ocrx_word' id='word_1_443' title='bbox 362 3729 482 3789; x_wconf 83' lang='grc' dir='ltr'>ταῖς</span> <span class='ocrx_word' id='word_1_444' title='bbox 515 3728 880 3797; x_wconf 77' lang='grc' dir='ltr'>καλουμέναις</span> <span class='ocrx_word' id='word_1_445' title='bbox 910 3729 1112 3792; x_wconf 86' lang='grc' dir='ltr'>Συκαῖς</span> <span class='ocrx_word' id='word_1_446' title='bbox 1140 3730 1438 3799; x_wconf 80' lang='grc' dir='ltr'>ἀντιπέραν</span> <span class='ocrx_word' id='word_1_447' title='bbox 1472 3731 1569 3797; x_wconf 84' lang='grc' dir='ltr'>τῆς</span> <span class='ocrx_word' id='word_1_448' title='bbox 1596 3730 1946 3782; x_wconf 83' lang='grc' dir='ltr'>Κωνσταντί-</span> 
     </span>
    </p>
   </div>
   <div class='ocr_carea' id='block_1_69' title="bbox 362 3819 1941 3890">
    <p class='ocr_par' dir='ltr' id='par_1_69' title="bbox 362 3819 1941 3890">
     <span class='ocr_line' id='line_1_69' title="bbox 362 3819 1941 3890; baseline 0.003 -22"><span class='ocrx_word' id='word_1_449' title='bbox 362 3834 455 3870; x_wconf 89' lang='grc' dir='ltr'><strong>νου</strong></span> <span class='ocrx_word' id='word_1_450' title='bbox 493 3821 748 3887; x_wconf 79' lang='grc' dir='ltr'>κειμένης</span> <span class='ocrx_word' id='word_1_451' title='bbox 764 3819 1086 3890; x_wconf 79' lang='grc' dir='ltr'>ὲπῃώρησεν</span> <span class='ocrx_word' id='word_1_452' title='bbox 1107 3839 1119 3852; x_wconf 77' lang='grc' dir='ltr'><strong>ο</strong></span> <span class='ocrx_word' id='word_1_453' title='bbox 1146 3820 1244 3889; x_wconf 69' lang='grc' dir='ltr'><strong>ἡδὺ</strong></span> <span class='ocrx_word' id='word_1_454' title='bbox 1270 3820 1447 3889; x_wconf 87' lang='grc' dir='ltr'>θέαμα</span> <span class='ocrx_word' id='word_1_455' title='bbox 1469 3822 1577 3882; x_wconf 87' lang='grc' dir='ltr'>τοῖς</span> <span class='ocrx_word' id='word_1_456' title='bbox 1608 3820 1941 3884; x_wconf 75' lang='grc' dir='ltr'>Βυζαντίοις,</span> 
     </span>
    </p>
   </div>
   <div class='ocr_carea' id='block_1_70' title="bbox 363 3900 1936 3981">
    <p class='ocr_par' dir='ltr' id='par_1_70' title="bbox 363 3900 1936 3981">
     <span class='ocr_line' id='line_1_70' title="bbox 363 3900 1936 3981; baseline 0.001 -18"><span class='ocrx_word' id='word_1_457' title='bbox 363 3908 479 3963; x_wconf 80' lang='grc' dir='ltr'>ἀνθ’</span> <span class='ocrx_word' id='word_1_458' title='bbox 510 3902 584 3963; x_wconf 83' lang='grc' dir='ltr'>ὧν</span> <span class='ocrx_word' id='word_1_459' title='bbox 618 3911 803 3973; x_wconf 80' lang='grc' dir='ltr'>κακῶς</span> <span class='ocrx_word' id='word_1_460' title='bbox 855 3913 992 3981; x_wconf 57' lang='grc' dir='ltr'>προς</span> <span class='ocrx_word' id='word_1_461' title='bbox 1046 3914 1293 3981; x_wconf 73' lang='grc' dir='ltr'>Ζήνωνος</span> <span class='ocrx_word' id='word_1_462' title='bbox 1360 3912 1454 3963; x_wconf 72' lang='grc' dir='ltr'><strong>καὶ</strong></span> <span class='ocrx_word' id='word_1_463' title='bbox 1516 3900 1635 3962; x_wconf 74' lang='grc' dir='ltr'><strong>τῶν</strong></span> <span class='ocrx_word' id='word_1_464' title='bbox 1674 3910 1936 3981; x_wconf 81' lang='grc' dir='ltr'>Ίσαύρων</span> 
     </span>
    </p>
   </div>
   <div class='ocr_carea' id='block_1_71' title="bbox 363 4001 1936 4072">
    <p class='ocr_par' dir='ltr' id='par_1_71' title="bbox 363 4001 1936 4072">
     <span class='ocr_line' id='line_1_71' title="bbox 363 4001 1936 4072; baseline 0.001 -20"><span class='ocrx_word' id='word_1_465' title='bbox 363 4001 752 4057; x_wconf 73' lang='grc' dir='ltr'>ἱπεπόνθεσαν.</span> <span class='ocrx_word' id='word_1_466' title='bbox 778 4004 887 4055; x_wconf 71' lang='grc' dir='ltr'>Καὶ</span> <span class='ocrx_word' id='word_1_467' title='bbox 915 4005 942 4054; x_wconf 86' lang='grc' dir='ltr'><strong>ό</strong></span> <span class='ocrx_word' id='word_1_468' title='bbox 967 4002 1154 4072; x_wconf 71' lang='grc' dir='ltr'>ἕτερος</span> <span class='ocrx_word' id='word_1_469' title='bbox 1187 4002 1242 4054; x_wconf 72' lang='grc' dir='ltr'><strong>δὲ</strong></span> <span class='ocrx_word' id='word_1_470' title='bbox 1267 4003 1547 4069; x_wconf 86' lang='grc' dir='ltr'>Λογγῖνος,</span> <span class='ocrx_word' id='word_1_471' title='bbox 1578 4002 1640 4053; x_wconf 86' lang='grc' dir='ltr'><strong>τὸ</strong></span> <span class='ocrx_word' id='word_1_472' title='bbox 1671 4002 1804 4055; x_wconf 79' lang='grc' dir='ltr'>πολὺ</span> <span class='ocrx_word' id='word_1_473' title='bbox 1840 4002 1936 4070; x_wconf 79' lang='grc' dir='ltr'>τῆς</span> 
     </span>
    </p>
   </div>
   <div class='ocr_carea' id='block_1_72' title="bbox 361 4092 1938 4163">
    <p class='ocr_par' dir='ltr' id='par_1_72' title="bbox 361 4092 1938 4163">
     <span class='ocr_line' id='line_1_72' title="bbox 361 4092 1938 4163; baseline 0 -18"><span class='ocrx_word' id='word_1_474' title='bbox 361 4093 675 4163; x_wconf 80' lang='grc' dir='ltr'>τυραννίδος</span> <span class='ocrx_word' id='word_1_475' title='bbox 715 4094 973 4163; x_wconf 82' lang='grc' dir='ltr'>συνέχων,</span> <span class='ocrx_word' id='word_1_476' title='bbox 1030 4096 1058 4146; x_wconf 85' lang='grc' dir='ltr'>ὁ</span> <span class='ocrx_word' id='word_1_477' title='bbox 1119 4093 1347 4162; x_wconf 77' lang='grc' dir='ltr'>ἐπίκλην</span> <span class='ocrx_word' id='word_1_478' title='bbox 1398 4092 1783 4156; x_wconf 85' lang='grc' dir='ltr'>Σελινούντιος,</span> <span class='ocrx_word' id='word_1_479' title='bbox 1842 4093 1938 4146; x_wconf 70' lang='grc' dir='ltr'><strong>καὶ</strong></span> 
     </span>
    </p>
   </div>
   <div class='ocr_carea' id='block_1_73' title="bbox 367 4183 1936 4256">
    <p class='ocr_par' dir='ltr' id='par_1_73' title="bbox 367 4183 1936 4256">
     <span class='ocr_line' id='line_1_73' title="bbox 367 4183 1936 4256; baseline 0 -20"><span class='ocrx_word' id='word_1_480' title='bbox 367 4183 545 4252; x_wconf 84' lang='grc' dir='ltr'>ἰνδης</span> <span class='ocrx_word' id='word_1_481' title='bbox 579 4186 674 4236; x_wconf 77' lang='grc' dir='ltr'><strong>σὺν</strong></span> <span class='ocrx_word' id='word_1_482' title='bbox 703 4184 871 4254; x_wconf 77' lang='grc' dir='ltr'>αὐτῷ,</span> <span class='ocrx_word' id='word_1_483' title='bbox 892 4186 1024 4255; x_wconf 70' lang='grc' dir='ltr'>πρὸς</span> <span class='ocrx_word' id='word_1_484' title='bbox 1069 4185 1313 4238; x_wconf 85' lang='grc' dir='ltr'>Ἰωάννου</span> <span class='ocrx_word' id='word_1_485' title='bbox 1340 4185 1433 4237; x_wconf 80' lang='grc' dir='ltr'>τοῦ</span> <span class='ocrx_word' id='word_1_486' title='bbox 1460 4184 1688 4253; x_wconf 77' lang='grc' dir='ltr'>ἐπίκλην</span> <span class='ocrx_word' id='word_1_487' title='bbox 1716 4184 1936 4256; x_wconf 80' lang='grc' dir='ltr'>Κυρτοῦ</span> 
     </span>
    </p>
   </div>
   <div class='ocr_carea' id='block_1_74' title="bbox 367 4275 1933 4348">
    <p class='ocr_par' dir='ltr' id='par_1_74' title="bbox 367 4275 1933 4348">
     <span class='ocr_line' id='line_1_74' title="bbox 367 4275 1933 4348; baseline 0.001 -22"><span class='ocrx_word' id='word_1_488' title='bbox 367 4275 675 4331; x_wconf 80' lang='grc' dir='ltr'>στέλλονται</span> <span class='ocrx_word' id='word_1_489' title='bbox 720 4276 797 4346; x_wconf 82' lang='grc' dir='ltr'><strong>τῷ</strong></span> <span class='ocrx_word' id='word_1_490' title='bbox 842 4277 1175 4347; x_wconf 79' lang='grc' dir='ltr'>’Δναστασίῳ</span> <span class='ocrx_word' id='word_1_491' title='bbox 1209 4276 1461 4348; x_wconf 74' lang='grc' dir='ltr'>ζωγρεαιο</span> <span class='ocrx_word' id='word_1_492' title='bbox 1498 4277 1526 4330; x_wconf 84' lang='grc' dir='ltr'><strong>ὃ</strong></span> <span class='ocrx_word' id='word_1_493' title='bbox 1576 4277 1811 4345; x_wconf 82' lang='grc' dir='ltr'>μάλιστα</span> <span class='ocrx_word' id='word_1_494' title='bbox 1841 4277 1933 4330; x_wconf 86' lang='grc' dir='ltr'><strong>τόν</strong></span> 
     </span>
    </p>
   </div>
   <div class='ocr_carea' id='block_1_75' title="bbox 2045 3182 3626 3252">
    <p class='ocr_par' dir='ltr' id='par_1_75' title="bbox 2045 3182 3626 3252">
     <span class='ocr_line' id='line_1_75' title="bbox 2045 3182 3626 3252; baseline -0.001 -14"><span class='ocrx_word' id='word_1_495' title='bbox 2045 3199 2171 3238; x_wconf 91' lang='lat' dir='ltr'><strong>cum</strong></span> <span class='ocrx_word' id='word_1_496' title='bbox 2226 3184 2468 3248; x_wconf 91' lang='lat' dir='ltr'><strong>Isauris,</strong></span> <span class='ocrx_word' id='word_1_497' title='bbox 2544 3192 2733 3252; x_wconf 89' lang='lat' dir='ltr'><strong>utpote</strong></span> <span class='ocrx_word' id='word_1_498' title='bbox 2796 3183 3014 3238; x_wconf 83' lang='lat' dir='ltr'><strong>Isaurus</strong></span> <span class='ocrx_word' id='word_1_499' title='bbox 3074 3184 3368 3249; x_wconf 86' lang='lat' dir='ltr'><strong>militabat,</strong></span> <span class='ocrx_word' id='word_1_500' title='bbox 3422 3182 3626 3237; x_wconf 88' lang='lat' dir='ltr'><strong>bellum</strong></span> 
     </span>
    </p>
   </div>
   <div class='ocr_carea' id='block_1_76' title="bbox 2047 3275 3627 3346">
    <p class='ocr_par' dir='ltr' id='par_1_76' title="bbox 2047 3275 3627 3346">
     <span class='ocr_line' id='line_1_76' title="bbox 2047 3275 3627 3346; baseline -0.001 -16"><span class='ocrx_word' id='word_1_501' title='bbox 2047 3277 2265 3331; x_wconf 90' lang='lat' dir='ltr'><strong>tandem</strong></span> <span class='ocrx_word' id='word_1_502' title='bbox 2310 3275 2624 3346; x_wconf 87' lang='lat' dir='ltr'><strong>hujusmodi</strong></span> <span class='ocrx_word' id='word_1_503' title='bbox 2688 3276 2838 3330; x_wconf 80' lang='lat' dir='ltr'><strong>exitu</strong></span> <span class='ocrx_word' id='word_1_504' title='bbox 2904 3276 3255 3330; x_wconf 90' lang='lat' dir='ltr'><strong>terminatum</strong></span> <span class='ocrx_word' id='word_1_505' title='bbox 3294 3287 3399 3333; x_wconf 83' lang='lat' dir='ltr'><strong>est.</strong></span> <span class='ocrx_word' id='word_1_506' title='bbox 3450 3276 3627 3331; x_wconf 89' lang='lat' dir='ltr'><strong>Isauri</strong></span> 
     </span>
    </p>
   </div>
   <div class='ocr_carea' id='block_1_77' title="bbox 2048 3367 3629 3438">
    <p class='ocr_par' dir='ltr' id='par_1_77' title="bbox 2048 3367 3629 3438">
     <span class='ocr_line' id='line_1_77' title="bbox 2048 3367 3629 3438; baseline 0 -17"><span class='ocrx_word' id='word_1_507' title='bbox 2048 3368 2268 3438; x_wconf 86' lang='lat' dir='ltr'><strong>quidem</strong></span> <span class='ocrx_word' id='word_1_508' title='bbox 2316 3368 2408 3438; x_wconf 87' lang='lat' dir='ltr'><strong>qui</strong></span> <span class='ocrx_word' id='word_1_509' title='bbox 2438 3383 2545 3421; x_wconf 91' lang='lat' dir='ltr'><strong>una</strong></span> <span class='ocrx_word' id='word_1_510' title='bbox 2595 3383 2719 3421; x_wconf 91' lang='lat' dir='ltr'><strong>cum</strong></span> <span class='ocrx_word' id='word_1_511' title='bbox 2760 3367 3010 3438; x_wconf 75' lang='lat' dir='ltr'><strong>Longino</strong></span> <span class='ocrx_word' id='word_1_512' title='bbox 3059 3368 3456 3431; x_wconf 86' lang='lat' dir='ltr'><strong>militaverant,</strong></span> <span class='ocrx_word' id='word_1_513' title='bbox 3514 3383 3629 3422; x_wconf 88' lang='lat' dir='ltr'><strong>om-</strong></span> 
     </span>
    </p>
   </div>
   <div class='ocr_carea' id='block_1_78' title="bbox 2046 3457 3628 3529">
    <p class='ocr_par' dir='ltr' id='par_1_78' title="bbox 2046 3457 3628 3529">
     <span class='ocr_line' id='line_1_78' title="bbox 2046 3457 3628 3529; baseline 0.001 -16"><span class='ocrx_word' id='word_1_514' title='bbox 2046 3475 2146 3514; x_wconf 89' lang='lat' dir='ltr'><strong>nes</strong></span> <span class='ocrx_word' id='word_1_515' title='bbox 2174 3458 2240 3513; x_wconf 91' lang='lat' dir='ltr'><strong>ad</strong></span> <span class='ocrx_word' id='word_1_516' title='bbox 2270 3458 2702 3512; x_wconf 88' lang='lat' dir='ltr'><strong>internecionem</strong></span> <span class='ocrx_word' id='word_1_517' title='bbox 2735 3458 2895 3523; x_wconf 62' lang='lat' dir='ltr'><strong>etesi;</strong></span> <span class='ocrx_word' id='word_1_518' title='bbox 2928 3457 3158 3529; x_wconf 80' lang='lat' dir='ltr'><strong>Longini</strong></span> <span class='ocrx_word' id='word_1_519' title='bbox 3190 3474 3324 3515; x_wconf 88' lang='lat' dir='ltr'><strong>vero</strong></span> <span class='ocrx_word' id='word_1_520' title='bbox 3356 3474 3421 3515; x_wconf 90' lang='lat' dir='ltr'><strong>ac</strong></span> <span class='ocrx_word' id='word_1_521' title='bbox 3447 3459 3628 3515; x_wconf 86' lang='lat' dir='ltr'><strong>Theo-</strong></span> 
     </span>
    </p>
   </div>
   <div class='ocr_carea' id='block_1_79' title="bbox 2049 3549 3626 3620">
    <p class='ocr_par' dir='ltr' id='par_1_79' title="bbox 2049 3549 3626 3620">
     <span class='ocr_line' id='line_1_79' title="bbox 2049 3549 3626 3620; baseline -0.002 -16"><span class='ocrx_word' id='word_1_522' title='bbox 2049 3551 2170 3604; x_wconf 92' lang='lat' dir='ltr'><strong>dori</strong></span> <span class='ocrx_word' id='word_1_523' title='bbox 2225 3552 2426 3619; x_wconf 86' lang='lat' dir='ltr'><strong>capita,</strong></span> <span class='ocrx_word' id='word_1_524' title='bbox 2458 3550 2526 3603; x_wconf 91' lang='lat' dir='ltr'><strong>ab</strong></span> <span class='ocrx_word' id='word_1_525' title='bbox 2565 3550 2773 3605; x_wconf 83' lang='lat' dir='ltr'><strong>Joanne</strong></span> <span class='ocrx_word' id='word_1_526' title='bbox 2832 3549 3034 3620; x_wconf 89' lang='lat' dir='ltr'><strong>Scytha</strong></span> <span class='ocrx_word' id='word_1_527' title='bbox 3098 3550 3626 3620; x_wconf 86' lang='lat' dir='ltr'><strong>Constantinopolim</strong></span> 
     </span>
    </p>
   </div>
   <div class='ocr_carea' id='block_1_80' title="bbox 2050 3638 3621 3709">
    <p class='ocr_par' dir='ltr' id='par_1_80' title="bbox 2050 3638 3621 3709">
     <span class='ocr_line' id='line_1_80' title="bbox 2050 3638 3621 3709; baseline -0.001 -15"><span class='ocrx_word' id='word_1_528' title='bbox 2050 3642 2212 3695; x_wconf 88' lang='lat' dir='ltr'><strong>missa</strong></span> <span class='ocrx_word' id='word_1_529' title='bbox 2245 3648 2391 3695; x_wconf 89' lang='lat' dir='ltr'><strong>sunt.</strong></span> <span class='ocrx_word' id='word_1_530' title='bbox 2418 3640 2548 3705; x_wconf 63' lang='lat' dir='ltr'><strong>Quae</strong></span> <span class='ocrx_word' id='word_1_531' title='bbox 2595 3640 2896 3709; x_wconf 86' lang='lat' dir='ltr'><strong>imperator</strong></span> <span class='ocrx_word' id='word_1_532' title='bbox 2928 3641 3110 3694; x_wconf 86' lang='lat' dir='ltr'><strong>contis</strong></span> <span class='ocrx_word' id='word_1_533' title='bbox 3148 3638 3341 3694; x_wconf 78' lang='lat' dir='ltr'><strong>sufﬁxa</strong></span> <span class='ocrx_word' id='word_1_534' title='bbox 3387 3640 3621 3695; x_wconf 88' lang='lat' dir='ltr'><strong>circum-</strong></span> 
     </span>
    </p>
   </div>
   <div class='ocr_carea' id='block_1_81' title="bbox 2047 3728 3628 3800">
    <p class='ocr_par' dir='ltr' id='par_1_81' title="bbox 2047 3728 3628 3800">
     <span class='ocr_line' id='line_1_81' title="bbox 2047 3728 3628 3800; baseline -0.001 -17"><span class='ocrx_word' id='word_1_535' title='bbox 2047 3729 2201 3794; x_wconf 80' lang='lat' dir='ltr'><strong>ferri,</strong></span> <span class='ocrx_word' id='word_1_536' title='bbox 2229 3739 2284 3784; x_wconf 92' lang='lat' dir='ltr'><strong>et</strong></span> <span class='ocrx_word' id='word_1_537' title='bbox 2308 3730 2366 3787; x_wconf 89' lang='lat' dir='ltr'><strong>in</strong></span> <span class='ocrx_word' id='word_1_538' title='bbox 2427 3729 2745 3785; x_wconf 89' lang='lat' dir='ltr'><strong>suburbano</strong></span> <span class='ocrx_word' id='word_1_539' title='bbox 2804 3728 3049 3800; x_wconf 81' lang='lat' dir='ltr'><strong>Syccnsi,</strong></span> <span class='ocrx_word' id='word_1_540' title='bbox 3096 3728 3243 3797; x_wconf 89' lang='lat' dir='ltr'><strong>quod</strong></span> <span class='ocrx_word' id='word_1_541' title='bbox 3303 3745 3372 3783; x_wconf 75' lang='lat' dir='ltr'><strong>ex</strong></span> <span class='ocrx_word' id='word_1_542' title='bbox 3399 3728 3628 3784; x_wconf 84' lang='lat' dir='ltr'><strong>adverso</strong></span> 
     </span>
    </p>
   </div>
   <div class='ocr_carea' id='block_1_82' title="bbox 2047 3820 3627 3893">
    <p class='ocr_par' dir='ltr' id='par_1_82' title="bbox 2047 3820 3627 3893">
     <span class='ocr_line' id='line_1_82' title="bbox 2047 3820 3627 3893; baseline 0 -18"><span class='ocrx_word' id='word_1_543' title='bbox 2047 3822 2293 3893; x_wconf 82' lang='lat' dir='ltr'><strong>Byzantii</strong></span> <span class='ocrx_word' id='word_1_544' title='bbox 2326 3821 2494 3875; x_wconf 87' lang='lat' dir='ltr'><strong>situm</strong></span> <span class='ocrx_word' id='word_1_545' title='bbox 2519 3830 2625 3885; x_wconf 86' lang='lat' dir='ltr'><strong>est,</strong></span> <span class='ocrx_word' id='word_1_546' title='bbox 2648 3820 2911 3888; x_wconf 90' lang='lat' dir='ltr'><strong>suspendi</strong></span> <span class='ocrx_word' id='word_1_547' title='bbox 2934 3820 3102 3890; x_wconf 86' lang='lat' dir='ltr'><strong>jussit</strong></span> <span class='ocrx_word' id='word_1_548' title='bbox 3134 3836 3148 3873; x_wconf 89' lang='lat'><strong>:</strong></span> <span class='ocrx_word' id='word_1_549' title='bbox 3173 3820 3320 3889; x_wconf 87' lang='lat' dir='ltr'><strong>quod</strong></span> <span class='ocrx_word' id='word_1_550' title='bbox 3344 3829 3627 3889; x_wconf 84' lang='lat' dir='ltr'><strong>spectacu-</strong></span> 
     </span>
    </p>
   </div>
   <div class='ocr_carea' id='block_1_83' title="bbox 2047 3910 3627 3981">
    <p class='ocr_par' dir='ltr' id='par_1_83' title="bbox 2047 3910 3627 3981">
     <span class='ocr_line' id='line_1_83' title="bbox 2047 3910 3627 3981; baseline 0.001 -16"><span class='ocrx_word' id='word_1_551' title='bbox 2047 3912 2159 3965; x_wconf 91' lang='lat' dir='ltr'><strong>lum</strong></span> <span class='ocrx_word' id='word_1_552' title='bbox 2245 3910 2871 3980; x_wconf 84' lang='lat' dir='ltr'><strong>Constantinopolitanis</strong></span> <span class='ocrx_word' id='word_1_553' title='bbox 2942 3911 3317 3981; x_wconf 89' lang='lat' dir='ltr'><strong>gratissimum</strong></span> <span class='ocrx_word' id='word_1_554' title='bbox 3378 3912 3503 3977; x_wconf 78' lang='lat' dir='ltr'><strong>fuit,</strong></span> <span class='ocrx_word' id='word_1_555' title='bbox 3557 3913 3627 3967; x_wconf 90' lang='lat' dir='ltr'><strong>ob</strong></span> 
     </span>
    </p>
   </div>
   <div class='ocr_carea' id='block_1_84' title="bbox 2049 4001 3623 4072">
    <p class='ocr_par' dir='ltr' id='par_1_84' title="bbox 2049 4001 3623 4072">
     <span class='ocr_line' id='line_1_84' title="bbox 2049 4001 3623 4072; baseline 0.001 -15"><span class='ocrx_word' id='word_1_556' title='bbox 2049 4002 2187 4057; x_wconf 91' lang='lat' dir='ltr'><strong>mala</strong></span> <span class='ocrx_word' id='word_1_557' title='bbox 2210 4017 2331 4071; x_wconf 74' lang='lat' dir='ltr'><strong>quae</strong></span> <span class='ocrx_word' id='word_1_558' title='bbox 2351 4017 2381 4055; x_wconf 91' lang='lat' dir='ltr'><strong>a</strong></span> <span class='ocrx_word' id='word_1_559' title='bbox 2409 4001 2629 4057; x_wconf 86' lang='lat' dir='ltr'><strong>Zenone</strong></span> <span class='ocrx_word' id='word_1_560' title='bbox 2657 4002 2799 4056; x_wconf 90' lang='lat' dir='ltr'><strong>etab</strong></span> <span class='ocrx_word' id='word_1_561' title='bbox 2826 4002 3031 4055; x_wconf 88' lang='lat' dir='ltr'><strong>lsauris</strong></span> <span class='ocrx_word' id='word_1_562' title='bbox 3084 4003 3329 4072; x_wconf 90' lang='lat' dir='ltr'><strong>perpessi</strong></span> <span class='ocrx_word' id='word_1_563' title='bbox 3386 4003 3623 4058; x_wconf 68' lang='lat' dir='ltr'><strong>fuerant.</strong></span> 
     </span>
    </p>
   </div>
   <div class='ocr_carea' id='block_1_85' title="bbox 2047 4090 3624 4161">
    <p class='ocr_par' dir='ltr' id='par_1_85' title="bbox 2047 4090 3624 4161">
     <span class='ocr_line' id='line_1_85' title="bbox 2047 4090 3624 4161; baseline 0.001 -16"><span class='ocrx_word' id='word_1_564' title='bbox 2047 4090 2201 4145; x_wconf 80' lang='lat' dir='ltr'><strong>Alter</strong></span> <span class='ocrx_word' id='word_1_565' title='bbox 2254 4105 2387 4145; x_wconf 85' lang='lat' dir='ltr'><strong>vero</strong></span> <span class='ocrx_word' id='word_1_566' title='bbox 2440 4090 2737 4160; x_wconf 82' lang='lat' dir='ltr'><strong>Longinus,</strong></span> <span class='ocrx_word' id='word_1_567' title='bbox 2818 4100 3180 4161; x_wconf 90' lang='lat' dir='ltr'><strong>cognomento</strong></span> <span class='ocrx_word' id='word_1_568' title='bbox 3258 4092 3624 4153; x_wconf 86' lang='lat' dir='ltr'><strong>Selinuntius.</strong></span> 
     </span>
    </p>
   </div>
   <div class='ocr_carea' id='block_1_86' title="bbox 2049 4180 3627 4253">
    <p class='ocr_par' dir='ltr' id='par_1_86' title="bbox 2049 4180 3627 4253">
     <span class='ocr_line' id='line_1_86' title="bbox 2049 4180 3627 4253; baseline 0.002 -19"><span class='ocrx_word' id='word_1_569' title='bbox 2049 4182 2385 4253; x_wconf 66' lang='lat' dir='ltr'><strong>praecipuum</strong></span> <span class='ocrx_word' id='word_1_570' title='bbox 2413 4182 2582 4235; x_wconf 90' lang='lat' dir='ltr'><strong>robur</strong></span> <span class='ocrx_word' id='word_1_571' title='bbox 2612 4180 2906 4253; x_wconf 68' lang='lat' dir='ltr'><strong>tyrannicae</strong></span> <span class='ocrx_word' id='word_1_572' title='bbox 2942 4181 3216 4247; x_wconf 81' lang='lat' dir='ltr'><strong>factionis,</strong></span> <span class='ocrx_word' id='word_1_573' title='bbox 3253 4192 3308 4237; x_wconf 90' lang='lat' dir='ltr'><strong>et</strong></span> <span class='ocrx_word' id='word_1_574' title='bbox 3356 4198 3482 4237; x_wconf 89' lang='lat' dir='ltr'><strong>cum</strong></span> <span class='ocrx_word' id='word_1_575' title='bbox 3533 4182 3627 4237; x_wconf 88' lang='lat' dir='ltr'><strong>illo</strong></span> 
     </span>
    </p>
   </div>
   <div class='ocr_carea' id='block_1_87' title="bbox 2050 4273 3641 4345">
    <p class='ocr_par' dir='ltr' id='par_1_87' title="bbox 2050 4273 3641 4345">
     <span class='ocr_line' id='line_1_87' title="bbox 2050 4273 3641 4345; baseline 0.001 -15"><span class='ocrx_word' id='word_1_576' title='bbox 2050 4275 2211 4330; x_wconf 90' lang='lat' dir='ltr'><strong>Indes</strong></span> <span class='ocrx_word' id='word_1_577' title='bbox 2258 4275 2325 4329; x_wconf 85' lang='lat' dir='ltr'><strong>ab</strong></span> <span class='ocrx_word' id='word_1_578' title='bbox 2371 4273 2602 4340; x_wconf 82' lang='lat' dir='ltr'><strong>Joanne,</strong></span> <span class='ocrx_word' id='word_1_579' title='bbox 2654 4284 3017 4345; x_wconf 91' lang='lat' dir='ltr'><strong>cognomento</strong></span> <span class='ocrx_word' id='word_1_580' title='bbox 3051 4275 3260 4341; x_wconf 90' lang='lat' dir='ltr'><strong>Gibbo,</strong></span> <span class='ocrx_word' id='word_1_581' title='bbox 3291 4337 3295 4340; x_wconf 39' lang='grc'><strong>,</strong></span> <span class='ocrx_word' id='word_1_582' title='bbox 3324 4276 3433 4333; x_wconf 83' lang='lat' dir='ltr'><strong>vivi</strong></span> <span class='ocrx_word' id='word_1_583' title='bbox 3482 4274 3641 4345; x_wconf 87' lang='lat' dir='ltr'><strong>capti.</strong></span> 
     </span>
    </p>
   </div>
   <div class='ocr_carea' id='block_1_88' title="bbox 1640 4414 2329 4471">
    <p class='ocr_par' dir='ltr' id='par_1_88' title="bbox 1640 4414 2329 4471">
     <span class='ocr_line' id='line_1_88' title="bbox 1640 4414 2329 4471; baseline -0.006 -1"><span class='ocrx_word' id='word_1_584' title='bbox 1640 4415 1873 4471; x_wconf 79' lang='lat' dir='ltr'><strong>VARle</strong></span> <span class='ocrx_word' id='word_1_585' title='bbox 1914 4414 2329 4471; x_wconf 77' lang='lat' dir='ltr'><strong>LECTIONES..</strong></span> 
     </span>
    </p>
   </div>
   <div class='ocr_carea' id='block_1_89' title="bbox 436 4508 914 4563">
    <p class='ocr_par' dir='ltr' id='par_1_89' title="bbox 436 4508 914 4563">
     <span class='ocr_line' id='line_1_89' title="bbox 436 4508 914 4563; baseline -0.006 0"><span class='ocrx_word' id='word_1_586' title='bbox 436 4511 501 4545; x_wconf 82' lang='lat'><strong>&quot;&#39;</strong></span> <span class='ocrx_word' id='word_1_587' title='bbox 529 4510 624 4563; x_wconf 71' lang='grc' dir='ltr'>καὶ</span> <span class='ocrx_word' id='word_1_588' title='bbox 639 4508 914 4563; x_wconf 80' lang='grc' dir='ltr'>Ἰωάννου.</span> 
     </span>
    </p>
   </div>
   <div class='ocr_carea' id='block_1_90' title="bbox 1556 4598 2419 4656">
    <p class='ocr_par' dir='ltr' id='par_1_90' title="bbox 1556 4598 2419 4656">
     <span class='ocr_line' id='line_1_90' title="bbox 1556 4598 2419 4656; baseline -0.001 -2"><span class='ocrx_word' id='word_1_589' title='bbox 1556 4599 1824 4655; x_wconf 78' lang='lat' dir='ltr'><strong>VALESII</strong></span> <span class='ocrx_word' id='word_1_590' title='bbox 1862 4598 2310 4656; x_wconf 82' lang='lat' dir='ltr'><strong>ANNOTATION</strong></span> <span class='ocrx_word' id='word_1_591' title='bbox 2319 4598 2419 4654; x_wconf 85' lang='lat' dir='ltr'><strong>ES.</strong></span> 
     </span>
    </p>
   </div>
   <div class='ocr_carea' id='block_1_91' title="bbox 361 4699 1940 4787">
    <p class='ocr_par' dir='ltr' id='par_1_91' title="bbox 361 4714 1938 4787">
     <span class='ocr_line' id='line_1_91' title="bbox 361 4714 1938 4787; baseline 0.003 -20"><span class='ocrx_word' id='word_1_592' title='bbox 361 4717 460 4783; x_wconf 74' lang='grc' dir='ltr'><strong>τῆς</strong></span> <span class='ocrx_word' id='word_1_593' title='bbox 492 4717 550 4767; x_wconf 80' lang='grc' dir='ltr'>ὲν</span> <span class='ocrx_word' id='word_1_594' title='bbox 603 4714 820 4785; x_wconf 73' lang='grc' dir='ltr'>Φοινεκῃ</span> <span class='ocrx_word' id='word_1_595' title='bbox 856 4715 1210 4787; x_wconf 72' lang='grc' dir='ltr'>Λιϐανησῐας.</span> <span class='ocrx_word' id='word_1_596' title='bbox 1243 4717 1453 4784; x_wconf 82' lang='lat' dir='ltr'><strong>Duplex</strong></span> <span class='ocrx_word' id='word_1_597' title='bbox 1493 4727 1614 4772; x_wconf 88' lang='lat' dir='ltr'><strong>erat</strong></span> <span class='ocrx_word' id='word_1_598' title='bbox 1658 4718 1938 4785; x_wconf 71' lang='lat' dir='ltr'><strong>thniee,</strong></span> 
     </span>
    </p>
   </div>
   <div class='ocr_carea' id='block_1_92' title="bbox 2045 4699 3627 4787">
    <p class='ocr_par' dir='ltr' id='par_1_92' title="bbox 2046 4699 3627 4787">
     <span class='ocr_line' id='line_1_92' title="bbox 2046 4699 3627 4787; baseline -0.003 -14"><span class='ocrx_word' id='word_1_599' title='bbox 2046 4735 2131 4776; x_wconf 82' lang='grc' dir='ltr'>να.</span> <span class='ocrx_word' id='word_1_600' title='bbox 2156 4728 2263 4773; x_wconf 91' lang='lat' dir='ltr'><strong>etc.</strong></span> <span class='ocrx_word' id='word_1_601' title='bbox 2298 4699 2447 4774; x_wconf 64' lang='lat' dir='ltr'><strong>Idem</strong></span> <span class='ocrx_word' id='word_1_602' title='bbox 2484 4716 2704 4771; x_wconf 90' lang='lat' dir='ltr'><strong>initium</strong></span> <span class='ocrx_word' id='word_1_603' title='bbox 2750 4717 2947 4787; x_wconf 85' lang='lat' dir='ltr'><strong>capitis</strong></span> <span class='ocrx_word' id='word_1_604' title='bbox 2991 4717 3470 4787; x_wconf 33' lang='lat' dir='ltr'><strong>itadcorrigitmbx</strong></span> <span class='ocrx_word' id='word_1_605' title='bbox 3508 4719 3627 4787; x_wconf 72' lang='grc' dir='ltr'>ἀπὸ</span> 
     </span>
    </p>
   </div>
   <div class='ocr_carea' id='block_1_93' title="bbox 362 4785 1936 4854">
    <p class='ocr_par' dir='ltr' id='par_1_93' title="bbox 362 4785 1936 4854">
     <span class='ocr_line' id='line_1_93' title="bbox 362 4785 1936 4854; baseline 0.002 -15"><span class='ocrx_word' id='word_1_606' title='bbox 362 4796 423 4839; x_wconf 83' lang='grc' dir='ltr'><strong>ιιι</strong></span> <span class='ocrx_word' id='word_1_607' title='bbox 449 4787 558 4853; x_wconf 88' lang='lat' dir='ltr'><strong>jam</strong></span> <span class='ocrx_word' id='word_1_608' title='bbox 590 4800 754 4854; x_wconf 89' lang='lat' dir='ltr'><strong>supra</strong></span> <span class='ocrx_word' id='word_1_609' title='bbox 786 4785 965 4838; x_wconf 88' lang='lat' dir='ltr'><strong>notavi</strong></span> <span class='ocrx_word' id='word_1_610' title='bbox 1005 4802 1017 4837; x_wconf 92' lang='lat'>:</span> <span class='ocrx_word' id='word_1_611' title='bbox 1055 4786 1223 4839; x_wconf 91' lang='lat' dir='ltr'><strong>altera</strong></span> <span class='ocrx_word' id='word_1_612' title='bbox 1252 4788 1545 4851; x_wconf 88' lang='lat' dir='ltr'><strong>maritima,</strong></span> <span class='ocrx_word' id='word_1_613' title='bbox 1570 4789 1740 4841; x_wconf 88' lang='lat' dir='ltr'><strong>altera</strong></span> <span class='ocrx_word' id='word_1_614' title='bbox 1778 4788 1936 4842; x_wconf 88' lang='lat' dir='ltr'><strong>Liba-</strong></span> 
     </span>
    </p>
   </div>
   <div class='ocr_carea' id='block_1_94' title="bbox 358 4855 1936 4924">
    <p class='ocr_par' dir='ltr' id='par_1_94' title="bbox 358 4855 1936 4924">
     <span class='ocr_line' id='line_1_94' title="bbox 358 4855 1936 4924; baseline 0.003 -15"><span class='ocrx_word' id='word_1_615' title='bbox 358 4857 550 4909; x_wconf 88' lang='lat' dir='ltr'><strong>nensis</strong></span> <span class='ocrx_word' id='word_1_616' title='bbox 578 4857 742 4909; x_wconf 83' lang='lat' dir='ltr'><strong>dicta.</strong></span> <span class='ocrx_word' id='word_1_617' title='bbox 775 4856 1013 4908; x_wconf 64' lang='lat' dir='ltr'><strong>Praeerat</strong></span> <span class='ocrx_word' id='word_1_618' title='bbox 1060 4855 1189 4908; x_wconf 89' lang='lat' dir='ltr'><strong>huic</strong></span> <span class='ocrx_word' id='word_1_619' title='bbox 1242 4858 1536 4924; x_wconf 72' lang='lat' dir='ltr'><strong>provincia:</strong></span> <span class='ocrx_word' id='word_1_620' title='bbox 1572 4858 1683 4911; x_wconf 82' lang='lat' dir='ltr'><strong>dux</strong></span> <span class='ocrx_word' id='word_1_621' title='bbox 1715 4859 1936 4914; x_wconf 76' lang='lat' dir='ltr'><strong>Phoeni-</strong></span> 
     </span>
    </p>
   </div>
   <div class='ocr_carea' id='block_1_95' title="bbox 356 4924 1563 4995">
    <p class='ocr_par' dir='ltr' id='par_1_95' title="bbox 356 4924 1563 4995">
     <span class='ocr_line' id='line_1_95' title="bbox 356 4924 1563 4995; baseline 0 -15"><span class='ocrx_word' id='word_1_622' title='bbox 356 4939 473 4987; x_wconf 89' lang='lat' dir='ltr'><strong>ces,</strong></span> <span class='ocrx_word' id='word_1_623' title='bbox 504 4926 571 4979; x_wconf 91' lang='lat' dir='ltr'><strong>de</strong></span> <span class='ocrx_word' id='word_1_624' title='bbox 603 4941 713 4995; x_wconf 91' lang='lat' dir='ltr'><strong>quo</strong></span> <span class='ocrx_word' id='word_1_625' title='bbox 734 4924 867 4995; x_wconf 10' lang='lat' dir='ltr'><strong>rvide</strong></span> <span class='ocrx_word' id='word_1_626' title='bbox 897 4924 1153 4979; x_wconf 82' lang='lat' dir='ltr'><strong>Notitiam</strong></span> <span class='ocrx_word' id='word_1_627' title='bbox 1180 4926 1386 4995; x_wconf 86' lang='lat' dir='ltr'><strong>imperii</strong></span> <span class='ocrx_word' id='word_1_628' title='bbox 1415 4925 1563 4980; x_wconf 81' lang='lat' dir='ltr'><strong>Rom.</strong></span> 
     </span>
    </p>
   </div>
   <div class='ocr_carea' id='block_1_96' title="bbox 432 4994 1935 5064">
    <p class='ocr_par' dir='ltr' id='par_1_96' title="bbox 432 4994 1935 5064">
     <span class='ocr_line' id='line_1_96' title="bbox 432 4994 1935 5064; baseline 0.001 -15"><span class='ocrx_word' id='word_1_629' title='bbox 432 4996 546 5063; x_wconf 82' lang='lat'><strong>(76)</strong></span> <span class='ocrx_word' id='word_1_630' title='bbox 588 4994 790 5057; x_wconf 79' lang='grc' dir='ltr'><strong>Μηδὲν</strong></span> <span class='ocrx_word' id='word_1_631' title='bbox 833 4996 1171 5059; x_wconf 66' lang='grc' dir='ltr'>,ϐούλεσθαι</span> <span class='ocrx_word' id='word_1_632' title='bbox 1222 4994 1560 5064; x_wconf 69' lang='grc' dir='ltr'>παρελθεῖν.</span> <span class='ocrx_word' id='word_1_633' title='bbox 1602 4997 1829 5061; x_wconf 75' lang='lat' dir='ltr'><strong>Melius,</strong></span> <span class='ocrx_word' id='word_1_634' title='bbox 1880 4999 1935 5051; x_wconf 91' lang='lat' dir='ltr'><strong>ni</strong></span> 
     </span>
    </p>
   </div>
   <div class='ocr_carea' id='block_1_97' title="bbox 359 5064 1763 5133">
    <p class='ocr_par' dir='ltr' id='par_1_97' title="bbox 359 5064 1763 5133">
     <span class='ocr_line' id='line_1_97' title="bbox 359 5064 1763 5133; baseline -0.003 -14"><span class='ocrx_word' id='word_1_635' title='bbox 359 5064 544 5127; x_wconf 77' lang='lat' dir='ltr'><strong>fallor,</strong></span> <span class='ocrx_word' id='word_1_636' title='bbox 576 5064 916 5118; x_wconf 88' lang='lat' dir='ltr'><strong>scriberetur</strong></span> <span class='ocrx_word' id='word_1_637' title='bbox 945 5064 1246 5133; x_wconf 84' lang='grc' dir='ltr'>προελθεῖν.</span> <span class='ocrx_word' id='word_1_638' title='bbox 1757 5110 1763 5115; x_wconf 87' lang='grc'>.</span> 
     </span>
    </p>
   </div>
   <div class='ocr_carea' id='block_1_98' title="bbox 433 5133 1936 5201">
    <p class='ocr_par' dir='ltr' id='par_1_98' title="bbox 433 5133 1936 5201">
     <span class='ocr_line' id='line_1_98' title="bbox 433 5133 1936 5201; baseline 0.002 -13"><span class='ocrx_word' id='word_1_639' title='bbox 433 5136 543 5201; x_wconf 89' lang='grc'>(77)</span> <span class='ocrx_word' id='word_1_640' title='bbox 584 5136 828 5201; x_wconf 75' lang='grc' dir='ltr'>Χρόνοις</span> <span class='ocrx_word' id='word_1_641' title='bbox 866 5133 1228 5201; x_wconf 73' lang='grc' dir='ltr'>γενομένοις.</span> <span class='ocrx_word' id='word_1_642' title='bbox 1269 5135 1811 5191; x_wconf 82' lang='lat' dir='ltr'><strong>AssentiorHenrico</strong></span> <span class='ocrx_word' id='word_1_643' title='bbox 1836 5136 1936 5191; x_wconf 89' lang='lat' dir='ltr'><strong>Sa-</strong></span> 
     </span>
    </p>
   </div>
   <div class='ocr_carea' id='block_1_99' title="bbox 360 5204 1937 5277">
    <p class='ocr_par' dir='ltr' id='par_1_99' title="bbox 360 5204 1937 5277">
     <span class='ocr_line' id='line_1_99' title="bbox 360 5204 1937 5277; baseline 0.002 -21"><span class='ocrx_word' id='word_1_644' title='bbox 360 5204 512 5270; x_wconf 80' lang='lat' dir='ltr'><strong>vilio,</strong></span> <span class='ocrx_word' id='word_1_645' title='bbox 542 5205 637 5274; x_wconf 91' lang='lat' dir='ltr'><strong>qui</strong></span> <span class='ocrx_word' id='word_1_646' title='bbox 677 5204 743 5258; x_wconf 90' lang='lat' dir='ltr'><strong>ad</strong></span> <span class='ocrx_word' id='word_1_647' title='bbox 770 5220 923 5259; x_wconf 91' lang='lat' dir='ltr'><strong>oram</strong></span> <span class='ocrx_word' id='word_1_648' title='bbox 970 5205 1057 5259; x_wconf 89' lang='lat' dir='ltr'><strong>sui</strong></span> <span class='ocrx_word' id='word_1_649' title='bbox 1098 5206 1307 5260; x_wconf 81' lang='lat' dir='ltr'><strong>codicis</strong></span> <span class='ocrx_word' id='word_1_650' title='bbox 1352 5207 1664 5261; x_wconf 89' lang='lat' dir='ltr'><strong>emendavit</strong></span> <span class='ocrx_word' id='word_1_651' title='bbox 1709 5208 1937 5277; x_wconf 82' lang='grc' dir='ltr'>γενόμε-</span> 
     </span>
    </p>
   </div>
   <div class='ocr_carea' id='block_1_100' title="bbox 2042 4785 3635 4857">
    <p class='ocr_par' dir='ltr' id='par_1_100' title="bbox 2042 4785 3635 4857">
     <span class='ocr_line' id='line_1_100' title="bbox 2042 4785 3635 4857; baseline -0.005 -16"><span class='ocrx_word' id='word_1_652' title='bbox 2042 4790 2245 4857; x_wconf 81' lang='grc' dir='ltr'>τρὸπου</span> <span class='ocrx_word' id='word_1_653' title='bbox 2290 4788 2368 4849; x_wconf 77' lang='grc' dir='ltr'><strong>δὲ,</strong></span> <span class='ocrx_word' id='word_1_654' title='bbox 2398 4796 2530 4850; x_wconf 90' lang='lat' dir='ltr'><strong>etc.,</strong></span> <span class='ocrx_word' id='word_1_655' title='bbox 2564 4794 2747 4857; x_wconf 77' lang='lat' dir='ltr'><strong>posset</strong></span> <span class='ocrx_word' id='word_1_656' title='bbox 2773 4786 2939 4857; x_wconf 81' lang='lat' dir='ltr'><strong>etiam</strong></span> <span class='ocrx_word' id='word_1_657' title='bbox 2970 4785 3136 4841; x_wconf 88' lang='lat' dir='ltr'><strong>scribi</strong></span> <span class='ocrx_word' id='word_1_658' title='bbox 3170 4785 3279 4857; x_wconf 61' lang='grc' dir='ltr'><strong>οὐκ</strong></span> <span class='ocrx_word' id='word_1_659' title='bbox 3306 4788 3414 4839; x_wconf 78' lang='grc' dir='ltr'><strong>ἀπὸ</strong></span> <span class='ocrx_word' id='word_1_660' title='bbox 3457 4786 3635 4857; x_wconf 79' lang='grc' dir='ltr'>τόπου</span> 
     </span>
    </p>
   </div>
   <div class='ocr_carea' id='block_1_101' title="bbox 2041 4855 3627 4917">
    <p class='ocr_par' dir='ltr' id='par_1_101' title="bbox 2041 4855 3627 4917">
     <span class='ocr_line' id='line_1_101' title="bbox 2041 4855 3627 4917; baseline -0.002 -5"><span class='ocrx_word' id='word_1_661' title='bbox 2041 4855 2119 4917; x_wconf 79' lang='grc' dir='ltr'><strong>δέ.</strong></span> <span class='ocrx_word' id='word_1_662' title='bbox 2150 4875 2211 4914; x_wconf 88' lang='lat' dir='ltr'><strong>ac</strong></span> <span class='ocrx_word' id='word_1_663' title='bbox 2237 4859 2475 4913; x_wconf 83' lang='lat' dir='ltr'><strong>fortasse</strong></span> <span class='ocrx_word' id='word_1_664' title='bbox 2493 4856 2854 4912; x_wconf 90' lang='lat' dir='ltr'><strong>commodius.</strong></span> <span class='ocrx_word' id='word_1_665' title='bbox 2888 4856 3036 4910; x_wconf 92' lang='lat' dir='ltr'><strong>ldem</strong></span> <span class='ocrx_word' id='word_1_666' title='bbox 3070 4863 3155 4910; x_wconf 87' lang='lat' dir='ltr'><strong>est</strong></span> <span class='ocrx_word' id='word_1_667' title='bbox 3178 4856 3323 4909; x_wconf 91' lang='lat' dir='ltr'><strong>enim</strong></span> <span class='ocrx_word' id='word_1_668' title='bbox 3355 4871 3418 4910; x_wconf 88' lang='lat' dir='ltr'><strong>ac</strong></span> <span class='ocrx_word' id='word_1_669' title='bbox 3455 4856 3500 4911; x_wconf 88' lang='lat' dir='ltr'><strong>si</strong></span> <span class='ocrx_word' id='word_1_670' title='bbox 3543 4855 3627 4909; x_wconf 86' lang='lat' dir='ltr'><strong>di-</strong></span> 
     </span>
    </p>
   </div>
   <div class='ocr_carea' id='block_1_102' title="bbox 2041 4924 3627 4993">
    <p class='ocr_par' dir='ltr' id='par_1_102' title="bbox 2041 4924 3627 4993">
     <span class='ocr_line' id='line_1_102' title="bbox 2041 4924 3627 4993; baseline -0.003 -10"><span class='ocrx_word' id='word_1_671' title='bbox 2041 4944 2195 4984; x_wconf 89' lang='lat' dir='ltr'><strong>ceres</strong></span> <span class='ocrx_word' id='word_1_672' title='bbox 2214 4930 2313 4981; x_wconf 73' lang='grc' dir='ltr'>οὐκ</span> <span class='ocrx_word' id='word_1_673' title='bbox 2342 4929 2560 4981; x_wconf 75' lang='grc' dir='ltr'>ἄτοπον.</span> <span class='ocrx_word' id='word_1_674' title='bbox 2589 4927 2695 4981; x_wconf 88' lang='lat' dir='ltr'><strong>Pro</strong></span> <span class='ocrx_word' id='word_1_675' title='bbox 2716 4927 3048 4993; x_wconf 81' lang='grc' dir='ltr'>γενομένοις,</span> <span class='ocrx_word' id='word_1_676' title='bbox 3082 4924 3255 4979; x_wconf 76' lang='lat' dir='ltr'><strong>codex</strong></span> <span class='ocrx_word' id='word_1_677' title='bbox 3279 4925 3627 4980; x_wconf 84' lang='lat' dir='ltr'><strong>Tellerianus</strong></span> 
     </span>
    </p>
   </div>
   <div class='ocr_carea' id='block_1_103' title="bbox 2042 4996 2943 5067">
    <p class='ocr_par' dir='ltr' id='par_1_103' title="bbox 2042 4996 2943 5067">
     <span class='ocr_line' id='line_1_103' title="bbox 2042 4996 2943 5067; baseline -0.004 -15"><span class='ocrx_word' id='word_1_678' title='bbox 2042 5000 2307 5067; x_wconf 89' lang='lat' dir='ltr'><strong>scriptum</strong></span> <span class='ocrx_word' id='word_1_679' title='bbox 2340 4998 2506 5050; x_wconf 87' lang='lat' dir='ltr'><strong>habet</strong></span> <span class='ocrx_word' id='word_1_680' title='bbox 2536 4996 2943 5067; x_wconf 76' lang='grc' dir='ltr'>γεγενημένοις.</span> 
     </span>
    </p>
   </div>
   <div class='ocr_carea' id='block_1_104' title="bbox 2117 5064 3625 5133">
    <p class='ocr_par' dir='ltr' id='par_1_104' title="bbox 2117 5064 3625 5133">
     <span class='ocr_line' id='line_1_104' title="bbox 2117 5064 3625 5133; baseline -0.005 -10"><span class='ocrx_word' id='word_1_681' title='bbox 2117 5064 2225 5133; x_wconf 82' lang='lat'><strong>(78)</strong></span> <span class='ocrx_word' id='word_1_682' title='bbox 2266 5068 2373 5120; x_wconf 80' lang='lat' dir='ltr'><strong>Kal</strong></span> <span class='ocrx_word' id='word_1_683' title='bbox 2416 5065 2737 5133; x_wconf 77' lang='grc' dir='ltr'>Θεοδώρου.</span> <span class='ocrx_word' id='word_1_684' title='bbox 2779 5064 3194 5120; x_wconf 82' lang='lat' dir='ltr'><strong>Athenodorum</strong></span> <span class='ocrx_word' id='word_1_685' title='bbox 3262 5066 3409 5119; x_wconf 91' lang='lat' dir='ltr'><strong>hunc</strong></span> <span class='ocrx_word' id='word_1_686' title='bbox 3469 5074 3625 5118; x_wconf 91' lang='lat' dir='ltr'><strong>vocat</strong></span> 
     </span>
    </p>
   </div>
   <div class='ocr_carea' id='block_1_105' title="bbox 2042 5135 3626 5204">
    <p class='ocr_par' dir='ltr' id='par_1_105' title="bbox 2042 5135 3626 5204">
     <span class='ocr_line' id='line_1_105' title="bbox 2042 5135 3626 5204; baseline -0.004 -13"><span class='ocrx_word' id='word_1_687' title='bbox 2042 5137 2390 5191; x_wconf 81' lang='lat' dir='ltr'><strong>Marcellinus</strong></span> <span class='ocrx_word' id='word_1_688' title='bbox 2418 5151 2605 5190; x_wconf 89' lang='lat' dir='ltr'><strong>eomes</strong></span> <span class='ocrx_word' id='word_1_689' title='bbox 2635 5136 2688 5188; x_wconf 89' lang='lat' dir='ltr'><strong>in</strong></span> <span class='ocrx_word' id='word_1_690' title='bbox 2725 5135 3000 5199; x_wconf 85' lang='lat' dir='ltr'><strong>Chronico,</strong></span> <span class='ocrx_word' id='word_1_691' title='bbox 3031 5136 3321 5189; x_wconf 80' lang='lat' dir='ltr'><strong>Anastasio</strong></span> <span class='ocrx_word' id='word_1_692' title='bbox 3349 5136 3485 5204; x_wconf 86' lang='lat' dir='ltr'><strong>Aug.</strong></span> <span class='ocrx_word' id='word_1_693' title='bbox 3507 5135 3626 5188; x_wconf 70' lang='lat' dir='ltr'><strong>solo</strong></span> 
     </span>
    </p>
   </div>
   <div class='ocr_carea' id='block_1_106' title="bbox 2042 5205 3267 5274">
    <p class='ocr_par' dir='ltr' id='par_1_106' title="bbox 2042 5205 3267 5274">
     <span class='ocr_line' id='line_1_106' title="bbox 2042 5205 3267 5274; baseline -0.002 -13"><span class='ocrx_word' id='word_1_694' title='bbox 2042 5216 2240 5268; x_wconf 88' lang='lat' dir='ltr'><strong>cos..et</strong></span> <span class='ocrx_word' id='word_1_695' title='bbox 2265 5206 2632 5274; x_wconf 84' lang='lat' dir='ltr'><strong>TheOphanes</strong></span> <span class='ocrx_word' id='word_1_696' title='bbox 2661 5205 2716 5259; x_wconf 94' lang='lat' dir='ltr'><strong>in</strong></span> <span class='ocrx_word' id='word_1_697' title='bbox 2750 5206 3027 5269; x_wconf 84' lang='lat' dir='ltr'><strong>Chronico,</strong></span> <span class='ocrx_word' id='word_1_698' title='bbox 3060 5220 3113 5274; x_wconf 90' lang='lat' dir='ltr'><strong>p.</strong></span> <span class='ocrx_word' id='word_1_699' title='bbox 3146 5205 3267 5259; x_wconf 77' lang='lat'><strong>“8.</strong></span> 
     </span>
    </p>
   </div>
   <div class='ocr_carea' id='block_1_107' title="bbox 1787 5316 2164 5374">
    <p class='ocr_par' dir='ltr' id='par_1_107' title="bbox 1787 5316 2164 5374">
     <span class='ocr_line' id='line_1_107' title="bbox 1787 5316 2164 5374; baseline -0.008 0"><span class='ocrx_word' id='word_1_700' title='bbox 1787 5316 2164 5374; x_wconf 80' lang='lat' dir='ltr'><strong>VARIORUM.</strong></span> 
     </span>
    </p>
   </div>
   <div class='ocr_carea' id='block_1_108' title="bbox 435 5428 1940 5499">
    <p class='ocr_par' dir='ltr' id='par_1_108' title="bbox 435 5428 1940 5499">
     <span class='ocr_line' id='line_1_108' title="bbox 435 5428 1940 5499; baseline 0.003 -18"><span class='ocrx_word' id='word_1_701' title='bbox 435 5429 831 5499; x_wconf 48' lang='lat' dir='ltr'><strong>(el/torriroc</strong></span> <span class='ocrx_word' id='word_1_702' title='bbox 876 5434 908 5483; x_wconf 93' lang='lat' dir='ltr'><strong>o&#39;</strong></span> <span class='ocrx_word' id='word_1_703' title='bbox 948 5430 1225 5495; x_wconf 75' lang='grc' dir='ltr'>Ζήνωνος</span> <span class='ocrx_word' id='word_1_704' title='bbox 1260 5429 1528 5497; x_wconf 79' lang='grc' dir='ltr'>ὅμαιμος.</span> <span class='ocrx_word' id='word_1_705' title='bbox 1574 5428 1751 5485; x_wconf 78' lang='lat' dir='ltr'><strong>Vertit</strong></span> <span class='ocrx_word' id='word_1_706' title='bbox 1778 5429 1940 5485; x_wconf 85' lang='lat' dir='ltr'><strong>Vale-</strong></span> 
     </span>
    </p>
   </div>
   <div class='ocr_carea' id='block_1_109' title="bbox 361 5498 1942 5570">
    <p class='ocr_par' dir='ltr' id='par_1_109' title="bbox 361 5498 1942 5570">
     <span class='ocr_line' id='line_1_109' title="bbox 361 5498 1942 5570; baseline 0.001 -19"><span class='ocrx_word' id='word_1_707' title='bbox 361 5498 475 5552; x_wconf 84' lang='lat' dir='ltr'><strong>sius</strong></span> <span class='ocrx_word' id='word_1_708' title='bbox 500 5498 765 5570; x_wconf 75' lang='lat' dir='ltr'><strong>Longinus</strong></span> <span class='ocrx_word' id='word_1_709' title='bbox 787 5499 1011 5554; x_wconf 81' lang='lat' dir='ltr'><strong>Zenonis</strong></span> <span class='ocrx_word' id='word_1_710' title='bbox 1038 5501 1483 5569; x_wconf 80' lang='lat' dir='ltr'><strong>consanguineus;</strong></span> <span class='ocrx_word' id='word_1_711' title='bbox 1517 5501 1611 5570; x_wconf 86' lang='lat' dir='ltr'><strong>qui</strong></span> <span class='ocrx_word' id='word_1_712' title='bbox 1642 5508 1824 5554; x_wconf 87' lang='lat' dir='ltr'><strong>tamen</strong></span> <span class='ocrx_word' id='word_1_713' title='bbox 1857 5517 1942 5555; x_wconf 84' lang='lat' dir='ltr'><strong>su-</strong></span> 
     </span>
    </p>
   </div>
   <div class='ocr_carea' id='block_1_110' title="bbox 362 5569 1945 5639">
    <p class='ocr_par' dir='ltr' id='par_1_110' title="bbox 362 5569 1945 5639">
     <span class='ocr_line' id='line_1_110' title="bbox 362 5569 1945 5639; baseline 0.002 -17"><span class='ocrx_word' id='word_1_714' title='bbox 362 5585 482 5637; x_wconf 89' lang='lat' dir='ltr'><strong>pra,</strong></span> <span class='ocrx_word' id='word_1_715' title='bbox 528 5569 649 5639; x_wconf 85' lang='lat' dir='ltr'><strong>cap.</strong></span> <span class='ocrx_word' id='word_1_716' title='bbox 677 5571 773 5629; x_wconf 67' lang='lat'><strong>‘29.</strong></span> <span class='ocrx_word' id='word_1_717' title='bbox 801 5570 1105 5639; x_wconf 87' lang='lat' dir='ltr'><strong>Longinum</strong></span> <span class='ocrx_word' id='word_1_718' title='bbox 1140 5586 1264 5625; x_wconf 90' lang='lat' dir='ltr'><strong>cum</strong></span> <span class='ocrx_word' id='word_1_719' title='bbox 1303 5570 1534 5637; x_wconf 76' lang='lat' dir='ltr'><strong>Evagrio</strong></span> <span class='ocrx_word' id='word_1_720' title='bbox 1564 5569 1801 5625; x_wconf 88' lang='lat' dir='ltr'><strong>Zenonis</strong></span> <span class='ocrx_word' id='word_1_721' title='bbox 1837 5570 1945 5625; x_wconf 80' lang='lat' dir='ltr'><strong>fra-</strong></span> 
     </span>
    </p>
   </div>
   <div class='ocr_carea' id='block_1_111' title="bbox 362 5639 1940 5710">
    <p class='ocr_par' dir='ltr' id='par_1_111' title="bbox 362 5639 1940 5710">
     <span class='ocr_line' id='line_1_111' title="bbox 362 5639 1940 5710; baseline 0.005 -19"><span class='ocrx_word' id='word_1_722' title='bbox 362 5649 501 5693; x_wconf 87' lang='lat' dir='ltr'><strong>trem</strong></span> <span class='ocrx_word' id='word_1_723' title='bbox 540 5639 602 5710; x_wconf 78' lang='lat' dir='ltr'><strong>in</strong></span> <span class='ocrx_word' id='word_1_724' title='bbox 636 5655 735 5694; x_wconf 76' lang='lat' dir='ltr'><strong>sua</strong></span> <span class='ocrx_word' id='word_1_725' title='bbox 765 5640 1014 5694; x_wconf 83' lang='lat' dir='ltr'><strong>versione</strong></span> <span class='ocrx_word' id='word_1_726' title='bbox 1045 5640 1367 5710; x_wconf 87' lang='lat' dir='ltr'><strong>appellarat.</strong></span> <span class='ocrx_word' id='word_1_727' title='bbox 1402 5639 1465 5692; x_wconf 81' lang='lat' dir='ltr'><strong>Et</strong></span> <span class='ocrx_word' id='word_1_728' title='bbox 1496 5640 1717 5709; x_wconf 87' lang='lat' dir='ltr'><strong>quidem</strong></span> <span class='ocrx_word' id='word_1_729' title='bbox 1752 5650 1899 5695; x_wconf 88' lang='lat' dir='ltr'><strong>recte</strong></span> <span class='ocrx_word' id='word_1_730' title='bbox 1928 5659 1940 5699; x_wconf 76' lang='grc' dir='ltr'>ς</span> 
     </span>
    </p>
   </div>
   <div class='ocr_carea' id='block_1_112' title="bbox 361 5709 1942 5780">
    <p class='ocr_par' dir='ltr' id='par_1_112' title="bbox 361 5709 1942 5780">
     <span class='ocr_line' id='line_1_112' title="bbox 361 5709 1942 5780; baseline 0.001 -18"><span class='ocrx_word' id='word_1_731' title='bbox 361 5724 487 5762; x_wconf 88' lang='lat' dir='ltr'><strong>cum</strong></span> <span class='ocrx_word' id='word_1_732' title='bbox 523 5709 771 5763; x_wconf 75' lang='lat' dir='ltr'><strong>Graecum</strong></span> <span class='ocrx_word' id='word_1_733' title='bbox 798 5710 870 5763; x_wconf 90' lang='lat' dir='ltr'><strong>ibi</strong></span> <span class='ocrx_word' id='word_1_734' title='bbox 897 5709 1093 5763; x_wconf 82' lang='lat' dir='ltr'><strong>habeat</strong></span> <span class='ocrx_word' id='word_1_735' title='bbox 1122 5712 1382 5777; x_wconf 73' lang='grc' dir='ltr'>Λογγῖνον</span> <span class='ocrx_word' id='word_1_736' title='bbox 1408 5711 1651 5779; x_wconf 67' lang='grc' dir='ltr'>Ζήνωιος</span> <span class='ocrx_word' id='word_1_737' title='bbox 1682 5711 1942 5780; x_wconf 72' lang='grc' dir='ltr'>ἀδελφόνς</span> 
     </span>
    </p>
   </div>
   <div class='ocr_carea' id='block_1_113' title="bbox 2047 5424 3633 5497">
    <p class='ocr_par' dir='ltr' id='par_1_113' title="bbox 2047 5424 3633 5497">
     <span class='ocr_line' id='line_1_113' title="bbox 2047 5424 3633 5497; baseline -0.003 -12"><span class='ocrx_word' id='word_1_738' title='bbox 2047 5445 2229 5497; x_wconf 83' lang='lat' dir='ltr'><strong>neque</strong></span> <span class='ocrx_word' id='word_1_739' title='bbox 2257 5429 2403 5484; x_wconf 87' lang='lat' dir='ltr'><strong>enim</strong></span> <span class='ocrx_word' id='word_1_740' title='bbox 2431 5445 2536 5482; x_wconf 80' lang='lat' dir='ltr'><strong>vox</strong></span> <span class='ocrx_word' id='word_1_741' title='bbox 2569 5430 2682 5482; x_wconf 67' lang='lat' dir='ltr'><strong>haec</strong></span> <span class='ocrx_word' id='word_1_742' title='bbox 2705 5426 2930 5497; x_wconf 80' lang='grc' dir='ltr'>ἀδελφός</span> <span class='ocrx_word' id='word_1_743' title='bbox 2957 5442 3025 5481; x_wconf 92' lang='lat' dir='ltr'><strong>eo</strong></span> <span class='ocrx_word' id='word_1_744' title='bbox 3060 5443 3114 5480; x_wconf 83' lang='lat' dir='ltr'><strong>in</strong></span> <span class='ocrx_word' id='word_1_745' title='bbox 3145 5427 3271 5481; x_wconf 88' lang='lat' dir='ltr'><strong>loco</strong></span> <span class='ocrx_word' id='word_1_746' title='bbox 3291 5424 3443 5479; x_wconf 88' lang='lat' dir='ltr'><strong>aliud</strong></span> <span class='ocrx_word' id='word_1_747' title='bbox 3472 5442 3633 5497; x_wconf 80' lang='lat' dir='ltr'><strong>quam</strong></span> 
     </span>
    </p>
   </div>
   <div class='ocr_carea' id='block_1_114' title="bbox 2050 5495 3635 5624">
    <p class='ocr_par' dir='ltr' id='par_1_114' title="bbox 2050 5495 3635 5624">
     <span class='ocr_line' id='line_1_114' title="bbox 2050 5495 3635 5624; baseline -0.003 -71"><span class='ocrx_word' id='word_1_748' title='bbox 2050 5495 2219 5624; x_wconf 54' lang='grc' dir='ltr'>βοιω-</span> <span class='ocrx_word' id='word_1_749' title='bbox 2250 5499 2559 5568; x_wconf 75' lang='lat' dir='ltr'><strong>signiﬁcare</strong></span> <span class='ocrx_word' id='word_1_750' title='bbox 2610 5505 2809 5565; x_wconf 88' lang='lat' dir='ltr'><strong>potest.</strong></span> <span class='ocrx_word' id='word_1_751' title='bbox 2847 5495 3117 5566; x_wconf 53' lang='lat' dir='ltr'><strong>&#39;(Pitcius,</strong></span> <span class='ocrx_word' id='word_1_752' title='bbox 3144 5498 3214 5552; x_wconf 90' lang='lat' dir='ltr'><strong>ad</strong></span> <span class='ocrx_word' id='word_1_753' title='bbox 3251 5508 3460 5548; x_wconf 83' lang='lat' dir='ltr'><strong>annum</strong></span> <span class='ocrx_word' id='word_1_754' title='bbox 3489 5495 3635 5561; x_wconf 72' lang='grc'>498.)</span> 
     </span>
     <span class='ocr_line' id='line_1_115' title="bbox 2098 5566 3635 5624; baseline -0.003 -1"><span class='ocrx_word' id='word_1_755' title='bbox 2098 5570 2406 5624; x_wconf 72' lang='lat' dir='ltr'><strong>rollizatum</strong></span> <span class='ocrx_word' id='word_1_756' title='bbox 2437 5579 2523 5623; x_wconf 84' lang='lat' dir='ltr'><strong>est</strong></span> <span class='ocrx_word' id='word_1_757' title='bbox 2551 5576 2737 5623; x_wconf 91' lang='lat' dir='ltr'><strong>autem</strong></span> <span class='ocrx_word' id='word_1_758' title='bbox 2765 5567 2869 5621; x_wconf 84' lang='lat' dir='ltr'><strong>hoc</strong></span> <span class='ocrx_word' id='word_1_759' title='bbox 2898 5567 3107 5621; x_wconf 84' lang='lat' dir='ltr'><strong>bellum</strong></span> <span class='ocrx_word' id='word_1_760' title='bbox 3135 5566 3461 5624; x_wconf 83' lang='lat' dir='ltr'><strong>Isauricum</strong></span> <span class='ocrx_word' id='word_1_761' title='bbox 3501 5578 3635 5618; x_wconf 68' lang='lat' dir='ltr'><strong>anno</strong></span> 
     </span>
    </p>
   </div>
   <div class='ocr_carea' id='block_1_115' title="bbox 2098 5566 3645 5639">
    <p class='ocr_par' dir='ltr' id='par_1_115' title="bbox 2098 5566 3645 5639">
     <span class='ocr_line' id='line_1_116' title="bbox 2098 5566 3645 5639; baseline -0.003 -16"><span class='ocrx_word' id='word_1_762' title='bbox 2098 5566 2406 5639; x_wconf 52' lang='lat' dir='ltr'><strong>rolligat&#39;um</strong></span> <span class='ocrx_word' id='word_1_763' title='bbox 2437 5579 2523 5623; x_wconf 84' lang='lat' dir='ltr'><strong>est</strong></span> <span class='ocrx_word' id='word_1_764' title='bbox 2551 5567 2869 5639; x_wconf 72' lang='lat' dir='ltr'><strong>autemhoe</strong></span> <span class='ocrx_word' id='word_1_765' title='bbox 2898 5567 3107 5621; x_wconf 84' lang='lat' dir='ltr'><strong>bellum</strong></span> <span class='ocrx_word' id='word_1_766' title='bbox 3135 5566 3461 5624; x_wconf 83' lang='lat' dir='ltr'><strong>Isauricum</strong></span> <span class='ocrx_word' id='word_1_767' title='bbox 3501 5578 3645 5618; x_wconf 81' lang='lat' dir='ltr'><strong>anno</strong></span> 
     </span>
    </p>
   </div>
   <div class='ocr_carea' id='block_1_116' title="bbox 2054 5637 2909 5703">
    <p class='ocr_par' dir='ltr' id='par_1_116' title="bbox 2054 5637 2909 5703">
     <span class='ocr_line' id='line_1_117' title="bbox 2054 5637 2909 5703; baseline -0.007 -10"><span class='ocrx_word' id='word_1_768' title='bbox 2054 5641 2176 5703; x_wconf 63' lang='lat'><strong>$97,</strong></span> <span class='ocrx_word' id='word_1_769' title='bbox 2221 5637 2278 5694; x_wconf 81' lang='lat' dir='ltr'><strong>ut</strong></span> <span class='ocrx_word' id='word_1_770' title='bbox 2311 5640 2453 5694; x_wconf 90' lang='lat' dir='ltr'><strong>idem</strong></span> <span class='ocrx_word' id='word_1_771' title='bbox 2488 5647 2718 5693; x_wconf 86' lang='lat' dir='ltr'><strong>testatur</strong></span> <span class='ocrx_word' id='word_1_772' title='bbox 2754 5637 2909 5693; x_wconf 89' lang='lat' dir='ltr'><strong>ibid..</strong></span> 
     </span>
    </p>
   </div>
  </div>
