4038 6198
377 274 520 336 26'38')

1277 279 1664 340 HISTORIA!)
1701 280 2297 341 ECCI.ESlASTlC.E
2339 281 2566 340 LIBER
2613 282 2724 341 lli.

3471 282 3476 286 ’
3496 284 3638 347 2686

381 383 762 456 στρατοπέδοιν
785 383 1118 440 ἀλισθέντοιν
1147 387 1361 456 πρῶτος
1388 392 1416 443 ὁ
1442 390 1822 454 Κωνστάντιος
1849 389 1960 459 (88)

2067 389 2366 444 verborum
2415 390 2772 456 persuasione
2815 392 3136 447 κρίνοιιίοηί
3189 395 3478 464 imperium
3515 399 3643 449 adt:-

376 475 788 546 δημηγορήσας,
840 479 941 547 τῆς
987 478 1082 531 τοῦ
1140 481 1345 550 πατρὸς
1400 481 1782 552 ἀνεμίμνησκε
1834 484 1958 546 τοὺς

380 566 724 638 στρατιώτας
767 567 1100 637 φιλοτιμίας,
1129 569 1247 639 μεθ’
1284 567 1344 624 οὗ
1395 572 1626 635 πολλοὺς
1666 574 1960 643 πολεμίους

378 657 728 724 διεπόνησαν,
760 659 856 711 καὶ
895 660 1179 728 μεγίσταις
1212 661 1554 734 ἐτιμήθησαν
1571 663 1798 735 δωρεαῖς
1820 682 1832 694 ·
1867 666 1960 716 καὶ

381 749 456 810 ὡς
472 745 682 801 τούτων
701 751 1035 812 ἀκούσαντες
1056 754 1104 803 οἱ
1124 754 1476 823 στρατιῶται,
1501 755 1591 807 τὸν
1617 755 1960 824 Βρετανίωνα

383 840 482 906 τῆς
515 840 744 908 ἐσθῆτος
791 841 1201 912 γυμνώσαντες,
1252 847 1566 915 κατήγαγον
1589 845 1681 898 τοῦ
1717 846 1962 916 βήματος

389 929 644 999 Ιδιώτηνο
706 932 800 984 καὶ
850 933 926 996 ὡς
981 933 1135 986 οὐδὲν
1188 934 1354 1006 ἄχαρι
1401 937 1536 1006 πρὸς
1582 938 1960 990 Κωνσταντίου

385 1024 645 1088 πέπονθε,
681 1025 772 1077 τοῦ
818 1026 966 1097 παρά
1021 1025 1115 1079 σοῦ
1147 1027 1386 1080 τοσαῦτα
1437 1029 1578 1096 μετά
1606 1027 1700 1080 τοῦ
1753 1029 1960 1098 πατρὸς

388 1116 896 1186 βλασφημηθέντος.
954 1116 1075 1180 Πῶς
1108 1119 1287 1170 τοίνυν
1315 1120 1486 1184 ἀξιοῖς
1513 1120 1604 1171 τὸν
1633 1120 1793 1172 αὑτὸν
1820 1119 1962 1172 οὕτω

387 1208 688 1278 φιλότιμον,
740 1207 884 1261 οὕτω
942 1210 1320 1279 μεγαλόδωρον
1377 1211 1656 1278 γενέσθαι,
1694 1213 1783 1264 καὶ
1819 1211 1963 1264 οὕτω

388 1299 749 1368 σμικρολόγον
789 1301 881 1350 καὶ
910 1300 1189 1368 φειδωλὸν,
1216 1302 1290 1364 ὡς
1316 1302 1558 1355 τοιοῦτον
1597 1303 1765 1372 ἐναγῆ
1794 1301 1960 1373 πόρον

387 1388 675 1453 ἐπιθεῖναι,
716 1391 896 1444 τέλεον
957 1391 1157 1456 ἀγνοῶ.
1209 1392 1330 1445 Ὀτι
1359 1393 1415 1446 δὲ
1477 1394 1595 1446 οὐδὲ
1651 1393 1960 1464 Φαῦστανῆ

388 1481 636 1550 Κρίσπον
687 1480 917 1542 ἀνεῖλεν,
976 1482 1098 1533 οὐδὲ
1148 1483 1300 1552 παρά
1323 1498 1466 1541 τινος
1524 1483 1822 1549 Αἰγυπτίου
1874 1483 1963 1534 διὰ

386 1569 561 1624 ταῦτα
607 1570 716 1623 τῶν
752 1571 1038 1642 ἡμετέρων
1093 1573 1408 1642 μυστηρίων
1454 1573 1740 1642 μετέσχεν,
1795 1573 1960 1627 ἄκουε

389 1661 798 1731 συγγράφοντος
829 1662 1092 1714 Εὑσεὸίου
1117 1663 1210 1716 τοῦ
1232 1664 1542 1734 Παμφίλου,
1576 1665 1961 1732 συνακμάσαν-

2067 480 2254 534 misse.
2275 480 2410 534 Nam
2434 495 2558 535 cum
2587 481 2879 548 utriusque
2904 484 3074 551 partis
3089 485 3364 540 exercitus
3393 485 3450 539 in
3475 502 3642 540 unum

2065 573 2440 634 convenisset,
2469 571 2710 640 priorem
2735 572 3116 629 Constantium
3147 575 3314 631 verba
3358 578 3551 632 fecisse
3578 580 3644 632 ad

2064 662 2291 722 milites.
2326 661 2518 732 eisque
2546 663 2601 715 in
2643 665 2962 718 memoriam
3005 681 3294 720 revocasse
3346 667 3647 722 liberalita-

2063 761 2174 806 tem
2203 754 2447 822 parentis
2483 753 2589 817 sui,
2625 770 2862 823 quocum
2885 757 3054 810 multa
3087 757 3230 812 bella
3255 758 3644 818 confecissent.

2062 854 2117 898 et
2141 861 2169 898 a
2200 859 2311 914 quo
2353 845 2605 899 maximis
2632 846 2792 899 donis
2824 847 3004 901 aﬂ‘ecti
3037 862 3240 902 essent.
3269 849 3466 903 Milites
3495 865 3644 913 vero,

2067 936 2153 989 his
2205 935 2430 998 auditis,
2494 937 2818 990 Vetranioni
2878 955 3176 1007 purpuram
3232 942 3536 1000 ademisse.
3591 955 3648 994 et

2068 1025 2281 1093 privato
2312 1026 2505 1078 habitu
2560 1025 2814 1079 indutum
2869 1043 2934 1080 ex
2984 1029 3243 1082 tribunali
3287 1029 3642 1084 abstraxisse.

2060 1116 2333 1170 Eumdem
2365 1128 2546 1171 tamen
2583 1117 2720 1171 nihil
2779 1118 3001 1188 gravius
3025 1135 3240 1188 paSsum
3273 1136 3393 1174 esse
3424 1137 3452 1173 a
3503 1119 3647 1174 Con-

2065 1208 2288 1268 stantio.
2343 1223 2507 1276 quem
2570 1220 2624 1262 tu
2676 1225 2782 1262 una
2844 1225 2967 1262 cum
3017 1223 3171 1279 patre
3219 1220 3298 1265 tot
3344 1213 3648 1267 maledictis

2067 1300 2346 1353 lacerasti.
2380 1299 2631 1364 Quonam
2661 1300 2828 1368 igitur
2869 1299 3031 1352 modo
3081 1300 3334 1353 eumdem
3370 1301 3646 1354 hominem

2069 1391 2231 1446 simul
2263 1391 2402 1444 adeo
2425 1390 2778 1460 magniﬁcum
2801 1407 2865 1445 ac
2891 1391 3177 1445 liberalem
3204 1392 3373 1445 fuisse
3389 1392 3644 1454 aﬂirmes,

2065 1491 2121 1535 et
2145 1482 2287 1535 adeo
2310 1497 2540 1550 parcum
2571 1497 2633 1534 ac
2661 1481 2970 1546 sordidum,
3004 1494 3187 1537 uttam
3217 1483 3396 1538 dirum
3420 1483 3648 1553 vectigal

2066 1573 2307 1628 subditis
2367 1572 2699 1641 imponeret,
2761 1573 3018 1641 equidem
3075 1589 3186 1626 non
3247 1574 3430 1628 video.
3489 1573 3645 1638 Quod

2067 1673 2250 1718 autem
2272 1679 2376 1717 nec
2399 1663 2653 1716 Faustam
2681 1679 2782 1717 nec
2803 1663 3057 1733 Crispum
3081 1665 3224 1718 idem
3251 1665 3646 1720 Constantinus

385 1769 476 1815 τος
507 1753 902 1824 Κωνσταντίνῳ
948 1756 1038 1807 καὶ
1090 1755 1344 1826 Κρίσπῳ,
1408 1758 1499 1809 καὶ
1567 1757 1962 1825 συγγενομένου

2067 1756 2359 1821 occiderit,
2393 1771 2492 1809 nec
2521 1756 2594 1809 ob
2621 1771 2740 1809 eam
2777 1771 2996 1809 causam
3024 1756 3093 1809 ab
3125 1757 3346 1811 homine
3393 1757 3673 1829 Egyptia-

384 1843 614 1906 τούτοις.
670 1845 742 1896 Σὺ
796 1843 906 1913 γὰρ
949 1845 1070 1899 οὐδὲ
1114 1846 1282 1919 ἀκοὴν
1324 1848 1580 1916 γράφεις,
1629 1849 1760 1916 μήτι
1801 1865 1863 1916 γε
1901 1849 1965 1915 δὴ

386 1933 666 2002 ἀλήθειαν,
728 1937 944 1998 πολλοῖς
993 1937 1224 2008 ὕστερον
1280 1939 1494 2008 χρόνοις
1532 1941 1626 1992 ἐπὶ
1678 1941 1963 2007 Ἀρκαδίου

385 2025 482 2075 καὶ
522 2023 779 2093 Ὀνωρίου
826 2026 986 2097 μέχρι
1044 2027 1137 2080 σοῦ
1180 2028 1467 2099 γέγραφας
1489 2028 1622 2099 (89),
1652 2031 1685 2100 ἢ
1716 2030 1810 2082 καὶ
1848 2030 1963 2099 μετ’

386 2118 583 2182 αὐτοὺς
612 2115 874 2185 γεγονώς.
911 2117 1117 2187 Γράφει
1142 2118 1200 2171 δὲ
1236 2119 1329 2172 ἐπὶ
1353 2119 1550 2183 λέξεως
1573 2119 1767 2184 ταῦτα,
1792 2125 1850 2174 ὲν
1889 2121 1966 2190 τῷ

385 2217 554 2286 ὀγδόῳ
579 2217 722 2288 λόγῳ
746 2218 855 2288 (90)
878 2219 974 2288 τῆς
1007 2219 1172 2272 αὑτοῦ
1221 2220 1765 2290 Ἐκκλησιαστικῆς
1805 2227 1965 2277 [0'20-

379 2309 556 2374 ριάςο
603 2309 810 2380 Χρόνου
854 2308 910 2361 δὲ
967 2310 1026 2362 οὐ
1077 2309 1329 2364 πλείστου
1385 2311 1589 2382 μεταξὺ
1646 2316 1961 2383 γενομένου,

389 2398 642 2474 βασιλεὺς
705 2400 1082 2462 Κωνστάντιος
1132 2401 1222 2453 τὸν
1261 2401 1440 2456 πάντα
1500 2403 1617 2472 βίον
1657 2406 1962 2474 πραότατα,

386 2491 476 2541 καὶ
513 2491 624 2552 τοῖς
684 2490 945 2558 ὑπηκόοις
987 2492 1372 2556 εὐνοϊκώτατα,
1424 2494 1502 2564 τῷ
1531 2511 1591 2546 τε
1635 2494 1766 2566 θείῳ
1821 2497 1964 2567 λόγῳ

388 2581 826 2649 προσφιλέστατοι
862 2581 1201 2652 διαθέμενος,
1230 2585 1397 2638 παῖδα
1425 2587 1650 2656 γνήσιον
1683 2589 1965 2641 Κωνστανο

385 2674 528 2723 τῖνον
570 2671 946 2742 αὐτοκράτορα
1001 2673 1264 2727 σεϐαστδν
1307 2676 1424 2729 ἀνθ’
1476 2677 1671 2730 ἑαυτοῦ
1742 2679 1965 2732 καταλι-

389 2761 523 2828 πὼν,
552 2762 715 2833 κοινῷ
744 2763 957 2832 φύσεως
985 2765 1134 2835 νόμῳ
1158 2766 1381 2838 τελευτᾷ
1416 2769 1507 2821 τὸν
1531 2770 1665 2839 βίον.
1701 2773 1812 2825 Καὶ
1831 2773 1962 2841 μεθ’

383 2849 574 2922 ἕτερα.
608 2855 808 2907 Τούτου
848 2860 979 2919 παῖς
1015 2859 1388 2922 Κωνστάντιος
1427 2859 1590 2924 εὐθὺς
1639 2863 1962 2933 ἀρχόμενος,

389 2943 643 3026 βασιλεὺς
667 2945 996 3009 τελεώτατος
1048 2949 1140 2999 καὶ
1178 2948 1439 3012 σεϐαστὺς
1479 2951 1617 3020 πρὸς
1660 2951 1766 3004 τῶν
1797 2970 1964 3012 στρα-

389 3038 649 3103 τοπέδων,
683 3039 774 3092 καὶ
804 3038 883 3092 ἔτι
912 3040 1044 3094 πολὺ
1069 3040 1276 3095 τούτων
1311 3043 1575 3114 πρότερον
1612 3044 1749 3114 πρὸς
1796 3043 1961 3096 αὐτοῦ
1991 3071 2036 3131 c

388 3129 480 3182 τοῦ
548 3129 938 3198 παμϐασιλέως
1017 3131 1153 3184 Θεοῦ
1232 3134 1644 3204 ἀναγορευθεὶς,
1712 3135 1964 3205 ζηλωτὴν

390 3221 584 3274 ἑαυτὸν
613 3220 712 3290 τῆς
738 3223 1014 3292 πατρικῆς
1042 3224 1171 3293 περὶ
1203 3224 1294 3276 τὸν
1326 3226 1594 3296 ἡμέτερον
1625 3228 1782 3293 λόγον
1811 3229 1966 3280 εὐσε-

391 3312 538 3376 ϐείας
570 3313 958 3384 κατεστήσατο.
982 3315 1092 3367 Καὶ
1125 3315 1258 3385 πρὸς
1283 3315 1359 3385 τῷ
1393 3318 1536 3371 τέλει
1566 3318 1622 3370 δὲ
1652 3317 1750 3384 τῆς
1775 3318 1965 3373 Ἰστο-

384 3403 540 3469 plac,
598 3406 808 3469 τούτοις
856 3406 988 3476 φησὶ
1026 3409 1138 3468 τοῖς
1177 3407 1470 3475 ὀνόμασιν
1528 3409 1598 3459 ’(1
1643 3409 1738 3473 δὲ,
1793 3413 1962 3482 ἀρετῇ

396 3495 542 3566 πάσῃ
603 3493 915 3559 Θεοσεϐείας
989 3498 1303 3566 ὲκπρέπων,
1373 3498 1670 3568 μέγιστος,
1742 3500 1970 3568 νικητὴς

395 3585 802 3648 Κωνσταντίνος
856 3587 954 3639 σὺν
993 3587 1146 3640 παιδὶ
1195 3589 1426 3660 Epit:an
1476 3590 1688 3660 βασιλεῖ
1726 3591 1970 3658 Θεοφιλε-

395 3675 593 3746 στάτῳ,
618 3677 713 3730 καὶ
736 3678 875 3730 κατᾶ
899 3677 1074 3731 πάντα
1098 3677 1191 3731 τοῦ
1213 3680 1418 3751 πατρὸς
1450 3681 1620 3751 ὁμοίῳ
1643 3682 1742 3753 τὴν
1761 3681 1970 3734 οἰκείαν

395 3767 534 3838 ἑῴαν
566 3768 969 3838 ἀπελάμϐανον.
1016 3755 1133 3822 Οὐκ
1172 3769 1239 3830 ἂν
1265 3769 1323 3824 δὲ
1363 3771 1392 3821 ὁ
1423 3769 1688 3835 Εὐσέϐιος
1719 3772 1970 3841 Κρίσπον

394 3855 566 3918 οὕτως
597 3855 881 3926 ἐπῄνεσεν,
918 3859 965 3909 εί
1000 3857 1135 3927 πρὸς
1184 3849 1518 3928 τοῦξπατρδς
1549 3859 1814 3930 ἀνῄρητο,
1844 3861 1966 3910 sm-

397 3947 596 4012 ϐιώσας
629 3949 706 4018 τῷ
726 3950 1150 4020 ,Κωνσταντίνῳ.
1199 3949 1255 4003 ’0
1282 3949 1340 4004 δὲ
1369 3950 1700 4022 Θεοδώριτος
1733 3952 1969 4015 ἱστορῶν

463 4091 484 4122 ⁸
522 4089 724 4145 Euseb.
757 4106 877 4161 pag.
915 4091 1040 4148 492.

2069 1855 2480 1901 sacramentum
2509 1855 2709 1900 nostrae
2757 1845 3042 1915 religionis
3073 1849 3367 1915 acceperit,
3397 1849 3548 1912 audi,
3600 1851 3646 1902 si

2077 1941 2279 2008 placet,
2314 1945 2606 1993 teStanlem
2667 1938 2961 1991 Eusebium
3016 1939 3303 2007 Pamphili.
3336 1939 3497 2010 375
3551 1945 3644 2011 qui

2072 2031 2269 2086 iisdem
2301 2030 2647 2099 temporibus
2670 2028 2854 2083 ﬂoruit
2903 2029 3106 2098 quibus
3158 2029 3554 2086 Constantinus
3591 2041 3648 2085 et

2066 2123 2295 2192 Crispus
2325 2126 2539 2185 vixere,
2575 2132 2631 2176 et
2675 2122 2920 2190 quicum
2953 2121 3145 2176 iisdem
3196 2138 3338 2192 saepe
3399 2133 3648 2179 versatus

2066 2225 2170 2268 est.
2197 2215 2276 2267 Tu
2306 2215 2453 2268 enim
2482 2230 2549 2268 ne
2610 2214 2893 2268 auditione
2942 2214 3166 2283 quidem
3203 2216 3301 2269 abs
3332 2225 3384 2271 te
3419 2227 3647 2286 accepta

2067 2306 2292 2370 scribis,
2321 2306 2524 2360 nedum
2549 2322 2700 2360 vera.
2727 2306 2940 2376 Quippe
2959 2306 3050 2375 qui
3087 2307 3396 2377 principatu
3425 2309 3645 2363 Arcadii

2067 2407 2122 2453 et
2155 2397 2404 2461 llunorii,
2448 2398 2514 2450 ad
2544 2414 2780 2466 quorum
2822 2414 2996 2466 usque
3054 2408 3300 2468 tempora
3357 2399 3645 2454 historiam

2073 2496 2225 2540 tuam
2288 2487 2619 2556 perduxisti,
2654 2499 2750 2540 aut
2806 2489 2973 2540 etiam
3004 2498 3127 2556 post
3174 2490 3296 2543 illus
3341 2490 3562 2542 vixeris.
3599 2490 3650 2544 is

2069 2580 2240 2642 igitur
2264 2580 2318 2633 in
2352 2588 2550 2633 octavo
2586 2579 2972 2634 Ecclesiastica:
3001 2581 3250 2635 Historia:
3272 2597 3383 2634 suze
3413 2582 3554 2636 libro
3578 2583 3645 2636 ad

2067 2671 2305 2723 verbum
2345 2670 2419 2723 ita
2466 2670 2691 2724 scribit:
2752 2671 2904 2724 Haud
2956 2672 3128 2726 multo
3176 2681 3299 2741 post
3348 2674 3648 2742 imperator

2068 2760 2446 2825 Constantius,
2471 2761 2558 2814 vir
2589 2761 2642 2814 in
2678 2762 2827 2815 omni
2857 2762 2964 2815 vita
2988 2762 3422 2831 placidissimus;
3449 2765 3542 2832 qui
3594 2774 3652 2819 ct

2067 2854 2365 2908 clementia
2390 2853 2443 2906 in
2472 2853 2746 2918 subditos,
2815 2863 2870 2908 et
2894 2854 3159 2924 singulari
3187 2872 3313 2926 erga
3353 2857 3515 2911 (idem
3547 2873 3652 2911 no-

2073 2952 2243 2998 stram
2276 2943 2660 2998 benevolentia
2687 2953 2955 3013 perpetuo
2991 2945 3254 3014 praeditus
3278 2946 3476 3013 fuerat,
3502 2947 3650 3001 Con-

2067 3023 2368 3090 stantinum
2401 3036 2689 3104 proprium
2723 3033 2898 3089 tilium
2935 3036 3054 3090 vice
3113 3052 3211 3090 sua
3261 3038 3647 3106 imperatorem

2070 3137 2235 3197 atque
2263 3129 2570 3197 Augustum
2611 3127 2952 3196 relinquens,
2973 3128 3124 3182 fatali
3153 3138 3327 3182 morte
3358 3130 3650 3185 defunctus

2066 3228 2171 3273 est.
2228 3218 2292 3272 Et
2323 3218 2482 3288 paulo
2506 3228 2656 3287 post:
2708 3217 2880 3288 llujus
2941 3219 3086 3273 illius
3125 3219 3542 3283 Constantinus,
3581 3221 3651 3275 ab

2069 3311 2188 3380 ipso
2213 3312 2396 3366 statim
2425 3311 2654 3365 exordio
2684 3327 2976 3380 supremus
3008 3312 3329 3381 imperator,
3361 3322 3418 3368 et
3464 3314 3649 3383 Augu-

2068 3411 2209 3466 stus,
2241 3419 2270 3456 a
2296 3403 2590 3466 militibus,
2622 3402 2831 3472 diuque
2853 3412 3012 3457 antea
3038 3403 3108 3456 ab
3136 3405 3382 3458 omnium
3413 3405 3618 3473 impera
3638 3432 3653 3444 -

2073 3504 2253 3548 torum
2273 3495 2386 3548 Deo
2407 3494 2779 3556 renuntiatus,
2805 3501 3048 3562 paternae
3065 3509 3195 3564 erga
3220 3495 3379 3548 Iidem
3412 3505 3650 3548 nostram

2073 3587 2295 3656 pietatis
2315 3586 2690 3641 :cmulatorem
2718 3604 2774 3641 se
2795 3588 3069 3656 prmstitit.
3116 3587 3263 3641 idem
3295 3587 3566 3641 Eusebius
3596 3588 3648 3640 in

2069 3678 2177 3732 line
2212 3679 2463 3732 Historiae
2485 3687 2506 3708 °
2535 3679 2623 3731 his
2651 3678 2825 3731 utitur
2851 3678 3066 3732 verbis:
3097 3677 3491 3732 Constantinus
3521 3693 3651 3729 vero

2069 3769 2334 3822 omnibus
2394 3767 2678 3837 religionis
2721 3767 3022 3821 virtutibus
3067 3775 3316 3836 ornatus.
3371 3777 3426 3820 et
3474 3767 3652 3820 victor

2070 3861 2362 3923 maximus,
2397 3876 2502 3913 una
2527 3875 2652 3913 cum
2684 3857 2796 3911 lilio
2824 3857 3020 3926 Crispo
3073 3857 3308 3921 Caesare,
3354 3858 3466 3912 Deo
3515 3857 3648 3910 cha-

2072 3952 2292 4006 rissimo
2323 3961 2380 4006 et
2423 3951 2564 4021 patri
2607 3950 2973 4019 undequaque
3016 3951 3321 4016 simillimo,
3367 3952 3646 4008 Orientem

1579 4203 1839 4262 VALESII
1876 4205 2433 4264 ANNOTATIUNES.

470 4303 577 4376 (88)
609 4298 855 4376 nptbroc
884 4303 933 4376 d_
957 4297 1391 4376 Κερυνσ-τςιτνῖινοςζἶ
1442 4297 1810 4376 Scribendum
1871 4305 1956 4352 est

400 4368 795 4432 Κώνστὰντιος,
824 4377 884 4423 ut
920 4370 1120 4439 legitur
1170 4369 1227 4424 in
1271 4368 1461 4424 codice
1507 4369 1842 4439 Telleriano,
1905 4377 1957 4421 et

398 4442 538 4512 apud
571 4438 1026 4512 Nicephorumin
1051 4438 1222 4512 libro
1264 4453 1374 4512 xvi,
1410 4452 1528 4512 cap.
1561 4439 1651 4512 4i.
1685 4438 1752 4491 Et
1801 4439 1964 4512 paulo

404 4507 520 4578 post
537 4511 626 4564 ubi
665 4507 863 4578 legitur
882 4509 1109 4571 πολλοὺς
1141 4507 1967 4578 πολεμίουςδιεπόνησανχξοτὶ-

404 4576 639 4635 bendum
695 4576 781 4633 est
837 4578 1110 4648 πολέμους
1168 4616 1182 4639 ,
1251 4585 1310 4632 ut
1363 4577 1532 4631 habet
1594 4576 1738 4631 idem
1803 4577 1965 4630 Nice-

439 4651 627 4704 horus.

400 4668 796 4785 pn(083;siiléxpt
827 4716 944 4769 σοῦ
1000 4715 1314 4785 γέγραφας.
1341 4715 1565 4785 Procul
1613 4716 1784 4770 dubio
1827 4715 1964 4785 scri-

397 4780 635 4846 bendum
660 4780 752 4843 est
773 4786 964 4855 μέχρις
993 4780 1674 4857 ob'disjunetisvocibus.
1695 4785 1866 4853 Atque
1894 4784 1966 4838 ita

397 4861 527 4929 legit
549 4858 911 4929 Nicephorus,
946 4855 1408 4929 quihaze‘Evagrii
1439 4855 1607 4929 verba
1635 4856 1713 4909 sic
1739 4869 1965 4929 expres-

396 4924 497 4984 sit:
533 4926 625 4989 Οἷς
657 4924 749 4978 δία).
777 4925 876 4994 τὴν
905 4925 1228 4994 συγγραφὴν
1279 4926 1533 4991 ἓστησας.
1574 4926 1746 4991 Quem
1803 4924 1964 4977 Nice-

396 4999 554 5067 phori
586 4999 769 5067 locum
817 4997 1067 5067 Joannes
1099 4995 1317 5067 Langus
1374 5011 1482 5047 non
1534 4994 1823 5067 intellexit.
1873 4994 1964 5048 Sic

393 5063 540 5123 enim
567 5066 734 5121 vertit
767 5083 779 5119 :
810 5065 883 5119 Tu
920 5081 1147 5135 namque
1172 5064 1343 5117 solum
1363 5080 1626 5117 rumorem
1659 5063 1963 5135 mutilatum

396 5139 618 5192 orandas
645 5137 870 5198 litteris,
892 5152 994 5188 non
1022 5134 1295 5189 veritatem
1330 5135 1520 5197 ipsum,
1551 5135 1640 5202 qui
1675 5134 1828 5203 longo
1851 5144 1962 5203 post

393 5219 626 5278 tempore
657 5206 751 5278 sub
804 5207 1034 5278 Honorio
1086 5213 1134 5257 et
1175 5204 1400 5258 Arcadio
1451 5205 1636 5278 quibus
1689 5204 1964 5256 historiam

391 5276 541 5330 tuam
573 5277 847 5340 dedicasti,
872 5287 919 5329 et
947 5277 1171 5344 fortasse
1197 5283 1312 5344 post
1342 5291 1523 5326 eorum
1547 5276 1702 5344 etiam
1725 5285 1961 5342 tempore

395 5348 596 5418 longius
621 5349 830 5400 vixeris.
859 5342 964 5401 Sed
996 5342 1317 5418 vertendum
1349 5354 1513 5418 enata
1551 5342 1748 5408 Quibus
1800 5345 1962 5418 histof

392 5413 531 5472 riam
583 5426 730 5470 tuam
785 5416 1102 5470 tcrminasli.
1132 5415 1345 5468 Etenim
1392 5413 1644 5468 Zosimus
1690 5429 1861 5481 usque
1895 5415 1960 5467 ad

391 5487 862 5558 expugnationem,
899 5487 1056 5558 urbis
1118 5485 1302 5558 Romae
1349 5483 1418 5558 ab
1462 5483 1692 5558 Alarico
1738 5485 1958 5548 factam,

393 5552 705 5624 opussltum
733 5557 1008 5626 perduxit,
1043 5564 1192 5626 utex
1230 5553 1408 5626 Photii
1455 5552 1774 5626 Bibliotheca
1821 5570 1959 5626 con-

395 5623 519 5680 stat.
558 5623 828 5682 Caterqu
864 5643 930 5682 ex
959 5626 1062 5680 hoc.
1107 5624 1319 5694 Evagrii
1353 5639 1415 5678 ac
1474 5623 1765 5693 Nicephori
1818 5625 1958 5694 Iuro,

400 5695 638 5762 Vossius,
674 5698 727 5750 in
758 5698 898 5751 libro
939 5696 1008 5748 De
1049 5693 1315 5747 Historicis
1349 5694 1562 5754 Curris,
1595 5696 1821 5748 allirniat
1856 5693 1959 5746 Zu-

2059 4300 2258 4353 simum
2309 4296 2509 4350 vixisse
2581 4298 2924 4354 temporibus
3004 4287 3302 4351 Theodosii
3371 4291 3638 4354 Junioris.

2067 4368 2270 4423 Neuter
2306 4377 2486 4420 tamen
2515 4365 2568 4418 id
2598 4366 2666 4419 de
2689 4365 2908 4420 Zosimo
2934 4365 3092 4420 dixit.
3119 4366 3222 4420 Sed
3259 4375 3468 4420 tantum
3492 4368 3646 4426 aiunt

1997 4413 2224 4491 l)illvum
2283 4437 2384 4488 sub
2425 4433 2666 4489 Honorio
2713 4445 2769 4489 et
2822 4435 3056 4490 Arcadio
3105 4413 3644 4504 quibusﬂistorian;

2071 4521 2221 4560 suam
2249 4505 2581 4566 terminavit,
2621 4506 2900 4559 autetiam
2944 4504 3037 4557 diu
3073 4515 3193 4573 post
3222 4507 3364 4566 illos,
3417 4508 3641 4565 vixisse.

2069 4577 2230 4630 Certe
2259 4575 2536 4645 Zosimum
2581 4573 3244 4645 hunc,circa,Anastasii
3293 4576 3645 4645 imperatoris

2072 4655 2317 4714 tempora
2371 4643 2574 4697 vixisse
2605 4644 2879 4714 existimo.
2916 4644 3046 4698 Nam
3089 4655 3144 4698 ct
3181 4643 3636 4713 Olymp'iodornm

2070 4713 2366 4769 Thebzenm
2387 4714 2542 4776 citat,
2563 4715 2658 4782 qui
2681 4714 2783 4766 sub
2803 4713 3112 4768 Theodosio
3129 4715 3355 4769 Juniore
3368 4717 3642 4771 historiam

2069 4801 2222 4839 suam
2261 4782 2504 4849 scripsit,
2543 4792 2888 4854 utrtcstatur
2934 4785 3186 4844 Photius;
3250 4791 3305 4837 et
3353 4784 3640 4854 Syrianum

2071 4853 2758 4925 philosophumnominat,
2795 4854 2888 4925 qui
2937 4854 3110 4907 Procli
3169 4853 3428 4925 Diadochi
3465 4857 3640 4925 magi-

2068 4921 2180 4979 ster
2209 4921 2330 4978 fuit.
2360 4921 2703 4975 Vixitantem
2732 4921 2958 4977 Pruclus
2983 4924 3323 4992 temporibus
3345 4921 3636 4979 Anastasii.

2070 4995 2313 5062 Denique
2341 4991 2540 5046 Suidas
2563 4991 2844 5046 Zosimum
2876 4991 3178 5061 sophistam
3219 4993 3415 5046 vixisse
3446 4993 3642 5049 scribit

2071 5061 2332 5135 regnante
2362 5062 2670 5135 Anastasio.
2707 5063 2878 5127 Quem
2917 5062 3139 5135 quidem
3194 5061 3448 5116 existimo
3481 5079 3638 5118 eum-

2067 5132 2191 5187 dein
2257 5148 2376 5186 esse
2441 5146 2563 5203 cum
2634 5132 2850 5184 Zosimo
2917 5133 3272 5186 historiarum
3343 5135 3633 5203 scriptore.

2068 5204 2291 5257 Plurimi
2321 5204 2466 5255 enim
2504 5201 2754 5255 rhetores
2779 5219 2842 5256 ac
2881 5203 3161 5271 sophistae,
3187 5203 3255 5256 ad
3287 5201 3636 5257 scribendam

2070 5273 2353 5327 historiam
2393 5286 2449 5327 se
2475 5273 2854 5333 contulerunt,
2878 5281 2934 5342 ut
2963 5286 3075 5325 tum
3097 5289 3163 5326 ex
3192 5273 3450 5342 Dionysio
3486 5273 3638 5328 llali-

2067 5359 2392 5406 carnasseo,
2455 5352 2568 5396 tum
2617 5358 2685 5394 ex
2736 5342 2860 5395 aliis
2920 5341 3225 5397 innumeris
3275 5341 3511 5398 constat.
3575 5346 3640 5399 Et

2066 5413 2316 5466 advocati
2352 5414 2468 5469 lisci
2526 5410 2766 5481 dignitas
2798 5425 3168 5481 quaiornatur
3222 5413 3494 5478 Zosimus,
3529 5429 3638 5468 non

2066 5483 2298 5536 multum
2337 5480 2653 5538 abhorreta
2683 5480 3010 5550 Sophistica.

2135 5553 2244 5618 (90)
2277 5553 2372 5605 Ἐν
2397 5553 2475 5618 τῷ
2501 5550 2690 5623 ὀγδόῳ
2712 5551 2890 5620 λόγῳ.
2934 5550 3032 5606 Hic
3060 5553 3286 5610 Eusebii
3314 5553 3471 5608 locus
3504 5552 3642 5623 legi-

2067 5623 2235 5676 turin
2273 5637 2391 5692 cap.
2416 5624 2486 5679 28
2533 5621 2658 5676 lihri
2715 5637 2829 5684 vui,
2865 5638 2932 5674 ex
2985 5639 3095 5691 quo
3155 5623 3518 5691 corrigendus
3561 5621 3648 5676 est

2067 5694 2330 5762 Evagrius
2349 5702 2557 5749 noster.
