4038 6198
320 249 470 318 sese

1265 248 1648 312 HISTORL‘E
1689 248 2284 311 ECCLESIASTICIE
2325 253 2551 310 LIBER
2596 252 2706 310 Ill.

3436 257 3578 320 2690

334 365 571 434 πομένη,
612 361 900 431 Ἃρμένειά
924 377 981 413 τε
1001 363 1094 414 καὶ
1124 361 1192 415 τὰ
1208 359 1576 431 πλησιάζοντα
1609 359 1734 429 ἔθνη
1781 359 1887 412 Ῥω

2016 342 2306 430 [Egyplum
2365 362 2528 427 rexit,
2585 373 2642 418 ut
2697 363 2764 417 ab
2820 363 3176 419 historiarum
3231 367 3592 436 scriptoribus

333 456 514 526 μαίοις
545 453 874 524 προσετέθη,
918 453 1039 523 μεθ’
1077 452 1278 525 ἑτέρων
1312 455 1566 522 ἱστορεῖς.
1603 451 1817 522 Μικροῦ
1848 451 1905 503 δέ

331 563 396 613 με
427 544 674 599 διέλαθεν
707 543 743 598 ἃ
773 545 838 597 σὺ
877 545 1111 614 γράφεις
1154 543 1246 596 τὸν
1275 545 1686 597 Κωνσταντῖνον
1737 560 1904 596 κατα-

329 637 662 709 πράξασθαι,
697 636 843 705 μάλα
885 635 1156 705 γεννικῶς
1199 639 1290 690 καὶ
1329 635 1592 705 ἀνδρείως
1622 635 1722 706 τῆς
1769 637 1904 688 Ῥω-

331 731 506 799 μαίων
564 729 980 799 ὲξηγησὰμενον
1053 731 1230 800 ἀρχῆς
1289 730 1428 798 μετὰ
1478 729 1576 798 τῆς
1629 728 1904 799 ἡμετέρας

329 821 650 892 θρησκείας,
687 821 782 874 καὶ
825 817 914 872 οἷα
955 819 1226 872 πέπονθεν
1275 819 1561 882 Ἰουλιανὸς
1606 822 1633 872 ὁ
1672 822 1762 881 σὸς
1811 820 1904 872 καὶ

325 913 434 966 τῶν
465 911 574 964 σῶν
599 913 802 983 ὀργίων
835 911 1129 982 θιασώτης.
1159 909 1463 980 τηλικαῦτα
1505 910 1794 978 τραύματα
1831 914 1899 980 τῇ

329 1003 576 1074 πολιτείᾳ
608 1002 1038 1065 καταλελοιπώς.
1069 1003 1131 1054 Εἰ
1165 1002 1222 1054 δέ
1269 1020 1322 1054 τι
1351 1001 1461 1052 τῶν
1495 1000 1897 1069 προφητευθέν·

324 1113 432 1150 των
472 1096 602 1162 περὶ
658 1093 760 1164 τῆς
811 1093 906 1147 τοῦ
957 1093 1167 1162 κόσμου
1211 1091 1468 1161 τελευτῆς
1526 1091 1560 1160 ἢ
1614 1091 1900 1159 προοίμιον

325 1187 571 1256 εἴληφεν,
629 1185 662 1254 ἢ
702 1188 797 1238 καὶ
842 1185 902 1237 τὸ
951 1185 1124 1255 πέρας
1171 1183 1404 1247 δέξεται,
1453 1181 1696 1252 μείζονος
1752 1183 1900 1233 ἐστιν

323 1277 658 1347 οἰκονομίας,
700 1275 733 1346 ἦ
789 1276 930 1330 κατὰ
985 1276 1066 1328 σέ.
1131 1273 1510 1342 Ἐξετάσωμεν
1556 1273 1612 1324 δὲ
1639 1275 1686 1324 εί
1729 1271 1896 1334 δοκεῖ,

322 1373 469 1432 ὅπως
492 1369 638 1422 οίτα
683 1367 952 1435 Ἑλλήνων
999 1364 1440 1437 πρεσϐεύσαντες
1491 1364 1750 1433 βασιλεῖς,
1806 1364 1898 1416 καὶ

321 1465 468 1528 ὅπως
523 1461 682 1516 οῑτὰ
728 1463 822 1516 τοῦ
857 1462 1096 1532 Χριστοῦ
1154 1459 1521 1524 ζηλώσαντες,
1589 1461 1688 1528 τὴν
1749 1459 1896 1530 βασι·

318 1556 473 1609 λείαν
510 1554 800 1628 ἀπέθεντο.
829 1554 902 1606 Οὐ
955 1551 1172 1623 πρῶτος
1230 1552 1388 1614 Γαῖος
1441 1550 1656 1613 Ἰούλιος
1683 1553 1897 1619 Καῖσαρ

325 1646 700 1716 μοναρχήσας,
750 1641 1128 1712 δολοφονηθεὶς
1180 1641 1272 1694 τὸν
1315 1641 1430 1709 βίον
1491 1640 1898 1708 κατέστρεψεν;

315 1739 380 1790 οὐ
413 1736 666 1804 δεύτερον
703 1734 799 1788 τὸν
829 1733 1054 1801 ἔκγονον
1076 1731 1328 1801 Τιϐερίου
1365 1731 1524 1784 Γαῖον
1549 1730 1658 1782 τῶν
1689 1732 1745 1782 ὲν
1786 1734 1897 1793 τοῖς

321 1827 731 1897 στρατεύμασιν
765 1825 897 1878 ἔνιοι
955 1822 1134 1892 ξίφεσι
1171 1823 1565 1891 διεχρήσαντο;
1609 1821 1670 1874 οὑ
1705 1821 1896 1886 Νέρων

319 1918 456 1987 πρός
489 1933 635 1980 τινος
673 1915 784 1968 τῶν
823 1915 1042 1968 οἰκείων
1101 1913 1382 1982 ἀνῃρέοη;
1435 1911 1496 1964 οὑ
1564 1911 1775 1973 Γάλϐας
1829 1913 1899 1964 τὰ

326 2009 674 2079 παραπλήσια
732 2007 1036 2070 πέπονθενς
1086 2005 1268 2058 Ὄθων
1295 2022 1354 2056 τε
1391 2005 1486 2056 καὶ
1539 2003 1809 2065 Βιτέλλιος
1843 2004 1891 2056 οἱ

319 2103 466 2171 τρεῖς
495 2097 916 2168 βασιλεύσαντες
946 2096 1141 2166 μόνους
1169 2093 1466 2147 ἑκκαίδεκα
1505 2095 1701 2162 μῆνας.
1736 2093 1894 2146 Τῖτον

315 2191 375 2244 δὲ
416 2189 839 2260 βασιλεύσαντα,
859 2189 921 2241 οὐ
952 2187 1280 2257 Δομετιανὸς
1330 2186 1646 2256 φαρμάκοις
1669 2185 1897 2253 ἀδελφὸν

315 2282 446 2334 ἤντα
492 2298 557 2349 γε
615 2279 805 2343 αὑτοῦ,
853 2279 1101 2343 ἀνεῖλενς
1137 2280 1197 2330 οὐ
1248 2277 1576 2347 Δομετιανὸς
1634 2277 1770 2344 πρὸς
1801 2275 1894 2328 τοῦ

316 2372 588 2441 Στεφάνου
621 2371 870 2434 δειλαίως
887 2371 994 2422 τῶν
1025 2369 1277 2422 ἐντεῦθεν
1307 2368 1544 2439 μετέστη
1569 2385 1586 2434 ;
1629 2369 1694 2420 Τί
1720 2367 1896 2420 δὲκαὶ

315 2459 444 2527 περὶ
473 2457 716 2528 Κομόδου
732 2459 841 2528 φής
871 2473 885 2522 ;
909 2459 1021 2526 Οὐχ
1049 2453 1201 2520 οὗτος
1228 2457 1334 2510 ὑπὸ
1353 2457 1666 2527 Ναρκίσσου
1681 2456 1895 2526 τὸνβίον

314 2549 616 2614 ἀπέλιπενς
681 2547 951 2619 Περτίναξ
974 2549 1042 2614 ⁸⁸,
1066 2549 1160 2601 καὶ
1178 2549 1485 2614 Ἰουλιανὸς,
1500 2549 1560 2601 οὺ
1587 2549 1696 2601 τῶν
1714 2549 1894 2602 αὐτῶν

312 2636 532 2708 ῐτυχον;
573 2639 888 2702 Ἀντωνῖνος
923 2639 979 2691 δὲ
1007 2641 1036 2692 ὁ
1067 2641 1329 2708 Σευῆρον,
1352 2640 1412 2692 οὐ
1445 2640 1614 2692 Γέταν
1628 2641 1720 2694 τὸν
1739 2641 1894 2696 ἀδελ-

311 2727 411 2794 φὺν
463 2728 774 2799 διέφθειρε,
836 2727 908 2782 τὰ
957 2729 1314 2800 παραπλήσια
1351 2731 1447 2784 καὶ
1494 2731 1656 2794 αὐτὸς
1705 2731 1892 2784 παθὼν

313 2814 417 2867 ὑπὸ
444 2816 784 2887 Μαρτιαλίου
811 2833 827 2882 ;
855 2817 920 2870 Τί
952 2816 1010 2870 δὲ
1039 2817 1136 2870 καὶ
1177 2818 1479 2888 Μακρῖνος,
1522 2820 1584 2871 οὐ
1614 2823 1742 2890 περὶ
1783 2821 1890 2874 Βυ-

311 2902 527 2964 ζάντιον
574 2904 929 2977 αἰχμαλώτου
988 2906 1144 2976 δίκην
1199 2908 1538 2978 περιαχθεὶς,
1602 2911 1740 2980 πρὸς
1781 2913 1888 2962 τεῖν

312 2997 591 3067 σφετέρων
634 2997 985 3068 στρατιωτῶν
1043 2999 1442 3070 ὲμιαιφονήθης
1484 3001 1590 3054 Καὶ
1618 3003 1886 3072 Αὐρήλιος

308 3087 364 3140 δὲ
403 3087 720 3152 Ἀντωνῖνος
749 3093 779 3143 ο
825 3090 885 3155 ἐξ
953 3091 1207 3160 Ἐμέσης,
1239 3091 1299 3143 οὐ
1347 3092 1484 3160 μετὰ
1527 3094 1623 3162 τῆς
1679 3095 1886 3165 μητρὸς

304 3177 662 3246 κατεσφάγης
696 3179 755 3231 ’0
785 3177 842 3230 δέ
869 3195 932 3245 γε
967 3179 1084 3246 μετ’
1103 3178 1265 3231 αὑτὸν
1306 3179 1678 3248 Ἀλέξανδρος,
1713 3183 1775 3233 οὑ
1809 3181 1886 3252 τῷ

308 3265 458 3334 αὐτῷ
493 3267 591 3318 σὺν
630 3270 696 3338 τῇ
752 3268 923 3338 μητρὶ
973 3269 1363 3337 περιπέπτωκε
1394 3270 1671 3340 δράματι;
1714 3273 1778 3324 Τί
1818 3271 1883 3324 ἂν

303 3357 552 3426 εἴποιμεν
577 3358 672 3410 καὶ
697 3359 1173 3428 περἰΜαξιμίνου,
1201 3359 1336 3428 πρὸς
1366 3361 1461 3429 τῆς
1479 3362 1684 3423 οἰκείας
1715 3379 1882 3431 στρα-

306 3449 427 3508 τιᾶς
482 3450 956 3519 ἁναιρεθέντος,ἢ
1024 3450 1317 3520 Γορδιανοῦ
1383 3452 1880 3522 ὲπιϐουλεύμασιδί

301 3538 576 3591 Φιλίππου
613 3542 715 3592 ὑπὸ
757 3542 866 3593 τῶν
906 3543 1124 3594 οἰκείων
1164 3545 1513 3610 στρατιωτῶν
1550 3548 1646 3613 τὴν
1679 3547 1882 3600 τέλειον

304 3630 626 3694 ὑπελθόντος
657 3632 901 3702 ὴμέραν;
929 3633 1068 3699 Λέγε
1093 3633 1149 3684 δὲ
1197 3633 1284 3694 σὺ,
1318 3635 1462 3697 ὅπως
1508 3652 1566 3686 τε
1595 3635 1878 3701 Φίλιππος,

302 3721 455 3773 καὶὸ
491 3724 608 3790 μετ’
659 3724 822 3775 αὑτὸν
880 3724 1090 3787 Δέκιος,
1149 3727 1245 3795 οὐχ
1301 3725 1407 3778 ὑπὸ
1457 3727 1566 3778 τῶν
1605 3728 1881 3796 πολεμίων

299 3811 672 3882 διεφθάρησαν
701 3831 715 3879 ;
753 3814 848 3866 καὶ
887 3815 1084 3878 Γάλλος
1128 3816 1184 3868 δὲ
1216 3819 1307 3868 καὶ
1339 3815 1748 3882 Βουλουσιανὸς,
1781 3821 1878 3890 οὐχ

301 3904 404 3954 ὑπ’)
434 3904 542 3955 τῶν
583 3906 798 3958 οἰκείων
841 3906 1124 3976 δυνάμεων
1170 3907 1270 3977 τῆς
1298 3909 1446 3977 σεςῶν
1471 3910 1615 3978 ςωῆς
1639 3910 1876 3980 ἐξώσθη-

303 4011 401 4047 σαν
426 4011 440 4054 ;
465 3997 528 4048 Τί
549 3995 662 4056 δαὶ.
688 3997 780 4049 καὶ
811 3999 1148 4066 Αἰμιλιανὸς,
1181 4002 1241 4052 οὐ
1277 4004 1390 4063 τοῖς
1432 4003 1617 4064 αὐτοῖς
1653 4006 1882 4072 περιπέ-

300 4100 549 4150 πτωκενς
585 4085 954 4155 Οὐαλεριανὸς
984 4089 1062 4152 δὲ,
1099 4089 1158 4140 οὐ
1193 4089 1529 4158 δορυάλωτος
1565 4092 1875 4159 γενόμενος,

298 4175 402 4226 ὑπὸ
444 4175 672 4245 Περσῶν
705 4178 1037 4249 περιήγετο;
1071 4178 1361 4249 Γαλλιήνου
1389 4179 1442 4230 δὲ
1494 4180 1877 4250 δολοςονῃθέν-

296 4281 407 4327 τος,
443 4265 538 4318 καὶ
570 4266 813 4334 Καρίνου
841 4267 1296 4335 σφαγιασθέντος,
1323 4272 1378 4330 ἐς
1401 4271 1780 4338 Διοκλητιανὺν
1811 4273 1874 4323 τὰ

2017 446 2280 500 traditum
2316 457 2420 504 est.
2449 447 2566 502 Jam
2589 464 2722 504 vero
2746 459 2880 520 quot
2915 452 3166 522 regiones
3186 452 3452 522 ademptae
3481 453 3591 510 sint

2014 537 2195 592 Persis
2228 553 2258 590 a
2284 538 2543 592 Ventidio
2573 549 2628 594 et
2655 556 2684 593 a
2713 539 3031 596 Corbulone
3079 541 3315 597 Neronis
3345 545 3517 599 duce:
3559 561 3590 600 a

2013 628 2220 683 Severo
2257 629 2388 682 item
2407 635 2483 683 'ac
2512 631 2746 699 Trojano
2773 642 2828 686 et
2858 633 3033 695 Caro;
3066 648 3095 686 a
3129 633 3318 689 Cassio
3369 650 3590 704 quoque

2012 729 2066 774 et
2092 719 2394 775 Odzenalho
2424 722 2750 793 Pelmyreno
2782 733 2838 778 et
2885 726 3178 794 Apollonio
3227 736 3283 781 et
3333 726 3402 780 ab
3435 726 3588 780 aliis:

2015 813 2234 882 quoties
2269 824 2535 882 praeterea
2555 815 2806 870 Seleucia
2837 827 2893 870 et
2914 817 3213 887 Ctesiphon
3237 819 3591 886 urbescaptzn

2009 905 2154 969 sint;
2187 908 2406 974 quoties
2437 906 2664 968 Nisibis,
2701 924 2846 962 nunc
2876 909 2941 962 ad
2983 910 3280 973 Romanos,
3339 926 3489 962 nunc
3519 908 3588 965 ad

2009 997 2201 1050 Persas
2262 999 2570 1060 transiens;
2625 999 2877 1052 Armenia
2939 999 3178 1068 denique
3224 1017 3288 1055 ac
3344 999 3588 1055 finitione

2007 1098 2198 1156 gentes
2234 1089 2481 1143 Romano
2513 1091 2746 1158 imperio
2787 1091 3061 1160 atljunetze
3088 1091 3320 1157 fuerint;
3358 1103 3412 1146 tu
3480 1109 3584 1148 una

2007 1195 2130 1233 cum
2176 1180 2404 1250 reliquis
2434 1182 2802 1250 scriptoribus
2833 1182 3029 1236 refers.
3068 1181 3172 1236 Sed
3235 1199 3372 1250 pene
3394 1184 3589 1237 omise-

2008 1285 2124 1322 ram
2158 1286 2218 1324 ea
2255 1288 2375 1340 qua-
2399 1281 2451 1323 tu
2491 1272 2690 1324 scribis
2722 1272 2970 1325 confecta
2993 1288 3114 1325 esse
3138 1287 3165 1324 a
3200 1270 3583 1334 Constantino,

2007 1362 2100 1431 qui
2127 1377 2251 1414 cum
2277 1372 2518 1416 nostram
2547 1364 2867 1432 religionem
2896 1363 3269 1430 profiteretur,
3295 1363 3584 1430 imperium

2007 1449 2314 1502 Romanum
2361 1461 2586 1504 strenue
2644 1468 2707 1504 ac
2762 1451 2981 1504 fortiter
3024 1451 3432 1504 administravit
3472 1469 3484 1502 :
3530 1459 3588 1506 et

2004 1550 2207 1610 quanta
2256 1557 2553 1609 perpessus
2601 1542 2672 1595 sit
2723 1542 2974 1595 Julianus
3024 1551 3184 1604 tuus,
3261 1542 3583 1596 eorumdem

2006 1640 2187 1685 tecum
2222 1631 2609 1700 mysteriorum
2659 1631 2954 1699 particeps,
2999 1631 3094 1699 qui
3156 1639 3236 1685 tot
3284 1647 3348 1686 ac
3406 1641 3586 1688 tantas

1935 1709 1976 1763 Β
2003 1723 2397 1776 cladesintulit
2428 1722 2765 1791 reipublicae.
2803 1722 2995 1777 Utrum
3035 1737 3168 1776 vero
3215 1737 3408 1777 eorum
3459 1739 3583 1792 qua:

2000 1815 2067 1868 de
2101 1814 2292 1867 mundi
2313 1814 2466 1867 exitu
2491 1814 2749 1882 praedicta
2777 1822 2926 1876 sunt,
2962 1814 3424 1882 autaliquodjatn
3453 1830 3582 1884 pro-

2002 1904 2217 1958 ludium
2245 1905 2544 1974 acceperit,
2575 1913 2672 1958 aut
2703 1903 2868 1958 ﬁnem
2899 1905 3200 1960 sortiturus
3243 1907 3334 1968 sit,
3368 1905 3582 1964 altioris

1999 2005 2084 2048 est
2123 1995 2576 2063 dispensationis,
2609 2012 2771 2064 quam
2801 2005 2860 2050 ut
2911 2011 2969 2050 tu
3005 2012 3200 2066 capere
3234 1998 3430 2067 possis.
3473 1999 3585 2052 Ex-

1998 2086 2306 2156 pendamus
2334 2096 2541 2150 autem,
2572 2092 2615 2139 si
2649 2087 2850 2165 placet,
2875 2103 3112 2156 quonam
3140 2087 3305 2140 modo
3341 2088 3580 2156 impera-

1997 2186 2148 2232 tores
2179 2177 2274 2245 qui
2321 2178 2612 2246 gentilium
2665 2179 3118 2247 superstitionem
3155 2177 3577 2247 profitebantur,

1995 2279 2052 2322 et
2083 2284 2322 2336 quonam
2378 2269 2543 2324 modo
2563 2273 2656 2338 qui
2705 2271 3031 2334 religionem
3083 2269 3292 2325 Christi
3339 2271 3576 2340 amplexi

1995 2369 2147 2426 sunt,
2186 2363 2454 2431 regnandi
2513 2364 2678 2416 simul
2733 2378 2799 2416 ac
2835 2363 3057 2417 vivendi
3108 2364 3272 2417 ﬁnem
3315 2363 3573 2418 fecerint.

1997 2452 2194 2506 Annon
2224 2453 2392 2508 Caius
2431 2454 2614 2508 Julius
2657 2453 2860 2516 Caesar,
2893 2456 2988 2523 qui
3035 2455 3249 2524 primas
3299 2455 3576 2524 singulare

1993 2541 2286 2612 imperium
2344 2543 2606 2605 obtinuit.
2669 2560 2768 2614 per
2815 2543 3068 2598 fraudem
3141 2554 3308 2613 atque
3349 2545 3581 2599 insidias

1994 2631 2347 2698 interfectus,
2379 2650 2444 2687 ex
2473 2634 2576 2688 hac
2609 2634 2730 2688 luce
2764 2633 3052 2704 migravit?
3099 2635 3297 2688 Annon
3332 2634 3574 2690 alterum

1991 2723 2186 2778 Caium
2252 2724 2460 2778 Tiberii
2515 2733 2793 2793 nepotem,
2842 2724 3065 2793 quidam
3131 2723 3338 2779 miiiics
3378 2723 3578 2793 gladiis

1991 2816 2452 2870 obtruncarunt?
2474 2816 2733 2885 Nunquid
2759 2816 2905 2870 Nero
2942 2832 2970 2869 a
3003 2815 3239 2884 quodam
3269 2831 3336 2869 ex
3388 2815 3577 2870 dome-

1992 2909 2152 2961 sticis
2184 2907 2495 2960 trucidatus
2515 2906 2632 2960 est?
2671 2906 2866 2960 Annon
2889 2905 3059 2960 Galba
3089 2905 3324 2958 similem
3361 2903 3576 2957 exitum

1990 3001 2116 3054 vita:
2163 3000 2408 3053 habuit:
2451 2997 2594 3053 Otho
2650 2998 2780 3052 item
2827 3013 2890 3052 ac
2917 2997 3173 3052 Vitellius
3212 3013 3224 3048 :
3287 2995 3380 3066 qui
3437 3006 3575 3062 tres,

1988 3090 2230 3145 sedecim
2296 3089 2564 3143 duntaxat
2628 3090 2900 3142 mensium
2975 3088 3152 3157 spatio
3211 3087 3571 3156 imperarunt.

1987 3182 2173 3235 Titum
2201 3197 2426 3251 quoque
2471 3182 2864 3248 imperatorem
2922 3179 3174 3248 nunquid
3229 3178 3578 3234 Domitianus

1984 3275 2105 3344 ejus
2135 3274 2308 3327 frater
2337 3289 2550 3328 veneno
2570 3271 2886 3326 interfecit?
2919 3271 3036 3340 Ipse
3060 3285 3192 3323 vero
3229 3269 3579 3322 Domitianus

1985 3365 2235 3434 nunquid
2258 3381 2285 3418 a
2307 3364 2593 3433 Stephano
2611 3372 2856 3423 necatus,
2873 3361 3186 3416 miserabili
3207 3361 3356 3413 exitu
3385 3358 3573 3428 periit?

1985 3457 2127 3522 Quid
2153 3456 2220 3510 de
2252 3455 2556 3510 Commodo
2585 3453 2778 3507 dices?
2811 3453 3006 3505 Annon
3034 3451 3111 3504 illi
3155 3450 3316 3519 377
3346 3449 3568 3503 Narcis-

1985 3565 2082 3602 sus
2113 3548 2388 3600 violentas
2417 3561 2614 3599 manus
2659 3545 2879 3598 intulit?
2938 3544 3195 3597 Pertinax
3245 3556 3464 3609 quoque
3513 3547 3572 3593 et

1981 3641 2260 3700 Julianus,
2308 3638 2557 3706 nunquid
2594 3638 2794 3691 similia
2848 3635 2988 3704 passi
3034 3633 3202 3687 sunt?
3257 3632 3374 3686 Jam
3435 3646 3568 3685 vero

1981 3733 2292 3786 Antoninus
2317 3730 2502 3784 Severi
2539 3730 2703 3786 filius.
2730 3743 2913 3780 nonne
2936 3725 3124 3780 Getam
3148 3725 3372 3778 fratrem
3393 3723 3570 3774 inter-
3593 3724 3607 3744 ‘

1981 3821 2132 3882 fecit,
2158 3830 2213 3873 et
2246 3821 2361 3888 ipse
2396 3828 2585 3888 postea
2625 3818 2790 3871 sfuiili
2836 3816 3029 3870 mortis
3060 3830 3259 3886 genere
3316 3813 3572 3866 sublatus

1979 3921 2064 3965 est
2095 3929 2122 3964 a
2153 3908 2442 3963 Martiale?
2479 3907 2619 3973 Quid
2645 3907 2941 3969 Macrinus,
2970 3920 3152 3958 nonne
3184 3905 3328 3957 circa
3355 3903 3564 3971 Byzan-

1983 3999 2118 4053 tium
2155 3998 2358 4066 captivi
2393 3997 2566 4050 instar
2584 3995 3022 4057 circumductus,
3049 4010 3077 4047 a
3131 3993 3247 4047 suis
3297 3991 3568 4044 militibus

1982 4092 2191 4146 nefarie
2218 4089 2530 4142 trucidatus
2586 4089 2706 4142 est?
2759 4085 3018 4141 Aurelius
3074 4085 3201 4139 item
3251 4081 3572 4136 Antoninus

1978 4192 2134 4237 ortus
2165 4199 2230 4236 ex
2258 4181 2395 4234 urbe
2428 4182 2646 4242 Emesa,
2672 4194 2855 4231 nonne
2889 4193 2994 4230 una
3041 4192 3162 4230 cum
3207 4185 3383 4238 matre
3427 4188 3566 4226 con~

1977 4275 2161 4329 fossus
2213 4273 2462 4326 interiit?
2518 4275 2580 4325 lit
2634 4271 2727 4340 qui
2782 4270 2858 4322 illi
2907 4268 3173 4323 successit
3221 4265 3556 4327 Alexander,

301 4353 602 4425 πράγματα
637 4357 926 4426 περιέστη,
955 4357 1048 4410 καὶ
1072 4358 1168 4421 οὓς
1197 4358 1358 4421 αὐτὸς
1389 4360 1562 4412 εἵλετο
1589 4363 1873 4431 συνάρχειν

1990 4380 2163 4417 nonne
2196 4364 2362 4417 simili
2394 4363 2547 4416 exitu
2578 4378 2681 4414 una
2718 4377 2841 4416 eum
2876 4370 3048 4414 matre
3106 4359 3348 4412 interiit?
3405 4359 3546 4424 Qui?!

299 4447 478 4516 αὐτῷ’
511 4448 570 4511 ἐξ
597 4442 671 4502 ὧν
720 4448 1033 4520 Ἐρκούλιος
1059 4449 1404 4519 Μαξιμιανὸς
1451 4451 1542 4503 καὶ
1575 4453 1872 4518 Μσῖξέντιος

295 4543 324 4588 ο
349 4539 539 4592 τούτου
574 4543 725 4606 παῖς,
757 4543 852 4594 καὶ
875 4542 1147 4606 Λικίννιος
1177 4544 1256 4606 δὲ,
1284 4545 1338 4606 ἐς
1360 4543 1562 4614 ἔσχατα
1584 4545 1872 4616 διεφθάρης

298 4629 638 4696 σαν.Ἑξότου
667 4634 725 4687 δὲ
760 4636 1170 4698 Κωνσταντῖνος
1200 4638 1228 4688 ὁ
1283 4637 1636 4707 παναοίὸεμος
1676 4655 1870 4708 παρει-

293 4723 450 4794 λήφει
505 4726 606 4796 τὴν
669 4727 863 4798 ἀρχὴν,
918 4729 1013 4780 καὶ
1061 4727 1160 4800 τὴν
1197 4729 1485 4798 ἐπώνυμον
1526 4731 1674 4801 αὑτῷ
1717 4732 1869 4784 πόλιν

289 4816 619 4886 δειμάμενος
650 4820 729 4890 τῷ
761 4819 983 4890 Χριστῷ
1013 4819 1385 4884 ἀνατέθεικεν,
1420 4820 1657 4890 ἄθρειδή
1699 4840 1788 4891 μοι
1822 4823 1875 4876 εἴ

288 4925 372 4968 τις
399 4909 508 4960 τῶν
548 4912 606 4962 ἐν
631 4911 770 4979 αὐτῇ
803 4909 1089 4978 βασιλέων,
1130 4911 1422 4964 Ἰουλιανοῦ
1449 4912 1574 4983 δίχα
1599 4913 1693 4965 τοῦ
1734 4916 1875 4985 ίερο-

290 4999 495 5062 φὶντου
523 5017 618 5052 σου
646 5002 742 5054 καὶ
768 5001 1060 5072 βασιλέως,
1093 5001 1126 5074 ἢ
1169 5003 1306 5073 πρὸς
1327 5001 1436 5055 τῶν
1466 5003 1735 5075 οίκείωνῆ
1767 5005 1876 5057 τῶν

288 5091 548 5143 ἐναντίων
577 5092 926 5164 διεφθάρη,ἢ
955 5093 1091 5157 ὅλως
1131 5092 1398 5164 τύραννος
1438 5094 1704 5165 βασιλέως
1737 5111 1858 5148 κατι

289 5180 706 5252 εδυνὰστευσεν,
754 5184 786 5255 ἢ
838 5186 997 5254 μόνον
1062 5183 1389 5241 Βασιλίσκου
1414 5187 1528 5263 (96)
1569 5187 1873 5255 ιξώσαντος

1975 4456 2152 4511 dicam
2188 4457 2254 4511 de
2286 4455 2604 4518 Maviniino,
2641 4455 2791 4523 quia
2816 4453 3054 4523 propriis
3091 4452 3359 4505 militibus
3408 4453 3546 4506 inte-

1974 4562 2222 4618 remptus
2255 4549 2376 4602 est?
2409 4547 2549 4614 Quid
2574 4547 2640 4602 de
2671 4547 2972 4604 Gordiano.
3016 4547 3109 4616 qui
3149 4545 3368 4600 insidiis
3421 4544 3542 4598 Phi-
3633 4625 3638 4631 ἢ

1972 4645 2104 4714 lippi
2129 4661 2155 4697 a
2189 4643 2461 4696 militibus
2479 4642 2594 4696 suis
2615 4653 2844 4695 necatus
2869 4641 3122 4694 ultimum
3147 4639 3293 4692 diem
3319 4635 3558 4690 tlansi!

1969 4738 2085 4793 Jain
2116 4751 2249 4788 vero
2307 4734 2595 4802 Philippus
2639 4743 2695 4786 et
2743 4732 2961 4792 Decius,
3019 4731 3109 4784 die
3150 4729 3309 4791 mihi,
3343 4743 3545 4797 quies»,

1975 4843 2157 4881 annon
2196 4825 2264 4880 ab
2295 4824 2548 4879 hostibus
2580 4821 2855 4878 interfecti
2883 4821 3046 4876 sunt?
3078 4819 3265 4873 Gallus
3297 4824 3558 4871 autemet

1975 4918 2311 4972 Volusianus
2364 4931 2550 4970 nonne
2587 4932 2615 4970 a
2651 4916 2767 4970 suis
2795 4913 3133 4969 exercitibus
3160 4919 3289 4966 sunt
3330 4904 3565 4964 necati?

1972 5009 2305 5065 IEmilianus
2362 5023 2583 5077 quoque
2637 5022 2823 5060 nonne
2885 5005 3048 5060 simili
3107 5005 3256 5058 exitu
3316 4995 3565 5055 interiit?

1971 5098 2090 5153 Jam
2131 5095 2476 5160 Valerianus,
2514 5112 2697 5149 nonne
2732 5097 2785 5149 in
2825 5096 3010 5166 prielio
3039 5105 3251 5165 captus,
3281 5107 3309 5146 a
3373 5088 3563 5146 Persis

1971 5188 2390 5244 circumductus
2427 5186 2554 5241 est?
2581 5185 2825 5256 Denique
2866 5186 3114 5242 Gallieno
3149 5202 3248 5258 per
3302 5181 3561 5238 fraudem

1565 5301 1800 5358 VARUE
1836 5300 2235 5358 LECTlONliS.

351 5387 394 5418 ⁹⁹
420 5395 482 5450 C.
505 5395 569 5451 C.
590 5395 860 5468 Περτίναξ
887 5415 967 5453 τε.
1047 5398 1167 5456 “C.
1196 5401 1260 5458 C.
1314 5398 1766 5470 ἐπιϐουλεύματι.

1489 5513 1755 5572 VALESll
1795 5509 2354 5568 ANNOTATIONES.

380 5604 473 5658 9m
539 5605 608 5658 ’Ἡ

358 5604 473 5668 (9⁸³)
539 5605 608 5658 Ἡ
680 5608 872 5674 μόνον
927 5610 1323 5662 Βασιλὶσκου.
1381 5608 1440 5664 In
1488 5623 1632 5664 mam

287 5689 438 5728 σκευ.
469 5674 682 5730 Mallem
716 5687 899 5731 tamen
919 5677 1124 5744 dicere,
1161 5679 1299 5749 πλὴν
1333 5681 1494 5748 μόνον
1524 5689 1632 5732 etc.

680 5608 872 5674 μόνον
927 5610 1323 5662 Βασιλὶσκου.
1381 5608 1440 5664 In
1488 5608 1869 5677 manuscripto

1990 5605 2100 5660 iiee
2134 5605 2443 5661 Tclleriano
2502 5605 2772 5675 scriptum
2832 5597 3100 5671 invenlﬁl
3141 5595 3308 5667 μόνου
3340 5592 3575 5649 826645--

2638 5769 2663 5784 π
