4038 6198
381 203 513 270 2701

455 316 543 381 C,".
587 313 719 383 Περὶ
759 310 1086 381 Ἕφραιμίου
1113 309 1205 362 τοῦ
1240 310 1377 376 μετὰ
1399 295 1738 376 Ἐύφράσιον.

452 409 521 461 Ζ’.
569 408 704 477 Περὶ
758 405 998 474 Ζωσιμά
1031 404 1126 456 καὶ
1186 400 1430 454 Ἰωάννου
1471 399 1576 452 τῶν
1610 397 1956 466 θαυματουρ-

379 497 512 566 γῶν.

450 592 532 643 H'.
575 590 710 658 Περὶ
741 588 1044 642 καθολικῶν
1077 585 1436 656 παθημάτων.

448 679 526 732 Θ¹.
569 679 978 742 Ὠς,’1ουστῖνος
1007 676 1088 729 ἔτι
1106 675 1214 739 ζῶν
1238 670 1662 744 συμϐασιλεύειν
1688 667 1838 736 αὐτῷ
1865 665 1955 722 τὸν

393 769 765 824 Ἰουστινιανὺν
796 769 991 820 εἵλετο.

450 863 506 914 I'.
542 862 665 912 Ὅτι
703 858 1080 920 Ἰουστινιανὸς
1134 857 1253 926 μὲν,
1297 854 1425 918 τοὺς
1466 853 1565 920 τὴν
1595 848 1956 920 Χαλκηδόνιον

381 954 600 1010 σύνοδον
661 951 1092 1020 ἀποδεχομένους
1141 949 1364 1017 ὴγάπα·
1421 943 1674 1013 Θεοδώρα
1728 941 1786 994 δὲ
1831 940 1956 1003 τοὺς

383 1047 628 1098 ἐναντίου
641 1063 674 1106 ς-
689 1044 970 1113 ἔστεργεν.

452 1138 553 1189 1Α’.
624 1137 713 1199 Ὠς
779 1135 1047 1204 Ἀνοιμον
1095 1132 1189 1185 τὸν
1246 1125 1874 1188 Κωνσταντινουπόλεως
1905 1126 1956 1178 -ὁ

380 1231 618 1300 Σευῆρος
671 1227 977 1298 διέπρεψε,
1028 1225 1122 1278 καὶ
1181 1222 1463 1275 Θεοδόσιον
1527 1220 1620 1272 τὸν
1697 1217 1954 1282 Ἀλεξαν-

381 1322 565 1391 δρείας
614 1318 708 1382 οὒς
757 1320 786 1371 ὁ
859 1317 1112 1387 βασιλεὺς
1168 1312 1450 1379 ἐξελάσας,
1515 1310 1736 1380 ἐτέρους
1821 1326 1956 1362 κατ-

378 1415 628 1480 έστησεν.
971 1468 988 1476 ἱ

451 1505 550 1561 IB'.
590 1505 684 1556 Ἐκ
708 1502 805 1571 τῆς
835 1500 1076 1570 ιστορίας
1108 1495 1415 1569 Προκοπίου
1449 1492 1777 1561 Καισαρέως
1827 1489 1954 1560 περὶ

378 1596 634 1680 καὸάδου
671 1595 762 1648 τοῦ
796 1592 1023 1664 Περσῶν
1073 1590 1356 1660 βασιλέως,
1397 1588 1489 1640 καὶ
1543 1584 1786 1654 Χοσρόου
1835 1575 1979 1634 υίοιτ

379 1706 563 1741 αυτου.
1111 1735 1113 1737 _

451 1778 546 1831 II".
574 1777 710 1847 Περὶ
755 1774 1216 1845 Ἀλαμουνδάρου,
1242 1771 1346 1826 καὶ
1381 1768 1699 1838 Ἀζαρέτου,
1729 1768 1823 1821 καὶ
1853 1767 1953 1835 τῆς

379 1873 436 1923 ὲν
480 1869 761 1939 Βυζαντίῳ
822 1867 1088 1932 στάσεως,
1136 1865 1238 1935 τῆς
1289 1864 1518 1934 ὲπίκλην
1578 1860 1850 1932 λαϐούσης
1891 1859 1954 1912 τὸ

378 1963 546 2017 Νίκα.

451 2054 549 2105 ΙΔ’.
583 2051 722 2121 Περὶ
767 2048 1066 2118 Ὀνωρίχου
1092 2047 1186 2100 τοῦ
1239 2045 1512 2100 Βανδίλων
1541 2045 1821 2116 ἄρχοντος,
1858 2045 1954 2097 καὶ

379 2144 486 2196 τῶν
520 2141 1078 2211 γῦωσσοτομηθέντων
1107 2137 1446 2208 Χριστιανῶν
1481 2137 1608 2208 παρ’
1661 2135 1846 2188 αὑτοῦ.

449 2236 552 2288 ΙΕ’.
584 2234 717 2304 Περὶ
758 2231 1062 2285 Καὸαώνου
1085 2230 1179 2283 τοῦ
1215 2230 1588 2298 Μαυρουσίου.

450 2328 567 2394 ICI'.
590 2327 722 2394 Περὶ
739 2324 836 2393 τῆς
865 2322 1222 2390 Βελισσαρίου
1255 2321 1396 2373 κατά
1425 2320 1695 2374 Βανδίλων
1728 2321 1957 2392 ἐκστρα-

377 2418 548 2482 τείας,
579 2417 674 2468 καὶ
706 2417 804 2485 τῆς
832 2413 1038 2467 τούτων
1076 2411 1526 2481 ὲξολοθρεύσεως.

449 2507 551 2562 IZ'.
589 2509 724 2578 Περὶ
753 2506 861 2559 τῶν
913 2505 1020 2558 ἀπὸ
1065 2505 1329 2574 Ἀφρικῆς
1379 2503 1644 2557 ἐλθόντων
1679 2504 1953 2576 λαφύρων.

449 2603 557 2654 ιη’.
591 2601 726 2670 Περὶ
774 2600 884 2652 τῶν
938 2598 1045 2650 ἀπὸ
1097 2595 1394 2666 προσώπου
1444 2595 1620 2665 Ἰησοῦ
1652 2595 1768 2649 υἱοῦ
1800 2597 1956 2667 Ναυῆ

378 2693 771 2762 ἀποφυγόντων
800 2690 1082 2743 Φοινίκων.

449 2787 550 2839 ιε’.
621 2785 756 2855 Περὶ
806 2777 1130 2852 Θευδερίχου
1192 2785 1287 2836 τοῦ
1335 2779 1536 2832 Γότθου
1569 2781 1678 2833 ’καὶ
1731 2779 1840 2832 τῶν
1896 2781 1955 2832 ἐν

393 2875 580 2950 Ῥώμῃ
629 2874 967 2943 ’συμόάντων
1020 2874 1111 2925 ὑπ’
1169 2871 1336 2925 αὐτοῦ
1392 2871 1521 2941 ἄχρι
1585 2870 1694 2923 τῶν
1747 2871 1956 2940 χρόνων

393 2961 790 3024 Ἰουστινιανοῦ,
823 2962 915 3014 καὶ
944 2961 1019 3024 ὡς
1052 2960 1214 3013 πάλιν
1243 2963 1276 3029 ἡ
1315 2958 1501 3030 Ῥώμη
1528 2959 1634 3011 ὑπὸ
1668 2959 1960 3030 Ῥωμαίοις

381 3053 626 3119 γέγονεν,
659 3050 962 3119 Ούῖτίγιδος
995 3052 1259 3121 φυγόντος
1279 3051 1383 3103 ὑπὸ
1413 3044 1601 3104 αὐτοῦ.
1890 3123 1891 3126 η

451 3143 535 3200 κ’.
600 3146 687 3208 Ὠς
719 3146 768 3198 oi
826 3145 1112 3215 λεγόμενοι
1149 3145 1422 3216 Ἔρουλοι,
1480 3149 1538 3198 ὲν
1581 3148 1694 3209 τοῖς
1747 3145 1967 3216 χρόνοις

394 3236 769 3289 Ἰουστινιανοῦ
806 3237 1235 3306 ὲχριστιάνισαν.

453 3327 585 3382 KA'.
630 3329 717 3391 Ὠς
741 3329 902 3381 πάλιν
933 3328 1038 3381 ὑπὸ
1068 3327 1290 3389 Γότθοις
1339 3328 1630 3396 γεγονυῖαν
1682 3326 1780 3396 τὴν
1825 3326 1961 3380 Ῥώ-

384 3435 516 3491 μην,
545 3415 698 3480 αὖθις
727 3422 755 3472 ό
789 3419 1103 3489 Βελισάριος
1129 3418 1464 3471 ἀνεσώσατο.

453 3513 585 3568 KB‘.
635 3511 723 3575 Ὠς
751 3514 846 3565 καὶ
891 3511 1150 3580 Ἀϐασγοὶ
1175 3510 1482 3580 τηνικαῦτα
1532 3510 1958 3582 ἐχριστιάνισαν.

456 3692 586 3746 KI".
631 3691 718 3756 Ὦς
750 3691 846 3745 καὶ
875 3692 925 3743 οἱ
956 3691 1046 3744 τὸν
1087 3689 1288 3742 Τάναϊν
1322 3688 1622 3753 οἰκοῦντες,
1659 3687 1964 3758 τηνικαῦτα

385 3785 826 3856 δχριστιάνισαψ
885 3787 981 3836 καὶ
1031 3782 1159 3851 περὶ
1211 3779 1450 3850 σεισμῶν
1502 3781 1560 3832 ὲν
1601 3778 1810 3834 Ἐλλάδι
1869 3779 1964 3833 καὶ

395 3877 590 3948 Ἀχαΐᾳ
618 3877 943 3946 γεγονότων.

457 4056 582 4109 KA'.
619 4054 755 4125 Περὶ
805 4051 1028 4124 Ναρσοῢ
1058 4045 1150 4106 τοῦ
1183 4050 1496 4125 στρατηγοῦ
1527 4050 1620 4105 καὶ
1655 4050 1964 4120 θεοφιλείας

383 4146 570 4201 αὐτοῦ.
773 4159 784 4168 ·

457 4253 588 4310 KE'.
635 4252 725 4315 Ὠς
753 4255 781 4306 ό
825 4252 1072 4322 Χοσρόης
1113 4250 1293 4321 φθόνῳ
1337 4253 1526 4316 τακεὶς
1555 4253 1649 4306 ἐπὶ
1701 4256 1823 4315 ταῖς
1876 4253 1966 4304 εύ-

389 4344 648 4412 ημερίαις
695 4342 1094 4408 ἰουστινιανοῦ,
1123 4342 1266 4396 κατὰ
1307 4342 1593 4412 Ῥωμαίων
1611 4343 1974 4413 ἐστράτευσε,¹

391 4434 483 4485 καὶ
512 4433 772 4496 πλείστας
807 4430 984 4492 πόλεις
1021 4431 1242 4485 καθεῖλε
1284 4431 1616 4509 Ῥωμαϊκὰς,
1648 4433 1704 4485 ἐν
1755 4425 1843 4494 αἷς
1873 4431 1968 4483 καὶ

391 4524 486 4596 τὴν
517 4525 759 4596 μεγάλην
795 4524 1182 4598 Ἀντιόχειαν.⁵

462 4619 606 4684 λς’.
641 4617 778 4688 Περῖ⁵
805 4615 902 4669 τοῦ
936 4615 1223 4682 γεγονότος
1257 4613 1539 4682 θαύματος
1584 4615 1642 4666 ὲν
1691 4611 1969 4684 Ἀπαμείᾳ

388 4708 482 4762 τοῦ
515 4710 700 4778 τιμίου
731 4709 824 4762 καὶ
843 4705 1114 4772 ζωοποιοῦ
1156 4704 1316 4770 ξύλου
1342 4704 1436 4757 τοῦ
1469 4705 1728 4776 σταυροῦ.

460 4798 588 4852 KZ'.
618 4800 752 4869 Περὶ
788 4801 883 4870 τῆς
909 4799 988 4862 είς
1019 4797 1281 4850 Ἔδεσσαν
1311 4799 1668 4869 ἐκστρατείας
1697 4799 1942 4871 Χοσρόου

458 4981 596 5035 κη’.
614 4979 750 5051 Περὶ
766 4979 858 5033 τοῦ
875 4980 1159 5047 γεγονότος
1180 4980 1237 5031 ἐν
1250 4977 1474 5048 Σεργίου
1496 4978 1647 5032 πόλει
1667 4977 1964 5050 θαύματος.

459 5075 590 5127 κθι.
619 5073 756 5144 Περὶ
786 5071 882 5125 τοῦ
911 5071 1160 5141 λοιμικοῦ
1192 5071 1418 5133 πάθους.

459 5167 537 5219 A'.
609 5165 746 5238 Περὶ
792 5154 929 5234 ,⁷τῆς
991 5161 1446 5233 φιλοχρηματίας,
1497 5161 1590 5216 καὶ
1658 5163 1970 5233 ἀπληστίας

400 5258 796 5314 ἰουστινιανού.
1655 5305 1669 5311 _

456 5351 584 5406 AA'.
645 5353 776 5424 Περὶ
824 5351 918 5405 τοῦ
953 5351 1191 5421 μεγάλου
1221 5349 1352 5404 ναοῦ
1384 5351 1481 5422 τῆς
1526 5351 1711 5416 Ἀγίας
1743 5351 1962 5422 Σοφίας,

388 5442 483 5498 καὶ
510 5443 621 5496 τῶν
667 5444 866 5512 ’Λγίων
912 5444 1274 5498 ’Λποστόλων.
1430 5517 1436 5520 Η

459 5534 585 5590 AB'.
639 5537 772 5605 Περὶ
823 5540 920 5604 τῆς
968 5540 1025 5588 ὲν
1060 5536 1135 5605 τῷ
1156 5537 1348 5606 κυανῷ
1393 5537 1647 5610 χρώματι
1685 5538 1966 5608 1063010:-

392 5624 528 5689 λέως
556 5628 752 5696 μανίας
785 5627 987 5696 μᾶλλον
1015 5628 1046 5698 ἦ
1078 5627 1281 5697 φιλίας.

1271 194 1655 255 HISTORIA}
1697 149 2289 253 ECCLES'IASTICE
2344 189 2573 251 LUIER
2617 190 2710 248 IV.

3481 191 3622 255 2702

2132 304 2218 356 VI.
2250 303 2324 356 [le
2361 293 2674 369 Epltl‘a'miu
2706 302 2740 354 Ii
2787 300 2991 370 phrasii
3033 317 3373 358 successore.

2131 393 2239 446 VII.
2290 394 2364 448 De
2396 393 2607 446 Zosima
2643 404 2699 447 ct
2729 393 2940 448 Joanne
2984 393 3078 462 qui
3109 394 3388 448 miraculis
3423 393 3638 447 clarue~

2058 493 2204 538 I'IIIIL

2129 575 2262 629 VIII.
2289 576 2364 630 De
2390 576 2558 632 totius
2578 577 2729 632 orbis
2768 577 3195 634 calamitatibus.

2128 666 2219 719 IX.
2269 666 2556 732 Quomodo
2602 668 2855 722 Justinus
2893 670 3072 723 adhuc
3114 669 3328 731 vivens,
3374 665 3637 736 collegam

1994 771 2012 789 '
2059 757 2273 825 imperii
2297 758 2668 813 Iustinianum
2694 761 3006 830 assumpsit.

2127 848 2194 901 Χ.
2228 847 2478 914 Qualiter
2513 849 2860 904 Iustinianus
2889 852 3114 921 quidem
3147 865 3242 904 eos
3287 848 3508 903 amabat
3543 847 3637 914 qui

2055 938 2558 995 Chalcedonensem
2590 941 2859 1013 synodum
2901 941 3415 1011 amplecterentur:
3456 939 3639 992 The‘o-
3725 963 3727 965 ·

2056 1033 2191 1088 dora
2218 1048 2349 1087 vero
2385 1049 2480 1088 cos
2507 1037 2600 1102 qui
2631 1034 2903 1105 synodum
2929 1034 3077 1088 illam
3115 1033 3511 1102 improbarent.

2125 1126 2217 1180 XI.
2251 1127 2538 1193 Quomodo
2569 1127 2808 1181 Severus
2825 1126 3145 1179 Anthimum
3177 1123 3640 1191 ConstantinOpo-

2055 1218 2124 1276 lis
2137 1219 2455 1288 episcopum
2475 1227 2531 1273 et
2553 1218 2926 1274 Theodosium
2949 1217 3268 1286 episcopum
3298 1213 3640 1272 Alexandriae

2056 1312 2405 1380 perverterit,
2442 1312 2646 1381 quibus
2677 1311 2808 1366 sedc
2848 1327 2949 1366 sua
2989 1309 3267 1380 expulsis,
3295 1307 3641 1362 Iustiniamis

2056 1405 2194 1460 alios
2217 1405 2526 1459 substituit.
2859 1449 2875 1469 κ
2900 1421 2904 1426 '

2126 1495 2244 1549 XII.
2272 1497 2347 1550 De
2394 1495 2609 1550 Cavade
2644 1497 2933 1550 Persarum
2966 1509 3114 1563 rege,
3162 1501 3218 1546 et
3266 1493 3333 1545 dc
3379 1491 3490 1544 lilio
3519 1491 3641 1558 ejrs

2055 1586 2336 1653 Chosroe,
2393 1602 2463 1642 ex
2519 1587 2678 1642 libris
2742 1587 3109 1640 historiarum
3155 1584 3408 1651 Procopii
3458 1582 3642 1636 Ctesa-

2057 1679 2276 1734 riensis.

2124 1771 2263 1826 XIII.
2294 1773 2370 1826 De
2392 1771 2768 1826 Alamundaro
2796 1779 2851 1825 et
2885 1771 3113 1824 Azareto
3150 1786 3164 1822 :
3196 1778 3252 1823 et
3275 1768 3342 1823 de
3364 1767 3639 1823 seditione

2057 1868 2178 1933 quae
2199 1871 2319 1917 orta
2339 1873 2424 1917 est
2437 1861 2936 1932 Constantinopoli,
2962 1862 3050 1917 cui
3073 1877 3373 1932 cognomen
3399 1861 3636 1915 inditum

2053 1954 2161 2010 fuit
2182 1955 2344 2010 Νίκα.
3111 1945 3116 1948 ”

2127 2049 2266 2104 XIV.
2293 2049 2368 2103 De
2395 2047 2672 2103 IIuncrico
2720 2047 3086 2102 Vandalorum
3115 2062 3261 2116 rege,
3292 2055 3347 2100 et
3381 2045 3448 2099 de
3471 2043 3636 2098 Chri-

2057 2141 2249 2194 stianis
2277 2141 2480 2210 quibus
2511 2140 2751 2208 linguam
2777 2137 3196 2209 prtecidijussit.

2128 2233 2243 2286 XV.
2275 2233 2349 2303 De
2377 2230 2631 2286 Cabaone
2657 2230 2866 2284 Mauro.

2128 2321 2265 2378 XVI.
2293 2323 2367 2378 De
2396 2322 2645 2378 Belisarii
2679 2321 3029 2390 expeditione
3057 2320 3325 2374 adversus
3343 2317 3636 2381 Vandalos,

2058 2430 2363 2484 eorumque
2397 2414 2796 2481 internecione.

2131 2506 2292 2560 XVII.
2327 2507 2400 2574 De
2431 2505 2620 2574 spoliis
2653 2520 2774 2573 quae
2805 2504 2974 2558 relata
2999 2511 3128 2558 sunt
3156 2519 3223 2557 ex
3253 2503 3457 2557 AIrica.

2129 2597 2317 2652 XVIII.
2349 2597 2424 2651 De
2448 2596 2809 2652 Phoenicibus
2831 2596 2925 2667 qui
2951 2595 3122 2667 fugati
3156 2605 3285 2652 sunt
3313 2611 3344 2648 a
3368 2595 3496 2650 Iesu
3529 2593 3641 2649 filio

2063 2688 2232 2745 Nave.

2135 2780 2277 2836 XIX.
2313 2783 2390 2837 De
2420 2781 2771 2837 Theodorico
2805 2781 3112 2837 Gothorum
3158 2796 3308 2851 rege,
3349 2790 3406 2834 et
3451 2778 3518 2834 de
3557 2779 3646 2835 his

2064 2890 2185 2944 quae
2216 2876 2309 2929 illo
2339 2885 2598 2946 regnante
2627 2891 2801 2944 usque
2832 2874 2899 2928 ad
2929 2873 3223 2928 Iustiniani
3254 2885 3502 2942 tempora
3534 2867 3647 2926 Ro-

2067 2983 2167 3022 mae
2187 2968 2506 3023 acciderunt
2531 2987 2544 3022 :
2580 2977 2747 3039 utque
2769 2968 2940 3022 Roma
2966 2967 3165 3038 iterum
3194 2967 3248 3020 in
3268 2967 3644 3020 Romanorum

2067 3069 2393 3130 potestatem
2425 3060 2641 3115 venerit
2667 3075 2791 3114 cum
2822 3059 3026 3130 Vitiges
3061 3059 3212 3112 illinc
3237 3057 3559 3127 aufugisset.

2135 3153 2253 3209 XX.
2289 3155 2575 3220 Quomodo
2603 3148 2896 3208 Iu'stiniani
2927 3152 3270 3222 temporibus
3301 3151 3452 3207 Eruli
3484 3150 3647 3206 Chri-

2068 3247 2298 3301 stianam
2327 3246 2488 3304 fidem
2511 3247 2745 3317 amplexi
2770 3247 2940 3322 sint.’

2138 3337 2280 3392 XXI.
2305 3337 2590 3406 Quomodo
2631 3338 2929 3393 Belisarius
2963 3338 3160 3393 urbem
3208 3338 3440 3392 Romam
3483 3350 3649 3406 quam

2067 3425 2230 3482 Gothi
2265 3429 2465 3482 iterum
2495 3438 2756 3497 ceperant
2787 3429 3156 3498 recuperavit.

2139 3517 2303 3572 XXII.
2334 3518 2620 3585 Quomodo
2647 3520 2841 3574 iisdem
2862 3519 3204 3588 temporibus
3219 3517 3417 3590 Abasgi
3432 3533 3650 3588 quoque

2068 3605 2438 3662 Christianam
2483 3607 2645 3662 Iidem
2679 3607 2913 3676 amplexi
2939 3614 3087 3661 sunt.

2140 3699 2332 3754 XXIII.
2370 3699 2657 3766 Quomodo
2694 3702 2862 3752 etiam
2897 3698 3125 3752 Barbari
3170 3697 3265 3766 qui
3297 3695 3529 3750 Tanaim
3560 3711 3651 3748 ac-

2071 3778 2281 3853 celunt,
2325 3791 2694 3846 Christianam
2731 3790 3050 3860 religionem
3081 3789 3311 3857 amplexi
3344 3789 3473 3842 sint.
3512 3787 3651 3844 Item

2073 3886 2139 3939 de
2179 3895 2339 3940 terra:
2361 3883 2604 3938 motibus
2637 3882 2732 3952 qui
2760 3883 2816 3936 in
2843 3881 3050 3937 Gracia
3085 3891 3141 3936 et
3170 3880 3370 3936 Achaia
3409 3880 3653 3950 contige-

2073 3988 2221 4033 runt.
2855 4016 2862 4019 --

2129 4053 2306 4140 .383
2341 4067 2534 4124 XXIV.
2567 4067 2644 4123 De
2681 4067 2853 4123 Narse
2891 4065 3155 4136 magistro
3194 4063 3454 4129 militum,
3485 4072 3542 4118 et
3583 4063 3651 4116 de

2075 4164 2320 4235 ejusdem
2346 4164 2566 4232 pietate.

2143 4255 2306 4309 XXV.
2338 4254 2624 4320 Quomodo
2662 4251 2959 4308 Chrosroes
2985 4251 3065 4306 ob
3097 4267 3186 4306 res
3217 4265 3476 4321 prospere
3504 4265 3533 4303 a
3559 4249 3658 4304 Ju-

2073 4345 2311 4401 stiniano
2334 4354 2517 4415 gestas
2547 4344 2752 4398 invidia
2775 4343 3088 4398 stimulatus
3110 4343 3310 4397 bellum
3339 4341 3525 4396 intulit
3548 4342 3658 4396 Ro-

2072 4436 2272 4500 manis,
2311 4435 2619 4505 multasque
2647 4435 2814 4491 urbes
2844 4435 3058 4504 imperii
3100 4433 3365 4498 Romani,
3405 4442 3568 4503 atque
3598 4433 3652 4486 in

2075 4528 2162 4582 his
2186 4543 2435 4599 magnum
2466 4528 2814 4582 Antiochiam
2847 4527 3136 4582 destruxit.

2143 4623 2331 4679 XXVI.
2372 4625 2445 4678 De
2471 4623 2696 4694 pretiosi
2728 4638 2791 4677 ac
2816 4621 3019 4674 vivifici
3050 4621 3183 4690 ligni
3231 4627 3431 4674 sanctae
3473 4617 3656 4673 crucis
3721 4627 3726 4632 ‘

2075 4715 2343 4768 miraculo
2371 4714 2518 4784 quod
2538 4713 2781 4783 Apamiae
2809 4712 3014 4767 factum
3045 4721 3148 4766 est.

2146 4803 2358 4861 XXVII.
2395 4807 2472 4860 De
2501 4806 2764 4861 Chosrois
2805 4805 3154 4875 expeditione
3190 4804 3454 4858 adversus
3481 4801 3650 4854 Edes~

2076 4913 2214 4953 sam.

2140 4988 2378 5043 XXVIII.
2410 4988 2487 5043 De
2519 4987 2785 5044 miraculo
2811 4988 2956 5058 quod
2982 4987 3184 5042 factum
3213 4995 3296 5040 est
3323 4983 3650 5056 Sergiopoli.

2142 5080 2334 5134 XXIX.
2369 5080 2445 5135 De
2473 5080 2753 5149 pestilenti
2782 5080 2996 5134 morbo.

2143 5168 2310 5222 XXX.
2342 5169 2420 5249 De
2446 5168 2764 5237 inexplebili
2801 5168 3031 5222 avaritia
3057 5166 3379 5224 Iustiniani.

2139 5347 2330 5403 XXXI.
2361 5349 2437 5403 De
2463 5363 2658 5418 magna
2685 5348 2918 5403 ecclesia
2949 5349 3162 5406 Sanctae
3192 5349 3408 5420 Sophiae
3441 5357 3494 5402 et
3516 5348 3654 5402 San-

2070 5451 2286 5496 ctorum
2315 5441 2726 5511 Apostolorum.

2139 5533 2352 5588 XXXII.
2390 5535 2463 5588 De
2491 5532 2784 5588 Iustiniani
2803 5532 2986 5588 furore
3016 5535 3202 5603 potius
3234 5549 3398 5603 quam
3423 5535 3659 5588 benevo-

2070 5625 2235 5680 lentia
2274 5641 2400 5699 erga
2437 5625 2740 5681 factionem
2767 5626 3122 5682 Venetorum.
