4038 6198
339 296 476 362 97.3

1252 307 1638 370 HlSTORI/E
1675 309 2271 376 ECCLESIASTICJ'I
2309 319 2541 377 LIBER
2584 319 2680 378 ιν.

3501 313 3620 388 7Ῑέ

335 427 366 478 η
393 410 682 511 ΔἈντιόχου
733 420 1152 511 προσηγορεύθη
1192 425 1367 490 πόλις,
1402 429 1496 482 καὶ
1551 431 1719 502 ἄλλης
1763 451 1900 502 προ-

2018 445 2256 506 “lassata
2287 445 2391 491 est.
2429 437 2549 502 Quo
2575 436 2799 506 quidem
2849 445 3098 507 tempore
3144 440 3441 511 Theopolis
3476 462 3603 500 mu-

322 507 472 571 νοίας
506 508 640 576 πρὸς
670 510 764 563 τοῦ
797 510 1065 580 βασιλέως
1097 515 1355 586 τυχοῦσα.

942 717 1196 776 ΚΕΦΔΛ.
1223 721 1300 777 Ζ’.

367 804 500 873 Περὶ
529 801 774 873 Ζωσιμᾱ
800 807 896 860 καὶ
918 807 1203 865 Ἰωάννου
1232 810 1352 866 τῶν
1381 816 1870 888 θαυματουργῶν.

393 917 539 972 Ἀλλ’
572 920 697 972 ἐπεὶ
730 919 840 972 τῶν
860 919 907 952 ⁸⁸
939 923 1619 998 εἰρημένωνὲμνήσθημεν
1649 929 1911 1001 παθημά-

331 1027 453 1075 των,
491 1012 625 1081 φέρε
648 1012 743 1065 καλ⁸
771 1012 932 1083 ἕτερα
954 1014 1092 1068 ἄττα
1107 1015 1216 1070 τῶν
1233 1017 1528 1087 ἀξιολόγων
1585 1022 1663 1093 τῷ
1689 1024 1914 1094 παρόντι

337 1101 662 1172 προσθῶμεν
726 1103 895 1173 πόνῳ,
935 1106 1082 1177 ειπερ
1135 1107 1194 1170 ἐς
1235 1110 1383 1178 ἡμᾶς
1423 1113 1488 1164 ἐκ
1539 1115 1648 1166 τῶν
1693 1117 1913 1186 ἱστορη-

329 1199 539 1250 ιτέντων
569 1198 875 1267 ἐνήνεκται.
903 1201 1162 1270 Ζωσιμᾶς
1195 1203 1356 1274 ἀνὴρ,
1401 1206 1554 1272 γένος
1587 1207 1787 1273 Φοῖνιξ,
1816 1210 1914 1280 τῆς

326 1290 629 1361 λεγομένης
680 1291 989 1360 παραλίας,
1023 1291 1216 1362 κώμην
1274 1296 1465 1365 Σίνδην
1509 1299 1740 1369 πατρίδα
1777 1301 1912 1372 κλη-

325 1383 666 1452 ρροισάμενος,
733 1384 1021 1453 διέχουσαν
1062 1387 1163 1455 τῆς
1199 1387 1310 1438 τῶν
1357 1389 1572 1458 Τυρίων
1615 1390 1731 1444 οὔτι
1783 1409 1914 1446 στα-

329 1473 470 1535 δίους
516 1480 582 1536 κ’,
609 1474 703 1527 τὸν
741 1477 950 1546 μονήρη
987 1477 1286 1531 διαθλεὺων
1313 1478 1360 1512 ’⁸
1410 1480 1545 1550 βίον.
1577 1477 1744 1544 Οὗτος
1791 1485 1912 1547 ταῖς

327 1581 385 1615 τε
434 1565 657 1632 ἀφέξεσι
701 1567 798 1619 καὶ
837 1566 1089 1636 μεθέξεσι
1121 1569 1230 1621 τῶν
1260 1570 1500 1639 τροφῶν,
1534 1573 1628 1624 καὶ
1667 1575 1787 1636 ταῖς
1816 1573 1912 1626 ἄλ-

329 1659 445 1716 λαις
494 1659 720 1727 ἀρεταῖς
761 1657 854 1710 τοῦ
885 1658 1024 1728 βίου,
1055 1658 1146 1711 τὸν
1177 1660 1309 1713 Θεὸν
1341 1663 1777 1733 ὲσοικισάμενος,
1836 1665 1912 1728 ὡς

2009 538 2124 584 tato
2166 531 2391 583 nomine
2434 530 2703 599 appellata
2732 537 2838 592 est,
2870 537 2921 582 et
2955 530 3253 600 imperator
3291 535 3439 589 omni
3471 552 3603 592 cura

2008 638 2073 678 ac
2105 622 2390 694 diligentia
2429 623 2480 677 ei
2513 623 2816 692 prospexit.

2537 731 2702 802 339
2748 732 2903 787 CAP.
2949 733 3066 789 vn.

2080 823 2158 879 De
2189 823 2402 878 Zosima
2433 833 2483 876 ct
2504 823 2712 877 Joanne
2742 825 2832 892 qui
2872 826 3148 879 miraculis
3191 834 3530 882 claruerunt.

2082 937 2190 993 Sed
2228 938 2487 1007 quoniam
2540 938 2890 1006 superiorum
2941 939 3313 992 calamitatum
3362 940 3602 994 mentio-

2016 1045 2140 1086 nom
2187 1031 2439 1095 fecimus,
2474 1047 2622 1085 nunc
2671 1031 2774 1084 alia
2818 1031 3064 1100 quaedam
3099 1033 3250 1100 Operi
3282 1042 3471 1085 nostro
3513 1040 3599 1085 al-

2017 1133 2284 1188 texamus,
2316 1133 2618 1178 memoratu
2668 1123 2721 1176 in
2774 1123 2970 1190 primis
3000 1124 3184 1192 digna,
3223 1140 3343 1193 quae
3386 1124 3454 1177 ab
3495 1124 3606 1177 illis

2015 1217 2152 1286 ipsis
2194 1216 2286 1285 qui
2321 1231 2383 1269 ea
2433 1215 2688 1270 viderant
2721 1215 3055 1284 accepimus.
3103 1216 3348 1269 Zosimas
3377 1215 3601 1284 quidem

2014 1310 2117 1364 luit
2167 1309 2491 1372 monachus,
2535 1318 2692 1363 ortus
2737 1325 2805 1362 ex
2849 1308 3110 1362 Phaenice
3160 1323 3280 1376 qum
3327 1307 3602 1360 maritima

2014 1401 2220 1455 dicitur
2248 1419 2260 1453 :
2290 1400 2528 1454 Patriam
2554 1399 2750 1452 habuit
2773 1398 3020 1463 Siudem,
3044 1400 3224 1453 vicum
3253 1398 3347 1466 qui
3375 1397 3442 1450 ab
3467 1397 3603 1450 urbe
3638 1468 3640 1470 _

2015 1493 2161 1565 Tyro
2202 1492 2392 1562 viginti
2446 1493 2559 1546 fere
2610 1490 2802 1544 stadiis
2849 1489 3037 1546 distat.
3089 1491 3138 1544 Is
3189 1499 3301 1542 tum
3351 1489 3605 1543 ciborum

2015 1585 2346 1640 abstinentia
2379 1593 2435 1638 et
2465 1599 2588 1647 usu,
2626 1592 2741 1637 tum
2787 1582 2910 1636 aliis
2943 1582 3264 1645 virtutibus,
3314 1583 3385 1636 ita
3429 1581 3604 1634 Deum

2015 1677 2120 1730 sibi
2145 1675 2560 1740 conciliaverat,
2592 1683 2654 1728 ut
2688 1690 2796 1727 non
2825 1673 2988 1728 modo
3007 1689 3068 1727 ea
3097 1689 3217 1742 qua:
3240 1673 3420 1726 futura
3441 1680 3604 1726 erant

330 1749 401 1814 μὴ
425 1748 582 1816 μόνον
595 1747 776 1819 διορᾷν
788 1749 857 1802 τὰ
870 1749 1311 1818 μὲλλονταρλλὰ
1326 1754 1419 1806 καὶ
1433 1755 1614 1824 πάσης
1636 1755 1908 1820 ἀπαθείας

2018 1768 2373 1840 praevideret.
2417 1783 2610 1822 verum
2655 1767 2822 1830 etiam
2862 1765 2932 1820 ab
2986 1766 3135 1820 omni
3183 1763 3603 1834 perturbatione

331 1838 393 1905 χά
405 1853 488 1904 ριν
512 1836 717 1896 λαϐεῖν,
735 1838 898 1902 συνῆν
921 1840 1030 1892 τῶν
1047 1858 1151 1894 τινι
1171 1843 1330 1912 ὲπισή
1344 1861 1457 1913 μων
1469 1843 1571 1897 ἀνὰ
1589 1844 1685 1915 τὴν
1701 1845 1912 1900 Καίσα-

328 1945 419 1995 pa;
449 1929 604 1981 πόλιν
628 1931 761 2000 (29),
785 1931 818 2001 ἦ
845 1933 972 2000 μιᾶς
989 1933 1098 1985 τῶν
1116 1934 1490 1988 Παλαιστίνων
1509 1938 1746 2007 ἡγεῖται’
1766 1933 1833 2008 ἦν
1855 1937 1912 1990 δὲ

329 2021 433 2088 ἄρα
449 2015 602 2084 οὗτος
617 2022 989 2092 Ἀρκεσίλαος,
1006 2024 1106 2094 ἀνὴ
1114 2043 1144 2095 ρ
1163 2027 1493 2096 εὐπατρίδης
1508 2045 1565 2081 τε
1591 2028 1687 2080 καὶ
1709 2028 1911 2097 λόγιος.

327 2107 384 2162 si
410 2127 466 2163 τε
484 2111 812 2182 ἀξιωμάτων
834 2115 930 2167 καὶ
959 2115 1066 2168 τῶν
1082 2115 1286 2168 λοιπῶν
1320 2115 1428 2169 τῶν
1456 2117 1800 2187 κοσμούντων
1817 2121 1914 2172 ἁν-

319 2200 450 2270 δῷς
467 2202 578 2270 βεον
598 2199 946 2273 ἥκων.οὗτος
966 2207 1260 2277 ὀΖωσιμᾶς
1282 2211 1338 2260 ὲν
1361 2207 1436 2278 τῷ
1459 2211 1657 2280 ἀκαρεί
1679 2211 1776 2279 τῆς
1793 2210 1916 2262 Ἀνο

323 2295 504 2360 τιὸχου
531 2293 792 2357 πτώσεως
813 2294 1013 2364 ἀθρόον
1046 2298 1475 2365 ἐπιστυγνάσας,
1515 2298 1914 2370 ὀλοφυρόμενός

327 2389 506 2443 τε,καὶ
529 2385 719 2456 μύχιον
736 2387 1066 2458 ἀνοιμώξας,
1088 2384 1302 2460 δάκρυᾶ
1321 2409 1379 2443 τε
1400 2389 1636 2446 τοσαῦτα
1662 2392 1911 2454 σπείσας,

327 2478 508 2542 ὡςκαὶ
530 2479 626 2550 τὴν
652 2479 756 2549 γῆν
777 2481 1084 2553 ὲπισρέξαι,
1105 2482 1468 2554 θυμιατήριον
1484 2485 1806 2557 ἐξῃτήσατο,
1822 2486 1914 2539 καὶ

328 2571 506 2622 πάντα
533 2568 624 2624 τὸν
661 2571 837 2643 χῶρον
868 2574 926 2626 ὲν
954 2566 998 2641 ᾧ
1029 2575 1488 2645 καθειστήκεισαν
1523 2576 1911 2646 ἐπιθυμιάσας,

328 2661 420 2714 ἐπὶ
445 2663 550 2732 γῆς
579 2665 772 2718 ἑαυτὸν
811 2665 1013 2736 ῥίπτει,
1053 2670 1384 2738 προσευχαῖς
1417 2685 1475 2721 τε
1509 2669 1602 2722 καὶ
1627 2670 1799 2734 λιταῖς
1825 2670 1914 2722 τὸν

328 2749 464 2803 Θεὸν
509 2752 844 2822 ίλεούμενος.
897 2751 1034 2810 Εἶτα
1081 2756 1490 2825 πυνθανομένου
1535 2757 1627 2810 τοῦ
1660 2758 1915 2827 Ἀρκεσι-

331 2845 482 2905 λάου,
522 2845 576 2898 τί
608 2847 717 2914 ἄρα
737 2847 800 2899 τὸ
838 2847 981 2900 οὕτω
1011 2847 1346 2919 διαταράξαν
1378 2849 1487 2918 εἴη,
1519 2847 1816 2920 διαρρήδην
1839 2843 1914 2901 εἵ-

332 2955 422 3000 πε,
455 2937 553 3008 τὴν
583 2939 722 3010 ἠχὴν
746 2941 846 3009 τῆς
870 2941 1144 3010 Ἀντιόχου
1189 2940 1451 3004 πτώσεως
1489 2941 1687 2995 αὖτὲκα
1713 2941 1780 2996 τὰ
1801 2936 1916 2995 ὧτὰ

329 3032 378 3083 οἱ
422 3031 852 3100 περιϐομϐῆσαι.
911 3031 1074 3085 Ὥστε
1117 3032 1209 3086 τὸν
1267 3033 1620 3103 Ἀρκεσίλαον
1665 3034 1916 3097 καὶτοὺς

2016 1861 2184 1917 animi
2222 1877 2318 1931 per
2346 1860 2444 1915 Dei
2477 1860 2709 1930 gratiam
2755 1859 2896 1913 liber
2930 1867 3096 1913 esset.
3126 1857 3262 1912 Cum
3299 1857 3464 1926 igitur
3498 1855 3601 1908 ali-

2015 1953 2236 2024 quando
2275 1960 2420 2006 esset
2465 1953 2518 2005 in
2565 1950 2700 2005 urbe
2730 1949 2976 2004 thsarea
3005 1964 3125 2018 qua:
3169 1947 3489 2015 metropolis
3517 1953 3602 2000 est

2017 2045 2181 2099 unius
2209 2060 2239 2098 e
2275 2043 2454 2097 tribus
2500 2041 2827 2105 Palmstinis,
2865 2041 2919 2094 in
2960 2040 3172 2094 :edibus
3218 2035 3602 2108 spectatissimi

2016 2134 2298 2203 cujusdam
2345 2132 2451 2187 viri
2485 2149 2498 2184 :
2536 2131 2582 2184 is
2621 2141 2739 2204 erat
2772 2130 3106 2192 Areesilaus,
3150 2128 3236 2180 vir
3300 2127 3503 2180 nobilis
3545 2132 3604 2180 et

2015 2224 2289 2288 eruditus,
2331 2223 2424 2293 qui
2457 2233 2513 2278 et
2546 2221 2854 2276 honoribus
2896 2236 3034 2289 quos
3077 2227 3342 2289 gesserat,
3373 2227 3428 2270 et
3472 2217 3602 2270 relic

2015 2316 2141 2385 quis
2181 2315 2308 2369 vita:
2351 2313 2690 2368 ornamentis
2748 2315 3080 2380 conspicuus
3141 2311 3492 2365 habebatur:
3534 2325 3602 2361 eo

2018 2408 2135 2478 ipso
2170 2405 2432 2476 temporis
2477 2404 2710 2458 articulo
2755 2418 2866 2472 quo
2909 2403 3201 2456 Antiochia
3248 2411 3409 2456 terrae
3450 2410 3601 2455 motu

2015 2501 2282 2555 subversa
2331 2509 2436 2558 est,
2491 2506 2717 2566 repente
2770 2505 2980 2550 mutato
3032 2498 3184 2550 vultu
3238 2497 3604 2567 ingemiscens

2016 2600 2180 2659 atque
2220 2589 2390 2642 altum
2421 2587 2726 2656 suspirans,
2765 2595 2971 2640 tantam
3001 2587 3363 2656 lacrymarum
3390 2587 3601 2656 copiam

2015 2679 2232 2741 elIudit,
2267 2685 2326 2731 ut
2371 2678 2547 2731 solam
2593 2673 2982 2730 madefaceret.
3037 2675 3208 2730 Simul
3259 2675 3606 2730 thuribulum

2015 2766 2288 2834 poposcit,
2323 2778 2530 2833 perque
2561 2763 2882 2817 universum
2928 2765 3110 2818 locum
3143 2766 3196 2818 in
3231 2780 3339 2834 quo
3367 2765 3604 2828 stabant,

2017 2870 2142 2910 cum
2175 2855 2301 2908 thus
2333 2853 2686 2917 adolevisset,
2723 2855 2875 2910 humi
2906 2871 2964 2909 se
2995 2856 3314 2925 prostravit,
3348 2857 3607 2926 precibus

2016 2959 2080 2998 ac
2131 2943 2633 3012 supplicationibus
2676 2945 2848 2997 Deum
2902 2944 3242 3014 placaturus.
3290 2944 3604 2999 Sciscitanti

2017 3037 2217 3093 deinde
2247 3039 2548 3102 Arcesilan,
2587 3038 2850 3108 quidnam
2881 3050 3029 3094 esset
3059 3041 3206 3110 quod
3237 3041 3388 3094 illum
3421 3049 3603 3094 tanto-

331 3139 405 3174 πει
414 3123 777 3191 ρατετυχότας
793 3124 1280 3194 ἐκπεπληγμένους
1294 3124 1609 3194 ἀναγράψαι
1623 3125 1720 3196 τὴν
1735 3125 1905 3197 ὥραν,

2018 3145 2144 3200 pere
2217 3131 2637 3196 conturbasset,
2701 3129 2907 3186 diserte
2984 3131 3270 3201 respondit
3333 3132 3604 3202 fragorem

331 3215 509 3284 εὑρεῖν
538 3231 595 3268 τε
631 3216 688 3278 ἐς
719 3215 946 3286 ὕστερον
983 3215 1154 3280 οὔτως
1185 3214 1262 3279 ὡς
1287 3219 1315 3269 ὁ
1344 3218 1599 3288 Ζωσιμᾶς
1625 3217 1912 3287 ἀπεφήνα-

331 3323 412 3360 το.
447 3307 546 3359 Διά
578 3306 768 3360 τούτου
806 3306 1000 3360 πολλαί
1025 3324 1085 3359 τε
1125 3309 1217 3362 καὶ
1248 3308 1436 3378 ἕτεραι
1469 3309 1792 3380 θεοσημεῖαι
1817 3326 1912 3377 γε-

332 3398 574 3468 γόνασιν,
608 3393 682 3454 ὧν
711 3399 773 3452 τὸ
820 3398 1023 3468 πλῆθος
1068 3401 1283 3468 παρεὶς,
1313 3399 1435 3453 ἐπεὶ
1469 3402 1577 3454 καὶ.
1609 3401 1914 3472 κρείττονος

2021 3221 2232 3275 ruentis
2280 3221 2587 3276 Antiochia:
2625 3222 2852 3278 auribus
2891 3224 3007 3278 suis
3051 3225 3217 3278 modo
3268 3223 3605 3278 insenuisse.

2009 3313 2171 3368 ideo
2208 3324 2268 3368 ut
2299 3315 2614 3368 Arcesilaus
2659 3325 2714 3368 et
2757 3315 2851 3384 qui
2903 3326 3017 3370 tum
3070 3318 3334 3380 aderant,
3381 3325 3605 3384 stupore

2021 3403 2285 3474 perculsi,
2308 3405 2501 3460 horam
2529 3405 2938 3473 adnotaverint,
2972 3418 3273 3479 posteaque
3295 3407 3604 3478 deprehen-

1577 3583 1582 3587 ς
1611 3545 1844 3600 VARIAE
1878 3545 2286 3604 LECTIONES.

409 3642 453 3670 "
474 3636 534 3692 C.
569 3636 630 3693 C.
661 3638 896 3708 tuabi}-
957 3639 1002 3670 ⁹⁶
1018 3637 1487 3709 διαθριαμϐεύων.

1535 3756 1803 3812 νΑιιῖδιι
1838 3759 2398 3815 ANNOTATIONES.

339 3857 392 3914 id
419 3860 846 3924 cognomentum
876 3850 1187 3907 Antiochia:
1240 3852 1482 3908 inditum
1523 3868 1644 3908 esse
1699 3855 1916 3909 scribit.

341 3929 488 3984 Idem
515 3925 681 3978 etiam
709 3930 942 3995 tes_tatur
967 3924 1307 3995 _Stephanu_s
1358 3924 1654 3995 Byzantius
1688 3925 1742 3978 in
1767 3941 1918 3995 voce

338 3995 651 4068 Θεούπολις,
682 4001 738 4046 et
772 3993 1139 4068 Theophanes
1167 3993 1530 4068 in_Cli_ronico_.
1561 3993 1803 4068 Contigit
1830 3997 1920 4050 hic

340 4065 616 4140 posterior
642 4072 800 4140 terra:
828 4063 1018 4140 Διιιιίιιις
1074 4065 1279 4140 mensis
1299 4063 1629 4140 Novembris
1652 4063 1748 4118 die
1771 4081 1920 4140 nono

339 4133 403 4193 ac
425 4135 710 4196 vicesimo,
751 4133 1053 4188 indictione
1075 4135 1330 4202 septima,
1370 4135 1597 4188 biennio
1622 4144 1745 4203 post
1769 4137 1922 4204 prio-

343 4227 458 4262 rem
489 4215 648 4259 terra;
679 4213 996 4276 motuin.th
1023 4205 1217 4258 scribit
1280 4204 1426 4276 idem
1468 4205 1735 4276 Theoph.
1795 4222 1915 4276 pag.

349 4281 467 4338 1331,
500 4291 596 4330 seu
625 4274 812 4343 potius
853 4274 1077 4342 triginta
1123 4275 1406 4328 mensibus
1431 4275 1635 4343 elapsis
1667 4291 1694 4328 a
1728 4274 1917 4344 priore

347 4352 438 4405 illo
493 4358 652 4401 terra:
686 4355 864 4403 motu,
910 4353 973 4397 ut
1024 4354 1174 4400 recte
1229 4345 1422 4399 scribit
1479 4346 1765 4415 Evagrins.
1816 4345 1920 4400 Tot

345 4423 492 4474 enim
532 4424 894 4468 numerantur
934 4429 1152 4469 menses
1217 4431 1247 4469 a
1289 4415 1378 4469 die
1421 4418 1492 4470 ‘29
1525 4417 1731 4470 mensis
1769 4415 1914 4480 Maii,

350 4505 491 4544 anno
541 4485 745 4540 Christi
801 4484 924 4546 5725,
955 4485 1023 4536 ad
1085 4486 1231 4539 diem
1265 4486 1335 4540 ‘29
1388 4486 1737 4548 Novembris,
1785 4489 1914 4542 anni

345 4558 548 4616 Christi
579 4556 700 4609 528.
732 4554 854 4620 Quo
884 4555 1104 4624 quidem
1154 4571 1301 4609 anno
1355 4557 1586 4611 indictio
1621 4559 1854 4625 septima
1885 4574 1915 4613 a

348 4627 658 4699 Septembri
709 4641 904 4699 mense
936 4627 1215 4699 numerari
1242 4636 1509 4699 coeperat.
1567 4627 1647 4699 Es
1673 4643 1784 4696 quo
1815 4643 1916 4699 ap-

347 4695 504 4771 paret
531 4695 878 4771 verissimum
904 4711 1024 4769 esse
1061 4697 1112 4749 id
1139 4697 1286 4765 quod
1313 4699 1571 4771 superius
1596 4695 1913 4771 observavi,

346 4766 590 4838 priorem
634 4766 805 4838 illum
833 4766 1019 4838 terrae
1048 4778 1258 4820 motum
1297 4769 1609 4823 Antioehim
1645 4768 1915 4822 accidisse

345 4835 493 4893 {iuno
512 4835 721 4894 Christi
748 4836 870 4897 526,
904 4852 1014 4890 non
1053 4846 1258 4902 autem,
1310 4847 1372 4892 ut
1407 4837 1676 4892 Baronius
1722 4839 1916 4892 existi-

348 4910 536 4966 mavit.
569 4906 692 4960 δεῖ».
731 4906 1101 4961 Posteriorem
1131 4916 1312 4961 tamen
1343 4917 1504 4963 terra)
1533 4917 1740 4961 motum
1767 4917 1915 4965 recte

346 4979 617 5034 Baronius
671 4977 864 5031 retulit
929 4993 1072 5030 anno
1098 4977 1300 5031 Christi
1356 4979 1479 5038 528,
1538 4979 1682 5048 quod
1720 4993 1912 5034 verum

345 5059 449 5103 est.
487 5048 620 5102 Nam
645 5063 772 5101 eum
801 5048 1015 5116 Evagrii
1037 5049 1279 5118 calculos
1306 5058 1592 5118 sequatur,
1621 5064 1748 5103 eum
1802 5057 1915 5103 ter-

346 5129 646 5173 rznmotum
668 5133 814 5171 anno
840 5119 943 5172 527
996 5117 1200 5173 referre
1251 5117 1574 5173 debuerat:
1635 5119 1912 5188 siquidem

347 5191 501 5256 prior
525 5189 613 5242 ille
639 5197 798 5242 terra:
831 5197 1012 5241 motus
1033 5190 1358 5256 Antiochia,
1389 5205 1535 5244 anno
1555 5189 1658 5244 523
1713 5191 1913 5245 natalis

347 5259 620 5313 Dou'ninici
655 5259 996 5329 contigisset.

419 5329 530 5397 ('29)
605 5328 725 5380 Τῶν
784 5328 898 5381 τινι
930 5329 1244 5396 ἐπισήμων
1303 5329 1578 5396 ιὶνάκτὶιν
1611 5331 1913 5397 Καίσαρος

345 5401 551 5455 πόλιν.
582 5398 860 5453 Masculus
896 5399 996 5452 has
1047 5411 1354 5468 postremas
1406 5417 1567 5454 voces
1625 5403 1813 5454 retulit
1842 5403 1909 5456 ad

349 5470 678 5522 vocabulum
707 5471 1017 5541 ἐπισήμων.
1051 5471 1141 5541 Sic
1190 5471 1337 5523 enim
1373 5472 1573 5525 vertit:
1631 5471 1732 5524 Hic
1779 5473 1912 5541 jun-

351 5546 464 5592 ctus
487 5548 599 5591 erat
629 5539 788 5593 nobili
837 5540 1049 5592 cuidam
1103 5540 1434 5594 Ca’sariensi.
1484 5542 1659 5595 Aliter
1730 5539 1910 5598 tamen

354 5623 469 5663 tta-e
503 5609 665 5664 verba
715 5611 1022 5681 construxit
1046 5611 1389 5679 Nicephorus
1422 5621 1477 5664 et
1521 5613 1914 5681 Christophor-

350 5693 543 5752 sonus,
569 5687 624 5732 et
656 5696 718 5734 ca
747 5680 933 5752 retulit
954 5682 1017 5733 ad
1048 5681 1276 5735 verbum
1311 5686 1494 5750 συ·λῆν.
1537 5685 1681 5750 quod
1710 5680 1911 5752 prtecc-

354 5750 454 5803 dit.
485 5750 659 5817 Quam
682 5750 902 5820 quidem
929 5753 1259 5806 sententiam
1287 5754 1459 5821 inagis
1490 5754 1684 5822 probo.
1711 5750 1906 5810 bubi-

591 5831 617 5855 /

2029 3856 2294 3909 tationem
2319 3867 2498 3908 tamen
2531 3853 2695 3909 affert
2716 3854 2771 3907 id
2802 3852 2950 3922 quod
2979 3852 3233 3922 sequitur
3257 3851 3313 3907 in
3343 3852 3602 3921 Evagrio,

2025 3926 2297 3979 Zosimam
2332 3926 2546 3979 scilicet
2587 3925 2656 3978 ab
2685 3925 3003 3978 astantibus
3067 3925 3377 3993 postulasse
3430 3924 3610 3979 thuri-

2028 3996 2241 4049 hulum.
2275 3995 2412 4048 Nam
2468 3997 2513 4049 si
2543 3995 2791 4050 Zosimas
2838 4004 2960 4048 erat
3028 3993 3082 4047 in
3125 3995 3291 4047 domo
3338 3994 3606 4052 Arcesilai

2024 4065 2171 4126 laici,
2209 4065 2488 4135 quomodo
2521 4065 2868 4118 thuribulutn
2891 4064 3021 4135 illic
3055 4065 3359 4133 quaerebat,
3395 4080 3521 4135 cum
3549 4066 3609 4119 in

2024 4135 2190 4189 domo
2222 4132 2346 4189 laici
2382 4137 2551 4190 moris
2575 4152 2683 4189 non
2715 4135 2787 4189 sit
2815 4134 3020 4188 habere
3048 4132 3329 4188 thurihula
3353 4138 3373 4186 ?
3395 4132 3610 4202 iScien-

2026 4207 2155 4261 dum
2192 4211 2374 4260 tamen
2401 4215 2486 4259 est
2530 4207 2701 4259 moris
2727 4206 2884 4258 illum
2920 4205 3090 4258 fuisse
3123 4215 3182 4258 ut
3209 4205 3512 4257 Christiani
3549 4205 3604 4258 in

2029 4277 2262 4345 privatis
2295 4276 2509 4330 aedibus
2537 4277 2825 4330 incensum
2853 4275 3144 4337 haberent,
3183 4287 3240 4328 et
3297 4285 3424 4328 ante
3474 4291 3608 4345 ora-

2027 4344 2233 4400 tionem
2289 4347 2701 4400 thurilicatione
2750 4353 3077 4409 uterentur;
3142 4344 3607 4414 quemadmodum

2027 4417 2548 4472 observatJoannes
2585 4417 2754 4480 Bona,
2783 4417 2952 4469 inlib.
2994 4432 3029 4469 ιι
3081 4415 3277 4469 Rerum
3327 4415 3609 4484 liturgicaa

1951 4472 1992 4527 ί)
2026 4504 2165 4551 rum,
2201 4503 2324 4556 cap.
2349 4488 2404 4551 9,
2445 4487 2598 4540 nullo
2631 4472 2812 4541 tamen
2838 4488 2959 4555 ejus
2997 4487 3074 4539 rei
3103 4472 3607 4556 prolatotestimo-

2019 4561 2134 4611 nio.
2191 4555 2281 4611 De,
2322 4557 2477 4612 laicis
2526 4558 2580 4610 in
2634 4557 2866 4611 ecclesia
2923 4555 3435 4610 thusad-Jlentibus
3475 4566 3607 4610 ante

2019 4628 2330 4682 orationem
2356 4629 2511 4682 locus
2531 4636 2617 4682 est
2642 4627 2876 4697 insignis
2914 4627 3056 4680 infra
3086 4627 3141 4679 in
3185 4626 3282 4680 lib.
3311 4626 3502 4697 V,_ubi
3525 4625 3604 4697 Vde

2020 4699 2192 4767 signis
2227 4699 2446 4767 imperii
2473 4714 2596 4766 quae
2638 4695 2900 4751 Mauricio
2951 4697 3326 4764 contigerunt.
3367 4695 3604 4766 Chorip—

2019 4784 2123 4837 pus
2148 4771 2198 4821 in
2227 4769 2323 4822 lib.
2351 4785 2388 4822 ιι
2418 4769 2492 4821 De
2518 4768 2761 4822 laudibus
2785 4767 2986 4821 Justini
3034 4767 3252 4820 minoris
3274 4782 3292 4819 :

2161 4860 2313 4914 Ilicet
2337 4861 2561 4929 angelici
2585 4876 2804 4930 pergens
2822 4859 2891 4912 ad
2921 4859 3106 4912 limina
3150 4857 3353 4930 templi,

2155 4931 2420 5058 {)ili’ipqsuit
2453 4933 2540 5002 pia
2566 4929 2722 4984 thura
2747 4931 2893 5000 focis,
2927 4944 3178 4999 cerasque
3215 4929 3471 4982 micantes

2234 5011 2287 5054 tu
2318 5012 2377 5055 ιι.
2411 5041 2424 5055 .

2016 5121 2075 5175 In
2101 5120 2215 5174 Vita
2248 5119 2532 5189 Paplumtii
2560 5117 2762 5189 abbatis
2793 5133 2913 5186 qua:
2943 5125 3122 5189 exstat
3149 5116 3300 5189 inter
3324 5114 3468 5189 Vitas
3494 5113 3604 5167 Pa-

2017 5201 2180 5253 trum,
2211 5187 2336 5260 pag.
2389 5190 2512 5247 105,
2553 5188 2876 5260 Onuphrins
2924 5188 3098 5260 abbas
3149 5187 3267 5260 lucc
3308 5187 3599 5260 mandasse

2015 5255 2226 5315 dicitur
2251 5255 2564 5328 Paphnutio
2592 5275 2605 5310 :
2642 5255 2698 5311 Si
2736 5260 2850 5327 quis
2876 5275 2969 5310 nec
3000 5258 3322 5311 oblationem
3345 5272 3437 5308 nec
3463 5255 3603 5308 clee-

2017 5347 2290 5400 mosynam
2314 5340 2481 5399 potest
2513 5330 2718 5399 offerre,
2747 5346 2841 5400 pro
2872 5331 3134 5382 cloaritate
3187 5343 3302 5380 mea
3330 5329 3601 5400 incensum

2015 5396 2242 5456 Domino
2270 5396 2376 5452 Ι)ιό
2413 5396 2591 5453 nostra
2641 5401 2694 5452 in
2735 5396 2949 5452 adorem
2995 5400 3277 5451 suavitatis
3325 5396 3600 5449 ηριτινηιίαι.

2016 5474 2084 5527 Ει
2115 5473 2278 5541 paulo
2313 5481 2467 5535 post:
2511 5470 2568 5523 Si
2601 5472 2869 5522 incensum
2901 5486 2992 5541 nec
3025 5470 3140 5540 quis
3169 5469 3345 5529 habet,
3395 5483 3485 5518 nec
3516 5466 3601 5532 {a—

2015 5540 2226 5596 rnltatis
2255 5541 2462 5610 aliquid
2525 5541 2661 5592 unde
2721 5541 2885 5592 Deum
2935 5540 3150 5610 placare
3195 5547 3388 5607 potest,
3417 5544 3604 5605 surgat

2016 5615 2085 5666 ml
2116 5609 2525 5671 immolandum,
2553 5621 2598 5664 rt
2626 5627 2810 5663 manus
2828 5627 2954 5664 suos
3007 5611 3074 5662 ad
3103 5609 3389 5663 Dominum
3419 5619 3606 5659 cxten—

2015 5685 2127 5742 dat,
2163 5695 2242 5735 (cr
2280 5682 2607 5735 ﬂaminicam
2634 5681 2939 5733 ()ra'ionrm
2985 5697 3079 5750 pro
3129 5696 3206 5750 nn:
3238 5697 3356 5750 cum
3400 5679 3608 5731 intenta

2019 5765 2187 5807 mente
2219 5761 2263 5804 ct
2296 5755 2348 5807 in
2380 5753 2592 5806 nomine
2624 5749 2678 5806 S.
2722 5751 2991 5805 Trinitatis
3037 5749 3286 5818 psallat]
