4038 6198
313 166 462 234 2ἾΞ5

1249 167 1636 227 ΙΙιςΤΟΒι.·Ε
1677 166 2273 226 ECCl.ESl.-\S'I‘IC.E
2324 168 2554 228 LIBER
2599 170 2695 228 IV.

3488 172 3590 237 7‘26

321 281 455 334 σιῶν
495 279 880 349 κηρύττεσθαι,
919 279 1142 349 πρώτην
1169 279 1265 348 μὲν
1291 279 1390 348 τὴν
1417 279 1473 330 ἐν
1526 277 1750 347 Nimia,
1785 273 1906 330 εἶτα

2011 278 2334 346 patriarcha:
2389 277 2533 331 inter
2581 294 2638 331 se
2683 291 3107 344 consenserunt,
3155 292 3211 336 et
3254 284 3592 353 singularum

321 372 422 442 τὴν
444 374 502 424 ὲν
528 369 1124 430 Κωνσταντινουπόλει,
1158 369 1350 439 τρίτην
1371 370 1471 436 τὴν
1501 372 1559 422 ὲν
1602 370 1814 436 Ἐφέσῳ
1839 370 1900 419 το

323 465 611 534 πρότερον,
634 465 897 534 τέταρτον
925 463 1024 532 τὴν
1049 465 1106 515 ἑν
1135 461 1467 530 Καλχηδόνι·
1505 462 1694 529 γέγονε
1717 461 1773 513 δὲ
1810 461 1904 513 καὶ

323 552 550 620 πέμπτη
586 550 804 614 σύνοδος
835 551 977 604 κατᾶ
1008 551 1257 602 κέλευσιν
1293 548 1700 602 Ἰουστινιανοῦ.
1760 551 1900 617 Περὶ

320 638 388 712 ἧς
414 642 480 694 τὰ
506 642 814 711 πρόσφορα,
868 643 924 693 ὲν
955 645 1068 703 τοῖς
1107 640 1440 710 προσφόροις
1502 639 1613 710 ἐρῶ
1665 642 1900 709 καιροῖς.

324 734 466 795 τέως
512 735 620 785 τῶν
669 734 772 786 ἀνὰ
808 733 976 802 μέρος
1028 732 1378 803 πραχθέντων
1418 733 1522 784 ὑπὸ
1574 735 1686 793 τοῖς
1721 733 1902 793 αὐτοῖς

324 825 558 894 χρόνοις,
609 825 768 890 λόγου
826 842 887 877 τε
917 825 1082 888 ἀξίων
1116 823 1502 887 καθεστώτων,
1555 827 1622 894 τῇ
1651 822 1902 895 παρούσῃ

325 917 800 1000 συνυφαενομένων
822 917 1049 987 ἱστορίᾳ.

2008 369 2226 422 urbium
2286 371 2527 439 episcopi
2583 371 2850 424 cxarchos
2899 387 3029 424 suos
3080 373 3255 426 secuti
3319 386 3487 430 sunt:
3537 386 3595 430 et

2008 469 2246 528 quatuor
2295 462 2487 530 synodi
2533 462 2584 514 in
2629 462 2888 514 lieelesiis
2923 472 3054 515 sunt
3092 466 3442 532 pra'dicatm:
3484 469 3595 537 pri-

2011 568 2118 614 ma,
2177 569 2299 621 qua:
2338 553 2532 608 Nicwa:
2581 553 2858 607 celebrata
2908 565 3034 609 est:
3088 567 3213 625 post
3261 558 3402 612 hanc
3447 561 3592 613 Con-

2010 645 2501 714 stantinopolitana
2535 664 2546 696 :
2584 645 2787 698 dehinc
2832 645 3108 714 Ephesina
3165 648 3351 716 prior:
3398 659 3593 716 quarto

2011 737 2133 789 loco
2184 735 2673 790 Chalcedonensis.
2725 737 2852 790 Fuit
2894 738 3059 791 etiam
3113 738 3304 807 quinta
3355 740 3594 810 synodus

2009 826 2306 881 Justiniani
2338 827 2606 896 principis
2651 828 2805 897 jussu
2853 835 3202 898 congregata.
3247 831 3320 884 De
3363 847 3470 896 qua
3508 831 3561 884 di

2015 934 2131 973 eam
2170 935 2271 972 suo
2319 920 2441 974 loco
2487 934 2551 973 ea
2593 936 2716 989 quae
2759 920 2991 974 dicenda
3051 928 3200 974 sunt.
3260 921 3484 974 Interim
3530 935 3593 973 ea

324 1027 446 1079 qua:
477 1022 609 1064 tunc
643 1010 908 1080 temporis
940 1009 1259 1080 singillatim
1327 1017 1480 1081 gesta
1556 1019 1706 1075 sunt,
1779 1020 1835 1066 et
1895 1014 2420 1070 commemoratione
2471 1015 2631 1085 digna
2673 1031 2794 1070 esse
2838 1015 3120 1081 videntur,
3177 1016 3306 1072 huic
3353 1017 3596 1074 historia:

325 1116 649 1160 attexamus.

907 1225 1160 1279 ΚΕΦΑΛ.
1201 1225 1302 1278 ΙΒ’.

341 1312 439 1368 Ἐκ
481 1313 588 1381 τῆς
635 1317 905 1385 ἱστορίας
953 1318 1293 1383 Προκοπίου
1341 1318 1705 1385 Καισαρέως.
1771 1316 1902 1384 περὶ

396 1387 672 1512 Κῖιςὰδςυ
712 1388 820 1468 {of}
867 1385 1116 1454 Περσῶν
1139 1387 1469 1452 βασιλέως,
1497 1389 1594 1440 καὶ
1632 1389 1905 1454 Χοσρόου

399 1476 436 1511 υ
463 1476 535 1511 ου
563 1475 771 1511 αυτου.

2637 1229 2790 1283 CAP.
2838 1229 2954 1282 ΧΠ.

2009 1318 2087 1372 De
2123 1318 2332 1390 Cavade
2363 1318 2647 1373 Persarum
2693 1338 2830 1390 rege,
2862 1322 3000 1374 etde
3037 1320 3152 1387 ﬁlio
3186 1319 3297 1378 eius
3347 1317 3594 1382 Chosroe,

2154 1405 2218 1442 ex
2251 1389 2400 1442 libris
2432 1389 2775 1442 historiarum
2813 1391 3061 1460 [λι-οεορῆ
3091 1390 3452 1444 Ca‘sariensis.

400 1573 717 1644 Γέγραπται
744 1571 1038 1643 Προκοπίῳ
1079 1572 1156 1642 τῷ
1189 1573 1375 1642 ῥήτορι
1423 1572 1490 1624 τὰ
1530 1571 1671 1624 κατὰ
1716 1569 1906 1622 Balta-

2082 1567 2385 1637 Procopius
2417 1568 2626 1631 rhetor,
2662 1583 2748 1622 res
2797 1585 2824 1621 a
2877 1569 3138 1623 Belisario
3173 1580 3354 1638 gestas
3388 1565 3597 1622 deseri-‘-

331 1664 518 1732 σάριον
573 1663 682 1733 (c)°
718 1663 794 1726 ὡς
827 1663 1086 1732 Καόαδης
1139 1665 1166 1715 ὁ
1217 1662 1443 1731 Περσῶν
1499 1662 1750 1731 βασιλεὺς
1800 1662 1906 1713 Χο-

331 1755 467 1829 σρόῃ
490 1754 566 1824 τῷ
596 1755 745 1808 παιδὶ
787 1754 1038 1826 νεωτέρῳ
1081 1753 1188 1806 τῶν
1233 1754 1408 1807 ἄλλων
1440 1753 1570 1804 υἱῶν
1603 1753 1714 1804 ὄντι
1749 1769 1907 1818 περι-

331 1845 506 1899 θεῖναι
534 1839 643 1916 τὴν
666 1845 945 1916 βασιλείαν
985 1845 1286 1914 βουληθεὶς,
1329 1845 1574 1914 βούλεται
1615 1843 1756 1896 ὥστε
1794 1843 1904 1911 (47)

330 1937 412 2007 τῷ
434 1937 646 2008 βασιλεῖ
678 1938 967 2007 Ῥωμαίων
986 1939 1041 1999 ἐς
1075 1937 1227 1989 θετὸν
1255 1937 1368 1989 υἱὸν
1419 1935 1712 1990 ἐπιδιδόναι
1741 1936 1786 1967 ⁸³
1816 1939 1906 1986 τὸν

328 2028 604 2099 Χοσρὸην,
653 2028 740 2080 ἵνα
773 2027 1024 2080 ἐντεῦθεν
1059 2027 1443 2095 ἀσφαλέστατα
1496 2025 1644 2094 αὐτῷ
1694 2028 1727 2095 ἡ
1764 2024 1908 2095 ἀρχὴ

329 2105 624 2189 διατεθείή.
683 2119 904 2189 Ἐπειδὴ
952 2119 1136 2171 τοίνυν
1197 2118 1372 2186 τούτῳ
1419 2119 1741 2188 διήμαρτον,
1792 2119 1906 2170 είσ-

331 2212 531 2282 ηγήσει
569 2211 837 2280 Πρόκλου,
867 2211 926 2272 ὃς
951 2211 1304 2280 παρεδρεύων
1327 2209 1691 2277 ’ῐουστινιανῷ
1731 2209 1908 2262 κοιαί-

331 2319 480 2372 στωρ
520 2303 896 2374 καθειστήκει.
945 2303 1038 2356 ἐπὶ
1077 2304 1248 2373 μείζω
1271 2303 1372 2373 τὴν
1419 2302 1556 2372 πρὸς
1603 2301 1909 2371 Ῥωμαίους

329 2394 529 2464 ἔχθραν
557 2394 845 2464 ἐξήγαγον.
894 2393 1312 2446 Φιλοπονὼτατα
1361 2391 1654 2462 τοιγαροῦν
1681 2390 1908 2460 κομψῶς

327 2504 390 2539 τε
424 2489 519 2539 καὶ
551 2487 746 2556 λογίως
775 2486 1082 2539 ὲκτέθειται
1133 2485 1212 2556 τῷ
1246 2483 1396 2554 αὐτῷ
1431 2483 1742 2554 Προκοπίῳ,
1771 2484 1806 2538 ἃ
1843 2485 1906 2554 δὴ

329 2575 646 2646 πέπρακται
677 2576 782 2628 ὑπὸ
809 2575 1115 2646 Βελισαρίῳ
1167 2574 1562 2645 στρατηγοῦντι
1607 2572 1716 2626 τῶν
1757 2573 1908 2643 ἑῴων

325 2666 613 2735 δυνάμεως]
653 2666 948 2734 Ῥωμαίοις
983 2683 1042 2719 τε
1069 2666 1162 2720 καὶ
1202 2667 1440 2736 Πέρσαις
1479 2665 1616 2735 πρὸς
1644 2665 1909 2736 ἀλλήλους

330 2758 650 2827 πολεμοῦσι.
680 2757 912 2828 Πρώτην
937 2759 1036 2828 μὲν
1061 2757 1155 2812 οὖν
1178 2759 1334 2828 νίκην
1349 2759 1637 2828 Ῥωμαίων
1669 2758 1909 2828 ἀναγρά-

331 2866 423 2917 φει
452 2852 580 2918 περὶ
621 2849 687 2901 τὰ
718 2851 893 2919 χωρία
923 2851 1104 2917 Δὰρας
1133 2866 1192 2902 τε
1231 2853 1324 2903 καὶ
1352 2851 1644 2914 Νισίὸεως,
1676 2849 1906 2902 Βελισαο

330 2940 452 3008 ρίου
499 2941 856 3011 Ἑρμογένους
910 2959 970 2994 τε
1021 2937 1088 2996 αὖ
1119 2942 1186 2996 τὰ
1222 2943 1515 3013 Ῥωμαίων
1567 2942 1908 3012 στρατόπεδα

327 3032 792 3102 ὃιακοσμούντων.
824 3029 918 3096 Οἷς
971 3034 1334 3086 ἑπισυνάπτει
1367 3035 1461 3087 καὶ
1491 3035 1590 3088 ὅσα
1621 3034 1762 3088 κατὰ
1810 3034 1908 3104 τὴν

345 3125 647 3195 ’Δρμενίων
669 3125 858 3194 γέγονε
889 3125 1095 3196 χώραν,
1115 3121 1204 3180 οἷά
1226 3143 1286 3179 τε
1313 3127 1456 3180 κατὰ
1485 3127 1584 3198 τὴν
1625 3126 1910 3196 Ῥωμαίων

331 3217 628 3288 εἰργάσατο
671 3218 776 3288 γῆν
812 3219 1246 3291 Ἀλαμούνδαρος
1306 3220 1414 3272 τῶν
1443 3219 1732 3292 Σκηνητῶν
1765 3221 1912 3290 Βαρ-

330 3309 516 3380 ϐάρων
543 3309 873 3381 ἡγούμενος·
902 3312 962 3375 ὃς
988 3311 1089 3365 καί
1106 3312 1480 3383 Τιμόστρατον
1500 3312 1590 3364 τὸν
1627 3312 1908 3380 Ῥουφίνου

330 3402 559 3470 ἀδελφὸν
587 3403 684 3454 σὺν
711 3406 822 3465 τοῖς
848 3392 996 3472 diu?"
1016 3405 1180 3457 αὐτὸν
1211 3404 1574 3474 στρατιώταις
1601 3403 1906 3474 ἐζώγρησε,

332 3493 426 3545 καὶ
461 3493 760 3563 χρημάτων
795 3493 1019 3562 ὕστερον
1047 3494 1302 3562 μεγάλων
1327 3495 1580 3559 ἀπέδοτο,

939 3608 1190 3661 ΚΕΦΛΛ.
1219 3608 1316 3660 ll".
1383 3598 1394 3605 ’

332 3699 474 3765 Περὶ
541 3700 1060 3767 Ἀλαμουνδάίου,
1115 3699 1213 3753 καὶ
1272 3697 1590 3768 Ἆζαρέθου,
1641 3703 1736 3754 καὶ
1803 3699 1911 3766 τῆς

403 3770 473 3890 ἐς
497 3769 814 3892 guttam/qr
834 3770 1106 3836 στάσεως
1161 3769 1273 3837 τῆς
1298 3769 1558 3837 ἐπίκλην
1599 3772 1910 3837 λαϐούσης

401 3855 431 3890 τ
551 3856 669 3892 um.

401 3930 733 4000 Περιπαθῶς
757 3931 984 4003 διεξίησι
1017 3933 1112 3986 καὶ
1146 3933 1245 4002 τὴν
1303 3932 1397 3985 τοῦ
1437 3931 1764 4001 λελεγμένου
1821 3948 1909 4000 μοι

345 4017 784 4090 Ἀλαμουνδάρου
839 4024 934 4076 καὶ
975 4022 1271 4092 Ἀζαρέθου
1315 4023 1457 4076 κατὰ
1490 4023 1589 4090 τῆς
1623 4022 1909 4091 Ῥωμαίων

328 4107 436 4177 γῆς
470 4110 674 4177 ἔφοδον,
703 4112 852 4174 ὅπως
881 4129 942 4164 τε
969 4111 1179 4175 τούτοις
1217 4113 1316 4180 τὴν
1347 4111 1540 4179 ἄφοδον
1570 4111 1664 4162 ἐπὶ
1683 4112 1750 4162 τὰ
1781 4110 1909 4178 σφέ-

329 4218 466 4271 τερα
488 4205 829 4273 ποιουμένοις
860 4205 992 4274 πρὸς
1021 4204 1143 4273 βίας
1174 4205 1262 4258 τοῦ
1298 4204 1502 4258 οἰκείου
1536 4203 1790 4274 στρατοῦ,
1817 4205 1910 4257 ἐπὶ

2008 1660 2167 1724 hens,
2198 1669 2386 1714 narrat
2420 1659 2692 1715 Cavadem
2724 1661 3014 1714 Persarum
3058 1676 3261 1730 regem,
3298 1676 3421 1714 cum
3453 1659 3598 1714 Cho-

2009 1752 2120 1806 sroi
2149 1751 2386 1806 ﬁliorum
2412 1767 2639 1805 suorum
2671 1761 2800 1805 natu
2833 1753 3062 1805 minimo
3104 1767 3330 1821 regnum
3370 1752 3590 1805 tradere

2007 1844 2193 1905 vellet,
2225 1843 2532 1911 postulasse
2576 1843 2737 1912 395
2782 1843 2851 1897 ab
2894 1843 3224 1911 imperatore
3250 1843 3499 1896 Romano
3533 1851 3593 1895 ut

2010 1947 2135 1987 eum
2183 1932 2289 1987 sibi
2338 1933 2510 1987 ﬁlium
2562 1933 2877 2002 adoptaret,
2928 1943 2986 1986 ut
3032 1933 3239 1986 scilicet
3285 1932 3390 1985 hoc
3437 1940 3596 2001 pacto

2011 2025 2222 2081 ﬁrmius
2266 2027 2344 2080 illi
2392 2043 2620 2097 regnum
2661 2035 2966 2096 pararetur.
3004 2024 3108 2080 Sed
3142 2040 3267 2079 cum
3319 2025 3595 2094 repulsam

2007 2131 2205 2186 passus
2251 2127 2398 2172 esset
2439 2117 2708 2182 Cavades,
2759 2133 2922 2171 suasu
2968 2117 3166 2180 Procli,
3215 2117 3308 2186 qui
3357 2127 3596 2191 qua-stor

2008 2207 2321 2263 Iustiniano
2377 2209 2614 2279 principi
2677 2209 2991 2273 assidebat;
3048 2209 3176 2264 hinc
3227 2208 3415 2282 odium
3475 2210 3597 2276 ejus

2009 2298 2272 2354 adversus
2311 2300 2592 2354 Romanos
2621 2309 2840 2354 auctum
2869 2300 3060 2354 fuisse.
3091 2301 3263 2354 Porro
3289 2301 3430 2354 idem
3459 2301 3594 2354 Pro-

2013 2393 2208 2462 copius
2233 2392 2653 2463 diligentissime
2675 2393 2837 2447 simul
2868 2401 2926 2446 et
2947 2391 3351 2462 elegantissime
3373 2392 3598 2459 exponit

2009 2503 2075 2541 ea
2121 2504 2243 2556 qua:
2295 2495 2448 2556 gesta
2495 2495 2626 2540 sunt
2672 2501 2702 2539 a
2745 2484 3010 2539 Belisario
3054 2483 3344 2537 orientalis
3385 2484 3597 2538 militia:

2009 2579 2300 2649 magistro,
2347 2579 2611 2632 Romanis
2653 2587 2708 2632 et
2747 2576 2932 2630 Persis
2966 2575 3108 2628 inter
3154 2590 3212 2629 se
3249 2574 3451 2628 bellum
3499 2591 3596 2643 ge-

2011 2671 2284 2726 rentibus.
2318 2669 2557 2724 Primam
2588 2670 2753 2740 igitur
2783 2669 3157 2722 Romanorum
3189 2665 3473 2720 victoriam
3510 2682 3597 2718 rc-

1994 2749 2115 2816 lfert
2159 2761 2320 2817 .eirca
2374 2763 2545 2816 Daras
2595 2777 2659 2815 ac
2710 2751 2959 2824 Nisibin,
3020 2774 3144 2814 cum
3195 2757 3599 2834 Belisarius'et

2010 2855 2386 2925 Hermogenes
2424 2855 2674 2908 Romano
2706 2852 2974 2907 exercitui
3003 2859 3323 2920 prmesscnt.
3358 2849 3600 2918 Suhjun-

1935 2919 1978 2977 ϐ
2011 2947 2089 3018 git
2119 2919 2319 3002 deinde
2352 2927 2441 3002 res
2475 2948 2529 3000 in
2560 2946 2815 3000 Armenia
2845 2954 3046 3015 gestas,
3079 2943 3409 3013 quantisque
3435 2940 3598 2994 malis

2013 3039 2329 3108 provincias
2388 3039 2761 3092 Romanorum
2822 3035 3096 3090 attriverit
3157 3032 3596 3095 Alamundarus,

2016 3132 2359 3188 Scenitarum
2391 3133 2755 3187 Barbarorum
2786 3130 3028 3200 regulus.
3065 3127 3167 3195 Qui
3203 3127 3368 3182 etiam
3405 3125 3596 3179 Timo-

2014 3233 2249 3279 stratum
2299 3224 2482 3278 Ruﬁni
2537 3223 2764 3278 fratrem
2817 3237 2942 3276 cum
3002 3221 3278 3274 universis
3332 3218 3601 3272 militibus

2013 3330 2152 3385 quos
2180 3315 2462 3377 ductabat,
2492 3314 2678 3368 vivum
2716 3313 2885 3382 cepit,
2927 3326 3230 3382 magnaque
3263 3307 3510 3388 pecunia:
3547 3305 3598 3360 vi

2012 3416 2135 3476 post
2172 3407 2287 3462 haec
2315 3407 2660 3475 redemptum
2691 3405 2922 3459 dimisit.
3591 3419 3600 3424 ’

2635 3606 2788 3660 CAP.
2832 3605 2972 3659 XIII.

2014 3698 2090 3752 De
2116 3697 2486 3753 Alamundaro
2511 3705 2560 3749 et
2589 3697 2851 3750 Azaretho
2879 3705 2964 3749 εει
2996 3695 3060 3746 de
3082 3695 3340 3747 seditione
3360 3708 3475 3762 que
3505 3709 3594 3762 or-

2085 3778 2137 3821 ta
2171 3779 2245 3821 est
2273 3765 2756 3837 Constantinopoli,
2792 3767 2874 3819 cui
2912 3781 3197 3834 cognomen
3229 3761 3457 3816 inditam
3498 3761 3599 3831 fuit

2084 3839 2249 3890 Νίκα.

2084 3931 2233 3983 Idem
2270 3929 2574 3999 supradicti
2608 3926 2966 3983 Alamundari
3012 3936 3068 3980 et
3107 3923 3364 3978 Azarethi
3406 3922 3597 3976 incur-

2016 4024 2228 4078 sionem
2257 4025 2310 4077 in
2347 4023 2662 4092 provincias
2688 4022 2905 4091 imperii
2935 4020 3163 4074 Romani
3197 4018 3474 4073 luculente
3503 4016 3600 4070 ad-

2018 4113 2242 4166 modum
2282 4121 2468 4167 narrat
2503 4131 2514 4165 :
2559 4124 2614 4167 et
2643 4110 3110 4182 quemadmodum
3157 4109 3455 4162 Belisarius
3499 4120 3599 4159 eo-

2015 4215 2179 4277 gente
2210 4208 2390 4276 ipsum
2418 4206 2688 4269 exercitu,
2705 4220 2801 4258 eos
2820 4204 2872 4257 in
2892 4203 3170 4272 regionem
3191 4218 3343 4256 suam
3366 4200 3601 4256 redeun-

1625 4339 1857 4394 νΑΙῖΙίΕ
1902 4340 2304 4396 LECTIONES.

409 4437 454 4468 ⁸⁸
478 4436 540 4492 C.
568 4436 629 4492 C.
667 4434 964 4489 ἐπιδοῦναι.

1543 4547 1814 4604 VALESII
1851 4550 2406 4606 ANNOTATIONES.

335 4686 552 4741 porum.
591 4668 761 4741 Tenet
794 4668 933 4741 enim
966 4667 1124 4720 vicem
1170 4663 1538 4741 apostolicam,
1579 4675 1626 4716 et
1669 4664 1916 4733 praesidet

336 4736 450 4796 iam
484 4739 912 4809 metropolitanis_
931 4736 1392 4809 quam‘episcopis.

409 4810 521 4878 (ιτ)
560 4803 851 4888 Badium.
880 4803 1054 4886 (bore.
1100 4803 1216 4859 Non
1237 4803 1427 4888 (placet
1459 4803 1776 4888 conjectura
1814 4803 1912 4888 do:

333 4874 553 4935 ctoruiu
602 4880 874 4939 virorum,
928 4877 1022 4944 qui
1081 4891 1184 4945 pro
1233 4875 1482 4944 βούλεται
1540 4874 1912 4928 emendarunt

2027 4665 2361 4733 βουλεύεται.
2383 4667 2574 4735 Neque
2606 4667 2754 4720 enim
2783 4667 2972 4720 Griece.
2999 4664 3107 4720 diei
3141 4676 3318 4734 potest
3349 4667 3601 4734 βουλεύε-

2021 4753 2110 4788 ται
2143 4735 2304 4795 ὥστε.
2327 4748 2436 4792 etc.
2467 4737 2816 4803 Nicephorus
2844 4737 2898 4790 in
2936 4738 3034 4791 lib.
3070 4753 3194 4796 xvu.
3223 4754 3343 4805 cap.
3387 4738 3464 4796 10,
3501 4753 3600 4805 pro

2023 4805 2108 4927 hlis
2145 4806 2364 4860 duobus
2398 4809 2685 4861 vocabulis
2738 4807 2904 4861 habet
2941 4809 3213 4871 διενοεῖτο,
3251 4807 3396 4876 quod
3429 4807 3600 4877 magis

2023 4891 2054 4927 ιι
2078 4886 2221 4927 aeet.

2021 4886 2221 4943 placet.

1777 5017 2159 5075 VARIOR’UM.

405 5108 474 5177 (ε)
513 5109 672 5180 Καζὰ
699 5109 1123 5176 Βελισσὰριον.
1163 5109 1391 5164 Ducebat
1431 5109 1719 5163 Belisarius
1754 5111 1916 5180 origi-

335 5195 455 5233 nem
487 5195 551 5232 ea:
589 5178 874 5234 Germania
902 5196 1019 5247 qua:
1061 5182 1199 5232 inter
1235 5181 1462 5234 Thracas
1487 5190 1535 5233 et
1568 5180 1780 5249 Illyrios
1810 5178 1913 5234 sita

334 5257 431 5320 est,
469 5249 654 5320 inquit
679 5249 1018 5320 Procopius,
1052 5250 1194 5320 lib.)
1233 5250 1454 5303 Vandal.
1491 5265 1612 5320 cap.
1642 5252 1729 5304 Η.
1762 5251 1912 5304 Idem

333 5319 636 5390 Procopius
676 5319 836 5374 initio
868 5320 993 5373 libri
1027 5336 1083 5390 ιιι
1126 5319 1201 5372 De
1229 5320 1364 5373 bello
1395 5319 1769 5390 Gotthaudes
1795 5321 1915 5390 ejus

333 5386 597 5462 pluribus
632 5390 1008 5462 persequitur,
1039 5389 1545 5462 aitque_pra;ditum
1581 5405 1708 5462 eum
1741 5386 1913 5462 fuisse

310 5455 602 5527 "singulari
633 5455 1014 5525 continentia,
1067 5455 1444 5513 muniﬁcentia
1479 5461 1532 5513 in
1580 5460 1804 5523 milites,
1855 5460 1912 5513 in

337 5525 508 5582 rebus
553 5529 814 5584 omnibus
847 5527 1110 5594 solertia;
1147 5528 1202 5583 in
1245 5527 1494 5584 adversis
1545 5529 1914 5598 imperturba-

338 5603 458 5653 tum
504 5598 747 5655 animum
812 5599 1156 5665 ostendisse,
1206 5599 1261 5653 in
1319 5600 1602 5671 prosperis
1649 5599 1909 5671 superbia

2025 5128 2133 5166 non
2175 5113 2399 5166 clatum.
2444 5113 2629 5169 (Multa
2663 5113 2728 5166 de
2775 5112 3035 5166 Belisario
3082 5109 3377 5178 descripsit
3405 5109 3601 5164 Suidas

2022 5198 2088 5236 ex
2139 5191 2444 5237 memorato
2498 5183 2749 5250 Procopii
2793 5183 2980 5250 libro.)
3015 5181 3283 5237 Caeterum
3306 5185 3600 5235 excmcatio

2024 5252 2292 5307 Belisarii.
2315 5253 2665 5320 eleemosyna
2685 5253 2754 5304 ah
2776 5267 2843 5304 eo
2873 5254 3066 5320 petita,
3088 5251 3304 5320 aliaque
3336 5250 3386 5303 id
3404 5264 3598 5319 genus.

2021 5338 2144 5390 qua:
2186 5337 2252 5376 ex
2283 5322 2492 5378 Joanne
2542 5313 2740 5376 Tzetze
2780 5313 2938 5390 poeta
2981 5313 3191 5384 Grieco,
3217 5313 3456 5388 'aliisqu'e
3513 5313 3599 5373 re?

2022 5392 2364 5446 centioribus
2412 5393 2684 5446 Baronius
2721 5392 2936 5454 recitat,
2963 5401 3270 5445 eonnnenta
3304 5399 3452 5453 sunt,
3479 5390 3606 5459 qui-

2020 5461 2143 5522 bus,
2195 5463 2529 5517 reclamante
2559 5461 2912 5530 antiquitate,
2962 5463 3110 5515 nulla
3147 5461 3284 5516 ﬁdes
3321 5460 3602 5528 habenda,

2021 5532 2201 5602 inquit
2237 5537 2365 5588 Ant.
2404 5533 2554 5601 Pagi,
2589 5532 2657 5586 ad
2699 5548 2825 5587 ann.
2861 5533 2983 5597 5131,
3024 5549 3077 5586 n.
3125 5534 3176 5586 7.
