4038 6198
355 265 498 335 2729

958 383 1210 438 ΚΕΦᾹΛ.
1236 384 1337 435 1Ε’.

606 473 748 542 Περὶ
774 472 1095 529 Καόαώνου
1121 474 1229 529 τοῦ
1259 477 1683 543 Μαυρουσίου.

424 569 534 624 Καὶ
560 568 753 640 ἕτερον
805 568 863 622 δέ
892 566 1222 636 ἀξιάγαστον
1252 569 1446 636 ἀνάγει
1478 568 1590 639 (49)
1634 568 1730 625 τοῦ
1763 571 1942 641 σωτῆ-

358 680 448 733 ρος
475 660 610 714 Θεοῦ
651 661 1250 731 θαυματουργήσαντος
1283 662 1367 712 ἐπ’
1394 660 1657 729 ἀνδράσιν
1686 661 1945 730 ἐκφύλοις

360 758 456 821 μὲν
503 752 601 824 τὴν
633 750 956 822 θρησκείαν,
988 752 1113 805 ὅσια
1142 750 1200 804 δὲ
1232 756 1352 804 κατ’
1380 752 1563 803 ἐκεῖνο
1589 753 1784 823 καιροῦ
1812 753 1944 825 δρά-

359 860 503 897 σασι.
554 841 861 911 Κασαώνην
895 842 1031 910 φησὶ
1071 840 1181 893 τῶν
1210 842 1356 912 ἀμφὶ
1382 840 1643 911 Τρίπολιν
1694 844 1945 915 Μαυρου-

358 932 488 987 σίων
519 932 792 1004 ἡγεῖσθαι.
829 927 997 994 Οὗτός
1026 935 1247 1001 φησινὸ
1282 932 1619 1005 Καὸαώνης,
1651 934 1802 999 ἄξιον
1836 935 1946 1005 γάρ

359 1028 469 1087 τοῖς
514 1024 679 1077 αὑτοῦ
708 1024 1015 1094 χρήσασθαι
1052 1026 1313 1096 ῥήμασιν,
1342 1026 1645 1094 ἀξιολόγως
1684 1028 1777 1080 καὶ
1815 1032 1947 1097 περὶ

296 1190 315 1202 ἢ
361 1118 564 1170 τούτων
610 1116 986 1186 διηγούμενος,
1039 1115 1226 1188 ἐπειδὴ
1272 1117 1361 1169 ἐπ’
1426 1118 1591 1172 αὐτὸν
1646 1120 1942 1190 ἐστρατεῦ·

257 5310 321 5417 λ,

364 1212 487 1266 σθαι
519 1212 565 1244 ³⁷
592 1212 882 1276 Βανδίλους
907 1212 1159 1266 ἐπείθετο
1192 1211 1261 1280 ⁸⁸,
1297 1214 1471 1267 ἐποίει
1517 1214 1716 1271 τοιάδε.
1746 1216 1945 1286 ῐιρῶτα

366 1308 463 1375 μὲν
484 1307 596 1370 τοῖς
616 1306 882 1375 ὑπηκόοις
908 1305 1260 1376 ἐπήγγειλεν,
1294 1306 1512 1368 ἀδικίας
1538 1321 1594 1357 τε
1622 1306 1826 1375 πάσης,
1850 1309 1947 1359 καὶ

367 1397 619 1468 βρώσεως
650 1400 729 1460 είς
756 1397 971 1470 τρυφὴν
1022 1394 1286 1467 ἀγούσης,
1313 1399 1411 1451 καὶ
1439 1400 1658 1453 πάντων
1706 1399 1947 1468 μάλιστα

364 1493 639 1561 γυναικῶν
664 1492 949 1557 ξυνουσίας
974 1493 1297 1563 ἀπέχεσθαι.
1332 1494 1731 1564 Χαρακὼματά
1763 1509 1822 1547 τε
1855 1493 1948 1546 δύο

363 1581 697 1651 πηξάμενος,
734 1582 791 1634 ἐν
823 1581 1037 1652 θατέρῳ
1086 1581 1185 1649 μὲν
1211 1581 1375 1642 αὐτὸς
1420 1582 1518 1635 σὺν
1548 1583 1716 1635 πᾶσιν
1746 1584 1947 1651 ἐστρα-

366 1676 726 1729 τοπεδεύσατο
754 1678 866 1737 τοῖς
896 1674 1158 1746 ἀνδράσιν
1180 1691 1193 1703 ·
1232 1675 1289 1726 ἐν
1328 1673 1384 1727 δὲ
1414 1673 1477 1745 δὴ
1519 1674 1596 1744 τῷ
1628 1674 1818 1744 ἐτέρῳ,
1850 1673 1949 1736 τὰς

367 1772 627 1836 γυναῖκας
654 1766 932 1838 καθεῖρξε.
963 1766 1206 1819 Θάνατον
1256 1765 1313 1817 δὲ
1338 1766 1437 1835 τὴν
1485 1764 1690 1833 ζημίαν
1714 1765 1947 1834 ἠπείλη-

369 1878 460 1916 σεν
487 1861 727 1921 ἔσεσθαι,
759 1860 812 1912 εί
862 1876 945 1921 τις
981 1860 1072 1910 ἐπὶ
1096 1857 1156 1911 τὸ
1178 1856 1287 1909 τῶν
1332 1856 1612 1925 γυναικῶν
1640 1857 1951 1927 χαράκωμα

367 1952 458 2006 (at.
495 1951 649 2007 Μετά
703 1938 785 2013 δὲ,
815 1950 1037 2023 πέμψας
1060 1951 1118 2011 ἐς
1174 1949 1498 2019 Καρχηδόνα
1541 1950 1946 2014 κατασκόπους,

369 2044 631 2097 ἐπέταττε
656 2043 780 2096 τάδε
808 2059 823 2073 ’
870 2041 1120 2094 Ἐπειδὰν
1158 2042 1209 2094 οἱ
1244 2040 1488 2095 Βανδίλοι
1513 2042 1605 2093 ἐπὶ
1634 2043 1735 2112 τὴν
1786 2057 1953 2110 στρα-

368 2138 519 2190 τείαν
546 2134 877 2206 βαδίζοντες,
908 2135 965 2197 ἐς
994 2151 1112 2187 τινα
1136 2133 1279 2204 νηὼν
1312 2132 1609 2204 ὑϐρίσωσιν
1634 2134 1693 2186 ὃν
1730 2135 1781 2186 οἱ
1815 2133 1951 2205 Χρι-

372 2229 577 2282 στιανοὶ
605 2228 875 2291 σέϐονται,
928 2227 1127 2288 αὐτοὺς
1169 2226 1271 2294 μὲν
1302 2226 1510 2296 ἐφορᾷν
1556 2225 1627 2278 τὰ
1654 2226 1951 2295 γινόμενα-

371 2321 466 2374 ἐὰν
487 2322 544 2375 δέ
566 2322 614 2373 ot
648 2318 893 2374 Βανδίλοι
916 2320 976 2372 τὸ
1001 2317 1202 2390 χωρίον
1235 2319 1533 2388 ἀμείψωσι,
1568 2318 1746 2373 πάντα
1780 2320 1954 2370 ποιεῖν

372 2413 628 2466 τάναντία
643 2415 722 2476 εἰς
746 2412 984 2482 τὸίερὸν,
1003 2405 1138 2475 ὲξοῦ
1163 2410 1206 2464 δ’
1229 2409 1295 2465 ἂν
1320 2412 1518 2463 ἐκεῖνοι
1542 2408 1859 2479 βαδίσαντες
1876 2408 1957 2460 οίο

370 2520 579 2573 νχονται.
606 2503 888 2555 Ἐπειπεῖν
904 2501 960 2553 δέ
977 2502 1137 2554 αὑτὸν
1164 2501 1257 2553 καὶ
1282 2500 1443 2554 τοῦτό
1466 2518 1650 2568 φασιν,
1670 2499 1744 2561 ὡς
1773 2500 1958 2566 ἀγνοοῖ

379 2596 476 2664 μέν
501 2593 589 2646 τὸν
622 2593 753 2645 Θεὸν
776 2592 833 2646 δν
864 2593 1182 2663 Χριστιανοὶ
1207 2591 1479 2645 σέϐονται·
1503 2591 1647 2654 εἰκὸς
1672 2590 1731 2643 δέ
1766 2590 1951 2658 αὑτὸν,

377 2688 566 2757 φησὶν,
590 2688 748 2754 εἴπερ
777 2685 994 2755 ἰσχυρός
1019 2685 1188 2749 ἐστιν,
1218 2683 1291 2748 ὡς
1317 2684 1557 2752 λέγεται,
1580 2682 1833 2738 τίσασθαι
1858 2686 1957 2755 μὲν

376 2774 501 2837 τοὺς
528 2772 869 2843 ὑϐρίζοντας,
889 2773 1093 2841 ἀμῦναι
1113 2773 1169 2827 δὲ
1189 2776 1298 2836 τοῖς
1323 2773 1743 2843 θεραπεύουσιν.
1769 2777 1831 2828 Οἱ
1859 2776 1958 2845 μὲν

377 2865 469 2919 οὖν
498 2868 836 2919 κατάσκοποι
895 2867 953 2927 ἐς
985 2865 1315 2935 Καρχηδόνα
1363 2864 1959 2935 ἐλθόντεςιὲσχόλαζον

378 2957 475 3029 τὴν
509 2957 861 3027 παρασκευὴν
899 2956 1001 3007 τῶν
1024 2956 1296 3010 Βανδίλων
1328 2956 1612 3027 θεώμενοι.
1638 2945 1863 3028 Ἐπειδὴ
1901 2958 1960 3011 δὲ

1284 247 1672 334 insToRI/t:
1714 252 2313 335 ECCLESIASTlC/ii
2354 270 2586 334 LIBER
2625 274 2719 333 IV.

1968 386 2021 445 Δ

3479 276 3547 337 97
3555 276 3620 339 30

2680 380 2835 437 CAP.
2876 381 2993 436 XV.

2258 536 2265 549 τ
2550 473 2624 527 De
2647 472 2895 529 Cabaone
2917 473 3129 529 Mauro.

2115 554 2281 619 Aliud
2313 562 2581 635 praeterea
2618 566 2904 637 quidpiam
2940 564 3112 621 refert
3154 552 3517 626 admiratione
3546 573 3629 627 di-

2044 662 2239 725 gnum,
2270 655 2417 726 quod
2458 672 2487 711 a
2532 654 2828 712 Servatore
2878 655 2991 712 Deo
3034 666 3415 728 perpetratum
3441 665 3534 714 'e‘st
3573 662 3627 715 in

2045 740 2369 802 hominibus
2415 747 2509 817 qui
2555 764 2584 802 a
2636 748 2901 819 religione
2952 750 3175 819 quidem
3227 760 3418 805 nostra
3473 764 3628 807 erant

2045 840 2233 905 alieni,
2269 841 2358 911 pie
2396 849 2578 895 tamen
2609 854 2673 894 ac
2723 841 2981 913 religiose
3016 852 3085 896 eo
3131 851 3379 912 tempore
3408 859 3468 899 se
3507 860 3629 915 ges-

2045 940 2259 986 serunt.
2287 932 2378 985 Ait
2418 933 2586 1002 igitur
2616 932 2929 988 Cabaonem
2957 936 3279 989 Maurorum
3307 935 3461 991 circa
3495 937 3593 989 Tri
3615 967 3631 977 -

2047 1026 2216 1094 polim
2251 1001 2571 1095 degentium
2606 1028 2856 1096 regulum
2915 1026 3109 1082 fuisse.
3156 1028 3257 1083 Hic
3286 1001 3626 1091 {Gabaonesz

2050 1128 2177 1169 utar
2208 1116 2360 1170 enim
2416 1117 2603 1173 verbis
2647 1118 2820 1187 ipsius
2860 1118 3141 1187 Procopii,
3188 1120 3282 1187 qui
3325 1120 3442 1174 haec
3488 1120 3632 1174 sicut

2050 1211 2284 1280 reliqua,
2308 1210 2594 1280 eleganter
2625 1211 2913 1280 exposuit;
2948 1224 3075 1266 cum
3114 1208 3393 1267 Vandalos
3432 1212 3627 1266 adver-

2048 1292 2144 1359 sus
2186 1304 2366 1373 ipsum
2395 1304 2803 1374 expeditionem
2840 1305 3152 1376 suscepisse
3182 1304 3487 1369 didicisset,
3530 1305 3630 1360 ista

2050 1396 2239 1465 gessit.
2267 1396 2511 1475 Primum
2550 1396 2776 1465 quidem
2809 1397 2877 1451 iis
2906 1397 3001 1466 qui
3050 1397 3157 1451 sub
3207 1396 3420 1450 ditione
3461 1397 3633 1466 ἱρείης

2048 1496 2231 1547 erant.
2267 1488 2531 1556 praecepit
2569 1496 2629 1541 ut
2676 1488 2746 1541 ab
2789 1487 3059 1558 injustitia
3116 1498 3172 1543 et
3224 1488 3293 1542 ab
3342 1488 3635 1557 exquisitis

2051 1578 2307 1648 dapibus.
2335 1579 2611 1649 prtecipue
2654 1593 2790 1634 vero
2821 1594 2850 1634 a
2883 1581 3177 1634 mulierum
3222 1580 3633 1635 consuetudine

2053 1672 2420 1726 abstinerent.
2464 1666 2678 1726 Deinde
2722 1676 2903 1725 castra
2952 1672 3064 1725 duo
3114 1679 3375 1731 melatus.
3435 1671 3489 1725 in
3548 1672 3635 1726 bis

2053 1764 2277 1835 quidem
2324 1765 2441 1835 ipse
2485 1770 2592 1818 una
2639 1779 2764 1819 cum
2794 1764 2931 1818 viris
2961 1764 3221 1819 omnibus
3253 1763 3460 1819 resedit
3507 1781 3521 1817 :
3578 1766 3633 1819 iu

2054 1857 2162 1911 illis
2214 1864 2345 1910 Vero
2414 1856 2677 1911 mulieres
2741 1856 2990 1921 inclusit,
3047 1856 3247 1926 capitis
3303 1857 3633 1927 supplicium

2054 1948 2466 2015 interminatus,
2511 1949 2553 2003 si
2596 1948 2724 2018 quis
2770 1950 3064 2004 mulierum
3117 1959 3297 2006 castra
3356 1946 3635 2020 ingressus

2054 2050 2221 2097 esset.
2258 2041 2509 2097 Posthac
2535 2042 2985 2110 exploratoribus
3028 2041 3421 2112 Carthaginem
3453 2042 3636 2098 missis

2056 2134 2171 2189 haec
2215 2134 2495 2188 mandavit
2542 2151 2555 2186 :
2601 2134 2671 2189 Ut
2714 2150 2838 2189 cum
2890 2134 3119 2188 Vandali
3173 2136 3227 2189 in
3275 2135 3633 2203 expeditione

2055 2227 2344 2280 constituti
2372 2228 2677 2279 oratorium
2718 2225 2942 2294 aliquod
2968 2242 3034 2280 ex
3066 2226 3133 2281 iis
3167 2230 3292 2296 qua:
3332 2225 3634 2281 Christiani

2056 2327 2417 2381 venerantur,
2459 2317 2752 2381 violarent,
2796 2318 2897 2387 ipsi
2928 2318 3153 2388 quidem
3195 2318 3248 2372 id
3290 2318 3438 2388 quod
3473 2317 3637 2373 ﬂebat

2058 2409 2419 2479 inspicerent.
2455 2410 2756 2479 Postquam
2802 2418 2989 2463 autem
3019 2409 3247 2465 Vandali
3290 2426 3417 2465 eum
3454 2410 3634 2465 locum

2060 2502 2436 2569 reliquissent,
2476 2501 2579 2571 ipsi
2612 2502 2666 2555 in
2695 2516 2757 2554 ea
2788 2502 2903 2556 aade
2932 2516 2998 2555 ex
3026 2518 3134 2572 qua
3170 2501 3399 2557 Vandali
3428 2502 3639 2558 disces-

2060 2604 2268 2657 serant,
2298 2594 2576 2648 contraria
2609 2595 2798 2648 omnia
2825 2594 3094 2649 facerent.
3126 2594 3281 2649 istud
3304 2610 3527 2664 quoque
3546 2595 3641 2650 ad-

2056 2687 2257 2756 jecisse
2291 2687 2488 2750 fertur,
2520 2687 2625 2740 sibi
2654 2685 2877 2756 quidem
2903 2686 3159 2756 ignotum
3185 2702 3305 2741 esse
3345 2688 3518 2742 Deum
3544 2686 3641 2757 qui

2062 2794 2090 2832 a
2129 2778 2461 2834 Christianis
2506 2778 2786 2832 coleretur
2829 2795 2842 2831 :
2878 2776 3179 2832 verisimile
3224 2786 3405 2833 tamen
3442 2778 3641 2840 videri,

2058 2888 2211 2933 cum,
2251 2874 2295 2927 si
2334 2881 2529 2936 potens
2568 2873 2661 2935 sit,
2696 2872 3166 2941 quemadmodum
3200 2873 3430 2933 dicitur,
3469 2873 3643 2928 viola-

2064 2972 2214 3018 tores
2245 2963 2471 3033 quidem
2513 2962 2761 3018 numinis
2805 2962 2889 3017 sui
2927 2964 3196 3027 ultu’r‘um,
3236 2966 3483 3020 cultores
3513 2980 3644 3020 vero

375 3054 437 3107 τὸ
472 3053 787 3122 στράτευμα
839 3052 938 3120 τὴν
1000 3052 1092 3103 ἐπὶ
1141 3051 1403 3120 Τρίπολιν
1458 3050 1651 3120 ᾔεσαν,
1698 3053 1954 3122 σχήματα

2067 3054 2423 3110 defensurum
2456 3068 2597 3109 esse.
2618 3054 3013 3123 Exploratores
3044 3057 3229 3126 itaque
3254 3072 3377 3111 cum
3412 3054 3643 3113 Cartha-

380 3143 838 3215 περιϐεϐλημένοι
872 3141 1126 3205 ταπεινὰ,
1183 3141 1422 3194 εἵποντο.
1482 3143 1546 3193 οι
1597 3142 1655 3193 δὲ
1691 3140 1953 3204 Βανδίλοι,

382 3236 454 3298 ὡς
487 3235 670 3307 ἡμέρᾳ
701 3236 764 3305 τῇ
812 3232 1004 3303 πρώτη
1051 3232 1343 3302 ηυλίσαντο
1378 3235 1435 3295 ἐς
1463 3233 1571 3284 τῶν
1615 3233 1959 3301 Χριστιανῶν

381 3328 508 3389 τοῦς
529 3324 682 3387 νεὼς,
714 3324 839 3386 τούς
866 3341 926 3376 τε
978 3324 1198 3387 ἵππους,
1230 3323 1300 3376 τά
1353 3339 1417 3375 τε
1451 3322 1587 3376 ἄλλα
1612 3321 1727 3386 ζῶα
1748 3326 1960 3390 ἐπαγα-

382 3418 567 3485 γόντες
604 3416 814 3484 ὓ6ρ;ώς
869 3432 925 3468 τε
956 3416 1217 3485 οὐδεμιᾶς
1245 3415 1627 3483 ἀπελείποντο,
1676 3417 1772 3468 καὶ
1806 3416 1961 3468 αὐτοὶ

381 3509 650 3580 ἀκολασίᾳ
675 3511 739 3578 τῇ
776 3509 1016 3578 σφετέρᾳ
1050 3508 1373 3577 ἐχρήσαντο,
1412 3506 1538 3570 τούς
1573 3524 1631 3559 τε
1660 3509 1824 3576 ἱερεῖς
1868 3506 1964 3569 οὓς

381 3600 448 3653 ἂν
477 3600 713 3660 λάϐοιεν,
751 3598 1049 3669 ἐρράπιζον
1088 3614 1170 3658 τε.
1206 3598 1301 3649 καὶ
1344 3596 1615 3661 ξαίνοντες
1676 3598 1816 3649 κατά
1867 3596 1963 3648 τοῦ

384 3693 555 3746 νώτου
589 3691 763 3745 πολλὰ
785 3691 1078 3761 ὑπηρετεῖν
1122 3688 1307 3759 σφίσιν
1340 3690 1610 3745 ἐκέλευον,
1657 3688 1880 3757 Ἐπειδὴ
1906 3689 1963 3740 δὲ

383 3786 613 3856 τάχιστα
667 3783 879 3835 ἐνθένδε
911 3782 1328 3852 ἀπηλλάγησαν,
1366 3780 1583 3833 ἐποίουν
1643 3781 1693 3832 οἱ
1724 3780 1817 3832 τοῦ
1846 3781 1961 3831 Κα-

381 3876 593 3931 δαὼνου
628 3876 988 3937 κατάσκοποι,
1036 3875 1136 3927 ὅσα
1179 3874 1362 3935 αὐτοῖς
1404 3874 1753 3925 ἐπετέτακτο.
1797 3874 1879 3925 Τά
1902 3889 1964 3925 τε

385 3968 627 4040 γᾶρίερά
648 3968 981 4037 καθῄρουνυ
1002 3966 1223 4027 αὐτίκα,
1246 3966 1349 4035 τήν
1381 3980 1439 4016 τε
1467 3963 1691 4035 κόπρον,
1726 3964 1822 4016 καὶ
1844 3963 1896 4015 εἴ
1914 3981 1967 4015 τι

384 4061 511 4115 ἀλλο
535 4062 634 4131 οὐχ
662 4059 826 4122 ὁσίως
857 4059 1127 4119 ἐπέκειτο,
1166 4058 1263 4109 σὺν
1293 4055 1584 4127 ἐπιμελείᾳ
1615 4057 1962 4125 ἀφελόμενοι,

384 4152 514 4207 τάτι
546 4150 718 4222 λύχνα
744 4150 931 4204 ἔκαιον
955 4150 1191 4213 ἅπαντα,
1223 4148 1317 4202 καὶ
1341 4149 1469 4209 τοὺς
1522 4149 1703 4219 ἱερέας
1729 4147 1867 4201 αἰδοῖ
1908 4164 1967 4202 τε

384 4241 557 4313 πολλῇ
624 4242 1064 4313 προσεκύνησαν,
1124 4240 1220 4293 καὶ
1275 4242 1341 4311 τῇ
1408 4239 1544 4311 ἄλλῃ
1596 4240 1965 4311 φιλοφροσύνῃ

387 4335 727 4404 ἠσπάσαντο.
779 4333 1046 4403 Ἀργύριᾶ
1094 4348 1154 4383 τε
1201 4334 1315 4393 τοῖς
1373 4334 1609 4400 πτωχοῖς
1666 4332 1867 4397 δόντες,
1917 4333 1967 4385 οἳ

2062 3148 2250 3217 ginem
2316 3148 2622 3213 venissent,
2697 3147 2808 3203 illic
2866 3148 3219 3218 quieverunt,
3275 3149 3647 3205 Vandalorum

2069 3250 2396 3308 apparatum
2430 3237 2892 3307 contemplantes.
2922 3237 3028 3294 Ubi
3061 3254 3195 3293 vero
3234 3237 3396 3309 397
3427 3241 3646 3294 exercio

2069 3340 2158 3383 tus
2191 3345 2386 3385 eorum
2435 3330 2703 3399 Tripolim
2750 3344 2946 3383 versus
2979 3330 3257 3399 proﬁcisci
3301 3331 3490 3400 cmpit,
3543 3330 3646 3401 ipsi

2068 3422 2165 3475 vili
2198 3429 2350 3476 veste
2397 3421 2577 3475 induti
2614 3435 2711 3475 eos
2750 3422 3033 3477 subsecuti
3086 3432 3234 3478 sunt.
3276 3424 3346 3477 At
3394 3423 3647 3481 Vandali.

2072 3512 2254 3582 primo
2289 3512 2475 3568 statim
2506 3512 2596 3565 die
2654 3528 2781 3567 cum
2832 3513 2887 3566 in
2949 3513 3391 3568 Christianorum
3433 3514 3651 3569 aedibus

2073 3607 2251 3660 sacris
2293 3605 2555 3659 stabulati
2598 3612 2785 3658 essent
2812 3618 2924 3658 una
2955 3612 3081 3659 cum
3104 3603 3269 3674 equis
3309 3619 3374 3659 ac
3422 3605 3652 3676 reliquis

2068 3697 2425 3760 animalibus,
2452 3696 2665 3750 nullum
2703 3696 3053 3750 contumelia
3079 3712 3254 3766 genus
3280 3698 3650 3766 praetermise-

2072 3796 2237 3841 runt:
2268 3786 2362 3841 sed
2395 3796 2506 3841 tum
2546 3786 2647 3855 ipsi
2674 3787 2838 3840 solita
2864 3785 3289 3854 intemperantia
3329 3787 3647 3844 utebantur.

2074 3888 2189 3933 tum
2236 3878 2555 3934 sacerdotes
2587 3877 3039 3933 Christianorum
3095 3892 3462 3949 quoscunque
3502 3895 3653 3935 com-

2073 3969 2505 4040 prehenderant,
2557 3966 2731 4037 alapis
2773 3965 3081 4029 caedebant,
3130 3976 3188 4021 et
3243 3966 3407 4022 dorsa
3455 3983 3651 4023 eorum

2074 4060 2404 4115 verberibus
2428 4059 2743 4121 tundentes,
2768 4059 3085 4113 ministrare
3105 4058 3213 4114 sibi
3239 4073 3338 4114 eos
3358 4059 3649 4130 cogebant.

2076 4152 2469 4221 Exploratores
2502 4162 2686 4205 autem
2728 4149 3025 4215 Cabaonis,
3061 4151 3225 4205 simul
3282 4160 3449 4222 atque
3501 4152 3651 4207 Van-

2076 4244 2186 4299 dali
2213 4259 2279 4298 ex
2303 4243 2370 4297 iis
2398 4244 2536 4299 locis
2558 4244 2964 4306 abscesserant,
2993 4242 3051 4296 id
3079 4243 3317 4313 agebant
3342 4242 3491 4313 quod
3521 4243 3653 4314 ipsis

2076 4336 2404 4407 imperatum
2461 4336 2661 4391 fuerat.
2700 4335 2836 4390 Nam
2882 4343 2940 4391 et
2993 4334 3140 4391 mdes
3184 4350 3371 4391 sacras
3396 4337 3654 4406 protinus

388 4426 534 4497 ἀμφὶ
562 4426 633 4477 τὰ
665 4426 787 4495 ἱερά
809 4424 980 4479 ταῦτα
1011 4424 1301 4493 ἐκάθηντο,
1320 4422 1465 4476 οὕτω
1483 4423 1545 4494 δὴ
1576 4427 1642 4494 τῇ
1673 4424 1781 4477 τῶν
1827 4426 1954 4478 Βαν-

2078 4427 2411 4498 purgabant,
2440 4436 2499 4482 et
2521 4434 2760 4481 stercora
2793 4440 2857 4479 ac
2889 4426 2933 4480 si
2965 4425 3098 4495 quid
3131 4425 3279 4479 aliud
3310 4425 3496 4480 minus
3524 4424 3655 4481 reli-

389 4518 550 4572 δίλων
596 4518 828 4589 στρατιᾷ
879 4517 1115 4569 εἵποντο.
1152 4516 1261 4569 Καὶ
1322 4515 1430 4567 ἀπὸ
1462 4515 1653 4567 τούτου
1697 4516 1840 4569 κατὰ
1871 4520 1954 4585 sip

2074 4519 2227 4588 giose
2263 4520 2538 4588 ingestum
2582 4516 2783 4579 fuerat,
2812 4515 3061 4570 studiose
3092 4515 3437 4579 auferentes,
3470 4514 3655 4570 lucer-

389 4608 506 4661 ὁδὸν
536 4607 830 4677 σύμπασαν
886 4608 936 4659 ot
972 4605 1213 4659 Βανδίλοι
1254 4606 1392 4659 κατὰ
1430 4605 1604 4658 ταυτα
1632 4607 1949 4677 ἡμάρτανον

2085 4625 2183 4664 nas
2213 4624 2406 4663 omnes
2430 4608 2829 4673 accendebant,
2856 4615 2912 4660 et
2934 4607 3253 4662 sacerdotes
3286 4621 3503 4661 summa
3530 4622 3657 4661 cum

389 4701 486 4754 καὶ
514 4702 564 4754 ol.
599 4701 935 4754 κατάσκοποι
961 4697 1317 4767 ἐθεράπευον.
1357 4697 1510 4750 Ἐπεὶ
1536 4696 1592 4750 δέ
1644 4697 1816 4767 ἀγχοῦ
1851 4697 1954 4749 ἔσει

2080 4700 2391 4755 reverentia
2424 4700 2748 4760 salutantes,
2786 4699 2934 4752 omni
2970 4697 3244 4767 obsequio
3275 4708 3442 4767 atque
3466 4696 3661 4751 buma-

392 4794 517 4845 σθαι
541 4792 786 4863 ἔμελλον,
816 4791 1263 4863 προτερήσαντες
1296 4791 1345 4843 ot
1376 4789 1741 4856 κατάσκοποι,
1768 4790 1954 4858 ἀγγέλ‹

2081 4792 2256 4846 nitate
2292 4791 2795 4862 prosequebantur.
2837 4788 3185 4860 Pauperibus
3228 4789 3467 4859 denique
3512 4788 3660 4842 circa

390 4884 545 4937 λουσι
572 4883 653 4954 τῷ
682 4884 981 4954 Καϐαὼνῃ.
1016 4884 1115 4936 ὅσα
1150 4882 1430 4944 Βανδίλοις
1480 4894 1540 4935 τε
1586 4884 1677 4935 καὶ
1708 4883 1889 4952 σφίσιν
1921 4885 1954 4935 ἐ.

2078 4883 2226 4939 aedes
2270 4884 2391 4938 illas
2422 4883 2752 4941 sedentibus
2806 4882 3068 4954 pecunias
3122 4880 3351 4935 dabant.
3401 4878 3560 4933 Hunc
3601 4879 3660 4932 in

389 4976 462 5028 τὰ
498 4974 842 5045 Χριστιανῶν
872 4975 996 5045 ἱερὰ
1025 4975 1301 5044 εἴργαστο,
1348 4974 1443 5026 καὶ
1468 4973 1543 5034 ὡς
1600 4973 1764 5041 ὲγγιές
1795 4990 1894 5027 που
1932 4990 1954 5026 ο

2082 4974 2305 5029 modum
2370 4975 2676 5029 exercitum
2732 4973 3101 5029 Vandalorum
3153 4971 3550 5040 sequebantur.
3596 4970 3664 5025 Et

394 5068 650 5138 πολέμιοι
676 5065 807 5123 εἷεν.
854 5069 912 5121 Ὁ
936 5069 991 5121 δὲ
1010 5068 1274 5131 ἀκούσας,
1308 5067 1366 5129 ἐς
1392 5064 1490 5135 τὴν
1546 5064 1821 5135 ξυμὸολὴν
1847 5064 1950 5118 καθ

2083 5064 2314 5120 Vandali
2361 5066 2608 5136 quidem,
2654 5081 2721 5118 ex
2774 5080 2843 5119 eo
2896 5052 3142 5134 tempore
3190 5079 3293 5133 per
3340 5062 3661 5117 universum

397 5161 606 5214 ίστατο.
657 5162 722 5215 Ol
766 5162 866 5229 μὲν
918 5157 1012 5215 οὖν
1036 5158 1256 5222 πολλοὶ,
1296 5156 1372 5222 ὦς
1402 5173 1572 5227 φησι,
1604 5156 1874 5210 Βανδίλων
1903 5156 1950 5209 δι

2084 5158 2348 5229 deinceps
2385 5158 2491 5212 iter
2510 5157 2714 5213 similia
2750 5157 2963 5212 scelera
2995 5156 3369 5222 admiserunt;
3411 5153 3665 5224 explora-

394 5252 736 5324 ιφθάρησαν.
761 5254 883 5307 Εἰσὶ
901 5253 957 5307 δὲ
974 5253 1024 5306 οἳ
1041 5252 1139 5305 καὶ
1159 5251 1265 5304 ὑπὸ
1280 5252 1393 5313 τοῖς
1418 5249 1697 5319 πολεμίοις
1713 5250 1954 5317 ἐγένοντο

2085 5257 2237 5302 tores
2258 5260 2393 5303 vero
2412 5246 2719 5303 remedium
2742 5246 3009 5300 adhibere
3027 5244 3210 5300 conati
3236 5256 3386 5301 sunt.
3400 5243 3508 5302 Ubi
3530 5256 3666 5300 vero

1697 5388 1935 5445 VARl/E
1965 5388 2371 5447 LEC'HONES.

469 5493 515 5524 ’ν
544 5493 607 5549 C.
642 5494 705 5552 C.
742 5495 1227 5568 ἐκπρατεύεσθαι.
1304 5494 1350 5527 ’⁸
1376 5494 1439 5551 C.
1473 5478 1536 5550 (Σ.
1570 5491 1822 5546 ἐπὸθετο.
1898 5492 1945 5523 θ’
1962 5491 2025 5552 C.
2061 5492 2123 5547 C.
2172 5488 2491 5561 ἐκάθαιρον.

1613 5628 1695 5682 VA
1708 5628 1885 5684 LESll
1917 5622 2477 5681 ΛΝΝΟΤΑΊἸΟΝΕΒ.

471 5723 587 5795 (49)
640 5721 1030 5789 Ἀξιὰγαστον
1057 5722 1287 5791 ἀνάγει.
1332 5723 1542 5775 Mallem
1579 5722 1825 5779 scribere
1867 5720 2198 5790 ἀναγράφει,
2226 5724 2287 5771 ut
2321 5717 2571 5787 loquitur
2601 5713 2868 5785 Evagrius
2904 5715 2961 5769 in
2997 5730 3118 5786 cap.
3160 5715 3246 5773 l5.

727 5814 1003 5875 PATROL.
1046 5814 1164 5873 Gn.
1218 5812 1563 5874 LXXXVI.
3328 5806 3405 5869 86
