4038 6198
333 265 478 342 2M5

1222 265 1612 326 HISTORIE
1651 268 2252 330 ECCLESIAS’I‘IC.E
2294 272 2525 330 LIBER
2570 271 2670 331 [ι’.

3462 274 3529 338 27
3539 275 3606 339 I6

333 378 485 443 ᾄξιον
520 373 882 443 καθέστηκεν.
916 374 1044 426 Ὅτε
1070 372 1168 444 τὴν
1219 373 1496 444 Ἀντιόχου
1522 376 1924 448 πυρπολεῖσθαι

2037 379 2119 442 bo,
2149 379 2354 450 quippe
2381 379 2532 450 quod
2567 379 2694 433 huic
2722 378 2878 448 Operi
2903 388 3091 434 nostro
3115 381 3282 436 inseri
3308 396 3604 438 mereatur.

333 470 444 522 τῶν
498 465 792 536 Ἀπαμέων
825 465 874 518 οί
932 465 1121 529 παῖδες
1176 464 1515 534 ἐγνώκεσαν,
1566 468 1810 521 ἱκέτευον
1831 471 1920 523 τὸν

332 557 660 628 λελεγμένον
699 573 791 626 μοι
841 555 1067 626 Θωμᾶν,
1100 556 1162 609 τὸ
1199 558 1470 628 σωτήριον
1518 559 1614 610 και⁸
1659 559 1922 623 ζωοποιδν

334 651 429 706 τοῦ
461 648 701 721 σταυροῦ
734 648 889 714 ξύλον
945 649 1096 720 παρὰ
1148 649 1210 701 τὸ
1240 648 1430 712 εἰωθὸς
1482 654 1834 720 προενεγκεῖν
1863 669 1922 703 τε

340 743 430 795 καὶ
467 740 773 812 προθεῖναι,
831 740 906 803 ὡς
948 739 1014 794 ἂν
1059 740 1127 793 τὰ
1174 740 1464 795 τελευταῖα
1509 743 1682 812 ὁρῷέν
1735 761 1794 794 τε
1827 745 1924 796 καὶ

342 833 801 897 κατασπάξοιντο,
825 834 923 901 τὴν
956 833 1126 903 μόνην
1153 833 1260 886 τῶν
1285 832 1592 903 ἀνθρώπων
1622 835 1921 906 σωτηρίαν,
1951 875 1958 880 .

341 925 552 994 ἐφόδιόν
576 942 636 977 τε
666 923 883 984 λάϐοιεν
899 924 998 994 τῆς
1024 924 1218 995 ἐτέρας
1260 924 1468 996 βιοτῆς,
1499 925 1924 997 διαπορεύοντος

341 1019 543 1081 αὐτοὺς
565 1017 657 1070 τοῦ
689 1017 872 1087 τιμίου
921 1017 1159 1086 σταυροῦ
1197 1017 1333 1088 πρὸς
1375 1017 1475 1088 τὴν
1507 1017 1717 1087 ἀμείνω
1749 1019 1922 1090 λῆξιν.

348 1113 411 1162 ὐ
437 1110 500 1178 δὴ
547 1109 644 1162 κα)⁸
679 1106 981 1179 πεπραχὼς
1012 1109 1040 1160 ὁ
1080 1108 1304 1177 Θωμᾶς,
1360 1109 1628 1181 προφέρει
1670 1110 1730 1163 τὸ
1789 1112 1927 1174 ζωο-

346 1200 496 1253 ποιδν
529 1199 707 1264 ξύλον,
747 1201 917 1269 ῥητὰς
965 1199 1303 1267 ἐπαγγείλας
1353 1198 1565 1269 ἡμέρας
1596 1200 1695 1270 τῆς
1730 1200 1926 1272 προθέ-

347 1309 505 1354 σεως.
531 1292 605 1354 ὡς
638 1291 704 1343 ἂν
735 1290 830 1360 ἐξῇ
864 1291 956 1349 καὶ
983 1291 1117 1346 πᾶσι
1148 1293 1264 1352 τοῖς
1291 1290 1677 1359 ἀστυγείτοσιν
1706 1291 1927 1361 ἁλισθῆ-

345 1402 454 1442 ναι,
489 1383 710 1450 καὶτῆς
738 1381 991 1434 ἐντεῦθεν
1027 1383 1304 1452 σωτηρίας
1335 1382 1665 1439 ἀπόνασθαι.
1692 1385 1926 1438 Φοιτὼσι

345 1473 474 1542 γοῦν
501 1474 638 1543 μετὰ
660 1471 770 1524 τῶν
808 1472 982 1523 ἄλλων
1011 1471 1107 1524 καὶ
1136 1473 1185 1524 οἱ
1233 1472 1290 1535 ἐς
1329 1471 1445 1542 φῶς
1485 1489 1551 1543 με
1583 1473 1927 1542 προαγαγόν-

346 1551 454 1628 τες,
482 1567 536 1628 ἐς
569 1564 1074 1634 χαμαιδιδασκάλου
1111 1564 1385 1633 φοιτῶντα
1409 1583 1475 1635 με
1512 1565 1921 1636 περιαγόμενοι.

358 1660 442 1722 'n;
473 1659 518 1711 δ’
547 1658 639 1711 οὖν
668 1659 1040 1727 προσκυνῆσαί
1083 1673 1143 1709 τε
1190 1656 1286 1710 καὶ
1323 1657 1785 1711 κατασπάσασθαι
1836 1657 1926 1709 τὸν

2023 469 2160 525 Cum
2197 471 2390 525 urbem
2433 470 2784 525 Antiochiam
2813 486 2842 523 a
2866 470 3112 526 Cbosroe
3179 472 3458 528 incensam
3485 491 3608 529 esse

2025 563 2349 619 didicissent
2396 565 2754 632 Apamenses,
2812 562 3162 632 postularunt
3213 565 3537 632 suppliciter
3579 585 3608 621 ιι

2027 655 2260 719 Thoma,
2309 656 2467 724 cujus
2519 669 2681 722 supra
2738 654 3076 708 mentionem
3111 653 3236 718 feci,
3271 665 3329 708 ut
3371 657 3611 709 salutare

2026 761 2090 800 ac
2117 745 2394 800 viviﬁcum
2426 745 2610 799 crucis
2649 745 2856 812 lignum
2896 757 3096 814 praeter
3132 757 3457 800 consuetum
3498 763 3611 799 rno-

2031 852 2144 892 rem
2172 835 2450 906 proferret
2497 846 2660 904 atque
2686 837 2932 890 omnium
2961 837 3137 891 oculis
3173 849 3469 906 exponeret
3515 856 3526 890 :
3555 848 3613 891 ut

2030 915 2247 982 unicam
2303 929 2446 982 hanc
2475 927 2786 980 mortalium
2832 928 3064 982 salutem
3111 939 3448 998 postremum
3494 947 3612 984 ecr-

2027 1035 2164 1074 nere
2197 1035 2261 1073 ac
2286 1018 2593 1073 deosculari
2622 1017 2754 1086 ipsis
2783 1019 2995 1079 liceret,
3045 1029 3208 1088 atque
3231 1021 3333 1074 hoc
3367 1022 3499 1090 ipsis
3542 1020 3609 1074 ad

2030 1111 2256 1164 alteram
2293 1112 2461 1163 vitam
2511 1119 2659 1164 esset
2712 1111 3008 1173 viaticum,
3042 1111 3354 1164 veneranda
3402 1112 3612 1166 scilicet

2030 1214 2194 1257 cruce
2233 1203 2380 1271 ipsos
2407 1201 2473 1254 ad
2502 1202 2785 1255 meliorem
2809 1211 3011 1254 sortem
3043 1209 3469 1270 trauSportante.
3506 1206 3614 1256 An-

2030 1296 2154 1350 nuit
2182 1310 2376 1350 eorum
2405 1295 2666 1364 precibus
2705 1295 2970 1358 Thomas,
2998 1304 3054 1350 et
3085 1295 3359 1350 viviﬁcnm
3407 1296 3611 1364 lignum

2032 1387 2393 1457 deprompsit,
2419 1387 2643 1444 indictis
2671 1389 2838 1442 certis
2870 1387 3068 1443 diebus
3106 1388 3310 1457 quibus
3343 1403 3618 1457 prepone-

2032 1489 2209 1543 retur,
2254 1488 2315 1533 ut
2356 1494 2549 1534 omnes
2598 1479 2817 1534 ﬁnitimi
2862 1495 2930 1534 eo
2975 1465 3281 1541 conﬂuere,
3324 1489 3380 1534 et
3423 1479 3618 1532 salutis

2035 1569 2161 1624 inde
2197 1571 2576 1638 promanantis
2628 1569 2928 1639 participes
2964 1568 3080 1622 fieri
3125 1577 3366 1638 possent.
3407 1569 3484 1628 Eo
3519 1568 3618 1637 igi-

2035 1672 2126 1715 tur
2167 1671 2422 1730 parentes
2455 1662 2559 1714 mei
2595 1677 2700 1714 una
2731 1677 2856 1714 cum
2889 1661 3117 1729 reliquis
3149 1675 3206 1714 se
3238 1659 3614 1722 contulerunt,

345 1750 526 1820 τίμιον
585 1748 899 1819 ἠξιώθημεν
945 1747 1202 1816 σταυρὸν,
1256 1747 1396 1818 ἄρας
1453 1748 1480 1800 ὁ
1530 1747 1734 1816 Θωμᾶς
1763 1746 1932 1816 ἄμφω

2037 1765 2123 1804 me
2147 1766 2368 1819 quoque
2421 1750 2514 1820 qui
2557 1758 2687 1803 tunc
2719 1751 3202 1818 grammaticorum
3260 1746 3473 1802 scholas
3505 1746 3618 1800 fre-

348 1844 414 1894 τά
439 1842 457 1868 τ
485 1843 658 1911 χεῖρε,
692 1841 750 1892 τδ
777 1843 876 1904 τῆς
934 1839 1170 1908 ἀρχαίας
1225 1840 1474 1910 κατάρας
1509 1839 1929 1910 ἐξαλειπτήριον

348 1933 440 1985 τοῦ
501 1932 734 2003 σταυροῦ
806 1931 962 1996 ξύλον
1017 1931 1323 1996 ἐπεδείκνυ,
1374 1931 1552 2000 πάντη
1601 1930 1709 1983 τῶν
1770 1930 1931 1983 θείων

350 2027 667 2096 ἀνακτόρων
694 2023 1053 2096 περινοστῶν,
1104 2022 1292 2093 ὥσπερ
1323 2024 1380 2077 ἐν
1411 2024 1530 2086 ταῖς
1557 2021 1774 2092 κυρίαις
1822 2020 1933 2074 τῶν

354 2118 781 2186 προσκυνήσεων
815 2114 1052 2186 ἡμέραις
1096 2113 1323 2166 εἴθιστο.
1351 2114 1546 2166 Εἵπετο
1570 2114 1625 2166 δὲ
1659 2113 1735 2183 τῷ
1760 2113 1933 2183 Θωμᾷ

353 2208 738 2279 μεθισταμένῳ
769 2207 939 2278 πυρὸς
979 2207 1121 2276 μέγα
1144 2223 1197 2259 τι
1219 2207 1410 2276 χρῆμα
1441 2205 1839 2273 σελαγίζοντος,
1871 2205 1932 2257 οὐ

353 2301 765 2367 κατακαίιιντος,
801 2298 890 2372 ὡς,
912 2297 1092 2352 πάντα
1123 2298 1214 2350 τὸν
1273 2297 1450 2368 χῶρον
1484 2297 1612 2351 ἔνθα
1642 2296 1934 2366 παρεστὼς

352 2395 442 2447 τὸν
469 2393 649 2462 τίμιον
682 2391 966 2443 ἐπεδείκνυ
999 2390 1253 2458 σταυρῦν,
1314 2388 1700 2459 ἐμπίπρασθαι
1731 2389 1931 2443 δοκεῖν.

355 2487 464 2555 Καὶ
493 2487 717 2554 γέγονεν
755 2484 854 2553 οὐχ
879 2483 1049 2548 ἅπαξ,
1085 2483 1144 2533 οὐ
1176 2481 1280 2543 δὶς,
1328 2481 1466 2534 ἀλλὰ
1512 2482 1603 2535 καὶ
1652 2480 1933 2546 πολλάκις,

353 2577 444 2631 τοῦ
479 2577 672 2647 ἱερέως
714 2575 890 2628 πάντα
926 2575 1016 2626 τὸν
1040 2573 1233 2626 αὐτόσε
1261 2571 1439 2642 χῶρον
1476 2573 1802 2642 περιϊόντος,
1843 2573 1938 2626 καὶ

356 2667 450 2721 τοῦ
479 2665 861 2738 ἀθροισθέντος
894 2663 1002 2716 λεὼ
1044 2662 1201 2716 τοῦτο
1247 2662 1502 2730 γενέσθαι
1555 2662 1758 2733 Θωμᾶν
1814 2663 1940 2715 δυσ-

357 2758 654 2822 ωποῦντος.
692 2757 869 2826 Ὅπερ
896 2755 988 2808 καὶ
1035 2753 1134 2825 τὴν
1194 2753 1498 2822 γενομένην
1527 2753 1801 2824 σωτηρίαν
1827 2754 1940 2816 τοῖς

372 2850 681 2921 Ἀπαμεῦσι
701 2852 1134 2921 προεφήτευσεν.
1180 2845 1436 2915 Ἀνετέθη
1461 2845 1637 2898 τοίνυν
1668 2845 1762 2898 καὶ
1779 2845 1942 2900 εἰκὼν

360 2949 460 3000 ἀνὰ
491 2945 581 2998 τὸν
602 2945 795 3016 ὄροφον
829 2942 937 2994 τῶν
972 2941 1310 3010 άακτόρων.
1336 2939 1513 2992 ταῦτα
1550 2941 1660 3001 τοῖς
1686 2936 1942 3006 ἀγνοοῦσι

361 3044 425 3110 τῇ
484 3025 670 3110 γραφῇ
735 3036 1133 3102 διαγγέλλουσα
1186 3033 1322 3102 (56),
1380 3034 1413 3102 ἢ
1466 3034 1559 3085 καὶ
1619 3033 1782 3102 μέχρι
1844 3033 1943 3101 τῆς

2030 1844 2385 1914 qnentabam,
2414 1859 2601 1898 secum
2634 1843 2994 1897 dediteentes.
3033 1842 3220 1910 Itaque
3261 1855 3328 1893 eo
3372 1850 3618 1909 tempore

2030 1954 2140 2007 quo
2173 1937 2543 1992 venerandam
2565 1951 2784 1990 erucem
2812 1935 3041 1990 adorare
3074 1950 3139 1988 ac
3165 1933 3470 1988 deosculari
3505 1947 3621 1987 me-

2032 2029 2265 2093 ruimus,
2320 2029 2564 2082 Thomas
2613 2028 2774 2083 elatis
2811 2043 3031 2082 sursum
3090 2025 3367 2088 manibus,
3408 2025 3619 2096 lignum

2033 2119 2218 2173 crucis
2248 2118 2394 2188 quod
2434 2127 2674 2172 VCU'I‘CDI
2706 2116 3148 2170 maledictionem
3197 2115 3456 2174 abolevit,
3498 2116 3622 2167 uni-

2033 2227 2248 2265 versam
2278 2211 2451 2264 :ndem
2500 2224 2712 2263 sacram
2766 2207 2929 2280 405
2981 2205 3312 2261 circumiens
3354 2205 3618 2272 ostendit,

2035 2301 2178 2355 sicut
2216 2302 2270 2352 in
2301 2298 2641 2352 solemnibus
2681 2295 3066 2350 adorationum
3105 2293 3302 2346 diebus
3338 2290 3455 2343 ﬁeri
3489 2305 3622 2344 eon-

2036 2399 2313 2444 sueverat.
2374 2388 2824 2459 Progredicntem
2870 2401 3000 2440 vero
3033 2385 3301 2438 Thomam
3349 2381 3621 2453 sequeba-

2039 2492 2128 2535 tur
2159 2481 2350 2550 ingens
2383 2481 2619 2542 thauma,
2655 2495 2763 2532 non
2800 2478 2892 2531 illa
2919 2476 3140 2546 quidem
3176 2475 3492 2530 amburens.
3525 2475 3620 2528 sed

2037 2587 2338 2628 coruscans
2370 2572 2548 2625 :adeo
2588 2580 2646 2624 ut
2699 2579 2847 2623 totus
2894 2568 2983 2622 ille
3018 2569 3174 2622 locus
3205 2567 3259 2621 in
3293 2583 3402 2636 quo
3440 2566 3626 2620 consi-

2040 2676 2192 2722 stens
2221 2666 2482 2730 Thomas,
2542 2663 2918 2718 venerandam
2975 2677 3196 2717 crucem
3254 2660 3622 2725 ostendebat,

2041 2763 2381 2833 conﬂagrare
2418 2759 2726 2814 videretur.
2763 2757 2951 2828 Neque
2977 2759 3081 2811 hoc
3116 2755 3286 2810 semel
3315 2765 3481 2823 atque
3518 2754 3622 2808 ite-

2045 2873 2188 2920 rum,
2217 2855 2311 2910 sed
2348 2854 2548 2923 saepius
2580 2852 2785 2906 factum
2810 2861 2915 2914 est,
2941 2864 3067 2904 cum
3087 2849 3380 2917 epise0pus
3407 2846 3629 2900 univer-

2044 2963 2164 3002 sum
2193 2947 2344 3000 illum
2389 2946 2572 2999 locum
2597 2943 2883 3007 circnirct,
2907 2951 2963 2996 et
2993 2941 3228 3010 pepnlus
3263 2939 3376 2992 illic
3394 2953 3628 3006 congre—

2047 3047 2203 3108 gatus
2227 3038 2493 3091 Thomam
2542 3035 2703 3090 enixe
2745 3043 2962 3104 rogaret
2999 3040 3059 3085 ut
3104 3031 3156 3085 id
3215 3031 3402 3091 ﬁeret.
3430 3029 3506 3082 Ea
3538 3044 3629 3082 res

376 3133 751 3203 ’Λδααρμάνου
782 3130 918 3200 (57),
953 3129 1049 3182 καὶ
1081 3127 1308 3198 Περσῶν
1374 3127 1567 3194 ἐφόδου
1628 3127 1933 3191 διεσώζετο.

2045 3131 2284 3185 futuram
2328 3128 2731 3198 Apamensibus
2765 3126 3000 3180 salutem
3058 3121 3329 3192 prmdixit.
3368 3119 3628 3174 Dedicata

365 3223 678 3296 Συνεκαύθη
715 3222 770 3274 δὲ
815 3223 880 3291 τῇ
926 3221 1122 3274 αὐτόσε
1178 3219 1311 3289 ἁγίᾳ
1347 3217 1443 3270 τοῦ
1491 3217 1627 3271 Θεοῦ
1674 3218 1940 3289 ἐκκλησία

366 3320 508 3390 μετὰ
536 3319 634 3386 τῆς
663 3315 790 3386 ὅλης
821 3315 1053 3377 πόλεως.
1093 3315 1203 3366 Καὶ
1256 3311 1432 3364 ταῦτα
1490 3311 1589 3381 μὲν
1617 3305 1718 3366 ὧδε
1749 3311 1942 3379 ἐγεγό-

363 3427 467 3465 νει.
515 3409 572 3462 '0
601 3409 657 3460 δὲ
688 3408 936 3476 Χοσρόης
972 3404 1116 3458 κατὰ
1158 3404 1260 3474 τὴν
1307 3403 1507 3472 ἄφοδον
1553 3402 1945 3473 παρασπονδή-

368 3519 468 3565 σας
494 3502 562 3553 ra
624 3499 991 3567 συγκείμενα,
1042 3497 1164 3548 ἐπεὶ
1209 3497 1306 3549 καὶ
1345 3494 1601 3564 τηνικάδε
1646 3493 1944 3558 συνεδόκει,

365 3594 532 3664 ἕτερα
564 3591 837 3660 πέπραχε,
865 3589 940 3658 τῷ
975 3589 1071 3658 μὲν
1092 3585 1320 3640 ἀσταθεῖ
1349 3583 1517 3638 αὑτοῦ
1568 3585 1664 3638 καὶ
1698 3583 1944 3653 ἁὸεὸαίῳ

365 3685 554 3755 τρόπῳ
587 3681 980 3752 συμϐαίνοντα,
1011 3681 1214 3751 ἥκιστα
1259 3677 1315 3730 δὲ
1348 3677 1503 3747 ἀνδρὶ
1533 3675 1760 3746 λογικῷ,
1813 3676 1946 3746 μήτι

367 3795 433 3845 γε
477 3777 542 3847 δὴ
592 3775 805 3847 βασιλεῖ
857 3775 1159 3846 πρέποντα,
1207 3771 1366 3840 λόγον
1406 3776 1510 3824 των
1571 3770 1948 3840 συγκειμένων

372 3871 699 3940 ποιουμένῳ.

2044 3230 2129 3275 est
2161 3219 2328 3288 igitur
2365 3219 2543 3287 imago
2587 3219 2642 3270 in
2691 3216 2941 3270 lacunari
2989 3214 3122 3268 adis
3151 3227 3338 3276 sacrae,
3375 3227 3495 3281 qua:
3527 3209 3632 3263 hoc

2047 3314 2373 3370 miraculum
2407 3313 2623 3384 pictura
2655 3326 2976 3381 expressum
3010 3306 3388 3363 nescientibus
3425 3303 3632 3358 indica-

2050 3415 2151 3460 ret.
2183 3404 2487 3474 Mansitque
2511 3404 2722 3472 intcgra
2766 3403 2880 3455 haec
2914 3401 3112 3468 imago,
3150 3397 3217 3451 ad
3260 3396 3631 3450 incursionem

2053 3511 2227 3566 usque
2260 3494 2619 3549 Adaartuanis
2665 3501 2718 3545 et
2748 3493 3060 3545 Persarum.
3087 3489 3207 3554 Quo
3252 3498 3498 3554 tempore
3527 3500 3633 3537 una

2053 3603 2177 3641 cum
2206 3595 2555 3640 sacrosancta
2584 3584 2678 3636 Dei
2704 3581 2946 3636 Ecclesia
2977 3589 3178 3633 etcum
3213 3578 3470 3630 universa
3501 3574 3635 3628 civi-

2059 3687 2169 3734 tate
2205 3677 2440 3732 IIammis
2469 3677 2759 3744 absumpta
2802 3683 2904 3728 est.
2943 3673 3121 3740 Atque
3155 3670 3270 3722 haec
3297 3665 3521 3736 quidem
3560 3665 3633 3718 ita

2055 3778 2381 3826 evenerunt.
2428 3767 2705 3823 Chosroes
2772 3780 2906 3818 vero
2949 3763 3080 3817 dum
3135 3761 3358 3822 rediret,
3418 3758 3638 3812 violatis

2059 3859 2517 3930 pactis(qua:dam
2552 3857 2702 3911 enim
2743 3865 2876 3910 tunc
2898 3851 3314 3923 speponderat),
3345 3851 3506 3923 longe
3529 3847 3632 3908 alia

369 3937 609 4040 admisit,
644 3977 768 4033 qua:
808 3959 1188 4016 inconstantia:
1228 3955 1454 4027 quidem
1494 3956 1615 4026 ejus
1645 3971 1709 4010 ac
1739 3954 1948 4009 levitati
1987 3953 2425 4016 conveniebant,
2493 3951 2615 4005 viro
2641 3958 2824 4004 autem
2890 3945 3101 3999 ratione
3133 3944 3396 4013 praedito,
3434 3937 3635 3996 nedum

373 4057 508 4127 regi,
533 4066 820 4127 pactorum
848 4067 1073 4109 suorum
1108 4050 1379 4104 rationem
1401 4047 1660 4111 ducenti,
1696 4047 1952 4102 indecora
1982 4061 2212 4117 prorsus
2233 4053 2411 4100 erant.
3061 4064 3066 4067 >
3135 4057 3139 4062 λ

939 4143 1194 4200 ΚΕΦΑΛ.
1254 4142 1379 4195 ΚΖ’.

447 4243 585 4312 Περὶ
610 4238 718 4310 τῆς
742 4243 830 4306 είς
855 4239 1160 4292 Ἔδεσσαν
1185 4235 1578 4303 ἐκστρατείας
1606 4234 1899 4302 Χοσρόου.

459 4333 790 4404 Ἀναγράφει
847 4332 877 4384 ὁ
927 4327 1468 4399 αὑτδςι·-ῐ1ροκόπιος
1517 4328 1610 4378 καὶ
1687 4325 1774 4378 τὰ,
1821 4323 1970 4401 περὶ,

2643 4134 2794 4189 CAP.
2837 4132 2928 4186 XX
2940 4132 3047 4186 VII.
3079 4181 3082 4185 .

2185 4229 2260 4283 De
2289 4228 2532 4284 Chosrois
2595 4226 2924 4297 expeditione
2953 4224 3202 4280 adversus
3233 4225 3513 4278 Edessam.

2130 4319 2328 4374 Narrat
2352 4319 2514 4373 etiam
2548 4316 2692 4371 idem
2717 4312 3018 4384 Procopius
3039 4327 3103 4368 ea
3125 4330 3244 4385 qua:
3267 4314 3334 4369 de
3361 4313 3560 4369 Edessa
3585 4322 3642 4367 et

388 4395 642 4503 Ἐδέσσης
661 4395 731 4496 (υ)
761 4422 856 4476 καὶ
890 4419 1161 4490 Ἀγϐάρου
1181 4395 1293 4481 τοῖς
1318 4417 1564 4480 παλαιοῖς
1583 4413 1933 4486 ἱστορημένα,

2047 4412 2116 4466 de
2146 4411 2366 4481 Agbaro
2393 4409 2462 4465 ab
2495 4407 2740 4478 antiquis
2769 4415 2898 4461 sunt
2926 4405 3165 4477 prodita,
3193 4415 3251 4463 et
3281 4405 3642 4478 quemadmo—

1666 4529 1900 4587 νΑιιιΑῑ
1942 4524 2355 4584 LECTlONES.

1577 4670 1853 4727 VALESII
1891 4667 2454 4725 ANNOTATIONES.

453 4775 564 4844 (56)
607 4772 690 4840 Τῇ
720 4772 916 4844 τραφῇ
937 4770 1405 4844 διαγγέλλουσα.
1429 4767 1668 4844 Dubium
1685 4772 1791 4826 est,
1822 4762 1957 4844 quid
1991 4765 2036 4824 Ι)
2063 4779 2127 4818 ea
2171 4762 2221 4844 si
2263 4761 2449 4844 imago
2503 4769 2626 4844 erat
2661 4760 2741 4844 “in
2777 4759 3077 4844 testudine,
3126 4760 3375 4842 ubinam,
3400 4775 3639 4844 ‘qugeso,

452 4615 471 4644 "
580 4611 644 4666 C.
670 4609 770 4664 τώ.

382 4835 487 4900 hoc
507 4835 630 4898 loco
659 4835 847 4911 γραφῆ
871 4835 1166 4911 signiticet,
1195 4848 1383 4911 utrum
1403 4839 1681 4911 picturam
1735 4843 1791 4890 et
1822 4835 1961 4888 ima-

380 4915 568 4986 ginem
593 4908 1001 4986 ﬂammie'illi'us
1019 4908 1360 4986 qugcrucis
1402 4908 1609 4986 lignum
1667 4913 1962 4984 prosecuta

379 4976 566 5040 fuerat
586 5022 600 5046 ,
627 4998 695 5036 an
723 4976 1085 5052 scripturam.
1110 4979 1392 5052 Masculus
1416 4976 1660 5052 quidem
1681 4990 1798 5052 _pru
1821 4976 1961 5052 scri-

381 5064 550 5124 ptura
575 5051 814 5122 accepit,
840 5046 1324 5124 quemadmodum
1355 5046 1520 5103 etiam
1564 5046 1963 5124 Christophor-

381 5115 578 5186 sonus,
610 5115 809 5193 qui-sic
843 5115 1048 5177 v'ertit:
1099 5120 1172 5175 Ob
1203 5136 1368 5193 quam
1399 5135 1623 5193 causam
1680 5117 1861 5193 imago
1905 5115 1961 5169 in

383 5187 645 5249 testudine
685 5193 986 5247 sanctuarii
1036 5187 1394 5314 statutn[ui1,
1448 5204 1565 5258 quw
1608 5187 1958 5259 inscriptione

384 5263 439 5314 in
485 5266 600 5314 basi
653 5265 842 5314 incisa.
897 5265 995 5314 hoc
1058 5264 1261 5314 miracu
1289 5277 1377 5312 um
1425 5257 1532 5314 illis
1574 5259 1663 5314 aui
1717 5257 1957 5314 eiusdem

384 5263 439 5319 in
485 5266 600 5318 basi
653 5265 842 5326 incisa,
897 5265 995 5318 hoc
1058 5257 1377 5316 miraculum
1425 5257 1532 5314 illis
1574 5259 1663 5328 qui
1717 5257 1957 5327 ejusdem

384 5335 565 5405 ignari
587 5342 764 5400 erant,
787 5333 1240 5405 commonstravit.
1278 5331 1480 5405 Verum
1519 5331 1634 5405 haec
1684 5328 1960 5405 interpre-

384 5400 520 5460 tatio
547 5404 680 5460 ferri
710 5421 821 5459 non
849 5412 1050 5474 potest.
1073 5404 1256 5457 Primo
1278 5400 1597 5474 enimbasis
1618 5400 1962 5474 non-dicitur

388 5474 458 5529 de
485 5475 724 5546 imagine
750 5470 1038 5547 picta,sed
1073 5474 1142 5543 de
1183 5481 1365 5541 statua
1408 5472 1691 5546 duntaxat.
1725 5470 1961 5524 Pra-ter-

2064 4834 2248 4903 posita
2279 4829 2401 4886 erat
2436 4831 2774 4903 basisfiEgo
2803 4846 2937 4903 vero
2970 4829 3459 4903 hujus_miracu_li’
3502 4829 3642 4903 ima-

2061 4898 2244 4973 ginem
2274 4903 2555 4971 depictam
2579 4898 2750 4973 fuisse
2776 4898 3056 4973 existimo
3075 4899 3129 4952 in
3156 4899 3404 4973 lacunari
3461 4898 3643 4952 eccle-

2061 4970 2178 5036 sias,
2211 4973 2303 5027 cui
2353 4970 2594 5026 fortasse
2655 4971 2908 5040 inscripti
2961 4979 3122 5024 erant
3171 4970 3384 5039 aliquot
3424 4975 3643 5040 versus,

2061 5045 2157 5112 qui
2188 5043 2516 5096 miraculum
2573 5041 2709 5094 illud
2750 5037 3280 5112 commemorarent.
3306 5039 3531 5112 Similes
3562 5037 3648 5112 in-

2062 5107 2398 5182 scriptiones
2455 5112 2715 5182 lcguntur
2770 5111 2827 5164 in
2878 5110 3147 5165 Thesauro
3185 5109 3433 5173 Gruteri,
3490 5117 3547 5162 ct
3589 5107 3648 5161 in

2065 5181 2322 5255 Epistolis
2343 5181 2591 5255 Paulini.

2139 5255 2246 5324 (57)
2291 5251 2406 5318 Τῆς
2422 5248 2834 5324 Ἀδεερμάνοι).
2851 5251 2911 5304 In
2945 5249 3359 5324 Nicephoro,_et
3382 5248 3436 5301 in
3451 5245 3649 5324 codice

2067 5317 2380 5382 Telleriano
2436 5317 2637 5394 legitur
2704 5317 3132 5394 ‘ASaappa’r.vpuZ_
3167 5319 3242 5394 De
3285 5320 3392 5394 hoc
3435 5317 3648 5394 Adaarw

2070 5411 2226 5450 mane
2253 5387 2543 5448 Persarum
2573 5394 2737 5457 duce,
2763 5387 3005 5462 ejusque
3023 5389 3077 5444 in
3101 5389 3314 5461 Syriam
3339 5387 3651 5456 irruptione

2069 5466 2310 5536 loquitur
2336 5464 2606 5536 Evagrius
2636 5461 2829 5518 noster
2861 5463 2916 5516 in
2951 5461 3050 5516 lib.
3073 5476 3145 5513 vx.

1833 5559 2216 5636 VARIORUM.

462 5656 535 5726 (υ)
578 5659 654 5714 Τὰ
677 5658 813 5728 περὶ
845 5658 1157 5727 Ἐδέσσης.
1183 5658 1451 5726 Quartum
1493 5657 1547 5710 in
1573 5655 1828 5728 Romani
1865 5658 1968 5711 im-

397 5728 538 5826 perii
573 5725 838 5810 dition'es,
868 5725 1096 5808 scilicet
1127 5731 1182 5784 in
1228 5725 1700 5797 Mesopotamiam,
1772 5729 1971 5798 irrupit

2077 5656 2351 5736 (ἱιιοεγουε
2379 5668 2524 5710 anno
2556 5650 2659 5705 ΒΗ
2682 5658 2736 5704 ct
2764 5649 3029 5704 Edessam
3063 5646 3333 5701 diuturna
3365 5644 3660 5698 obsidione

2085 5727 2277 5780 cinxit.
