4038 6198
401 287 537 349 2749

1297 292 1677 351 HISTORIA!
1712 291 2298 355 ECCLESIASTICE
2340 300 2568 358 LIBER
2610 300 2685 359 IV
2691 346 2705 359 .

3476 306 3615 365 9.72:0

399 397 495 445 οὐκ
518 395 843 463 εἰργάσαντο
862 413 875 425 ο
938 397 1187 466 Ἀγῦάρῳ
1228 398 1283 449 δὲ
1341 399 1573 467 Χριστὸς
1600 402 1627 452 ὁ
1654 400 1806 461 Θεὸς,
1834 402 1932 452 ἐπε

2056 418 2173 455 rum
2211 405 2637 472 apprehendere.
2670 407 2849 474 Itaque
2892 408 2960 460 ad
2993 408 3227 478 inopiam
3254 414 3466 465 consilii
3501 416 3610 483 jam

396 501 556 537 αυτον
604 484 729 535 ἰδεῖν
777 485 985 546 ἐπόθει,
1035 488 1309 557 πέπομφε.
1366 488 1584 556 Ταύτην
1628 489 1808 542 τοίνυν
1857 492 1953 561 τὴν

395 574 665 639 παναγίαν
723 577 907 631 είκόνα
970 581 1111 632 κατὰ
1181 580 1279 650 τὴν
1344 583 1712 651 εἰργασμένην
1773 582 1955 650 σφίσιν

394 682 754 732 ισαγαγοντες
804 667 1067 738 διώρυγα,
1098 669 1251 722 ὕδατί
1304 688 1361 723 τε
1404 673 1813 733 ὲπικλύσαντες,
1858 672 1952 725 ἀπ’

393 756 556 810 αὑτοῦ
606 757 746 810 κατὰ
790 759 890 827 τῆς
937 764 1116 830 πυρᾶς
1161 761 1253 813 καὶ
1306 762 1417 815 τῶν
1480 761 1648 827 ξύλων
1698 766 1949 832 ἀφεῖσαν.

394 848 503 900 Καὶ
522 848 837 918 παραυτίκα
868 855 964 920 τῆς
995 851 1145 913 θείας
1194 851 1472 920 δυνάμεως
1518 855 1584 921 τῇ
1632 852 1808 906 πίστει
1844 853 1949 905 τῶν

391 941 722 1010 δεδρακότων
754 943 1210 1011 ὲπιφοιτησάσης,
1246 944 1383 1013 ὅπερ
1413 938 1479 1013 ἦν
1504 945 1730 1006 ἐκείνοις
1762 944 1949 1013 πρώην

392 1030 673 1096 ἀδύνατον,
707 1032 993 1102 ἐξηνύετο,
1033 1035 1344 1103 παραυτίκα
1381 1036 1487 1103 γὰρ
1519 1034 1826 1098 ἐσεδέξαντο
1850 1037 1949 1103 τὴν

391 1122 564 1189 φλόγα
606 1124 673 1176 τὰ
704 1121 856 1187 ξύλα,
893 1125 989 1176 καὶ⁵
1030 1123 1187 1189 λόγου
1234 1125 1425 1177 θᾶττον
1451 1125 1948 1192 ἀπανθρακωοέντα

392 1214 498 1273 τοῖς
547 1213 864 1283 ύπερτὲροις
923 1215 1287 1282 μετεδίδοσαν,
1354 1214 1566 1266 ἅπαντα
1620 1214 1713 1266 τοῦ
1778 1216 1947 1284 πυρὸς

390 1304 854 1372 ἀμφινεμυμένου.
901 1304 989 1366 Ὠς
1041 1304 1095 1356 δὲ
1144 1304 1234 1357 τὸν
1281 1305 1487 1357 καπνὸν
1528 1306 1946 1374 ἀναθριῖλσκοντα

392 1392 637 1444 τεθέαντο
675 1394 722 1444 οί
774 1396 839 1463 τῇ
899 1395 1184 1464 πολιορκίᾳ
1237 1394 1571 1463 πιεζόμενοι,
1639 1395 1943 1462 σοφίζονται

388 1485 545 1538 τάδε·
596 1484 887 1551 λαγυνίδας
930 1487 1130 1555 μικρὰς
1171 1487 1492 1553 ἀγαγόντες,
1536 1486 1945 1554 ἐμφορήσαντές

385 1593 442 1628 τε
473 1574 616 1628 θείου
646 1576 763 1644 ἅμα
789 1578 883 1629 καὶ
925 1577 1226 1629 στυππείου
1254 1578 1347 1629 καὶ
1378 1576 1483 1627 τῶν
1515 1577 1687 1629 ἄλλων
1712 1577 1943 1627 εὐκατα-

386 1667 628 1733 φὶέκτων
664 1667 838 1729 ὑλῶν,
869 1669 1009 1722 κατὰ
1037 1669 1139 1737 τῆς
1175 1668 1510 1737 καλουμένης
1558 1669 1793 1734 ἀγέστας
1833 1668 1935 1719 ἁπ-

384 1759 775 1825 εσφενδόνιξον,
806 1761 968 1829 αἴπερ
1016 1758 1221 1813 καπνὸν
1254 1762 1507 1824 ἁνιεῖσαι,
1540 1758 1630 1810 τοῦ
1658 1759 1827 1828 πυρὸς
1872 1762 1937 1829 τῇ

386 1849 529 1920 ῥύμῃ
570 1851 666 1920 τῆς
717 1850 877 1919 βολῆς
923 1850 1277 1917 ἀναφθέντος,
1314 1852 1406 1902 τὸν
1450 1851 1513 1901 ἐκ
1558 1850 1651 1901 τοῦ
1687 1850 1939 1917 χώματος

384 1940 759 2009 ἀναδιδόμενον
802 1941 1006 1993 καπνὸν
1062 1940 1347 1993 λανθάνειν
1392 1940 1834 2009 παρεσκεύαζον
1865 1939 1940 2002 ὼς

387 2031 589 2093 πάντας
621 2030 984 2094 ὑποτοπάζειν
1015 2033 1141 2094 τοὺς
1157 2032 1257 2084 ούκ
1288 2031 1515 2093 εἰδότας,
1537 2033 1601 2083 ἐκ
1631 2031 1742 2083 τῶν
1770 2031 1937 2097 λαγυ-

384 2121 537 2173 νίδων
574 2121 771 2189 μᾶλλον
793 2123 885 2174 καὶ
904 2122 1002 2191 οὐχ
1025 2121 1292 2192 ἑτέρωθεν
1316 2123 1405 2174 τὸν
1435 2122 1640 2174 καπνὸν
1668 2121 1937 2174 καθεστά-

381 2213 682 2282 ναι.Τρίτῃ
721 2212 763 2264 δ’
806 2211 898 2265 οὖν
928 2212 1022 2265 ἀπ’
1063 2212 1279 2283 ἐκείνης
1312 2212 1521 2283 ἡμέρᾳ,
1573 2211 1833 2280 ὤφθησαν
1880 2213 1937 2264 αί

381 2302 675 2368 γλωσσίδες
703 2301 796 2355 τοῦ
825 2302 996 2372 πυρὸς
1030 2305 1094 2355 ὲκ
1136 2303 1235 2371 τῆς
1286 2303 1386 2371 γῆξ
1416 2303 1811 2371 ἀναδιδόμενατ,
1843 2304 1936 2354 καὶ

378 2394 497 2444 τότε
533 2391 773 2461 συνῆκαν
805 2394 855 2444 οί
880 2395 937 2444 ὲν
988 2391 1065 2461 τῷ
1103 2392 1318 2462 χώματι
1347 2393 1452 2446 τῶν
1506 2394 1732 2462 Περσῶν
1768 2396 1932 2462 μαχό-

381 2500 552 2551 μενοι,
614 2484 735 2536 ὅποι
792 2482 977 2537 κακῶν
1031 2484 1449 2555 καθεστήκασιν.
1503 2486 1558 2537 'U
1592 2485 1648 2536 δὲ
1689 2486 1933 2555 Χοσρὸης

378 2573 567 2642 ὥσπερ
595 2575 661 2643 τῇ
699 2572 819 2643 θείᾳ
861 2573 1089 2644 δυνάμει
1147 2576 1586 2644 ἀντιφερόμενος,
1644 2578 1768 2637 τοὺς
1826 2577 1934 2628 τῶν

386 2662 592 2715 ὑδάτων
631 2662 847 2727 ὁλκοὺς,
899 2663 948 2716 οἳ
997 2664 1103 2731 πρὸ
1146 2668 1242 2733 τῆς
1285 2666 1492 2727 πόλεως
1539 2666 1725 2735 ἔτυχον
1759 2666 1928 2728 ὄντες,

377 2753 514 2809 κατὰ
538 2754 639 2822 τῆς
669 2755 848 2823 πυρᾶς
872 2754 1051 2822 ἀφεὶς,
1086 2748 1359 2807 σϐεννύειν
1402 2755 1603 2824 ταύτην
1653 2758 1927 2824 ἐπειρᾶτο.

387 2845 450 2897 'II
477 2845 531 2897 δὲ
559 2844 757 2914 μᾶλλον
790 2844 863 2908 ὡς
901 2844 1078 2898 ἔλαιον
1109 2846 1141 2915 ἢ
1172 2825 1332 2910 θεῖον,
1368 2847 1401 2915 ἡ
1453 2863 1504 2898 τι
1544 2846 1653 2898 τῶν
1680 2846 1932 2913 ἐξάπτειν

376 2933 662 2998 εἰωθότων,
710 2935 771 2987 τὸ
790 2933 934 3003 ὕδωρ
976 2935 1264 3004 δεξαμένη.
1311 2936 1401 2987 ἐπὶ
1440 2934 1625 3003 μεῖζον
1664 2936 1805 3006 ἤρθη
1837 2937 1931 3006 μὲ-

2056 498 2278 560 redacti,
2330 499 2565 553 afferunt
2611 500 2873 553 divinitus
2925 501 3238 556 fabricatam
3298 504 3611 573 imaginem,

2052 601 2213 653 quam
2248 602 2356 640 non
2391 587 2669 640 hominum
2719 605 2912 644 manus
2942 590 3281 654 cmnxerant,
3318 594 3408 645 sed
3456 594 3617 647 Chri—

2052 684 2170 729 stus
2205 678 2349 730 Deus
2388 678 2453 731 ad
2497 678 2767 747 Agbarum
2804 681 3043 742 miserat,
3077 682 3168 749 qui
3217 682 3392 749 ipsum
3426 682 3613 737 videre

2052 782 2379 836 magnopere
2413 769 2687 837 cupiebat.
2734 771 2881 825 Hanc
2928 786 3052 825 cum
3099 772 3152 826 in
3200 772 3399 826 fossam
3448 789 3609 841 quam

2049 856 2350 910 eﬂ‘oderant
2398 860 2802 926 importassent,
2853 878 2992 930 aqua
3034 874 3388 931 asperserunt
3416 882 3429 916 ε
3456 873 3509 915 ct
3545 880 3610 917 ex

2049 947 2236 1000 eadem
2268 964 2403 1015 aqua
2436 949 2488 1001 in
2523 965 2708 1019 rogum
2745 968 2807 1006 ac
2828 939 2992 1021 ‘ligna
3028 964 3206 1022 guttas
3235 956 3437 1022 aliquot
3475 955 3611 1023 inje-

2049 1044 2259 1089 eerunt.
2292 1038 2592 1107 Statimque
2616 1041 2799 1094 divina
2826 1045 3065 1110 potentia
3093 1043 3214 1097 fidei
3244 1045 3459 1097 illorum
3490 1047 3611 1112 0p?-

2049 1128 2277 1190 tulante,
2311 1130 2453 1196 quod
2500 1131 2653 1197 prius
2700 1131 2814 1183 fieri
2869 1134 3019 1185 nullo
3065 1134 3224 1186 modo
3268 1142 3505 1203 poterat,
3538 1135 3603 1187 ad

2046 1218 2249 1271 exitum
2268 1218 2587 1287 perductum
2605 1230 2705 1273 est.
2728 1220 2859 1273 Nam
2879 1223 3139 1274 continuo
3164 1223 3307 1291 ligna
3333 1222 3602 1275 ﬂammam

2045 1323 2367 1377 concepere,
2398 1318 2451 1361 et
2474 1310 2621 1362 dicto
2651 1310 2812 1363 citius
2838 1310 2890 1362 in
2918 1311 3185 1363 carbones
3218 1310 3459 1373 redacta,
3484 1326 3603 1364 eam

2045 1400 2108 1452 ad
2141 1400 2420 1467 superiora
2457 1400 2595 1469 ligna
2632 1401 3001 1463 transmisere,
3038 1402 3160 1470 igne
3208 1402 3458 1454 universa
3506 1416 3606 1453 un-

2043 1490 2207 1558 dique
2251 1490 2596 1557 depascente.
2639 1490 2860 1544 Obsessi
2895 1506 3043 1554 vero,
3080 1502 3361 1558 postquam
3398 1491 3604 1543 fumum

2045 1579 2098 1630 in
2135 1578 2365 1631 sublime
2400 1590 2775 1646 erumpentem
2816 1579 3091 1642 viderunt,
3127 1580 3267 1633 istud
3310 1582 3605 1634 commenti

2044 1675 2188 1719 sunt.
2226 1667 2423 1719 Parvas
2457 1668 2716 1735 quasdam
2769 1668 2987 1737 lagenas
3032 1669 3295 1736 sulphure
3330 1684 3393 1721 ac
3424 1676 3601 1736 stupa,

2042 1756 2253 1823 aliaque
2289 1757 2512 1809 materia
2542 1760 2607 1809 ad
2646 1757 2821 1825 ignem
2862 1758 3281 1826 concipiendum
3324 1759 3603 1826 aptissima

2044 1845 2294 1913 repletas,
2330 1846 2381 1897 in
2422 1861 2671 1914 aggerem
2707 1847 2941 1900 hostium
2987 1849 3273 1902 miserunt.
3304 1851 3433 1913 Qua:
3478 1866 3600 1920 cum

2040 1933 2248 1987 fumum
2276 1936 2526 1989 emittere
2548 1936 2861 2003 ccepissent,
2888 1938 3008 2007 igne
3040 1938 3245 1992 scilicet
3276 1940 3386 2007 ipsa
3411 1940 3603 2007 jactio-

2040 2025 2126 2079 nis
2153 2026 2203 2078 vi
2227 2040 2479 2089 accenso,
2505 2027 2555 2079 id
2586 2027 2961 2096 perficiebant,
2988 2038 3047 2082 ut
3076 2029 3283 2083 fumum
3312 2046 3378 2083 ex
3408 2046 3601 2099 aggere

2038 2130 2325 2184 erumpere
2380 2119 2742 2185 ignoraretur.
2782 2117 2983 2173 Omnes
3025 2121 3168 2173 enim
3212 2122 3305 2187 qui
3359 2122 3477 2189 ejus
3520 2123 3597 2174 rei

2038 2205 2210 2275 ignari
2240 2216 2417 2267 erant,
2444 2222 2552 2259 non
2585 2208 2804 2261 aliunde
2846 2224 3005 2276 quam
3041 2224 3103 2262 ex
3140 2210 3342 2279 lageuis
3374 2211 3481 2263 illis
3516 2210 3598 2264 fu-

2037 2312 2184 2350 mum
2226 2297 2441 2365 prodire
2492 2299 2931 2368 suspicabantur.
2976 2301 3161 2354 Tertio
3208 2302 3425 2355 demum
3479 2313 3600 2370 post

2036 2389 2145 2452 die,
2178 2388 2403 2443 flamma:
2434 2390 2573 2458 ignis
2602 2405 2666 2443 ex
2705 2399 2845 2444 terra
2895 2393 3227 2460 prodeuntes
3272 2408 3594 2461 apparuere.

2036 2479 2187 2531 Tunc
2204 2494 2332 2533 vero
2349 2480 2526 2534 Persa:
2542 2481 2631 2548 qui
2652 2498 2716 2535 ex
2736 2498 2928 2551 aggere
2947 2483 3279 2551 pugnabant,
3298 2482 3457 2552 407
3474 2499 3596 2536 sen-

2034 2580 2223 2625 serunt
2254 2586 2361 2638 quo
2413 2572 2467 2623 in
2514 2571 2831 2627 discrimine
2880 2574 3038 2641 positi
3060 2581 3262 2626 essent.
3308 2574 3374 2627 At
3420 2572 3593 2627 Chos-

2034 2674 2175 2721 roes,
2233 2660 2388 2727 quasi
2439 2660 2643 2714 divinae
2676 2663 2935 2729 potentia:
2966 2677 3082 2715 sese
3112 2676 3410 2731 apponens,
3441 2678 3597 2731 aqua:

2033 2749 2229 2803 ductus
2261 2765 2451 2803 omnes
2482 2750 2573 2819 qui
2607 2763 2756 2805 extra
2788 2753 3061 2805 civitatem
3105 2760 3278 2813 erant,
3316 2750 3369 2803 in
3404 2766 3594 2821 rogum

2033 2842 2305 2903 derivans,
2337 2857 2462 2895 eum
2500 2842 2841 2911 restinguere
2877 2850 3101 2895 conatus
3146 2850 3249 2894 est.
3287 2840 3390 2894 Sed
3436 2858 3595 2910 rogus

2034 2947 2225 3000 aquam
2243 2934 2360 2986 vice
2391 2933 2948 3000 olei,autsulpburis,
2980 2940 3071 2984 aut
3094 2931 3318 2985 alterius
3352 2933 3595 2985 materia:

373 3043 497 3099 χρις
545 3024 611 3080 ἂν
648 3027 706 3080 τὸ
750 3027 857 3080 πᾶν
900 3026 1209 3097 κατήγαγεν
1254 3026 1432 3096 χῶμα,
1474 3028 1567 3079 καὶ
1619 3027 1800 3079 τέλεον
1834 3027 1930 3095 τὴν

2036 3039 2153 3091 quae
2179 3023 2448 3077 ﬂammam
2480 3024 2626 3077 alere
2655 3026 2811 3087 solet,
2831 3023 3144 3085 admittens,
3188 3024 3355 3090 magis
3400 3024 3595 3091 magis—

373 3117 613 3183 ἁγέσταν
650 3118 1030 3188 ἀπετέφρωσε.
1082 3118 1213 3169 Τότε
1235 3117 1281 3169 δ’
1320 3112 1415 3168 οὖν
1450 3118 1477 3168 ὁ
1506 3116 1753 3185 Χοσρόης
1783 3115 1928 3167 ἁπά-

374 3224 493 3269 σαις
541 3210 660 3271 ταῖς
718 3208 929 3261 ἐλπίσιν
988 3206 1326 3277 ἀπειρηκὼς,
1368 3207 1460 3259 καὶ
1498 3206 1585 3258 διὰ
1611 3205 1721 3258 τῶν
1756 3205 1931 3273 ἔργων

375 3299 649 3366 δγνωκὼς,
710 3300 786 3365 ὡς
846 3299 1047 3369 πολλὴν
1117 3298 1324 3369 ὤφελεν
1403 3298 1665 3368 αἰσχύνην
1693 3340 1709 3364 ,
1794 3300 1927 3363 ύπο-

370 3391 613 3457 τοπήσας
664 3390 758 3443 τοῦ
791 3391 925 3459 πρὸς
953 3389 1109 3459 ⁴ἡμῶν
1138 3389 1570 3458 πρεσϐευομένου
1605 3389 1739 3442 Θεοῦ
1772 3406 1929 3459 περι-

372 3480 617 3545 έσεσθαι,
651 3480 743 3551 ἐπὶ
772 3480 839 3532 τὰ
894 3479 1129 3547 σφέτερα
1170 3478 1267 3547 τὴν
1305 3478 1669 3549 ἀποπόρευσιν
1701 3479 1932 3530 ἐποιεῖτο

369 3568 596 3632 ἀκλεῶς.

924 3762 1175 3815 ΚΕΦΑΛ.
1228 3762 1362 3813 KH’.

370 3852 507 3922 Περὶ
539 3851 646 3909 τοῦ
674 3854 990 3923 γεγονότος
1017 3852 1087 3904 ἐν
1118 3851 1366 3919 Σερτίου
1409 3850 1579 3903 πόλει
1606 3851 1925 3918 θαύματος.

436 3961 722 4027 Δελέξεται
755 3962 812 4015 δι
848 3961 943 4015 καὶ
971 3960 1000 4014 ὃ
1042 3960 1182 4013 κατὰ
1211 3959 1309 4029 τὴν
1340 3959 1563 4029 Σεργίου
1588 3958 1820 4012 πολιτῶν
1848 3958 1925 4029 (.r)

366 4050 549 4104 ἄλλοτε
575 4051 679 4103 ὑπὸ
704 4051 943 4122 Χοσρόου
966 4050 1207 4119 γέγονεν,
1226 4050 1348 4101 ἐπεὶ
1373 4051 1465 4101 καὶ
1494 4046 1771 4114 ἀξιόλογόν
1792 4048 1926 4111 ἐστι,

366 4144 460 4203 καὶ
492 4143 696 4214 πρέπον
726 4142 895 4205 ὄντως
930 4142 1122 4212 μνήμῃ
1156 4143 1212 4203 ἐς
1249 4142 1334 4192 ἀεὶ
1364 4140 1758 4212 διασωζομένῃ.
1797 4141 1927 4192 Ἐπ-

366 4235 496 4305 ἐστη
523 4234 808 4305 καὶταύτῃ
838 4234 867 4285 ὁ
895 4234 1163 4303 Χοσρόης,
1192 4231 1563 4301 ἐκπολιορκεῖν
1591 4231 1759 4301 αὐτὴν
1780 4232 1928 4284 ἐπει-

2031 3129 2136 3183 que
2189 3114 2603 3179 incendebatur,
2626 3115 2979 3182 queadusque
3004 3129 3254 3183 aggerem
3281 3114 3593 3167 universum

2030 3203 2420 3272 pessumdedit,
2454 3213 2508 3257 et
2534 3204 2585 3257 in
2617 3204 2826 3258 favillas
2859 3219 2921 3279 ac
2942 3205 3159 3259 cineres
3188 3204 3415 3274 redegit.
3442 3203 3596 3257 Tunc

2035 3294 2200 3363 igitur
2265 3294 2539 3349 Chosroes
2582 3297 2822 3349 animum
2876 3295 3093 3364 penitus
3131 3294 3496 3362 despondens,
3539 3305 3596 3347 et

2028 3386 2399 3453 experimento
2454 3386 2571 3456 ipso
2620 3378 2932 3455 intelligens
2984 3400 3236 3455 magnum
3271 3400 3327 3437 se
3356 3384 3596 3437 dedecus

2032 3475 2300 3541 retulisse,
2327 3478 2421 3546 qui
2468 3486 2743 3546 sperasset
2784 3492 2842 3531 se
2888 3478 2999 3530 Deo
3029 3491 3190 3545 quem
3235 3491 3334 3529 nos
3365 3476 3595 3528 colimus

2028 3569 2365 3635 superiorem
2397 3568 2662 3632 futurum,
2709 3584 2835 3622 cum
2882 3567 3178 3637 ignominia
3223 3567 3275 3619 in
3317 3568 3591 3636 regionem

2029 3674 2179 3712 suam
2227 3675 2484 3713 reversus
2514 3668 2618 3713 est.
2747 3640 2759 3650 ⁸

2594 3773 2741 3827 CAP.
2802 3771 3033 3826 XXVIII.

2201 3860 2276 3912 De
2313 3861 2568 3915 miraculo
2597 3861 2733 3931 quod
2766 3861 2962 3929 factum
2994 3867 3068 3911 est
3101 3858 3408 3929 Sergiopoli.

2100 3968 2348 4025 Referam
2382 3987 2529 4026 nunc
2558 3972 2613 4027 id
2642 3972 2787 4041 quod
2825 3973 2894 4025 ab
2925 3971 3117 4024 eodem
3178 3968 3420 4023 Chosroe
3460 3968 3590 4021 alibi

2027 4076 2236 4131 gesmm
2262 4070 2346 4115 est
2368 4061 2513 4117 circa
2542 4063 2732 4116 urbem
2766 4060 3147 4131 Sergiopolim.
3183 4060 3277 4114 Est
3304 4060 3450 4113 enim
3478 4059 3593 4111 exi-

2026 4154 2215 4217 mium,
2252 4152 2586 4221 dignumque
2611 4167 2835 4221 prorsus
2864 4149 3007 4219 quod
3044 4150 3388 4219 sempiteer
3416 4148 3593 4208 homi-

2027 4255 2157 4294 num
2187 4240 2463 4295 memoria:
2491 4241 2926 4295 commendetur.
2961 4238 3171 4309 Quippe
3197 4240 3470 4295 Cbosroes
3523 4240 3590 4292 ad

364 4326 612 4393 γόμενος.
654 4325 740 4387 Ὠς
765 4324 810 4377 δ’
840 4320 933 4376 οὖν
961 4323 1068 4375 τῶν
1092 4322 1288 4391 τειχῶν
1313 4323 1667 4389 ἀπεπειρᾶτο,
1700 4322 1767 4374 τὰ
1800 4323 1927 4392 περὶ

2036 4331 2171 4385 hanc
2217 4346 2439 4401 quoque
2490 4332 2683 4387 urbem
2726 4332 2973 4396 accessit,
3006 4346 3314 4401 expugnare
3343 4346 3462 4384 eam
3498 4346 3593 4384 cu-

364 4416 461 4482 τῆς
496 4413 769 4482 σωτηρίας
797 4414 895 4483 τῆς
924 4412 1130 4475 πόλεως
1183 4410 1318 4480 πρὸς
1358 4412 1632 4479 ἑκατέρων
1663 4411 1920 4463 ἑλαλεῖτο·

365 4504 455 4555 καὶ
488 4502 875 4571 συμϐαίνουσιν
904 4502 978 4564 ῶς
1015 4518 1073 4554 τε
1108 4503 1174 4553 τὰ
1214 4503 1332 4569 ἱερὰ
1362 4500 1618 4570 κειμήλια
1649 4502 1817 4570 λύτρα
1856 4505 1920 4572 τῇ

366 4594 514 4646 πόλει
549 4593 816 4661 γενέσθαι.
858 4596 914 4646 ἐν
943 4590 1024 4655 οἷς
1056 4591 1405 4660 καθειστήκει
1434 4593 1528 4643 καὶ
1559 4593 1788 4661 σταυρὸς
1816 4594 1920 4646 ὑπὸ

376 4681 746 4743 Ἰουδστινιανοῦ
797 4683 907 4752 (63)
944 4682 1037 4735 καὶ
1092 4681 1374 4752 Θεοδώρας
1421 4681 1707 4749 πεμφθείς.
1747 4682 1836 4745 Ὠς
1875 4684 1920 4735 δ’

2030 4421 2205 4489 piens.
2258 4420 2392 4474 Cum
2446 4420 2611 4491 igitur
2661 4421 2880 4475 incusso
2930 4422 3101 4475 ariete
3138 4436 3323 4474 muros
3368 4429 3591 4489 quatere

2023 4510 2135 4579 jam
2186 4511 2756 4580 cmpisset,.oppidani
2790 4527 2915 4566 cum
2962 4527 3028 4566 eo
3072 4512 3404 4580 colloquium
3451 4512 3589 4564 inie—

2028 4608 2177 4663 runt,
2210 4601 2489 4654 servandae
2532 4601 2687 4655 urbis
2724 4616 2904 4655 causa.
2941 4600 3291 4668 Tandemque
3320 4599 3464 4653 inter
3496 4614 3592 4652 eos

2026 4689 2307 4753 convenit,
2338 4697 2396 4743 ut
2438 4705 2590 4745 sacra
2638 4691 2896 4745 Ecclesiae
2928 4704 3051 4744 vasa
3085 4704 3184 4758 pro
3215 4688 3589 4758 redemptione

1540 4796 1812 4853 VALESII
1843 4798 2397 4860 ANNOTATIONES.

360 4890 563 4961 citatur
587 4890 644 4945 in
669 4892 899 4961 septima
922 4890 1135 4961 synodo
1161 4889 1523 4961 tecumenica,
1575 4904 1696 4961 pag.
1732 4890 1833 4943 615
1866 4900 1922 4945 et

359 4959 658 5015 aBarlaam
714 4958 770 5014 in
820 4960 919 5014 lib.
950 4958 1151 5015 Contra
1190 4958 1429 5013 Latinos.
1484 4959 1557 5012 De
1610 4959 1711 5012 hac
1756 4976 1922 5028 porro

364 5028 601 5099 imagine
624 5045 733 5083 non
763 5030 1106 5099 manufaeta,
1144 5044 1308 5099 quam
1338 5028 1594 5099 Christus
1624 5028 1698 5099 ad
1747 5029 1923 5099 Agba-

365 5096 980 5162 rum'misissedicitur,
1012 5097 1145 5151 Vide
1178 5096 1501 5151 Gretserum
1545 5097 1600 5149 in
1647 5096 1815 5150 libro'
1847 5098 1923 5150 De

360 5168 678 5236 imaginibus
728 5185 832 5221 non
886 5167 1227 5236 manu/aptis.
1265 5165 1547 5236 [laterum
1611 5167 1917 5236 notandum

359 5234 595 5299 est,'nec
623 5238 691 5291 ab
720 5237 962 5297 Eusebio
988 5237 1044 5290 in
1077 5235 1173 5290 lib.
1201 5250 1216 5289 ι
1252 5234 1499 5289 Historia:
1536 5234 1917 5292 ecclesiasticae.

2020 4909 2123 4966 nec
2148 4896 2469 4966 a_Procopio
2504 4898 2559 4950 in
2592 4897 2881 4950 obsidione
2934 4896 3108 4966 urbis
3146 4892 3463 4966 Edessena},
3492 4890 3586 4966 _ul-

2018 4964 2125 5016 lam
2161 4964 2280 5019 ﬁeri
2312 4960 2648 5019 méntionem
2674 4966 2929 5034 imaginis
2970 4980 2999 5017 a
3052 4961 3275 5034 Christo
3310 4962 3377 5034 ad
3407 4960 3589 5034 Agba-

2024 5048 2144 5103 rum
2184 5049 2369 5103 regem
2410 5034 2761 5088 transmissaa.
2792 5030 2999 5086 'Solam
3036 5032 3183 5086 enim
3240 5030 3527 5103 epistolam
3556 5044 3587 5081 a

2017 5100 2238 5222 Christcl)
2253 5099 2327 5155 ad
2352 5118 2478 5157 eum
2498 5104 2718 5157 missam
2741 5117 2862 5156 esse
2874 5103 3126 5156 scribunt
3144 5114 3241 5167 per
3252 5099 3585 5153 Thaddteum

2018 5178 2213 5223 anosto
2239 5188 2351 5223 um.

2018 5185 2351 5239 apostomm.

2088 5239 2202 5309 (65)
2242 5240 2508 5308 Σταυρὸς
2540 5241 2656 5295 ὑπὸ
2692 5238 3149 5294 ἰουστινιανοῦ.
3186 5241 3261 5295 De
3299 5240 3401 5294 hac
3420 5250 3588 5290 cruce

1778 5348 2155 5405 VARIORUM.

429 5440 663 5512 (1)7191"
700 5444 942 5512 Σερτίου
975 5441 1249 5512 πολιτῶν.
1311 5441 1638 5512 Legendum
1688 5446 1920 5512 conjun-

358 5509 488 5564 ctim
512 5511 991 5580 Σεργιουπολιτῶν.
1026 5511 1160 5565 Vide
1182 5509 1417 5565 similem
1457 5510 1681 5580 phrasin
1720 5509 1816 5565 lib'.
1858 5527 1912 5574 ν,

360 5593 481 5648 cap.
509 5580 597 5639 Π,
632 5580 810 5634 initio.
834 5579 946 5648 (W.
970 5581 1163 5635 Loan
1194 5581 1326 5647 )Est
1358 5579 1541 5634 autem
1577 5580 1918 5648 Sergiopolis

363 5593 423 5633 ca
467 5619 481 5631 .
509 5593 597 5639 Π,
632 5593 810 5634 mitto.
862 5593 1163 5635 Ἀῴου-τη
1194 5593 1326 5647 )L‘st
1358 5593 1541 5634 autem
1577 5593 1679 5634 δοι-
1721 5593 1915 5648 ιοροιιε

363 5593 495 5713 urge
519 5648 707 5719 Syriae,
734 5648 789 5703 in
814 5593 1175 5717 éupliratcsia
1215 5651 1516 5721 provincia,
1555 5650 1621 5709 ad
1667 5597 1915 5720 Iguplira-

2030 5452 2138 5497 Iem
2165 5443 2426 5509 fluvium;
2462 5444 2542 5498 sic
2564 5460 2592 5497 a
2626 5452 2816 5497 sancto
2841 5442 3036 5512 Sergio
3068 5441 3189 5495 cive
3222 5443 3469 5512 Reinano
3513 5437 3586 5491 ibi

2026 5528 2150 5566 eum
2178 5523 2369 5568 sancto
2404 5508 2617 5567 Baccho
2644 5508 2973 5634 ninnium
3004 5527 3165 5582 passo
3217 5512 3383 5570 dicta,
3436 5508 3593 5587 Sura

2026 5583 2293 5634 proxima.
2325 5582 2674 5634 IBAUDHAND.)
2719 5583 2832 5633 "rat
2865 5582 2980 5634 haec
3010 5581 3172 5634 tertia
3221 5581 3489 5634 Chosrons
3536 5591 3592 5629 In

2064 5583 2293 5635 roxima.
2325 5581 2832 5650 (Baunnmn.)‘Erat
2865 5582 2980 5635 haec
3010 5581 3172 5635 tertia
3221 5581 3489 5635 Chosrois
3536 5581 3592 5629 in

2042 5654 2300 5705 Iomanos
2319 5651 2619 5723 expeditio,
2647 5667 2791 5704 anno
2824 5652 2948 5704 542.
