4038 6198
320 217 465 290 Ξῗῦἳ

1282 214 1667 284 amorum
1702 204 2290 279 Eccuzsixsnee
2327 203 2557 280 item
2598 208 2699 279 ιν.

3443 217 3587 285 275i

323 340 423 388 σαν
456 329 747 400 ἀμοιϐαδὸν
776 326 1144 399 περιέδραμεν
1174 330 1523 400 οἰκουμένην,
1556 329 1778 390 οὐδένας
1813 330 1896 383 ἀν-

2006 329 2226 397 quidem
2272 331 2508 397 sumpsit
2554 345 2616 382 ex
2667 321 2964 396 AfthiOpia,
2996 325 3055 383 ut
3102 336 3231 387 tunc
3264 328 3581 392 ferebatur:

320 426 555 496 θρώπων
582 419 735 491 οἶμαι
761 422 1093 491 ἀπειράτους
1130 420 1222 474 τοῦ
1250 423 1555 491 νοσήματος
1588 422 1903 475 καταλελοι-

318 510 437 578 πός.
476 516 585 568 Καὶ
618 514 759 567 ἔνιαι
795 514 892 580 μὲν
926 513 1112 576 πόλεις
1161 515 1254 566 ἐπὶ
1285 513 1541 567 τοσοῦτον
1572 514 1905 584 κατεσχέθη-

319 624 439 669 σαν,
474 606 601 674 ἄχρι
637 606 732 656 καὶ
780 602 875 655 τοῦ
926 604 1248 657 παντάπασι
1293 605 1454 667 κενὰς
1483 604 1785 674 οἰκητόρων
1813 620 1905 672 γε·

317 695 522 749 νὲσθσι.
558 695 715 746 Ἔστι
751 693 807 746 δὲ
846 686 907 746 οὗ
954 694 1352 764 ἐπιλαϐόμενον
1415 695 1476 747 τὸ
1535 694 1726 759 πάθος,
1780 712 1904 748 κουο

319 786 544 853 φότερον
586 782 873 851 μετῆλθεν.
927 781 1065 834 Οὔτε
1116 783 1173 833 δὲ
1225 783 1367 837 κατὰ
1398 785 1643 854 περίοδὸν
1669 802 1787 837 τινα
1816 800 1905 835 τε-

317 876 598 943 ταγμένην
633 875 988 939 ὲνέσκηπτεν,
1040 872 1166 925 οὔτε
1216 870 1284 927 αὖ
1339 875 1673 944 ἐπισκῆψαν,
1705 876 1904 945 ὁμοίως

320 966 619 1037 ἀπεχώρει.
665 966 827 1019 Ἀλλά
861 982 1013 1028 τινας
1068 966 1165 1035 μὲν
1200 967 1399 1031 τόπους
1447 969 1710 1039 χειμῶνος
1740 972 1903 1039 ἀρχο-

323 1061 486 1128 μένου
527 1061 781 1128 κατεῖχεν
813 1098 827 1122 ,
879 1058 1103 1128 ἐτέρους
1129 1059 1185 1111 δὲ
1219 1056 1354 1131 ἦρος
1384 1061 1773 1126 διατελοῦντος.
1806 1063 1902 1116 ἆλ-

319 1152 445 1213 λους
485 1149 789 1219 θερίζοντος
849 1149 1001 1218 (66),
1058 1152 1247 1221 ἐνιαχῆ
1318 1152 1373 1204 δὲ
1433 1154 1527 1205 καὶ
1586 1153 1901 1223 μετοπώρου

321 1243 620 1313 προϊόντος.
648 1242 755 1294 Καὶ
786 1242 933 1294 ἔστιν
973 1242 1102 1296 ἔνθα
1133 1244 1333 1313 μέρους
1358 1244 1568 1308 πόλεως
1598 1245 1899 1316 ἁψάμενον,

320 1335 426 1387 τῶν
469 1351 531 1401 γε
565 1333 738 1387 ἄλλων
783 1334 1101 1403 ἀπήλλακτο
1138 1334 1353 1403 μερῶν·
1391 1336 1487 1389 καὶ
1541 1338 1803 1398 πολλάκις
1834 1333 1902 1407 ἦν

324 1426 452 1477 ἰδεῖν
474 1427 531 1476 ὲν
557 1425 618 1476 οὐ
653 1423 888 1495 νοσούσῃ
914 1422 1086 1483 πόλει,
1121 1425 1270 1488 ὲνίας
1304 1426 1479 1488 οἰκίας
1511 1430 1565 1489 ἐς
1595 1427 1902 1498 ὑπερϐολὴν

322 1517 708 1586 φθειρομένας.
752 1518 907 1568 Ἔστι
947 1516 1001 1568 δὲ
1033 1512 1095 1571 οὗ
1131 1519 1266 1585 μιᾶς
1298 1519 1330 1585 ἢ
1361 1517 1454 1571 δύο
1491 1518 1801 1587 φθαρεισῶν
1827 1521 1903 1570 ol-

318 1608 477 1673 κιῶν,
509 1608 569 1661 τὸ
617 1608 801 1660 λοιπὸν
842 1609 941 1678 τῆς
969 1608 1175 1671 πόλεως
1211 1608 1420 1673 ἀπαθὲς
1447 1612 1767 1680 μεμενήκει.
1810 1610 1901 1672 Ὠς

2006 435 2222 472 omnem
2266 434 2393 472 vero
2438 428 2710 473 terrarum
2758 420 2951 474 orbem
2998 436 3095 490 per
3128 424 3389 489 quasdam
3441 429 3589 484 vices

2005 513 2334 581 peragravit,
2372 511 2571 574 nullos,
2609 520 2667 565 ut
2702 513 2919 580 opinor,
2951 514 3211 568 mortales
3240 515 3474 572 intactos
3504 535 3589 573 re-

2005 604 2276 671 linquens.
2310 603 2388 656 Ac
2415 602 2692 656 nonnullae
2716 603 2938 671 quidem
2971 604 3136 658 urbes
3175 620 3237 659 ea
3283 608 3587 661 calamitate

2004 696 2141 749 adeo
2167 703 2374 749 vexatae
2403 704 2551 759 sunt,
2583 702 2641 747 ut
2685 694 2879 749 incolis
2913 695 3133 764 penitus
3179 711 3363 751 vacuae
3407 713 3590 771 remaj

2006 795 2220 842 nercnt.
2267 787 2324 839 ln
2358 786 2687 855 quibusdam
2720 796 2900 840 autem
2936 787 3092 852 locis,
3120 803 3241 857 quze
3282 804 3588 859 occupave-

2006 888 2110 937 rat.
2164 879 2339 933 levius
2375 878 2725 948 perstrinxit.
2764 879 2953 948 Neque
2991 895 3124 934 vero
3172 891 3321 935 certa
3351 882 3586 951 quadam

2005 971 2133 1025 anni
2180 977 2502 1038 tempestate
2541 968 2892 1022 incumbebat
2936 968 3052 1023 haec
3100 969 3220 1023 lues
3248 988 3260 1023 :
3288 986 3392 1025 nec
3435 979 3588 1039 post-

2005 1078 2167 1131 quam
2227 1061 2605 1122 incubuisset,
2662 1060 2832 1115 simili
2886 1060 3049 1113 modo
3106 1061 3418 1115 recedebat.
3479 1062 3585 1116 Sed

2005 1152 2265 1207 nonnulla
2297 1151 2518 1221 quidem
2550 1152 2666 1205 loca
2701 1150 2860 1204 initio
2902 1150 3103 1204 hiemis
3127 1153 3455 1220 occupavit:
3484 1154 3586 1206 alia

2004 1258 2176 1297 verno
2228 1253 2516 1311 tempore:
2549 1242 2797 1311 quaedam
2845 1249 3057 1305 aestate,
3106 1242 3210 1295 alia
3256 1243 3586 1311 procedente

2004 1342 2288 1388 autumno.
2322 1333 2391 1385 Et
2422 1333 2476 1385 in
2518 1331 2642 1386 aliis
2681 1331 2906 1401 quidem
2940 1331 3192 1396 urbibus,
3224 1347 3346 1385 eum
3378 1333 3589 1402 aliquas

2003 1434 2189 1495 partes
2217 1423 2508 1493 attigisset,
2555 1438 2585 1477 a
2636 1423 2866 1492 reliquis
2909 1422 3196 1478 abstinuit.
3230 1425 3307 1478 Ac
3340 1438 3587 1493 saepenu-

2006 1532 2158 1571 mero
2192 1532 2420 1571 cernere
2456 1515 2677 1577 licebat,
2713 1515 2767 1568 in
2807 1514 2946 1569 urbe
2976 1531 3097 1584 quae
3130 1531 3240 1569 non
3274 1526 3585 1585 mgrotaret.

2004 1604 2262 1674 quasdam
2312 1603 2548 1657 familias
2598 1602 2848 1657 funditus
2893 1603 3142 1657 interire.
3175 1604 3388 1658 Alicubi
3434 1621 3586 1664 vero.

318 1699 375 1750 δέ
409 1716 472 1764 γε
505 1700 563 1761 ἐς
596 1698 658 1750 τὸ
685 1699 911 1769 ἀκριϐὲς
944 1700 1347 1769 ἐπισκέψαντες
1384 1702 1816 1771 κατειλήφαμεν,
1848 1704 1896 1754 αἰ

2006 1712 2111 1750 una
2143 1705 2237 1750 aut
2282 1696 2455 1749 altera
2490 1693 2695 1749 familia
2747 1704 3094 1765 consumpta,
3141 1696 3352 1764 reliqua
3396 1696 3587 1750 civitas

320 1788 550 1851 ἀπαθεῖς
590 1788 842 1857 μείνασαι
894 1790 1062 1842 οἰκίαι
1112 1789 1253 1842 κατὰ
1298 1790 1389 1844 τὸν
1423 1792 1621 1862 ἑφεξῆς
1656 1795 1901 1847 ἐνιαυτὸν

322 1877 479 1947 μόναι
510 1877 908 1932 ἐπεπόνθεσαν.
961 1877 1034 1930 Τὸ
1068 1877 1126 1930 δὲ
1177 1878 1396 1932 πάντων
1449 1882 1898 1952 παραδεξότερον,

317 1967 477 2021 τοῦτο
500 1963 590 2037 ἦν,
618 1968 699 2021 ὅτι
725 1968 779 2021 εί
796 1985 859 2036 γε
884 1968 1166 2021 συνέϐαινε
1189 1969 1298 2023 τῶν
1325 1970 1671 2040 εἰλημμένων
1696 1973 1901 2026 πόλεων

318 2058 613 2129 οἰκήτορας
650 2059 878 2129 ἑτέρωθι
909 2058 1116 2125 διάγειν
1166 2058 1297 2113 ἔνθα
1340 2060 1398 2113 τὸ
1447 2061 1618 2124 πάθος
1671 2063 1771 2114 οὐκ
1805 2063 1902 2114 ἐπ-

324 2147 557 2218 έσκηψε,
608 2150 844 2202 κάκεῖνοι
883 2150 1034 2218 μόνοι
1067 2151 1178 2210 τοῖς
1223 2149 1539 2219 παθήμασιν
1582 2152 1898 2220 ἡλίσκοντο,

317 2240 369 2291 οἰ
385 2241 450 2291 ἐκ
470 2240 580 2291 τῶν
605 2241 982 2309 κρατηθεισῶν
1008 2243 1214 2297 πόλεων
1233 2246 1288 2296 ὲν
1312 2247 1432 2307 ταῖς
1448 2243 1681 2296 ἀπαθέσι
1713 2245 1900 2297 πόλεσι

318 2329 683 2401 διαιτώμενοι.
714 2334 825 2385 Καὶ
856 2332 1027 2386 ταῦτα
1062 2336 1159 2404 μὲν
1205 2335 1462 2398 πολλάκις
1502 2336 1560 2389 ὲν
1592 2339 1711 2395 ταῖς
1749 2354 1903 2407 περιη

318 2423 458 2486 όδοις
505 2423 615 2475 τῶν
668 2422 882 2477 κύκλων
938 2424 1045 2476 τῶν
1091 2426 1445 2495 καλουμένων
1500 2428 1897 2495 ὲπινεμήσεων,

318 2514 441 2575 ταῖς
474 2513 663 2564 πόλεσι
694 2512 788 2565 καὶ
818 2514 927 2575 τοῖς
957 2512 1164 2584 ἑτέροις
1201 2515 1441 2583 ἐγίνοντο
1486 2515 1692 2579 τόποις.
1726 2516 1900 2569 Μάλι-

321 2615 421 2654 στα
450 2602 507 2654 δὲ
535 2601 861 2672 πανολεθρὶα
892 2603 1211 2673 σχεδὸντοῖς
1231 2604 1543 2675 ἀνθρώποις
1569 2607 1896 2669 ὲπέπιπτεν,

320 2695 379 2746 ἑν
426 2688 461 2767 ᾗ
501 2692 739 2762 δευτέρῳ
786 2693 897 2745 ἔτει
938 2693 1051 2762 (67)
1085 2694 1158 2765 (y)
1194 2696 1293 2763 τῆς
1323 2698 1899 2768 πεντεκαιδεκαετηρί-

318 2785 404 2846 δος
458 2783 551 2837 τοῦ
607 2783 828 2838 κύκλου.
874 2784 961 2847 Ὠς
1002 2787 1100 2839 καὶ
1138 2788 1237 2855 ἐμὲ
1283 2788 1374 2841 τὸν
1424 2791 1597 2842 ταῦτα
1653 2792 1898 2861 συγγρά-

320 2875 427 2939 vim
442 2892 496 2927 ra.
532 2875 796 2944 (συνεῖδον
834 2879 942 2946 γὰρ
976 2878 1068 2930 καὶ
1102 2878 1168 2930 τὰ
1212 2879 1448 2949 κατ’ὲμὲ
1481 2884 1797 2950 παρυφὰναι
1831 2886 1896 2952 τῇ

2007 1789 2207 1842 intacta
2239 1787 2520 1841 remansit.
2553 1787 2824 1840 Caeterum
2859 1795 2920 1839 ut
2954 1802 3009 1840 re
3035 1788 3301 1841 attentius
3333 1789 3586 1843 eonside~

2006 1885 2118 1931 rata
2151 1876 2585 1939 observavimus,
2639 1876 2859 1930 familia:
2910 1877 3016 1930 illa:
3063 1894 3185 1947 quae
3230 1879 3448 1934 intactae
3498 1895 3583 1931 re-

2003 1976 2338 2031 manserant,
2384 1974 2647 2036 sequente
2691 1980 2838 2021 anno
2873 1968 3002 2022 solae
3046 1968 3185 2022 hanc
3218 1968 3589 2023 calamitatem

2003 2068 2242 2129 expertae
2268 2069 2417 2115 sunt.
2448 2059 2597 2113 Istud
2628 2075 2758 2114 vero
2784 2076 2896 2129 pra
2926 2060 3155 2130 reliquis
3188 2060 3443 2115 omnibus
3473 2061 3585 2114 sin-

2003 2150 2177 2220 gulari
2208 2150 2572 2204 admiratione
2615 2151 2841 2221 dignum
2886 2151 3013 2214 fuit,
3047 2152 3192 2221 quod
3242 2152 3285 2205 si
3321 2153 3413 2221 qui
3447 2152 3585 2205 forte

2004 2241 2152 2295 cives
2192 2256 2379 2294 earum
2416 2242 2635 2295 urbium
2684 2257 2820 2311 quas
2861 2244 3033 2312 pestis
3076 2243 3167 2296 illa
3216 2244 3581 2312 corripuerat.

2004 2332 2133 2386 alibi
2165 2332 2429 2402 degerent
2461 2334 2515 2386 in
2548 2334 2687 2387 locis
2726 2333 2781 2387 in
2809 2350 2929 2403 quae
2959 2334 3077 2389 lues
3117 2335 3208 2388 illa
3242 2335 3467 2388 minime
3499 2335 3582 2387 in-

2004 2425 2293 2489 cubuerat,
2320 2426 2419 2480 soli
2448 2426 2553 2479 hoc
2580 2426 2773 2480 morbo
2796 2426 3243 2495 corripiebantur
3266 2426 3366 2487 illi,
3396 2427 3487 2495 qui
3515 2440 3587 2479 ex

2004 2518 2238 2572 urbibus
2282 2518 2596 2586 pestilentia
2627 2517 2845 2572 infectis
2875 2518 3122 2579 oriundi.
3160 2518 3214 2570 in
3257 2516 3477 2571 intactis
3502 2512 3610 2571 ci-‘

2000 2608 2268 2664 vitatibus
2297 2609 2675 2662 morabantur.
2707 2609 2775 2662 Et
2811 2608 2927 2663 haec
2954 2608 3176 2677 quidem
3208 2624 3351 2677 saepe
3382 2616 3494 2661 tum
3528 2607 3581 2660 in

2003 2699 2255 2761 urbibus,
2298 2706 2411 2751 tum
2443 2698 2569 2752 aliis
2606 2699 2657 2751 in
2704 2697 2840 2751 locis
2886 2697 3236 2763 eveniebant,
3272 2696 3592 2751 labentibus.

2001 2792 2227 2846 circulis
2248 2806 2387 2859 quos
2410 2791 2569 2860 vulgo
2592 2789 2922 2843 indictiones
2945 2790 3242 2859 appellant.
3262 2789 3426 2861 509
3451 2790 3583 2842 Prm-

2002 2884 2159 2952 cipue
2195 2892 2375 2935 tamen
2406 2896 2551 2933 anno
2580 2881 2822 2933 secundo
2863 2880 3295 2950 uniuscujusque
3328 2867 3583 2939 indictio-

324 2968 556 3040 ἱστορίᾳ,
577 2968 645 3021 τὰ
672 2968 957 3038 πρόσφορα
978 2972 1088 3032 τοῖς
1114 2970 1445 3040 πρόσφοροις
1471 2972 1748 3043 ἁρμόζων)
1778 2975 1895 3025 κατ’

2001 2972 2107 3034 nis,
2141 2970 2377 3025 exitialis
2405 2970 2679 3040 pernicies
2712 2970 2900 3039 generi
2933 2971 3173 3023 humano
3202 2970 3579 3024 incumbebat.

321 3060 496 3128 ἀρχὰς
531 3060 628 3129 μὲν
653 3058 746 3112 οὖν
792 3060 887 3113 τοῦ
920 3060 1164 3113 τοιούτου
1223 3062 1427 3127 πάθους
1472 3063 1744 3133 ληφθῆναι
1788 3067 1901 3127 τοῖς

320 3151 674 3221 καλουμένοις
707 3150 1012 3219 βουϐῶσιν,
1046 3153 1105 3215 ἐς
1136 3153 1629 3222 χαμαιδιδασκάλου
1676 3156 1787 3224 (68)
1820 3156 1899 3208 ἔτι

322 3242 612 3306 φοιτῶνταο
647 3242 940 3309 ἀποϐαλεῖν
965 3244 1020 3296 δὲ
1048 3246 1111 3297 ὲν
1130 3247 1242 3307 τοῖς
1271 3245 1542 3315 διαφόρως
1562 3247 1899 3317 ἐπισκήψασι

321 3332 579 3396 τοιούτοις
609 3333 827 3397 πάθεσι,
859 3333 1087 3396 πολλούς
1119 3352 1179 3387 τε
1208 3335 1316 3388 τῶν
1349 3336 1407 3401 ἐξ
1439 3337 1572 3406 ἐμοῦ
1605 3338 1896 3407 προελθόν-

322 3441 450 3487 των,
482 3424 576 3476 καὶ
606 3425 850 3496 γαμετὴν
891 3427 985 3479 καί
1016 3429 1115 3497 τῆς
1145 3426 1338 3495 λοιπῆς
1368 3428 1709 3495 συγγενείας,
1745 3429 1891 3481 οἰκέ-

320 3530 418 3576 τας
445 3530 506 3566 τε
542 3515 638 3568 καί
667 3516 906 3585 χωρίτας
959 3516 1070 3587 (69)
1122 3517 1509 3586 παμπόλλους·
1561 3517 1749 3588 ὥσπερ
1786 3520 1892 3571 τῶν

322 3604 537 3659 κύκλων
566 3606 675 3659 τῶν
709 3608 1082 3678 ὲπινεμήσεων
1112 3607 1210 3670 τὰς
1240 3609 1297 3670 ἐς
1341 3608 1440 3678 ἐμὲ
1478 3611 1758 3678 συμφορὰς
1795 3627 1892 3679 με-

325 3696 644 3766 ριζομένων.
695 3700 824 3752 Ὅτε
854 3701 899 3752 δ’
943 3695 1038 3753 οὖν
1081 3700 1256 3753 ταῦτα
1286 3699 1542 3768 ἔγραφον,
1577 3701 1762 3767 ὄγδοον
1802 3704 1896 3752 καὶ

323 3791 686 3857 πεντηκοστὸν
716 3792 815 3860 τῆς
844 3790 1058 3860 ήλικίας
1090 3790 1201 3859 (70)
1241 3790 1388 3857 ἄγων
1418 3789 1559 3853 ἔτος,
1604 3793 1667 3844 οὐ
1709 3792 1896 3861 πρόσω

2002 3062 2152 3116 Adeo
2199 3070 2259 3115 ut
2303 3077 2388 3115 me
2435 3076 2655 3130 quoque
2704 3061 2798 3129 qui
2846 3060 2949 3114 ista
2985 3060 3169 3115 scribo
3201 3061 3399 3130 (visum
3434 3061 3580 3116 enim

1997 3159 2082 3205 est
2111 3166 2174 3203 ea
2219 3166 2439 3219 quoque
2483 3166 2605 3218 qua:
2649 3150 2717 3202 ad
2750 3166 2835 3203 me
2870 3158 3142 3219 spectant,
3175 3150 3306 3204 huic
3337 3150 3582 3205 historia!

1999 3244 2265 3307 inlexere,
2313 3259 2551 3313 congrua
2596 3243 2733 3296 locis
2777 3245 3036 3313 congruis
3082 3242 3424 3313 inserendo),
3472 3258 3584 3305 me,

2000 3333 2242 3403 inquam,
2275 3333 2406 3387 dum
2438 3331 2918 3400 grammaticorum
2972 3333 3191 3386 srholas
3241 3332 3422 3387 adhuc
3470 3332 3581 3387 fre-

2000 3435 2324 3496 quentarem
2360 3427 2463 3480 sub
2507 3426 2676 3495 pestis
2720 3425 2866 3478 illius
2896 3426 3205 3488 exordium,
3240 3425 3360 3479 lues
3399 3424 3580 3495 ingui-

2004 3518 2155 3570 naria
2194 3515 2562 3584 corripuerit:
2608 3523 2663 3567 et
2715 3514 2769 3567 in
2818 3514 3029 3566 morbis
3076 3514 3186 3567 illis
3231 3515 3324 3583 qui
3361 3515 3585 3568 diverso

2003 3618 2247 3675 tempore
2291 3605 2683 3668 incubuerunt,
2722 3614 2837 3658 tum
2869 3604 3071 3657 multos
3096 3620 3160 3657 ex
3195 3604 3388 3658 liberis
3421 3604 3583 3666 meis,

2004 3710 2116 3753 tum
2146 3713 2371 3752 uxorem
2410 3708 2466 3751 et
2502 3705 2765 3766 cognatos
2790 3697 3101 3764 complures
3128 3696 3427 3757 amiserim,
3460 3711 3577 3750 ser-

2001 3805 2100 3843 vos
2145 3787 2277 3841 item
2327 3796 2383 3840 et
2427 3787 2665 3839 rusticos
2707 3784 3141 3853 quamplurimos
3172 3802 3185 3838 :
3216 3784 3581 3839 indictionum

1479 3907 1755 3962 VALESII
1795 3903 2352 3961 ANNOTATIONPLS.

389 4000 501 4071 (66)
530 4002 784 4071 Ἄλλους
818 3998 1166 4067 θερίζοντος.
1225 4002 1594 4057 Scribendum
1620 4013 1755 4071 puto
1803 4004 1895 4056 ἄλ-

318 4072 445 4143 λους
477 4071 668 4143 θέρους
708 4070 879 4143 όντος,
951 4072 1415 4143 quemadmodum
1476 4070 1678 4143 legitur
1747 4074 1894 4143 apud

318 4139 781 4208 Nicephorumjn
809 4155 930 4208 cap.
965 4142 1031 4193 l8
1075 4141 1182 4194 lib-
1207 4157 1341 4195 xvn.

394 4204 507 4273 (67)
544 4211 644 4260 Ἐν
674 4204 711 4277 ᾗ
744 4204 1001 4275 δευίέρῳ
1032 4210 1170 4263 ἔτει.
1198 4210 1482 4265 Assentior
1510 4211 1645 4266 viris
1667 4212 1895 4274 doctis,

329 4279 423 4347 qui
475 4278 847 4350 emendarunt
887 4280 947 4350 έν
978 4278 1319 4350 τῷἒδευτέρῳ
1368 4281 1499 4344 ἔτει,
1535 4282 1896 4350 quemadmo-

332 4348 677 4417 dumlegitur
707 4347 849 4415 apud
886 4347 1375 4415 Nicephorumdta
1398 4347 1816 4405 certc'Savilius
1840 4352 1893 4406 in

334 4419 576 4490 margine
596 4417 1313 4490 s‘uieodicisemendavit,et
1331 4421 1668 4474 hanenotam
1684 4421 1892 4490 adjicit,

332 4486 474 4560 enno
505 4486 697 4560 Christi
714 4486 833 4560 539:
864 4487 1084 4540 Putavit
1109 4486 1892 4560 scilicetSavilius.Evagrium

328 4558 413 4611 his
436 4556 622 4611 verbis
652 4554 961 4628 signiﬁcare
994 4564 1204 4624 pestem
1232 4559 1409 4628 illam
1434 4554 1892 4628 praecipue'gras-

320 4636 495 4697 satam
527 4642 650 4697 esse
687 4625 1002 4697 indictione
1042 4626 1319 4697 secunda.
1362 4625 1565 4681 Verum
1603 4625 1891 4697 'Evagrius

319 4696 372 4747 id
400 4712 507 4748 non
536 4696 693 4757 dicit,
717 4710 895 4767 neque
915 4694 1075 4767 enim
1097 4698 1268 4767 pestis
1292 4696 1383 4750 illa
1440 4699 1621 4751 adhuc
1649 4694 1885 4767 grassari
1938 4732 1940 4735 -

315 4773 562 4845 cmperat
581 4781 726 4819 anno
749 4764 951 4849 Christi
978 4762 1109 4844 55$).
1129 4766 1183 4818 Id
1203 4781 1334 4849 ergo
1361 4776 1577 4849 tantum
1596 4762 1731 4821 dicit
1750 4770 1887 4822 Eva-

313 4836 501 4912 grius,
531 4850 675 4912 anno
694 4834 956 4912 secu_ndo_
993 4833 1611 4912 cujusqueindictionis
1666 4848 1882 4907 pestem

315 4901 467 4975 illam
508 4905 734 4975 gravius
755 4901 1284 4975 solitogincubnissc.

388 4972 635 5045 (θῇ-⁷⁸8⁵(
664 4972 1277 5045 χαιιαςῖιόξασκὰιὶους.
1315 4974 1374 5028 in
1410 4975 1635 5045 optimis
1679 4975 1884 5032 codici-

311 5040 418 5115 bus
460 5040 707 5115 ﬂorent.
744 5052 801 5097 et
831 5041 968 5115 T_ell.
1009 5041 1275 5115 scriptum
1312 5040 1493 5098 inveni
1532 5049 1587 5106 ἐς
1623 5047 1880 5115 χαμαιδι-

311 5112 579 5166 ϐασκαίλου
616 5112 696 5164 ἐτι
727 5112 1016 5180 φοιτῶντα·
1050 5112 1197 5179 quod
1236 5120 1322 5168 est
1348 5112 1679 5180 elegantius.
1700 5112 1774 5170 Ει
1801 5117 1881 5170 sic

308 5180 560 5262 loquitur
587 5182 851 5262 Evagrius
887 5180 1160 5262 supradin
1228 5197 1349 5262 cap_.
1398 5180 1467 5238 96
1520 5187 1686 5255 hujus
1722 5186 1875 5262 libri,

310 5251 405 5322 ubi
441 5269 498 5306 se
530 5251 775 5307 scholam
807 5251 1289 5322 grammaticorum
1318 5251 1697 5322 frequentassc
1741 5257 1878 5309 scri-

309 5318 392 5373 bit
420 5338 487 5375 eo
514 5332 787 5395 tempore,
814 5318 933 5389 quo
982 5320 1341 5395 Antiochiaa
1396 5318 1641 5379 Chosroe
1697 5341 1872 5395 expu-

307 5401 469 5457 gnata
500 5400 607 5451 est.
650 5391 703 5445 id
729 5400 813 5445 est
838 5404 982 5444 anno
1004 5390 1207 5445 Christi
1241 5391 1364 5445 540.

1967 4607 1971 4611 .
2064 4560 2179 4630 (70)

2097 4001 2206 4069 (69)
2253 4000 2500 4064 Οἰκέτας
2535 4016 2597 4052 τε
2628 4001 2727 4053 καί
2766 4000 3040 4069 χωρίτας.
3081 3998 3136 4052 ld
3182 4007 3493 4069 est,rservos
3527 4010 3579 4053 et

2000 4068 2235 4135 colanos;
2258 4071 2483 4139 χωρῖται
2505 4069 2653 4122 enim
2684 4080 2813 4123 sunt
2842 4068 3057 4124 rustici.
3087 4084 3181 4139 seu
3234 4068 3438 4131 coloni,
3478 4071 3575 4139 qui

2002 4143 2169 4195 etiam
2204 4139 2429 4211 χωρικοὶ
2459 4139 2743 4211 dicuntur,
2764 4147 2830 4211 ut
2862 4138 3148 4211 notavigad
3182 4154 3305 4207 cap.
3356 4138 3567 4211 κιρ-ιιι).

2000 4228 2052 4265 vt
2090 4207 2338 4264 Historia:
2371 4207 2731 4263 ecclesiastica:
2761 4208 3009 4263 Eusebii.
3052 4207 3143 4261 Sic
3192 4219 3343 4263 certe
3393 4209 3574 4263 Theo-

2000 4282 2213 4349 phanes
2241 4279 2295 4331 in
2320 4278 2596 4341 Chronico,
2629 4294 2751 4348 pag.
2786 4278 2909 4349 1'59,
2937 4278 3005 4332 de
3037 4278 3284 4349 Dioscori
3324 4279 3572 4346 junioris

1998 4348 2273 4419 electione
2299 4350 2561 4418 loquens:
2591 4348 3005 4419 V’Avsy‘tbpnagv,
3024 4348 3248 4419 inquit,
3292 4352 3360 4419 τὰ
3387 4350 3567 4419 πλήθη

1995 4418 2103 4473 τῶν
2136 4417 2408 4490 χωρικῶν.
2448 4419 2548 4473 Ubi
2573 4418 2893 4490 Anastasius
2919 4417 3383 4473 Bibliothecarius
3414 4417 3571 4473 recte“.

1996 4489 2184 4552 vertit,
2210 4489 2603 4543 multitudinem
2638 4489 2975 4541 rusticorum.

2236 4559 2491 4627 Ὄγδοον
2519 4557 2617 4609 καὶ
2668 4556 3111 4627 πεντηκοστὸνῗ
3134 4556 3267 4627 τῆς,
3295 4557 3567 4623 ἡλικίας.-

1992 4626 2079 4684 Εχ’
2115 4626 2221 4683 huc
2250 4626 2374 4683 Ιοοο
2404 4627 2602 4697 natalis
2630 4627 2850 4696 Evagrii
2874 4626 3037 4681 facile
3083 4626 3429 4697 deprehendi
3464 4642 3563 4697 ρον
3624 4652 3628 4657 -

1994 4708 2119 4755 test.
2162 4700 2298 4753 Nam
2346 4714 2471 4753 cum
2499 4696 2551 4749 in
2587 4696 2752 4767 hujus
2810 4698 3007 4766 capitis
3038 4696 3292 4767 exordio
3340 4696 3568 4767 dixerit,

1991 4778 2122 4823 tunc
2151 4784 2275 4823 cum
2312 4769 2414 4822 ista
2447 4765 2741 4830 scriberet,
2772 4765 2946 4835 pestis
2973 4766 3120 4820 illius
3149 4781 3353 4819 annum
3390 4765 3571 4820 fuisse:

1988 4839 2293 4893 secundum
2318 4847 2375 4893 et
2401 4837 2956 4907 quinquagesimum:
3006 4851 3155 4907 nunc
3196 4849 3331 4907 vero
3362 4836 3569 4889 asserit

1986 4922 2066 4971 se,
2104 4909 2236 4962 dum
2264 4908 2380 4962 haec
2402 4905 2692 4966 scriberet,
2721 4922 2929 4960 annum
2973 4906 3160 4976 aetatis
3197 4905 3568 4976 egisse_octa-

1985 4993 2116 5047 vum
2180 4988 2238 5033 et
2279 4976 2831 5047 quinquagesimum,
2881 4975 3204 5047 necessario
3242 4974 3570 5047 coniicitur

1984 5046 2141 5100 illum
2176 5049 2229 5101 in
2268 5044 2451 5101 lucem
2482 5044 2895 5099 editumfuisse
2919 5060 3015 5101 sex
3044 5044 3205 5099 annis
3233 5053 3361 5097 ante
3387 5046 3568 5112 pestis

1983 5117 2149 5186 hujus
2189 5116 2502 5171 exordium.
2541 5117 2720 5186 Porro
2746 5116 2923 5183 pestis
2950 5115 3043 5186 illa
3082 5124 3274 5186 exorta
3299 5124 3383 5186 est
3408 5129 3562 5166 anno

1981 5184 2107 5255 post
2160 5187 2512 5255 consulatum
2562 5185 2781 5255 Basilii,
2827 5201 2926 5239 seu
2982 5185 3200 5255 duobus
3242 5184 3403 5255 annis
3436 5193 3564 5255 post

1979 5253 2255 5310 excidium
2287 5256 2440 5310 urbis
2468 5254 2795 5319 Antiochiae,
2823 5265 2882 5308 ut
2905 5270 3067 5323 supra
3093 5254 3231 5307 dixit
3270 5253 3555 5323 Evagrius.

1979 5326 2153 5448 $371M
2200 5335 2286 5383 est
2332 5326 2505 5397 igitur
2554 5325 2824 5394 Evagrius
2871 5340 3016 5379 anno
3046 5323 3252 5379 Christi
3295 5325 3423 5385 556.
3467 5334 3565 5377 aut

2013 5414 2046 5448 0
2090 5437 2103 5448 .

2013 5396 2103 5449 57.

1746 5519 2127 5579 VARIORUM.

376 5612 448 5681 (9,)
493 5612 595 5665 ‘Er
629 5605 667 5680 ᾖ
698 5610 953 5677 δευτέρῳ
978 5612 1117 5664 ἔτει.
1144 5610 1284 5679 Lege
1308 5609 1365 5662 ἐν
1394 5610 1470 5678 τῷ
1493 5611 1544 5663 δε
1557 5611 1727 5681 υτέρῳ
1745 5611 1876 5664 ἔτει.

2067 5609 2309 5682 Lowrn.)
