4038 6198
290 226 432 296 2757
1201 213 1591 287 ΗΙΞΤΟΒΙᾹΞ
1630 213 2228 281 ECCLESIASTlC.-E
2269 214 2495 273 LiBEll
2543 214 2639 272 ιν.
3417 211 3561 274 2758

291 354 390 406 per
415 336 555 390 duos
595 341 651 389 et
685 332 1085 404 quinquaginta
1130 347 1326 395 annos,
1371 340 1432 384 ut
1473 331 1584 399 jam
1629 327 1763 388 dixi.
1798 325 1865 379 ad
1904 325 2010 378 hoc
2082 338 2254 391 usque
2300 331 2515 390 tempus
2548 328 2791 390 grassata
2826 327 2930 383 est,
2995 330 3220 376 cunctas
3251 337 3373 391 qua.
3409 323 3564 392 prius

288 439 546 503 grassata:
590 438 716 485 sunt
770 429 892 483 lues
940 442 1316 498 supergressa.
1368 427 1502 480 Nam
1549 425 1920 479 Philostratus
1956 419 2179 490 quidem
2213 419 2467 478 miratur.
2505 417 2651 486 quod
2693 432 2791 471 sua
2834 426 2993 472 actate
3033 418 3205 487 pestis
3243 419 3558 487 quindecim

291 525 450 578 annis
483 529 730 594 grassata
776 523 868 577 sit.
903 521 1163 588 Quaenam
1213 529 1401 575 autem
1449 519 1695 588 posthzec
1726 524 1993 572 eventura
2021 514 2152 575 sint,
2188 512 2462 567 incertum
2489 521 2596 573 est,
2654 526 2778 565 cum
2841 527 2908 565 eo
2939 509 3188 565 ferantur
3245 527 3354 579 quo
3383 513 3561 565 visum

291 619 460 674 fuerit
489 619 623 680 Deo,
657 617 750 686 qui
782 625 838 671 et
873 631 1066 670 causas
1106 630 1291 669 rerum
1313 624 1380 669 et
1421 621 1654 668 eventus
1717 609 1992 681 cognovit.
2058 607 2172 676 Ego
2205 619 2338 660 vero
2371 605 2502 659 illuc
2569 604 2715 659 unde
2745 604 3028 674 digressus
3059 619 3179 658 sum
3212 614 3479 658 revertar.
3506 609 3565 656 et

294 712 534 780 reliquas
559 724 649 764 res
679 716 859 779 gestas
891 708 1188 764 Justiniani
1222 707 1690 763 commemorabo.

897 826 1148 878 ΚΕΦΑΛ.
1196 825 1276 877 Λ’.

294 918 432 988 Περὶ
493 916 602 987 τῆς
646 914 1140 986 φιλοχρηματίας,
1191 915 1299 994 grai
1354 911 1700 981 ἀπληστίας
1734 913 1878 966 Ἰουο

905 1000 1240 1038 στινιανου.

377 1102 435 1153 '0
491 1099 870 1161 ’1ουστινιανος
911 1092 979 1168 ἦν
1012 1097 1112 1166 μὲν
1137 1097 1435 1168 χρημάτων
1458 1091 1755 1166 ἄπληστος,
1783 1093 1877 1148 καὶ

293 1194 401 1245 τῶν
432 1191 729 1262 ἀλλοτρίων
757 1187 930 1253 οὕτως
956 1189 1202 1252 ἐκτόπως
1234 1187 1489 1259 ἐραστὴς,
1544 1187 1620 1250 ὡς
1645 1186 1740 1239 καὶ
1773 1187 1876 1238 ὑπ-

293 1284 455 1354 ήκοον
492 1280 636 1336 ἀπαν
677 1281 902 1353 χρυσίου
945 1282 1282 1350 πιπράσκειν
1315 1281 1426 1340 τοῖς
1459 1294 1519 1330 τε
1567 1275 1663 1338 τὰς
1703 1273 1876 1346 ἀρχὰς

293 1375 734 1446 ἐπιτροπεύουσι,
768 1375 881 1436 τοῖς
919 1391 978 1425 τε
1026 1374 1152 1434 τοὺς
1194 1371 1392 1441 φόρους
1433 1367 1736 1436 ἐκλέγουσι,
1781 1367 1876 1419 καὶ

293 1469 405 1529 τοῖς
435 1464 549 1519 ὅσοι
583 1464 676 1517 ἀπ’
705 1464 959 1533 οὐδεμιᾶς
990 1463 1167 1524 αἰτίας
1198 1463 1422 1531 ῥάπτειν
1452 1458 1743 1520 ἐπιϐουλὰς
1763 1459 1875 1518 τοῖς

295 1557 604 1627 ἀνθρώποις
633 1555 898 1608 ἐθέλουσι.
937 1554 1173 1616 Πολλοὺς
1197 1553 1255 1606 δὲ
1287 1551 1382 1606 καὶ
1407 1551 1745 1621 ἀναρίθμους
1767 1549 1876 1602 τῶν

298 1645 370 1698 τὰ
429 1644 598 1697 πολλά
647 1645 1023 1714 κεκτημένων,
1078 1643 1380 1714 προφάσεις
1433 1640 1877 1709 ἀπροφασίστους

296 1736 645 1806 ιπιχρώσας.
682 1735 780 1798 τὰς
819 1735 1006 1796 οὐσίας
1041 1733 1257 1797 ἁπάσας
1301 1731 1627 1802 ἐζημίωσεν.
1676 1733 1776 1796 Ἦν
1819 1732 1876 1784 δὲ

298 1830 393 1880 καὶ
439 1827 576 1898 γυνὴ
628 1825 1013 1897 ἐταιριζομὲνη
1046 1825 1506 1896 ὲποφθαλμιῶσᾶν
1535 1841 1634 1894 τῳ,
1661 1823 1877 1892 ὁμιλίαν

295 1919 415 1972 τινὰ
467 1919 500 1988 ἢ
559 1918 704 1988 μίξιν
764 1917 1087 1982 ἀνέπλασεν,
1126 1916 1287 1978 εὐθὺς
1321 1916 1537 1969 ἅπαντα
1567 1914 1773 1983 φροῦδα
1809 1915 1877 1966 τά

295 2011 400 2060 τῶν
433 2009 614 2077 νόμων
656 2007 978 2069 καθίστατο,
1023 2005 1118 2060 καὶ
1163 2006 1254 2057 τὸν
1297 2001 1673 2056 Ίουστινιανὸν
1707 2019 1876 2072 προσ-

296 2099 687 2170 εταιρισαμένη
733 2097 825 2151 τοῦ
856 2098 1059 2151 ἀτόπου
1093 2095 1342 2166 κέρδους,
1383 2094 1502 2148 ὅλον
1528 2093 1620 2147 τὸν
1648 2093 1875 2146 πλοῦτον

295 2189 390 2242 τοῦ
454 2189 954 2259 συκοφαντηθέντος
991 2228 1004 2252 ,
1061 2189 1199 2240 οἴκοι
1256 2185 1714 2256 μετεσκευάσατο.
1765 2185 1873 2236 Καὶ

295 2284 519 2356 ἀφειδὴς
571 2284 628 2337 δὲ
672 2284 970 2354 χρημάτων
1016 2281 1282 2351 ὑπῆρχεν·
1316 2279 1456 2332 ὥστε
1506 2279 1598 2331 καὶ¹
1647 2274 1876 2336 πολλοὺς

297 2376 490 2444 ἁγίους
518 2415 533 2437 ,
583 2374 680 2427 καὶ
727 2371 1033 2442 ἑκασταχοῦ
1068 2373 1227 2433 ναοὺς
1276 2367 1713 2440 μεγαλοπρεπεῖς
1762 2365 1874 2434 (74)

296 2465 624 2534 ἀναστῆσαι,
656 2463 853 2525 ἄλλους
897 2480 956 2514 τε
997 2463 1216 2530 εὐαγεῖς
1246 2461 1435 2521 οἴκους
1472 2459 1531 2521 ὲς
1561 2456 1876 2527 ἐπιμέλειαν

296 2557 508 2628 ἁ·.δρῶν
537 2573 596 2608 τε
627 2556 722 2610 καὶ
753 2555 994 2624 γυναίων
1027 2554 1221 2622 ἀώρων
1274 2570 1332 2605 τε
1383 2551 1479 2605 καὶ
1513 2549 1754 2620 ἐξώρων,
1785 2547 1879 2601 καὶ

296 2651 410 2702 τῶν
442 2649 546 2702 ὑπὸ
579 2649 902 2718 νοσημάτων
934 2646 1196 2699 ποικίλων
1226 2643 1651 2712 ἐνοχλουμένων·
1683 2639 1879 2693 συντά-

295 2745 412 2807 ξεις
439 2759 497 2793 τε
531 2740 772 2811 μεγάλας
803 2737 1218 2806 ἀποκληρῶσαι,
1267 2734 1389 2789 ὅθεν
1430 2733 1537 2787 δέοι
1587 2730 1760 2785 ταῦτα
1791 2730 1877 2798 γί-

299 2833 507 2887 νεσθαι·
545 2833 752 2903 πρᾶξαί
780 2848 838 2883 τε
881 2831 973 2883 καὶ
1002 2829 1135 2884 ἄλλα
1180 2828 1349 2898 μυρία
1377 2824 1576 2894 εὑσεόἦ
1611 2825 1703 2876 καὶ
1745 2821 1866 2891 Θεῷ

299 2926 623 2995 ἀρέσκοντα,
656 2922 813 2994 εἴπερ
841 2920 902 2986 ἐξ
930 2921 1147 2975 οἰκείων
1177 2918 1348 2989 δρῷεν
1390 2919 1439 2970 οἱ
1477 2915 1681 2969 τούτων
1711 2915 1877 2984 ἐργά-

300 3033 412 3080 ται,
444 3012 808 3087 καὶθκαθαράς
834 3011 933 3076 τὰς
961 3010 1112 3080 σφῶν
1137 3007 1365 3077 πράξεις
1391 3005 1806 3074 καρποφοροῖεν.

891 3291 1144 3345 ΚΕΦΑΛ.
1187 3291 1312 3343 AA'.

298 3387 436 3456 Περὶ
468 3385 576 3441 τοῦ
608 3385 876 3456 pervidet)
897 3382 1049 3456 ναοῦ
1080 3379 1188 3456 τῆς
1234 3381 1431 3456 Ἀγίας
1468 3379 1719 3448 Συρίας,
1782 3377 1881 3429 καί

687 3451 804 3508 τῶν
845 3453 1044 3522 Ἃτίων
1079 3451 1474 3504 Ἀποστόλιινν⁹

383 3567 672 3636 Ἀνέστησε
719 3566 773 3618 δὲ
823 3565 916 3618 καὶ
966 3563 1109 3616 κατὰ
1153 3563 1252 3633 τὴν
1288 3563 1718 3627 Κωνσταντίνου,
1750 3563 1878 3615 πολ-

299 3657 425 3719 λοὺς
453 3657 550 3727 μὲν
581 3659 640 3717 ὲς
665 3654 863 3716 κάλλος
886 3651 1294 3722 ἐξησκημένους
1331 3651 1410 3722 τῷ
1439 3651 1580 3722 Θείῳ
1624 3652 1722 3706 καὶ
1764 3655 1877 3715 τοῖς

299 3748 476 3814 ἁγίοις
521 3745 743 3816 σηκούς.
790 3744 1126 3814 Ἐδομήσατο
1159 3741 1215 3794 δὲ
1251 3741 1397 3812 μέγα
1428 3759 1482 3794 τι
1515 3743 1609 3795 καὶ
1659 3743 1872 3811 ἀπαρά·

300 3839 499 3906 ὀλητον
529 3837 734 3907 χρῆμα,
770 3835 868 3905 οὐχ
910 3832 1192 3906 ἱστορηθὲν
1221 3831 1462 3896 πώποτε,
1494 3833 1587 3884 τὸν
1625 3833 1880 3902 μέγιστον

301 3928 398 3998 τῆς
433 3925 729 3996 ἐκκλησίας
767 3924 896 3994 νηὸν
921 3923 1023 3994 (a),
1061 3921 1309 3994 εὐπρεπῆ
1336 3937 1395 3972 τε
1425 3922 1518 3973 καὶ
1555 3921 1761 3991 ἔξοχον,
1785 3922 1880 3974 καὶ

301 4017 460 4084 λόγου
492 4013 723 4085 δύναμιν
753 4013 1099 4068 ἐκϐαίνοντα.
1128 4012 1236 4064 Καὶ
1264 4011 1601 4081 πειράσομαι
1632 4013 1686 4064 δὲ
1708 4011 1783 4075 ὡς
1814 4011 1881 4066 ἂν

299 4102 410 4169 οἷός
443 4123 503 4159 τε
550 4099 616 4170 ὧ,
661 4107 1092 4176 χωρογραφῆσαι
1120 4103 1182 4156 τὺ
1205 4103 1452 4174 τέμενος.
1484 4103 1647 4166 Θόλος
1673 4105 1820 4157 ἐστὶν
1853 4107 1881 4157 ὁ

298 4199 411 4252 τῶν
439 4197 758 4268 ἀνακτόρων
803 4195 955 4268 νηὸς,
987 4195 1238 4266 τέτταρσι
1287 4195 1728 4266 μετεωριζομένη
1775 4196 1882 4265 ψα-

300 4288 460 4351 λίσιν,
492 4289 550 4350 ἐς
585 4287 836 4340 τοσοῦτον
868 4285 1005 4354 ὕψος
1057 4286 1419 4356 ἐπαιρομένη,
1454 4287 1528 4350 ὡς
1561 4286 1745 4357 ἔνερθε
1783 4288 1881 4357 μὲν

300 4383 412 4444 τοῖς
449 4379 759 4444 ἀτενίζουσι
804 4377 1131 4447 δυσέφικτον
1195 4373 1337 4430 εἶναι
1382 4378 1476 4431 τοῦ
1518 4379 1892 4454 ἡμισφαιρίου,

301 4473 399 4542 τὴν
437 4472 861 4542 ἀποπεράτωσιν
883 4487 896 4499 ·
928 4469 1132 4540 ὕπερθε
1171 4469 1227 4523 δὲ
1270 4471 1398 4534 τοὺς
1423 4472 1740 4541 γινομένους
1772 4490 1880 4544 μη·

1907 795 1957 854 Α

2593 811 2746 866 CAP.
2787 809 2959 867 XXX.

2268 904 2343 958 De
2372 903 2677 972 inexplebili
2704 907 2934 959 avaritia
2961 905 3275 959 Iustiniani.

2049 1079 2177 1135 Fuit
2231 1079 2454 1149 quidem
2494 1078 2839 1135 Justinianus
2895 1082 3242 1152 inexplebilis
3293 1085 3560 1150 avaritiae,

1979 1184 2033 1231 et
2075 1175 2240 1230 alieni
2278 1191 2454 1247 usque
2486 1177 2624 1232 adeo
2670 1186 2953 1246 appetens,
2995 1187 3056 1232 ut
3091 1179 3375 1234 universas
3432 1197 3560 1249 pro-

1978 1267 2191 1322 vincias
2236 1267 2452 1338 imperii
2497 1268 2731 1322 Romani
2763 1278 2985 1339 accepta
3029 1273 3264 1339 pecunia
3299 1272 3565 1327 venderet

1979 1361 2412 1431 magistratibus,
2467 1370 2523 1413 et
2571 1361 2907 1416 tributorum
2963 1362 3339 1427 exactoribus,
3397 1371 3453 1416 ct
3497 1362 3565 1416 iis

1979 1452 2073 1521 qui
2102 1453 2312 1521 absqne
2361 1453 2468 1506 ulla
2503 1467 2668 1508 causa
2721 1453 2949 1508 insidias
2992 1454 3314 1508 hominibus
3348 1463 3565 1509 struere

1979 1545 2176 1599 solent.
2239 1544 2438 1598 Multos
2496 1554 2780 1614 praeterea,
2829 1559 2894 1598 ac
2941 1559 3095 1613 ptene
3129 1545 3564 1600 innumerabiles

1979 1636 2072 1705 qui
2116 1637 2317 1705 Opibus
2346 1636 2662 1700 afﬂuebant,
2707 1637 3049 1690 concinnatis
3080 1637 3373 1692 calumniis
3413 1637 3564 1691 omni

1978 1725 2311 1793 patrimonio
2345 1726 2620 1794 spoliavit.
2660 1726 2815 1793 Quod
2844 1729 2886 1782 si
2942 1743 3064 1797 qua:
3099 1727 3301 1782 mulier
3331 1743 3561 1798 corpore

1979 1824 2246 1882 qumstum
2284 1815 2508 1878 faciens,
2545 1819 3001 1874 consuetudinem
3034 1828 3130 1874 aut
3158 1826 3408 1890 stuprum
3453 1820 3558 1873 ali-

1980 1908 2068 1960 cui
2120 1907 2258 1961 falso
2313 1911 2627 1979 olujeeissct.
2691 1913 2848 1966 bouis
2890 1915 3011 1982 ejus
3067 1914 3306 1978 inhians,
3377 1916 3561 1970 statim

1980 1997 2128 2067 leges
2157 2015 2346 2054 omnes
2376 2017 2438 2054 ac
2468 2002 2590 2071 jura
2620 2004 2986 2066 viniabantur,
3019 2015 3071 2058 ct
3100 2003 3263 2058 modo
3299 2005 3564 2059 Justinia-

1982 2103 2114 2141 num
2156 2091 2334 2159 turpis
2371 2091 2508 2144 lucri
2567 2093 2888 2161 participem
2924 2094 3231 2158 aseivisset,
3275 2096 3564 2149 universas

1979 2193 2112 2247 opes
2141 2181 2260 2248 ejus
2290 2182 2382 2249 qui
2412 2184 2680 2235 calumnia
2713 2184 2989 2252 appetitus
3022 2186 3220 2249 fuerat,
3253 2187 3306 2239 in
3336 2187 3559 2241 domum

1979 2256 2131 2323 suam
2165 2272 2548 2326 transferebat.
2581 2274 2729 2327 ldem
2778 2285 2955 2330 tamen
2989 2275 3041 2330 in
3068 2277 3426 2346 expendenda
3466 2295 3566 2349 pc—

1979 2361 2140 2414 cunia
2173 2362 2466 2415 admodum
2499 2365 2678 2433 largus
2716 2365 2818 2419 fuit
2853 2385 2865 2419 :
2901 2368 3039 2421 adeo
3074 2377 3132 2421 ut
3157 2369 3355 2423 multas
3380 2386 3566 2426 sacras

1977 2451 2122 2506 mdes
2170 2463 2224 2506 et
2287 2456 2599 2523 magnificas
2661 2458 2861 2525 passim
2921 2461 3180 2516 ecclesias
3244 2463 3563 2519 aedificaret.

1977 2545 2176 2600 Multas
2201 2557 2462 2615 prteterea
2509 2550 2789 2620 religiosas
2818 2553 3009 2606 domos
3034 2554 3099 2606 ad
3119 2555 3396 2609 curandos
3416 2556 3568 2610 viros

1980 2652 2044 2690 ac
2075 2639 2354 2701 mulieres,
2395 2649 2504 2692 tam
2544 2655 2721 2702 senes,
2750 2659 2910 2711 quam
2943 2645 3221 2713 parvulos,
3256 2654 3421 2698 eteos
3464 2643 3561 2712 qui

1980 2729 2145 2782 variis
2189 2729 2396 2782 morbis
2421 2730 2881 2786 conﬂictabantur
2907 2775 2920 2798 ,
2956 2735 3265 2789 exstruxit:
3301 2751 3403 2791 nec
3446 2753 3564 2791 me-

1980 2818 2198 2873 diocres
2243 2820 2451 2874 reditus
2476 2822 2542 2875 ad
2578 2838 2697 2876 eam
2738 2839 2852 2877 rem
2904 2824 3212 2894 deputavit.
3270 2826 3564 2882 lnnumera

1980 2927 2200 2981 quoque
2235 2913 2340 2966 alia
2384 2914 2552 2983 gessit
2587 2915 2882 2970 admodum
2920 2917 3028 2986 pia.
3062 2918 3286 2986 Deoqne
3312 2929 3560 2988 accepta,

1983 3002 2280 3056 dummodo
2307 3003 2341 3057 ii
2373 3006 2465 3074 qui
2493 3004 2608 3060 hzec
2630 3017 2820 3075 agunt,
2851 3024 2918 3060 ex
2938 3009 3176 3077 propriis
3213 3008 3568 3064 facultatibus

1982 3111 2044 3148 ea
2073 3111 2244 3164 Opera
2283 3089 2586 3165 perficiant.
2623 3109 2676 3150 et
2712 3111 2866 3153 actus
2896 3115 3029 3153 suos
3065 3116 3253 3170 puros,
3303 3110 3569 3170 tanquam

1984 3184 2337 3248 sacrificium,
2365 3187 2598 3240 otl‘erant
2631 3189 2761 3242 Deo.

2480 3299 2638 3370 ιιι
2683 3300 2836 3356 CAP.
2878 3301 3070 3356 xxxr.

1991 3388 2064 3441 Dc
2102 3407 2296 3459 magna
2344 3390 2560 3444 ecclesia
2593 3390 2820 3462 Sancta’
2876 3393 3104 3462 Sophim,
3153 3403 3201 3446 et
3249 3393 3567 3448 Sanctorum

2566 3461 2961 3530 Apostolorum.

2057 3573 2203 3626 Idem
2251 3572 2749 3642 Constantinopoli,
2813 3590 2936 3629 cum
3001 3576 3134 3630 alias
3181 3592 3368 3632 sacras
3421 3579 3569 3633 aedes

1987 3663 2140 3716 mirae
2167 3664 2602 3732 pulchritudinis
2637 3666 2690 3718 in
2733 3665 3001 3720 honorem
3023 3667 3115 3720 Dei
3155 3683 3219 3722 ac
3249 3680 3566 3723 sanctorum

1982 3756 2292 3808 consmixit
2326 3773 2338 3806 :
2371 3764 2484 3808 tum
2541 3771 2798 3827 magnum
2841 3757 2972 3811 illud
3027 3767 3084 3812 et
3134 3759 3562 3828 incomparabile

1981 3861 2142 3915 opus,
2170 3847 2475 3917 cujusmodi
2499 3849 2709 3902 nullum
2732 3864 2974 3918 unquam
2994 3849 3164 3905 fuisse
3183 3861 3557 3906 memoratur:

1981 3933 2272 3987 maximam
2318 3934 2532 3989 scilicet
2574 3937 2863 3990 ecclesiam
2899 3936 3110 3992 Sancta:
3135 3938 3370 4008 Sophim,
3399 3940 3563 3995 deco-

1982 4039 2097 4077 ram
2134 4040 2198 4079 ac
2227 4025 2654 4092 praecellentem,
2691 4036 2747 4080 ct
2795 4043 2917 4097 quae
2953 4027 3064 4081 vim
3102 4028 3319 4084 dicendi
3342 4046 3560 4086 omnem

1983 4114 2141 4186 longe
2170 4125 2411 4186 superat.
2441 4117 2578 4188 Ejus
2635 4127 2813 4173 tamen
2851 4119 3094 4189 singulas
3139 4130 3345 4191 partes,
3382 4123 3560 4192 quoad

1983 4221 2230 4277 possum,
2251 4209 2564 4264 describere
2599 4211 2860 4266 conabor.
2914 4210 3081 4267 [Edes
3114 4215 3438 4280 sanctuarii,
3485 4224 3560 4268 te-

1986 4298 2149 4354 studo
2187 4308 2273 4356 est
2296 4311 2534 4372 quatuor
2560 4303 2865 4359 fornicibus
2893 4305 2946 4358 in
2969 4305 3206 4360 sublime
3242 4316 3426 4364 erecta
3456 4324 3469 4360 :
3509 4307 3564 4361 in

1989 4397 2192 4444 tantam
2216 4391 2564 4447 altitudinem
2588 4394 2801 4450 sublata
2825 4435 2840 4459 ,
2873 4404 3015 4450 utcx
3047 4395 3308 4450 inferiore
3337 4397 3564 4484 quidem

1986 4476 2108 4533 loco
2131 4481 2486 4549 aspicientes,
2509 4483 2879 4554 hemisphaerii
2897 4485 3173 4556 fastigium
3197 4476 3415 4544 diﬂicile
3436 4505 3564 4560 pos-

1470 4609 1743 4664 VALESII
1779 4611 2338 4673 ANNOTATIONES.

371 4729 485 4801 (744)
552 4727 662 4801 Kal
714 4727 1056 4801 ἑκασταχοῦ
1123 4726 1310 4801 ναοὺς
1364 4727 1871 4801 μεγαλοπρεπεῖς,

300 4796 578 4854 Henricus
631 4798 878 4853 Savilius
905 4797 1235 4867 particulam
1280 4797 1374 4867 καί
1423 4796 1479 4850 in
1531 4814 1633 4852 suo
1675 4796 1869 4854 codice

298 4868 590 4938 expunxit.
626 4868 761 4923 Eam
789 4866 973 4923 tamen
993 4867 1084 4922 hic
1119 4866 1466 4923 retinendam
1491 4882 1612 4928 esse
1643 4882 1866 4934 censeo,

1981 4735 2338 4802 transpositis
2401 4743 2613 4792 tantum
2649 4737 2938 4793 vocabulis
2986 4738 3094 4792 hoc
3151 4737 3346 4793 modo:
3393 4739 3556 4794 Ὥστε

1977 4802 2572 4880 καὶᾳπολλοὺςλάγίους
2614 4809 2707 4862 καὶ
2762 4810 3202 4879 μεγαλοπρεπεξ
3255 4809 3563 4880 ἑκασταχοῦ

1977 4874 2141 4937 ναοὺς
2170 4874 2494 4948 ἀναστῆσαι.

1740 4981 2124 5043 νΑιιιυιιυΜ.

369 5074 611 5157 (αλΤῆς
637 5074 971 5157 ἐςικλῃσίᾳς
999 5073 1462 5157 νηιξνλριετριόε
1509 5074 1709 5157 legisse
1730 5075 1886 5157 vide-
1917 5078 1962 5132 D
1993 5080 2137 5157 inter
2164 5082 2369 5157 prioris
2408 5084 2658 5157 ecclesiae
2709 5084 3200 5157 conﬂagrationem
3230 5125 3244 5147 ,
3293 5094 3351 5140 et
3403 5102 3564 5144 nova:

301 5155 392 5200 tur
421 5145 524 5214 τῆς
563 5145 760 5212 ’Δγιας
782 5145 984 5212 Σοφίας
1011 5145 1157 5214 ναόν.
1197 5144 1371 5214 Hujus
1421 5144 1669 5200 ecclesia:
1701 5145 1878 5200 aditi-

299 5216 450 5270 catio
480 5213 550 5269 ad
581 5231 714 5269 ann.
745 5214 848 5268 5'52
875 5213 1165 5268 referenda
1197 5213 1302 5268 est.
1331 5214 1606 5268 Nimirum
1641 5215 1695 5268 in
1725 5217 1877 5270 sedi-

303 5287 457 5366 tione
485 5285 556 5338 ab
581 5285 836 5366 Hyeptio,
867 5284 1139 5366 Pompeio
1171 5293 1229 5366 et
1254 5285 1436 5366 Probo
1473 5285 1743 5366 adversus
1783 5289 1879 5341 Ju-

298 5355 603 5425 stinianum
632 5354 739 5408 isto
769 5369 928 5425 anno
961 5355 1238 5425 concitata
1281 5354 1373 5425 (de
1395 5370 1501 5423 qua
1527 5354 1642 5408 vid.
1698 5371 1866 5425 supra

302 5441 358 5480 c.
431 5425 516 5494 l5)
577 5422 824 5479 Ecclesia
885 5424 1060 5494 Major
1097 5423 1356 5478 incendio
1396 5422 1692 5494 absumpta
1758 5422 1863 5481 est.

301 5493 512 5550 Novam
558 5495 746 5562 itaque
793 5503 849 5548 et
904 5493 1064 5563 longe
1097 5494 1421 5563 ampliorem
1447 5493 1741 5550 aedificavit
1783 5497 1878 5552 Ju-

300 5565 602 5627 stinianus,
629 5575 686 5618 et
714 5573 920 5618 sanctas
965 5564 1185 5631 Sophia:
1227 5564 1527 5630 dedicavit,
1571 5582 1718 5618 anno
1752 5569 1876 5633 557,

302 5650 497 5691 mense
527 5635 979 5698 Deccmbri,cum
1005 5648 1098 5688 ses
1133 5633 1398 5688 ferc'anni
1434 5635 1880 5693 intercessissent

1987 5149 2540 5223 dedicationem.Vid
2586 5155 2716 5208 Ant.
2751 5149 2968 5223 Pagiad
3003 5172 3132 5210 ann.
3172 5155 3296 5220 552,
3335 5174 3390 5211 n.
3420 5159 3471 5218 7,
3503 5169 3560 5214 et

1987 5219 2054 5274 ad
2081 5235 2210 5295 ann.
2243 5222 2462 5295 557,7n.
2509 5225 2556 5279 5.
2621 5224 2732 5295 (W7.
2779 5219 3024 5294 Low'rn.)
3083 5225 3258 5294 Hujus
3312 5229 3564 5284 ecclesiae

1987 5290 2234 5346 nominis
2287 5294 2557 5349 rationem
2625 5290 2809 5349 reddit
2875 5290 3080 5350 Paulus
3139 5290 3411 5352 lliaconus
3460 5299 3558 5352 lib.

1973 5376 2126 5444 κγιιι,
2159 5361 2342 5448 initio,
2369 5364 2456 5445 his
2475 5364 2691 5448 verbis:
2751 5383 2770 5417 ι
2796 5365 3093 5448 Εξχειιιυριίι.
3141 5366 3284 5448 idem
3299 5369 3566 5448 princeps

1989 5430 2699 5507 intraconstantiuopolim
2749 5435 2947 5488 urbem
2991 5435 3095 5504 ipsi
3156 5430 3413 5507 Domino,
3468 5430 3568 5507 qui

1985 5512 2072 5556 est
2105 5500 2379 5576 Sapientia
2407 5500 2756 5576 Dei'Patris,
2809 5500 3114 5576 templum,
3178 5509 3324 5576 quod
3371 5500 3570 5563 Graico

1987 5573 2488 5646 v_ocabulo_'ATiav
2513 5575 2738 5646 Σοφίαν,
2769 5574 2824 5630 id
2860 5573 2966 5642 est,
3023 5573 3283 5632 Sanctam
3338 5577 3577 5644 Sapien-

1987 5643 2120 5695 tiam
2139 5643 2468 5700 nominavit.
