4038 6198
538 287 681 352 2783

1763 279 2077 341 EVAGRII
2119 274 2607 337 SCHOL.\S'I‘ICI

3680 267 3812 332 273i

542 401 708 457 modo
744 400 1056 457 comedisse
1083 399 1277 455 dicens
1314 413 1425 468 quo
1458 402 1581 466 post
1611 394 1924 465 passionem
1951 407 2135 447 eome-

2263 390 2460 456 τάθεσι,
2500 388 2634 459 μηδὲ
2665 387 2721 440 δὲ
2771 389 2911 457 μετά
2948 387 3050 457 τὴν
3084 386 3384 440 ἀνάστασιν
3417 383 3515 438 τοῦ
3553 388 3813 450 παναγίου

546 493 652 557 dit,
688 506 816 547 cum
867 498 1280 546 sacrosanctum
1325 489 1447 559 ejus
1492 501 1697 556 corpus
1735 485 1847 554 jam
1892 483 2021 537 inde
2067 499 2135 538 ex

547 598 659 654 quo
686 582 743 637 in
775 592 932 638 utero
977 581 1275 636 formatum
1321 588 1426 642 est,
1475 578 1678 631 nullam
1715 574 2134 631 conversionem

548 686 646 732 aut
689 675 1052 730 mutationem
1094 688 1198 727 nec
1240 672 1296 725 in
1329 669 1664 725 voluntariis
1697 676 1755 722 et
1786 666 2135 722 naturalibus

549 766 1028 837 perpessionibus,
1062 780 1167 819 nec
1189 772 1314 833 post
1341 761 1804 816 resurrectionem
1832 758 2132 828 acceperit.

2245 481 2500 552 σώματος
2530 479 2693 533 αὑτοῦ
2751 479 3084 549 δεξαμένου·
3112 474 3195 539 οἷς
3225 478 3500 531 συναινείν
3530 476 3660 538 τοὺς
3694 475 3819 528 ἑκα-

2244 573 2415 643 σταχῆ
2474 571 2653 642 ἱερέας
2713 570 3119 639 κατηνάγκαζε.
3183 570 3390 631 Πάντες
3451 567 3551 637 μὲν
3599 563 3695 620 οὖν
3756 569 3817 628 ἐς

2257 665 2610 718 ’Δναστάσιον
2649 663 2741 716 τὸν
2779 664 3113 733 Ἀντιοχείας
3167 661 3469 715 ἐπίσκοπον
3501 658 3822 730 καραδοκεῖν

2244 757 2513 821 εἰπόντες,
2549 755 2646 825 τὴν
2672 754 2898 826 πρώτην
2922 757 3122 824 πεῖραν
3145 752 3581 825 ἀπεκρούσαντο.

555 864 724 917 Porro
753 860 1098 916 Justinianus
1122 874 1315 913 omnes
1345 858 1553 927 ubique
1612 856 1917 926 episcopos.
1959 868 2057 922 per
2101 852 2211 905 vim
2251 866 2449 927 cogere
2492 850 2765 915 instituit,
2819 860 2881 905 ut
2928 850 3063 904 huic
3103 847 3354 917 opinioni
3401 845 3821 900 assentirentur.

553 954 658 1010 Sed
686 968 810 1008 cum
834 951 1081 1006 universi
1107 943 2137 1005 sententiamAnastasiiAntiochensis
2176 943 2425 1013 episcopi
2462 950 2787 1013 exspectare
2840 958 2899 997 se
2964 941 3402 1010 reispondissent,
3440 938 3682 1007 primum
3725 936 3814 990 im-

552 1042 821 1113 peratoris
850 1041 1115 1109 impetum
1144 1038 1523 1093 declinarunt.

1289 1152 1350 1204 Ρ.
1396 1152 1513 1205 XL.

1289 1152 1350 1204 Ρ.
1451 1152 1513 1205 L.

788 1243 865 1297 De
889 1242 1175 1297 Anastasio
1196 1151 1598 1311 ξιὶιιὶεέδεορο
1622 1238 1933 1293 Antiochia).

630 1356 805 1411 Porro
838 1354 941 1409 iste
969 1354 1293 1408 Anastasius
1315 1354 1404 1407 vir
1433 1354 1533 1407 fuit
1568 1361 1682 1407 tum
1711 1353 1765 1405 in
1797 1350 2002 1405 divinis
2028 1349 2148 1404 Lit-

563 1447 698 1503 teris
740 1445 1038 1500 admodum
1080 1444 1355 1504 eruditus.
1391 1454 1506 1499 tum
1547 1444 1600 1497 in
1626 1442 1876 1497 moribus
1896 1450 1952 1497 et
1977 1442 2033 1495 in
2056 1442 2144 1495 vi-

563 1538 728 1593 vendi
767 1538 980 1592 ratione
1006 1535 1461 1591 accuratissimus
1508 1551 1521 1588 :
1571 1533 1710 1588 adeo
1748 1542 1808 1587 ut
1847 1548 1940 1588 res
1975 1532 2141 1587 etiam

2853 1140 3104 1193 ΚΕΦΛΛ.
3146 1140 3234 1195 Μ’.

2286 1231 2429 1300 Περὶ
2475 1231 2878 1285 Ἀναστασίου
2903 1232 3388 1300 ἀρχιεπισκόπου
3425 1233 3797 1303 Ἀντιοχείας.

2324 1341 2434 1397 Ἦν
2462 1344 2518 1397 δὲ
2547 1345 2577 1397 ό
2619 1344 2992 1408 Ἀναστάσιος,
3042 1344 3111 1398 τὰ
3161 1346 3260 1414 μὲν
3305 1345 3426 1397 θεῖα
3481 1345 3541 1407 ἐς
3604 1346 3673 1399 τά
3733 1347 3829 1414 μά-

2249 1438 2407 1492 λιστα
2433 1437 2641 1505 λόγιοςσ
2670 1434 2906 1507 ἀκριϐὴς
2933 1435 2990 1489 δὲ
3022 1436 3148 1499 τοὺς
3176 1438 3409 1504 τρόπους
3434 1437 3528 1489 καὶ
3565 1437 3665 1507 τὴν
3696 1438 3828 1490 δίαι-

2248 1546 2348 1583 ταν
2370 1546 2384 1561 ο
2422 1528 2499 1591 ὡς
2532 1527 2626 1582 καὶ
2655 1530 2771 1591 τοῖς
2815 1526 2938 1581 λίαν
2975 1524 3148 1596 ψιλοῖς
3189 1528 3573 1598 ἐπισκήπτειν,
3602 1527 3697 1580 καὶ
3731 1545 3831 1597 μσς·

564 1630 872 1697 levissimas
908 1628 1253 1691 observaret,
1284 1642 1389 1681 nec
1418 1642 1446 1680 a
1472 1625 1781 1680 constantia
1803 1634 1857 1681 et
1882 1625 2141 1679 ﬁrmitate

2263 1620 2420 1690 ἰαμοῦ
2471 1619 2566 1673 τοῦ
2609 1618 2911 1681 εὐσταθοῦς
2940 1620 3033 1673 καὶ
3067 1617 3288 1688 βεϐαίου
3329 1618 3671 1688 παρεξιέναι,
3706 1621 3829 1688 μήτι

567 1735 807 1793 unquam
837 1718 1177 1783 deﬂecteret,
1213 1718 1418 1773 nedum
1453 1718 1508 1771 in
1550 1718 1731 1787 magni
1758 1717 2022 1771 momenti
2055 1731 2148 1771 re-

566 1811 693 1873 bus,
721 1820 778 1863 et
807 1826 929 1879 quae
951 1810 1019 1865 ad
1047 1810 1218 1864 Deum
1243 1816 1579 1879 spectarent.
1606 1807 1788 1862 Mores
1810 1815 1996 1862 autem
2019 1823 2153 1863 suos

567 1904 643 1956 ita
687 1909 1113 1971 temperaverat,
1154 1912 1430 1969 utneque
1475 1899 1716 1954 adeundi
1750 1908 1806 1953 et
1832 1898 2151 1968 alloquendi

567 1994 748 2063 ipsum
777 1993 1014 2048 facilitas
1050 1992 1360 2061 expositum
1396 1990 1551 2044 illum
1577 1991 1833 2046 redderet
1857 1991 1923 2045 iis
1950 1991 2156 2060 quibus

568 2086 798 2140 minime
855 2085 1146 2155 oportebat
1195 2103 1208 2138 :
1244 2099 1347 2138 nec
1393 2084 1665 2139 severitas
1703 2092 1760 2138 et
1798 2082 2154 2138 inclementia

569 2175 914 2229 inaccessum
947 2189 1074 2229 cum
1104 2183 1393 2244 praestaret
1415 2175 1528 2245 juri
1558 2184 1722 2244 atque
1752 2174 1975 2229 rationi.
2003 2173 2071 2228 Et
2093 2173 2155 2228 in

569 2267 734 2321 seriis
758 2266 980 2336 quidem
1004 2266 1320 2336 colloquiis,
1344 2281 1508 2321 aures
1535 2266 1584 2321 ei
1618 2275 1867 2336 patentes
1882 2276 1948 2320 et
1966 2266 2155 2337 lingua

569 2356 850 2426 proﬂuens
876 2364 996 2410 erat
1023 2373 1038 2410 :
1073 2365 1130 2411 et
1153 2356 1489 2426 qurestiones
1517 2356 1830 2425 propositas
1851 2355 2156 2426 prudenter

570 2456 630 2503 et
661 2456 857 2518 argute
880 2447 1241 2503 dissolvebat.
1274 2448 1332 2501 In
1367 2448 1720 2502 sermonibus
1748 2455 1931 2501 autem
1956 2447 2159 2517 ineptis

572 2554 637 2592 ac
676 2538 990 2607 superlluis,
1022 2554 1187 2593 aures
1218 2538 1443 2607 quidem
1477 2538 1697 2608 penitus
1722 2538 1969 2593 ocelusas
1990 2538 2159 2594 babe-

574 2631 688 2692 bat,
723 2631 964 2701 linguam
1010 2645 1144 2684 vero
1174 2631 1330 2699 quasi
1367 2630 1524 2685 freno
1552 2631 1793 2700 quodam
1826 2631 2157 2700 comprime-

576 2720 707 2775 bat:
761 2720 836 2775 ita
888 2731 947 2775 ut
999 2720 1310 2775 orationem
1358 2721 1497 2775 ratio
1543 2720 1706 2792 423
1760 2722 2068 2786 metiretur,
2102 2732 2160 2777 et

577 2811 863 2866 silentium
915 2813 1068 2866 omni
1118 2812 1370 2867 oratione
1404 2809 1758 2882 praestantius
1799 2823 1965 2869 esset.
2003 2813 2160 2869 Hunc

578 2905 777 2974 igitur,
838 2914 1103 2975 tanquam
1157 2905 1637 2976 inexpugnabilem
1692 2921 1949 2971 murum,
2006 2906 2158 2961 omni

2251 1728 2316 1780 γε
2340 1711 2404 1782 δὴ
2429 1710 2534 1763 τῶν
2562 1709 2792 1780 καιρίων
2810 1727 2823 1741 ·
2854 1710 2948 1763 καὶ
2972 1710 3031 1773 ὲς
3054 1710 3186 1762 αὐτὸ
3210 1709 3273 1761 τὸ
3303 1708 3457 1761 Θείον
3484 1709 3825 1778 ἀναφερομέ-
3864 1729 3868 1733 ·

2251 1821 2378 1856 νων.
2411 1801 2566 1855 Οὕτω
2589 1801 2646 1855 δὲ
2667 1802 2727 1854 τὺ
2756 1798 2890 1873 ἦθος
2921 1801 3211 1872 ἐκέκρατο,
3232 1802 3305 1864 ὡς
3328 1801 3460 1872 μηδὲ
3494 1802 3574 1871 τῷ
3601 1804 3829 1872 εὐπροσ-

2252 1895 2356 1966 όδῳ
2409 1913 2467 1949 τε
2515 1897 2610 1949 καὶ
2658 1895 2992 1966 εὒεντεύκτῳ
3018 1936 3033 1961 ,
3080 1894 3421 1949 εὐεπίϐατων
3453 1897 3564 1959 τοῖς
3600 1897 3677 1967 μὴ
3704 1896 3829 1949 καο-

2254 1990 2476 2057 ήκουσιν
2514 1981 2676 2052 εἶναι,
2722 1988 2857 2059 μηδὲ
2883 1987 2962 2059 τῷ
2986 1988 3244 2059 αὐστηρῷ
3268 2005 3326 2041 τε
3361 1990 3456 2042 καὶ
3485 1989 3698 2056 ἀφειδεῖ
3715 1990 3829 2042 δυσ-

2255 2079 2513 2150 πρόσιτον
2577 2081 2633 2142 ὲς
2685 2079 2753 2132 τά
2801 2079 2988 2133 δέοντα
3038 2079 3389 2134 καθεστάναι.
3450 2081 3539 2133 Ἐν
3592 2083 3693 2150 μὲν
3747 2080 3831 2138 οὖν

2257 2172 2373 2235 τοῖς
2429 2170 2763 2236 σπουδαίοις,
2792 2171 3012 2240 ἕτοιμος
3065 2167 3134 2241 ἦν
3162 2172 3230 2224 τᾶ
3257 2170 3393 2234 ὦτα,
3415 2172 3509 2225 καὶ
3538 2175 3636 2242 τὴν
3664 2173 3830 2241 γλῶσ-

2261 2278 2361 2317 σαν
2397 2261 2612 2333 εὔρους,
2639 2261 2944 2323 εὐθυϐὀλως
2973 2261 3072 2323 τὰς
3099 2260 3325 2325 πύστεις
3350 2261 3603 2316 διαλύων.
3654 2263 3746 2317 Ἐν
3778 2263 3828 2316 δὲ

2256 2356 2369 2417 τοῖς
2415 2354 2737 2425 παρέργοις,
2770 2352 2838 2405 τὰ
2894 2353 2994 2423 μὲν
3025 2346 3138 2405 ὦτα
3166 2353 3353 2407 τέλεον
3400 2354 3795 2408 ἀποκέκλειστο
3815 2370 3829 2385 ’

2252 2432 2359 2516 ’τὴν
2386 2445 2445 2499 δὲ
2473 2445 2725 2513 γλῶσσαν
2750 2445 2970 2515 χαλινὸς
2997 2446 3237 2515 ἐπεῖχεν,
3288 2447 3363 2511 ὡς
3419 2447 3512 2501 καὶ
3541 2448 3635 2500 τὸν
3657 2448 3832 2515 λόγον,

2258 2538 2401 2606 λόγῳ
2439 2536 2820 2608 ῥυθμίζεσθαι,
2856 2537 2953 2590 καὶ
3000 2536 3098 2607 τὴν
3129 2538 3341 2608 σιωπὴν
3366 2539 3648 2607 κρείττονα
3679 2538 3836 2607 λόγου

2260 2629 2611 2683 καθεστάναι.
2646 2628 2833 2698 Τούτῳ
2866 2627 3055 2700 ὥσπερ
3109 2633 3214 2683 τινὶ
3260 2631 3550 2701 δυσαλὼτῳ
3585 2631 3782 2703 πύργῳ
3814 2633 3840 2684 ό

2274 2718 2651 2781 ’ῐουστινιανὺς
2679 2716 3009 2787 προσϐάλλει
3035 2719 3295 2783 παντοίας
3340 2720 3587 2791 μηχανὰς
3617 2724 3843 2790 ἐπιστή-

2263 2826 2383 2872 σας,
2416 2808 2614 2862 ἐννοῶν
2660 2808 2737 2871 ὡς
2788 2809 2837 2860 εί
2892 2808 3083 2862 τοῦτον
3134 2812 3482 2864 κατασείσειε
3511 2812 3647 2881 (Η),
3684 2813 3843 2874 πόνος

2262 2900 2436 2963 οὐδεὶς
2482 2899 2789 2969 λελείψεται
2830 2900 2930 2970 τὴν
2970 2901 3126 2954 πόλιν
3165 2902 3328 2968 ἑλεῖν,
3361 2904 3758 2974 ἀνδραποδίσαι
3789 2921 3843 2957 τε

579 2999 958 3053 machinarum
1002 3012 1202 3068 genere
1234 3013 1551 3069 oppugnare
1594 2999 1822 3054 adortus
1866 3008 1953 3055 est
1991 2999 2156 3055 Justi-

2263 2992 2332 3044 τά
2368 2991 2504 3062 όρθά
2551 2990 2659 3042 τῶν
2700 2989 3009 3071 δογμάτων,
3052 2993 3145 3045 καὶ
3195 2994 3521 3063 αἰχμάλωτα
3560 2994 3755 3047 λαϐεῖν
3782 2994 3845 3046 τὰ

577 3091 779 3145 nianus
810 3107 824 3143 :
874 3090 929 3144 id
960 3090 1175 3145 scilicet
1199 3104 1385 3145 secum
1419 3090 1534 3161 ipse
1573 3091 1843 3161 cogitans,
1874 3107 1954 3155 se,
1984 3093 2029 3146 si
2056 3093 2162 3148 hoc

580 3180 1058 3249 propugnaculum
1097 3179 1429 3244 subruisset,
1484 3179 1675 3234 urbem
1719 3181 1965 3250 posthzec
2006 3182 2162 3236 nullo

580 3272 803 3341 negotio
848 3280 1140 3340 capturum
1192 3285 1313 3325 esse
1339 3311 1354 3335 ,
1402 3277 1459 3324 et
1502 3280 1665 3333 recta:
1695 3272 1820 3327 ﬁdei
1849 3272 2163 3327 doctrinam

580 3357 637 3411 in
677 3358 1002 3412 servitutem
1052 3358 1440 3425 redacturum;
1498 3355 1740 3431 denique
1788 3377 1921 3417 oves
1957 3361 2163 3417 Christi

581 3449 825 3519 captivas
855 3450 1223 3504 abducturum
1260 3465 1403 3506 esse.
1450 3453 1771 3509 Anastasius
1798 3470 1928 3508 vero
1972 3454 2162 3510 divina

582 3541 819 3611 quadam
847 3542 1014 3596 animi
1044 3542 1392 3608 celsitudine,
1423 3545 1561 3599 adeo
1586 3560 1752 3615 supra
1771 3546 2162 3616 imperatorem

581 3648 703 3688 sese
724 3634 943 3696 extulit,
970 3634 1172 3703 quippe
1200 3634 1295 3704 qui
1315 3635 1578 3689 fundatus
1598 3646 1747 3691 esset
1765 3653 1930 3706 supra
1952 3637 2163 3692 ﬁrmam

584 3731 820 3792 petram,
858 3731 938 3786 ut,
965 3725 1128 3777 missa
1160 3725 1227 3779 ad
1260 3725 1632 3779 Iustinianum
1665 3726 1952 3791 relatione,
1983 3728 2163 3797 palam

582 3813 632 3868 ei
675 3812 1097 3879 contradixerit,
1129 3822 1184 3869 et
1221 3814 1666 3871 manifestissime
1694 3818 1857 3872 simul
1886 3833 1951 3873 ac
1990 3819 2167 3874 discr-

586 3906 798 3960 tissime
833 3904 887 3959 in
919 3904 1111 3960 eadem
1143 3905 1411 3960 relatione
1439 3906 1491 3961 ei
1518 3906 2003 3975 demonstraverit,
2037 3927 2162 3966 cor-

586 4012 688 4066 pus
731 3996 948 4050 Domini
992 3998 1049 4051 in
1096 3997 1548 4066 perpessionibus
1588 4000 1938 4055 naturalibus
1964 4011 2166 4071 etquae

585 4090 641 4143 in
696 4086 1191 4159 reprehensionem
1240 4104 1351 4143 non
1397 4090 1632 4155 cadunt,
1682 4093 2025 4162 corruptioni
2068 4094 2169 4148 ob-

584 4178 812 4232 noxium
862 4176 1056 4240 fuisse,
1095 4185 1261 4246 atque
1301 4179 1375 4233 ita
1404 4177 1623 4234 divinos
1651 4182 1930 4249 apostolos
1956 4190 2013 4236 et
2039 4198 2165 4237 san-

584 4277 705 4323 ctos
734 4268 930 4322 Patres
959 4267 1226 4333 sensisse,
1254 4284 1317 4323 ac
1342 4270 1582 4338 posteris
1615 4271 1929 4328 tradidisse.
1957 4274 2162 4329 Eadem

583 4375 805 4430 quoque
834 4360 1122 4430 rescripsit
1152 4360 1219 4415 ad
1251 4364 1550 4419 monachos
1577 4365 1768 4434 prima:
1796 4380 1860 4420 ac
1904 4366 2167 4422 secunda:

586 4451 776 4522 Syriae,
826 4453 922 4522 qui
959 4452 1139 4521 ipsum
1184 4454 1616 4509 consulueraut:
1669 4465 1997 4512 cunctorum
2044 4458 2168 4512 ani-

584 4559 705 4598 mos
731 4547 1087 4611 conﬁrmans,
1131 4554 1188 4601 et
1213 4547 1279 4601 ad
1304 4548 1654 4603 subeundum
1700 4558 1983 4609 certamen
2029 4567 2170 4620 prmo

586 4651 805 4706 parans,
839 4647 896 4693 et
925 4639 1176 4709 quotidie
1209 4641 1265 4695 in
1294 4641 1540 4697 Ecclesia
1587 4643 1828 4698 recitans
1870 4644 2040 4699 verba
2080 4644 2169 4698 illa

2263 3082 2514 3154 πρόϐατα
2546 3082 2640 3135 τοῦ
2676 3083 2938 3153 Χριστοῦ.
2970 3084 3028 3137 '0
3050 3084 3128 3145 δὲ.
3159 3087 3240 3149 εἰς
3265 3086 3520 3140 τοσοῦτον
3555 3086 3845 3157 ὑπερήρῢη

2262 3174 2339 3244 τῷ
2371 3174 2502 3245 Θείῳ
2533 3176 2844 3244 φρονήματι
2894 3176 2913 3245 (
2942 3176 3033 3228 ἐπὶ
3063 3176 3161 3247 τὴν
3182 3178 3459 3249 ἄρρηκτον
3482 3180 3591 3247 γὰρ
3630 3179 3842 3250 πέτραν

2263 3267 2506 3334 εἱστήκει
2533 3266 2633 3335 τῆς
2659 3266 2935 3334 πίστεως),
2967 3269 3041 3331 ὠς
3075 3270 3170 3321 καὶ
3211 3270 3569 3341 Ἰουστινιανῷ
3601 3272 3846 3340 ἀναφαν-

2264 3357 2353 3412 δὸν
2390 3358 2668 3410 ἀντειπεῖν
2696 3357 2764 3409 δι’
2802 3360 3009 3421 οἰκείας
3064 3358 3366 3430 μηνύσεως,
3429 3361 3525 3413 καὶ
3566 3362 3847 3427 ἀποδεῖξαι

2268 3449 2413 3519 μάλα
2455 3448 2641 3517 σαφῶς
2688 3446 2784 3501 καὶ
2824 3448 3020 3517 λογίως
3056 3449 3124 3501 δι’
3157 3450 3353 3520 αὐτῆς,
3397 3451 3473 3514 ὡς
3518 3452 3767 3522 φθαρτὸν
3794 3452 3845 3507 τὸ

2268 3540 2428 3608 σῶμα
2457 3538 2552 3592 τοῦ
2584 3539 2789 3610 Κυρίου
2822 3540 2879 3591 ἐν
2909 3542 3021 3603 τοῖς
3064 3544 3313 3609 φυσικοῖς
3352 3542 3448 3595 καὶ
3496 3543 3845 3615 ἁδιλδλήτοις

2267 3630 2514 3695 πάθεσιν,
2558 3632 2613 3684 οἵ
2636 3647 2696 3684 τε
2741 3629 3019 3683 θεσπέσιοι
3053 3630 3362 3698 ἀπόστολοι,
3404 3633 3459 3685 οἵ
3493 3649 3553 3686 τε
3601 3633 3852 3702 θεοφόροι

2266 3722 2464 3793 ᾔδεσέιν
2488 3722 2562 3793 (q)
2595 3740 2654 3775 τε
2687 3723 2784 3776 καὶ
2825 3723 3133 3793 παρέδοσαν
3169 3724 3430 3793 Πατέρες.
3463 3724 3649 3777 Ταῦτα
3675 3726 3735 3778 δὲ
3761 3724 3852 3777 καὶ

2268 3815 2405 3885 πρὸς
2437 3814 2498 3867 τὸ
2533 3814 2823 3885 μοναδικὸν
2854 3814 3079 3887 πρώτης
3120 3831 3177 3868 τε
3227 3816 3322 3869 καὶ
3353 3815 3612 3886 δευτέρας
3655 3816 3854 3885 Συρίας

2266 3906 2596 3976 πυθόμενον,
2635 3905 2993 3976 ἀπεκρίνατο,
3048 3906 3264 3960 πάντων
3317 3907 3714 3977 ὑποστηρίζων
3762 3907 3856 3966 τὰς

2267 3996 2518 4065 γνώμας,
2551 3998 2645 4051 καὶ
2676 3996 2813 4067 πρὸς
2844 3996 2938 4049 τὸν
2967 3997 3156 4066 ἀγῶνα
3183 3998 3524 4067 ἐπαλείφων,
3549 4001 3641 4051 ἐπί
3672 4017 3736 4052 τε
3764 4001 3858 4067 τῆς

2280 4087 2606 4159 Ἐκκλησίας
2642 4088 2910 4159 ὁσημέραι
2939 4088 3327 4156 ἀναγινώσκων
3390 4090 3451 4142 τὸ
3487 4092 3581 4142 τοῦ
3622 4091 3859 4153 σκεύους

2268 4179 2368 4250 τῆς
2416 4179 2684 4249 ἐκλογῆςο
2729 4198 2747 4231 ι
2776 4180 2842 4232 Εἴ
2876 4197 2962 4243 τις
3009 4181 3154 4250 ὑμᾶς
3200 4181 3615 4251 εὐαγγελίζεται
3673 4182 3858 4254 παρ’ὃ

2272 4269 2639 4340 παρελάϐετε,
2691 4271 2794 4325 κᾶν
2836 4271 3068 4339 ἄγγελος
3127 4271 3187 4338 ἐξ
3237 4272 3473 4343 οὐρανοῦ
3600 4275 3859 4345 ἀνάθεμα

2269 4363 2430 4417 ἔστω.
2453 4381 2471 4413 ι
2509 4361 2605 4427 Οἷς
2644 4364 2928 4427 ἀπιδόντες
2971 4354 3209 4428 ἅπαντες
3241 4367 3311 4418 τά
3343 4368 3715 4437 παραπλήσια
3770 4369 3857 4439 pti-

2268 4473 2395 4525 χρις
2442 4455 2755 4526 εὐαρίθμων
2802 4456 3105 4526 ἐζήλωσαν.
3149 4458 3467 4526 Γέγραπται
3498 4460 3542 4510 δ’
3569 4456 3673 4512 οὖν
3715 4460 3857 4526 αὐτῷ

2270 4550 2366 4603 καὶ
2416 4552 2812 4620 συντακτήριος
2859 4551 2997 4619 πρὸς
3038 4553 3165 4612 τοὺς
3202 4552 3505 4621 Ἀντιοχέας
3533 4552 3853 4622 ὶιόγοςμὸ),

2278 4640 2568 4710 πυθομένῳ
2597 4640 2688 4692 τὸν
2724 4640 3097 4695 Ἰουστινιανὺν
3146 4642 3350 4696 ἐθέλειν
3397 4644 3557 4698 αὐτὸν
3597 4646 3857 4716 eiust}:-

1700 4806 1711 4819 '
1784 4802 2053 4857 VALESII
2087 4801 2644 4859 ANNOTATIONES.

528 4956 531 4961 ί
623 4888 764 4965 ’(14)
805 4890 869 4942 El
895 4890 1112 4965 τούτου
1135 4895 1539 4965 καταρνείσειε.
1568 4894 1794 4950 Rectius
1822 4896 1965 4965 apud
1992 4897 2156 4952 Nice-

584 4958 846 5027 phorum,
877 4960 1003 5013 etin
1048 4962 1235 5015 codice
1282 4963 1593 5020 Tellcriano
1640 4958 1906 5020 scribitur
1963 4970 2154 5019 τοῦτον

583 5030 951 5105 κριτασείσειε.
986 5028 1085 5105 Sic_
1109 5032 1255 5085 enim
1274 5033 1425 5105 leges
1446 5036 1816 5104 grammatica:
1845 5036 2150 5105 postulant.

584 5097 904 5170 Metaphora
934 5107 1020 5153 est
1053 5099 1217 5155 ducta
1239 5102 1308 5156 ab
1334 5097 1799 5169 'obs'idionaljbus
1845 5097 2147 5170 machinis,

583 5167 788 5248 quibus
810 5168 977 5248 ιιι-ξοδ
1009 5172 1308 5248 expugnari
1339 5175 1639 5248 soleba_nt._
1666 5167 1837 5248 Porro
1866 5175 1934 5248 de
1987 5167 2154 5245 hujus

583 5238 860 5293 Anastasii
897 5236 1120 5294 Sinaitie
1149 5236 1460 5298 constantia
1513 5245 1569 5298 in
1608 5244 1954 5300 defendenda
2001 5236 2153 5301 recta

585 5305 690 5380 ﬁde
710 5308 979 5380 adversus
1000 5310 1251 5365 hzercsim
1276 5313 1920 5380 Aphthartodocitarmn,
1957 5316 2156 5370 scribit

582 5376 768 5456 etiam“
794 5377 1117 5456 Eustathius
1168 5382 1228 5456 in
1278 5376 1396 5456 Vita
1449 5385 1590 5438 beati
1640 5376 2157 5456 Eulyclaiivpatriar—

583 5443 701 5502 chce
728 5446 1344 5520 Constantinopolitani.

2336 4896 2485 4969 (15)“
2514 4894 2959 4969 Συντακτήρισς
2991 4897 3143 4965 πρὸς
3197 4899 3338 4964 τοὺς
3380 4901 3731 4969 Ἀντιοχέας
3762 4905 3799 4953 .l
3823 4902 3854 4937 '-

2262 4985 2387 5036 τος.
2418 4966 2728 5037 Mirumest
2775 4975 2889 5021 tres
2919 4968 3275 5037 interpretes.
3330 4966 3608 5035 Langum,
3638 4972 3852 5025 Museu-

2262 5034 2377 5091 lum
2423 5044 2481 5090 et
2513 5034 3104 5104 ChristOphorsonum.
3169 5039 3226 5093 in
3274 5041 3439 5094 unius
3468 5042 3740 5096 vocabuli
3773 5042 3849 5093 iu-

2259 5106 2662 5176 terpretatione
2690 5107 2854 5160 simul
2890 5108 3073 5177 lapsos
3122 5108 3317 5173 fuisse,
3348 5106 3527 5165 Gr.eci
3568 5126 3849 5163 συντηκτι-

2262 5179 2392 5237 amb;
2424 5185 2480 5230 et
2512 5179 2943 5245 συντακτηρίους
2993 5177 3188 5244 λόγους
3238 5180 3508 5233 vocabant
3568 5182 3848 5236 orationes

2262 5247 2330 5301 ad
2353 5245 2817 5320 valedicendum.
2845 5263 3148 5320 carumque
3171 5249 3487 5303 orationum
3510 5252 3845 5320 peculiarem

2265 5314 2588 5390 methodum
2621 5316 2785 5390 nobis
2819 5314 3191 5390 tradiderunt.
3241 5327 3302 5373 ut
3336 5321 3444 5390 jam
3478 5314 3705 5390 pridem
3745 5332 3848 5374 mo-

2266 5387 2360 5462 nui
2400 5386 2452 5462 in
2471 5385 2942 5462 Adnotationibus
2966 5388 3317 5462 Eusebianis,
3336 5385 3381 5459 'p
3402 5385 3642 5462 13.390,
3668 5398 3786 5448 not.
3811 5402 3843 5442 ι.

2266 5457 2399 5522 Quae
2430 5456 2518 5512 hic
2548 5464 2798 5526 repetere
2833 5457 3176 5528 superﬂuum
3218 5456 3373 5530 puto'.

2037 5595 2415 5655 VMiiORUM.

653 5695 732 5765 (4}
763 5697 1051 5765 ’ᾔθεσιυκ
1086 5684 1273 5770 Scribe
1303 5704 1551 5783 ᾔδεισαν.
1590 5710 1677 5765 ιγ.
1710 5708 1930 5763 Lowm.
