4038 6198
258 236 404 305 2Ἱ89

1185 241 1566 302 ΙΙῘΞΤΟΠΙΕ
1608 242 2203 302 ΕΩΠΙΕΞΙᾹΒΤΙΟΕ
2249 241 2476 300 LIBER
2515 241 2577 304 ιτ.

3397 239 3537 300 271i?)

261 355 439 422 μαίων
470 350 615 419 λέγει
665 349 842 418 φωνὴ,
879 349 994 418 μετ’
1025 348 1184 400 αὑτὸν
1218 350 1318 418 τὴν
1350 349 1644 420 ἀλουργῖδα
1687 367 1843 419 περι-

1952 350 2168 422 palaten
2202 359 2421 412 vocant,
2453 347 2637 402 statim
2669 354 2791 416 post
2822 345 2968 400 illius
2997 346 3208 400 obitum
3237 363 3542 416 purpuram

255 441 546 496 ϐάλλεται·
599 439 722 494 οὕτε
758 441 858 510 τὴν
913 439 1214 493 ἀποὸίωσιν
1261 441 1661 505 Ὶουστινιανοῦ,
1719 440 1842 494 οὔτε

255 533 354 605 τὴν
393 534 699 604 ἀνάρρησιν
725 531 1019 585 ’1ουστίνου
1049 531 1196 594 τινος
1220 533 1539 600 ἐγνωκότος,
1565 533 1706 604 πλὴν
1738 533 1844 586 τιῖιν

257 627 378 695 ἀμφ
428 624 614 684 αὑτὸν,
645 623 838 694 μέχρις
865 618 926 676 οὗ
976 625 1118 676 κατά
1144 625 1241 692 τὴν
1282 623 1650 694 ἱπποδρομίαν
1673 626 1844 694 ἐφάνη

257 718 327 770 τὰ
347 717 555 786 νόμιμα
578 716 678 785 τῆς
710 715 989 785 βασιλείας
1027 713 1242 785 δράσων
1273 731 1334 767 τε
1377 717 1470 768 καὶ
1502 715 1842 786 πεισόμενος.

273 809 360 872 Ὠς
399 809 442 861 δ’
464 807 560 862 οὖν
585 807 762 860 ταῦτα
791 807 1006 875 γέγονε,
1037 806 1264 877 μηδενὸς
1307 807 1622 860 παντάπασι
1652 825 1846 860 νεωτεο·

260 897 562 970 ρισθέντος,
587 897 828 966 ἐπανῆκε
869 895 967 967 μὲν
1009 896 1152 950 κατά
1181 897 1281 967 τὴν
1307 898 1498 967 αὐλήν.
1534 898 1766 968 “pd:th
1791 898 1847 950 δέ

261 994 498 1046 ποιεῖται
550 990 820 1055 κέλευσιν,
873 990 1000 1052 τοὺς
1049 990 1336 1060 ἀπανταχῆ
1397 989 1849 1058 συνειλεγμένους

261 1083 442 1153 ἱερέας
462 1082 576 1152 (18)
602 1083 856 1150 ἀφιεῖσαν
889 1083 1028 1150 πρὸς
1051 1081 1178 1143 τοὺς
1211 1081 1451 1144 οἰκείους
1479 1079 1728 1151 θρόνους,
1764 1081 1846 1148 ἐφ’

260 1167 304 1241 ᾧ
328 1171 400 1224 τὰ
444 1171 673 1224 εἰωθότα
713 1169 1066 1242 Θρησκεύειν,
1099 1170 1324 1240 μηδενὸς
1363 1172 1492 1240 περὶ
1533 1171 1632 1243 τὴν
1662 1173 1848 1226 πίστιν

260 1263 789 1335 καινουργουμένου.
850 1263 960 1316 Καὶ
999 1263 1160 1316 τοῦτο
1216 1264 1316 1333 μὲν
1366 1264 1644 1333 ἀξιόλογον
1701 1264 1848 1334 αὑτῴ

261 1355 534 1426 ἐπράχθη.
586 1350 696 1407 Ἦν
725 1354 781 1407 δέ
822 1371 886 1424 γε
936 1355 1029 1408 τὸν
1065 1354 1182 1424 βίον
1233 1355 1705 1427 ὲκδεδιῃτημένος,
1753 1357 1847 1410 καὶ

258 1451 490 1520 τρυφαῖς
542 1447 787 1518 ἀτεχνῶς
817 1449 912 1500 καὶ
939 1447 1160 1518 ἡδοναῖς
1207 1447 1460 1510 ἐκτὸποις
1508 1447 1849 1515 ἐγκαλινδού-

263 1557 460 1611 μενος·
509 1535 810 1610 ἀλλοτρίων
840 1555 898 1591 τε
947 1539 1248 1608 χρημάτων
1291 1538 1554 1610 διάπυρος
1589 1540 1844 1610 ἐραστὴς,

259 1633 335 1696 ὠς
364 1633 544 1687 πάντα
599 1631 828 1702 κέρδους
884 1631 1126 1700 ἀθέσμου
1164 1631 1523 1701 ἁπεμπολεῖν,
1573 1632 1707 1701 μηδέ
1756 1631 1849 1684 ἐπὶ

1950 420 2206 509 sdtnpsit,
2231 454 2356 493 cum
2380 453 2482 493 nec
2507 436 2721 490 obitum
2747 435 3071 498 Justiniani,
3089 451 3191 490 nec
3209 437 3540 491 electionem

1947 531 2148 587 Justini
2177 531 2469 600 quisquam
2499 529 2684 583 adhuc
2743 536 2951 592 nosset,
2989 537 3189 597 przeter
3217 531 3340 598 ejus
3381 529 3543 582 fami-

1947 624 2137 688 liares,
2188 623 2368 677 donec
2421 623 2474 674 in
2521 620 2753 674 circensi
2812 619 3128 690 spectaculo
3166 619 3444 689 apparuit,
3478 635 3542 673 ea

1950 715 2442 787 quaeimpcratoris
2473 724 2602 768 sunt
2633 723 2861 766 acturus
2887 712 3125 767 simulet
3154 723 3540 782 suscepturus.

1949 809 2164 875 Quibus
2188 807 2453 878 peractis,
2489 821 2615 860 cum
2653 806 2788 859 nihil
2826 819 3051 875 prorsus
3075 813 3347 860 tentatum
3374 815 3539 866 esset,

1953 903 2070 972 ipse
2095 900 2318 972 quidem
2369 899 2425 954 in
2473 899 2739 969 palatium
2800 914 3084 968 regressus
3133 908 3238 953 est.
3293 898 3540 952 Primum

1953 1009 2088 1048 vero
2117 991 2359 1047 edictum
2379 989 2772 1060 promulgavit,
2792 1005 2904 1058 quo
2945 990 3188 1043 universi
3209 989 3303 1058 qui
3335 989 3541 1057 ubique

1951 1082 2267 1152 congregati
2295 1089 2453 1135 erant
2497 1079 2770 1149 episcopi,
2823 1078 2888 1132 ad
2939 1095 3068 1132 suas
3099 1078 3259 1132 sedes
3291 1077 3540 1133 dimitte-

1951 1175 2174 1232 bantur.
2212 1182 2270 1226 ut
2301 1180 2569 1227 consueto
2594 1187 2748 1226 more
2772 1171 2960 1224 divino
2989 1172 3162 1224 cultui
3184 1171 3536 1234 inservirent,

1951 1266 2103 1320 nttlla
2135 1281 2195 1319 re
2224 1265 2373 1320 circa
2408 1263 2572 1318 (Idem
2599 1263 2879 1317 innovate.
2915 1261 3284 1333 426Ethoe
3312 1261 3538 1330 quidem

1950 1359 2071 1428 ejus
2117 1357 2322 1411 factum
2369 1353 3064 1425 magnOperelaudandnm
3095 1364 3200 1408 est.
3233 1353 3340 1408 Sed
3391 1357 3538 1424 quod

1951 1451 2017 1504 ad
2045 1451 2212 1505 vitam
2233 1450 2354 1520 ejus
2379 1463 2442 1504 ac
2473 1463 2655 1502 mores
2674 1447 2894 1510 attinet,
2927 1447 3110 1499 mollis
3145 1447 3248 1501 fuit
3268 1462 3333 1501 ac
3360 1447 3541 1502 disso-

1952 1544 2139 1604 lutus,
2181 1549 2238 1596 et
2270 1541 2487 1596 deliciis
2528 1555 2592 1594 ac
2620 1538 2782 1592 foedis
2833 1539 3215 1607 voluptatibus
3262 1539 3536 1594 addictus.

1950 1635 2030 1689 Ad
2077 1635 2194 1688 hare
2232 1635 2425 1688 aliena:
2456 1633 2705 1703 pecunia:
2731 1641 2841 1686 tam
2871 1632 3184 1686 vehementi
3235 1632 3539 1701 cupiditate

257 1727 380 1787 ταῖς
415 1723 734 1796 ἱερωσύναις
763 1723 825 1775 τὸ
850 1722 1005 1776 Θεῖον
1021 1722 1250 1776 εὐλαϐοῦ
1261 1740 1438 1792 μενος,
1457 1721 1519 1786 ἀς
1543 1723 1655 1784 τοῖς
1681 1739 1847 1790 προσ-

1953 1726 2240 1794 llagrabat,
2282 1737 2338 1779 ιιι
2377 1726 2552 1795 iniqui
2576 1733 2818 1794 quaestus
2845 1739 3010 1778 causa
3046 1732 3240 1778 cuncta
3271 1723 3538 1778 divende-

260 1815 514 1885 τυχοῦσιν
539 1813 883 1885 ἐπίπρασκεν
904 1857 918 1878 ,
962 1813 1157 1877 ὠνίους
1189 1813 1283 1866 καὶ
1313 1813 1515 1875 ταύτας
1544 1813 1847 1881 ἀναφανδὸν

159 1896 172 1904 ’
261 1908 568 1978 τιθέμενος.
626 1907 830 1978 Θράσει
879 1907 934 1960 δέ
973 1908 1068 1960 καὶ
1115 1906 1288 1976 δειλίᾳ
1316 1908 1438 1968 ταῖς
1481 1905 1704 1968 κακίαις
1735 1907 1844 1974 (1‘))

263 1999 656 2071 κρατούμενος,
702 1999 922 2071 πρῶτον
943 1999 1232 2052 Ἰουστῖνον
1271 1997 1551 2068 προσγενῆ
1577 1998 1685 2067 (20)
1721 2015 1850 2066 τυγ-

264 2095 520 2164 χάνοντα,
555 2093 648 2148 καὶ
683 2093 819 2146 πολὺ
857 2092 1008 2156 κλέος
1055 2094 1207 2164 ποιρά
1254 2095 1420 2145 πᾶσιν
1475 2092 1688 2162 ἔχοντα,
1722 2090 1848 2161 περί
1879 2100 1888 2110 '

261 2203 323 2238 τε
353 2186 646 2256 ἐμπειρίαν
697 2184 952 2254 πολέμων
995 2187 1088 2239 καὶ
1118 2184 1216 2246 τάς
1244 2184 1408 2248 ἄλλας
1440 2183 1712 2249 ἀξιώσεις,
1753 2199 1840 2251 με-

262 2275 584 2345 τάπεμπτον
619 2277 877 2338 ποιεῖται,
901 2275 1044 2344 ἀμφὶ
1071 2274 1161 2327 τὸν
1199 2275 1412 2344 Ἴστρον
1443 2274 1541 2335 τὰς
1570 2272 1848 2343 διατριϐὰς

262 2369 608 2438 ποιούμενον,
624 2367 824 2430 καὶτὰς
843 2365 947 2418 τῶν
958 2365 1090 2420 ’Λϐά
1098 2385 1204 2435 ρων
1216 2366 1434 2420 διαϐἀσε
1445 2383 1489 2428 ις
1503 2365 1844 2434 ἀνείργοντα.

267 2460 457 2522 Ἐὃνος
472 2461 519 2512 οἱ
553 2459 692 2512 ’Δδα
703 2475 782 2529 ροι
806 2458 912 2511 τῶν
927 2459 983 2511 Ἀ
995 2456 1286 2528 μαξοόίων,
1308 2459 1416 2511 τῶν
1433 2458 1574 2528 ὑπὲρ
1592 2459 1683 2511 τὸν
1702 2457 1849 2510 Καύ-

263 2569 430 2605 κασον
442 2550 776 2606 τάἐπέκεινα
801 2550 958 2604 πεδία
996 2550 1392 2622 νεμομένωνψῖ
1416 2552 1539 2612 τοὺς
1565 2549 1845 2617 γειτνιῶν-

261 2663 360 2707 τας
371 2643 646 2715 Τούρκους
664 2645 997 2712 πεφευγότες
1019 2642 1097 2713 (2i
1111 2643 1150 2707 ),
1171 2645 1293 2696 ἐπεὶ
1309 2644 1493 2706 κακῶς
1508 2643 1643 2714 πρὸς
1671 2642 1846 2695 αὐτῶν

263 2733 660 2795 ἐπεπόνθεσαν,
702 2733 795 2784 ἐπὶ
828 2731 922 2784 τὸν
959 2732 1236 2803 Βόσπορον
1273 2733 1549 2800 ἀφίκοντο.
1603 2733 1712 2784 Καὶ
1749 2732 1847 2802 τὴν

259 2826 417 2898 ἠϊόνα
438 2825 531 2878 τοῦ
552 2823 809 2889 Εὐξείνου
834 2823 1176 2894 καλουμένου
1209 2824 1411 2877 Πόντου
1433 2824 1845 2887 καταλιπόντες,

261 2915 394 2969 ἔνθα
424 2918 593 2986 συχνὰ
644 2917 743 2987 μὲν
798 2916 926 2986 ἔθνη
971 2913 1326 2987 βαρϐαρικά·
1369 2915 1747 2987 ὲξῳκίσϐησαν
1791 2916 1847 2969 δέ

263 3009 360 3062 καὶ
420 3009 526 3061 ὑπὸ
566 3009 856 3079 Ῥωμαίων
882 3007 1063 3071 πόλεις
1106 3025 1164 3060 τε
1210 3007 1306 3061 καὶ
1366 3008 1722 3079 στρατόπεδα,
1759 3008 1847 3061 καί

260 3118 410 3153 τινες
458 3101 851 3171 προσορμίσεις
895 3099 1029 3171 (2‘2),
1075 3099 1108 3170 ἢ
1153 3101 1504 3170 στρατιωτῶν
1545 3101 1845 3170 ἀπομάχων

261 3191 585 3261 γινομένων,
616 3190 648 3261 ἦ
687 3191 782 3245 καὶ
807 3191 1076 3246 ἀποικιῶν
1097 3192 1234 3262 πρὸς
1267 3191 1375 3245 τῶν
1397 3191 1662 3262 βασιλέων
1693 3192 1845 3243 στελ-

259 3280 528 3352 λομένων,
569 3281 670 3350 τὴν
696 3279 956 3352 πόρευσιν
987 3281 1296 3347 ἐποιοῦντο,
1332 3284 1467 3336 πᾶσι
1504 3283 1613 3342 τοῖς
1641 3283 1696 3332 ἐν
1718 3281 1844 3332 ποσὶ⁸

1952 1823 2066 1878 ret;
2102 1829 2165 1868 ac
2214 1829 2282 1867 ne
2329 1813 2384 1866 in
2418 1812 2747 1867 sacerdotiis
2792 1811 3014 1880 quidem
3056 1811 3305 1864 divinutn
3335 1827 3536 1865 numen

1950 1915 2327 1969 revereretur,
2362 1920 2484 1974 qum
2508 1903 2685 1958 obviis
2704 1903 3016 1973 quibusque
3046 1904 3225 1972 pretio
3241 1903 3534 1967 vendebat,

1949 1997 2163 2052 venalia
2184 1997 2299 2051 lucc
2321 1997 2486 2051 etiam
2507 1996 2730 2066 publice
2753 2011 3094 2066 proponens.
3124 1996 3373 2066 Cumque
3402 1997 3539 2049 duo-

1951 2090 2055 2144 bus
2086 2090 2382 2143 contrariis
2415 2088 2585 2152 vitiis,
2627 2089 2857 2141 audaeia
2891 2097 2945 2142 ct
2979 2088 3191 2158 ignavia
3227 2089 3538 2158 implicatus

1951 2190 2268 2240 teneretur,
2332 2180 2571 2249 primum
2621 2179 2843 2248 quidem
2901 2180 3176 2234 Jttstinttm
3245 2192 3536 2250 cognatum

1951 2289 2112 2327 suum
2169 2272 2233 2325 ad
2268 2288 2326 2326 se
2379 2271 2650 2335 evocavit,
2711 2271 2803 2341 qui
2843 2272 2896 2325 in
2938 2288 3130 2341 magna
3175 2273 3350 2341 gloria
3392 2276 3570 2342 apud.

1949 2381 2142 2418 omnes
2173 2373 2313 2429 erat,
2351 2373 2464 2418 tum
2497 2364 2566 2418 ob
2597 2364 2846 2433 peritiam
2882 2364 2960 2418 rei
2993 2365 3270 2427 militaris,
3320 2374 3432 2420 tum
3466 2368 3537 2420 ob

1951 2457 2196 2526 reliquas
2233 2472 2368 2526 quas
2395 2465 2637 2527 gesserat
2665 2456 2978 2526 dignitates.
3016 2457 3065 2510 Is
3093 2464 3205 2510 tum
3241 2458 3309 2511 ad
3357 2459 3540 2511 Danu-

1949 2551 2101 2605 bium
2135 2551 2480 2614 morabatur,
2507 2558 2562 2604 et
2591 2549 2804 2603 Abaros
2844 2567 2871 2602 a
2900 2551 3136 2604 transitu
3176 2551 3423 2606 ilntninis
3447 2570 3536 2606 ar-

1951 2640 2131 2693 cebat.
2169 2638 2306 2693 Sunt
2335 2648 2518 2693 autem
2551 2638 2738 2698 Abari,
2765 2636 3090 2709 Scytharum
3123 2657 3256 2709 gens
3288 2642 3341 2695 in
3380 2643 3539 2712 plau-

1951 2732 2082 2786 stris
2122 2731 2466 2800 degentium,
2499 2730 2592 2798 qui
2631 2745 2853 2798 campos
2885 2732 3026 2785 ttltra
3070 2731 3376 2788 Caucasum
3405 2735 3540 2788 sitos

1952 2823 2288 2878 incolebant.
2331 2823 2394 2877 lli
2443 2838 2566 2876 cum
2594 2837 2622 2875 a
2651 2821 2867 2884 Turcis,
2925 2822 3172 2879 ﬁnitimis
3217 2826 3352 2888 suis,
3388 2842 3536 2895 gravi

1949 2915 2282 2970 detrimento
2315 2912 2500 2967 aﬂ'ecti
2529 2921 2734 2976 essent,
2757 2913 2969 2967 relictis
3006 2914 3220 2969 :cdibus
3248 2916 3384 2980 suis,
3413 2917 3537 2969 uni-

1949 3006 2096 3059 versi
2121 3021 2246 3059 cum
2291 3005 2560 3058 uxoribus
2585 3019 2649 3059 ac
2687 3004 2882 3058 liberis
2913 3005 2978 3057 ad
3022 3005 3324 3075 Bosporum
3373 3024 3540 3062 vene-

1953 3104 2104 3149 runt.
2145 3095 2353 3150 Deinde
2392 3095 2599 3149 relictis
2640 3094 2919 3149 littoribus
2969 3095 3170 3150 Euxini
3219 3097 3402 3158 Ponti,
3445 3097 3538 3151 ttbi

1951 3187 2138 3241 multa:
2166 3185 2390 3256 quidem
2416 3185 2662 3240 barbarie
2692 3186 2937 3239 habitant
2962 3196 3185 3256 gentes;
3223 3187 3389 3242 urbes
3411 3204 3541 3243 vero

1950 3290 2008 3334 et
2037 3289 2217 3335 castra
2248 3294 2312 3334 ac
2347 3278 2615 3333 stationes
2646 3279 2897 3348 quaedam
2944 3295 2972 3333 a
3003 3279 3266 3334 Romanis
3304 3278 3543 3336 conditae.

1468 3418 1734 3473 VALESH
1775 3414 2338 3473 ANNO'I'ATIONES.

411 3511 616 3566 Fratris
637 3511 689 3565 in
711 3511 1010 3580 obsequium
1039 3512 1274 3582 gaudens
1305 3512 1591 3566 Marcellus
1616 3513 1814 3565 abibat.

407 3583 810 3652 Dispositorque
840 3599 1002 3637 novus
1030 3599 1198 3637 sacra:
1229 3583 1533 3636 Baduarius
1581 3583 1744 3645 aula',

405 3651 683 3710 Successor
721 3651 913 3716 soceri,
949 3653 1120 3722 {actus
1155 3670 1278 3707 mox
1311 3652 1680 3724 Cut'opalutcs.

339 3746 412 3800 De
461 3746 564 3800 hac
594 3760 761 3800 aurea
790 3744 943 3814 virga
976 3761 1097 3814 qua:
1135 3746 1566 3814 imperatoribus
1593 3745 1857 3801 Romanis

264 3817 515 3888 praeferri
533 3823 940 3888 consueverat,
975 3817 1240 3888 loquitur_
1268 3816 1472 3888 Paulus
1490 3816 1854 3888 Silentiarins

265 3885 320 3942 in
366 3885 737 3956 descriptione
763 3886 950 3956 templi
975 3887 1188 3944 Sancta:
1215 3885 1454 3956 Sophim,
1489 3886 1633 3941 haud
1661 3887 1852 3956 procul

262 3957 334 4012 ab
369 3957 551 4012 initio.

689 4081 758 4121 —,-
785 4077 854 4121 .-
888 4078 958 4090 -
1013 4047 1343 4121 ὀρνύμενος
1389 4047 1496 4121 γόρ

278 4121 369 4182 *Ως
397 4118 675 4192 θέμις-οὐκ
707 4118 974 4192 ἀνέμιμνε
1009 4118 1365 4192 συνέμπορον
1389 4118 1745 4192 ἀσπιδιώτην,

263 4193 338 4244 0'3
377 4187 614 4261 χρυσοῦν
636 4205 759 4243 τινα
785 4187 982 4260 ῥάϐδον
1006 4231 1020 4254 ,
1057 4187 1155 4242 ἀεῖ
1180 4187 1543 4258 πρὸκέλευθον
1582 4187 1851 4244 ἀνάκτων.

337 4282 530 4352 Neque
550 4280 696 4335 cnitn
723 4279 999 4334 assentior
1019 4279 1342 4352 doctissimo
1366 4281 1508 4345 viro,
1537 4281 1629 4352 qui
1653 4296 1852 4352 aureas

266 4368 495 4407 secures
523 4351 922 4420 interpret—atus
952 4359 1055 4404 est.
1089 4353 1164 4404 Ac
1198 4351 1436 4420 primum
1474 4351 1699 4420 quidem
1733 4351 1847 4406 lucc

264 4398 507 4493 aiatait;
524 4398 766 4493 latitia
777 4398 824 4483 ιζ’
836 4398 1055 4493 ginis;
1068 4398 1337 4490 quie'erat
1351 4398 1460 4475 Elii)
1478 4398 1847 4491 dispositione
1881 4398 1923 4452 ι)

263 4491 582 4547 castrensis
609 4493 748 4562 sacri
776 4491 984 4562 palatii.
1020 4491 1216 4545 Postea
1245 4507 1378 4562 vero
1406 4507 1620 4545 summa
1653 4493 1842 4562 palatii

266 4563 507 4632 dignitas
553 4561 746 4617 haberi
795 4561 983 4632 cmpit,
1029 4577 1096 4615 ex
1125 4576 1234 4629 quo
1272 4561 1522 4632 Justinus
1551 4561 1844 4617 Iustiniani

267 4631 443 4704 nepos
465 4648 585 4704 eam
620 4631 804 4702 gessit.
859 4631 984 4685 Fuit
1005 4641 1196 4704 autem
1229 4631 1410 4686 civilis
1439 4631 1560 4704 htcc
1583 4632 1843 4702 dignitas,

265 4701 379 4758 non
417 4701 693 4767 militaris,
732 4711 793 4755 ttt
830 4701 1045 4773 putavit
1077 4703 1438 4773 Alemannus,
1469 4703 1564 4771 qui
1601 4701 1843 4773 coropa-

259 4774 432 4830 latem
475 4789 602 4828 cum
638 4773 840 4828 comite
891 4772 1277 4828 excubitorum
1321 4775 1572 4827 contudit
1605 4773 1657 4826 in
1689 4772 1846 4829 Natis

261 4843 334 4898 ad
379 4843 635 4913 Proe0pii
665 4843 946 4899 ἀνέκδοτα.
1007 4912 1022 4913 7
1195 4846 1197 4850 '

343 4915 456 4984 (18)
512 4912 659 4978 Τοὺς
710 4912 1029 4984 ἁπανταχῇ
1075 4913 1593 4984 συνειλεγμένους
1632 4913 1843 4981 Ιερέας.

261 4981 614 5054 Nicephorus
644 4985 698 5038 in
724 4998 847 5054 cap.
868 4983 936 5035 ’55
970 4982 1068 5054 lib.
1096 4998 1229 5045 xvu,
1287 4981 1403 5054 lucc
1434 4984 1650 5054 Evagrii
1678 4986 1845 5039 verba

261 5052 484 5124 accepit
512 5053 580 5108 de
615 5052 908 5124 episcopis,
941 5053 1034 5124 qui
1067 5069 1166 5123 pro
1189 5052 1498 5124 rectmﬂdei
1525 5052 1845 5109 defensione

262 5123 419 5180 varia
459 5125 512 5178 in
568 5123 686 5179 loca
730 5124 954 5193 relegati
1009 5123 1228 5176 fuerant
1275 5138 1303 5176 a
1349 5123 1684 5178 Jttstiniano.
1739 5126 1844 5180 Sed

263 5195 499 5250 verbum
525 5194 658 5248 illud
683 5193 1128 5264 συνειλεγμένους
1159 5194 1300 5248 hanc
1333 5194 1844 5264 interpretationem

263 5267 412 5320 ferre
436 5281 545 5320 non
574 5272 775 5335 potest.
808 5263 998 5335 Itaque
1025 5263 1562 5333 Christophorsonus
1599 5265 1745 5319 htmc
1769 5266 1848 5319 lo-

263 5352 393 5391 cum
424 5334 785 5406 interpretari
835 5334 1031 5388 maluit
1078 5335 1146 5389 de
1186 5335 1586 5406 episcopisiqui
1637 5349 1702 5388 ex
1729 5350 1847 5406 om-

264 5407 434 5461 nibus
469 5405 607 5460 locis
636 5407 889 5459 in‘unum
919 5407 1234 5475 congregati
1270 5415 1427 5460 erant
1455 5405 1845 5460 Constantino-

263 5477 402 5546 poli.
455 5477 561 5532 Sed
620 5491 796 5546 neqtte
847 5475 988 5528 hanc
1045 5477 1559 5544 interpretationem
1609 5476 1846 5546 probare

263 5545 513 5616 possum.
560 5545 1001 5614 cum'Evagrius
1051 5547 1339 5616 episcopos
1374 5547 1500 5600 illos
1534 5545 1642 5600 non
1700 5545 1847 5601 dicat

263 5617 530 5689 collectos
576 5617 745 5689 fuisse
793 5616 1318 5689 Constantinopoli,
1369 5617 1464 5671 sed
1521 5618 1842 5689 ἀπανταχῆ,

262 5687 324 5743 id
353 5699 439 5743 est
487 5687 748 5742 omnibus
790 5688 845 5740 in
883 5687 1036 5741 locis.

2029 3512 2139 3582 (i9)
2187 3511 2320 3578 Ταῖς
2376 3513 2632 3576 κακίαις.
2668 3512 2868 3566 Deesse
2921 3511 3142 3565 videtur
3191 3511 3414 3580 aliquod
3443 3529 3540 3566 vo-

1955 3581 2236 3646 cabulum,
2277 3583 2422 3651 quod
2471 3583 2716 3651 suppleri
2781 3592 2962 3651 potest
3007 3581 3112 3636 hoc
3175 3588 3359 3643 modo,
3417 3589 3542 3642 ταῖς

1955 3654 2378 3715 ἐναντιωτάταις
2425 3654 2671 3714 κακίαις.
2711 3653 2889 3721 Atque
2955 3653 3025 3705 ita
3074 3653 3268 3722 legisse
3323 3653 3542 3706 videtur

1954 3723 2515 3791 ChristOphorsonus.

2029 3792 2140 3861 (ΞΟ)
2203 3791 2528 3844 Ἰοιιστῖνον
2585 3791 2917 3859 προσγενῆ.
2976 3791 3095 3845 Fuit
3149 3791 3240 3845 hic
3287 3793 3540 3848 Justinus

1955 3861 2218 3916 Germani
2271 3861 2480 3932 patritii
2539 3862 2721 3922 titius,
2773 3863 3142 3932 consobrinus
3191 3862 3540 3930 imperatoris

1956 3933 2183 3995 Justini,
2209 3931 2280 3985 ut
2305 3932 2499 3986 scribit
2528 3932 2769 3987 Joannes
2797 3931 3146 3985 Bielaricns-is
3175 3932 3225 3985 in
3257 3933 3534 3990 Chronico.

1955 4003 2262 4057 Germanus
2281 4000 2528 4071 quidem,
2551 4012 2605 4057 et
2628 4002 2880 4056 Justinus
2909 4001 3097 4069 jnnior
3116 4004 3331 4071 cognati
3356 4017 3536 4058 erant.

1957 4073 2093 4126 Nam
2129 4072 2436 4127 Germanus
2490 4088 2663 4142 nepos
2708 4080 2827 4125 erat
2881 4072 3176 4126 Justiniani
3229 4088 3296 4126 ex
3342 4074 3534 4128 fratre.

1953 4143 2207 4199 Justinus
2291 4158 2424 4196 vero
2489 4140 2792 4213 imperator
2863 4143 3006 4196 lilius
3053 4151 3172 4197 erat
3231 4140 3558 4212 Vigilantize‘

1955 4215 2162 4269 sororis
2203 4213 2520 4268 Justiniani.
2557 4215 2828 4268 Caeterum
2863 4213 2952 4267 hic
2984 4213 3235 4267 Justinus
3275 4213 3532 4269 Germani

1953 4285 2100 4338 ﬁlius
2150 4284 2497 4338 consulatum
2521 4291 2764 4353 gesserat
2792 4299 2938 4336 anno
2970 4283 3172 4338 Christi
3211 4283 3332 4338 540.
3369 4285 3534 4339 Eunt-

1952 4357 2075 4409 dem
2107 4354 2455 4425 Justinianus
2484 4353 2784 4425 imperator
2818 4354 3135 4425 magistrum
3169 4355 3404 4408 militum
3439 4373 3536 4425 per

1952 4426 2272 4480 Colchidem
2322 4433 2377 4476 et
2411 4424 2723 4478 Armeniam
2759 4424 2812 4476 itt
2844 4425 3023 4478 locum
3064 4424 3279 4478 Martini
3310 4424 3534 4480 creave-

1955 4507 2061 4558 rat,
2097 4495 2367 4550 utscribit
2391 4495 2651 4564 Agathias
2684 4495 2735 4547 in
2766 4495 2861 4547 lib.
2893 4510 2977 4560 tv;
3004 4504 3192 4564 postea
3216 4511 3350 4550 vero
3378 4511 3535 4550 eutn-

1955 4569 2082 4621 dem
2134 4565 2452 4636 magistrum
2497 4565 2753 4636 illlilitlltll
2802 4565 3082 4636 fecitper
3135 4565 3425 4636 Thracias,
3477 4579 3535 4620 ttt

1955 4637 2120 4762 ἕδεσι
2147 4635 2451 4694 Menander
2484 4635 2775 4690 Protector
2809 4635 2864 4688 in
2909 4635 3006 4690 lib.
3046 4650 3059 4687 ι
3103 4635 3373 4700 ΙΙίειοιοὶαι,
3408 4654 3530 4708 pag.

1953 4710 2042 4762 99.

2029 4776 2141 4846 (2|)
2186 4777 2333 4842 Τοὺς
2388 4775 2768 4846 γειτνιῶντας
2810 4777 3106 4846 Τοιτρκοιμος
3142 4777 3528 4844 πεφευγότες,

1954 4845 2202 4914 Qualiter
2230 4845 2440 4902 Abares
2471 4847 2556 4901 isti
2615 4863 2644 4899 a
2670 4845 2866 4900 Turcis
2892 4847 3133 4916 superati
3168 4846 3222 4899 in
3254 4847 3530 4916 Eumpatn

1955 4933 2016 4972 se
2073 4920 2406 4987 receperint,
2447 4917 2616 4972 reicit
2664 4916 3108 4988 'l‘hcophylactus
3149 4917 3447 4972 Simocatta
3480 4917 3531 4970 in

1953 4989 2051 5042 lib.
2106 5005 2199 5050 vn,
2237 5005 2356 5058 cap.
2411 4989 2461 5041 7.

2028 5059 2139 5129 (‘22)
2181 5056 2668 5129 Κιιίήτινεςςιρύς
2709 5057 3016 5129 ὁρμήσας.
3064 5056 3531 5129 ΑριιιίᾃΝἰςίῚτΙιο-

1956 5127 2079 5183 rum
2113 5130 2167 5181 in
2216 5144 2337 5198 cap.
2389 5129 2458 5181 54
2505 5127 2600 5182 lib.
2631 5143 2761 5188 xvtt,
2799 5138 2854 5181 et
2897 5128 2949 5180 in
2991 5129 3182 5182 codice
3221 5127 3532 5198 Telleriano

1955 5198 2221 5277 scribitur
2247 5197 2361 5277 una
2375 5213 2508 5252 voce
2529 5197 3113 5277 προτορμίσεις,ῃυοᾳ
3144 5197 3317 5277 magis
3338 5199 3528 5277 probo.

1955 5271 2155 5323 Totum
2186 5284 2316 5323 vero
2347 5268 2496 5322 hunc
2529 5268 2710 5322 locum
2743 5268 2814 5320 ita
2849 5269 3200 5321 scribendum
3231 5269 3486 5322 existimo
3516 5285 3530 5322 :

1962 5340 2130 5394 Ἔνθα
2156 5339 2324 5409 συχνὰ
2345 5338 2444 5408 μὲν
2469 5339 2595 5406 ἔθνη
2626 5336 2938 5409 βαρϐαρικά
2967 5337 3340 5408 ἐξῳκίσοησαν
3359 5354 3372 5368 ο
3405 5339 3534 5409 ᾠκί-

1956 5410 2164 5478 σθησαν
2194 5407 2255 5462 δέ.
2281 5407 2374 5480 καὶ
2407 5409 2512 5460 ὑπὸ
2533 5407 2829 5480 ,Ῥωμαίων
2861 5407 3050 5470 πόλεις
3087 5426 3145 5460 τε
3182 5409 3274 5480 καὶ
3307 5407 3538 5480 στρατό-

1956 5477 2110 5540 πεδα,
2137 5487 2243 5533 etc.
2279 5479 2335 5532 Id
2358 5487 2440 5533 est
2475 5495 2486 5530 :
2527 5477 2826 5550 Πίιὶνιιιιιίιαν
2855 5479 3064 5547 quidem
3096 5479 3340 5533 barbarw
3362 5477 3540 5550 gentes

1955 5553 2148 5605 relictis
2179 5551 2382 5604 sedibus
2412 5551 2520 5602 suis
2550 5549 2824 5610 habitant;
2865 5550 3013 5602 urbes
3053 5566 3173 5603 vero
3202 5560 3248 5604 et
3284 5549 3468 5605 cuStra
3490 5557 3544 5605 ct

1955 5625 2207 5677 stationes
2261 5640 2291 5675 (ι
2326 5621 2578 5675 Romanis
2621 5620 2832 5673 condita
2871 5630 3014 5677 sunt.
