4038 6198
395 185 551 249 '2705

1575 179 1888 244 EVAGRII
1931 180 2170 240 SCIIQL
2191 181 2418 240 \STICI

3534 183 3600 244 Ξῖ
3611 183 3678 244 υῦ

404 301 662 371 relinquo
685 298 863 364 vobis,
895 318 916 352 ι
943 297 1092 354 idem
1107 295 1364 354 Christus
1382 292 1658 348 universis
1677 289 1994 346 hominibus

2112 291 2242 352 Ίινὸς
2269 291 2426 360 ἡμῶν
2457 291 2610 355 Θεός.
2643 309 2662 345 ι
2699 291 2936 363 Εἰρήνην
2963 291 3060 360 τὴν
3091 290 3230 362 ἐμὴν
3256 292 3454 363 ἀφίημι
3473 293 3625 364 ὑμῖν,
3653 316 3672 348 ο

402 391 686 462 ρταιὰἰεοι.
731 387 888 446 istud
931 404 1098 460 porro
1131 387 1268 442 nihil
1300 383 1448 439 aliud
1496 383 1602 436 sibi
1637 383 1774 444 vult,
1823 393 1988 449 quam

407 491 467 537 ut
493 495 685 536 omnes
721 479 816 550 qui
847 479 904 533 in
941 479 1122 548 ipsum
1147 475 1404 538 credunt,
1433 471 1490 525 in
1519 485 1682 524 unam
1713 469 1990 524 eamdem—

406 591 514 644 que
575 572 879 628 Ecclesium
939 570 1293 626 conveniant.
1351 573 1406 621 et
1456 566 1512 619 in
1555 572 1704 618 recta
1765 561 1990 630 quidem

399 665 846 720 Christianorum
875 661 983 716 {ide
1017 661 1143 714 inde
1175 660 1319 712 inter
1349 673 1407 711 se
1433 653 1802 716 consentiant,
1836 667 1994 706 aver-

405 765 600 811 sentur
651 763 832 810 autem
867 769 962 808 eos
994 752 1089 822 qui
1146 747 1426 805 contraria
1475 746 1672 802 dicunt
1719 752 1814 798 aut
1868 757 1996 798 sen-

409 847 573 900 tiunt.
595 845 778 900 Prima
801 842 948 896 enim
980 841 1132 894 salus
1163 837 1379 892 cunctis
1405 832 1727 888 hominibus
1757 839 1839 884 est
1864 844 1994 884 con-

409 938 622 1000 stituta,
659 944 822 989 recta:
875 931 1002 988 ﬁdei
1034 929 1336 986 confessim
1396 924 1666 992 Quocirca
1713 937 1816 975 nos
1859 935 1995 990 quo-

409 1044 514 1097 que
538 1025 852 1096 evangelica
881 1030 1154 1095 przecepta
1182 1030 1238 1075 et
1267 1032 1488 1074 sacrum
1516 1013 1844 1086 Symbolum
1879 1013 1992 1065 sive

410 1120 718 1174 doctrinam
766 1127 1082 1172 sanctorum
1133 1113 1357 1167 Patrum
1397 1117 1710 1171 sectantes,
1766 1111 1996 1160 cunctos

411 1211 695 1266 hortamur
711 1218 771 1264 ut
794 1209 862 1263 ad
895 1223 1057 1261 unam
1085 1204 1444 1272 eamdemque
1463 1199 1764 1256 Ecclesiam
1792 1213 1856 1252 ac
1875 1212 1997 1250 sen-

415 1305 640 1362 tentiam
675 1316 732 1356 se
759 1298 1051 1354 conferant
1083 1313 1095 1348 :
1133 1295 1425 1350 credentes
1471 1293 1525 1346 in
1555 1293 1773 1346 Patrem
1817 1298 1873 1344 et
1921 1289 2002 1342 Fi-

413 1395 546 1446 lium
580 1407 642 1446 ac
671 1390 940 1460 Spiritum
966 1395 1240 1452 sanctum,
1271 1385 1600 1440 Trinitatem
1637 1380 2001 1436 consubstan-

413 1481 622 1543 tialem,
661 1492 824 1531 unam
871 1475 1162 1539 Deitatem,
1217 1487 1314 1526 seu
1349 1479 1604 1526 naturam
1631 1484 1696 1524 ac
1744 1467 2002 1522 substan-

419 1571 545 1626 tiam
570 1579 624 1626 et
653 1568 822 1624 verbo
846 1575 902 1622 et
947 1565 1130 1635 reipsa
1168 1581 1180 1617 :
1214 1579 1376 1618 unam
1413 1563 1548 1617 item
1569 1562 1678 1616 vim
1719 1569 1775 1616 et
1803 1567 2000 1630 poten-

2095 384 2121 432 ὁ
2143 383 2303 444 αὐτὸς
2323 382 2586 452 κηρύττει
2617 386 2786 438 πᾶσιν
2807 383 3138 454 ἀνθρώποις.
3157 383 3270 436 Οὐκ
3285 384 3412 436 ἄλλο
3433 385 3491 438 δὲ
3521 387 3682 440 τοῦτό

2093 474 2260 535 ἐστιν,
2290 473 2322 543 ἢ
2354 477 2478 537 τοὺς
2505 475 2856 538 πιστεύοντας
2889 477 2968 536 εἰς
2995 475 3176 540 αὐτὸν,
3199 478 3276 539 είς
3307 477 3436 547 μίαν
3463 479 3557 532 καὶ
3580 481 3678 550 τὴν

2093 566 2262 636 αὐτὴν
2277 567 2602 636 Ἐκκλησίαν
2621 569 2950 638 συντρέχειν·
2971 569 3408 638 ὁμοφρονοῦντας
3431 571 3532 641 μὲν
3549 572 3678 643 περὶ

2093 658 2191 726 τὴν
2219 657 2384 728 ὀρθὴν
2413 659 2520 711 τῶν
2559 661 2904 729 Χριστιανῶν
2935 661 3112 726 δόξαν,
3163 641 3684 732 ἀςττοιῐτρε‹,οομὲνονς·1

2093 750 2146 802 δὲ
2176 749 2300 812 τοὺς
2320 750 2580 804 τάναντία
2607 750 2865 818 λέγοντας
2900 753 2932 825 ἢ
2959 753 3311 818 δοξάζοντας.
3337 756 3382 807 Π
3391 755 3534 826 ρεῦτη
3561 759 3672 826 γὰρ

2099 838 2342 909 σωτηρία
2375 837 2684 912 καθέστηκε
2743 844 2909 896 πᾶσιν
2949 843 3282 914 ἀνθρώποις,
3319 847 3352 914 ἡ
3389 845 3489 914 τῆς
3514 845 3678 917 ὀρθῆς

2097 929 2332 991 πίστεως
2379 929 2662 998 ὁμολογία.
2689 933 2780 986 Διὸ
2824 933 2919 986 καὶ
2967 936 3128 1004 ἡμεῖς
3149 938 3263 998 τοῖς
3305 937 3682 1005 εὐαγγελικοῖς

2097 1021 3088 1094 κατακολουθοῦντεςπαραγγέλμασι,
3109 1027 3202 1080 καὶ
3218 1027 3294 1097 τῷ
3315 1029 3454 1097 ἁγίῳ
3473 1030 3544 1080 Συ
3553 1026 3684 1098 εἰὸὁο

2097 1114 2192 1184 λῳ,
2215 1116 2332 1184 ἦτοι
2357 1116 2640 1186 μαθήματι
2659 1116 2768 1170 τῶν
2789 1119 2957 1185 ἁγίων
2980 1119 3122 1172 Πατέ
3131 1137 3259 1190 ρων,
3283 1121 3418 1190 πρὸς
3435 1122 3562 1190 μίαν
3589 1125 3686 1176 καὶ

2098 1208 2196 1274 τὴν
2228 1205 2393 1278 αὐτὴν
2419 1205 2750 1277 Ἐκκλησίαν
2775 1225 2836 1262 τε
2877 1212 2970 1264 καὶ
2997 1213 3220 1282 γνώμην
3261 1215 3686 1286 προτρεπόμεθα

2101 1297 2308 1361 πάντας
2335 1299 2608 1352 συνελθεῖν
2626 1317 2638 1329 ·
2668 1301 3019 1364 πιστεύοντες
3045 1306 3126 1366 εἰς
3161 1306 3378 1378 Πατέρα
3431 1309 3528 1361 καὶ
3557 1309 3683 1362 Υἱὸν
3763 1343 3778 1364 ς

2101 1389 2196 1440 καὶ
2235 1389 2389 1458 ἅγιον
2423 1390 2664 1462 Πνεῦμα,
2711 1391 2918 1462 Τριάδα
2963 1397 3278 1464 ὁμοούσιον,
3314 1399 3444 1468 μίαν
3479 1399 3684 1471 Θεότη-

2102 1497 2168 1532 τα
2203 1481 2322 1552 ἦτοι
2363 1481 2523 1550 φύσιν
2557 1484 2652 1536 καὶ
2698 1483 2890 1536 οὐσίαν
2925 1485 3068 1556 λόγῳ
3098 1488 3190 1540 καὶ
3237 1490 3546 1561 πράγματι,
3591 1493 3688 1544 καὶ

2107 1572 2234 1642 μίαν
2265 1573 2498 1643 δύναμιν
2541 1577 2636 1628 καὶ
2675 1575 2924 1640 ἐξουσίαν
2963 1579 3058 1630 καὶ
3088 1580 3390 1647 ἐνέργειαν,
3425 1583 3484 1634 ὲν
3507 1583 3686 1653 τρισὶν

415 1665 546 1718 tiam
591 1671 646 1717 et
703 1660 1082 1730 operationem
1142 1657 1194 1710 in
1243 1655 1422 1710 tribus
1463 1651 1837 1708 subsistentiis
1887 1649 2003 1703 sive

2112 1664 2468 1716 ὑποστάσεσιν
2519 1666 2686 1735 ἤγουν
2749 1667 3064 1738 προσώποις
3116 1669 3461 1737 δοξάζοντες,
3521 1633 3602 1736 ait;
3651 1673 3688 1727 ἃ

415 1753 667 1824 personis
717 1751 1052 1806 credentes:
1103 1749 1157 1804 in
1189 1763 1326 1818 quas
1364 1746 1626 1816 baptizati
1677 1760 1906 1808 sumus,
1949 1743 2002 1796 in

416 1861 554 1915 quas
609 1843 940 1903 credimus,
1017 1849 1073 1894 et
1140 1839 1347 1908 quibus
1424 1836 1712 1908 conjuncti
1783 1849 1999 1889 sumus.

413 1937 693 1992 'Unitatem
747 1932 896 1986 enim
961 1931 1018 1983 in
1070 1928 1380 1990 Trinitate,
1437 1935 1493 1981 et
1559 1923 1887 1978 Trinitatem
1949 1921 2004 1975 in

413 2029 628 2084 unitate
693 2023 1032 2087 adoramus,
1079 2035 1200 2091 quae
1247 2018 1634 2074 admirabilem
1681 2016 1848 2071 habet
1882 2025 2004 2069 tum

419 2119 747 2174 divisionem
781 2155 796 2180 ,
871 2121 987 2167 tum
1047 2111 1378 2166 unitionem.
1430 2109 1710 2165 Unitatem
1780 2107 2004 2176 quidem

419 2219 690 2282 quantum
729 2205 798 2262 ad
843 2205 1112 2260 Deitatem
1145 2204 1262 2258 sive
1320 2201 1688 2258 substantiam
1744 2219 1756 2254 :
1812 2197 2008 2254 Trini-

421 2312 588 2360 tatem
643 2315 774 2356 vero
809 2305 1076 2370 quantum
1133 2295 1201 2351 ad
1245 2295 1610 2366 proprietates
1649 2293 1762 2349 sive
1823 2291 2006 2347 subsi-

419 2394 656 2450 stentias
703 2391 789 2445 vel
843 2403 1128 2459 personas.
1185 2385 1461 2440 Dividitur
1529 2383 1677 2438 enim
1730 2381 2004 2446 indivise,

422 2485 587 2557 429
645 2491 706 2538 ut
773 2482 846 2537 ita
911 2480 1204 2540 dicamus,
1271 2487 1328 2532 et
1385 2475 1736 2546 conjungitur
1811 2472 2006 2528 divise.

423 2589 604 2644 Unum
647 2586 796 2641 enim
837 2591 919 2638 est
961 2583 1016 2636 in
1063 2579 1264 2642 tribus,
1287 2579 1484 2634 Deitas
1531 2577 1744 2633 scilicet
1771 2593 1785 2629 :
1812 2585 1868 2631 et
1895 2583 2010 2630 tres

425 2705 596 2745 unum
641 2697 789 2752 sunt,
833 2685 888 2740 in
933 2685 1136 2754 quibus
1181 2682 1394 2738 scilicet
1428 2690 1514 2738 est
1542 2682 1751 2742 Deitas,
1791 2685 1908 2742 aut,
1949 2686 2008 2731 ut

425 2781 739 2838 accuratius
789 2779 1103 2849 loquamur,
1159 2791 1282 2846 quae
1327 2783 1456 2830 sunt
1513 2775 1746 2843 ipsamet
1799 2771 2006 2832 Deitas,

428 2876 601 2932 Deum
673 2873 915 2934 Patrem,
971 2870 1144 2925 Deum
1219 2867 1446 2932 Filium,
1508 2866 1680 2919 Deum
1740 2861 2006 2933 Spiritum

2107 1755 2538 1826 βεϐαπτίσμεθα,
2572 1759 2651 1821 είς
2683 1757 2718 1812 ἃ.
2752 1761 3223 1830 πεπιστεύκαμεν,
3257 1765 3352 1816 καὶ
3382 1758 3462 1827 οἷς
3486 1781 3689 1817 συντε-

2107 1848 2376 1916 τάγμεθα.
2437 1851 2664 1903 Μονάδα
2729 1853 2838 1920 γὰρ
2892 1853 2950 1904 ὲν
2974 1852 3186 1922 Τριὰδι,
3229 1853 3324 1906 καὶ
3371 1854 3576 1925 Τριάδα
3628 1856 3688 1906 ὲν

2111 1939 2294 2010 μονάδι
2323 1942 2752 2011 προσκυνοῦμεν,
2787 1943 3085 2012 παράδοξον
3107 1943 3332 2014 ἔχουσαν
3363 1946 3458 1998 καὶ
3491 1947 3590 2016 τὴν
3619 1947 3690 2000 δι·

2108 2034 2341 2102 αἰρεσιν,
2357 2035 2450 2086 καὶ
2471 2034 2568 2102 τὴν
2593 2033 2812 2090 ἕνωσιν.
2837 2036 3058 2088 Μονὰδα
3087 2036 3188 2106 μὲν
3210 2037 3350 2090 κατὰ
3381 2037 3482 2107 τὴν
3501 2038 3690 2091 οὐσίαν

2108 2125 2276 2194 ἤγουν
2309 2125 2552 2195 Θεὸτητα
2571 2141 2583 2155 ⁸
2613 2125 2820 2196 Τριάδα
2837 2125 2892 2179 δὲ
2925 2126 3066 2180 κατὰ
3096 2127 3196 2190 τὰς
3223 2127 3492 2198 ἰδιότητας
3521 2129 3692 2200 ἤγουν

2109 2216 2885 2289 ὑποστάσεις,ἧτοιπρόσωπα.
2909 2221 3330 2292 Διαιρεῖταιγὰρ
3343 2222 3688 2290 ἁδιαιρέτως.

2111 2307 2176 2360 ἵν’
2215 2307 2388 2372 οὕτως
2441 2312 2710 2380 εἴπωμεν,
2767 2312 2863 2366 καὶ
2915 2313 3250 2368 συνάπτεται
3317 2314 3690 2386 διῃρημένους.

2116 2399 2210 2452 Ἓν
2238 2399 2345 2469 γὰρ
2384 2401 2442 2454 ὲν
2468 2403 2643 2471 τρισὶν
2669 2403 2700 2472 ἡ
2739 2401 2963 2472 Θεότης,
3013 2405 3107 2456 καὶ
3153 2403 3220 2457 τὰ
3266 2405 3392 2476 τρία
3421 2403 3502 2470 ἓν,
3531 2404 3604 2458 τὰ
3633 2407 3694 2458 ἐν

2111 2481 2193 2550 οἷς
2228 2490 2259 2558 ἡ
2292 2489 2513 2559 Θεότης,
2541 2489 2572 2560 ἢ
2609 2493 2669 2544 τό
2701 2507 2765 2558 γε
2797 2492 3190 2562 ἀκριϐέστερον
3214 2494 3407 2554 εἰπεῖν,
3439 2493 3526 2564 ἆή
3555 2495 3692 2549 Θεό·

2109 2597 2237 2651 της·
2267 2581 2400 2635 Θεὸν
2429 2583 2520 2636 τὸν
2547 2583 2790 2653 Πατέρα,
2815 2583 2949 2638 Θεὸν
2980 2584 3072 2638 τὸν
3100 2586 3252 2646 Υίὸν.
3281 2587 3414 2640 Θεὸν
3443 2587 3504 2640 τὸ
3535 2589 3694 2656 ἅγιον

2113 2671 2358 2744 Πνεῦμα,
2385 2673 2510 2727 ὅταν
2541 2673 2777 2728 ἕκαστον
2820 2676 3114 2746 πρόσωπον
3138 2678 3262 2732 καθ’
3289 2679 3448 2732 ἑαυτὸ
3475 2679 3694 2750 θεωρῆο

2110 2779 2237 2818 ται·
2294 2765 2388 2818 τοῦ
2433 2766 2524 2819 νοῦ
2586 2767 2914 2838 χωρίζοντος
2962 2769 3030 2822 τὰ
3062 2768 3378 2842 ἀχώριστα·
3435 2771 3568 2826 Θεὸν
3622 2773 3698 2826 τὰ

2111 2856 2236 2926 τρία
2299 2857 2416 2928 μετ’
2495 2857 2741 2928 ἀλλήλων
2811 2859 3076 2930 νοούμενα
3111 2872 3125 2888 ·
3213 2862 3294 2934 τῷ
3373 2863 3523 2936 αὐτῷ
3591 2864 3696 2933 τῆς

429 2975 703 3028 sanctum,
732 2961 956 3032 quando
985 2959 1214 3032 singula:
1242 2971 1491 3028 persona:
1527 2969 1776 3009 seorsum
1820 2950 2006 3007 consi-

2113 2949 2381 3020 κινήσεως
2427 2951 2522 3032 καὶ
2577 2951 2678 3020 τῆς
2739 2950 2981 3019 φύσεως,
3047 2954 3236 3026 ἐπειδὴ
3301 2955 3405 3026 χρὴ
3453 2955 3546 3008 καὶ
3597 2955 3698 3008 τὸν

430 3059 718 3122 iterantur,
761 3055 962 3110 mentis
991 3052 1204 3108 scilicet
1235 3052 1352 3105 acie
1378 3065 1442 3104 ea
1465 3063 1589 3118 quae
1613 3043 2006 3116 inseparabilia

429 3157 558 3202 sunt
591 3153 904 3215 separante.
951 3145 1126 3199 Deum
1159 3155 1328 3196 unum
1362 3149 1476 3195 tres
1525 3153 1813 3208 personas,
1847 3135 2007 3191 simul

433 3242 765 3302 intellectas,
807 3237 877 3291 ob
912 3235 1168 3291 eumdem
1205 3241 1413 3288 motum
1442 3229 1810 3299 eamdemque
1841 3235 1972 3282 natu
1993 3257 2010 3268 -

435 3349 571 3386 ram.
611 3331 824 3401 Quippe
863 3337 920 3384 et
948 3341 1120 3382 unum
1161 3325 1334 3380 Deum
1379 3323 1632 3379 conﬁteri
1675 3328 1912 3392 oportet,
1957 3328 2012 3372 et

435 3436 548 3478 tres
601 3420 1014 3486 subsistentias,
1079 3417 1194 3472 sive
1253 3415 1624 3486 proprietates
1685 3411 2006 3484 prmdicare.

432 3517 774 3572 Conﬁtcmur
823 3528 955 3568 vero
1019 3511 1194 3582 ipsum
1249 3509 1593 3579 unigenitum
1647 3505 1850 3561 Filium
1915 3505 2008 3558 Dei

437 3611 605 3664 Deum
629 3605 894 3669 Verbum,
926 3605 1020 3674 qui
1052 3611 1178 3657 ante
1218 3601 1414 3656 smeula
1442 3609 1498 3654 et
1520 3599 1640 3653 sine
1671 3607 1914 3667 tempore
1947 3611 2013 3650 ex

436 3703 595 3756 Patre
627 3700 848 3770 genitus
876 3707 992 3762 est,
1027 3712 1137 3750 non
1175 3704 1360 3749 autem
1391 3693 1570 3748 factus
1611 3709 1624 3744 :
1665 3693 1718 3744 in
1750 3691 2014 3745 extremis

437 3794 634 3848 diebus
671 3801 898 3862 propter
931 3804 1034 3844 nos
1073 3797 1128 3844 et
1167 3795 1396 3858 propter
1433 3793 1676 3840 nostram
1717 3784 1950 3838 salutem
1984 3799 2014 3836 e

439 3885 577 3940 creto
623 3881 1002 3947 descendisse,
1043 3889 1102 3936 et
1141 3881 1484 3935 incarnatum
1523 3891 1644 3932 esse
1689 3891 1756 3930 ex
1805 3873 2013 3945 Spiritu

438 3987 629 4031 sancto
665 3984 719 4030 et
769 3991 836 4030 ex
881 3971 1116 4029 Domina
1164 3981 1376 4032 nostra,
1425 3977 1614 4023 sancta
1671 3977 1726 4022 et
1779 3967 2015 4037 gloriosa

439 4068 670 4138 Deipara
704 4083 769 4122 ac
805 4080 1024 4135 semper
1063 4063 1276 4134 virgine
1310 4060 1502 4124 Maria,
1535 4066 1592 4113 et
1631 4073 1698 4112 ex
1739 4057 1832 4111 illa
1861 4056 2014 4128 geni-

441 4169 576 4213 tum.
610 4159 710 4225 Qui
733 4167 820 4212 est
855 4156 1122 4212 Dominus
1159 4163 1348 4209 noster
1377 4152 1538 4208 Iesus
1569 4147 1845 4214 Christus,
1875 4163 2016 4203 unus

439 4267 468 4305 e
498 4263 684 4306 sancta
722 4249 1013 4313 Trinitate,
1037 4249 1128 4318 qui
1166 4262 1291 4301 cum
1315 4245 1476 4300 Patre
1506 4249 1561 4298 et
1583 4249 1771 4296 sancto
1806 4240 2014 4310 Spiritu

441 4341 798 4412 gloriﬁcatur.
833 4338 1022 4408 Neque
1063 4337 1212 4391 enim
1244 4343 1452 4405 quartae
1482 4347 1731 4402 personae
1757 4331 2017 4400 adjectio-

443 4447 566 4486 nem
597 4440 950 4486 sacrosancta
976 4427 1220 4482 Trinitas
1251 4425 1484 4494 accepit,
1513 4431 1802 4493 postquam
1831 4423 2014 4476 incar-

442 4531 602 4576 natus
634 4531 720 4576 est
757 4536 901 4574 unus
935 4535 965 4574 c
1003 4529 1191 4573 sancta
1223 4515 1517 4580 Trinitate,
1547 4513 1691 4568 Deus
1719 4511 1959 4568 Verbum
2001 4529 2012 4566 :

441 4611 535 4667 sed
563 4626 706 4666 unus
728 4609 985 4678 idemque
1007 4616 1092 4662 est
1123 4605 1392 4660 Dominus
1442 4609 1633 4656 noster
1663 4601 1823 4655 Jesus
1850 4599 2015 4656 Chri-

441 4713 577 4768 stus,
621 4699 1106 4758 consubstantialis
1153 4697 1374 4768 quidem
1405 4695 1515 4748 Deo
1557 4691 1704 4747 Patri
1751 4701 2015 4762 quantum

2113 3043 2208 3096 ἒνα
2270 3043 2402 3096 Θεὸν
2466 3041 2769 3112 ὁμολογεῖν,
2832 3045 2928 3096 καὶ
2981 3044 3080 3107 τὰς
3148 3049 3298 3116 τρεῖς
3362 3046 3698 3110 ὑποστάσεις

2113 3137 2280 3206 ἦγουν
2371 3135 2640 3206 ἰδιότητας
2740 3135 3057 3207 κηρύττειν.
3146 3138 3554 3208 Ὀμολογοῦμεν
3633 3139 3700 3192 δὲ

2115 3228 2300 3290 αὑτὸν,
2343 3228 2434 3278 τὸν
2478 3229 2739 3298 μονογενῆ
2773 3228 2899 3280 Υίὸν
2928 3229 3020 3282 τοῦ
3052 3229 3187 3282 Θεοῦ
3232 3231 3323 3284 τὸν
3350 3231 3483 3282 Θεὸν
3515 3231 3700 3299 Λόγον

2114 3320 2204 3372 τὸν
2229 3319 2334 3390 πρὸ
2357 3317 2567 3372 αἰώνων
2597 3321 2692 3372 καὶ
2724 3322 2968 3390 ἀχρόνως
3023 3325 3087 3374 ὲκ
3132 3322 3227 3374 τοῦ
3264 3302 3474 3392 Πατρὸς
3501 3340 3706 3394 γεννη-

2117 3408 2296 3470 θέντα,
2337 3409 2397 3462 οὐ
2434 3408 2749 3478 ποιηθέντα,
2791 3409 2880 3464 ἐπ’
2929 3413 3175 3480 ἐσχάτων
3207 3413 3264 3466 δὲ
3311 3413 3421 3466 τῶν
3465 3415 3706 3486 ἡμερῶν

2115 3501 2180 3554 δι’
2210 3502 2354 3572 ἡμᾶς
2382 3502 2472 3552 καὶ
2504 3499 2592 3554 διὰ
2629 3501 2728 3571 τὴν
2770 3503 3049 3574 ἡμετέραν
3097 3503 3371 3575 σωτηρίαν
3399 3505 3706 3559 κατελθόν-

2117 3611 2183 3646 τα
2211 3595 2273 3646 ὲκ
2299 3593 2405 3646 τῶν
2437 3593 2705 3660 οὐρανῶν,
2741 3595 2833 3648 καὶ
2867 3595 3219 3665 σαρκωθέντα
3265 3599 3328 3648 ἐκ
3375 3594 3706 3666 Πνεῦματος

2115 3685 2292 3753 ἁγίου,
2335 3687 2428 3739 καὶ
2469 3687 2570 3755 τῆς
2603 3687 2905 3757 Δεσποίνης
2935 3689 3093 3758 ἡμῶν
3137 3693 3236 3760 τῆς
3283 3691 3444 3756 ἁγίας,
3473 3689 3704 3754 ἐνδόξου

2117 3775 2380 3830 Θεοτόκου
2409 3777 2500 3828 καὶ
2535 3776 2898 3848 ἀειπαρθένου
2939 3773 3184 3849 Μαρίας,
3225 3780 3318 3831 καῖ
3361 3779 3708 3850 γεννηθέντα

2118 3865 2174 3930 ἐξ
2215 3866 2409 3936 αὐτῆς,
2436 3867 2492 3929 ὅς
2526 3867 2674 3918 ἐστιν
2703 3868 2730 3918 ὁ
2755 3867 2956 3938 Κύριος
2986 3868 3142 3938 ἡμῶν
3173 3867 3380 3938 Ἰησοῦς
3411 3871 3656 3941 Χριστὸς
3679 3876 3710 3927 6

2117 3953 2196 4024 εἷς
2245 3963 2340 4030 τῆς
2389 3959 2548 4028 ἁγίας
2591 3959 2844 4030 Τριάδος,
2905 3961 3362 4031 συνδοξαςόμενος
3391 3963 3469 4031 τῷ
3521 3965 3710 4035 Πατρὶ

2118 4053 2212 4104 καὶ
2275 4051 2353 4120 τῷ
2403 4051 2541 4120 ἁγίῳ
2592 4050 3025 4122 Πνεῦματιβθ).
3107 4053 3241 4106 Οὐδὲ
3263 4053 3374 4124 γὰρ
3431 4057 3710 4125 τετάρτου

2119 4142 2411 4214 προσώπου
2452 4143 2769 4215 προσθήκην
2800 4145 3091 4211 ἐπεδέξατο
3121 4147 3151 4216 ἡ
3197 4147 3328 4213 ἁγία
3373 4149 3570 4219 Τριὰς,
3601 4153 3715 4204 καὶ

2127 4235 2502 4306 σαρκωθέντος
2537 4235 2631 4290 τοῦ
2680 4237 2798 4300 ἑνὸς
2833 4237 2930 4306 τῆς
2971 4237 3132 4306 ἁγίας
3164 4240 3394 4310 Τριάδος
3427 4240 3565 4294 Θεοῦ
3595 4245 3718 4296 Λό-

2122 4345 2251 4396 γου·
2315 4328 2433 4381 ἀλλ’
2485 4327 2632 4382 ἐστιν
2693 4324 2773 4392 εἷς
2824 4330 3167 4404 καὶόαῦτὸς
3217 4335 3245 4385 ὁ
3277 4331 3481 4403 Κύριος
3541 4337 3720 4406 ἡμῶν

2134 4417 2341 4488 Ἰησοῦς
2371 4419 2628 4488 Χριστὸς,
2663 4418 2948 4490 ὁμοούσιος
2973 4419 3048 4491 τῷ
3079 4419 3196 4490 Θεῷ
3227 4423 3320 4476 καὶ
3351 4425 3524 4493 Πατρὶ
3557 4427 3722 4480 κατὰ

2121 4510 2217 4579 τὴν
2247 4510 2497 4580 θεότητα,
2529 4511 2622 4564 καὶ
2658 4511 2945 4580 ὁμοούσιος
2995 4513 3126 4584 ἡμῖν
3159 4513 3186 4565 ὁ
3220 4512 3384 4577 αὐτὸς
3427 4515 3570 4568 κατὰ
3603 4518 3722 4586 ’τὴν

2125 4601 2538 4672 ἀνθρωπότητα·
2568 4602 2809 4672 παθητὸς
2845 4606 3034 4674 σαρκὶ,
3083 4604 3177 4656 καὶ
3217 4605 3438 4673 ἀπαθὴς
3475 4609 3502 4659 ὁ
3540 4607 3726 4674 αὐτὸς

2125 4695 2182 4745 ἐν
2209 4691 2442 4763 θεότητι.
2465 4693 2539 4745 Οὐ
2563 4693 2674 4762 γὰρ
2696 4693 2854 4748 ἄλλον
2879 4694 2971 4748 τὸν
2991 4695 3123 4748 Θεὸν
3147 4695 3318 4766 Λόγον
3341 4697 3430 4751 τὸν
3453 4697 3726 4770 θαυματ-

1653 4859 1912 4918 VALESII
1947 4861 2503 4920 ANNOTATIONES.

517 4987 784 5059 ('50)_"0(;_
821 4985 951 5059 ξοςτι
999 4982 1079 5059 τῷ
1119 4981 1302 5059 "arpi
1381 4979 1477 5034 καὶ
1501 4977 1598 5059 τῷ
1625 4976 1771 5059 ᾀχίφ
1826 4977 2017 5059 Πνερτ

437 5047 788 5130 μαὶιςΑριιὶί
827 5053 1200 5130 Nicephorum
1231 5047 1308 5130 in__
1329 5067 1450 5121 cap.
1501 5050 1590 5130 ’5_5,
1620 5048 1734 5130 “lib.
1761 5047 2017 5130 μνη-ιιιιὶ

447 5115 551 5186 hoc
581 5115 784 5185 Justini
835 5115 1186 5194 imperatoris
1221 5115 1464 5178 edictum
1508 5115 2012 5194 dejide‘refertur2

443 5203 536 5256 hic
569 5201 725 5254 locus
767 5197 842 5250 ita
887 5187 1088 5264 legitur
1119 5194 1266 5264 :f’O;
1315 5195 1430 5246 ἐστι
1463 5191 1541 5260 τῷ
1573 5187 1748 5256 Πατρὶ
1801 5189 1894 5238 καὶ
1945 5191 2024 5258 τῷ

445 5271 584 5352 gqu
637 5266 916 5352 Πνεῦματι
949 5263 1101 5352 ίῑσρης.
1131 5263 1306 5344 Quam
1351 5264 1897 5352 lectionelrnsec‘utus
1932 5269 2016 5352 e'st

441 5328 994 5408 ChristOphoi-souus.
1025 5335 1115 5390 Sic
1136 5328 1284 5408 enim
1325 5335 1494 5408 vertit
1523 5330 1673 5408 :_Qui
1699 5333 1774 5380 est
1796 5328 2018 5408 aequalis

440 5411 600 5468 Patri
644 5398 693 5464 εὶ
733 5407 954 5478 Spiritui
985 5403 1392 5478 s_ancto;__Atqui
1417 5405 1522 5478 hoc
1544 5404 1666 5478 loco
1695 5411 1803 5478 non
1839 5398 2019 5467 agitur

434 5467 506 5538 de
533 5467 848 5548 equalitate
871 5475 1048 5548 Patris
1073 5491 1144 5548 ac
1161 5473 1282 5548 Filii
1315 5467 1331 5526 Ξ
1373 5474 1568 5548 sed_an
1597 5467 1850 5548 Christus
1875 5481 2018 5524 unus

431 5553 508 5610 sit
541 5541 616 5602 ei
659 5548 950 5604 Trinitate.
993 5545 1216 5601 Rectius
1251 5547 1435 5612 itaque
1481 5543 1630 5597 hunc
1673 5541 1852 5595 locum
1883 5551 2016 5612 sup—

428 5605 582 5696 plevi
609 5633 674 5672 ex
709 5617 918 5682 optimo
945 5617 1132 5669 codice
1165 5605 1486 5674 Florentino
1517 5615 1570 5670 in
1602 5612 1748 5666 hunc
1771 5605 2015 5660 modum.

2131 4978 2228 5052 ’ξος
2259 4978 2405 5052 ἐστιν
2438 4977 2701 5052 ὁΑΚύριος
2733 4977 2894 5052 {itif-'3‘:
2916 4977 3134 5052 ,Ἰησοῦς
3175 4978 3469 5052 ξρᾷστδςρ
3497 4975 3582 5044 εἷς
3615 4983 3728 5052 τῆς

2129 5048 2290 5115 ἁγίας
2336 5047 2595 5118 Τριαδος,
2637 5047 3093 5118 συνδοξαζόμενος
3130 5047 3440 5118 τῷίΠατρὶ
3483 5051 3582 5102 καὶ
3641 5047 3730 5118 τῷ

2129 5109 2278 5187 ἁγίῳ
2304 5109 2604 5186 Πνὲύματι.
2650 5109 2838 5173 Οοᾱθὶι
2872 5109 3054 5174 autem
3077 5109 3444 5174 'Tel'lerianus
3468 5119 3546 5174 ita
3577 5109 3734 5178 seri.—

2138 5200 2292 5259 ptum
2350 5187 2536 5261 habet,
2568 5189 2806 5261 §;_éottv
2838 5190 2894 5261 ἐν
2948 5189 3026 5258 τῷ
3063 5189 3254 5261 -Πατρὶ
3295 5191 3388 5242 καὶ
3441 5190 3522 5260 τῷ
3569 5194 3729 5261 ἁγίῳ

2124 5249 2436 5336 Ιίνεύῃματι..
2462 5249 2591 5328 [Sed
2610 5249 2615 5250 γ
2633 5258 2934 5314 Florentini
2973 5249 3210 5336 codicis"
3237 5249 3517 5336 scriptura
3552 5249 3730 5336 longe

2123 5327 2474 5410 an_t_el‘eren_da
2505 5337 2654 5410 "est;
2711 5330 3199 5410 quamncpnli_rmat
3245 5327 3602 5410 Justinianus
3655 5327 3712 5388 [ιι

2133 5400 2316 5454 edicto
2374 5397 2448 5470 _de
2501 5397 2646 5470 ﬁde,-
2683 5397 2804 5470 pag.
2859 5399 2964 5454 804
3001 5399 3244 5456 (ἰὴν-οηὶσὶ
3284 5401 3654 5458 Alexandrini
3711 5425 3728 5458 :

2122 5471 2302 5594 9?qu
2513 5468 2948 5526 verhadu'stinus
2971 5471 3170 5524 Junior
3191 5471 3244 5523 in
3273 5471 3518 5525 edictum
3548 5487 3728 5528 suum

2151 5557 2188 5592 Γ,
2213 5556 2275 5592 ns
2304 5556 2352 5590 llt
2381 5557 2390 5590 ι
2427 5579 2438 5590 .

2151 5556 2438 5592 Γληςιιιιιιι.
