4038 6198
483 239 623 302 2797

1343 267 1366 284 κ
1435 237 1842 312 ¹ΗΙΞΤΟΙΠΧΕ
1883 235 2474 296 ECCLESIASTlC/E
2513 230 2743 294 LIBER
2781 233 2842 297 V.

3599 235 3738 298 9.798

482 352 854 425 ουργήσαντα,
905 355 998 406 καὶ
1027 353 1184 408 ἄλλον
1225 352 1317 404 τὸν
1362 353 1601 404 παθόντα
1669 349 2013 419 ἐπιστάμεθα
2042 364 2054 378 ⁸

2171 349 2229 402 ad
2258 349 2631 413 divinitatem,
2660 348 3148 404 consubstantialis
3165 359 3350 403 autem
3376 349 3534 405 nobis
3561 365 3736 421 quan-

483 447 597 502 ἀλλ’
647 449 742 501 ἕνα
768 449 863 499 xat
902 447 993 499 τὸν
1035 445 1194 499 αὑτὸν
1232 443 1601 515 ὁμολογοῦμεν
1650 442 1854 512 Κύριον
1902 440 2059 510 ἡμῶν

495 537 703 608 Ἰησοῦν
746 536 979 606 Χριστὸν
1010 535 1101 588 τὸν
1150 533 1242 588 τοῦ
1287 533 1420 587 Θεοῦ
1461 535 1654 602 Λόγον,
1710 531 2061 603 σαρκωθέντα

482 627 813 689 καὶτελεεως
831 625 1349 696 ὲνανθρωπήσαντα,
1381 624 1474 677 xa‘t
1503 624 1620 686 ἐνὸς
1655 624 1746 676 καὶ
1773 622 1865 675 τοῦ
1896 621 2060 675 αὐτοῦ

483 720 550 772 τὰ
579 735 638 770 τε
677 717 949 786 θαύματα,
1008 718 1100 768 καὶ
1139 716 1207 768 τὰ
1257 716 1428 786 πάθη,
1469 716 1613 785 ἅπερ
1663 713 1925 775 ἑκουσίως
1955 714 2058 764 ὑπ-

484 810 668 879 έμεινε
715 809 877 880 σαρκὶ
903 808 988 861 διὰ
1035 807 1132 878 τὴν
1179 808 1452 878 ἡμετέραν
1513 806 1807 876 σωτηρίαν.
1844 805 1918 858 Οὐ
1953 803 2061 873 γὰρ

485 902 770 972 ἄνθρωπός
833 919 916 964 τις
970 903 1161 953 ἑαυτὸν
1198 902 1339 971 ὑπὲρ
1396 899 1552 970 ἡμῶν
1609 899 1877 951 δέδωκεν·
1944 896 2057 949 ἀλλ’

485 992 646 1053 αὐτὸς
697 993 724 1043 ὁ
757 991 888 1054 Θεὸς
944 991 1116 1059 Λόγος
1167 991 1452 1062 ἀτρέπτως
1493 990 1781 1060 γενόμενος
1853 988 2061 1058 ἄνθρω-

487 1097 625 1143 πος,
687 1080 748 1132 τό
819 1096 878 1131 τε
948 1079 1194 1132 ἑκούσιον
1267 1081 1458 1144 πάθος,
1523 1083 1616 1133 καὶ
1677 1079 1768 1132 τὸν
1833 1079 2060 1133 θάνατον

486 1174 626 1242 ὑπὲρ
676 1174 834 1243 ἡμῶν
881 1174 1050 1244 σαρκὶ
1121 1173 1470 1240 κατεδέξατο.
1531 1175 1637 1226 Καὶ
1695 1173 1826 1225 Θεὸν
1883 1173 2060 1224 τοίνυν

487 1266 644 1317 αὑτὸν
703 1265 1133 1333 ὁμολογοῦντες,
1188 1267 1287 1318 οὐκ
1368 1265 1672 1334 ἀθετοῦμεν
1745 1265 1840 1318 τοῦ
1922 1259 2060 1316 εἶναι

485 1355 648 1407 αὑτὸν
679 1355 772 1407 καὶ
794 1355 1115 1424 ἄνθρωπον*
1160 1358 1255 1408 καὶ
1316 1357 1605 1424 ἄνθρωπον
1651 1356 1814 1408 αὑτὸν
1869 1355 2062 1425 63min-

487 1448 729 1514 γοῦντες,
768 1448 867 1500 οὐκ
912 1449 1222 1518 ἀρνούμεθα
1258 1448 1351 1501 τοῦ
1387 1445 1529 1500 εἶναι
1578 1449 1740 1502 αὑτὸν
1774 1449 1865 1500 καὶ
1904 1449 2056 1500 Θεόν.

489 1539 653 1592 Ὅθεν
687 1539 781 1591 ἕνα
817 1539 910 1591 καὶ
933 1541 1021 1592 τὸν
1045 1541 1206 1592 αὐτὸν
1259 1541 1315 1606 ἐξ
1366 1541 1630 1609 ἑκατέρας
1665 1539 1902 1608 φύσεως,
1940 1539 2058 1592 θεό-

487 1644 651 1696 τητος
703 1628 797 1679 καὶ
868 1629 1306 1698 ἀνθρωπότητος,
1365 1627 1618 1680 σύνθετον
1671 1627 2062 1696 ὁμολογοῦντες

2164 449 2280 495 tum
2316 442 2380 496 ad
2406 443 2807 496 humanitatem
2837 461 2849 496 :
2886 443 3127 513 patibilis
3153 444 3372 512 quidem
3397 461 3583 509 carne,
3619 445 3738 500 dei-

2162 538 2273 586 tate
2296 546 2428 585 vero
2459 532 2801 601 impatihilis.
2830 532 3018 602 Neque
3043 533 3189 586 enim
3216 533 3383 587 alium
3408 536 3580 588 Deum
3607 535 3741 590 Ver-

2161 621 2293 676 bum
2325 623 2419 692 qui
2449 624 2711 677 miracula
2747 624 3105 694 perpetravit,
3142 631 3198 678 et
3231 624 3399 678 alium
3424 625 3518 694 qui
3549 641 3741 695 passus

2163 723 2248 769 est
2281 716 2628 784 agnoscimus
2659 734 2671 769 :
2703 716 2798 770 sed
2824 733 2990 771 unum
3024 716 3391 788 eamdemque
3416 716 3741 772 conﬁtemur

2161 804 2454 858 Dominum
2503 815 2752 860 nostrum
2781 807 2964 862 Iesum
3006 807 3308 872 Christum,
3347 808 3443 862 Dei
3473 807 3737 872 Verbum,

2165 895 2511 950 incarnatum
2543 907 2598 952 et
2633 898 2871 974 perfecte
2908 899 3188 954 hominem
3221 900 3447 964 factum,
3484 908 3539 954 et
3577 901 3742 955 unius

2162 987 2520 1058 ejusdemque
2544 1005 2664 1043 esse
2691 997 2802 1043 tum
2830 991 3117 1054 miracula,
3141 1001 3252 1044 tum
3273 991 3580 1060 passiones,
3606 1007 3741 1060 quas

2163 1078 2356 1132 salutis
2378 1086 2579 1132 nostra:
2610 1095 2797 1144 causa,
2833 1095 2931 1134 sua
2958 1089 3151 1148 sponte
3184 1079 3239 1133 in
3262 1095 3426 1134 carne
3455 1080 3737 1134 susrinuit.

2163 1169 2283 1222 Non
2314 1171 2460 1223 enim
2487 1170 2653 1224 homo
2682 1170 2884 1239 aliquis
2909 1171 3150 1239 seipsum
3185 1170 3410 1225 tradidit
3436 1186 3532 1239 pro
3554 1171 3737 1234 nobis,

2164 1260 2257 1313 sed
2295 1259 2528 1329 ipsemet
2577 1263 2723 1316 Deus
2765 1263 3029 1324 Verbum,
3068 1262 3188 1316 sine
3235 1263 3342 1316 ulla
3377 1263 3742 1317 conversione

2165 1350 2331 1405 homo
2365 1351 2560 1416 factus,
2598 1362 2957 1422 spontaneam
2989 1352 3301 1422 passionem
3333 1368 3398 1407 ac
3428 1362 3662 1407 mortem
3689 1352 3740 1406 in

2164 1457 2330 1497 carne
2366 1458 2466 1513 pro
2491 1444 2654 1497 nobis
2684 1443 2874 1498 subiit.
2913 1443 3102 1513 itaque
3149 1459 3274 1498 cum
3327 1444 3483 1498 illum
3511 1443 3742 1498 conﬁte-

2164 1549 2291 1586 mur
2324 1533 2519 1598 Deum,
2570 1533 2826 1587 eumdem
2869 1549 3090 1603 quoque
3142 1534 3424 1589 hominem
3467 1548 3590 1589 esse
3634 1549 3743 1587 non

2167 1624 2477 1678 inliciamur
2516 1642 2528 1677 :
2571 1633 2627 1678 et
2666 1639 2791 1679 cum
2837 1625 2992 1679 illum
3042 1625 3319 1679 hominem
3359 1640 3478 1680 esse
3513 1623 3744 1680 conﬁte-

489 1720 580 1771 τὸν
623 1718 824 1789 Κύριον
879 1720 1037 1788 ἡμῶν
1103 1720 1307 1788 Ἰησοῦν
1354 1720 1612 1790 Χριστὸν,
1674 1718 1934 1786 σύγχυσιν
1994 1718 2060 1786 τῇ

2171 1731 2310 1778 mur,
2360 1731 2470 1769 non
2528 1715 2736 1771 idcirco
2788 1731 3052 1786 negamus
3098 1715 3352 1770 eumdem
3405 1729 3526 1768 esse
3576 1716 3743 1768 etiam

491 1811 681 1864 ἑνὼσει
737 1813 837 1863 οὐκ
900 1811 1268 1879 ὲπεισάγομεν
1295 1813 1426 1881 (51),
1461 1812 1532 1863 Οὐ
1593 1811 1700 1881 γὰρ
1747 1811 1828 1862 ὅτι
1868 1809 2060 1877 γέγονε

491 1901 612 1954 καθ’
634 1905 782 1971 ἡμᾶς
827 1902 1135 1972 ἄνθρωπος,
1173 1904 1233 1954 τὸ
1267 1900 1406 1955 εἶναι
1447 1902 1578 1964 Θεὸς
1606 1902 1860 1954 ἀπολέσει
1891 1917 1902 1929 ·
1938 1899 2060 1951 οὔτε

495 1993 602 2061 μὴν
631 1993 713 2045 ὃτι
740 1992 871 2055 Θεὸς
903 1992 1044 2046 κατὰ
1076 1993 1237 2059 φύσιν
1277 1992 1445 2053 ἐστὶν,
1478 1992 1572 2044 καὶ
1618 1991 1716 2059 τὴν
1747 1991 1883 2060 πρὸς
1917 1991 2064 2059 ἡμᾶς

491 2082 749 2151 ὁμοίωσιν
785 2083 1165 2154 ἀπαράδεκτον
1201 2082 1311 2152 ἔχει
1335 2122 1348 2142 ,
1388 2083 1478 2135 xui
1513 2083 1571 2134 τὸ
1606 2081 1888 2150 ἄνθρωπος
1923 2078 2063 2132 εἶναι

493 2175 912 2243 παραιτήσεται.
951 2176 1246 2245 Μεμένηκε
1278 2175 1332 2226 δὲ
1355 2173 1544 2243 ὥσπερ
1579 2175 1634 2224 ὲν
1681 2172 2064 2242 ἁνθρωπότητι

493 2264 645 2327 Θεὸς,
674 2263 816 2316 οὕτω
847 2266 941 2316 καὶ
969 2263 1028 2317 ἐν
1057 2267 1297 2333 ὑπεροχῇ
1336 2264 1586 2332 θεότητος
1618 2261 1716 2328 ὢν,
1747 2263 2061 2332 ἄνθρωπος,

493 2354 644 2406 οὐδὲν
672 2349 835 2424 ἦττον
859 2370 872 2382 ·
908 2354 1076 2424 ἄμφω
1104 2354 1159 2406 δὲ
1194 2353 1270 2405 ὢν
1297 2355 1354 2405 ὲν
1381 2352 1580 2421 ταυτῲ,
1613 2355 1706 2406 καὶ
1735 2348 1814 2415 εἷς
1845 2352 1976 2415 Θεὸς
2007 2369 2064 2404 τε

495 2442 629 2510 ὁμοῦ
686 2443 781 2495 καὶ
832 2441 1118 2510 ἄνθρωπος
1173 2444 1201 2494 ὁ
1261 2440 1632 2511 Ἐμμανουήλ.
1681 2441 1784 2494 Τὸν
1825 2440 2067 2494 αὑτὸνδὲ

495 2536 886 2606 ὁμολογοῦντες
929 2536 986 2588 ἐν
1020 2535 1249 2602 Θεότητι
1284 2534 1509 2592 τέλειον,
1544 2534 1638 2585 καὶ
1681 2532 2063 2602 ὰνθρωπότητι

495 2628 719 2687 τέλειον,
759 2628 816 2690 ἑξ
862 2618 939 2678 ὧν
963 2625 1054 2677 καὶ
1094 2624 1376 2694 συνετέθη,
1412 2623 1680 2693 διαίρεσιν
1711 2626 1808 2692 μὲν
1829 2625 1928 2692 τὴν
1964 2623 2067 2675 ἀνὰ

499 2716 685 2786 μέρος,
719 2713 750 2783 ἢ
780 2719 951 2783 τομὴν
986 2715 1084 2766 οὐκ
1107 2713 1437 2783 ἐπιφέρομεν
1466 2717 1530 2782 τῇ
1567 2714 1664 2782 μιᾷ
1695 2712 1859 2764 αὑτοῦ
1885 2711 2070 2766 συνθέ-

495 2823 572 2873 τῳ
610 2807 926 2858 ὑποστάσειο
968 2806 1066 2875 τὴν
1097 2805 1153 2857 δὲ
1185 2805 1449 2874 διαφορὰν
1482 2805 1588 2855 τῶν
1618 2803 1833 2870 φύσεων
1869 2803 2069 2873 σημαί-

497 2914 682 2964 νομεν,
713 2899 815 2950 οὐκ
843 2897 1244 2967 ἀναιρουμένη-θ
1275 2897 1363 2949 διὰ
1404 2896 1500 2965 τὴν
1536 2896 1748 2946 ἕνωσιν.
1785 2893 1920 2947 Οὔτε
1963 2894 2069 2963 γὰρ

499 2992 536 3057 ὴ
568 2990 687 3042 Θεία
713 2989 875 3057 φύσις
905 2992 988 3052 εις
1019 2990 1116 3060 τὴν
1145 2989 1494 3059 ἀνθρωπείαν
1522 2985 1850 3056 μετεϐλήθη,
1881 2986 2004 3038 οὔτε
2037 2988 2068 3055 ἡ

501 3082 819 3152 ἀνθρωπεία
850 3083 1002 3150 φύσις
1029 3083 1106 3144 εἰς
1153 3082 1250 3152 τὴν
1295 3081 1443 3133 θείαν
1484 3081 1719 3152 ἐτράπη.
1753 3079 2070 3147 Νοουμὲνης

500 3173 556 3224 δὲ
588 3173 781 3242 μᾶλλον
811 3172 904 3226 καὶ
939 3172 1292 3240 ὑπαρχούσης
1321 3172 1430 3241 (52)
1466 3172 1728 3240 ἑκατέρας
1763 3173 1819 3222 ὲν
1858 3170 1933 3240 τῷ
1971 3170 2070 3238 τῆς

504 3262 640 3326 ιδίας
679 3263 892 3330 φύσεως
925 3266 1035 3334 ὅρῳ
1057 3281 1115 3316 τε
1162 3265 1256 3316 καὶ
1321 3263 1462 3331 λόγῳ
1515 3263 1827 3332 πεπρᾶχθαί
1888 3279 2070 3330 φαμεν

498 3354 597 3425 τὴν
629 3355 821 3408 ἕνωσιν
861 3356 983 3409 καθ’
1031 3357 1350 3409 ὑπόστασιν.
1400 3356 1461 3408 'H
1496 3357 1550 3410 δὲ
1594 3355 1714 3407 καθ’
1775 3357 2072 3408 ὑπόστασιν

501 3443 696 3507 ἱνωσις
724 3445 872 3513 δηλοῖ
899 3447 980 3499 ὅτι
1013 3447 1040 3497 ὁ
1069 3445 1201 3507 Θεὸς
1220 3446 1409 3512 Λόγος,
1437 3448 1713 3498 τουτέστιν
1740 3449 1771 3515 ὴ
1813 3447 1908 3516 μία
1941 3447 2074 3499 ὑπό·

502 3548 691 3595 στασις
746 3533 854 3586 τῶν
912 3534 1078 3602 τριῶν
1122 3536 1219 3603 τῆς
1276 3534 1527 3605 θεότητος
1580 3534 1951 3597 ύποστάσεων,
2011 3535 2070 3588 οὐ

411 3667 418 3674 ,
502 3623 904 3692 προϋποστάντι
954 3624 1226 3694 ἀνθρώπῳ
1275 3624 1480 3693 ἡνώθη,
1528 3625 1644 3676 ἀλλ’
1679 3625 1738 3677 ἐν
1758 3628 1823 3694 τῇ
1874 3626 2071 3694 γαστρὶ⁸

500 3713 598 3777 τῆς
654 3714 954 3784 Δεσποίνης
1003 3715 1159 3783 ἡμῶν
1201 3714 1298 3781 τῆς
1341 3714 1503 3780 ἁγίας
1556 3715 1770 3777 ἐνδόξου
1803 3714 2067 3767 Θεοτόκου

2165 1806 2360 1860 Deum.
2416 1806 2572 1862 Unde
2627 1807 2756 1860 dum
2811 1824 2980 1862 unum
3036 1807 3403 1875 eumtlemque.
3452 1805 3742 1858 Dominum

2164 1906 2414 1951 nostrum
2437 1898 2622 1953 Jesum
2643 1898 2926 1953 Christum
2952 1915 3017 1953 ex
3043 1908 3274 1968 utraque
3299 1907 3514 1958 natura,
3540 1895 3745 1950 dcitate

2165 1986 2377 2041 scilicet
2408 1996 2575 2056 atque
2609 1987 2954 2042 humanitate
2986 1987 3354 2057 compositum
3395 1985 3740 2056 proﬁtemur,

2165 2077 2548 2131 confusionem
2602 2093 2710 2132 non
2763 2078 3253 2148 superinducimus
3308 2077 3572 2131 unitioni.
3623 2077 3744 2130 Non

2165 2169 2314 2222 enim
2341 2185 2407 2223 eo
2437 2170 2583 2239 quod
2610 2171 2840 2240 perinde
2865 2186 2927 2225 ac
2945 2170 3108 2242 5,30
3129 2186 3229 2225 nos
3253 2169 3418 2223 homo
3441 2168 3618 2222 factus
3639 2177 3742 2232 est,

2167 2262 2313 2315 Deus
2343 2277 2464 2315 esse
2513 2261 2728 2317 desinet
2781 2279 2795 2315 :
2845 2277 2947 2317 nec
2996 2277 3192 2316 rursus
3239 2276 3306 2315 eo
3352 2259 3500 2329 quod
3549 2267 3745 2312 natura

2167 2353 2312 2406 Deus
2335 2361 2435 2415 est,
2466 2359 2523 2406 et
2560 2352 2937 2407 similitudinis
2970 2362 3174 2407 nostra;
3204 2351 3626 2420 haudquaquam
3659 2363 3748 2402 ca-

2168 2459 2297 2513 pax,
2337 2444 2502 2497 homo
2543 2459 2665 2498 esse
2705 2443 2998 2497 recusabit.
3032 2442 3246 2512 Quippe
3289 2451 3349 2496 ut
3391 2442 3445 2495 in
3487 2437 3746 2496 humani-

2173 2544 2280 2589 tate
2322 2535 2485 2597 Deus,
2533 2535 2614 2590 sic
2667 2533 2722 2587 in
2775 2535 3056 2605 majestate
3107 2534 3336 2588 Deitatis
3385 2533 3743 2596 constitutus,

2170 2635 2354 2681 manet
2381 2627 2744 2682 nihilominus
2775 2628 2940 2681 homo
2979 2645 2991 2680 :
3025 2635 3325 2696 utrumque
3367 2626 3530 2681 simul
3597 2625 3745 2679 exsi-

2171 2728 2323 2773 stens
2381 2732 2544 2782 unus,
2604 2719 2750 2772 Deus
2818 2717 3030 2772 scilicet
3089 2725 3252 2785 atque
3299 2717 3486 2780 homo,
3527 2714 3747 2769 Emma—

2170 2809 2321 2862 nuel.
2363 2809 2534 2862 Porro
2567 2823 2692 2861 cum
2727 2808 2882 2861 illum
2920 2809 2974 2861 in
3008 2807 3295 2861 divinitate
3332 2806 3662 2876 perfectum,
3692 2812 3748 2858 et

2171 2899 2477 2970 perfectum
2529 2899 2584 2952 in
2630 2899 2992 2962 humanitate,
3037 2915 3105 2954 ex
3155 2899 3361 2969 quibus
3409 2898 3749 2968 compositus

2171 2997 2275 3049 est,
2309 2991 2656 3054 confitemur,
2696 2990 2792 3044 uni
2829 2991 2950 3060 ejus
2988 2991 3308 3060 composita:
3340 3006 3585 3060 persona:
3626 3007 3750 3060 par-

2099 3063 2140 3118 C
2177 3081 2460 3136 ticularem
2496 3082 2824 3137 divisionem
2859 3083 3272 3138 autscctionem
3295 3098 3403 3137 non
3427 3082 3746 3147 inferimus;

2177 3173 2273 3228 sed
2305 3183 2625 3228 naturarum
2658 3175 3024 3230 differentiam
3049 3191 3171 3245 quae
3199 3190 3296 3245 per
3330 3175 3634 3230 unitiouem
3657 3189 3751 3228 ne-

2179 3279 2454 3332 quaquam
2487 3263 2720 3326 tollitur,
2760 3265 3090 3320 indicamus.
3126 3265 3262 3319 Nam
3304 3279 3407 3320 nec
3440 3264 3624 3320 divina
3655 3280 3752 3318 na-

2181 3361 2304 3408 tura
2337 3356 2391 3408 in
2425 3355 2719 3437 humanam
2752 3365 2960 3410 mutata
2989 3365 3093 3420 est,
3122 3371 3223 3410 nec
3249 3356 3488 3410 humana
3521 3355 3574 3409 in
3608 3355 3752 3408 divi—

2179 3463 2304 3501 nam
2335 3464 2619 3503 conversa.
2659 3449 2765 3503 Sed
2798 3458 3031 3518 utraque
3057 3449 3241 3518 potius
3279 3449 3560 3503 intellecta
3591 3457 3753 3516 atque

2176 3540 2476 3594 exsistente
2503 3543 2557 3595 in
2588 3543 2827 3610 propriae
2865 3548 3077 3594 natura:
3107 3539 3430 3594 deﬁnitione
3459 3548 3623 3608 atque
3664 3555 3753 3592 ra-

2176 3631 2347 3693 tione,
2402 3631 2710 3685 unitiouem
2758 3631 2960 3685 iactam
3002 3646 3123 3685 esse
3168 3631 3405 3684 dicimus
3449 3629 3754 3683 secundum

2176 3733 2468 3786 personam
2505 3738 2518 3773 :
2559 3720 2735 3774 unitio
2764 3735 2895 3775 vero
2935 3719 3238 3774 secundum
3275 3734 3563 3789 personam
3597 3718 3648 3771 id
3677 3717 3753 3771 si-

1692 3863 1962 3918 V’ALESH
1991 3864 2545 3922 ANNOTATIONES.

574 3983 686 4052 (5i)
746 3983 1056 4050 Σύτκυσιν
1098 3980 1176 4052 ,τῇ
1221 3979 1434 4034 ἐνώσει
1483 3981 1594 4052 ob}
1652 3978 2071 4052 ἐπεισάγομεν.

503 4048 640 4107 Maio
671 4048 1052 4106 hunc—locum
1095 4051 1490 4120 interpretatur
1534 4048 2075 4120 Christ0phorsouus

505 4123 606 4176 hoc
638 4123 802 4176 modo
835 4141 846 4173 ε
881 4120 994 4174 Non
1026 4119 1378 4188 confusionem
1409 4121 1460 4172 in
1491 4120 1747 4171 unitatem
1785 4119 2076 4170 introduci-

507 4208 640 4245 mus.
665 4193 775 4246 Nec
806 4194 1008 4244 rectius
1042 4193 1319 4244 Musmius
1348 4192 1442 4257 qui
1475 4192 1555 4242 sic
1579 4189 1744 4240 vertit
1771 4205 1782 4239 :
1811 4188 2076 4240 Unitalcm

505 4278 608 4314 non
639 4261 1022 4330 confundinms.
1061 4262 1164 4314 Sed
1197 4260 1759 4330 Musculumquidem
1787 4258 2076 4324 haudqua—

504 4347 668 4400 quam
704 4327 1010 4398 miror,qui
1056 4331 1107 4383 in
1148 4332 1250 4382 hoc
1284 4331 1466 4382 edicto
1496 4327 1697 4400 Justini
1740 4327 1932 4400 ἕνωσιν
1957 4342 2076 4394 per-

2183 3981 2417 4049 prietate
2469 3980 2702 4035 facimus
2743 3999 2756 4034 :
2794 3997 2956 4051 quam
3007 3982 3083 4036 illi
3140 3982 3364 4051 penitus
3415 3979 3750 4051 ignorantes,

2184 4051 2443 4120 unionem
2467 4059 2733 4118 putarunt
2756 4049 2891 4106 nihil
2912 4052 3061 4106 aliud
3086 4049 3208 4106 esse
3230 4065 3392 4120 quam
3425 4049 3751 4105 unitionem.

2183 4119 2346 4187 Atqui
2399 4120 2544 4173 inter
2600 4121 2860 4175 unionem
2901 4130 2957 4175 et
2984 4119 3288 4175 unitionem
3320 4129 3530 4173 tantum
3562 4119 3758 4172 discri-

2185 4190 2351 4242 minis
2395 4198 2500 4249 est,
2546 4199 2813 4258 quantum
2863 4192 3004 4245 inter
3063 4191 3262 4259 μονάδα
3304 4197 3361 4242 et
3411 4189 3642 4259 Ῠὲνωσιν.
3693 4189 3754 4242 In

2187 4260 2391 4312 unione
2441 4260 2556 4312 sive
2609 4261 2818 4314 unitate
2848 4261 2985 4314 nihil
3012 4258 3097 4315 est
3126 4261 3232 4314 nisi
3264 4258 3518 4327 simplex.
3548 4258 3609 4311 In
3633 4258 3758 4312 uni-

2187 4329 2332 4380 tione
2381 4345 2512 4382 vero
2539 4329 2747 4399 aliquid
2781 4331 3094 4385 necessario
3128 4330 3454 4399 intelligitur
3479 4329 3755 4399 composi-

504 4389 671 4468 petuo
703 4389 1148 4453 vertit-unitatem
1188 4400 1335 4466 gravi
1367 4415 1581 4451 errore.
1623 4396 1885 4468 liumdem
1915 4389 2074 4468 erro:
2112 4389 2151 4442 υ
2184 4407 2297 4450 tum
2336 4415 2402 4452 cx
2423 4389 2660 4452 duobus.
2691 4398 2853 4453 Certe
2881 4409 3041 4454 vetus
3070 4389 3344 4468 interpres
3371 4397 3560 4468 synodi
3589 4389 3755 4452 Chal-

506 4466 621 4523 i'em
666 4470 887 4522 admisit
932 4472 1015 4522 vir
1059 4470 1255 4522 doctus
1301 4471 1389 4536 qui
1433 4469 1731 4536 fragmenta
1776 4466 2072 4534 Ephrzemii

503 4539 891 4592 Antiochensis
934 4540 1175 4608 episcopi
1226 4539 1281 4608 in
1310 4538 1562 4590 Latinum
1597 4553 1907 4608 sermonem
1949 4552 2073 4608 ver-

509 4609 593 4672 tit,
635 4624 758 4676 qute
807 4606 1064 4676 leguntur
1123 4606 1176 4661 in
1219 4607 1541 4660 Bibliotheca
1576 4607 1776 4660 Photii.
1831 4606 2076 4660 Christo-

506 4675 818 4745 phorsonus
884 4695 1015 4732 vero
1063 4679 1158 4746 qui
1201 4679 1392 4728 ἓνουσιν
1435 4675 1822 4745 capulationem
1869 4676 2074 4746 ubique

504 4749 924 4814 interpretatur.
952 4764 1052 4801 cur
1082 4745 1196 4801 hoc
1228 4747 1346 4800 loco
1370 4748 1529 4800 aliter
1564 4747 1957 4813 interpretatus
1981 4745 2072 4808 sit,

504 4818 764 4884 equidem
816 4818 1025 4870 nescio.
1062 4817 1302 4871 Joannes
1328 4827 1510 4870 autem
1551 4816 1771 4884 Langus
1802 4816 2076 4882 interpres

505 4885 801 4954 Nicephori
851 4887 926 4939 ita
978 4887 1188 4940 vertit:
1229 4885 1293 4938 In
1343 4887 1532 4938 unione
1566 4885 1921 4953 confusionem
1972 4901 2075 4936 non

503 4956 844 5034 induc_imus._
884 4956 1048 5009 ltecte
1097 4956 1351 5034 _omnino
1383 4997 1409 5034 ,_
1467 4956 1513 5009 si
1575 4956 1740 5034 modo
1815 4954 2076 5034 syllabam

505 5026 786 5079 addideris
831 5025 936 5078 hoc
988 5026 1149 5079 modo
1181 5042 1193 5077 :
1223 5025 1286 5078 In
1317 5028 1526 5077 unione.
1579 5025 1718 5078 Unio
1769 5023 1914 5078 enim
1950 5023 2076 5077 licet

504 5095 670 5148 hodie
722 5096 922 5163 passim
968 5097 1022 5149 in
1073 5095 1278 5149 scholis
1317 5094 1766 5164 philosophorum
1800 5108 1864 5147 ac
1895 5093 2076 5146 Theo-

505 5165 756 5233 logorum
792 5175 1110 5234 usurpetur,
1135 5167 1431 5217 barbarum
1462 5165 1921 5234 estyocahulum.
1952 5177 2075 5215 cum

503 5232 607 5302 pro
649 5235 898 5288 unitione
931 5232 1192 5289 sumitur.
1232 5235 1366 5288 Nam
1402 5233 1531 5286 unio
1561 5232 1754 5286 Latine
1810 5233 2075 5285 unitatem

504 5305 800 5372 signiﬁcat,
849 5313 909 5357 ut
957 5321 1022 5358 ex
1054 5304 1413 5364 Tertulliano,
1450 5303 1801 5371 Hieronymo,
1834 5302 2080 5372 Pruden-

503 5371 604 5442 no,
629 5374 913 5442 Simplicio
933 5390 1090 5442 papa,
1109 5375 1363 5441 aliisque,
1384 5372 1603 5441 probari
1623 5381 1821 5442 potest.
1845 5371 2078 5442 Proinde

502 5441 762 5512 desinant
819 5443 956 5496 Zoili
993 5441 1216 5512 quidam
1279 5458 1380 5496 nos
1442 5441 1898 5510 reprehenderc,-
1932 5441 2076 5509 quod

503 5511 563 5582 in
593 5513 822 5581 epistola
855 5511 1149 5566 Alexandri
1178 5513 1419 5582 episcopi
1452 5513 1825 5570 Alexandrini,
1851 5527 1972 5580 qua:
1989 5526 2078 5564 re-

506 5580 681 5634 fertdr
707 5598 737 5635 a
763 5584 988 5637 Socrate
1011 5583 1065 5635 in
1091 5583 1187 5636 lib.
1213 5580 1250 5641 i,
1285 5597 1404 5650 cap.
1435 5582 1488 5643 ϐ,
1525 5581 1727 5650 μονάδα
1752 5582 2078 5634 verterimus

511 5652 772 5705 unionem.
822 5653 878 5706 ld
916 5653 1063 5706 enim
1107 5667 1173 5706 ex
1224 5651 1430 5705 Latinae
1475 5651 1672 5718 lingua:
1712 5666 1810 5703 usu
1852 5665 1915 5703 ac
1947 5664 2075 5718 pro-

2177 4469 2527 4540 cedonensis,
2575 4468 2767 4520 ἕνωσιν
2796 4478 3066 4540 perpetuo
3099 4471 3265 4524 vertit
3308 4469 3639 4532 unitionem,
3667 4468 3755 4522 vel

2176 4537 2590 4591 adunatiouem.

2249 4607 2360 4674 (5‘2)
2383 4606 2729 4672 Νοοιίμένης
2744 4607 2812 4660 δὲ
2824 4606 3067 4675 μᾶλλον
3085 4608 3181 4664 καὶ
3200 4607 3756 4675 ὑπαρχούσηςέἯου

2177 4677 2318 4730 ctius
2368 4677 2422 4730 in
2477 4677 2792 4746 Nicephoro
2837 4678 3102 4731 scribitur
3133 4719 3146 4740 ,
3197 4677 3606 4746 νοουμένηςίδὲ
3661 4677 3756 4728 καὶ

2180 4746 2530 4816 ὑπαρχούσης
2583 4745 2805 4816 μᾶλλον,
2864 4756 2972 4802 etc.
3006 4749 3120 4810 Ego
3171 4745 3353 4800 tamen
3403 4745 3621 4816 mallem
3679 4746 3754 4799 ita

2178 4815 2389 4885 legere:
2414 4817 2709 4885 νοουμένης
2734 4817 2811 4880 δὲ,
2842 4818 3040 4885 μᾶλλον
3061 4818 3116 4869 δὲ
3140 4816 3232 4867 καὶ
3255 4815 3626 4885 ὑπαρχούσης,
3644 4825 3752 4868 etc.

2179 4886 2234 4939 ld
2284 4896 2406 4939 est:
2438 4886 2540 4940 Sed
2590 4897 2816 4956 utraque
2864 4895 3060 4940 natura
3093 4885 3384 4956 intellecta,
3442 4893 3534 4937 aut
3585 4887 3757 4955 potius

2182 4957 2454 5009 exsistente
2473 4957 2526 5008 in
2549 4955 2776 5025 propria:
2799 4964 3005 5009 natura:
3028 4955 3330 5024 deﬁnitione
3348 4965 3508 5025 atque
3530 4957 3755 5018 ratione,

2181 5026 2467 5078 unitionem
2502 5027 2698 5092 factum
2741 5042 2851 5078 esse
2887 5026 3106 5079 dicimus
3139 5025 3424 5079 secundum
3452 5040 3755 5095 personam.

2179 5095 2292 5148 Nec
2348 5095 2544 5148 dubito
2569 5096 2703 5163 quin
2737 5095 2987 5150 Justinus
3016 5095 3315 5163 imperator
3348 5096 3422 5148 ita
3470 5095 3758 5163 scripserit

2183 5173 2241 5218 ut
2277 5164 2386 5217 dixi
2427 5183 2440 5217 :
2472 5165 2824 5233 reprehendit
2855 5165 3003 5218 enim
3037 5166 3304 5233 seipsum,
3341 5164 3488 5234 quod
3518 5164 3754 5224 dixerat,

2180 5234 2497 5302 νοουμένης,
2566 5235 2721 5303 quasi
2770 5234 3007 5288 duarum
3066 5235 3120 5289 in
3160 5234 3384 5289 Christo
3431 5243 3756 5288 naturarum

2180 5304 2491 5357 diii'erentia
2542 5303 2594 5357 in
2626 5304 2989 5372 intelligentia
3020 5314 3227 5359 tantum
3257 5305 3608 5366 consisteret,
3647 5318 3758 5355 non

2180 5383 2378 5446 autem
2421 5390 2478 5446 re
2529 5385 2968 5446 veraexstaret.
3016 5374 3098 5446 [In
3152 5375 3335 5446 edicto
3374 5383 3571 5446 tamen
3621 5373 3756 5440 imp.

2179 5442 2476 5497 Iustiniani
2514 5442 2581 5497 de
2614 5445 2741 5508 ﬁde,
2791 5461 2858 5498 ex
2893 5442 3295 5512 quodustinus
3323 5444 3566 5498 edictum
3595 5457 3758 5497 suum

2181 5512 2501 5585 descripsit,
2532 5514 2746 5585 vulgata
2799 5515 2963 5585 lectio
2995 5515 3247 5569 habetur.
3295 5515 3498 5585 Exstat
3515 5513 3761 5567 edictum

2183 5583 2316 5636 illud
2349 5583 2404 5636 in
2441 5582 2698 5638 Chronico
2749 5584 3134 5650 Alexandrino,
3172 5600 3296 5656 pag.
3344 5582 3500 5648 ενα]
