4016 6208
365 268 508 332 2799
627 283 654 298 ‘

1535 268 1850 330 EVAGRII
1893 268 2380 328 SCHOLASTICI

3455 259 3586 322 2800

364 375 604 448 gniﬁcat,
631 375 800 430 Deum
828 373 1093 438 Verbum,
1117 373 1222 428 hoc
1245 379 1330 428 est
1369 387 1534 428 unam
1561 387 1852 443 personam
1875 387 1937 426 cx

2045 375 2142 428 καὶ
2181 373 2542 444 ἁειπαρϐἑνου
2575 371 2814 444 Μαρίας,
2860 369 3288 442 ἐδημιούργησεν
3317 369 3506 439 ἑαυτῷ,
3537 371 3592 434 ἐξ

367 465 546 519 tribus
561 463 865 518 divinitatis
886 462 1158 533 personis,
1175 477 1288 516 non
1307 461 1518 516 homini
1537 460 1937 530 praeexsistenti

362 553 575 615 unitam
607 569 750 618 esse,
782 554 876 610 sed
909 554 966 608 in
995 561 1156 606 utero
1193 551 1438 606 Domina:
1474 560 1698 615 nostrae,
1731 559 1940 606 sanctae

365 648 612 714 gloriosae
625 647 872 716 Dciparae
901 661 964 700 ac
989 659 1207 715 semper
1226 644 1458 714 virginis
1481 643 1683 708 Μαι-ἰαὶ,
1701 643 1806 697 sibi
1839 641 1940 711 ipsi

364 756 430 792 ex
465 755 528 794 ea
555 738 870 794 condidisse
908 739 965 792 in
992 737 1214 807 propria
1245 751 1478 806 persona
1518 751 1740 790 carnem
1781 735 1942 790 nobis

367 830 914 896 consubstantialem,
963 837 1020 884 et
1072 828 1265 884 iisdem
1313 827 1540 882 omnino
1583 827 1941 897 passionihus

367 927 678 986 obnoxiam,
724 935 1092 996 praeterquam
1131 933 1357 992 peccato
1412 940 1424 976 :
1477 939 1708 992 eamque
1757 923 1940 978 anima

367 1014 614 1068 rationali
655 1023 712 1068 et
752 1013 1092 1084 intelligente
1126 1013 1444 1066 animatam.
1479 1013 1534 1066 ln
1565 1025 1622 1066 se
1657 1014 1803 1068 enim
1839 1014 1940 1068 ha-

371 1106 488 1158 buit
519 1121 830 1173 personam,
866 1112 922 1160 et
951 1105 1118 1160 homo
1157 1104 1336 1158 factus
1366 1113 1470 1167 est,
1505 1113 1558 1158 et
1593 1120 1734 1158 unus
1771 1104 1942 1158 idem-

365 1210 471 1264 que
519 1203 604 1250 est
649 1195 916 1248 Dominus
958 1205 1148 1249 noster
1191 1195 1348 1249 Jesus
1393 1195 1644 1250 Christus
1689 1195 1784 1264 qui
1833 1211 1941 1248 una

366 1304 490 1340 cum
531 1287 694 1342 Patre
741 1297 797 1342 et
853 1297 1046 1342 sancto
1096 1287 1302 1357 Spiritu
1357 1287 1716 1357 gloriﬁcatur.
1769 1289 1941 1342 Porro

369 1379 700 1433 ineﬂ‘abilem
745 1380 866 1448 ejus
923 1379 1232 1433 unitionem
1279 1389 1461 1434 mente
1504 1379 1938 1442 considerantes,

369 1479 516 1524 recte
556 1470 885 1524 conﬁtemur
915 1485 1079 1523 unam
1121 1479 1374 1524 naturam
1413 1469 1508 1524 Dei
1541 1469 1706 1524 Verbi
1761 1469 1940 1522 incar-

369 1565 572 1617 natam,
601 1571 764 1610 carne
787 1571 908 1625 qua:
925 1557 1108 1610 anima
1127 1557 1380 1610 rationali
1408 1559 1574 1626 atque
1602 1557 1940 1626 intelligente

367 1647 602 1700 animata
643 1655 745 1700 est.
785 1647 1000 1702 Rursus
1032 1663 1166 1701 vero
1210 1657 1536 1702 naturarum
1569 1647 1939 1702 differentiam

2048 466 2218 534 αὐτῆς
2247 467 2304 518 ὲν
2335 468 2401 536 τῇ
2451 466 2556 536 ἰδίᾳ
2601 463 2898 518 ὑποστάσει
2937 464 3114 534 σάρκα
3151 459 3427 531 ὁμοοὺσιον
3473 463 3594 532 ἡμῖν

2048 555 2144 608 καὶ
2169 553 2473 626 ὁμοιοπαθῆ
2503 555 2644 608 κατὰ
2673 555 2873 614 πάντα,
2905 553 3075 622 χωρὶς
3109 551 3398 620 ἁμαρτίας,
3439 552 3594 620 ἐμψυ-

2049 647 2304 717 χωμένην
2363 645 2510 716 ψυχῇ
2547 647 2739 717 λογικῇ
2799 645 2894 698 καὶ
2953 644 3136 714 νοερᾷ.
3181 642 3268 695 Ἐν
3321 642 3462 712 αὐτῷ
3500 641 3594 712 γὰρ

2049 737 2174 807 ἔσχε
2207 739 2306 807 τὴν
2339 739 2636 790 ὑπόστασιν
2661 737 2794 806 (55).
2820 736 2912 790 καὶ
2951 734 3172 802 γέγονεν
3199 733 3494 803 ἄνθρωπος,
3515 734 3594 786 καὶ

2050 829 2199 882 ἔστιν
2225 826 2306 892 εἷς
2341 833 2434 882 καὶ
2454 830 2481 882 ὀ
2515 831 2676 892 αὐτὸς
2721 829 2926 899 Κύριος
2957 825 3126 896 ἡμῶν,
3155 824 3360 894 Ἰησοῦς
3385 823 3594 894 Χριστὸς

2051 921 2507 990 συνδοξαζόμενος
2558 921 2635 989 τῷ
2673 921 2847 992 lla-:91
2888 917 2982 971 καὶ
3015 917 3093 987 τῷ
3125 917 3264 986 ἁγίῳ
3319 914 3592 981 ιινεύματι.

2060 1013 2399 1074 Ἐννοοῦντες
2425 1013 2480 1064 δὲ
2517 1012 2684 1066 αὑτοῦ
2719 1012 2817 1083 τὴν
2867 1011 3145 1080 ἄφραστον
3199 1009 3394 1060 ἕνωσιν
3443 1004 3596 1075 ὀρθῶς

2047 1104 2418 1175 ὁμολογοῦμεν
2465 1105 2594 1173 μίαν
2640 1103 2800 1171 φύσιν
2825 1103 2916 1155 τοῦ
2951 1101 3088 1154 Θεοῦ
3119 1101 3290 1167 Λόγου
3341 1115 3597 1168 σεσαρκωο

2051 1199 2238 1268 μένην,
2273 1197 2439 1266 σαρκὶ
2481 1197 2852 1267 ἐμψυχωμένῃ
2885 1196 3028 1266 ψυχῇ
3060 1195 3252 1263 λογικῇ
3292 1209 3350 1244 τε
3381 1191 3470 1244 καὶ⁵
3493 1207 3598 1242 νοε-

2049 1294 2139 1362 ρᾷ.
2173 1291 2286 1346 Καὶ
2340 1289 2504 1342 πάλιν
2559 1291 2616 1341 ὲν
2669 1287 2876 1358 θεωρίᾳ
2946 1286 3316 1356 λαμϐάνοντες
3373 1283 3470 1351 τὴν
3505 1281 3601 1332 τῶν

2049 1387 2266 1452 φύσεων
2282 1381 2568 1453 διαφορὰν,
2597 1380 2690 1434 δύο
2719 1380 2922 1442 ταύτας
2953 1375 3094 1431 εἷναι
3119 1377 3385 1446 λέγομεν,
3407 1374 3602 1442 διαίρε-

2049 1493 2133 1528 σιν
2171 1475 2433 1546 οὐδεμίαν
2463 1473 2796 1539 εἰσάγοντες.
2839 1469 3109 1540 Ἐκατέρα
3139 1468 3248 1537 γὰρ
3289 1465 3448 1532 φὺσις
3469 1463 3602 1516 ἐστὶν

2049 1569 2106 1620 ὲν
2171 1566 2340 1635 αὐτῷ.
2392 1567 2556 1618 ’Ὀοεν
2599 1564 2694 1616 ἕνα
2735 1563 2828 1616 καὶ
2877 1563 2970 1614 τὸν
3023 1559 3185 1614 αὐτὸν
3247 1553 3597 1627 ὁμολογοῦμεν

2049 1657 2304 1726 Χριστὸν,
2335 1657 2432 1710 ἕνα
2461 1657 2608 1721 Υῐδν,
2664 1654 2722 1706 ἓν
2769 1653 3082 1724 πρόσωπον,
3125 1651 3256 1720 μίαν
3295 1647 3600 1706 ὑπόστασιν,

366 1734 552 1788 animo
579 1734 1018 1800 considerantes,
1050 1735 1186 1791 duas
1216 1753 1336 1791 esse
1368 1745 1594 1792 naturas
1618 1738 1937 1802 asserimus,

2047 1751 2178 1804 Θεόν
2211 1767 2271 1803 τε
2305 1749 2440 1820 ὁμοῦ
2481 1749 2576 1802 καὶ
2617 1748 2924 1818 ἄνθρωπον.
2973 1745 3184 1806 Πάντας
3220 1743 3280 1796 δὲ
3309 1743 3434 1803 τοὺς
3467 1741 3603 1806 παρὰ

367 1828 570 1881 nullam
608 1829 1105 1897 superinducentes
1139 1829 1490 1884 divisionem.
1519 1829 1762 1899 Utraque
1793 1831 1940 1884 enim

365 1919 420 1969 in
451 1919 544 1970 illo
581 1918 722 1973 inest
757 1929 975 1974 natura.
1020 1919 1394 1986 Quamobrem
1443 1937 1611 1974 unum
1655 1922 1940 1974 eumdem-

365 2025 470 2077 quc
529 2009 858 2064 conﬁtemur
907 2010 1210 2076 Christum,
1273 2027 1444 2065 unum
1499 2013 1718 2076 Filium,
1779 2027 1941 2066 unam

365 2116 680 2168 personam,
717 2119 879 2156 unam
913 2103 1344 2168 subsistentiam,
1375 2105 1542 2158 Deum
1575 2105 1738 2158 simul
1778 2115 1944 2172 atque

366 2193 668 2248 hominem.
705 2193 907 2249 Omnes
951 2209 1083 2249 vero
1134 2196 1227 2264 qui
1283 2196 1446 2250 aliter
1484 2205 1582 2250 aut
1624 2205 1939 2260 senserunt,

365 2293 459 2336 aut
491 2283 758 2349 sentiunt,
787 2285 1334 2350 anathematizamus,
1370 2294 1425 2340 et
1452 2303 1482 2340 a
1523 2295 1712 2340 sancta
1747 2287 1941 2342 catho-

366 2371 469 2428 lica
500 2384 556 2429 et
585 2377 886 2446 apostolica
934 2377 1028 2431 Dei
1073 2377 1317 2432 Ecclesia
1367 2377 1578 2432 alienos
1603 2376 1938 2446 judicamus.

363 2463 500 2518 (him
533 2465 700 2535 igitur
735 2475 881 2522 recta
923 2467 1176 2537 dogmata
1209 2483 1332 2536 quae
1367 2482 1398 2521 a
1443 2467 1650 2522 sanctis
1681 2467 1940 2522 Patribus

366 2557 568 2611 tradita
601 2567 730 2612 sunt
763 2558 924 2614 nobis
953 2558 1345 2628 praedicentur,
1385 2559 1667 2612 hortamur
1696 2573 1794 2612 vos
1820 2573 1939 2612 om-

367 2667 484 2716 nes,
517 2661 579 2706 ut
609 2653 666 2707 in
697 2668 862 2708 unam
896 2651 1260 2721 eamdemque
1289 2652 1617 2706 catholicam
1643 2659 1698 2706 et
1725 2659 1944 2722 aposto-

365 2743 528 2796 licam
557 2743 863 2798 Ecclesiam
894 2742 1240 2798 conveniatis
1269 2760 1282 2798 ι
1317 2743 1426 2798 imo
1445 2743 1638 2814 potius
1665 2757 1940 2815 regamus.

365 2831 556 2900 Neque
582 2833 728 2886 enim
765 2833 934 2904 piget,
977 2833 1192 2888 tametsi
1221 2833 1274 2886 in
1307 2832 1474 2902 regali
1501 2832 1716 2904 fastigio
1739 2834 1946 2888 consti-

367 2923 470 2978 tuti
505 2923 700 2986 simus,
733 2923 1048 2996 hujusmodi
1087 2925 1275 2978 verbis
1313 2926 1416 2988 uti,
1458 2940 1559 2992 pro
1589 2939 1860 2978 consensu
1891 2931 1946 2978 et

2047 1842 2222 1894 ταῦτα
2270 1843 2646 1910 φρονήσαντας
2690 1839 2723 1908 ἦ
2759 1837 3088 1908 φρονοῦντας
3119 1833 3600 1902 ἁναῢεματέζομεν,

2047 1930 2364 2001 ἀλλοτρίους
2405 1930 2680 1999 κρίνοντες
2723 1929 2820 1996 τῆς
2851 1926 3014 1994 ἁγίας
3045 1923 3137 1976 τοῦ
3161 1923 3298 1976 Θεοῦ
3331 1922 3603 1988 καθολικῆς

2048 2024 2142 2076 καί
2201 2021 2566 2087 ἀποστολικῆς
2632 2019 2983 2084 Ἑκκλησίας.
3051 2017 3171 2068 Τῶν
3215 2015 3392 2086 ὀρθῶν
3439 2013 3605 2066 τοίνυν

2049 2114 2333 2182 δογμάτων
2363 2112 2470 2163 τῶν
2501 2111 2676 2179 ἁγίων
2709 2111 2968 2180 Πατέρων
3007 2107 3458 2179 παραδεδομένων
3488 2107 3606 2175 ἡμῖν

2057 2201 2501 2269 κηρυττομὲνων,
2525 2200 2908 2270 προτρεπομεν
2937 2199 3078 2267 ὑμᾶς
3117 2196 3367 2258 ἅπαντας
3389 2197 3464 2258 εἰς
3491 2195 3606 2264 μίαν

2049 2291 2138 2340 καί
2157 2289 2254 2356 τὴν
2275 2289 2444 2358 αὐτὴν
2472 2289 2764 2358 καθολικὴν
2787 2290 2880 2341 καὶ
2899 2287 3266 2354 ἅποστολικὴν
3303 2286 3606 2354 Ἐκκλησῐαν

2051 2380 2386 2450 συντρέχειν,
2427 2378 2628 2447 μᾶλλον
2673 2379 2728 2431 δὲ
2771 2377 2864 2431 καὶ
2915 2375 3368 2446 παρακαλοῦμεν.
3403 2377 3475 2427 Οὐ
3509 2375 3606 2442 γὰρ

2046 2467 2382 2538 ὀκνήσαιμεν
2413 2469 2514 2522 κᾶν
2547 2472 2606 2522 ἐν
2635 2471 2877 2540 ὑπεροχῇ
2908 2467 3187 2538 βασιλείας
3225 2468 3416 2537 ἐσμὲν,
3449 2463 3607 2518 τοιού-

2047 2573 2160 2620 τοις
2199 2559 2506 2628 χρήσασθαι
2565 2561 2774 2629 ῥήμασι
2811 2561 2916 2613 ὑπὸ
2981 2560 3080 2630 τῆς
3133 2561 3246 2614 τῶν
3275 2555 3606 2630 Χριστιανῶν

2051 2651 2302 2704 ἁπάντων
2347 2651 2726 2722 ὁμοφροσύνης
2751 2651 2862 2722 (5-4)
2891 2668 2950 2704 τε
2997 2653 3090 2705 καὶ
3135 2652 3406 2714 ὲνώσεως,
3433 2653 3493 2702 ὲκ
3521 2647 3606 2699 τοῦ

2053 2741 2182 2812 μίαν
2211 2741 2466 2796 ἁπάντων
2495 2742 2804 2810 δοξο).ογεαν
2837 2743 3266 2813 ἀναπέμπεσθαι
3295 2742 3374 2814 τῷ
3406 2739 3606 2811 μεγάλῳ

2049 2833 2170 2904 Θεῷ
2209 2835 2302 2888 καὶ
2333 2837 2546 2907 Σωτῆρι
2585 2835 2742 2906 ἡμῶν
2805 2835 2976 2907 Ἰησοῦ
3018 2837 3273 2906 Χριστῷ·
3303 2835 3397 2888 τοῦ
3427 2834 3482 2886 δὲ
3510 2832 3608 2882 λοι-

2054 2925 2156 2979 ποῦ
2217 2926 2422 2996 μηδένα
2504 2929 2995 2998 προφασιζόμενον,
3055 2928 3182 2998 περὶ
3255 2927 3516 2998 πρόσωπα
3575 2920 3603 2990 ἢ

369 3016 703 3070 a:iunatione
760 3016 1005 3074 omnium
1053 3015 1516 3082 Christianorum,
1599 3025 1652 3070 ul
1713 3031 1818 3072 una
1873 3017 1937 3072 ab

2048 3017 2315 3082 συλλαϐὰς
2347 3020 2460 3089 (35)
2516 3021 2884 3090 ζυγομαχεῖν·
2923 3021 3008 3073 ὃτι
3042 3021 3174 3089 πρὸς
3211 3021 3345 3089 μίαν
3399 3019 3489 3072 καὶ
3519 3015 3606 3084 τὴν

1563 3155 1831 3210 VALESII
1861 3157 2417 3216 ANNOTATIONES.

439 3270 549 3338 (35)
595 3269 875 3334 Ἐναὺτῷ
905 3269 1010 3339 γὰρ
1026 3271 1172 3338 ἔσχε
1211 3270 1324 3337 τὴν
1345 3271 1708 3324 ὑπόστασιν.
1753 3269 1812 3324 ln
1839 3271 1937 3326 Ni—

368 3341 611 3406 cephoro
663 3340 883 3410 legitur
915 3343 971 3391 ὲν
1020 3341 1180 3410 αὐτῇ,
1213 3340 1406 3408 supple
1453 3341 1520 3410 τῇ
1569 3341 1752 3410 σαρκί.
1783 3339 1936 3406 Quod

369 3410 521 3462 nuilo
559 3409 722 3462 modo
755 3409 888 3462 ferri
929 3407 1354 3478 potestj'neque
1403 3407 1550 3462 enim
1585 3407 1840 3465 Christus
1883 3412 1938 3464 in

369 3494 532 3534 carne
581 3479 862 3548 propriam
911 3478 1105 3534 habuit
1161 3478 1596 3542 subsistentiam,
1641 3479 1736 3532 sed
1777 3489 1936 3534 ante—

370 3563 532 3616 quam
563 3563 778 3601 carnem
801 3549 1210 3618 assumpsisset,
1237 3549 1514 3617 propriam
1543 3549 1782 3603 habebat
1813 3550 1938 3604 sub-

371 3619 700 3676 sistentiam.
737 3627 925 3686 utpote
960 3618 1052 3687 qui
1099 3618 1340 3672 secunda
1378 3627 1524 3672 esset
1555 3633 1784 3686 persona
1847 3633 1936 3672 sa-

371 3697 665 3742 crosanctm
691 3687 995 3757 Trinitatis.
1031 3687 1086 3742 Si
1109 3687 1234 3757 quis
1261 3697 1442 3741 tamen
1479 3687 1772 3756 Nicephori
1799 3689 1938 3742 scri-

371 3765 586 3826 pturam
637 3755 778 3811 tueri
825 3757 1082 3818 voluerit,
1127 3755 1386 3826 equidem
1419 3772 1528 3810 non
1579 3755 1738 3812 valde
1782 3773 1940 3826 repu-

369 3828 568 3890 gnabo.
603 3827 798 3896 Aptius
830 3827 976 3880 enim
1022 3827 1265 3896 cohaeret
1309 3840 1434 3880 cum
1477 3826 1934 3896 praecedentibus.

371 3897 577 3952 Sensus
605 3912 737 3966 ergo
770 3905 874 3954 est.
932 3895 1128 3950 Filium
1168 3896 1262 3950 Dei
1309 3897 1404 3965 qui
1447 3895 1518 3950 ab
1564 3905 1772 3950 zeterno
1809 3912 1938 3966 pro~

369 3966 541 4034 priam
575 3965 816 4020 habebat
849 3967 1283 4036 subsistentiam,
1336 3975 1616 4036 assumpta
1661 3965 1848 4030 carne,
1883 3967 1937 4020 in

369 4050 432 4090 ea
469 4036 833 4106 personaliter
865 4035 1196 4106 substitisse.

437 4104 550 4174 (34)
581 4106 722 4157 Ὑπὸ
745 4105 848 4171 τῆς
869 4104 987 4158 τῶν
1007 4105 1372 4172 Χριστιανῶν
1393 4105 1672 4160 ἁπάντων
1691 4109 1938 4173 ὁμορρο-

366 4177 580 4240 σύνης.
603 4175 886 4230 Asseutior
911 4175 1042 4228 viris
1060 4175 1238 4230 doctis
1265 4177 1356 4244 qui
1381 4177 1486 4242 iam
1519 4175 1730 4244 pridem
1753 4191 1939 4227 eniten-

366 4245 567 4298 daruut
615 4245 756 4312 ὑπὲρ
813 4244 932 4311 τῆς,
983 4254 1090 4298 etc.
1147 4245 1408 4310 Quarnvis
1445 4245 1790 4314 Nicephorus
1819 4246 1940 4298 νυ]-

364 4322 546 4386 gatam
599 4315 930 4386 scripturam
991 4314 1301 4386 retinuerit.

435 4385 548 4448 (55)
587 4383 728 4447 Περὶ
786 4385 1074 4448 πρόσωπα
1111 4384 1149 4450 ἢ
1213 4385 1544 4447 συλλαϐάς.
1591 4383 1771 4436 Prima
1811 4399 1933 4444 vox,

367 4431 639 4520 πρόσωπα
665 4431 918 4516 ἐοἰίἰοέἶξ
941 4453 1114 4520 posita
1135 4431 1229 4506 ιεδει
1263 4455 1332 4506 ob
1371 4431 1622 4506 haeresim
1671 4431 1933 4518 Nestorii,
1971 4431 2012 4485 Ῑ)

367 4521 460 4590 qui
505 4520 558 4590 in
614 4519 834 4576 Christo
875 4519 1012 4574 duas
1059 4537 1321 4590 personas
1351 4523 1648 4582 asserebat,
1705 4527 1932 4576 atteram

367 4589 626 4652 hominis,
679 4590 905 4644 alteram
969 4589 1153 4644 Verbi.
1215 4593 1324 4645 Vox
1390 4601 1568 4644 autem
1641 4592 1929 4653 συλλαϐάς,

367 4661 580 4730 adjecta
602 4668 688 4714 est
715 4669 939 4730 propter
981 4660 1354 4730 Eutychianos
1389 4670 1444 4714 et
1475 4661 1800 4728 Accphalos,
1837 4662 1928 4728 qui

363 4729 644 4785 Christum
679 4745 746 4784 ex
802 4729 1014 4784 duabus
1065 4729 1286 4799 quidem
1337 4731 1548 4784 naturis
1578 4740 1828 4784 constare
1851 4731 1932 4782 di-

367 4802 568 4855 cebant
614 4801 1111 4865 ante‘unitionem;
1141 4809 1264 4869 post
1291 4801 1593 4869 unitionem
1619 4815 1770 4862 vero,
1807 4801 1931 4852 uni-

367 4886 484 4923 cam
536 4871 590 4924 in
637 4885 704 4924 eo
753 4880 1003 4924 naturam
1063 4868 1182 4924 esse
1226 4870 1504 4923 dicebant.
1555 4868 1758 4923 Contra
1799 4885 1930 4922 vero

367 4939 640 4994 Catholici
674 4939 954 4994 Christum
1011 4939 1064 4992 in
1100 4939 1316 4993 duabus
1345 4939 1559 4992 naturis
1604 4938 1926 4992 adorabant.

369 5009 600 5080 Syllaba:
635 5009 802 5078 igitur
833 5009 940 5080 illa:
963 5017 1094 5062 sunt
1115 5011 1191 5070 ἐν,
1229 5012 1402 5080 θιίὲκ.
1431 5009 1562 5074 Quae
1589 5009 1720 5080 licet
1751 5009 1931 5062 diver-

367 5078 440 5135 sae
488 5081 617 5142 sint,
655 5091 834 5133 tamen
875 5079 922 5132 si
979 5089 1126 5133 recte
1181 5079 1590 5148 intelligantur,
1641 5078 1706 5131 ad
1763 5094 1927 5132 unam

365 5150 722 5217 eamdemque
751 5147 910 5204 ﬁdem
944 5163 1006 5202 ac
1045 5147 1380 5203 sententiam
1411 5149 1582 5202 amba:
1611 5148 1925 5212 collineant,

367 5227 424 5272 ut
455 5219 678 5288 subjicit
701 5218 966 5274 Justinus.
993 5218 1128 5274 Vide
1155 5219 1444 5287 Evagrium
1467 5234 1654 5287 supra,
1685 5217 1738 5288 in
1763 5218 1858 5272 lib.
1885 5233 1922 5280 ι,

367 5303 486 5356 cap.
526 5287 576 5342 ιι
622 5289 890 5344 Caeterum
941 5289 1044 5342 hoc
1093 5289 1333 5343 edictum
1377 5305 1405 5341 a
1441 5289 1656 5343 Justino
1700 5287 1928 5341 Juniore

365 5355 770 5428 promulgatum
801 5368 886 5412 est
927 5373 1074 5412 anno
1118 5359 1330 5428 imperii
1377 5355 1818 5428 primo,7Christi
1851 5356 1928 5409 vi-

365 5426 566 5498 delicet
585 5427 708 5490 566,
741 5435 815 5498 ut
818 5436 974 5498 notat
999 5426 1268 5482 Baronius
1295 5446 1307 5480 :
1333 5443 1442 5498 quo
1469 5427 1690 5498 quidem
1723 5427 1924 5498 edicto.

365 5495 504 5549 nihil
529 5511 754 5564 prorsus
787 5495 1042 5552 Ecclesiae
1075 5495 1367 5552 catholicte'
1383 5495 1616 5552 contulit
1647 5497 1924 5560 Justinus;

366 5564 664 5636 sedsolam
687 5567 1044 5621 orthodoxam
1071 5568 1232 5622 iidem
1262 5569 1582 5636 exposuisse
1611 5575 1924 5628 contentus,

367 5633 436 5686 de
475 5633 798 5706 Nestoriano
853 5645 908 5690 et
941 5637 1284 5705 Eutychiano
1311 5633 1564 5706 dogmate
1603 5636 1930 5704 disputatio-

367 5719 465 5759 nes
495 5704 546 5758 in
587 5713 863 5774 posterum
893 5704 1195 5774 prohibuit,
1231 5704 1674 5776 unumquemque
1711 5723 1806 5774 pro
1837 5722 1926 5758 ar-

2043 3271 2208 3326 bitrio
2254 3275 2354 3326 s’uo
2376 3271 2444 3327 de
2479 3273 2564 3328 his
2611 3273 2776 3328 rebus
2799 3273 3004 3326 sentire
3027 3269 3376 3340 permittens.
3403 3271 3474 3324 Ex
3513 3269 3606 3324 hoc

2043 3341 2226 3409 itaque
2257 3343 2441 3396 edicto
2471 3343 2678 3396 nullam
2731 3343 3022 3397 utilitatem
3075 3352 3428 3395 consecutam
3490 3355 3605 3394 esse

2041 3421 2190 3464 recte
2219 3413 2408 3465 scribit
2463 3413 2746 3480 Evagrius.
2783 3412 2918 3466 Male
2953 3413 3118 3480 igitur
3164 3411 3411 3466 Joannes
3437 3409 3604 3462 Biclao

2043 3481 2244 3532 riensis
2277 3481 2332 3534 in
2363 3481 2638 3543 Chronico,
2691 3481 2758 3536 de
2792 3481 3009 3536 Justino
3035 3480 3266 3536 Juniore
3291 3481 3362 3533 ita
3389 3480 3602 3533 scribit:

2041 3547 2144 3612 Qui
2186 3549 2425 3621 Justinus
2467 3569 2607 3605 anno
2639 3553 2806 3621 primo
2847 3552 2994 3620 regni
3031 3553 3114 3604 sui
3163 3565 3226 3602 ea
3269 3567 3388 3620 qua
3433 3557 3605 3621 contra

2039 3621 2294 3689 synodum
2340 3617 2824 3690 Chalcedonensem
2855 3617 3064 3690 [iterant
3112 3617 3468 3690 commentata
3521 3617 3604 3670 de-

2039 3687 2254 3761 sjruxit.
2326 3687 2734 3761 Symbolumque
2771 3687 3076 3744 sanctorum
3103 3688 3355 3761 Ecclesia:
3393 3687 3602 3761 Patrum

2041 3755 2493 3830 Constantinopoli
2543 3755 3000 3830 congregatarum,
3039 3767 3099 3830 et
3139 3759 3192 3811 in
3219 3761 3428 3830 synon
3453 3755 3604 3830 Chal-

2041 3828 2318 3882 ccdonensi
2365 3825 2704 3882 laudabiliter
2735 3825 3034 3896 receptum,
3085 3829 3138 3882 in
3186 3825 3336 3882 omni
3387 3825 3602 3883 Ecclesia

2041 3897 2300 3968 catholica
2326 3915 2354 3952 a
2375 3898 2569 3968 populo
2587 3901 2962 3953 concinendum
2979 3898 3288 3968 intromisit,
3309 3900 3602 3968 priusquam

2040 3965 2318 4020 Dominica
2349 3965 2556 4021 dicatur
2601 3971 2791 4022 oratio.
2833 3969 3048 4022 JuStino
3077 3965 3396 4022 Juniori'ea
3424 3966 3602 4020 tribuit

2041 4034 2412 4106 Diclariensis,
2449 4052 2572 4104 qua;
2607 4038 2808 4092 seniori
2835 4037 3052 4092 Justino
3097 4037 3286 4106 potius
3319 4035 3602 4106 convenie-

2042 4105 2566 4162 bant.—Valesius
2611 4116 2888 4170 autumat,
2953 4105 3345 4160 Bicla’riensem
3394 4105 3602 4159 Justino

2039 4174 2257 4229 Juniori
2302 4191 2366 4230 ea
2417 4177 2682 4241 tribuere,
2734 4193 2854 4245 quae
2911 4176 3128 4231 Seniori
3171 4176 3360 4244 potius
3417 4187 3603 4245 conve-

2041 4245 2266 4299 niebant
2295 4265 2306 4298 :
2339 4245 2428 4300 hic
2455 4247 2602 4300 enim
2631 4241 2850 4300 concilii
2895 4241 3366 4301 Chalcedonensis
3409 4241 3601 4297 acerri-

2043 4329 2164 4367 mus
2203 4315 2460 4370 defensor
2499 4315 2618 4369 fuit.
2653 4317 2858 4372 Verum
2893 4331 3000 4369 cm.
3045 4314 3195 4368 card.
3253 4313 3505 4367 Norisius
3549 4311 3598 4362 in

2041 4383 2261 4460 Dissert.
2288 4386 2351 4460 de
2367 4386 2563 4456 synodo
2583 4387 2787 4460 quinta,
2813 4401 2932 4454 cap.
2959 4385 3067 4460 9,_§
3095 4384 3154 4460 2,
3175 4399 3238 4437 ea
3263 4379 3599 4460 Biclariensis

2043 4455 2207 4507 verba
2242 4455 2505 4520 referens,
2542 4467 2690 4508 recte
2715 4457 2970 4509 observat
3007 4455 3308 4516 Justinum,
3365 4467 3485 4506 cum
3521 4455 3594 4502 vi-

2043 4521 2198 4593 deret
2239 4525 2310 4578 ob
2361 4527 2466 4578 tria
2495 4524 2744 4592 Capitula
2792 4525 3102 4593 proscripta
3146 4523 3388 4576 Africam
3445 4531 3594 4586 atque

2039 4591 2449 4664 occidentales,
2475 4591 2805 4664 provincias
2829 4591 3272 4664 dissensionibus
3321 4593 3589 4664 laceratus,

2039 4661 2281 4716 edictum
2319 4661 2628 4717 illudilidei
2663 4663 2990 4730 publicasse,
3041 4663 3094 4716 in
3135 4676 3246 4730 quo
3277 4661 3484 4713 nullius
3513 4673 3590 4722 8‘"

2039 4731 2168 4784 nodi
2213 4734 2550 4786 mentionem
2613 4733 2838 4794 faciens,
2894 4749 3016 4801 qua:
3073 4731 3366 4801 credenda
3407 4730 3592 4788 cuique

2039 4812 2224 4856 essent
2249 4803 2536 4872 proposuit
2561 4819 2574 4866 ;
2603 4803 2698 4856 sed
2735 4804 2836 4855 tria
2871 4799 3120 4872 Capitula
3148 4817 3258 4872 non
3289 4799 3464 4851 solum
3497 4809 3592 4846 non

2037 4871 2372 4945 nominasse,
2399 4872 2494 4926 sed
2525 4873 2668 4945 inter
2688 4871 3278 4945 dogtnata__adiaphora
3309 4879 3593 4945 numeran-

2039 4939 2162 4994 dam
2201 4957 2323 4996 esse
2355 4943 2716 5012 quaestionem
2765 4938 2839 5012 ite
2893 4942 3073 5012 tribus
3115 4938 3590 5012 Cttpitulisut'isum

2037 5023 2157 5062 esse
2209 5007 2438 5066 iunue're
2479 5013 2532 5064 in
2575 5011 2680 5064 ﬁne
2715 5011 2900 5072 edicti,
2939 5011 3068 5064 dum
3119 5010 3216 5071 ait,
3264 5022 3324 5060 se
3357 5007 3448 5059 illa
3479 5017 3594 5056 cre-

2038 5078 2214 5134 denda
2261 5081 2633 5150 proposuisse,
2667 5091 2726 5134 ut
2753 5081 2989 5150 deinceps
3032 5076 3324 5150 nemqullo
3349 5081 3594 5150 praetextu

2039 5145 2526 5220 promer-personas
2551 5161 2641 5204 aut
2661 5150 2892 5220 syllabas
2920 5145 3138 5220 rimetur.
3169 5147 3378 5220 Quibus
3419 5145 3591 5198 Theo-

2035 5215 2157 5290 dori
2197 5215 2505 5290 personam,
2555 5215 2792 5290 itemque
2822 5221 3022 5288 scripta
3051 5215 3390 5290 Theodoriti.
3439 5223 3594 5280 atque

2036 5287 2141 5342 Iba:
2187 5287 2328 5344 forte
2369 5291 2658 5352 intellexit,
2707 5287 2817 5344 nec
2865 5287 2972 5343 non
3003 5287 3591 5357 quaestionemnuper:

2037 5358 2174 5432 rime
2203 5370 2450 5432 exortam
2501 5361 2568 5415 de
2620 5349 2850 5432 cerpore
2894 5349 3099 5432 Christi
3125 5349 3483 5432 corruptibili
3513 5349 3590 5426 "9'!

2037 5427 2474 5498 incorruptibili;
2529 5445 2634 5483 una
2687 5423 2834 5498 enim
2886 5429 3090 5498 syllaba
3125 5423 3592 5498 Romanijmpcrji

2036 5491 2312 5572 antistites
2344 5491 2736 5572 nobilissimos
2775 5491 3136 5572 incisilinm.
3191 5491 3382 5572 ιιῑοουι
3423 5505 3450 5543 ³
3475 5491 3592 5572 Ellis

2035 5567 2285 5688 sedigbps,
2325 5569 2730 5638 deportaverat.
2800 5569 2948 5636 (Ant.
3001 5555 3146 5628 Ptol,
3191 5555 3256 5618 ad
3290 5576 3420 5614 ann.
3473 5555 3588 5619 566,

2037 5653 2090 5688 n.
2185 5679 2192 5686 .

2037 5653 2090 5688 n.
2143 5639 2218 5704 ο.)
