4016 6208
263 357 406 423 2809

1187 357 1573 418 HISTORIA;
1625 357 2216 422 ECCI.ESlASTlC.E
2261 362 2493 422 LIBER
2533 364 2597 424 V.

3376 357 3520 422 2810

263 471 370 542 γῆν
397 465 740 533 διαϐιϐάσας,
777 465 833 530 ὲς
862 465 963 538 τὴν
992 465 1280 538 Ῥωμαίων
1311 469 1670 539 ἐπικράτειαν
1697 469 1846 538 ἠφίει

1955 488 2048 527 sua
2084 475 2334 543 trajecta,
2375 473 2772 527 Adaarmanem
2808 469 3030 538 quidem
3062 470 3114 524 in
3148 469 3518 524 Romanorum

261 565 354 619 διὰ
393 560 486 616 τοῦ
517 559 854 630 καλουμένου
884 560 1213 630 Κιρκησίου.
1256 560 1330 612 Τδ
1358 560 1414 614 δὲ
1447 563 1748 632 Κιρκήσιόν
1775 565 1840 631 (ι)

264 658 384 712 tot:
417 655 660 726 πόλισμα
701 652 991 724 Ῥωμαίοις
1027 652 1484 722 ἐπικαιρότατον,
1541 653 1676 722 πρὸς
1725 655 1842 716 ταῖς

263 751 546 820 ἐσχατιαῖς
579 747 672 802 τοῦ
703 746 1098 816 πολιτεύματος
1133 745 1384 815 κείμενον
1406 759 1420 774 ·
1475 745 1612 818 ὅπερ
1647 744 1842 814 ὀχυρὸν

263 844 326 896 οὐ
382 841 519 912 μόνα
569 840 642 895 τὰ
685 839 842 908 τείχη
888 841 1066 904 ποιεῖ,
1105 839 1162 902 ἐς
1195 837 1424 908 ἄπειρον
1457 836 1590 905 ὕψος
1618 836 1842 907 sumpti-

267 953 406 1005 μενα
430 951 444 965 ·
493 934 628 988 ἀλλὰ
671 933 764 986 καὶ
809 932 1104 1002 Εὐφράτης
1137 933 1233 984 καὶ
1265 931 1498 1000 Ἀϐὁρας
1526 931 1576 982 οἱ
1606 929 1843 998 ποταμοὶ

265 1027 628 1090 κυκλοῦντες,
689 1027 785 1080 καὶ
836 1025 1026 1095 ὥσπερ
1076 1024 1476 1094 ἀποειησοῦντες
1521 1022 1618 1093 τὴν
1669 1021 1838 1074 πόλιν.

261 1121 438 1183 Αὐτὸς
483 1119 540 1173 δὲ
595 1119 692 1172 σὺν
734 1121 848 1181 τοῖς
889 1119 1026 1186 ἀμφ’
1052 1117 1215 1170 αὐτὸν
1251 1116 1340 1168 τὸν
1371 1115 1620 1185 Τίγρητα
1651 1113 1843 1176 ’διαϐὰς

261 1213 538 1281 ποταμὸν,
573 1212 665 1264 ἐπὶ
687 1209 956 1272 Νισίϐεως
976 1209 1075 1281 τὴν
1103 1207 1286 1260 ἔλασιν
1314 1208 1550 1260 ἐποεῖτο.
1579 1205 1762 1258 Ταῦτα
1785 1205 1841 1258 δὲ

259 1304 526 1372 γινόμενα
547 1344 560 1363 ,
601 1302 760 1372 μέχρι
795 1299 992 1352 πολλοῦ
1023 1301 1151 1362 τοὺς
1179 1298 1489 1366 Ῥωμαίους
1517 1297 1841 1350 ἐλάνθανεν*

259 1395 408 1449 ὥστε
440 1397 724 1447 ’1ουστῖνον
753 1395 910 1465 φήμῃ
939 1392 1260 1460 πειθόμενον
1279 1433 1293 1452 ,
1329 1387 1565 1461 λεγούσῃ
1597 1388 1845 1458 Χοσρόην

269 1489 300 1558 ἢ
325 1487 599 1544 τεθνάναι.
625 1487 657 1558 ἢ
689 1485 822 1556 πρὸς
847 1485 1018 1546 αὑτὰς
1042 1483 1360 1546 τελευταίας
1385 1481 1660 1544 ἀναπνοὰς
1681 1477 1842 1544 εἶναι,

261 1576 525 1644 ἁσχάλειν
581 1577 672 1628 ἐπὶ
717 1579 782 1646 τῇ
831 1574 996 1644 δῆθεν
1047 1575 1339 1645 βραδυτῆτι
1388 1573 1488 1642 τῆς
1529 1573 1845 1642 πολιορκίας

263 1670 368 1737 τῆς
400 1667 670 1727 Νισίϐεως
691 1709 704 1729 ,
741 1666 954 1736 πέμψαι
985 1684 1043 1718 τε
1075 1667 1199 1728 τοὺς
1226 1665 1540 1730 ὲπείξοντας
1571 1665 1661 1718 τον
1688 1667 1844 1734 Μαρ-

264 1760 494 1824 κιανὺν,
550 1761 645 1811 καὶ
693 1758 792 1820 τὰς
840 1757 991 1820 κλεῖς
1037 1757 1147 1810 τῶν
1189 1757 1374 1809 πυλῶν
1407 1756 1482 1818 ὡς
1507 1757 1736 1826 τάχιστα
1764 1757 1842 1808 of-

266 1867 482 1912 σοντας.
520 1851 606 1913 Ὠς
638 1851 691 1902 δὲ
721 1849 976 1914 οὐδαμῶς
1009 1850 1068 1903 τὸ
1094 1851 1323 1920 πρᾶγμα
1353 1849 1567 1920 προῄει.
1595 1849 1730 1902 ἀλλὰ
1753 1849 1846 1901 καὶ

264 1941 470 2010 πολλὴν
500 1941 674 2008 ὢφελε
713 1941 808 2012 τὴν
836 1942 1120 2012 αἰσχύνην,
1157 1943 1222 1994 τὰ
1257 1943 1514 2011 ἀμήχανα
1546 1940 1722 2011 ζητῶν
1753 1941 1846 1992 ἐπὶ

263 2037 497 2108 τοιαύτῃ
533 2042 628 2089 καὶ
656 2035 890 2108 τοσαύτῃ
924 2037 1075 2089 πόλει
1111 2037 1203 2090 καὶ
1233 2036 1404 2098 οὕτως
1435 2035 1846 2106 ἐξουθενημένῳ

263 2128 517 2200 στρατῷ,
553 2129 883 2196 ἀγγέλλεται
925 2129 1144 2200 πρῶτον
1188 2130 1472 2199 Γρηγορίῳ
1507 2129 1583 2192 τῶ
1611 2127 1847 2180 Θεουπό-

259 2223 403 2283 λεως
447 2222 750 2290 ὲπισκόπῳ.
809 2221 868 2274 Ὀ
915 2221 1025 2289 γὰρ
1073 2221 1171 2288 τῆς
1213 2220 1484 2282 Νισίϐεως
1527 2220 1844 2285 ἐπίσκοπος,

261 2310 418 2378 φίλος
453 2310 509 2370 ἐς
539 2311 608 2361 τὰ
645 2310 878 2379 μάλιστα
915 2311 1204 2380 Γρηγορίῳ
1234 2311 1512 2371 καταστὰς
1536 2352 1550 2374 ,
1591 2309 1848 2380 μεγάλοις

259 2401 459 2470 δώροις
497 2401 624 2469 παρ’
647 2401 812 2453 αὑτοῦ
841 2401 1122 2464 δεξιωθεὶς
1149 2443 1163 2464 ,
1217 2402 1392 2464 ἄλλως
1421 2419 1480 2454 τε
1507 2401 1562 2454 δὲ
1597 2403 1690 2456 καὶ
1721 2403 1848 2455 δυσ-

263 2493 532 2563 χεραίνων
571 2492 666 2561 τὴν
703 2491 924 2562 Περσῶν
957 2493 1244 2564 παροινίαν
1279 2492 1378 2562 τὴν
1407 2493 1463 2556 ἐς
1491 2494 1848 2562 Χριστιανοὺς

261 2581 617 2651 γιγνομένην,
644 2583 708 2651 ἦν
735 2581 822 2634 διὰ
853 2583 1052 2646 παντὸς
1081 2585 1215 2652 παρ’
1243 2583 1424 2635 αὐτῶν
1453 2583 1844 2646 ἐπεπόνθεσαν,

264 2674 366 2726 καὶ
399 2674 690 2742 Ῥωμαίων
739 2674 1011 2742 κατήκοον
1061 2674 1158 2744 τὴν
1203 2675 1413 2727 οἰκείαν
1445 2675 1598 2728 πόλιν
1641 2677 1848 2745 ἱμειρό-

267 2782 436 2835 μενος
463 2761 622 2828 εἶναι,
658 2765 875 2818 πάντων
904 2765 1012 2818 τῶν
1041 2766 1096 2818 ὲν
1122 2767 1187 2835 τῇ
1215 2766 1314 2817 ὑπε
1327 2766 1483 2836 popl;
1512 2767 1849 2834 γιγνομὲνων

267 2857 372 2928 τὴν
389 2857 590 2924 γνῶσιν
609 2858 898 2928 Γρηγορίῳ
915 2857 1232 2927 παρείχετο,
1257 2857 1478 2910 ἅπαντα
1502 2859 1640 2913 κατὰ
1659 2859 1850 2928 καιρδν

267 2948 578 3018 παριστὰς·
621 2948 764 3020 ἆπερ
797 2949 1112 3018 παραυτίκα
1149 2950 1241 3004 ἐπὶ
1281 2949 1568 3004 Ἰουστῖνον
1599 2953 1847 3020 ἀνέφερε,

269 3043 372 3112 τὴν
405 3043 586 3111 ἔφοδον
620 3043 713 3096 τοῦ
744 3045 986 3113 Χοσρόου
1018 3044 1115 3112 τὴν
1139 3043 1400 3113 ταχίστην
1433 3043 1672 3112 μηνύων.
1693 3044 1748 3097 '0
1773 3045 1848 3104 δὲ,

1944 561 2082 618 ﬁnes
2130 579 2228 632 per
2266 562 2567 618 Circesium
2615 562 2818 616 emisit.
2854 560 2948 614 Est
2996 571 3177 613 autem
3211 559 3518 614 Circesinm

1943 656 2210 725 oppidum
2263 654 2770 709 commodissimum
2821 653 3102 716 Romanis,
3157 651 3211 704 in
3259 653 3524 706 extremis

1945 749 2164 818 imperii
2214 747 2418 801 tinibus
2462 745 2650 800 silum.
2703 744 2860 810 Quod
2913 760 3020 797 non
3079 742 3220 796 muri
3261 741 3436 796 solum
3465 743 3520 795 in

1944 855 2212 895 summam
2248 838 2598 892 altitudinem
2630 837 2821 902 erecti,
2847 851 3038 890 verum
3069 835 3234 888 etiam
3265 833 3522 903 Euphra-

1945 943 2028 988 tes
2060 931 2313 987 etAbora
2344 931 2493 985 ﬂuvii
2546 930 2979 984 munitissimum
3037 928 3308 992 reddunt,
3350 935 3518 980 totam

1945 1027 2134 1082 urbem
2167 1026 2412 1093 undique
2465 1025 2781 1092 cingentes,
2809 1039 2874 1077 ac
2909 1023 3077 1076 veluti
3133 1021 3367 1074 insulam
3402 1019 3520 1074 etii--

1945 1121 2174 1174 cientes.
2205 1118 2322 1186 lpse
2351 1131 2481 1170 vero
2511 1131 2634 1170 cum
2667 1115 2840 1184 copiis
2875 1116 2988 1168 suis
3041 1115 3247 1184 Tigrim
3293 1111 3518 1168 ﬂuvium

1947 1220 2342 1279 transgressus,
2379 1207 2610 1262 Nisibim
2653 1207 2956 1260 contendit.
2992 1205 3114 1259 lizec
3138 1205 3266 1258 dum
3303 1205 3518 1269 tierent,

1944 1303 2038 1358 diu
2075 1313 2254 1356 tamen
2307 1303 2584 1356 Romanos
2633 1301 2932 1360 latuerunt,
3001 1299 3137 1352 adeo
3175 1308 3234 1352 ut
3270 1297 3522 1352 Justinus

1945 1395 2103 1448 famae
2143 1391 2376 1445 nimium
2433 1389 2686 1454 credens,
2737 1406 2856 1458 qure
2901 1389 3199 1444 Chosroem
3271 1395 3366 1440 aut
3409 1388 3520 1456 jam

1948 1495 2228 1538 mortuum
2249 1497 2390 1542 esse,
2419 1491 2513 1534 aut
2536 1491 2687 1534 certe
2711 1489 3016 1534 extremum
3045 1476 3300 1546 spiritum
3323 1475 3522 1529 ducere

1946 1575 2258 1638 nuntiabat,
2290 1587 2432 1643 aegre
2455 1572 2626 1626 ferret
2658 1572 2802 1642 quod
2837 1571 3054 1626 obsidio
3087 1570 3290 1624 Nisibis
3333 1569 3522 1622 tandiu

1947 1668 2368 1739 protraheretur
2405 1684 2418 1718 :
2458 1673 2511 1719 et
2569 1663 2832 1733 quosdam
2867 1663 3112 1715 mitteret
3158 1661 3250 1730 qui
3299 1659 3524 1714 Marcia-

1947 1774 2078 1812 num
2106 1765 2386 1826 urgerent,
2419 1764 2474 1810 et
2497 1755 2590 1824 qui
2625 1756 2805 1808 claves
2836 1761 3116 1823 portarum
3140 1752 3205 1805 ad
3241 1767 3300 1806 se
3338 1751 3524 1806 confc-

1949 1851 2076 1906 stim
2111 1848 2393 1904 afferrent.
2422 1847 2526 1902 Sed
2561 1862 2684 1901 cum
2715 1863 2800 1901 res
2833 1847 3146 1899 nullatenus
3177 1843 3522 1914 procederet,

1948 1945 2059 1999 imo
2099 1944 2287 2013 potius
2328 1943 2624 1996 maximum
2673 1941 2789 2009 ipse
2837 1940 3080 1993 dedecus
3138 1953 3201 1992 ac
3255 1937 3522 2008 probrum

1947 2035 2202 2098 referret,
2233 2033 2438 2102 quippe
2461 2032 2556 2101 qui
2583 2047 2646 2085 ea
2674 2047 2794 2100 qua:
2828 2029 2942 2084 fieri
2973 2047 3075 2082 non
3119 2039 3375 2100 poterant
3407 2039 3523 2083 ten-

1950 2137 2091 2182 taret
2127 2127 2394 2180 adversus
2458 2133 2660 2179 tantam
2701 2123 2892 2178 urbem
2925 2140 3048 2176 eum
3109 2123 3356 2176 exercitu
3415 2131 3520 2175 tam

1947 2222 2046 2274 vili
2099 2229 2262 2288 atque
2294 2219 2549 2289 abjeeto;
2597 2215 2820 2270 nuntius
2873 2215 3108 2282 primum
3159 2215 3400 2284 perlatus
3439 2223 3520 2268 est

1949 2314 2014 2368 ad
2039 2312 2362 2381 Gregorium
2394 2309 2709 2378 episcopum
2734 2306 3058 2361 Antiochiae.
3099 2306 3230 2359 Nam
3258 2321 3380 2360 cum
3403 2304 3520 2373 epi-

1949 2419 2150 2472 scopus
2177 2402 2354 2456 Nisibi
2379 2403 2428 2455 ei
2457 2409 2603 2454 esset
2637 2398 3021 2456 amicissimus,
3051 2407 3239 2465 utpote
3287 2395 3379 2464 qui
3409 2411 3522 2448 ma-

1950 2497 2112 2550 ximis
2140 2491 2466 2548 muneribus
2503 2491 2569 2544 ab
2615 2491 2706 2543 illo
2732 2489 2964 2543 allectus
2999 2487 3212 2544 fuisset.
3240 2494 3294 2538 et
3317 2485 3522 2552 alioqui

1951 2587 2340 2643 contumeliam
2399 2583 2689 2636 Persarum
2742 2595 2869 2650 erga
2925 2578 3290 2640 Christianos,
3358 2591 3528 2646 quam

1950 2685 2218 2747 perpetuo
2265 2675 2407 2744 passi
2461 2675 2670 2728 fuerant
2712 2669 3032 2732 Christiani,
3075 2673 3310 2722 molesto
3342 2669 3526 2722 animo

1952 2771 2140 2834 ferret,
2180 2777 2534 2838 cuperetque,
2571 2769 2702 2819 urbs
2727 2774 2786 2818 ut
2807 2779 2901 2817 sua
2935 2765 2988 2816 in
3017 2763 3280 2816 ditionem
3322 2760 3530 2814 Roma-

1951 2879 2147 2918 norum
2179 2863 2397 2917 veniret
2429 2880 2441 2914 :
2478 2871 2820 2928 quaieunque
2865 2855 2920 2910 in
2967 2855 3177 2908 hostico
3211 2853 3431 2916 ﬁebant,
3459 2853 3526 2906 ad

1951 2955 2196 3025 Gregorii
2229 2953 2478 3008 notitiam
2525 2950 2846 3020 perferenda
2897 2949 3160 3012 curabat,
3198 2955 3396 3000 cuncta
3428 2960 3528 2998 suo

1958 3056 2200 3113 tempore
2233 3042 2568 3110 signiﬁcans.
2620 3039 2752 3106 Quae
2779 3039 3001 3108 quidem
3033 3035 3331 3106 Gregorius
3351 3035 3529 3090 conti-

269 3134 406 3206 περὶ
435 3137 534 3198 τὰς
563 3135 816 3205 συνήθεις
840 3135 1034 3204 ἡδονὰς
1065 3135 1568 3204 ὲγκαλινδούμενος,
1607 3139 1717 3198 τοῖς
1754 3137 1848 3205 μὲν

1955 3153 2063 3190 nuo
2085 3135 2272 3189 retulit
2299 3133 2364 3186 ad
2401 3133 2700 3194 Justinum,
2748 3129 3092 3184 celerrimum
3147 3126 3412 3182 Chosrois
3451 3125 3528 3178 ir-

267 3229 684 3298 γεγραμμένοις
731 3231 1018 3300 προσεῖχεν
1063 3227 1246 3281 οὐδέν·
1301 3227 1426 3280 οὔτε
1474 3228 1530 3281 δὲ
1577 3229 1852 3281 πιστεύειν

267 3323 506 3392 ἤθελεν,
561 3323 805 3390 οἰόμενος
853 3323 990 3390 ὅπερ
1035 3321 1307 3374 ἐϐούλετο.
1343 3321 1575 3374 Ἔπεται
1607 3321 1716 3391 γὰρ
1745 3326 1854 3384 τοῖς

271 3412 750 3482 ἑκδεδιῃτημὲνοις
793 3411 902 3464 τῶν
949 3411 1252 3482 ἀνθρώπων
1277 3451 1290 3476 ,
1341 3413 1404 3465 τό
1431 3431 1492 3466 τε
1522 3415 1712 3480 ἁγενὲς
1740 3415 1852 3484 (50)

273 3503 370 3558 καὶ
423 3503 596 3572 θρασὺ
648 3504 784 3575 προς
815 3502 914 3566 τὰς
941 3504 1196 3568 ἐκϐάσεις
1222 3520 1235 3533 ·
1285 3505 1346 3556 τὸ
1379 3505 1433 3558 δὲ
1469 3505 1696 3558 ἄπιστον
1729 3507 1855 3558 εἴτι

271 3595 494 3665 τύχοιεν
547 3596 773 3664 ἀντικρὺ
825 3595 931 3648 τῶν
980 3595 1254 3666 θελήσεων
1301 3597 1481 3649 αὐτῶν
1529 3597 1852 3667 φερόμενον.

273 3687 488 3758 Γράφει
519 3688 618 3758 μὲν
648 3684 740 3742 οὖν
769 3689 938 3759 αὐτῷ,
978 3687 1148 3741 ταῦτα
1191 3691 1374 3742 τέλεον
1409 3690 1854 3758 ἁποδιοπομπού-

281 3797 464 3850 μενος,
498 3779 572 3842 ὡς
605 3780 706 3832 οὐκ
731 3779 909 3850 ἀληθῆ
939 3781 1284 3834 παντάπασιν
1311 3781 1464 3833 ὄντα·
1506 3781 1554 3832 εί
1585 3780 1641 3834 δέ
1670 3797 1730 3847 γε
1763 3780 1856 3832 καὶ

277 3869 490 3938 ἀληθῆ,
537 3871 612 3932 ὡς
642 3871 700 3922 οὐ
735 3869 1090 3940 φθησομένων
1119 3871 1343 3941 Περσῶν
1374 3871 1472 3941 τὴν
1501 3871 1816 3937 πολιορκίαν
1843 3888 1855 3902 ο

279 3965 330 4016 εἰ
367 3962 425 4015 δὲ
461 3963 551 4015 καὶ
583 3964 794 4031 φθαῖεν,
835 3963 1021 4028 κακῶς
1056 3963 1452 4027 ἀπαλλαξάντω
1467 3981 1504 4016 I.
1547 3964 1858 4031 Ἐκπέμπει

282 4052 630 4117 δὶἋκὰκιον,
653 4053 956 4108 ἀτάσθαλόν
987 4071 1107 4108 τινα
1135 4057 1226 4108 καὶ
1257 4055 1520 4124 ὑϐριστὴν
1545 4055 1692 4125 παρὰ
1709 4055 1861 4122 Μαρ-

285 4145 508 4210 κιανὺν,
557 4146 1021 4216 ἐγκελευσάμενος
1067 4148 1162 4200 καὶ
1201 4149 1248 4199 εί
1282 4146 1511 4216 θάτερον
1545 4149 1654 4198 τοῖν
1683 4146 1861 4198 ποδοῖν

284 4237 316 4289 ὁ
339 4237 658 4308 Μαρκιανὸς
689 4239 858 4309 φθαίη
892 4242 956 4309 τῇ
990 4239 1139 4292 πόλει
1171 4239 1422 4308 πέμψας,
1459 4238 1768 4308 παραλῦσαί
1799 4255 1860 4304 γε

285 4328 451 4382 αὐτὸν
504 4331 604 4399 τῆς
656 4330 854 4400 ἀρχῆς.
898 4332 964 4383 ’Ὀ
1015 4331 1109 4382 καὶ
1157 4331 1440 4400 πέπρακεν
1485 4329 1766 4400 ἀκριϐῶς,
1801 4329 1862 4380 οὐ

1957 3225 2270 3297 ruptioneiu
2307 3227 2591 3278 nuntians.
2623 3225 2690 3276 At
2718 3221 2990 3284 Justinus,
3025 3235 3150 3274 cum
3177 3219 3230 3272 in
3253 3217 3533 3272 consuetis

1956 3318 2332 3388 voluptatibus
2373 3314 2592 3368 assidue
2627 3313 2989 3372 volutaretur,
3024 3308 3274 3377 Gregorii
3315 3308 3531 3360 litteras

1957 3409 2230 3478 deSpexit,
2275 3421 2454 3475 neque
2487 3405 2554 3458 iis
2576 3403 2736 3457 ﬁdem
2775 3402 2976 3456 habere
3011 3399 3206 3460 voluit,
3235 3397 3288 3450 id
3322 3404 3532 3450 tantum

1958 3500 2062 3554 sibi
2123 3496 2462 3568 persuadens
2498 3493 2644 3563 quod
2699 3493 2816 3560 ipse
2868 3490 3147 3560 cupiebat.
3185 3487 3400 3541 Etenim
3431 3485 3532 3540 ho-

1959 3593 2202 3646 minibus
2237 3589 2513 3644 dissolutis
2556 3602 2656 3640 usu
2701 3584 2888 3638 venire
2935 3583 3094 3642 solet,
3133 3587 3193 3634 ut
3241 3588 3297 3633 et
3355 3578 3532 3648 ignavi

1961 3685 2093 3745 sint,
2117 3690 2174 3735 et
2195 3679 2498 3749 praefidenti
2532 3679 2716 3730 animo
2741 3675 3009 3730 adversus
3035 3685 3222 3726 rerum
3261 3678 3532 3724 eventus:

1960 3785 2016 3828 et
2058 3773 2103 3828 si
2161 3771 2291 3841 quid
2333 3777 2526 3824 contra
2575 3768 2915 3821 voluntatem
2951 3764 3196 3832 ipsorum
3247 3759 3532 3822 acciderit,

1961 3866 2188 3920 tuinime
2219 3862 2467 3918 credant.
2503 3857 2738 3926 Scripsit
2791 3857 2958 3926 igitur
3000 3853 3284 3922 Gregorio,
3315 3867 3378 3906 ea
3415 3864 3540 3920 qua:

1961 3959 2030 4013 ab
2063 3957 2156 4010 illo
2191 3953 2440 4008 nuntiata
2469 3951 2708 4012 fuerant,
2736 3947 2958 4017 penitus
2989 3947 3242 4016 rejiciens
3267 3957 3330 3997 ac
3371 3957 3536 4010 repu-

1962 4049 2392 4114 dianstanquam
2409 4043 2543 4096 falsa
2574 4058 2587 4093 :
2613 4047 2706 4093 aut
2727 4039 2772 4092 si
2800 4054 2925 4092 vera
2940 4035 3324 4106 essent,ﬁ.36
3344 4035 3538 4087 Persas

1967 4151 2148 4196 tamen
2175 4134 2638 4206 expugnationem
2657 4131 2809 4184 urbis
2845 4129 3268 4199 haudquaquam
3297 4141 3542 4195 ιιι-ξενοπ-

1965 4245 2120 4289 turos
2149 4246 2312 4286 esse:
2367 4227 2450 4282 vel
2497 4225 2540 4280 si
2587 4241 2706 4279 eam
2741 4223 3154 4294 praevenissent,
3198 4219 3346 4289 gravi
3383 4217 3538 4271 clade

1964 4334 2186 4396 accepta
2239 4322 2366 4376 inde
2407 4321 2786 4374 abscessuros.
2832 4313 3004 4369 Simul
3043 4312 3301 4366 Acacium
3351 4324 3543 4378 quem.

287 4420 428 4490 πρὸς
455 4420 518 4472 τὸ
543 4425 785 4474 συνοῖσον
816 4425 927 4485 τοῖς
957 4422 1050 4474 τοῦ
1077 4422 1341 4491 βασιλέως
1373 4421 1527 4475 κελεύ
1538 4439 1670 4492 μασι
1691 4421 1852 4474 διακοι

1968 4419 2114 4479 dam,
2152 4413 2430 4468 hominem
2481 4409 2810 4464 sceleratum
2853 4414 2910 4460 et
2960 4403 3444 4464 contumeliosun't,
3473 4399 3538 4452 ad

289 4510 616 4582 νησάμενος.
685 4512 978 4582 Γενόμενος
1032 4514 1139 4583 γὰρ
1189 4515 1322 4584 πρὸς
1370 4515 1431 4566 τὸ
1473 4515 1862 4580 στρατόπεδον,

292 4601 610 4670 Μαρκιανδν
664 4605 761 4673 μὲν
813 4607 872 4658 ἐν
917 4607 983 4675 τῇ
1033 4606 1301 4677 ὑπερορίᾳ
1347 4606 1510 4659 παύει
1539 4608 1639 4676 τῆς
1667 4608 1862 4676 ἀρχῆς,

287 4693 443 4746 οὐδὲν
467 4693 546 4765 τῷ
565 4695 782 4766 στρατῷ
813 4697 1150 4764 διαγγείλας.
1172 4699 1234 4750 Οἱ
1265 4699 1320 4750 δὲ
1351 4697 1568 4767 λοχαγοὶ
1591 4702 1682 4749 καὶ
1711 4698 1862 4761 ταξι-

291 4784 498 4854 άρχαι,
547 4786 623 4849 ὡς
679 4788 1232 4858 διανυκτερεύοαντες
1266 4789 1532 4858 ἐξέμαθον
1589 4789 1865 4856 παυθῆναι

211 4896 230 4908 -
289 4874 384 4929 τδν
438 4879 782 4946 στρατηγὸν,
815 4881 1024 4949 ,πρόσω
1073 4879 1171 4949 μὲν
1219 4881 1280 4933 οὐ
1323 4879 1604 4950 παρῄεσαν
1637 4880 1700 4932 τὸ
1729 4881 1864 4951 πλῆ⁴

291 4963 385 5030 θος
412 4966 545 5038 (Μ)-
581 4969 1038 5040 ὑποχωρήσαντες
1067 4971 1124 5024 δὲ
1155 4969 1418 5039 φεύγουσι
1449 4971 1736 5040 σποράδες,
1769 4970 1866 5041 τὴν

1973 4509 2305 4565 Marcianum
2341 4502 2530 4566 mittit,
2572 4501 2706 4554 dans
2731 4499 2781 4553 ei
2819 4499 2874 4552 in
2915 4495 3209 4560 mandatis,
3239 4503 3297 4547 ut
3330 4491 3540 4546 etiamsi

1971 4601 2277 4658 Marcianus
2310 4597 2544 4650 alterunt
2575 4595 2680 4664 iam
2713 4590 2909 4662 pedem
2935 4591 2990 4644 in
3017 4589 3290 4644 civitatem
3328 4585 3544 4638 intulis-

1973 4704 2078 4755 set,
2131 4692 2182 4746 ei
2225 4686 2594 4743 nihilominus
2649 4690 2979 4752 potestatem
3031 4679 3343 4748 abrogaret.
3387 4673 3542 4740 Quod

1972 4785 2195 4858 quidem
2221 4780 2310 4834 ille
2342 4777 2532 4832 sedulo
2561 4773 2811 4844 perfecit,
2841 4789 2950 4825 non
2977 4787 3042 4824 ex
3079 4767 3394 4838 reipublic-:1:
3437 4765 3544 4816 uti-

1973 4855 2128 4933 litate
2151 4875 2451 4928 obsecutus
2481 4866 2832 4936 imperatoris
2861 4863 3139 4918 mandato.
3173 4861 3308 4915 Nam
3327 4873 3448 4910 cum
3475 4855 3542 4906 ιιει

1974 4977 2156 5026 castra
2183 4967 2560 5020 Romanorum
2597 4959 2858 5020 venisset,
2895 4953 3227 5008 Marcianum
3256 4952 3308 5003 in
3333 4947 3544 5001 hostico

1495 5081 1767 5137 V'ALESII
1801 5076 2349 5140 ANNOTATIONES.

366 5181 482 5250 (50)
525 5179 598 5234 Τό
618 5195 682 5232 τε
708 5180 940 5246 ἀτενές.
970 5180 1032 5250 in
1063 5178 1374 5246 Nicephoro
1395 5177 1675 5250 scribitur
1703 5178 1868 5250 ἀγεν-

295 5251 386 5314 νές
444 5247 542 5318 per
597 5250 800 5318 duplex
849 5267 898 5302 ν.
959 5249 1050 5302 Sic
1103 5249 1268 5317 paulo
1321 5259 1469 5308 ante,
1519 5247 1610 5300 ubi
1665 5247 1864 5316 legitur

299 5317 576 5390 ὰσχάλειν,
602 5317 747 5374 idem
774 5319 1114 5390 Nicephorus
1149 5317 1414 5387 scriptum
1452 5318 1618 5390 habet
1667 5318 1871 5390 ἀσχάλ-

300 5387 435 5456 λειν,
462 5390 614 5461 quod
643 5397 728 5444 est
750 5389 1031 5444 usitatius.
1075 5389 1260 5442 Potest
1297 5397 1473 5442 tamen
1526 5387 1580 5440 id
1639 5389 1870 5442 verbum

1967 5175 2152 5233 efferri
2179 5185 2302 5225 cum
2326 5165 2564 5235 simplici
2595 5162 2623 5215 λ
2653 5203 2667 5226 ,
2695 5171 2758 5235 ut
2787 5162 2946 5235 docet
2987 5155 3309 5235 Hesychius.

2189 5223 2284 5292 ῩΟὺ
2319 5223 2633 5312 παρῇεςαν
2656 5223 3001 5312 tundimus.
3023 5223 3384 5312 scribendum
3401 5233 3544 5312 Ιριιιο

1971 5293 2252 5383 na‘pﬂe'nv
2279 5293 2421 5383 ὲςτδ
2445 5293 2668 5383 πλῆθος.
2723 5293 2904 5383 ῥῖψις
2949 5295 3269 5383 ἰιιιηιςεὶεεο
3325 5293 3544 5383 videtur

1972 5363 2275 5440 lilii-Siculus.
2300 5363 2390 5433 Sic
2413 5363 2560 5432 enini
2597 5372 2762 5426 vertit
2783 5363 2826 5423 ε’
2845 5363 3320 5436 Exercitui‘porro
3359 5363 3542 5418 adesse

1735 5497 2116 5554 VARIORUM.

377 5597 440 5666 (ι)
481 5595 828 5666 Κιρκήσιον.
864 5591 1559 5666 OppidumMesopotamize
1585 5609 1612 5646 a
1655 5592 1872 5666 Diocle-

304 5662 457 5721 tiano
487 5665 791 5728 conditum,
822 5675 872 5719 et
904 5662 932 5718 a
963 5664 1271 5720 Justiniano
1327 5670 1721 5717 restauratum:
1751 5662 1872 5716 Cir-

301 5737 486 5792 ceium
534 5735 864 5805 Capitolino,
898 5733 1210 5805 Circusium
1247 5733 1568 5805 _Alltllllall0,
1593 5732 1869 5805 Constant

307 5808 424 5862 tina
455 5801 814 5878 quibusdam;
853 5805 1007 5864 sedet
1027 5803 1092 5860 ad
1124 5803 1452 5872 Euphratem
1489 5802 1742 5868 ﬂuvium,
1779 5801 1872 5855 ubi

1966 5589 2165 5658 recipit
2189 5585 2522 5658 Chaboram,
2566 5579 2704 5658 infra
2743 5575 3046 5658 Tapsacrqn
3071 5573 3366 5658 etreginne'
3403 5569 3546 5652 {ira-

1965 5643 2370 5718 bire'descrtze;
2430 5653 2482 5706 in
2513 5643 2580 5706 eo
2615 5653 2756 5704 inest
2812 5647 3078 5702 Tumulus
3110 5643 3368 5700 Gordiani
3403 5643 3538 5713 imp.

1967 5731 2314 5800 (Βιιόιιικο.)
