4016 6208
275 165 418 231 289.1

1209 121 1591 224 msromaﬁ
1631 165 2222 230 ECCLESIASTICE
2265 171 2494 230 LIBER
2537 173 2600 230 ι’.

3399 175 3539 240 2822

281 283 345 332 τὸ
373 279 529 346 θέρος
547 277 637 328 ἐπὶ
668 275 764 344 τὴν
791 275 1085 345 Ἀρμενίαν
1112 275 1404 336 ἐλάσαντα,
1432 273 1643 326 ἐκεῖθέν
1673 291 1730 326 τε
1759 277 1858 337 τὰς

1967 291 2108 346 ptam
2155 280 2347 332 urbem
2383 279 2582 340 Daras,
2621 281 2908 335 confestim
2953 283 3144 340 restire
3193 295 3438 356 tempore
3482 307 3538 344 ιιι

281 373 460 438 ὁρμὰς
493 369 583 420 ἐπὶ
604 370 699 435 τὴν
723 367 1002 438 Καίσαρος
1035 366 1249 436 ἔχοντα,
1281 367 1314 436 ἢ
1347 365 1454 418 τῶν
1475 367 1860 420 Καππαδοκῶν

287 461 468 529 ἄρχει,
501 459 592 510 καὶ
622 458 730 510 τῶν
757 457 953 510 αὐτόσε
985 457 1334 527 προκάθηται
1371 457 1600 510 πόλεων.
1653 461 1746 520 Ὃς
1776 477 1862 512 το-

287 549 478 602 σοῦτον
534 549 902 618 ὑπερεφρόνει
953 547 1053 617 τὴν
1093 547 1384 616 Ῥωμαίων
1435 549 1634 618 ἀρχὴν,
1683 551 1766 602 ὅτι
1803 568 1864 618 γε

283 639 773 710 πρεσϐευσαμένου
808 640 904 692 τοῦ
943 640 1244 710 Καίσαρος,
1292 640 1392 692 οὐκ
1443 640 1596 710 ἠξίου
1638 642 1737 711 τῆς
1791 643 1866 706 ὡς

283 731 444 783 αὐτὴν
479 731 663 783 ἐσόδου
697 734 812 792 τοῖς
842 731 1106 800 πρέσϐεσι
1142 733 1508 802 μεταδοῦναι·
1539 731 1770 787 ἕπεσθαι
1807 735 1862 786 δὲ

283 823 492 885 τούτοις
519 823 857 876 διεκελεύετο
886 825 1048 894 μέχρι
1073 825 1170 893 τῆς
1195 825 1498 895 Καίσαρος,
1516 827 1726 878 Ἐκεῖσε
1759 829 1866 896 γάρ

285 921 414 990 περὶ
459 921 558 988 τῆς
609 921 906 990 πρεσϐείας
953 920 1274 974 διασκοπεῖν
1318 920 1522 988 ἔλεγεν.
1563 921 1649 982 Ὠς
1701 921 1745 973 δ’
1775 922 1866 974 οὖν

285 1015 664 1079 ἀντιμέτωπον
687 1012 790 1066 εἶδε
815 1015 874 1066 τὸ
889 1015 1176 1084 Ῥωμαίων
1203 1015 1432 1085 στράτευ
1443 1033 1518 1084 μα
1539 1016 1640 1068 ὑπὸ
1657 1017 1866 1068 Ἰουστι-

283 1105 454 1174 νιανῷ
495 1106 640 1173 (69)
697 1106 1062 1173 ταττόμενον,
1129 1106 1378 1175 τάδελφῷ
1427 1105 1718 1158 Ἰουστίνου
1771 1106 1863 1159 τοῦ

285 1201 427 1268 πρὸς
459 1197 748 1250 ἰουστίνου
799 1197 1052 1260 δειλαίως
1087 1197 1434 1268 ἀνῃρημένου
1465 1197 1599 1268 (70),
1624 1199 1864 1264 ἀκριϐῶς

285 1289 696 1355 ἐξωπλισμένον
721 1327 735 1350 ,
771 1287 831 1338 τό
855 1305 912 1340 τε
949 1287 1194 1340 ἐνυάλιον
1233 1287 1331 1350 τὰς
1363 1287 1672 1355 σάλπιγγας
1699 1288 1862 1356 ἠχού-

289 1397 410 1442 σας,
463 1379 552 1430 καὶ
594 1379 662 1430 τὰ
695 1382 898 1446 σημεῖα
945 1379 1078 1450 πρὸς
1127 1381 1310 1448 μάχην
1355 1379 1641 1450 αίρὸμενα,
1681 1382 1772 1432 τόν
1804 1397 1862 1432 τε

289 1468 628 1540 στρατιώτην
665 1469 908 1536 φονῶντα
931 1509 947 1534 ,
992 1471 1083 1522 καὶ
1131 1469 1307 1539 θυμοῦ
1347 1471 1484 1538 μετὰ
1509 1470 1608 1534 τῆς
1643 1473 1698 1532 ἐς
1728 1471 1865 1537 ἄγαν

287 1559 582 1628 εὐκοσμίας
614 1559 880 1622 πλέοντα,
925 1560 1088 1612 ἵππον
1119 1577 1178 1612 τε
1233 1561 1499 1632 τοσαύτην
1543 1564 1634 1614 καὶ
1683 1565 1864 1614 τοιαύ-

287 1669 390 1720 την
421 1653 489 1714 ⁸⁸,
515 1652 582 1722 ἢν
605 1651 781 1715 οὐδεὶς
811 1651 1026 1705 πώποτε
1050 1653 1314 1722 βασιλέων
1336 1655 1664 1724 ὲφαντὰσθη,
1695 1655 1864 1710 πολλά

289 1759 354 1810 γε
385 1743 724 1808 ἐπιθειάσας,
757 1741 1026 1812 ἀνῴμωξε
1073 1744 1264 1812 μύχιον
1295 1745 1430 1814 πρὸς
1461 1745 1522 1797 τὸ
1549 1745 1739 1798 ᾶνελπι
1775 1747 1866 1798 καὶ

289 1835 552 1902 ἀδόκητον
579 1849 592 1864 ο
621 1835 714 1886 καὶ
751 1835 929 1904 μάχης
961 1835 1060 1888 οὐκ
1090 1835 1278 1906 ἤθελον
1315 1836 1520 1905 ἄρχειν.
1542 1837 1864 1890 Ἀναδαλλο-

295 1924 440 1992 μένῳ
469 1923 522 1976 δὲ
549 1924 694 1994 αὺτῷ
719 1926 812 1978 καὶ
839 1925 1181 1994 διαμέλλοντι
1207 1968 1222 1992 ,
1255 1928 1350 1981 καὶ
1379 1927 1470 1978 τὸν
1509 1928 1696 1997 καιρὸν
1742 1929 1864 1998 τρί-

291 2017 460 2082 ϐοντι,
502 2019 594 2071 καὶ
627 2019 964 2088 σοφιζομένῳ
997 2019 1094 2088 τὴν
1133 2021 1330 2088 μάχην,
1383 2019 1556 2072 ἔπεισι
1607 2022 1788 2090 Κοὺρς
1840 2023 1868 2073 ὁ

291 2108 504 2178 Σκύθης
531 2109 665 2176 (7|),
708 2109 846 2180 ἀνὴρ
877 2111 970 2162 τοῦ
1005 2109 1180 2172 δεξιοῦ
1209 2111 1384 2178 κέρως
1419 2110 1738 2178 ἡγούμενος.
1761 2113 1866 2164 Καὶ

297 2201 368 2270 μὴ
399 2200 528 2254 οἴων
549 2217 606 2252 τε
637 2200 949 2270 γενομένων
969 2201 1210 2268 ἐνεγκεῖν
1231 2203 1328 2268 τὴν
1359 2201 1594 2271 ἐμϐολὴν
1615 2201 1721 2253 τῶν
1747 2205 1865 2254 κατ’

291 2293 454 2346 αὐτὸν
490 2292 740 2364 Περσῶν,
774 2293 1166 2350 ἐκλελοιπότων
1191 2293 1246 2345 δὲ
1285 2294 1428 2363 μάλα
1468 2293 1732 2363 λαμπρῶς
1769 2295 1866 2366 τὴν

291 2385 442 2450 τάξιν
464 2423 480 2446 ,
515 2385 686 2438 πολὺν
731 2384 830 2454 μὲν
859 2383 1156 2453 εἰργάσατο
1185 2387 1342 2453 φόνον
1373 2384 1482 2436 τῶν
1513 2385 1862 2449 ἀπεναντίας.

299 2475 516 2526 Ἔπεισι
549 2473 606 2526 δὲ
633 2476 746 2536 τοῖς
777 2475 1056 2542 οὐραγοῖς,
1103 2473 1230 2524 ἔνθα
1259 2475 1350 2524 καὶ
1385 2473 1482 2540 τὴν
1515 2475 1868 2544 ἀποσκευηνὸ

293 2579 351 2614 τε
381 2561 628 2632 Χοσρόης
656 2563 747 2614 καὶ
767 2565 794 2614 ό
825 2561 1046 2631 σύμπας
1075 2558 1186 2630 εἶχε
1215 2563 1444 2632 στρατός
1477 2577 1490 2590 °
1524 2565 1670 2632 αίρεῖ
1692 2581 1748 2614 τε
1775 2563 1870 2632 βα-

299 2653 480 2705 σιλικὰ
515 2653 776 2722 κειμήλια
801 2653 1186 2716 ἁπαξάπαντα,
1225 2655 1320 2706 καὶ
1347 2653 1452 2723 μὴν
1483 2654 1576 2706 καὶ
1604 2653 1702 2723 τὴν
1731 2654 1866 2706 ἀπο-

297 2744 498 2809 σκευὴν
523 2741 763 2804 ἅπασαν,
793 2742 1028 2811 ὁρῶντος
1065 2742 1164 2812 μὲν
1190 2743 1452 2814 Χοσρόου.
1479 2745 1569 2796 καὶ
1600 2746 1868 2814 ἐγκαρτε-

299 2833 536 2903 ροῦντος,
571 2834 928 2902 ἀνεκτοτὲραν
953 2834 1010 2887 δὲ
1033 2835 1130 2904 τῆς
1165 2835 1358 2888 ἑαυτοῦ
1393 2837 1724 2906 ἐπιστροφῆς
1751 2837 1864 2904 (7;!)

1901 1619 1938 1668 ll

1963 369 2278 422 Armeniam
2307 371 2604 438 irruperat,
2643 381 2808 442 atque
2849 373 2974 428 inde
2999 373 3301 432 Caesaream
3329 377 3539 448 Cappa-

1964 460 2134 514 ducite
2167 470 2224 513 et
2251 462 2586 530 reliquarum
2611 464 2722 516 illic
2746 466 2964 520 urbium
2996 472 3338 539 metropolim
3381 473 3538 528 inva-

1965 551 2096 606 dere
2131 553 2527 606 meditabatur:
2551 553 2710 626 M1
2741 557 3112 616 Romanorum
3133 571 3314 616 autem
3363 563 3538 634 impe-

1967 641 2109 692 rium
2137 649 2422 709 tantopere
2443 642 2888 712 despiciebat,‘ut
2906 663 3026 700 cum
3047 647 3228 704 Caesar
3245 653 3452 720 legatos
3473 656 3538 708 ad

1963 748 2089 786 eum
2154 733 2411 798 misisset,
2447 751 2544 790 eos
2592 737 2658 790 ad
2689 749 3044 807 conspectum
3101 759 3260 796 suum
3321 746 3542 800 minime

1966 824 2268 888 admiserit,
2317 827 2412 880 sed
2453 843 2626 897 usque
2673 827 2740 880 ad
2798 829 2990 882 urbem
3033 830 3335 888 Caesaream
3387 839 3542 906 sequi

1967 917 2144 983 ipsum
2173 917 2422 986 jusserit.
2465 920 2580 974 Illic
2601 919 2750 974 enim
2773 937 2834 976 se
2859 935 3055 978 eorum
3091 923 3421 994 legationem
3440 945 3540 982 au—

1966 1011 2210 1064 diturum
2237 1027 2356 1065 esse
2385 1013 2585 1068 aiebat.
2629 1015 2830 1070 Verum
2859 1017 2954 1072 ubi
2985 1019 3356 1074 Romanorum
3384 1037 3540 1076 exer-

1965 1101 2135 1154 citum
2161 1113 2350 1156 contra
2383 1119 2440 1156 se
2465 1113 2610 1160 stare
2641 1108 2798 1172 vidit,
2842 1109 2982 1164 duce
3015 1110 3344 1174 Justiniano,
3376 1113 3541 1168 fratre

1963 1190 2164 1244 Justini
2197 1195 2316 1262 ejus
2363 1194 2454 1262 qui
2503 1195 2572 1248 ab
2617 1197 2948 1265 imperatore
2974 1199 3190 1253 Justino
3241 1201 3542 1256 crudeliter

1966 1283 2184 1336 occisus
2217 1285 2397 1338 fuerat
2431 1303 2442 1337 :
2487 1287 2658 1354 probe
2694 1287 3024 1342 instructum
3056 1300 3218 1358 atque
3247 1301 3540 1356 armatum,

1965 1379 2021 1426 et
2049 1373 2210 1427 tubas
2245 1375 2501 1430 bellicum
2539 1391 2821 1441 canentes,
2847 1389 2902 1434 et
2929 1381 3082 1450 signa
3101 1382 3166 1434 ad
3191 1385 3540 1438 committen-

1967 1465 2090 1516 dam
2133 1479 2370 1532 pugnam
2407 1465 2460 1518 in
2502 1467 2671 1520 altum
2716 1469 2968 1522 sublata:
3017 1471 3246 1523 militem
3279 1483 3538 1540 prietcrea

1968 1555 2132 1608 caedis
2159 1556 2402 1620 avidum,
2429 1567 2486 1610 et
2509 1573 2634 1613 eum
2671 1559 3046 1627 pulcherrimo
3083 1572 3279 1615 ornatu
3317 1563 3450 1616 iram
3478 1583 3526 1618 at

1969 1645 2208 1700 furorem
2266 1648 2658 1714 anhelantem;
2721 1657 2932 1704 tantum
2983 1651 3221 1722 denique
3269 1670 3332 1710 ac
3382 1657 3541 1710 talem

1968 1744 2296 1811 equitatum,
2325 1755 2592 1814 quantum
2647 1748 2835 1802 nullus
2879 1763 3118 1818 unquam
3157 1766 3222 1806 ex
3249 1751 3546 1822 imperato-

1968 1835 2122 1890 ribus
2148 1837 2332 1890 animo
2355 1847 2712 1908 conceperat:
2733 1841 3093 1906 vehementer
3111 1843 3542 1912 obstupefactus,

1907 1977 1922 1996 Ι
1969 1925 2138 1978 altum
2175 1927 2440 1996 ingemuit
2471 1929 2542 1982 ob
2567 1945 2681 1984 rem
2715 1939 2822 1984 tam
2849 1932 3182 2002 insperatam
3206 1943 3368 2003 atque
3395 1935 3546 1989 inex-

1969 2025 2290 2084 spectatam,
2320 2033 2421 2071 nec
2453 2033 2688 2087 pugnam
2717 2020 2888 2075 ordiri
2911 2037 3148 2092 unquam
3178 2025 3371 2080 voluit.
3405 2023 3542 2080 Cum

1969 2105 2136 2176 igitur
2173 2109 2420 2177 praelium
2453 2111 2732 2176 differret,
2763 2123 2820 2168 et
2859 2116 3284 2170 cunctabundus
3327 2127 3546 2188 tempus

1969 2207 2200 2270 tereret,
2225 2209 2282 2256 et
2333 2219 2568 2272 pugnam
2601 2205 2866 2259 duntaxat
2898 2207 3202 2274 simularet,
3227 2211 3367 2264 Curs
3413 2211 3545 2283 Scy-

1969 2287 2085 2354 tha,
2118 2291 2209 2358 qui
2242 2291 2436 2346 dextro
2485 2295 2678 2347 cornui
2717 2307 2969 2364 praeerat,
3001 2297 3266 2367 impetum
3321 2301 3376 2354 in
3416 2319 3543 2356 eum

1969 2380 2122 2436 facit.
2157 2382 2412 2452 Ctunque
2447 2384 2628 2438 Persae
2663 2387 2925 2454 impetum
2965 2387 3111 2442 illius
3135 2391 3407 2446 sustinere
3437 2409 3546 2448 non

1969 2482 2214 2540 possent,
2245 2473 2338 2526 sed
2379 2483 2568 2542 aperte
2595 2475 2817 2530 ordines
2844 2477 3183 2544 desererent,
3211 2483 3350 2537 Curs
3378 2485 3549 2539 maxi-

1971 2575 2114 2614 mam
2173 2561 2416 2615 hostium
2465 2570 2702 2632 stragem
2753 2565 2946 2619 edidit.
2985 2567 3192 2622 Deinde
3241 2580 3547 2627 extremum

1969 2665 2160 2720 agmen
2195 2653 2486 2706 Persarum
2512 2671 2808 2724 aggressus
2858 2667 2963 2722 est,
3027 2659 3118 2712 ubi
3163 2659 3436 2718 Cbosroes
3493 2675 3549 2718 et

1973 2743 2264 2798 universus
2311 2745 2432 2814 ejus
2454 2748 2735 2802 exercitus
2768 2748 3162 2819 impedimenta
3215 2769 3278 2808 ac
3309 2757 3551 2813 sarcinas

1973 2836 2226 2890 habebat.
2253 2837 2498 2892 Cunctos
2547 2840 2714 2910 igitur
2749 2843 2893 2911 regis
2931 2843 3219 2899 thesauros
3244 2857 3299 2900 et
3331 2849 3550 2904 univer-

295 2925 388 2976 τοῦ
423 2927 606 2995 Κοὺρς
635 2926 957 2995 ἡγουμένου·
1005 2919 1172 2987 Οὗτος
1208 2925 1306 2994 μὲν
1345 2924 1437 2977 οὖν
1469 2927 1564 2978 σὺν
1593 2929 1700 2986 τοῖς
1729 2927 1864 2994 ἀμφ’

1969 2943 2057 2982 sas
2101 2929 2348 2982 sarcinas
2393 2930 2562 2999 cepit,
2599 2933 2718 3000 ipso
2753 2929 2998 2988 Chosroe
3036 2945 3320 3003 spectante
3386 2947 3548 3008 atque

299 3015 456 3068 αὑτὸν
489 3015 738 3085 μεγάλων
765 3015 1062 3085 χρημάτων
1091 3020 1180 3068 καὶ
1207 3016 1462 3085 λαφύρων
1483 3016 1754 3086 ἐγκρατὴς
1783 3034 1871 3084 γε·

299 3109 560 3178 νόμενος,
613 3109 680 3162 τά.
721 3125 780 3160 τε
834 3109 1139 3178 σκευοφόρα
1182 3109 1288 3160 τῶν
1344 3107 1498 3170 ζώων
1551 3108 1645 3161 σὺν
1689 3109 1870 3171 αὐτοῖς

301 3199 536 3268 φορτίοις
563 3199 765 3268 φέρων,
793 3199 850 3250 ὲν
880 3195 958 3260 οἷς
987 3199 1078 3250 καὶ
1101 3198 1162 3249 τὸ
1195 3197 1434 3267 Χοσρόου
1461 3197 1721 3250 σεϐαστὸν
1739 3198 1869 3268 πῦρ,

297 3285 486 3348 δθεὺς
541 3289 930 3355 καθειστήκει,
985 3287 1326 3357 περιελαύνει
1373 3287 1470 3356 μὲν
1531 3288 1590 3339 τὸ
1647 3287 1872 3358 Περσῶν

303 3381 662 3450 στρατόπεδον
686 3380 1008 3444 παιανίζων.
1059 3380 1389 3448 ’Δφικνείται
1441 3381 1495 3432 δὲ
1554 3380 1702 3448 παρὰ
1749 3381 1874 3442 τοὺς

299 3471 532 3532 οἰκείους
555 3471 697 3540 ἀμφὶ
727 3471 822 3533 τὰς
845 3469 1189 3538 ἐπιλυχνίους
1213 3469 1380 3538 ὥρας,
1401 3469 1502 3538 ἥδη
1527 3468 1874 3552 διαλυθέντας

1979 3017 2270 3082 tolerante,
2294 3027 2350 3072 et
2381 3018 2806 3088 impressionem
2827 3035 2979 3074 suam
3013 3021 3228 3076 facilius
3255 3039 3416 3090 quam
3445 3025 3549 3079 im-

1979 3120 2164 3173 petum
2194 3105 2332 3160 Curs
2361 3105 2624 3160 sustineri
2657 3122 2816 3176 posse
2846 3108 3212 3164 existimante.
3243 3109 3356 3164 lloc
3387 3111 3550 3165 modo

1979 3195 2120 3250 Curs
2143 3211 2249 3250 una
2289 3211 2414 3250 cum
2464 3197 2580 3252 suis
2633 3197 2928 3262 militibus,
2963 3199 3216 3254 maximis
3258 3201 3456 3270 Opibus
3487 3217 3552 3256 ac

1980 3287 2172 3356 spoliis
2223 3287 2452 3356 potitus,
2501 3295 2558 3342 et
2587 3289 2834 3358 jumenta
2859 3305 2982 3342 cum
3027 3290 3285 3344 omnibus
3323 3291 3552 3346 sarcinis

1981 3376 2262 3432 adducens
2318 3378 2462 3432 inter
2500 3393 2636 3447 quas
2661 3387 2782 3433 erat
2824 3379 2990 3434 etiam
3033 3380 3175 3450 ignis
3201 3397 3357 3436 sacer
3387 3397 3549 3452 quem

1981 3467 2256 3522 Cbosroes
2321 3479 2379 3522 ut
2446 3469 2614 3524 Deum
2669 3471 2936 3526 colebat:
2985 3473 3276 3530 Persarum
3325 3473 3550 3543 quidem

1597 3607 1829 3662 V'AlllAZ
1867 3609 2264 3663 LECTlONES.

374 3705 420 3733 "‘
451 3703 634 3756 ἴππςυν
661 3721 718 3754 τε
753 3703 1020 3772 τοσαύτης
1053 3705 1144 3755 καὶ
1167 3705 1442 3772 τοιαύτης.

1491 3813 1760 3868 ιιιιλῖεμ
1799 3813 2348 3868 ΛΝᾸΟΤᾹΤΞΟΝΕΒ.

377 3913 484 3980 (G9)
539 3911 684 3963 Ὑπὸ
745 3907 1160 3980 Ἰουστινιιινιῖδ.
1215 3909 1388 3978 llujus
1415 3907 1706 3980 Justittiaiii
1755 3925 1870 3980 ma-

307 3977 460 4050 gistri
525 3981 760 4034 militum
811 3995 908 4048 per
954 3979 1234 4050 Orientem
1283 3977 1534 4031 meminit
1575 3977 1871 4050 illenander

311 4047 616 4113 l’rotector,
685 4051 740 4102 in
789 4052 882 4103 hb.
921 4065 974 4102 vr
1025 4049 1402 4110 Historiarum,
1451 4063 1571 4114 pag.
1635 4047 1752 4100 159.
1807 4047 1872 4100 Et

310 4121 772 4190 'l'lu-ophylartus,
809 4121 864 4172 in
891 4133 991 4190 cap
1029 4119 1244 4190 l2,lib.
1278 4133 1354 4190 ιιι.
1391 4117 1469 4190 _Et
1502 4117 1739 4190 Joannes
1777 4117 1870 4169 Bi-

307 4185 596 4244 clariensis
647 4190 700 4241 in
752 4185 1008 4242 Chronico
1047 4205 1062 4241 :
1104 4189 1255 4241 Anno
1306 4187 1338 4240 9
1377 4186 1572 4240 Justini
1623 4185 1872 4240 Clwsrocs

311 4258 592 4311 Persarum
638 4260 945 4328 imperator,
976 4275 1094 4310 cum
1147 4259 1310 4310 nimia
1351 4255 1683 4309 multitudine
1723 4273 1874 4308 exer-

309 4331 464 4388 citus,
497 4331 563 4380 ad
595 4330 876 4381 vastandos
903 4328 1262 4380 Romanorum
1295 4329 1544 4378 terminos
1569 4335 1834 4394 promorat
1861 4344 1872 4378 :

309 4401 390 4450 cui
445 4399 774 4450 Justiniunus
817 4397 1064 4449 Romanu;
1127 4401 1232 4449 dua:
1281 4397 1484 4448 militia:
1529 4405 1574 4446 et
1631 4397 1880 4464 magister

311 4469 538 4520 militum
566 4467 789 4520 Orientis
847 4485 876 4518 [ι
910 4467 1109 4519 Tiberio
1140 4467 1452 4528 destinatus,
1481 4463 1674 4518 bellant
1699 4463 1876 4532 parat,

311 4548 354 4586 et
395 4541 448 4589 in
489 4539 686 4604 campis
747 4540 834 4606 qui
877 4539 1016 4588 inter
1055 4537 1224 4590 llaras
1254 4545 1300 4586 et
1343 4535 1560 4588 Nisibin:
1589 4544 1876 4606 ponuntur,

310 4607 432 4672 forti
478 4622 656 4676 pugna
703 4605 1029 4674 congressus,
1064 4607 1256 4676 habens
1285 4621 1456 4676 serum
1491 4613 1668 4673 gentes
1700 4605 1878 4673 fortis-

307 4677 490 4736 simas,
532 4692 648 4740 qua:
677 4676 900 4728 barbaro
925 4691 1162 4727 sermone
1195 4675 1449 4728 Hermani
1485 4683 1876 4742 nuncupantur,

311 4755 662 4798 memoratum
693 4747 1066 4814 imperatorem
1091 4745 1225 4796 bello
1258 4752 1496 4814 superat.
1529 4743 1654 4797 llaec
1683 4745 1880 4814 l’agius

311 4815 480 4867 refert
533 4815 600 4868 ad
648 4813 851 4866 annum
905 4815 1112 4866 Christi
1163 4813 1288 4874 575,
1333 4830 1388 4866 ιι.
1433 4815 1484 4866 7.

383 4883 493 4954 (70)
549 4885 882 4936 Ἰουστίνου
903 4883 1174 4954 δειλιιίῳς
1189 4883 1586 4954 ἀνῃρημὲιόιζ
1613 4882 1770 4954 llunc
1793 4883 1874 4936 lo-

309 4969 436 5004 cum
480 4969 546 5006 ex
605 4967 736 5008 mss.
777 4954 1064 5007 codicibus
1119 4953 1432 5007 Florentino
1463 4963 1518 5006 et
1545 4953 1874 5016 Tclieriuno,

311 5021 384 5076 ita
417 5023 666 5090 supplevi
705 5043 713 5073 :
750 5023 798 5074 τ’
832 5023 1046 5091 ἁδελφῴ
1099 5024 1385 5074 Ίουστίνου
1433 5023 1526 5074 τοῦ
1573 5023 1708 5090 πρὸς
1748 5025 1876 5074 Ἰου-

313 5091 497 5164 oti-mu
522 5091 1162 5164 ﬁstiaimgﬁvnpnyévou.
1189 5093 1318 5146 Erat
1343 5107 1471 5161 ergo
1501 5092 1872 5164 iliCJllSlillia-

311 5177 416 5214 nus
461 5161 716 5232 Germani
748 5161 897 5215 filius
917 5204 930 5226 ,
951 5163 1098 5230 quod
1137 5171 1372 5215 testatur
1391 5165 1558 5215 etiam
1589 5161 1878 5232 Theophy-

311 5231 486 5284 laetus
519 5231 574 5284 in
611 5232 706 5284 lib.
765 5247 820 5283 ιιι
859 5232 1026 5286 frater
1069 5233 1270 5286 Justini
1319 5233 1486 5294 illius,
1521 5232 1614 5300 qui
1669 5233 1736 5284 ab
1779 5233 1878 5284 im-

348 5311 564 5372 eratore
589 5302 912 5372 interfectus
933 5301 1132 5366 fuerat,
1159 5311 1218 5354 ut
1239 5303 1406 5356 refert
1429 5301 1690 5372 Evagrius
1720 5303 1876 5355 initio

351 5371 476 5438 ujus
507 5371 656 5424 libri.

381 5441 490 5508 (7i)
524 5441 766 5510 :Errewt
807 5439 996 5506 Κοὺρς
1061 5443 1091 5493 ό
1113 5441 1398 5506 Σκούθης.
1427 5439 1600 5510 Hujus
1621 5439 1726 5492 viri
1759 5455 1874 5492 me-

313 5509 470 5579 minit
522 5509 962 5579 Theopbylactus
1015 5511 1068 5563 in
1139 5511 1234 5564 lib.
1289 5527 1364 5572 ιιι,
1420 5509 1522 5579 cap
1567 5511 1664 5574 16;
1711 5519 1768 5563 et
1819 5510 1872 5562 in

311 5577 408 5632 lib.
451 5595 488 5644 ι,
538 5577 725 5650 capit.
757 5577 978 5646 Quibus
1021 5581 1078 5634 in
1129 5580 1266 5636 locis
1317 5577 1594 5650 interpres
1647 5581 1870 5634 Latinus

1979 3908 2236 3960 Cursium
2285 3907 2470 3960 vertit.
2527 3905 2721 3960 Melius
2765 3917 2948 3960 tamen
2984 3907 3217 3962 Cursum
3269 3911 3548 3967 vertisset.

1981 3977 2070 4030 Sic
2093 3977 2238 4028 enim
2276 3993 2400 4029 eum
2423 3985 2580 4029 vocat
2615 3977 2910 4030 Menander
2945 3979 3233 4032 Protector
3278 3979 3332 4031 in
3371 3981 3464 4033 lib.
3498 3999 3548 4036 γι

1979 4047 2356 4116 Historiarum,
2403 4061 2524 4114 pag.
2567 4047 2684 4106 159,
2737 4047 3000 4100 editionis
3049 4049 3232 4116 regiae.
3263 4049 3320 4102 In
3369 4049 3550 4104 Theo-

1979 4117 2176 4188 phariis
2194 4115 2472 4188 Chronico,
2505 4131 2625 4188 pag.
2663 4116 2786 4188 ait.
2817 4119 2996 4188 ιίροὺς
3021 4115 3244 4176 dicitur.
3268 4131 3548 4188 corrupte.

2053 4187 2164 4252 (72)
2218 4183 2635 4250 Ἀνεκτοτέριὶν
2673 4183 2879 4256 serat;
2907 4187 3122 4239 ἑαυτού
3156 4183 3546 4256 ἐπισηυρἧς.
3609 4183 3616 4192 ’

1981 4256 2148 4324 Magis
2185 4257 2360 4324 probo
2393 4255 2682 4308 lectionem
2740 4255 3056 4323 Nieephori,
3091 4273 3212 4324 qua:
3251 4259 3330 4310 sic
3355 4255 3548 4313 habet:

1995 4327 2380 4393 Ἀνεκτοτέραν
2425 4326 2480 4376 δὲ
2511 4327 2602 4394 τὴν
2633 4325 2826 4376 ἑαυτοῦ
2865 4329 3199 4394 επιστροφην
3243 4327 3336 4378 τοῦ
3371 4329 3552 4398 Χουρς

1983 4397 2304 4464 ἡγουμένου.
2345 4395 2577 4464 Tantum
2607 4396 2822 4447 mallem
2865 4397 3158 4448 articulum
3191 4397 3392 4452 addere
3447 4395 3552 4454 hoc

1981 4463 2144 4518 modo
2171 4483 2184 4516 :
2213 4465 2306 4532 τῆς
2343 4463 2434 4516 τοῦ
2471 4465 2650 4530 Χοὺρς
2681 4465 3005 4532 ἡγουμένου.
3063 4466 3118 4518 ld
3151 4477 3254 4526 est,
3295 4477 3354 4520 ut
3385 4470 3550 4523 vertit

1978 4535 2216 4588 Joannes
2245 4533 2461 4604 Langus
2495 4551 2506 4586 :
2540 4535 2686 4598 Quod
2715 4535 2920 4602 [acilius
2954 4539 3346 4604 impressionth
3377 4555 3549 4601 suam,

1979 4621 2136 4674 quant
2175 4605 2333 4672 ipsius
2372 4601 2506 4656 Curs
2541 4601 2788 4656 sustineri
2835 4621 2982 4670 posse
3012 4601 3350 4658 nmmum-.4.
3383 4608 3550 4658 l’orro

1983 4675 2122 4726 hanc
2159 4676 2446 4727 Persarum
2485 4675 2686 4742 fugam,
2736 4683 2790 4725 et
2821 4675 3196 4728 llotnanorum
3245 4677 3550 4734 victoriam,

1983 4743 2307 4812 Theophan.
2355 4743 2578 4811 quidem
2629 4743 2682 4794 iu
2735 4747 2930 4812 thron.
2965 4747 3132 4796 refert
3179 4755 3296 4811 post
3321 4755 3549 4796 mortem

1983 4811 2332 4881 imperatoris
2369 4813 2569 4867 .lnstini
2619 4811 2888 4882 Junioris,
2917 4829 3042 4866 curn
3075 4813 3330 4866 Tiberius
3361 4815 3550 4882 singu-

1983 4885 2094 4936 lare
2127 4883 2418 4950 imperimn
2451 4885 2746 4936 obtineret.
2775 4881 2970 4951 Verum
3003 4881 3550 4951 '1‘heophylactus,e3

1980 4969 2092 5020 quo
2135 4949 2232 5006 sua
2273 4953 2489 5006 videtur
2521 4953 2780 5010 hausisse
2838 4949 3550 5018 Theophanes,superatite

1981 5023 2164 5076 adhuc
2202 5023 2419 5076 Justino
2455 5023 2504 5074 id
2535 5023 2798 5076 accidisse
2845 5031 3095 5084 tcsta.ur,
3123 5037 3246 5074 cum
3297 5023 3554 5076 Tiberius

1980 5094 2214 5146 (.iesaris
2237 5094 2500 5144 duntaxat
2527 5109 2722 5146 nomen
2741 5107 2804 5144 ac
2825 5092 3150 5158 dignitatem
3169 5107 3387 5160 gerens,
3409 5107 3554 5146 rem-

1981 5163 2255 5229 publicam
2292 5162 2720 5220 administraret.
2759 5169 2818 5213 ut
2869 5161 3056 5214 videre
3088 5171 3170 5214 est
3197 5177 3248 5214 ID
3283 5177 3404 5229 cap.
3467 5163 3550 5222 ιι,

1980 5233 2074 5283 tib.
2107 5247 2182 5283 ιιι.
2235 5231 2334 5284 Cui
2359 5232 2634 5284 consentit
2663 5231 2926 5298 Evagrius
2960 5239 3150 5283 noster
3181 5247 3196 5281 :
3229 5232 3428 5300 quippe
3457 5233 3552 5300 qui

1980 5311 2212 5352 mortem
2261 5301 2460 5352 Justini
2495 5301 2740 5354 Junioris
2781 5301 2946 5354 refert
2997 5301 3158 5360 infra,
3207 5300 3260 5354 in
3305 5319 3424 5368 cap.
3463 5303 3550 5364 l9,

1979 5372 2141 5439 hujus
2183 5369 2330 5423 libri.
2367 5369 2467 5423 Ubi
2505 5371 2712 5424 diserte
2741 5369 2935 5424 scribit
2981 5369 3289 5434 Tiberium,
3333 5379 3552 5424 mortuo

1977 5441 2196 5510 demum
2219 5439 2459 5502 Justino,
2493 5441 2734 5510 magistri
2765 5440 3000 5494 militum
3037 5439 3358 5508 dignitatem
3386 5441 3546 5496 abru-

1977 5525 2130 5578 gasse
2163 5509 2494 5564 Justiuiano.
