4016 6208
336 310 475 377 2829

1297 287 1676 378 Hismara
1715 320 2306 384 ECCLESIAS'I‘ICE
2343 325 2571 388 LIBER
2603 326 2666 384 ν.

3456 329 3598 396 3833

334 423 428 476 καὶ
461 418 745 488 πανδήμου
778 417 1020 481 στάσεως
1053 418 1224 482 αἴτιος
1253 422 1317 491 τῇ
1353 421 1505 475 πόλει
1532 425 1628 478 σὺν
1649 427 1759 488 τοῖς
1778 427 1918 496 ἀμφ’

2048 431 2259 486 lnatolii
2295 440 2352 485 et
2398 431 2674 486 sociorum
2708 430 2961 484 custodia
3007 447 3300 486 commissa.
3343 443 3492 494 erat,
3524 436 3606 490 vi-

332 512 494 564 αὑτὸν
521 510 769 578 γέγονεν.
809 509 1000 563 Ἐνίων
1034 510 1144 579 γὰρ
1173 511 1352 563 αὐτῶν
1390 511 1570 582 ψῆφον
1602 515 1915 585 δεξαμένων

332 600 842 670 ἑξοστρακίζςυσαν,
867 599 928 652 οὐ
961 598 1066 669 μὴν
1100 601 1449 668 ἀναιροῦσαν,
1485 601 1613 673 θείῳ
1641 605 1749 656 τινὶ
1771 605 1918 678 ζήλῳ

332 688 610 759 πυρωθεὶς
640 691 666 740 ὁ
690 687 885 757 δῆμος,
939 688 1156 741 ἅπαντα
1204 687 1554 758 διετάραττεν
1574 731 1588 753 ,
1620 693 1918 761 ἀγριαίνων

331 798 391 834 τε
423 780 518 832 καὶ
551 779 890 848 χαλεπαίνων
925 795 940 809 ’
974 779 1069 833 καὶ
1099 781 1227 842 τοὺς
1259 780 1357 849 μὲν
1399 780 1917 851 ἐξοστρακισθέντας

332 872 675 942 ἀναρπάσας.
710 871 922 941 ἀκατίῳ
946 887 1004 924 τε
1030 871 1334 940 ἐμϐιϐάσας
1355 911 1369 933 ,
1391 872 1526 942 πυρὶ
1551 873 1759 937 ζῶντας
1781 893 1921 946 παρ-

334 963 524 1029 ἔδωκε,
556 963 651 1027 τοῦ
699 963 876 1032 δήμου
937 963 1037 1033 τὴν
1087 963 1270 1032 ψῆφον
1321 965 1732 1034 ἐξενέγκαντος.
1775 969 1921 1021 Κατ-

333 1056 504 1112 εΰόων
521 1055 576 1108 δὲ
595 1055 687 1109 τοῦ
721 1055 988 1125 βασιλέως
1010 1058 1102 1109 καὶ
1127 1058 1388 1128 Εύτυχίου
1408 1057 1501 1110 τοῦ
1527 1060 1677 1128 σφῶν
1706 1061 1916 1129 ἱερέως,
1958 1067 1980 1123 _',

333 1147 410 1210 ὡς
442 1147 542 1218 τὴν
581 1147 763 1200 πίστιν
806 1148 1138 1218 προδόντων.
1174 1148 1238 1200 Οἳ
1271 1150 1366 1202 καὶ
1403 1151 1804 1222 διαχρήσασθαι
1831 1153 1922 1206 τὸν

338 1239 603 1309 Εὑτύχιον
633 1239 881 1310 ἔμελλον,
903 1241 998 1292 καὶ
1018 1241 1145 1304 τοὺς
1171 1242 1270 1312 τὴν
1297 1241 1527 1313 ζήτησιν
1551 1245 1924 1312 ἐμπεπιστευ-

341 1333 559 1402 μένους,
595 1332 771 1402 πάντη
809 1333 1136 1402 περιιόντες,
1167 1333 1263 1386 καὶ
1292 1333 1514 1396 τούτους
1544 1334 1925 1405 ἀνερευνώμεη

337 1441 439 1487 νοι,
485 1425 534 1476 εί
565 1425 729 1494 μήγε
761 1425 793 1494 ἡ
832 1425 1048 1477 πάντων
1097 1425 1333 1496 σώτειρα
1373 1427 1643 1495 Πρόνοια,
1682 1427 1927 1490 ἐκείνους

342 1518 441 1588 μὲν
472 1519 536 1571 ὲκ
572 1519 680 1570 τῶν
712 1519 1020 1588 ζητούντων
1053 1520 1368 1588 ἀνήρπασε,
1399 1519 1490 1572 τὸν
1522 1519 1578 1572 δὲ
1621 1520 1791 1590 θυμὸν
1831 1519 1926 1573 τοῦ

340 1609 601 1662 τοσούτου
626 1609 735 1662 λεὼ
771 1611 912 1664 κατὰ
943 1611 1174 1681 σμικρὸν
1203 1611 1535 1679 κατηύνασε,
1590 1611 1819 1680 μηδενὸς
1863 1611 1928 1663 ὲκ

340 1701 544 1772 χειρῶν
580 1701 939 1772 ἀτοπήματος
968 1701 1284 1772 γενομένου.
1327 1704 1434 1756 Καὶ
1476 1702 1640 1765 αὐτὸς
1680 1703 1735 1756 δὲ
1771 1703 1929 1755 Ἀνα-

2023 537 2167 585 sum,
2199 521 2457 575 omnibus
2475 520 2854 574 renuntiatum
2889 526 2993 573 est.
3025 521 3293 587 Apparuit
3324 521 3490 577 etiam
3529 525 3610 578 in~

2025 613 2205 666 terdiu
2245 614 2476 682 Deipara
2517 611 2800 666 nonnullis
2845 609 3007 681 445
3053 610 3317 674 fidelium,
3373 612 3614 670 incitans

2024 718 2120 758 eos
2153 703 2416 758 adversus
2437 713 2648 773 pestem
2673 704 2854 768 illam;
2887 712 2942 757 et
2973 702 3144 756 filium
3175 717 3334 758 suum
3373 704 3441 766 ab
3472 705 3616 759 Ana-

2026 791 2161 844 tolio
2193 791 2526 844 contumelia
2585 789 2846 845 affectum
2896 806 3017 845 esse
3073 790 3284 844 dicens.
3327 791 3433 848 Ubi
3481 807 3615 848 vero

2029 880 2566 950 Constantinopolim
2621 881 2925 948 perductus
2968 889 3094 946 est,
3153 887 3210 936 ct
3271 883 3614 952 gravissimll

2029 973 2317 1027 tormentis
2354 971 2723 1036 excruciatus,
2756 972 3376 1045 adversusGregorium
3397 974 3614 1045 episc'o.

2029 1081 2160 1136 pum
2205 1065 2342 1120 nihil
2383 1079 2609 1134 prorsus
2649 1064 2844 1119 habuit
2895 1065 3040 1134 quod
3073 1067 3303 1135 diceret,
3345 1069 3614 1139 majorum

2031 1156 2212 1214 adhuc
2238 1162 2484 1207 motuum
2518 1163 2573 1208 et
2611 1153 2844 1225 publica:
2879 1156 3168 1211 seditionis
3199 1159 3317 1228 ipse
3351 1172 3460 1212 una
3490 1174 3614 1220 cum

1962 1306 1972 1314 ,
2031 1247 2219 1310 sociis,
2259 1244 2314 1299 in
2351 1261 2415 1300 ea
2455 1245 2592 1299 urbe
2622 1253 2817 1299 auctor
2862 1247 3094 1302 exstitit.
3130 1249 3264 1302 Nam
3318 1263 3443 1302 cum
3473 1265 3615 1302 non~

2031 1340 2213 1394 nullos
2235 1353 2426 1393 eorum
2449 1337 2504 1392 in
2527 1337 2782 1393 exsilium
2803 1338 3103 1394 mittendos
3132 1356 3274 1404 esse,
3299 1356 3410 1399 non
3432 1351 3614 1398 autem

2034 1429 2212 1498 capite
2281 1428 2599 1498 plectendos
2671 1430 3088 1498 pronuntiatum
3157 1430 3388 1496 fuisset,
3447 1448 3621 1502 popu?

2034 1520 2123 1573 lus
2160 1519 2348 1574 divino
2389 1520 2627 1589 quodam
2680 1522 2797 1577 zelo
2846 1536 3148 1577 succensus
3183 1531 3382 1577 cuncta
3415 1523 3620 1592 permi-

2036 1613 2202 1678 scuit,
2255 1612 2631 1682 indignatione
2661 1615 2906 1682 percitus
2946 1625 3002 1668 et
3045 1614 3329 1669 efferatus.
3373 1615 3620 1685 Cumque

2037 1718 2134 1758 eos
2205 1704 2300 1773 qui
2354 1704 2549 1758 exsilio
2622 1705 2866 1759 damnati
2931 1705 3150 1760 fuerant
3212 1708 3619 1777 corripuisset,

340 1793 517 1856 τόλιος
539 1793 750 1864 Θηρίοις
777 1793 1048 1866 πρότερον
1086 1795 1143 1857 ἐς
1173 1794 1235 1846 τὸ
1274 1793 1650 1864 ἀμφιθέατρον
1691 1796 1930 1866 παραδο-

2054 1796 2216 1851 cmbo
2257 1797 2566 1866 impositos,
2619 1797 2825 1868 injecto
2863 1797 2985 1868 igne
3022 1799 3178 1853 vivos
3221 1801 3618 1862 concremavit,

343 1884 478 1948 θεὶς,
518 1888 612 1937 καὶ
637 1885 774 1955 πρὸς
803 1885 984 1937 αὐτῶν
1012 1886 1072 1938 τὸ
1104 1887 1264 1955 σῶμα
1292 1886 1631 1957 σπαραχθεὶς
1652 1928 1666 1951 ,
1703 1887 1928 1958 ὕστερον

343 1977 796 2050 ἀνεσκολοπίσθη,
825 1977 944 2030 οὐδὲ
965 1977 1138 2041 οὕτως
1154 1979 1263 2032 τῶν
1286 1979 1517 2032 ἐνταῦθα
1546 1981 1750 2034 ποινῶν
1768 1979 1925 2034 λύσιν

267 2137 272 2140 _
344 2069 664 2138 εὑράμενος.
695 2069 864 2122 Λύκοι
894 2070 1004 2141 γὰρ
1050 2070 1110 2122 τὸ
1156 2071 1352 2140 μιαρὸν
1397 2070 1562 2123 αὑτοῦ
1601 2072 1763 2141 σῶμα
1795 2090 1928 2125 κατ-

345 2163 662 2229 αγαγόντες,
687 2163 785 2232 οὐχ
811 2162 1091 2232 ἱστορηθὲν
1117 2160 1339 2214 πώποτε
1366 2162 1500 2232 πρὸς
1534 2162 1715 2235 θοίνην
1738 2161 1926 2216 διενεί-

348 2270 540 2324 μαντο.
582 2243 690 2306 Ἦν
719 2253 773 2306 δέ
802 2271 885 2316 τις
915 2254 1022 2306 τῶν
1058 2254 1186 2324 παρ’
1215 2256 1373 2323 ἡμῖν,
1399 2254 1458 2317 ὃς
1487 2255 1580 2307 κα)⁸
1607 2255 1738 2324 πρὶν
1761 2255 1936 2308 ταῦτα

346 2345 602 2411 γενέσθαι
628 2343 785 2412 ἔλεγε
808 2346 929 2398 καθ’
959 2345 1161 2409 ὕπνους
1193 2347 1352 2408 ἰδεῖν,
1403 2347 1478 2409 ὡς
1516 2349 1548 2416 ἡ
1581 2345 1722 2400 κατὰ
1778 2345 1938 2400 Ἀνα-

345 2434 526 2486 τολίου
557 2435 732 2505 ψῆφος
765 2437 861 2488 καὶ
906 2437 1014 2490 τῶν
1047 2437 1185 2506 ἀμφ’
1222 2437 1386 2490 αὑτὸν
1411 2477 1425 2501 ,
1462 2436 1540 2508 τῷ
1569 2438 1727 2508 δήμῳ
1761 2437 1937 2507 ἐδόθη.

349 2527 460 2579 Καὶ
537 2528 709 2596 μέγας
765 2527 822 2580 δέ
893 2545 976 2590 τις
1043 2529 1154 2581 τῶν
1208 2528 1507 2600 βασιλικῶν
1569 2529 1756 2584 οἰκιῶν
1806 2545 1939 2600 προ-

349 2616 524 2681 εστὼς
553 2616 662 2688 (84)
698 2618 932 2690 ἰσχυρῶς
966 2620 1109 2690 μάλα
1143 2620 1237 2673 τοῦ
1284 2621 1595 2674 Ἀνατολίου
1625 2621 1934 2693 ὑπερασπῐο

351 2707 481 2773 ζων,
501 2710 710 2781 εἰρήκει
735 2709 1031 2764 θεάσασθαι
1048 2711 1146 2782 τὴν
1167 2711 1430 2765 Θεοτόκον
1449 2712 1736 2781 λέγουσαν·
1755 2713 1935 2784 Μέχρι

350 2800 496 2863 τινος
523 2801 723 2872 ἀντέχῃ
758 2802 1071 2856 ’Λνατολίου
1097 2848 1112 2870 ,
1140 2801 1316 2866 οὕτως
1343 2804 1398 2866 ἐς
1422 2804 1595 2874 αὐτήν
1622 2823 1680 2858 τε
1709 2805 1804 2857 καὶ
1844 2805 1936 2857 τὸν

352 2894 523 2964 αὐτῆς
585 2896 758 2949 Παῖόα
806 2895 1228 2973 ὲνυὸρίσαντος;
1270 2897 1383 2950 Καὶ⁷
1405 2896 1577 2951 ταῦτα
1614 2897 1713 2969 μὲν
1745 2881 1936 2965 ἔληξεν

353 2983 480 3045 ὧδε.

2036 1888 2241 1958 populo
2291 1889 2433 1942 hanc
2478 1889 2533 1941 in
2579 1889 2704 1943 illos
2751 1888 2961 1944 ferente
3004 1890 3360 1944 sententiam.
3417 1880 3620 1946 Contra

2036 1980 2428 2050 imperatorem
2485 1996 2727 2050 quoque,
2785 1989 2840 2036 et
2874 1990 3064 2035 contra
3104 1982 3437 2054 Eutychium
3472 1983 3622 2053 ipso-

2039 2088 2160 2125 rum
2190 2072 2508 2141 episcopum
2534 2071 3005 2136 vociferabantur,
3047 2079 3306 2142 tanquam
3345 2073 3469 2128 fidei
3497 2090 3625 2144 pro-

2040 2161 2280 2226 ditores;
2313 2162 2600 2231 paratique
2638 2169 2796 2215 erant
2830 2161 3161 2232 Eutychium
3199 2161 3534 2225 interﬁcere,
3571 2171 3626 2216 et

2040 2268 2136 2308 eos
2161 2254 2364 2323 quibus
2405 2269 2585 2307 causa:
2626 2254 2793 2323 hujus
2834 2252 3076 2323 cognitio
3124 2252 3380 2308 mandata
3408 2252 3622 2318 fuerat;

2041 2361 2182 2414 quos
2215 2345 2423 2414 ubique
2459 2344 2854 2399 circumeundo
2897 2343 3304 2413 investigabant
3338 2359 3351 2397 :
3384 2343 3489 2397 nisi
3537 2343 3621 2396 di-

2040 2437 2170 2492 vina
2214 2436 2561 2506 providentia
2602 2436 2851 2489 omnium
2885 2435 3262 2489 conservatrix
3285 2475 3299 2496 ,
3337 2434 3472 2488 istos
3502 2435 3626 2503 qui-

2045 2529 2169 2584 dem
2225 2545 2292 2583 ex
2348 2529 2713 2598 quaerentium
2765 2527 3022 2581 manibus
3074 2526 3369 2596 eripuisset
3415 2536 3630 2582 :tanta)

2042 2637 2178 2677 vero
2211 2621 2584 2676 multitudinis
2604 2620 2848 2674 furorem
2873 2620 3134 2689 paulatim
3159 2620 3426 2684 sedasset,
3455 2619 3528 2673 ita
3569 2627 3632 2678 ut

2045 2717 2257 2771 nullum
2285 2715 2664 2770 atroxfacinus
2689 2715 2941 2785 populari
2964 2714 3224 2769 violentia
3253 2721 3629 2784 perpetratum

2046 2809 2137 2864 sit.
2179 2811 2348 2864 Porro
2407 2809 2524 2876 ipse
2577 2809 2867 2864 Anatolius
2906 2807 2959 2862 in
2993 2807 3403 2876 amphitheatro
3438 2804 3632 2859 bestiis

2045 2901 2317 2972 objectus,
2353 2910 2408 2955 et
2429 2901 2496 2954 ab
2514 2900 2708 2954 iisdem
2726 2900 2985 2963 laniatus,
3009 2909 3198 2968 postea
3233 2896 3383 2953 cruci
3407 2894 3632 2952 sufﬁxus

1969 2985 2011 3046 C
2047 3001 2152 3048 est;
2194 2991 2301 3047 Sed
2346 3008 2416 3046 ne
2457 2992 2537 3046 sic
2560 2991 2786 3060 quidem
2830 2990 3227 3061 suppliciorum
3268 3003 3390 3059 qua:
3422 2988 3530 3042 hac
3570 2987 3630 3043 in

353 3084 465 3139 vita
492 3085 685 3146 sensit.
724 3085 886 3141 finem
921 3095 1004 3142 est
1034 3081 1282 3142 sortitus.
1318 3086 1460 3158 Lu'pi
1489 3088 1636 3142 enim
1666 3087 1944 3157 impurum
1984 3087 2105 3157 ejus
2137 3101 2341 3155 corpus
2405 3101 2527 3139 cum
2563 3101 2629 3139 ex
2686 3099 2852 3139 cruce
2884 3083 3288 3148 detraxissent,
3315 3081 3464 3153 quod
3504 3081 3630 3152 qui-

354 3175 478 3230 tl'em
511 3192 794 3246 nunquam
823 3190 982 3233 antea
1013 3180 1192 3234 visum
1223 3179 1425 3240 fuerat,
1454 3179 1758 3234 vorandum
1829 3179 1974 3249 inter
2009 3194 2066 3233 se
2101 3178 2430 3234 diviserunt.
2490 3178 2726 3245 Quidam
2755 3178 2922 3232 etiam
2948 3193 3016 3231 ex
3047 3178 3275 3241 nostris,
3335 3185 3633 3247 antequam

356 3268 474 3323 hzee
506 3268 719 3332 fierent,
743 3268 1034 3324 affirmavit
1079 3269 1282 3324 vidisse
1317 3286 1376 3325 se
1437 3271 1490 3324 in
1517 3271 1726 3325 somnis
1786 3269 2252 3340 quemadmodum
2325 3269 2594 3324 adversus
2629 3269 2948 3324 Anatolium
3020 3269 3252 3338 ejusque
3301 3267 3481 3322 socios
3507 3283 3636 3320 sen-

356 3364 530 3419 tentia
564 3379 594 3417 a
623 3365 828 3434 populo
856 3365 964 3420 lata
986 3375 1154 3420 esset.
1184 3365 1266 3420 Ad
1304 3365 1421 3421 haec
1451 3366 1685 3422 illustris
1713 3367 1936 3436 quidam
1977 3366 2347 3437 imperi-alium
2410 3365 2700 3420 domorum
2768 3362 3133 3434 praapositus,
3165 3361 3260 3431 qui
3318 3359 3634 3414 Anatolium

356 3460 628 3516 acerrime
667 3459 1030 3526 defendebat',
1073 3462 1249 3516 visam
1281 3461 1387 3515 sibi
1422 3462 1562 3517 dixit
1590 3476 1711 3517 esse
1775 3462 2068 3532 Deiparam
2133 3461 2410 3516 dicentem
2437 3499 2450 3522 ,
2494 3475 2782 3529 quousque
2859 3461 3078 3515 tandem
3119 3458 3442 3513 defenderet
3491 3459 3640 3511 Ana-

359 3555 576 3617 tolium,
626 3555 720 3624 qui
767 3563 882 3609 tum
926 3554 1052 3624 ipsi,
1110 3563 1226 3610 tum
1273 3553 1415 3614 Filio
1472 3554 1688 3625 ipsius,
1739 3563 1948 3610 tantam
1986 3553 2378 3610 contumeliam
2452 3553 2771 3623 irrogasset.
2833 3551 2902 3608 Et
2956 3551 3072 3606 haec
3109 3550 3330 3624 quidem
3365 3549 3634 3620 ejusmodi

357 3649 572 3707 exitum
608 3648 949 3704 habuerunt.

955 3759 1212 3814 ΚΕΦΛΛ.
1243 3757 1346 3812 ῐΘ’.

364 3851 502 3920 Περὶ
551 3849 663 3920 τῆς
708 3850 1072 3930 στρατηγίας
1122 3851 1474 3936 Μαυρέκίου,
1505 3849 1602 3905 καί
1650 3851 1770 3904 τῶν
1809 3851 1946 3919 ἀρε-

963 3939 1081 3974 των
1126 3937 1333 3975 αυτου.

450 4020 512 4072 Ὅ
540 4019 596 4074 δέ
626 4035 690 4088 γε
722 4017 994 4087 Τιϐέριος,
1028 4015 1152 4068 ἐπεὶ
1174 4015 1544 4079 Ἰουστινιανὸς
1579 4015 1653 4086 μὴ
1675 4019 1740 4086 τῇ
1775 4031 1954 4086 παρα-

2581 3755 2746 3829 443
2773 3755 2923 3812 car.
2967 3757 3111 3817 XIX.

2217 3851 2290 3905 De
2313 3851 2558 3905 Mauricii
2583 3851 2800 3916 ducatu,
2833 3852 2999 3922 deque
3034 3851 3146 3920 ejus
3174 3851 3472 3904 virtutibus.

2129 4007 2404 4063 Caeterum
2461 4005 2717 4064 Tiberius
2773 4013 2898 4074 post
2935 4013 3166 4062 mortem
3225 4005 3452 4076 Justini,
3513 4023 3638 4066 cum

1539 4131 1804 4186 VALESII
1848 4121 2404 4184 ANNOTATIONES.

447 4233 556 4302 (84)
601 4229 725 4283 Τῶν
746 4227 1323 4302 βασιλικῶνμοὶκιῶζ
1345 4228 1669 4302 προεστώς.
1733 4228 1937 4302 idest,

2055 4225 2190 4280 satis
2223 4229 2916 4302 apertetesmntuneum.
2954 4229 3014 4276 ut
3076 4233 3390 4302 curatorem
3447 4225 3642 4302 domo—

369 4297 589 4357 curator
621 4298 986 4368 imperialium
1013 4299 1230 4353 aedium.
1259 4297 1429 4353 {Edes
1449 4301 1596 4353 enim
1633 4298 1949 4367 imperiales

374 4382 484 4426 tam
521 4373 575 4425 in
613 4371 744 4423 urbe
777 4369 949 4438 regia,
989 4385 1154 4438 quam
1187 4370 1242 4422 in
1279 4369 1642 4430 suburbanis,
1687 4383 1818 4422 suos
1861 4369 1957 4421 ha—

375 4443 580 4497 bebant
611 4448 921 4501 curatores,
953 4441 1047 4506 qui
1105 4455 1298 4494 earum
1343 4439 1556 4493 reditus
1607 4438 1961 4492 administra—

375 4511 810 4590 bant._Eratque
841 4525 903 4590 ea
929 4510 1186 4590 dignitas
1219 4525 1333 4590 non
1355 4517 1680 4590 ‘postrema,
1725 4525 1831 4577 qua
1861 4507 1957 4590 qui

376 4577 769 4650 fungebantur,
805 4577 1189 4647 gloriosissimi
1227 4577 1557 4650 dicebantur
1601 4594 1664 4632 ac
1713 4577 1964 4647 magnifi-

375 4648 704 4712 centissimi,
771 4658 830 4703 ut
881 4665 1045 4717 supra
1092 4651 1382 4703 observavi
1423 4648 1486 4702 ad
1534 4656 1698 4717 caput
1738 4650 1961 4702 tertium

378 4719 1184 4792 hujuslibri._Jurisdictionem
1207 4719 1374 4773 etiam
1395 4718 1657 4792 videntur
1678 4719 1959 4792 habuisse,

379 4789 680 4845 ut'indicat
711 4790 975 4857 Agathias
1007 4791 1060 4843 in
1097 4790 1196 4844 lib.
1227 4806 1282 4853 ν,
1330 4793 1398 4844 de
1439 4789 1697 4842 Anatolio
1723 4789 1964 4856 quodam

379 4863 614 4931 loquens
641 4860 974 4931 exconsule:
1014 4860 1316 4931 Ἀνδραλτῇ
1350 4876 1406 4911 τε
1435 4858 1544 4931 τῷν
1575 4859 1799 4931 ὑπάτων
1840 4859 1926 4925 ἁξί

381 4929 1062 5001 τετιμημένοι-καὶπρὸς
1096 4947 1159 5001 γε
1190 4929 1538 5001 τὸάφροντίδα
1572 4929 1839 4990 τίθεσθαι,
1870 4947 1942 4982 κα

384 4998 706 5070 ἐπιμέλειαν
733 4999 840 5051 τῶν
898 4999 1188 5070 βασιλείων
1222 4998 1389 5070 οἴκων
1444 5015 1505 5051 τε
1536 5001 1629 5070 καὶ
1668 5000 1967 5070 κτημάτων

385 5069 561 5140 ἀρχὴν
590 5070 870 5140 είληχᾴτα.
902 5069 1285 5140 ⁷Κουρὰτορας
1342 5069 1399 5121 δὲ
1447 5069 1688 5140 τούτους
1742 5070 1964 5121 καλοῦσι

397 5139 685 5210 Ῥωμαῖοι.
721 5139 776 5193 Id
805 5149 911 5201 est,
951 5149 1012 5194 ut
1035 5142 1410 5209 interpretor:
1446 5139 1626 5193 Virum
1654 5141 1745 5208 qui
1783 5156 1969 5192 oonsu-

390 5211 494 5282 tari
527 5211 791 5282 dignitate
818 5219 934 5263 erat
963 5217 1208 5273 ornatus,
1256 5216 1303 5262 et
1361 5211 1451 5278 qui
1505 5219 1567 5282 ut
1596 5209 1969 5282 rimperiafium

388 5279 675 5335 adium'ac
700 5283 1086 5348 possessionum
1119 5296 1306 5333 curam
1341 5296 1404 5332 ac
1433 5279 1843 5333 sollicitudinem
1881 5295 1971 5348 ge-

391 5359 554 5414 reret,
614 5335 992 5419 ma'gistratum
1041 5352 1258 5403 sortitus
1300 5357 1438 5402 erat.
1501 5348 1786 5402 Curatores
1850 5335 1970 5404 il'los

389 5420 620 5479 Romani
668 5430 874 5474 vocant.
934 5422 1047 5475 Vox
1093 5422 1314 5490 ἀρχὴν,
1358 5436 1522 5488 quam
1553 5420 1855 5473 Vulcanius
1915 5422 1970 5474 in

393 5490 848 5559 interpretatione
872 5507 970 5545 sua
996 5489 1368 5560 ptzetermisit,
1407 5490 1632 5544 minime
1667 5491 1842 5543 otiosa
1863 5501 1969 5554 est,

394 5561 489 5614 sed
525 5562 903 5628 magistratum
930 5559 1201 5630 significat
1225 5576 1288 5613 ac
1310 5561 1772 5629 jurisdictionem.
1795 5559 1896 5614 Sed
1919 5569 1974 5614 et

394 5632 529 5683 vitta
563 5631 651 5683 illa
679 5647 975 5700 purpurea,
1004 5640 1059 5685 et
1097 5631 1294 5683 tabulae
1323 5646 1460 5698 quas
1485 5632 1824 5699 privatorum
1868 5631 1966 5683 do-

399 5701 580 5754 mibus
610 5700 827 5770 afligere
857 5702 1066 5755 solebat
1094 5702 1240 5754 idem
1267 5699 1574 5763 Anatolius,
1615 5710 1672 5752 ut
1695 5716 1809 5770 eas
1833 5700 1964 5756 fisco

401 5769 740 5836 vindicaret,
799 5770 1261 5841 quemadmodum
1319 5770 1599 5841 subjungit
1662 5769 1961 5840 Agathias,

2062 4310 2186 4350 rum
2222 4291 2596 4360 imperialium
2635 4291 3088 4359 jurisdictionem
3146 4293 3432 4349 habuisse.
3476 4296 3641 4352 Certe

2062 4363 2392 4419 constitutio
2425 4360 2634 4415 Tiberii
2661 4361 3016 4430 imperatoris
3039 4363 3106 4417 de
3135 4363 3342 4429 divinis
3361 4366 3643 4428 domibus.

2062 4435 2356 4488 manifeste
2390 4440 2665 4504 testatur;
2698 4448 2803 4504 eos
2870 4444 3160 4491 curatores
3198 4436 3643 4504 jurisdictionem

2064 4505 2347 4559 habuisse.
2377 4502 2590 4570 Quippe
2624 4501 2881 4556 Tiberius
2913 4518 2977 4557 ea
3003 4501 3402 4562 constitutione
3435 4508 3644 4562 diserte

2064 4575 2258 4637 sancit,
2286 4582 2345 4626 ut
2366 4574 2536 4626 actori
2562 4573 2656 4641 qui
2687 4573 2954 4628 adversus
2970 4575 3360 4631 chartulariam
3384 4588 3480 4632 aut
3517 4594 3649 4632 con-

2066 4646 2354 4699 ductorem
2388 4643 2473 4697 vel
2501 4645 2756 4714 eolonum
2790 4644 2990 4697 domus
3020 4647 3180 4714 regia:
3210 4646 3361 4702 litem
3394 4648 3647 4712 intende-

2067 4718 2140 4789 rit
2167 4715 2239 4770 de
2262 4715 2446 4789 aliqua
2483 4729 2538 4767 re
2556 4713 2631 4789 ad
2659 4715 2884 4767 domum
2907 4713 3268 4789 imperatoris
3308 4719 3643 4789 pertinente.

2069 4787 2255 4858 liceat,
2282 4785 2329 4858 si
2360 4784 2618 4845 voluerit,
2655 4799 2839 4858 coram
2869 4784 3272 4858 gloriosissimo
3304 4784 3369 4844 ac
3395 4790 3646 4858 magnifi-

2068 4855 2390 4928 centissimo
2440 4863 2696 4928 curatore
2731 4855 2964 4928 litigare.
3005 4855 3059 4928 Si
3106 4871 3244 4928 vero
3291 4874 3418 4913 eum
3454 4855 3647 4928 suspe-

2070 4936 2220 4980 ctum
2261 4926 2540 4999 habuerit,
2573 4939 2756 4999 coram
2782 4927 2890 4979 alio
2925 4925 3112 4994 judice
3155 4927 3248 4995 qui
3284 4929 3354 4982 ab
3409 4925 3648 4999 impera—

2070 5005 2190 5068 tore
2249 4994 2684 5068 datusufuerit,‘
2726 5009 2947 5048 causam
3024 4994 3186 5068 suam
3259 4994 3646 5068 prosequatur.

2069 5067 2341 5121 Caeterum
2367 5064 2623 5138 Tiberius
2674 5065 2973 5138 imperator
2996 5082 3066 5138 ea
3091 5067 3209 5136 lege
3245 5064 3553 5138 prohibuit,
3579 5087 3649 5124 ne.

2071 5134 2616 5208 curatores__tabulas
2663 5151 2728 5189 ac
2796 5136 2987 5208 titulos
3041 5134 3259 5208 fiscales
3306 5141 3649 5208 privatOrum

2071 5206 2280 5260 aedibus
2319 5204 2558 5276 adigant,
2587 5220 2724 5276 neve
2753 5221 2847 5260 eas
2871 5206 3186 5276 obsignent.
3217 5204 3480 5264 So'lebant
3500 5211 3650 5265 enim

2073 5286 2359 5330 curatores
2380 5274 2697 5344 hhjusmodi
2735 5276 2927 5330 titulos
2976 5274 3219 5332 vendere
3275 5281 3647 5340 tenuioribus.

2072 5354 2263 5419 etpro
2296 5346 2601 5419 patrocinio
2649 5361 2714 5400 ac
2738 5346 3004 5419 suffragio
3057 5363 3156 5401 suo
3208 5350 3418 5419 aliquid
3475 5353 3652 5406 abiis

2073 5417 2314 5485 exigere,
2344 5425 2404 5469 ut
2431 5415 2636 5470 ibidem
2661 5416 2869 5470 indicat
2918 5417 3198 5474 Tiberius.
3252 5415 3524 5476 Cic-terum
3568 5423 3652 5476 hae

2076 5487 2292 5563 domus,
2326 5500 2628 5563 earumque
2672 5487 3057 5563 conductores.
3111 5491 3301 5563 multis
3331 5493 3654 5563 privilegiis

2084 5568 2246 5624 atque
2276 5557 2718 5610 immunitatibus
2754 5557 3104 5624 fruebantur,
3144 5571 3206 5615 ut
3257 5557 3442 5618 videre
3486 5557 3575 5618 est
3599 5565 3655 5622 in

2082 5627 2273 5705 codice
2297 5628 2527 5705 Theoda
2545 5629 2638 5705 tit._
2657 5626 2734 5679 De
2765 5627 3052 5705 priuilegiis
3079 5630 3264 5688 domus
3288 5633 3562 5705 Augusta‘,
3600 5644 3657 5702 ει

2074 5697 2129 5752 in
2166 5698 2312 5752 dicta
2355 5697 2750 5752 constitutione
2783 5697 3013 5755 Tiberii.
