4016 6208
348 347 486 409 ἳοᾶὃ

1301 344 1688 407 HlSTOPJ/E
1727 347 2323 408 ECCLESIASTICE
2366 348 2601 408 LIBER
2639 349 2707 412 ν.
2760 301 2763 316 Ι

3484 348 3621 412 2834

347 461 546 520 ὤσατο,
568 457 643 522 ὡς
678 457 736 510 τὸ
766 457 868 526 μὲν
897 457 1232 526 κινδύνευμα
1262 457 1548 511 εὐϐουλίαν
1577 455 1736 521 εἶναι,
1759 458 1850 512 τὸν
1879 457 1936 512 δὲ

2059 474 2163 527 luas
2197 468 2372 511 mater
2407 468 2490 511 est
2519 456 2867 519 temeritatis,
2906 464 2962 511 et
2993 455 3061 510 ab
3091 471 3153 510 ea
3179 455 3529 525 disjunctam.
3561 473 3629 511 ac

348 548 506 602 ὂκνον
556 546 893 614 ἀσφάλειαν,
951 548 1206 618 ἀνδρείας
1241 565 1297 602 τε
1341 551 1436 603 καὶ
1473 551 1788 621 φρονήσεως
1824 553 1938 613 τοῖς

350 644 562 711 καιροῖς
611 641 960 710 ὀχουμένων,
1013 642 1107 695 καὶ
1153 641 1252 704 τὰς
1295 643 1452 710 ἡνίας
1488 643 1938 713 πρυτανευόντων

350 730 484 801 πρὸς
511 729 539 783 ὃ
572 730 638 784 ἂν
669 733 702 802 ἠ
730 732 892 802 χρεία
925 731 1216 802 ἐπιτάττῃ,
1244 733 1338 784 καὶ
1361 733 1460 801 τὴν
1487 732 1678 801 ὕφεσιν
1706 734 1797 786 καὶ
1824 732 1939 785 ἐπί-

349 839 510 876 τασιν
540 823 720 875 αὐτῶν
753 824 863 875 τῶν
889 823 1078 893 ὁρμῶν
1101 862 1115 887 ,
1157 824 1340 894 μέτρῳ
1366 824 1474 875 τινὶ
1507 824 1599 876 καὶ
1630 823 1825 894 ῥυθμῷ
1850 824 1937 893 γί-

351 914 596 982 γνεσθαι.
635 916 768 985 Περὶ
792 907 854 968 οὗ
889 914 1218 984 τελεώτερον
1251 916 1307 966 ἐν
1334 916 1444 976 τοῖς
1474 913 1602 984 ἑξῆς
1632 916 1936 986 εἰρήσεται.

355 1007 523 1070 ⁸οσος
571 1007 678 1078 γὰρ
725 1009 822 1060 καὶ
861 1003 994 1072 οἷος,
1029 1008 1094 1076 τῇ
1125 1005 1378 1076 βασιλείᾳ
1411 1006 1748 1074 φυλακτέον,
1783 1009 1816 1078 ἢ
1847 1008 1940 1061 τδν

352 1098 523 1168 ἄνδρα
552 1097 896 1168 τρανώτερον
923 1096 1244 1165 διεσάφησε,
1277 1095 1355 1164 τῷ
1385 1096 1716 1166 αὐτεξουσίῳ
1752 1096 1844 1149 καὶ
1873 1097 1940 1150 τὰ

353 1189 500 1241 ἔνδον
528 1186 906 1254 ἀναπτύξασα.
961 1179 1132 1248 Οὗτος
1170 1186 1268 1255 μὲν
1323 1180 1416 1238 οὖν
1448 1187 1476 1237 ὁ
1503 1186 1812 1265 Μαυρίκιρς
1843 1186 1942 1250 τὰς

353 1279 804 1351 ὲπιστρατεύσεις
852 1279 1229 1346 ποιησάμενος
1278 1279 1424 1331 κατὰ
1471 1278 1568 1346 τῆς
1611 1276 1940 1348 ὑπερορίας,

355 1372 542 1436 πόλεις
571 1388 632 1424 τε
668 1371 760 1425 καὶ
793 1370 1028 1441 φρούρια
1062 1371 1302 1439 Πέρσαις
1331 1369 1730 1440 ἐπικαιρότατα
1759 1371 1940 1440 αἱρεῖ·

356 1463 506 1517 λείαν
548 1480 607 1515 τε
658 1463 930 1534 τοσαύτην
978 1461 1355 1532 περιεϐάλετο,
1397 1460 1538 1514 ὥστε
1571 1461 1639 1515 τὰ
1669 1479 1944 1530 σαγηνευ-

357 1557 523 1609 Θέντα
580 1556 904 1628 αἰχμάλωτα
959 1555 1295 1625 ὁλοκλήρους
1338 1556 1534 1622 νήσους
1587 1554 1682 1607 καὶ
1736 1555 1940 1617 πόλεις,

356 1647 564 1720 ἀγρούς
608 1666 668 1702 τε
720 1648 1111 1720 ὲρημωθέντας
1156 1647 1235 1718 τῷ
1275 1648 1454 1718 χρόνῳ
1493 1647 1775 1716 ἐξοικῆσαι
1809 1647 1941 1714 (90),

355 1745 458 1811 τήν
503 1759 562 1795 τε
614 1742 719 1811 γῆν
769 1741 989 1811 ἐνεργὸν
1039 1739 1486 1810 καταστήσασθαι
1537 1740 1715 1808 πάντη
1752 1738 1944 1808 πρώην

358 1833 712 1904 ἀγεώργητον
735 1829 920 1898 οὖσαν,
949 1831 1292 1898 στρατόπεδά
1312 1849 1371 1883 τε
1397 1831 1453 1895 ἐξ
1474 1831 1652 1885 αὐτῶν
1678 1830 1940 1898 συστῆναι
1969 1811 2015 1869 Β

362 1924 846 2002 πολύανδραεκατά
872 1924 981 1978 τῶν
1010 1925 1188 1979 ἄλλων
1219 1923 1390 1976 ὲθνῶν
1424 1924 1568 1992 μάλα
1596 1922 1862 1990 γεννικῶς
1884 1939 1944 1974 τε

361 2019 458 2071 καὶ
488 2016 751 2088 ἀνδρείως
779 2017 1199 2087 ἀγωνισάμενα·
1242 2015 1600 2087 πληρωθῆναι
1625 2015 1682 2068 δὲ
1715 2016 1809 2067 καὶ
1841 2016 1944 2068 πά-

363 2126 434 2180 σῃ
474 2109 628 2180 ἑστίᾳ
670 2109 771 2171 τὰς
805 2107 1083 2171 οἰκετικὰς
1116 2106 1306 2178 χρείας
1335 2145 1350 2170 ,
1403 2107 1459 2169 ἐς
1507 2105 1568 2158 τὸ
1613 2104 1945 2174 κουφότατον

358 2202 471 2253 τῶν
503 2200 850 2269 ἀνδραπόδων
881 2201 1108 2253 ὲκποιου
1117 2199 1316 2268 μένων.

2042 548 2409 601 nihilominus
2445 548 2794 617 conjunctam
2833 545 3130 616 ignaviam,
3157 544 3231 597 ita
3268 544 3336 597 ab
3367 559 3425 597 se
3454 543 3628 612 depu-

2041 639 2201 703 lerat,
2233 648 2294 692 ut
2322 639 2540 707 quoties
2575 639 2626 691 in
2659 637 2960 691 discrimen
2993 636 3229 699 veniret,
3269 635 3573 704 prudentiae
3610 651 3627 686 :

2041 728 2203 800 447
2238 730 2455 797 quoties
2482 739 2859 794 cunctaretur,
2896 727 3174 783 securitati
3202 725 3632 782 adscribendum

2041 828 2208 874 esset.
2238 818 2448 889 Quippe
2475 820 2740 874 fortitudo
2775 836 2837 873 ac
2866 819 3162 889 prudentia
3195 816 3628 886 opportunitati-

2041 912 2146 966 bus
2182 918 2513 982 temporum,
2553 913 2704 967 velut
2749 928 2894 982 equo
2939 911 3157 966 cuidam
3194 910 3533 973 insidebant,
3575 917 3629 962 et

2043 1007 2288 1060 habenas
2305 1005 2734 1060 moderabantur
2752 1008 2908 1076 juxta
2940 1007 2992 1060 id
3019 1005 3164 1075 quod
3188 1006 3404 1060 utilitas
3430 1003 3633 1072 Reipu-

2043 1100 2201 1154 blicae
2235 1099 2611 1170 praecipiebat.
2644 1104 2835 1168 Itaque
2880 1099 3098 1168 quoties
3129 1100 3398 1169 impetum
3443 1096 3635 1151 remit-

2045 1190 2197 1243 tebat
2257 1199 2349 1244 aut
2399 1190 2698 1256 rclaxabat,
2733 1189 2787 1244 id
2849 1188 3013 1244 ﬁebat
3069 1206 3177 1243 non
3211 1191 3328 1244 sine
3376 1203 3632 1242 mensura

2043 1281 2281 1350 quatiant
2338 1290 2502 1350 atque
2535 1283 2772 1337 ratione.
2799 1281 2907 1337 Sed
2943 1281 3011 1336 de
3055 1282 3160 1335 hac
3209 1296 3270 1336 re
3322 1280 3635 1334 accuratiis

2044 1381 2168 1442 post
2219 1373 2334 1427 bmc
2365 1373 2566 1428 dicturi
2602 1391 2816 1430 sumus.
2870 1374 3058 1442 Qualis
3089 1374 3237 1428 enim
3287 1382 3636 1443 quantusque

2045 1465 2342 1527 exstiterit,
2392 1465 2626 1535 imperio
2663 1467 2841 1536 ipsius
2891 1465 3289 1520 reservandum
3341 1473 3444 1519 est.
3479 1463 3636 1530 Quod

2045 1555 2270 1624 quidem
2318 1571 2501 1609 mores
2556 1558 2678 1627 ejus
2707 1559 2868 1626 longe
2914 1557 3266 1612 manifestius
3312 1556 3632 1612 declaravit.

2046 1645 2177 1699 dum
2229 1646 2407 1700 libera
2439 1646 2698 1702 facultate
2753 1648 2974 1716 quidvis
3005 1649 3202 1719 agendi
3244 1649 3293 1702 ei
3349 1663 3632 1710 concessa,

2049 1737 2266 1801 interna
2314 1739 2433 1808 ejus
2467 1741 2726 1794 erunibus
2775 1741 3055 1810 patefecit.
3104 1741 3203 1795 [lic
3231 1741 3399 1811 igitur
3430 1740 3636 1795 Mauri-

2048 1828 2188 1890 cius,
2224 1845 2348 1884 cum
2385 1832 2633 1886 exercitu
2669 1833 2920 1887 Romano
2959 1834 3013 1887 in
3039 1834 3330 1888 Persarum
3358 1833 3635 1904 regionem

2043 1923 2356 1992 ingressus,
2396 1924 2562 1978 urbes
2618 1933 2673 1979 et
2711 1925 2934 1981 castella
2981 1935 3289 1995 opportune
3338 1925 3636 2001 admodum

2054 2014 2157 2069 sita
2191 2015 2523 2084 occupavit:
2581 2022 2897 2086 tantamque
2923 2017 3166 2087 przedam
3211 2017 3376 2087 cepit,
3429 2025 3489 2070 ut
3545 2031 3639 2072 ca-

2054 2105 2190 2176 ptivi
2218 2121 2358 2175 quos
2382 2121 2450 2160 ex
2479 2107 2705 2162 Perside
2726 2108 3052 2172 abduxerat,
3087 2109 3331 2180 integras
3354 2108 3562 2163 insulas
3586 2115 3644 2162 ct

2056 2197 2243 2264 urbes,
2280 2206 2446 2269 atque
2467 2215 2630 2269 agros
2668 2199 2998 2272 jampridem
3029 2200 3282 2256 desertos
3310 2201 3640 2263 incolerent,

364 2303 421 2350 et
450 2302 681 2357 terram,
701 2308 823 2362 qua:
882 2291 1040 2362 prius
1075 2291 1283 2346 inculta
1331 2299 1467 2355 erat.
1510 2289 1801 2345 fecundam
1855 2289 2150 2346 redderent
2183 2309 2195 2344 :
2228 2300 2398 2360 utque
2440 2307 2506 2345 ex
2573 2291 2682 2347 illis
2727 2293 2979 2363 ingentes
3007 2295 3288 2349 exercitus
3337 2295 3640 2364 conscripti

361 2388 594 2452 fuerint,
621 2388 715 2458 qui
752 2395 942 2458 postea
968 2397 1160 2442 contra
1189 2387 1323 2442 alias
1359 2386 1730 2440 Barbarorum
1761 2394 1955 2458 gentes
1994 2393 2223 2442 strenue
2282 2403 2345 2442 ac
2389 2387 2605 2442 fortiter
2642 2387 3030 2459 depugnarnnt
3068 2409 3081 2443 :
3149 2389 3393 2460 denique
3428 2400 3485 2444 ut
3538 2390 3647 2443 sin.

361 2485 506 2556 gultn
563 2482 761 2537 domus
815 2481 1086 2537 haberent
1149 2480 1244 2550 qui
1276 2479 1498 2535 servilia
1533 2494 1760 2535 munera
1826 2478 2140 2550 implerent,
2186 2494 2310 2533 cum
2341 2480 2487 2535 servi
2565 2495 2628 2535 ac
2663 2481 2933 2552 mancipia
2964 2481 3232 2538 vilissimo
3265 2483 3446 2553 pretio
3490 2497 3644 2537 eom-

361 2583 718 2648 pararentur.

1006 2710 1264 2763 ΚΕΦΑΛ.
1300 2711 1384 2761 Κ’.

374 2802 473 2867 Ὠς
511 2800 907 2870 Ταμχοσρόην
949 2801 1046 2870 καὶ
1073 2798 1484 2866 Ἀδααρμὰνην
1513 2795 1654 2870 τοὺς
1684 2793 1954 2864 ,Περσῶν

649 2868 1020 2938 στρατηγοὺς
1048 2870 1297 2935 ἐνίκησε
1328 2868 1669 2936 Μαυρίκιος.

437 2981 830 3051 Συνανεπλάκη
859 2981 916 3033 δὲ
966 2981 1061 3033 καὶ
1100 2981 1210 3040 τοῖς
1237 2979 1482 3050 ἀρίστοις
1514 2978 1761 3049 Περσῶν,
1786 2977 1866 3048 τῷ
1896 2996 1955 3031 τε

2696 2706 2848 2761 CAP.
2885 2707 3002 2770 XX,

2054 2791 2326 2860 Quomodo
2371 2794 2656 2848 Mauricius
2682 2794 3102 2850 Tanchosdroem
3142 2808 3191 2851 et
3220 2797 3646 2861 Adaarmanem.

2413 2863 2701 2918 Persarum
2739 2867 2916 2933 duces,
2960 2868 3230 2922 devicerit.

2123 2977 2385 3033 Conﬂixit
2418 2979 2585 3034 etiam
2607 2995 2730 3034 cum
2763 2981 3236 3050 praestantissimis
3262 2983 3498 3040 ducibus
3517 2985 3650 3041 Per-

367 3076 702 3148 Ταμχοσρόῃ
730 3076 824 3128 καὶ
869 3073 1217 3143 Ἀδααρμάνῃ
1250 3071 1388 3142 μετά
1413 3070 1690 3138 ἀξιολόγου
1725 3069 1954 3142 στρατοῦ

2065 3084 2271 3134 sarum,
2327 3068 2738 3125 Tamchosdroe
2788 3071 2999 3126 scilicet
3050 3072 3496 3138 ctAdaarmane,
3556 3077 3653 3146 qui

367 3166 857 3239 ἐπιστρατεύσασιο
893 3165 986 3216 καὶ
1013 3164 1162 3224 ὅπως
1196 3162 1314 3232 μὲν,
1347 3163 1437 3214 καὶ
1471 3163 1572 3224 ὅτι,
1601 3162 1692 3214 καὶ
1724 3162 1832 3229 ὅπη
1869 3160 1959 3214 πέ-

368 3274 636 3332 πρακται,
669 3257 818 3313 ἄλλοι
863 3256 1205 3326 γραφόντων,
1259 3253 1291 3325 ἢ
1322 3254 1417 3307 καὶ
1451 3253 1579 3324 παρ’
1617 3254 1772 3324 ἡμῶν
1827 3253 1957 3315 ἴσως

367 3355 428 3405 ἄν
457 3352 629 3421 ἐτέρτρ
674 3349 948 3414 λελέξεται
1002 3348 1168 3418 πόνῳ,
1216 3347 1314 3416 τῆς
1354 3346 1638 3416 παρούσης
1695 3361 1957 3415 πραγμα-

369 3441 524 3504 τείας
549 3441 715 3509 ἒτερα
770 3439 1002 3510 μάλιστα
1050 3435 1657 3505 κατεπαγγελλομένης.
1688 3435 1883 3487 Πίπτει
1911 3433 1956 3486 δ’

369 3527 467 3586 οὖν
496 3533 645 3601 ὅμως
678 3533 820 3584 κατά
849 3529 945 3601 τὴν
977 3529 1286 3600 παράταξιν
1323 3529 1351 3580 ὀ
1409 3527 1768 3598 Ταμχοσρὸης
1803 3527 1913 3597 (91)
1943 3565 1956 3587 ,

370 3626 476 3679 οὐκ
530 3610 755 3693 ἀνδρείᾳ.
785 3623 879 3676 τοῦ
940 3623 1229 3694 Ῥωμαίων
1297 3620 1567 3690 στρατοῦ,
1619 3618 1872 3689 εὐλαϐείᾳ
1903 3617 1959 3669 δὲ

379 3719 540 3790 μόνῃ.
575 3718 673 3771 καὶ
719 3719 786 3787 τῇ
813 3718 871 3779 ἐς
924 3715 1058 3768 Θεὸν
1105 3715 1290 3768 πίστει
1331 3714 1427 3767 τοῦ
1463 3715 1793 3783 στρατηγοῦ.
1825 3713 1960 3764 Φευ-

375 3827 462 3879 γει
493 3810 548 3863 δὲ
576 3809 670 3863 καὶ
703 3811 732 3862 ὁ
776 3807 1165 3877 Ἀδααρμάνης
1217 3807 1559 3875 κατακράτος
1601 3808 1657 3858 ὲν
1685 3807 1747 3874 τῇ
1810 3805 1958 3874 μάχῃ

375 3898 633 3960 πταίσας,
684 3897 779 3949 καὶ
824 3895 1055 3959 πολλοὺς
1100 3896 1210 3950 τῶν
1244 3895 1464 3947 οἰκείων
1521 3892 1830 3947 ἀποϐαλών·
1868 3894 1960 3945 καὶ

373 3987 547 4042 ταῦτα
597 3987 1036 4056 Ἀλαμουνδάρου
1097 3986 1534 4055 καταπροδόντος
1588 3983 1709 4053 (f),
1747 3982 1806 4044 ὃς
1851 3981 1961 4036 τῶν

377 4079 668 4149 Σκηνητῶν
702 4080 887 4148 ἠγεῖτο
918 4077 1233 4149 βαρϐάρων,
1266 4077 1360 4130 καὶ
1417 4076 1507 4128 τὸν
1543 4075 1835 4145 Εὐφράτην
1863 4076 1964 4146 οὐχ

377 4169 638 4238 ἕλομένου
677 4169 934 4234 διαϐῆναι
992 4170 1257 4238 ποταμὸν,
1318 4167 1414 4220 καὶ
1483 4167 1846 4236 συμμαχῆσαι
1883 4165 1962 4236 τῷ

377 4260 674 4330 Μαυρικίῳ
708 4260 850 4313 κατὰ
897 4261 1007 4313 τῶν
1048 4259 1379 4322 ἀπεναντίας
1425 4259 1717 4328 Σκηνητῶν
1758 4257 1964 4328 βαρϐά-

380 4365 492 4419 ρων
517 4351 584 4405 ”.
632 4351 1091 4419 Ἀκαταγώνιστοι
1123 4350 1230 4422 γάρ
1257 4353 1368 4411 τοῖς
1402 4348 1580 4412 ἄλλοις
1609 4349 1697 4401 διὰ
1728 4349 1827 4419 τὴν
1854 4350 1963 4403 τῶν

2063 3175 2189 3213 cum
2221 3159 2426 3230 ingenti
2453 3161 2704 3216 exercitu
2741 3161 2796 3215 in
2845 3161 2983 3217 fines
3019 3163 3394 3220 Romanorum
3438 3165 3654 3237 irrupe-

2065 3261 2207 3307 rant.
2243 3252 2387 3319 Quid
2433 3262 2620 3308 autem
2671 3264 2886 3325 gestum
2943 3255 3034 3320 sit,
3072 3265 3128 3311 et
3175 3272 3414 3327 quonam
3465 3259 3652 3326 modo,

2064 3345 2376 3417 quibusque
2404 3346 2459 3399 in
2486 3345 2643 3412 locis,
2675 3346 2921 3402 scribant
2949 3347 3042 3402 alii
3081 3366 3095 3401 ε
3128 3357 3224 3402 aut
3261 3365 3292 3404 a
3325 3349 3488 3405 nobis
3536 3349 3652 3405 for-

2067 3450 2208 3494 tasse
2253 3438 2308 3491 in
2344 3437 2452 3491 alio
2483 3453 2647 3507 opere
2679 3448 3010 3507 exponetur.
3058 3441 3308 3494 Praesens
3329 3441 3475 3495 enim
3515 3455 3657 3511 Opus

2043 3524 2224 3600 'longe
2257 3529 2488 3582 aliarum
2520 3544 2706 3583 rerum
2732 3530 3110 3585 narrationem
3147 3532 3458 3600 pollicetur.
3491 3531 3654 3587 Ceci-

2066 3618 2149 3674 dit
2191 3617 2554 3672 nihilominus
2605 3617 2660 3671 in
2707 3634 2771 3672 ea
2824 3636 3006 3690 pugna
3060 3620 3483 3688 Tamcbosroes,
3539 3639 3650 3679 non

2065 3711 2344 3766 exercitus
2375 3709 2608 3764 Romani
2641 3709 2990 3776 fortitudine,
3023 3712 3118 3766 sed
3145 3713 3304 3768 ducis
3337 3729 3531 3768 eorum
3559 3731 3649 3769 rc-

2066 3803 2270 3872 ligione
2301 3811 2357 3856 et
2385 3801 2440 3854 in
2471 3802 2644 3856 Deum
2679 3799 2808 3856 fide.
2845 3801 3226 3858 Adaarmanes
3253 3820 3384 3859 vero
3404 3847 3417 3870 ,
3448 3805 3656 3877 ingenti

2066 3893 2220 3948 clade
2237 3901 2480 3962 accepta,
2515 3901 2572 3946 et
2601 3891 2792 3946 multis
2814 3908 3043 3948 suorum
3078 3895 3321 3962 amissis,
3351 3899 3658 3952 contentis-

2069 3984 2207 4040 sime
2240 3983 2420 4054 fugit:
2451 3982 2617 4052 idque
2665 3985 2885 4039 tametsi
2917 3985 3324 4044 Alamundarus
3356 3988 3660 4044 Saraceno-

2069 4091 2194 4130 rum
2220 4074 2331 4128 dux
2362 4072 2720 4142 prodidisset,
2752 4088 2856 4127 nec
2893 4074 3234 4145 Euphratem
3259 4093 3478 4133 amnem
3508 4079 3663 4149 traji-

2070 4182 2218 4232 cere,
2243 4175 2300 4220 et
2323 4163 2585 4220 Mauricio
2607 4163 2873 4220 adversus
2887 4165 3190 4224 Saracenos
3219 4171 3314 4240 qui
3347 4171 3401 4225 in
3419 4169 3662 4226 hostium

2071 4259 2190 4316 acie
2218 4267 2400 4323 erant,
2431 4257 2716 4327 suppetias
2745 4256 2893 4313 ferre
2917 4259 3206 4316 voluisset.
3233 4262 3370 4317 Nam
3401 4261 3662 4318 Saraceni

2072 4350 2141 4405 ab
2177 4349 2300 4403 aliis
2372 4347 2626 4417 superari
2678 4361 2790 4400 non
2821 4358 3056 4417 possunt
3108 4363 3335 4423 propter
3389 4369 3664 4424 equorum

380 4438 565 4492 ῐππων
648 4439 940 4513 ὠκύτητα,
989 4439 1114 4495 οὔτε
1185 4438 1770 4510 καταλαμϐανόμενοι,
1805 4440 1954 4495 εἵπου

2069 4441 2482 4513 pernicitatem.
2516 4439 2729 4510 Quippe
2758 4441 2854 4510 qui
2885 4457 2988 4500 nec
3015 4447 3408 4518 comprehendi
3451 4447 3666 4518 possint

1717 4600 1954 4655 VARI/IS
2000 4600 2424 4668 LECTIONESJ

457 4727 503 4758 "
525 4723 587 4779 C.
620 4722 681 4778 C.
724 4723 993 4794 Ἀράϐων.

1610 4842 1880 4898 VALESII
1912 4841 2478 4903 ANNOTATIONES.

458 4957 569 5024 (90)
590 4955 940 5026 Ἑξοικίσαι.
961 4954 1020 5008 In
1040 4954 1231 5026 codice
1248 4956 1570 5010 Florentino
1593 4957 1860 5026 scriptum
1885 4961 1969 5012 in-

383 5029 506 5081 veni
541 5027 841 5096 ἐξοικῆσαι.
867 5024 1221 5096 Nicephorus
1263 5042 1398 5080 vero
1434 5024 1758 5095 simpliciter
1785 5031 1968 5096 posuit

384 5094 743 5170 oijxiaatiﬁigo
759 5111 867 5150 non
885 5094 1080 5148 dubito
1092 5098 1225 5170 quin
1248 5097 1516 5170 Evagrius
1528 5094 1812 5167 scripserit
1828 5101 1969 5170 ὲσοιτ

385 5167 560 5288 fleat.
587 5168 737 5291 lillsus
774 5175 948 5220 estea
977 5179 1111 5220 voce
1152 5167 1420 5238 Eva—grius
1459 5167 1514 5220 in
1563 5183 1684 5238 cap.
1738 5170 1762 5222 1
1826 5184 1888 5222 ac
1934 5169 1970 5220 2

405 5253 553 5291 unus
609 5255 742 5291 ΙΠΊ-

405 5253 553 5299 111]118
588 5253 743 5299 Ill)”,

455 5254 1140 5379 ἓό115)11’Ἠ¹Ῠαιιοσχρόης.
1209 5305 1578 5379 Scribendum
1641 5316 1728 5362 est
1763 5310 1957 5376 procul

385 5375 557 5431 dubio
589 5375 979 5448 Ταμχοσρόηξῖ
1007 5379 1098 5433 Sic
1120 5379 1271 5431 enim
1313 5378 1478 5448 paulo
1536 5385 1664 5432 ante
1696 5375 1965 5448 Ev’agrius

383 5462 511 5500 eum
539 5447 725 5504 vocat.
747 5447 996 5505 Meminit
1021 5449 1186 5518 hujus
1225 5448 1388 5502 ducis
1439 5447 1738 5502 Menander
1779 5447 1966 5518 prote-

2076 4969 2197 5032 ctor
2226 4961 2278 5015 in
2306 4962 2597 5030 Excerptis
2624 4961 2988 5031 legationum,
3019 4973 3076 5018 et
3123 4961 3570 5032 Theophylactus
3606 4964 3660 5018 in

2077 5031 2322 5102 librom.
2355 5032 2607 5098 Qualiter
2642 5048 2772 5086 vero
2800 5033 2855 5087 in
2902 5032 3092 5102 pr:elio
3136 5031 3403 5086 adversus
3453 5033 3661 5087 Mauri-

2078 5101 2584 5174 cium_inte_rfc_ctus
2614 5101 2707 5174 sit,
2743 5101 2917 5158 refert
2957 5104 3102 5158 idem
3134 5103 3580 5174 Tlteopbyiactus
3608 5106 3664 5158 in

2077 5186 2199 5239 cap.
2232 5170 2299 5224 18
2346 5171 2472 5244 libri
2505 5188 2584 5225 ιιι.
2618 5172 2790 5244 quue
2841 5183 3057 5244 gestum
3088 5188 3210 5244 esse
3261 5170 3498 5227 testatur
3539 5185 3666 5244 post

2078 5249 2313 5293 mortem
2367 5241 2717 5310 imperatoris
2752 5241 2981 5307 Justini,
3016 5243 3242 5298 Tiberio
3266 5244 3377 5312 jam
3447 5244 3512 5298 ad
3541 5241 3662 5300 Ἀη-

2075 5318 2292 5377 gustum
2326 5313 2544 5365 culmen
2577 5323 2792 5369 evecto.
2827 5315 2888 5369 in
2925 5313 3116 5372 codice
3172 5314 3482 5370 Telleriano
3525 5317 3662 5372 scri-

2074 5390 2228 5449 ptum
2250 5391 2335 5436 est
2356 5383 2593 5452 χοσρόις.

1849 5591 2234 5650 YARIORUM.

460 5711 561 5784 (fi
586 5712 1028 5782 Ἀλαμουδάρου
1070 5716 1574 5784 καταπροδόντος.
1623 5717 1960 5774 Alamunda-

386 5793 500 5844 rus,
539 5782 906 5840 Romanorum
946 5786 1000 5839 in
1045 5785 1149 5841 hac
1170 5782 1517 5858 expeditione
1538 5805 1745 5860 comes,
1773 5806 1964 5845 eorum

2075 5719 2302 5792 consilia
2343 5721 2634 5774 Persarum
2670 5721 2779 5792 regi
2824 5723 3135 5791 prodidisse
3191 5721 3385 5778 fertur.
3453 5720 3652 5792 t'agius

2079 5791 2190 5845 hate
2215 5790 2374 5846 refert
2415 5809 2560 5846 anno
2596 5793 2715 5860 :‘iBl,
2743 5790 2924 5847 in”.
