4016 6208
499 248 644 312 2843
876 289 879 292 -
1679 251 1999 314 EVAGRII
2045 249 2532 312 SCI-IOLASTICI
2825 294 2834 302 -
3599 259 3728 324 281i.

570 359 660 416 VI.
699 359 988 427 Quomodo
1030 359 1330 430 imperator
1368 359 1553 414 denuo
1583 358 1951 430 Philippicum
1988 359 2090 412 mi-
2115 358 2156 418 Α

2125 358 2166 418 Α
2261 361 2354 426 ς’.
2393 359 2478 424 Ὠς
2505 361 2532 412 ὁ
2557 359 2808 430 βασιλεὺς
2830 361 3153 417 Φιλιππικὸν
3179 363 3334 417 πάλιν
3356 364 3711 436 ἐξαπέστειλεν,

495 453 590 518 sit,
623 461 792 522 utque
826 454 1104 508 exercitus
1125 469 1251 507 eum
1292 450 1574 520 suscipere
1605 449 1902 504 recusavit.

1683 449 1902 504 :usavit.
2191 453 2218 504 ὁ
2251 452 2306 504 δὲ
2338 453 2569 522 στρατὸς
2599 453 2786 507 τοῦτον
2825 456 2884 507 οὐ
2919 454 3269 524 παρεδέξατο.

568 544 680 598 VII.
721 545 798 599 De
821 543 1087 616 Gregorio
1109 545 1414 600 Antiochia:
1441 544 1722 614 episcopo,
1744 543 1924 614 deque
1954 559 2084 598 con-

2257 545 2328 596 Z'.
2365 545 2499 614 Περὶ
2544 545 2844 616 Γρηγορίου
2869 546 2963 600 τοῦ
2989 547 3352 612 Θεουπόλεως,
3383 547 3472 601 καὶ
3501 549 3586 620 τῆς
3614 557 3712 606 κατ’

494 637 712 692 cinnata
743 637 1008 692 adversus
1031 653 1161 692 eum
1201 636 1474 692 calumnia
1495 677 1509 700 ,
1550 645 1606 691 et
1648 635 1926 706 quomodo
1960 649 2080 690 eam

2183 635 2353 688 αὑτοῦ
2399 637 2700 710 γενομένης
2741 639 3127 710 συκοφαντίας,
3161 641 3256 694 καὶ
3283 640 3426 704 ὅπως
3457 656 3512 692 τε
3543 641 3711 716 ταύτην

492 733 612 787 falsi
657 734 981 790 convicerit.

2182 728 2354 800 ψευδῆ
2381 729 2526 800 διῆλε
2537 731 2678 798 γξεν.

568 825 700 880 VIII.
750 824 1036 892 Quomodo
1079 823 1372 879 Antiochia
1411 831 1572 878 terrae
1613 823 1856 878 motibus
1897 822 2081 878 denuo

2257 819 2339 874 Μ’.
2387 821 2472 885 Ὠς
2509 821 2667 876 πάλιν
2717 822 2823 876 ὑπὸ
2869 823 3112 896 σεισμῶν
3151 825 3494 898 ήΘεούπολις
3529 827 3707 882 ἔπαθεν.

491 925 684 969 vexata
721 925 825 970 est.
3599 901 3604 910 ’

561 1007 650 1062 IX.
681 1005 968 1072 Quomodo
1002 1003 1230 1058 Barbari
1265 1002 1461 1056 ﬁducia
1492 1010 1710 1072 sumpta
1735 1018 1802 1056 ex
1834 1017 1901 1057 eo
1931 1001 2078 1072 quod

2253 991 2330 1046 ϐ’.
2396 991 2483 1056 Ὠς
2529 993 2578 1046 οἱ
2635 992 2910 1064 Βάρὸαροι
2965 993 3340 1066 θαρρήσαντες
3371 997 3433 1065 τῇ
3463 994 3545 1047 τοῦ
3577 1012 3712 1063 στρα-

489 1097 692 1152 milites
720 1097 788 1152 ab
825 1097 1158 1164 imperatore
1192 1095 1558 1158 defecissent,
1587 1094 1812 1150 eosdem
1844 1095 2074 1167 egressi,

2178 1085 2272 1139 τοῦ
2309 1085 2451 1140 κατὰ
2492 1086 2586 1139 τοῦ
2630 1085 2893 1156 βασιλέως
2923 1088 3244 1153 ἀποστάσει,
3273 1087 3476 1150 τούτοις
3517 1086 3716 1156 προσϐα-

486 1207 516 1244 a
547 1188 820 1244 Germano
851 1188 1094 1257 superati
1127 1197 1275 1241 sunt.

2178 1178 2382 1242 λόντες,
2418 1179 2522 1232 ὑπὸ
2545 1179 2828 1249 Γερμανοῦ
2857 1178 3189 1250 ἡττήθησαν.

557 1277 628 1336 X.
673 1280 748 1334 De
783 1279 1136 1349 imperatoris
1165 1279 1219 1332 in
1253 1275 1487 1330 rebelles
1517 1276 1832 1330 clementia.

2249 1273 2306 1324 l'.
2357 1272 2494 1342 Περὶ
2549 1271 2648 1343 τῆς
2697 1271 2792 1324 τοῦ
2834 1271 3100 1342 βασιλέως
3157 1275 3236 1336 είς
3275 1273 3398 1334 τοὺς
3449 1270 3713 1332 ἀποστάτας

789 1435 792 1438 _
2178 1365 2369 1434 φιλανθ
2379 1365 2609 1435 ρωπίας.

552 1454 646 1510 XI.
691 1453 978 1522 Quomodo
1011 1451 1312 1524 Gregorius
1353 1451 1744 1510 Antiochensis
1781 1453 2073 1526 episcopus

2249 1454 2352 1510 IA'.
2399 1457 2485 1520 Ὡς
2531 1457 2828 1530 Γρηγόριος
2879 1459 2908 1511 ὁ
2954 1455 3303 1520 Θεουπόλεως
3351 1457 3429 1519 εἰς
3465 1453 3711 1522 διαλλαγάς

482 1547 550 1602 ad
582 1549 856 1618 pacandos
883 1547 1088 1600 milites
1125 1547 1370 1602 directus
1400 1555 1503 1602 est.

1400 1555 1503 1602 est.
2174 1548 2513 1620 ἐξαπεστάλη
2547 1549 2641 1614 τοῦ
2683 1548 2934 1620 στρατοῦ.
2971 1603 2973 1608 ,

553 1639 668 1694 XII.
721 1637 968 1708 Gregorii
1008 1639 1184 1694 oratio
1213 1639 1278 1694 ad
1315 1641 1638 1694 exercitum.

2245 1641 2346 1695 IB'.
2385 1641 2704 1714 Δημηγορία
2733 1643 3037 1714 Γρηγορίου
3069 1639 3203 1714 πρὸς
3237 1642 3330 1695 τὸν
3361 1641 3589 1712 στρατόν.

555 1727 692 1784 XIII.
740 1728 1027 1796 Quomodo
1060 1739 1180 1800 post
1209 1730 1514 1784 orationem
1541 1729 1808 1800 Gregorii,
1843 1730 2068 1793 milites,
2105 1714 2141 1768 Β

2131 1715 2144 1768 ³
2252 1734 2350 1787 II".
2383 1735 2504 1788 Ὅτι
2549 1735 2688 1806 μετὰ
2753 1733 2814 1787 τὸ
2854 1735 3242 1806 δημηγορῆσαι
3277 1731 3582 1804 Γρηγόριον,
3616 1745 3717 1798 μετα

483 1821 730 1890 deposita
753 1822 939 1892 priore
957 1823 1251 1888 sententia,
1279 1823 1644 1892 Philippicum
1669 1822 1867 1878 ducem
1887 1821 2069 1878 denuo

2179 1825 2362 1880 έθεντο
2391 1827 2511 1890 ταῖς
2539 1825 2788 1894 γνώμαις
2814 1828 2862 1880 οἱ
2897 1825 3252 1898 στρατιῶται,
3275 1825 3368 1878 καὶ
3397 1823 3546 1878 πάλιν
3565 1822 3716 1891 δέχον-

481 1921 866 1982 Susceperunt.

2177 1935 2267 1971 ται
2297 1917 2623 1971 Φιλιππικὸν
2655 1917 2981 1990 στρατηγόν.

553 2004 694 2060 XIV.
730 2003 1022 2072 Quomodo
1056 2015 1214 2076 capta
1251 2005 1322 2060 sit
1347 2005 1747 2076 Martyropolis.

2249 2013 2347 2063 ω’.
2395 2010 2531 2082 Περί⁵
2566 2011 2664 2081 τῆς
2703 2011 2958 2074 ἁλώσεως
3006 2007 3503 2080 Μαρτυροπόλεως.

551 2098 666 2152 XV.
699 2097 775 2152 De
815 2097 1163 2154 Comentiolo
1195 2101 1456 2170 magistro
1486 2099 1745 2162 militum,
1779 2107 1834 2154 ct
1869 2098 1936 2153 de
1971 2113 2068 2151 ex-

2251 2102 2351 2156 IE'.
2383 2105 2518 2174 Περὶ
2559 2105 2659 2170 τῆς
2695 2103 3030 2175 στρατηγίας
3063 2101 3452 2172 Κομεντιὸλου,
3483 2097 3570 2152 καὶ
3597 2095 3715 2152 ἀλώ-

481 2189 814 2258 pugnatione
843 2189 1048 2243 castelli
1088 2189 1326 2244 Ilocbas.

1121 2189 1326 2244 Iocbas.
2178 2213 2315 2258 σεως
2357 2195 2452 2250 τοῦ
2480 2195 2707 2260 Ὄκϐας.

551 2281 688 2336 XVI.
729 2283 803 2336 De
829 2283 974 2338 crede
1003 2283 1331 2340 llormisdaa.

2245 2287 2360 2356 IG".
2391 2290 2526 2361 Περὶ
2554 2290 2653 2358 τῆς
2685 2289 3020 2360 ἀναιρέσεως
3061 2287 3375 2360 Ὅρμίσδου.

551 2371 712 2428 XVII.
767 2374 839 2428 De
873 2375 1114 2446 junioris
1165 2375 1430 2431 Chosrois
1481 2373 1548 2428 ad
1605 2375 1880 2428 Romanos
1919 2371 2064 2442 fuga.

2243 2379 2343 2434 IZ'.
2393 2380 2529 2448 Περὶ
2585 2379 2681 2450 τῆς
2719 2380 2857 2450 πρὸς
2903 2380 3052 2451 ἡμᾶς
3113 2379 3295 2450 φυγῆς
3335 2375 3428 2432 τοῦ
3481 2375 3592 2429 νέου
3631 2375 3717 2428 Xo-

2175 2471 2358 2542 σρόου.

551 2563 736 2618 XVlil.
774 2563 1020 2630 Qualiter
1066 2563 1368 2633 imperator
1403 2561 1729 2632 Gregorium
1773 2576 1838 2615 ac
1879 2559 2066 2614 Domi-

2245 2563 2351 2614 Ill'.
2410 2561 2497 2624 Ὠς
2539 2562 2567 2613 ὁ
2608 2561 2864 2632 βασιλεὺς
2921 2561 3227 2633 Γρηγόριον
3289 2562 3382 2615 καὶ
3431 2557 3718 2630 Δομετιανὲν

481 2655 691 2708 tianum
733 2653 964 2708 Chosroi
989 2654 1208 2708 obviam
1239 2654 1318 2708 ire
1341 2654 1528 2724 jussit.

2173 2653 2254 2716 εἰς
2285 2653 2594 2724 ἀπάντησιν
2633 2656 2880 2725 Χοσρόου
2915 2653 3322 2719 ἐξαπέστειλεν.

551 2741 693 2797 XIX.
747 2743 1036 2808 Quomodo
1101 2743 1378 2800 Chosroes
1435 2743 1806 2798 Romanorum
1857 2737 2065 2795 auxilio

2243 2745 2344 2798 16'.
2393 2745 2478 2804 Ὠς
2519 2739 2680 2799 πᾚιλιν
2715 2747 2815 2816 τὴν
2841 2745 3014 2816 ἀρχὴν
3047 2745 3278 2818 Περσῶν
3305 2744 3540 2815 Χοσρῦης
3567 2737 3716 2803 ἔλασε,

482 2849 712 2904 regnum
749 2851 908 2890 suum
945 2836 1310 2907 recuperavit.

2186 2837 2470 2908 Ῥωμαίων
2503 2839 2650 2908 αὐτῷ
2683 2838 3091 2910 συναραμένων.

551 2925 668 2980 XX.
717 2927 794 2981 De
819 2935 1010 2982 sancta
1037 2936 1214 2982 matre
1243 2927 1586 2992 Golanduch,
1625 2942 1746 2997 quas
1779 2925 1886 2980 illis
1921 2935 2060 2979 tem-

2241 2931 2328 2984 K'.
2364 2931 2485 2984 Ὀτι
2511 2931 2633 2984 κατ’
2665 2933 2843 2984 ἐκεῖνο
2864 2929 3060 3002 καιροῦ
3087 2934 3118 3002 ἡ
3151 2931 3286 2999 ἀγξα
3329 2930 3507 3002 μήτηρ
3535 2921 3595 2998 ἦν
3635 2923 3715 2978 Γοι

483 3017 709 3087 poribus
743 3019 897 3073 risit.
1989 3033 1994 3038 ’

1025 3115 1058 3118 Π
1330 3113 1378 3118 ω
1711 3113 1771 3118 Η
1887 3113 1900 3118 _
1989 3033 1994 3038 ‘
2094 3021 2421 3118 c).av6o'.ix.

553 3111 692 3164 XXI.
741 3113 814 3166 De
847 3112 1092 3168 donariis
1154 3129 1276 3182 quae
1321 3113 1595 3168 Chosrocs
1652 3113 1798 3168 misit
1835 3113 1902 3168 ad
1939 3129 2068 3169 san-
2096 3103 2137 3118 ν

2134 3103 2137 3112 ’
2247 3115 2382 3170 KA'.
2433 3117 2570 3186 Περὶ
2623 3111 2698 3170 ὧν
2745 3117 2956 3187 ἔπεμψε
2987 3115 3238 3186 Χοσρὸης
3291 3111 3633 3182 ἀναθημάτων
3657 3103 3720 3176 τῷ

482 3212 632 3257 ctum
665 3213 958 3276 martyrem
996 3205 1269 3275 Sergium.
1643 3269 1646 3272 ν

1643 3269 1646 3272 ν
2177 3206 2319 3276 ἁγίῳ
2353 3207 2594 3278 μάρτυρι
2635 3207 2866 3280 Σεργίῳ.

555 3294 718 3348 XXII.
766 3295 840 3348 De
872 3297 1147 3350 Naamane
1179 3297 1472 3350 Saraceno.

2249 3297 2376 3352 ΚΠ.
2411 3299 2550 3369 Περὶ
2586 3298 2888 3368 Νααμάνου
2918 3299 3013 3352 τοῦ
3046 3299 3391 3370 Σαρακηνοῦ.

555 3389 744 3444 XXIII.
795 3390 871 3444 De
924 3389 1078 3443 obitu
1135 3389 1310 3443 sancti
1386 3389 1665 3444 Simeonis
1719 3388 1924 3460 Stylita:
1973 3389 2066 3460 ju-

2246 3387 2374 3444 ΚΡ.
2413 3389 2548 3460 Περὶ
2567 3389 2664 3460 τῆς
2695 3389 2953 3461 τελευτῆς
2981 3390 3074 3442 τοῦ
3099 3391 3157 3442 ὲν
3190 3391 3370 3459 ἁγίοις
3399 3387 3611 3459 Συμεὼν
3641 3381 3717 3436 τοῦ

483 3482 680 3534 nioris.

2177 3478 2298 3532 νέου
2329 3479 2610 3534 Στυλίτου.
3175 3481 3179 3484 ’

555 3571 740 3628 XXIV.
779 3573 852 3628 De
897 3573 1049 3628 obitu
1090 3573 1338 3645 Gregorii
1377 3572 1769 3650 Antiochensis
1799 3572 2065 3644 episcopi,

2247 3571 2519 3641 KA'JIepl
2542 3573 2640 3640 τῆς
2663 3571 2920 3640 τελευτῆς
2939 3571 3244 3642 Γρηγορίου
3267 3570 3554 3624 ἐπισκόπου
3573 3567 3713 3621 Θεον-

477 3673 536 3719 et
564 3665 914 3720 restitutione
943 3665 1236 3720 Anastasii.

2175 3663 2405 3727 πόλεως,
2436 3661 2532 3716 καὶ
2555 3661 3052 3728 ἀποκαταστάσεως
3094 3665 3467 3718 Ἀναστασὶου.

889 3976 1050 4052 453
1101 3977 1326 4037 CAI‘UT
1365 3977 1655 4036 PRIMUM.

2600 3979 2998 4036 ΚΕΦΔΛΑΙΟΝ
3043 3981 3337 4036 ΠΡΩΤΟΝ.

777 4091 854 4146 De
889 4093 1084 4162 nuptiis
1119 4092 1362 4146 Mauricii
1393 4101 1442 4146 et
1477 4091 1750 4162 Augustae.
2083 4109 2132 4168 ι)
2254 4093 2363 4158 Περ

2083 4109 2132 4168 ι)
2254 4089 2392 4158 Περὶ
2423 4089 2529 4144 τοῦ
2562 4091 2751 4161 γάμου
2774 4094 3109 4160 Μαυρικίου
3133 4095 3230 4148 καὶ
3254 4095 3615 4164 Αὑγιούστης.

543 4205 844 4260 Mauricius
891 4205 1053 4258 simul
1108 4212 1272 4272 atque
1321 4204 1613 4274 imperium
1666 4203 1898 4272 adeptus
1951 4211 2056 4264 est,

2235 4201 2543 4274 Μαυρίκιος
2586 4203 2661 4268 δὲ,
2695 4205 2816 4256 ἐπεὶ
2861 4205 3170 4274 παρέλαϐεν
3193 4206 3291 4276 τὴν
3320 4207 3514 4276 ἀρχὴν,
3545 4201 3705 4272 πρῶτα

471 4306 598 4352 ante
624 4295 808 4350 omnia
835 4295 1153 4363 nuptiarum
1183 4310 1410 4348 suarum
1437 4303 1760 4364 apparatum
1793 4293 2056 4350 instiluit.

2163 4293 2262 4362 μὲν
2297 4292 2365 4344 τὰ
2417 4293 2548 4363 περὶ
2596 4293 2690 4344 τὸν
2734 4293 2912 4362 γάμον
2950 4293 3278 4364 ἐξηρτύετο·
3311 4293 3408 4348 καὶ
3447 4293 3576 4348 κατά
3603 4290 3717 4352 τοὺς,

471 4393 772 4459 Augustam
823 4387 1008 4456 igitur,
1055 4401 1178 4454 quae
1231 4395 1288 4441 et
1331 4385 1692 4442 Constantina
1745 4385 2053 4449 dicebatur,

2161 4383 2475 4454 βασιλικοὺς
2505 4385 2740 4455 θεσμοὺς
2775 4383 3115 4453 Αὐγοῦσταν,
3145 4386 3244 4456 τὴν
3273 4387 3366 4440 καὶ
3395 4379 3703 4439 Κωνσταντί-

467 4480 701 4540 suiemni
734 4459 1124 4550 imperatorum
1153 4493 1304 4530 more
1334 4491 1558 4530 uxorem
1592 4477 1770 4542 duxit,
1822 4475 2053 4546 nuptiali

2159 4495 2277 4544 ναν,
2317 4477 2664 4542 ὲσοικίζεται·
2693 4478 2792 4548 τῆς
2832 4495 2892 4530 τε
2935 4479 3043 4531 τῶν
3075 4480 3270 4550 γάμων
3315 4480 3531 4550 πομπῆς
3560 4491 3702 4547 μεγα-

469 4588 714 4646 pmnpa,
766 4579 822 4626 et
872 4569 1112 4640 publicis
1159 4567 1338 4638 epulis
1390 4581 1454 4620 ac
1507 4567 1898 4622 festivitatibus
1959 4581 2055 4636 per

2157 4569 2446 4640 λοπρεπῶς
2471 4570 2870 4640 γεγενημένης,
2903 4570 2966 4640 δη
2977 4570 3250 4640 μοθοινίας
3275 4588 3356 4635 τε,
3393 4571 3484 4624 καὶ
3525 4571 3705 4634 ἀγερω-

469 4671 640 4718 totam
687 4661 878 4724 urbem
927 4657 1470 4730 magniﬁcentissime
1517 4657 1830 4712 celebratis.
1881 4657 2054 4712 Inter-

2159 4663 2282 4733 χίας
2315 4661 2622 4732 ἑκασταχοῦ
2655 4663 2754 4732 τῆς
2795 4665 3025 4726 πόλεως.
3065 4663 3324 4734 Παρῆσαν
3366 4663 3420 4716 δὲ
3451 4661 3522 4731 τῷ
3546 4659 3703 4728 γάμῳ,

468 4755 697 4810 I'nerunt
727 4754 813 4814 bis
847 4751 1060 4822 nuptiis
1098 4751 1272 4818 pietas
1308 4758 1364 4804 et
1405 4749 1760 4818 imperatoria
1793 4749 2052 4820 dignitas,

2159 4753 2442 4807 θεοσέϐειά
2494 4771 2554 4808 τε
2609 4755 2705 4807 καὶ
2740 4753 2984 4824 βασιλεία
3029 4753 3421 4824 δορυφοροῦσαι
3449 4769 3504 4806 τε
3533 4754 3704 4816 ἐκπρε-

470 4849 866 4906 deeentissimo
922 4843 1180 4898 satellitio
1249 4842 1572 4910 Mauricium
1635 4852 1694 4898 et
1729 4843 2052 4913 ‘Augustam

2157 4845 2403 4898 πέστατα
2425 4885 2440 4906 ,
2473 4847 2568 4898 καὶ
2609 4845 3015 4916 δωροφοροῦσαι
3065 4845 3134 4896 τὰ
3171 4843 3495 4915 τιμιώτατα.
3535 4841 3592 4894 'H
3621 4837 3705 4904 μὲν

467 4941 764 5011 stipantes,
807 4947 865 4991 et
909 4933 1311 5005 pretiosissima
1353 4931 1434 4986 eis
1467 4947 1695 4984 munera
1733 4931 2050 4984 oII‘erentes.

2155 4938 2266 5007 γάρ
2312 4937 2525 5008 πατέρα
2569 4938 2664 4990 καὶ
2715 4938 2929 5008 μητέρα
2995 4935 3310 5006 παρείχετο,
3343 4937 3512 5005 σεμνῇ
3546 4929 3701 4996 πολιᾷ,

469 5033 604 5088 Nam
637 5031 728 5085 illa
751 5027 998 5100 quidem,
1031 5023 1178 5096 quod
1209 5022 1350 5077 nulli
1383 5037 1622 5092 unquam
1656 5021 2052 5100 imperatorum

2157 5029 2423 5098 αἰδεσίμῳ
2451 5045 2511 5082 τε
2543 5028 2716 5098 ρυτίδι
2747 5028 2836 5080 τὸν
2863 5027 3038 5094 γάμον
3069 5027 3415 5094 ἀγιάσοντας,
3454 5025 3548 5092 οὐχ
3579 5023 3701 5074 ιστο-

465 5124 731 5196 obtigisse
767 5119 1022 5192 legimus,
1053 5125 1266 5188 patrem
1301 5115 1462 5170 simul
1491 5128 1555 5168 ac
1591 5123 1820 5168 matrem
1851 5113 2051 5168 Mauri-

2160 5119 2320 5190 ρηθὲν
2351 5120 2409 5180 ἐς
2441 5117 2486 5148 ³³
2517 5116 2772 5188 βασιλέας
2821 5115 3042 5170 πώποτε
3069 5156 3084 5180 ,
3117 5115 3380 5184 ἀδελφούς
3423 5129 3478 5166 τε
3533 5106 3697 5162 καλοὶ-ς

466 5215 540 5269 cii
562 5195 833 5278 exhibuit,
858 5212 952 5282 qui
977 5209 1174 5266 decora
1200 5207 1401 5262 canitie
1433 5205 1694 5276 rogisque
1725 5205 2052 5260 venerandis

2156 5213 2248 5264 καὶ
2271 5209 2510 5279 ὡραίους
2537 5209 2636 5280 τὴν
2686 5210 2954 5280 γαμήλιον
2979 5207 3208 5278 πομπὴν
3239 5207 3606 5276 σεμνύνοντας.
3649 5195 3697 5245 ἸΙ

469 5309 691 5379 nuptias
717 5307 1126 5364 sanctilicarent
1151 5321 1164 5357 :
1199 5305 1398 5358 fratres
1429 5301 1556 5356 item
1591 5301 1762 5356 forma
1791 5317 1853 5354 ac
1877 5317 2050 5354 venu-

2154 5301 2207 5354 δέ
2233 5319 2328 5369 γε.
2351 5303 2674 5372 ἀμπεχόνην
2706 5302 3105 5372 χρυσόπαστον,
3137 5297 3413 5368 ἁλουργίδι
3443 5295 3532 5348 καὶ
3559 5289 3697 5349 λίθοις

465 5407 608 5455 State
635 5399 892 5462 eximios,
931 5395 1026 5466 qui
1057 5395 1369 5466 nuptiarum
1407 5409 1660 5464 pompam
1696 5403 2048 5446 exornarem.

2169 5395 2346 5446 Ἰνδῶν
2383 5395 2826 5464 κεκθτξιιημένην,
2877 5393 3176 5462 στεφάνους
3225 5407 3278 5442 τε
3315 5385 3500 5460 χρυςῴ
3547 5379 3696 5443 rte-felt?

1774 5533 2004 5588 \’.-‘iIlI.E
2049 5533 2454 5592 LI-IC'I'IONES.

539 5661 585 5720 ξ·
618 5655 678 5710 C.
713 5653 772 5710 C.
809 5651 902 5714 ὡς.
