4016 6208
516 212 658 276 εει-ι

506 343 627 384 cem
656 337 712 383 et
736 329 1054 387 Palaestinas
1081 337 1212 398 tres,
1245 347 1351 404 ope
1377 331 1742 392 barbarorum
1772 353 1914 406 quos
1945 339 2093 395 circa

506 434 567 474 se
622 419 881 485 habebat,
942 425 1238 495 populatus
1288 425 1488 488 fuerat.
1548 436 1604 484 et
1658 429 1713 485 in
1768 433 2091 487 servitutem

509 510 818 583 redegerat,
840 530 906 571 eo
933 524 1180 587 tempore
1200 534 1311 588 quo
1331 528 1525 589 captus
1543 529 1628 576 est
1647 522 2055 578 Alamundarus
2077 543 2089 578 :

509 618 635 657 cum
673 620 867 662 omnes
890 608 1108 678 judiecs
1137 625 1264 665 cum
1294 613 1514 681 capitali
1547 614 1818 683 supplicio
1847 615 2093 671 allicien-

510 692 641 747 dum
670 709 793 750 esse
835 699 1214 765 censuissent,
1251 700 1306 754 in
1344 700 1520 756 libera
1554 705 1803 759 custodia
1830 705 2090 772 detinuit,

510 791 663 845 nullo
694 793 929 862 amplius
954 795 1096 849 malo
1122 811 1248 850 eum
1279 796 1540 853 multans.
1571 798 1775 855 Eadem
1802 800 2093 856 clementia

512 885 663 939 latim
692 887 942 942 dicemus
970 904 1071 944 suo
1096 890 1240 947 loco.

1068 1007 1231 1079 455
1256 1009 1407 1065 CAP.
1439 1012 1529 1067 Ill.

513 1091 590 1148 De
618 1094 828 1150 Joanne
877 1105 927 1150 et
970 1097 1289 1171 Philippica,
1335 1104 1606 1171 magistris
1642 1102 1903 1168 militum,
1942 1109 1992 1157 et
2032 1102 2096 1157 de

965 1169 1116 1223 rebus
1142 1172 1206 1225 ab
1241 1169 1635 1242 iisdemvgestis.

585 1277 758 1333 Porro
785 1280 1107 1351 magistrum
1142 1281 1442 1337 Orientalis
1470 1284 1701 1347 militia,
1738 1282 1918 1355 primo
1969 1282 2097 1353 qui~

514 1372 639 1426 dem
677 1370 942 1427 Joannem
980 1374 1152 1436 misit,
1180 1375 1478 1431 oriundum
1510 1391 1575 1431 ex
1610 1374 1866 1429 Thracia.
1902 1374 2005 1440 Qui
2040 1376 2096 1430 in

516 1463 726 1533 aliquot
756 1464 991 1533 proeliis,
1027 1464 1304 1518 interdum
1352 1466 1611 1531 adversa,
1658 1465 1936 1520 interdum
1972 1481 2100 1535 pro-

516 1563 762 1632 speriore
794 1563 1014 1618 fortuna
1048 1580 1201 1630 usus,
1230 1566 1368 1619 nihil
1400 1566 1667 1621 memoria
1702 1565 1926 1637 dignum
1969 1580 2097 1635 ges-

516 1655 608 1736 sit.
659 1654 799 1711 Iluic
831 1656 1030 1711 deinde
1082 1673 1463 1714 successorem
1514 1659 1664 1713 misit
1706 1656 2097 1728 Philippicum,

515 1744 776 1801 aﬂinitate
807 1747 907 1816 ipsi
939 1749 1319 1819 conjunctum.
1354 1749 1594 1804 Alteram
1629 1749 1774 1803 enim
1805 1764 1871 1803 ex
1900 1746 2101 1801 Mauri-

515 1837 585 1892 cii
618 1838 925 1904 sororibus,
959 1855 1185 1894 uxorem
1209 1840 1462 1896 duxerat.
1495 1839 1607 1907 Qui
1633 1840 1687 1893 in
1721 1839 1963 1894 hostium
2016 1854 2104 1893 re-

515 1926 735 1997 gionem
801 1926 1107 1998 ingressus,
1147 1938 1204 1983 et
1233 1930 1398 1984 obvia
1445 1945 1679 1999 quaeque
1713 1928 2099 1998 depopulatus,

518 2018 725 2089 ingenti
751 2019 932 2089 praeda
970 2022 1182 2091 potitus
1218 2030 1325 2077 est.
1361 2021 1562 2076 Multos
1593 2036 1813 2091 quoque
1841 2036 1907 2074 ex
1938 2018 2100 2073 nobi-

517 2110 665 2166 libus
694 2111 993 2177 Nisibenis,
1027 2122 1085 2168 et
1129 2129 1195 2168 ex
1227 2114 1352 2168 aliis
1373 2113 1607 2168 urbibus
1629 2128 1751 2183 quae
1783 2121 1912 2168 sunt
1956 2111 2101 2165 intra

518 2201 746 2257 fluvium
792 2203 1022 2274 Tigrim,
1071 2204 1369 2260 interfecit.
1434 2203 1695 2260 Conﬂixit
1751 2203 1917 2259 etiam
1974 2217 2101 2257 cum

520 2294 701 2351 Persis
735 2313 747 2347 :
781 2296 1185 2366 commissaque
1209 2297 1416 2368 ingenti
1453 2313 1657 2368 pugna,
1685 2304 1742 2350 et
1784 2294 1973 2350 multis
2007 2292 2102 2363 qui

521 2387 668 2441 inter
709 2387 906 2442 Persas
939 2387 1127 2441 eximii
1160 2387 1531 2450 habebantur,
1572 2385 1792 2450 occisis,
1826 2399 1935 2439 non
1970 2399 2107 2453 pau-

519 2491 614 2531 cos
644 2477 799 2531 vivos
836 2477 1003 2546 cepit.
1043 2475 1308 2531 Turmam
1370 2476 1501 2530 item
1556 2476 1848 2531 Persarum
1893 2490 2015 2544 qua:
2048 2473 2105 2528 in

520 2568 713 2623 collem
756 2567 1051 2638 quemdam
1103 2568 1239 2623 satis
1290 2567 1579 2623 commode
1619 2567 1784 2621 situm
1835 2574 2102 2631 evaserat,

520 2675 645 2713 cum
702 2674 899 2728 capere
978 2666 1187 2729 posset,
1253 2657 1476 2713 illaesam
1534 2657 1765 2724 dimisit,
1814 2666 2106 2727 postquam

521 2748 751 2817 polliciti
800 2757 985 2805 essent
1018 2735 1384 2820 persuasuros
1423 2764 1481 2803 se
1544 2749 1657 2819 regi
1705 2749 1993 2803 Persarum
2048 2757 2109 2803 ut

523 2838 734 2909 legatos
762 2837 829 2893 de
856 2854 990 2910 pace
1018 2840 1431 2910 quamprimum
1457 2828 1721 2896 mitteret.
1742 2839 1862 2895 Alia
1886 2847 2110 2911 praetcr-

523 2948 610 2996 ea,
646 2949 773 2989 cum
849 2935 1027 3005 copiis
1075 2935 1453 2991 Romanorum
1513 2941 1796 3006 praeesset,
1845 2934 2109 3005 praeclare

524 3025 694 3095 gessit
722 3043 735 3080 :
772 3027 974 3097 quippe
1014 3028 1107 3097 qui
1133 3036 1342 3082 cuncta
1376 3042 1499 3097 quae
1532 3026 1809 3097 superﬂua
1842 3033 2026 3089 erant,
2053 3032 2111 3080 et

526 3117 593 3171 ad
616 3118 803 3171 luxum
840 3133 905 3173 ac
938 3118 1168 3172 delicias
1196 3117 1631 3182 accommodata,
1655 3117 1724 3172 ab
1753 3117 1997 3173 exercitu
2020 3131 2112 3171 re-

530 3206 788 3270 moverit,
810 3214 866 3260 et
890 3206 1097 3260 milites
1145 3205 1214 3260 ad
1236 3204 1565 3260 modeStiam
1589 3214 1753 3275 atque
1778 3206 2109 3277 obsequium

530 3302 896 3356 revocaverit.
941 3301 1145 3356 Verum
1193 3301 1311 3356 haec
1346 3300 1709 3370 relinquenda
1752 3307 1884 3355 sunt
1926 3301 1997 3355 iis
2016 3299 2111 3371 qui

529 3391 598 3446 de
626 3391 712 3447 his
740 3391 905 3446 rebus
943 3392 1241 3463 scripsere,
1277 3393 1363 3447 vel
1397 3392 1487 3464 qui
1509 3393 1620 3463 jam
1650 3392 1919 3456 scribunt,
1949 3401 2114 3462 prout

530 3480 635 3549 ipsi
673 3482 760 3536 vel
785 3481 1069 3537 auditione
1095 3482 1435 3553 acceperint,
1490 3482 1576 3538 vel
1603 3481 1864 3552 opinione
1895 3482 2113 3538 ducun-

530 3584 642 3628 tur.
667 3573 911 3641 Quorum
941 3575 1167 3646 quidem
1198 3576 1375 3631 oratio
1397 3576 1469 3631 ob
1501 3574 1903 3649 ignorationem
1925 3590 2113 3631 rerum

532 3662 654 3734 gius
688 3680 717 3718 a
756 3680 887 3719 vero
917 3666 1175 3722 aberrare
1215 3666 1371 3722 solet.

1175 3784 1330 3839 CAP.
1373 3783 1464 3840 IV.

535 3891 610 3945 De
631 3886 1099 3959 Priscopmagistro
1135 3889 1401 3944 militum:
1426 3897 1473 3942 et
1499 3906 1747 3959 quamam
1776 3906 1959 3956 passus
1982 3890 2050 3944 sit
2080 3908 2114 3944 a

737 3957 988 4013 militibus
1018 3959 1266 4032 adversus
1288 3960 1461 4030 ipsum
1491 3957 1901 4030 insurgentibus.

1896 3762 1910 3789 ι

607 4073 738 4128 Post
761 4072 913 4126 hunc
945 4072 1205 4142 magister
1243 4072 1481 4127 militum
1501 4081 1721 4128 creatus
1749 4082 1834 4128 est
1862 4072 2116 4128 Priscus:

536 4168 624 4221 vir
649 4164 1073 4234 haudquaquam
1108 4162 1285 4219 facilis
1310 4163 1485 4230 aditu,
1509 4178 1612 4218 nec
1641 4164 1746 4217 nisi
1780 4163 1852 4218 ob
1883 4178 1972 4219 res
2020 4178 2116 4218 ne-

538 4254 805 4309 cessarias
832 4252 887 4306 in
919 4251 1199 4321 publicum
1242 4250 1464 4320 prodire
1504 4250 1720 4305 solitus.
1752 4249 1964 4321 Quippe
1996 4250 2115 4303 cxi-

538 4346 817 4407 stimabat,
860 4353 1059 4401 cuncta
1106 4359 1165 4399 se
1196 4342 1412 4398 facilius
1460 4343 1860 4413 perfecturum,
1891 4342 1936 4397 si
1970 4342 2120 4396 solus

538 4444 789 4491 maneret
835 4444 896 4490 ut
941 4435 1288 4505 plurimum:
1350 4435 1507 4504 quasi
1554 4435 1761 4489 milites
1807 4435 1916 4490 hoc
1958 4442 2119 4503 pacto

540 4536 691 4583 metu
714 4527 962 4592 adducti,
996 4527 1262 4597 imperata
1294 4526 1461 4581 citius
1485 4527 1686 4581 facturi
1717 4536 1923 4581 essent.
1956 4525 2119 4581 Certe

538 4636 650 4690 quo
688 4619 925 4690 primum
977 4630 1225 4689 tempore
1270 4619 1338 4674 ad
1385 4628 1561 4673 castra
1613 4611 1987 4673 Romanorum
2024 4633 2123 4673 ve-

542 4712 646 4778 nit,
702 4711 850 4767 elato
908 4711 1229 4782 supercilio,
1280 4727 1311 4766 e
1343 4710 1567 4766 sublimi
1599 4710 1933 4780 deSpiciens,
1967 4717 2024 4764 et
2054 4708 2122 4763 ad

542 4802 744 4858 fastqu
768 4816 832 4857 ac
866 4815 1126 4873 pompam
1152 4801 1385 4856 vestitus
1444 4808 1609 4870 atque
1656 4805 1907 4863 ornatus,
1937 4798 2121 4854 edicta

1689 226 2009 290 EVAGRII
2051 229 2544 292 SCHOLASTICI

2120 358 2169 417 Α
2195 338 2305 393 τῶν
2346 338 2487 410 ἀμφ’
2515 338 2676 394 αὐτὸν
2706 339 3020 413 βαρϐάρων,
3052 345 3140 398 ὅτε
3173 345 3595 421 Ἀλαμούνδαρος
3620 353 3731 423 ἥλω,

2202 430 2420 484 πάντων
2467 430 2635 484 αὐτοῦ
2666 431 2895 486 θάνατον
2942 436 3500 508 καταψηφισαμένων.
3531 445 3583 496 ἐν
3610 445 3734 499 ἐλευ-

2201 521 2337 593 θέρᾳ
2383 522 2597 594 φυλακῇ
2651 528 2895 595 φρουρεῖ,
2949 528 3116 600 μηδὲν
3166 531 3428 584 ἐπέκεινα
3465 534 3646 590 κακῶν.
3682 539 3732 590 ’Δ

2201 617 2297 670 καὶ
2334 618 2422 685 ἐφ’
2479 616 2691 686 ἑτέροις
2736 617 3061 690 ἀναρίθμοις
3110 621 3419 694 πέπραχεν,
3466 624 3534 689 ὡς
3559 627 3732 681 ἕκαστα

2201 708 2526 779 προσφόρως
2557 706 2855 771 λελέξεται.

2130 818 2265 859 usus
2295 811 2379 859 est
2408 802 2573 858 etiam
2636 817 2765 873 erga
2799 803 2937 862 alios
2965 806 3422 875 innumerabiles,
3455 820 3513 866 ut
3569 814 3728 883 singil-

2800 1016 3049 1072 ΚΕΦΑΛ.
3103 1020 3176 1073 Γ⁹.

2202 1106 2345 1175 Περὶ
2394 1106 2505 1176 τῆς
2532 1110 2895 1183 στρατηγίας
2943 1110 3228 1183 Ἰωάννου
3262 1112 3362 1165 καί
3400 1114 3732 1183 Φιλιππικοῦ,

2694 1174 2793 1232 καὶ
2832 1174 2922 1233 ὧν
2948 1181 3323 1250 πεπράκασι.

2274 1288 2539 1359 Πέπομφε
2599 1288 2698 1360 μὲν
2746 1287 2843 1344 οὖν
2896 1293 2925 1345 6
2974 1293 3297 1368 Μαυρίκιοί
3332 1300 3621 1368 στρατηγὸν
3651 1300 3735 1352 τῶν

2220 1379 2399 1452 Ἐᾠων
2436 1381 2753 1451 ταγμάτων,
2791 1383 2985 1455 πρῶτα
3018 1385 3116 1455 μὲν
3179 1387 3440 1458 Ἰωάννην
3484 1392 3553 1460 (Ιι)
3583 1392 3736 1464 Θρᾷκα

2203 1471 2379 1537 γένος.
2414 1473 2515 1536 Ὃς
2541 1472 2663 1526 τινὰ
2710 1473 2809 1544 μὲν
2852 1476 3106 1540 πταίσας,
3132 1480 3258 1531 τινὰ
3289 1479 3348 1533 δὲ
3387 1482 3477 1534 καὶ
3502 1483 3735 1552 ἀναμαχε-

2206 1563 2462 1635 σάμενος,
2493 1565 2647 1619 οὐδὲν
2674 1566 2703 1620 ὂ
2727 1583 2779 1621 τι
2812 1568 2906 1620 καὶ
2948 1569 3108 1637 λόγου
3146 1570 3299 1635 ἀξιον
3334 1573 3593 1645 πέπραχε.
3630 1576 3736 1629 Μετ’

2206 1654 2370 1707 αὐτὸν
2408 1654 2466 1707 δέ
2496 1654 2847 1721 Φιλιππικὸν,
2877 1657 3039 1725 κῆδος
3074 1659 3211 1729 πρὸς
3250 1659 3416 1713 αὐτὸν
3445 1663 3635 1733 ἔχοντα·
3660 1663 3738 1731 τὴν

2133 1720 2174 1774 Β
2206 1743 2401 1814 ἑτέραν
2432 1744 2538 1814 γὰρ
2560 1747 2679 1797 ταῖν
2712 1720 2969 1816 ἀδελφαῖν
2995 1720 3160 1802 αὑτοῦ
3192 1720 3526 1821 γεγαμήκεῖ.
3558 1754 3639 1815 Ὃς
3662 1720 3736 1805 καὶ

2205 1833 2346 1887 κατὰ
2399 1832 2499 1904 τὴν
2530 1833 2832 1907 ὑπερορίαν
2882 1835 3100 1900 διαϐὰς,
3131 1839 3318 1891 πάντα
3351 1856 3410 1892 τε
3442 1841 3508 1892 τὰ
3553 1840 3604 1893 ἐν
3640 1840 3737 1891 ποσὶ

2202 1925 2557 1995 ληϊσάμενος,
2601 1927 2852 1995 μεγάλων
2906 1925 3166 1998 λαφύρων
3211 1930 3489 2002 ἐγκρατὴς
3534 1931 3733 1999 γέγονεν,

2204 2016 2382 2070 ἀνεῖλέ
2423 2033 2482 2068 τε
2537 2016 2766 2079 πολλοὺς
2809 2017 2915 2072 τῶν
2947 2018 3186 2085 εὐγενῶν
3220 2039 3283 2074 τε
3314 2022 3413 2075 καὶ
3444 2020 3734 2090 εὐπατριδῶν

2203 2108 2302 2179 τῆς
2327 2106 2621 2171 Νισίϐεως,
2661 2107 2755 2160 καὶ
2785 2106 2893 2163 τῶν
2932 2109 3109 2165 ἄλλων
3139 2110 3251 2165 τῶν
3285 2113 3440 2175 ἐντὸς
3473 2113 3559 2167 τοῦ
3584 2094 3735 2182 Τίγριέ

2206 2201 2297 2263 δος
2329 2198 2597 2268 ποταμοῦ.
2636 2199 2953 2272 Συνεπλάκη
2992 2200 3050 2254 δὲ
3092 2202 3187 2256 καὶ
3238 2204 3498 2276 Πέρσαις·
3535 2204 3620 2257 καὶ
3656 2202 3736 2272 μά·

2205 2307 2306 2362 χης
2342 2292 2617 2363 καρτερᾶς
2659 2292 2980 2363 γενομένης,
3028 2294 3245 2350 πολλῶν
3277 2314 3338 2350 τε
3370 2296 3465 2350 καὶ
3490 2295 3734 2362 ἀξιολόγων

2206 2380 2432 2450 Περσῶν
2462 2380 2850 2446 πεπτωκότων,
2877 2381 2973 2435 καὶ
3003 2382 3245 2454 ζωγρίας
3277 2384 3500 2447 πολλοὺς
3529 2378 3645 2448 εἷλε,
3664 2383 3735 2435 καί

2207 2489 2326 2525 τινα
2358 2471 2512 2541 λόχον
2545 2470 2892 2543 ἐκδραμόντα
2940 2472 2999 2527 ἐν
3032 2491 3139 2528 τινι
3180 2476 3292 2529 τῶν
3343 2476 3551 2546 εὐφυῶν
3572 2474 3733 2543 γεωλόι

2208 2580 2323 2634 φων
2362 2563 2660 2634 δυνάμενος
2690 2564 2911 2631 ἐξελεῖν,
2944 2566 3160 2636 ἀφῆκεν
3193 2567 3450 2634 ἀπαθεῖς,
3485 2565 3738 2637 ὑποσχομέ-

2208 2672 2332 2719 νους
2365 2653 2576 2708 πείθειν
2627 2654 2720 2708 τὸν
2779 2656 2930 2726 σφῶν
2974 2656 3200 2730 βασιλέα
3234 2660 3461 2731 εἰρήνης
3504 2659 3616 2729 πέρι
3658 2655 3737 2725 τὴν

2207 2747 2470 2819 ταχίστην
2502 2747 2829 2818 ἐκπέμπειν.
2892 2750 3002 2803 Καὶ
3022 2750 3184 2824 ἕτερα
3209 2752 3270 2805 δὲ
3304 2751 3607 2823 στρατηγῶν
3630 2765 3734 2802 κατ-

2211 2838 2507 2911 επράξατο,
2529 2839 2638 2892 τῶν
2678 2840 2950 2912 περιττῶν
2982 2842 3076 2896 καὶ
3092 2845 3151 2905 ἐς
3183 2842 3400 2915 τρυφὴν
3430 2839 3729 2912 ἀγόντωντὸν

2213 2935 2444 3005 στρατὸν
2480 2933 2878 3006 ἐλευθερώσας,
2908 2934 3006 2988 καὶ
3044 2936 3182 3007 πρὸς
3216 2938 3282 2991 τὸ
3315 2938 3531 3008 κόσμιον
3577 2932 3737 2988 καὶεῦ-

2135 3069 2178 3126 C
2213 3024 2400 3090 πειθὲς
2431 3024 2628 3088 αὐτοὺς
2674 3025 3000 3096 χαλινώσας.
3039 3029 3108 3081 Ἀ
3158 3033 3273 3093 τοῖς
3318 3027 3662 3101 συγγράψασιν
3708 3021 3732 3090 ἢ

2211 3117 2307 3171 καὶ¹
2341 3118 2718 3190 συγγράφουσι
2747 3118 3145 3188 καταληπτέον,
3174 3120 3254 3184 ὡς
3287 3120 3354 3175 ἂν
3382 3121 3541 3190 ἀκοῆς
3564 3114 3734 3187 ἢδὸξης
3752 3122 3771 3135 ⁴

2211 3207 2406 3280 ἔχοιεν,
2436 3209 2469 3280 ἢ
2517 3211 2612 3264 καὶ
2644 3211 2964 3281 ἐσχήκασιν.
2994 3205 3090 3276 Οἷς
3117 3212 3146 3264 ὁ
3183 3212 3345 3282 λόγος
3380 3215 3444 3283 τῇ
3479 3210 3648 3281 ἀγνοίᾳ
3664 3223 3734 3259 πει

2214 3299 2590 3373 ριολισθαίνων
2623 3300 2720 3354 καὶ
2769 3301 3164 3371 ἀποχωλεύων,
3204 3304 3239 3373 ἢ
3291 3298 3733 3376 προσπαθείᾳθρν·

2212 3393 2471 3463 πτόμεος,
2504 3391 2535 3463 ἦ
2564 3392 2889 3464 ἀντιπαθεία
2912 3394 3262 3464 τυφλώττων,
3298 3397 3403 3451 τῶν
3428 3393 3622 3466 ἀληθῶν
3643 3389 3733 3442 δια-

2216 3485 2499 3556 μαρτάνει.

2151 3577 2430 3647 cespitans
2462 3584 2518 3632 et
2553 3576 2892 3645 claudicans,
2932 3586 2989 3634 et
3046 3580 3130 3635 vel
3198 3580 3330 3636 odio
3351 3580 3620 3641 obcaecata,
3644 3575 3734 3629 lon-

2814 3780 3063 3835 ΚΕΦΑΛ.
3111 3781 3187 3835 Δ’.

2216 3884 2357 3953 Περὶ
2396 3884 2763 3953 στρατηγίας
2786 3885 3077 3953 Πρίσκου,
3109 3886 3207 3939 καὶ
3230 3880 3320 3940 ὧν
3351 3886 3626 3940 πέπονθεν
3642 3878 3730 3938 ὑπὸ

2455 3955 2562 4009 τοῦ
2592 3956 2857 4024 στρατοῦ
2896 3955 3356 4024 ἐπαναστάντος
3380 3956 3545 4022 αὐτῷ.

2290 4071 2426 4124 Μετ’
2461 4070 2622 4123 αὑτὸν
2666 4068 2722 4123 δὲ
2774 4069 3014 4140 Πρίσκος
3058 4070 3158 4140 τὴν
3190 4069 3511 4142 στρατηγίδα
3542 4066 3732 4137 μέτεισιν

2222 4164 2417 4232 ἀρχήν*
2441 4162 2540 4215 οὐκ
2564 4159 2890 4231 εὐπρόσοδός
2908 4178 3013 4224 τις,
3038 4160 3159 4214 οὐδὲ
3188 4162 3323 4232 ἄτερ
3349 4163 3453 4213 τῶν
3481 4152 3731 4223 ἀναγκαίων

2224 4253 2615 4327 εὐπρόσὸατοςο
2649 4251 2710 4305 τὸ
2738 4254 2842 4307 πᾶν
2870 4253 2928 4305 δὲ
2954 4252 3191 4320 νομίζων
3222 4248 3675 4322 καταπράττεσθαι,
3695 4242 3731 4294 ει

2226 4346 2293 4399 τὰ
2330 4344 2503 4400 πολλὰ
2529 4345 2650 4398 κατ’
2670 4346 2835 4399 αὑτὸν
2863 4346 2971 4417 εἴη,
3004 4346 3078 4410 ὡς
3108 4346 3358 4400 ἐντεῦθεν
3385 4343 3473 4399 καὶ
3494 4341 3588 4394 τῶν
3612 4350 3733 4407 utpar

2226 4438 2514 4508 τευμόιτων
2546 4437 2656 4490 δέει
2704 4438 2905 4508 μᾶλλον
2937 4438 3267 4503 ὑπειξόντων
3302 4437 3433 4507 πρὸς
3459 4434 3519 4486 τὰ
3558 4422 3730 4483 κελευό-

2233 4544 2389 4596 μενα.
2423 4528 2552 4581 Ὅτε
2611 4526 2657 4581 δ’
2689 4526 2782 4581 οὖν
2830 4527 2967 4597 πρὸς
3020 4528 3081 4582 τὸ
3142 4527 3494 4599 στρατόπεδον
3535 4519 3729 4590 ἀφίκετο,

2228 4616 2520 4685 ὁφρυάζων
2559 4616 2654 4670 καὶ
2684 4615 3068 4688 ὑπερϐλέπων,
3105 4619 3201 4670 καὶ
3249 4619 3385 4688 πρὸς
3410 4616 3466 4668 τὸ
3499 4604 3728 4680 κομπωδέ-

2234 4723 2424 4778 στερον
2455 4707 2848 4777 ἐξησκημένος,
2884 4708 3163 4778 προύτίθει
3185 4709 3307 4762 τινὰ
3331 4707 3436 4778 (10)
3463 4700 3573 4771 περί
3594 4711 3641 4748 τε
3661 4692 3730 4757 τῆς

2158 4792 2199 4845 Ι)
2226 4799 2337 4852 τῶν
2368 4799 2715 4870 στρατιωτῶν
2767 4800 2825 4862 ἐς
2867 4801 2993 4865 τοὺς
3024 4800 3295 4871 πολέμους
3324 4794 3605 4871 καρτερίας,
3634 4781 3728 4854 περί

1735 4944 2003 5001 VALESII
2069 4944 2630 5002 ANNOTATICNES.

616 5067 729 5138 (10)
770 5070 1077 5136 Προύτίθει
1134 5068 1287 5123 τινά.
1332 5068 1458 5123 Hinc
1501 5068 1669 5123 verba
1727 5067 1796 5121 dc
1846 5066 2045 5138 edictis
2092 5082 2123 5121 ει

547 5137 734 5194 Prisco
761 5140 1061 5209 propositis
1090 5138 1445 5209 intelligenda
1469 5149 1617 5195 sunt.
1654 5138 1709 5209 Id
1732 5138 1879 5209 enim
1918 5137 2125 5209 indicat

549 5223 651 5263 vox
682 5207 1016 5279 προτιθέναι,
1052 5226 1174 5280 quae
1222 5207 1342 5264 eam
1390 5209 1497 5263 vim
1549 5225 1615 5263 ac
1667 5207 2123 5278 significationem

2233 5066 2403 5121 habet
2436 5081 2600 5136 quam
2634 5066 2769 5121 dixi.
2799 5066 3214 5136 Expositionem
3236 5077 3466 5123 nostram
3507 5050 3725 5136 εοιιίίτφξξ

2234 5083 2403 5121 nanet
2436 5083 2600 5136 quam
2634 5083 2769 5121 (ιιχι.
2801 5083 2876 5121 ω
2920 5083 3214 5123 osmonem
3236 5083 3466 5123 nosu'am
3507 5083 3725 5129 ευιιιιιιτ--υ

2233 5137 2683 5261 ΤΙιθοιῖιιγιτιοῑιιε
2729 5137 2787 5191 in
2838 5083 2936 5192 lib.
2987 5154 3065 5203 ιιι,
3121 5153 3242 5209 cap.
3289 5139 3336 5204 l,
3384 5149 3531 5207 quem
3562 5128 3726 5181 οιιιιιιηο

2232 5222 2403 5261 consu
2428 5223 2479 5261 e.

1985 5344 2371 5401 νΑιιιοιιιιιι.

622 5439 1030 5526 ρι’)ῗίρςυέννῃν.
1073 5440 1181 5494 Hoc
1222 5457 1362 5526 anno
1396 5440 1558 5526 [5⁸84]
1591 5440 2128 5526 ingrediente._loan:

550 5524 639 5581 nes
666 5509 778 5581 (qui
814 5510 1050 5581 Mystaco
1090 5509 1582 5577 vocalmturfducis
1620 5509 1729 5565 loco
1787 5520 2040 5574 movetur,
2073 5518 2126 5564 ut

548 5579 639 5645 qui
680 5578 1114 5652 Pe‘rsia'nesciret
1144 5584 1405 5652 resistere.
1439 5583 1913 5652 Tlieopbylactns,
1950 5581 2049 5634 lib.
2086 5597 2125 5643 t,

549 5663 671 5718 cap.
710 5649 793 5713 η,
828 5649 919 5718 qui
952 5659 1143 5704 narrat
1173 5651 1353 5722 capite
1397 5649 1686 5723 sequenti,
1708 5652 1761 5707 in
1793 5652 1916 5725 ejus
1945 5651 2127 5707 locum

2233 5441 2545 5529 subiectum
2568 5440 2741 5523 fuisse
2766 5440 3135 5529 Pliilippieum
3163 5435 3517 5529 Οιὶιὶιιιειιξμινιι⁸
3543 5422 3718 5529 filim:

2236 5512 2582 5593 ducemaqui
2612 5486 2982 5602 impgratorivsr
2996 5526 3257 5602 sororem.
3277 5486 3716 5602 Goriliamn'l‘llfrl‘ﬂ

2237 5567 2872 5672 ianitri'ﬁonio{.!’lias
2904 5580 2972 5635 de
2995 5580 3457 5672 Pfrﬁiiviﬁf‘fiii?
3489 5567 3703 5672 εἰξῖτεέἔέ

2238 5652 2603 5722 Philippicns,
2644 5651 2870 5707 alteram
2914 5666 3060 5706 anno
3091 5650 3212 5719 386,
3246 5651 3458 5706 alteram
3488 5647 3607 5694 anno
3634 5627 3714 5681 58⁸·

3884 771 3889 865 ν

3887 910 3889 967 ι
