4016 6208
388 262 528 324 2863

1587 247 1907 313 EVAGRll
1950 242 2440 309 SCHOLASTICI

3508 198 3653 318 εδει

386 373 610 444 quidem
640 388 699 429 se
729 377 997 445 gesserat,
1038 366 1271 438 imperio
1302 378 1483 422 tamen
1508 362 1735 418 minime
1769 376 1957 432 parue-

2071 357 2408 428 ριτρέπεται,
2438 355 2530 408 καὶ
2553 355 2844 424 σφάλλεται
2877 357 3112 420 πάντως,
3136 347 3233 428 τῆς
3255 356 3486 431 ἀρίστης
3519 360 3648 426 ξυν-

386 480 490 535 rat,
522 473 848 526 coronatum
873 461 1057 517 securi
1082 457 1380 530 percussit.
1422 457 1632 511 Ducum
1657 453 1804 509 enim
1830 467 1963 523 pru-

384 561 570 616 dentia
603 565 662 615 et
702 555 939 611 militum
981 549 1303 606 obedientia
1346 563 1435 602 res
1479 544 1741 601 maximae
1775 542 1965 614 perlici

385 654 583 709 solent.
619 647 775 717 Quod
822 647 867 701 si
903 646 1139 700 alterum
1174 641 1405 697 alterius
1451 655 1556 710 ope
1604 638 1962 703 destituatur,

385 743 662 798 claudicat
691 739 875 796 statim
918 742 1084 806 atque
1112 749 1372 791 eversum
1414 731 1638 796 labitur,
1686 730 1965 801 disjuncto

385 836 621 889 duarum
690 830 908 884 illarum
968 826 1242 880 virtutum
1296 820 1754 893 praestantissimo
1808 820 1959 890 jugo.

383 924 565 982 Nolite
597 922 765 994 igitur
788 918 1024 987 amplius
1049 914 1297 971 cunctari
1325 930 1338 966 :
1367 912 1464 967 sed
1503 910 1639 966 mihi
1677 910 1965 978 obtempe-

384 1024 522 1078 rate,
559 1011 656 1082 qui
693 1020 953 1078 tanquam
992 1003 1269 1068 sacerdos,
1310 1003 1457 1057 inter
1486 1002 1875 1072 imperatorem
1906 1005 1965 1054 et

380 1102 690 1159 exercitum
750 1096 1070 1168 reparandae
1125 1093 1438 1150 concordiae.
1492 1092 1766 1162 interpres
1814 1103 1961 1144 sum.

263 1199 276 1213 ’
380 1194 665 1251 Ostendite
706 1193 914 1248 nullam
955 1206 1076 1245 esse
1119 1188 1555 1259 perduellionem
1605 1184 1662 1238 in
1702 1197 1770 1237 eo
1812 1177 1961 1250 quod

380 1284 566 1356 agitis,
596 1281 693 1339 sed
721 1284 927 1353 justam
959 1277 1418 1350 indignationem,
1450 1273 1516 1328 ad
1546 1273 1714 1327 breve
1743 1278 1961 1339 tempus

379 1381 691 1444 susceptam
719 1372 986 1427 adversus
1017 1371 1188 1426 duces
1219 1374 1431 1422 vestros
1468 1380 1499 1419 a
1527 1363 1730 1433 quibus
1755 1358 1958 1431 injuria

379 1463 563 1518 allecti
596 1463 748 1518 estis.
779 1460 896 1516 Nisi
921 1460 1071 1514 enim
1106 1470 1269 1527 quam
1300 1452 1590 1508 celerrime
1623 1449 1689 1505 ad
1722 1449 1959 1517 impera-

379 1564 556 1611 torem
592 1553 968 1614 accurreritis,
1001 1564 1102 1620 ego
1141 1546 1365 1616 quidem
1408 1552 1523 1598 tum
1560 1536 1959 1596 benevolentia:

377 1664 542 1719 quam
585 1647 762 1702 debeo
807 1645 861 1699 in
909 1639 1331 1710 rempublicam,
1376 1644 1491 1688 tum
1530 1648 1666 1688 meae
1701 1646 1831 1701 erga
1859 1644 1956 1683 vos

376 1737 634 1793 amicitiae
684 1733 1023 1790 satisfecero.
1058 1730 1163 1785 Vos
1194 1743 1322 1783 vero
1346 1724 1714 1788 considerate,
1745 1734 1950 1791 quaeso,

375 1832 599 1902 quinam
633 1830 745 1884 sint
784 1827 967 1882 exitus
999 1834 1378 1896 tyrannorum.
1413 1819 1532 1887 Qua
1571 1817 1717 1872 enim
1745 1814 1956 1870 ratione

375 1921 730 1994 praesentium
800 1933 985 1973 rerum
1047 1924 1248 1969 statum
1304 1907 1736 1972 terminabitis?
1785 1906 1854 1962 Ut
1898 1903 1952 1957 in

378 2030 547 2070 unum
578 2013 794 2068 collecti
824 2006 1208 2081 permaneatis,
1242 2005 1359 2060 ﬁeri
1386 2002 1534 2057 nullo
1563 2000 1724 2054 modo
1755 2005 1952 2067 potest.

374 2107 530 2162 Unde
583 2105 729 2159 enim
780 2104 967 2172 fruges
1016 2098 1085 2154 ad
1138 2112 1237 2152 vos
1300 2093 1703 2155 convehentur,
1747 2099 1841 2143 aut
1889 2104 1953 2143 ea

376 2197 662 2253 commoda
683 2211 804 2267 qure
830 2204 979 2249 mare
1006 2189 1315 2248 continenti
1340 2186 1762 2242 subministrare
1784 2181 1952 2236 solet:

1983 1689 2030 1746 B

2069 449 2263 520 ωρίδος
2302 447 2688 517 διαλυομένης.
2761 447 2852 516 Μὴ
2883 442 2977 501 οὖν
3012 447 3255 518 μέλλετε·
3289 449 3554 523 πείσθητε
3588 453 3650 507 δι

2071 557 2182 612 μοι,
2219 537 2520 611 ἱερωσύνης
2555 537 2802 610 βασιλείᾳ
2834 538 2926 592 καὶ
2961 539 3181 610 στρατῷ
3218 538 3637 613 μεσιτευθύσης⁹

2067 629 2163 684 καὶ
2193 629 2404 696 δείξατε
2430 627 2506 692 ὡς
2534 629 2596 682 οὐ
2621 629 2877 700 τυραννὶς
2907 628 2975 682 τὰ
3000 630 3265 701 ἡμέτερα,
3296 629 3434 687 ἀλλά
3463 632 3646 688 δικαία

2065 722 2205 793 πρὸς
2243 718 2440 793 μικρὸν
2489 719 2865 791 ἀγανάκτησις
2911 719 3054 774 κατά
3105 718 3215 775 τῶν
3268 719 3642 793 ἀδικησάντων

2066 814 2210 883 ὑμᾶς
2242 811 2586 886 στρατηγῶν.
2610 813 2673 869 El
2700 812 2808 884 γὰρ
2845 814 2920 882 μὴ
2951 813 3050 884 τὴν
3073 812 3339 885 ταχίστην
3372 817 3640 889 προσδρά-

2067 920 2239 971 μοιτε,
2272 901 2383 973 ἐγὼ
2418 905 2519 975 μὲν
2571 901 2933 973 ὲξοσιώσομαι
2962 903 3056 958 καὶ
3100 903 3200 975 τὴν
3257 905 3315 969 ἐς
3357 907 3457 977 τὴν
3495 906 3643 961 πολι-

2063 993 2215 1048 τείαν
2247 993 2485 1058 εὔνοιαν,
2532 994 2628 1048 καὶ
2682 995 2783 1067 τὴν
2839 996 2898 1059 ὲς
2942 994 3088 1065 ὑμᾶς
3120 994 3326 1063 φιλίαν.
3360 996 3549 1067 Ὑμεῖς
3585 993 3646 1053 δὲ

2066 1089 2322 1140 σκοπεῖτε
2380 1088 2509 1141 ποῖα
2539 1087 2648 1139 τῶν
2676 1087 2954 1159 τυράννων
2988 1088 3057 1142 τά
3099 1088 3252 1161 τέλη.
3288 1091 3389 1143 Ποῖ
3415 1090 3525 1161 γάρ
3548 1090 3646 1145 καὶ

2062 1179 2349 1249 περανεῖτε
2392 1178 2460 1230 τὰ
2511 1176 2787 1249 παρόντας
2833 1176 3084 1247 ’Λθρόους
3110 1176 3270 1246 εῖναι,
3304 1181 3414 1236 τῶν
3445 1181 3647 1237 ἀδυνάε-

2059 1282 2188 1320 των.
2244 1266 2414 1320 Πόθεν
2435 1265 2543 1337 γάρ
2573 1266 2607 1337 ἡ
2646 1266 2757 1320 τῶν
2800 1264 3020 1338 ὡραίων
3056 1269 3384 1340 συγκομιδὴ,
3414 1268 3448 1341 ἢ
3476 1260 3554 1326 ὦν
3585 1271 3646 1334 ἐς

2060 1356 2347 1427 ἀντίληψιν
2394 1358 2427 1428 ἠ
2462 1356 2707 1411 θάλασσα
2747 1359 2814 1428 τῇ
2845 1355 3059 1428 ὴπείρῳ
3099 1357 3336 1420 δίδωσιν,
3381 1360 3429 1412 εί
3470 1360 3546 1430 μή
3577 1376 3647 1428 γε

2062 1447 2428 1519 πολεμοῦντες
2473 1447 2838 1519 Χριστιανοὺς
2864 1486 2880 1512 ,
2937 1446 3035 1501 καὶ
3086 1447 3507 1518 πολεμούμενοι,
3574 1449 3646 1503 τὰ

2063 1540 2279 1593 πάντων
2308 1539 2560 1610 αἴσχιστα
2582 1539 2830 1611 δράσοιτε
2852 1537 2947 1592 καὶ
2976 1539 3258 1593 πείσοισθε
3281 1557 3296 1607 ;
3329 1540 3440 1594 Καὶ
3465 1541 3561 1593 ποῖ
3579 1539 3647 1592 τὸ

2060 1633 2229 1695 τέλος⁸
2258 1631 2524 1702 σποράδες
2544 1633 2825 1702 γενόμενοι
2848 1631 3197 1703 βιοτεύσοιτε.
3230 1631 3466 1685 Αὐτόθεν
3488 1631 3645 1702 παρὰ

2057 1725 2225 1789 πόδας
2257 1724 2459 1794 ἠδίκη,
2487 1725 2816 1796 συγγνώμην
2856 1723 2950 1779 τοῦ
2981 1724 3169 1778 λοιποῦ
3201 1724 3388 1796 νέμειν
3420 1725 3522 1778 οὐκ
3547 1724 3648 1777 ἀν-

2058 1818 2312 1886 εχομένη.
2346 1817 2537 1878 Δόντες
2559 1816 2657 1870 οῦν
2687 1817 2886 1883 δεξιὰς,
2915 1819 3007 1873 καὶ
3031 1819 3243 1881 ἑαυτοῖς
3268 1819 3361 1871 καὶ
3388 1818 3468 1888 τῷ
3491 1816 3649 1870 πολι-ο

2057 1905 2288 1975 τεύματι
2332 1905 2392 1958 τὸ
2450 1909 2694 1959 συνοῖσον
2751 1909 3142 1978 σκοπήσωμεν,
3175 1907 3252 1962 ὅτ’
3292 1907 3358 1961 ἂν
3400 1910 3496 1962 καὶ
3543 1908 3647 1972 τὶς

2058 1996 2276 2068 ἡμέρας
2308 1996 2403 2050 τοῦ
2456 1998 2721 2068 σωτηρίου
2783 1998 3024 2063 πάθους,
3074 2000 3171 2054 καὶ
3216 2000 3317 2069 τῆς
3363 2000 3643 2066 παναγίας

2058 2090 2408 2152 ἀναστάσεως
2448 2090 2684 2160 Χριστοῦ
2717 2089 2810 2144 τοῦ
2841 2090 2979 2145 Θεοῦ
3018 2090 3645 2162 συνεπιλαμϐανομένας

2060 2179 2288 2250 ἔχωμεν.

376 2292 485 2346 nisi
534 2266 864 2347 Christianis
906 2285 1112 2341 bellum
1166 2281 1495 2341 inferentes,
1543 2284 1599 2331 et
1637 2273 1707 2329 ab
1749 2272 1940 2328 iisdem
1975 2266 2215 2327 vicissim
2276 2272 2418 2329 bello
2457 2271 2706 2342 appetiti,
2747 2287 2837 2327 res
2869 2272 3115 2327 omnium
3175 2280 3495 2327 teterrimas
3549 2270 3639 2326 fa-

376 2388 533 2443 ciatis
562 2402 625 2441 ac
656 2381 989 2439 sustineatis.
1056 2377 1191 2446 Quis
1246 2384 1428 2431 autem
1468 2373 1666 2427 horum
1728 2368 1852 2423 linis
1895 2367 2113 2422 futurus
2167 2368 2307 2421 est?
2358 2366 2468 2422 Hac
2543 2367 2668 2422 illac
2719 2366 2985 2437 dispersi,
3043 2367 3211 2421 vitam
3282 2364 3639 2435 transigetis.

399 2480 587 2535 Aderit
614 2494 644 2533 e
678 2475 907 2545 vestigio
931 2471 1132 2527 vindex
1155 2467 1384 2540 justitia,
1414 2481 1524 2520 non
1585 2463 1771 2517 sinens
1803 2468 1863 2513 ut
1917 2459 2132 2513 veniam
2198 2457 2435 2528 amplius
2477 2458 2913 2528 consequamini.
2982 2454 3134 2511 Datis
3182 2456 3349 2527 igitur
3386 2455 3622 2519 dextris,

381 2587 437 2625 ra
472 2585 593 2639 quae
621 2580 676 2624 et
710 2567 870 2621 nobis
908 2571 962 2617 et
993 2559 1309 2629 reipublicae
1339 2554 1624 2625 profutura
1668 2551 1779 2604 sint
1809 2547 2249 2617 perpendamus:
2295 2548 2514 2615 quando
2537 2556 2594 2602 et
2641 2547 2899 2601 salutaris
2952 2546 3225 2616 passionis
3278 2555 3334 2600 et
3388 2548 3642 2602 sanctis-

386 2668 538 2724 Siuue
575 2655 1001 2716 resurrectionis
1034 2651 1126 2707 Dei
1167 2648 1341 2704 nostri
1379 2646 1507 2703 Jesu
1535 2641 1736 2699 Christi
1764 2640 1935 2695 festos
1974 2637 2115 2694 dies.
2139 2637 2298 2692 nobis
2323 2637 2395 2691 ad
2420 2637 2474 2691 id
2499 2634 2865 2707 suﬂ'ragantes
2894 2637 3184 2692 habemus.

890 2772 1052 2847 (.63
1109 2768 1260 2827 CAP.
1300 2767 1444 2822 xm.

376 2876 646 2946 Quomodo
692 2879 809 2944 post
843 2859 1439 2946 orationem-Gregorii,
1483 2854 1676 2946 milites
1720 2850 1955 2946 deposita

490 2923 664 3019 priore
692 2923 1030 3001 rstatuentia,
1107 2923 1463 3002 Philippicum
1533 2927 1715 2980 ducem
1787 2923 1958 2975 denuo

487 3019 851 3085 susceperunt,

470 3109 565 3163 llis
601 3106 765 3162 dictis
791 3116 917 3157 cum
946 3096 1181 3152 multum
1213 3091 1585 3160 illacrymatus
1627 3093 1794 3147 esset,
1836 3096 1955 3136 mo-

376 3210 578 3255 mento.
604 3190 868 3262 temporis
902 3185 1150 3242 omnium
1180 3190 1394 3237 mentes
1421 3178 1571 3234 velut
1612 3175 1797 3231 divina
1825 3188 1958 3242 qua-

377 3295 502 3347 dam
549 3291 755 3343 virtute
807 3276 1184 3336 commutavit.
1235 3272 1540 3340 Statimque
1586 3267 1955 3339 postularunt,

380 3396 440 3439 ut
484 3399 548 3437 ex
600 3381 873 3433 conventu
921 3366 1205 3424 discedere
1226 3364 1369 3435 ipsis
1394 3362 1606 3424 liceret,
1637 3372 1749 3429 quo
1773 3356 1841 3411 de
1873 3354 1958 3409 his

378 3490 501 3545 quae
542 3467 749 3541 agenda
797 3470 978 3527 erant,
1023 3460 1166 3514 inter
1193 3472 1252 3512 se
1282 3454 1385 3527 ipsi
1420 3454 1813 3510 deliberarent.
1844 3448 1958 3504 Nec

381 3538 554 3619 multo
584 3538 705 3631 post
735 3553 963 3617 reversi,
1000 3565 1120 3605 sese
1156 3546 1387 3604 arbitrio
1431 3538 1808 3611 voluntatique
1836 3539 1957 3608 epi-

379 3655 528 3724 scopi
578 3630 966 3722 permiserunt.
1014 3639 1119 3708 Qui
1160 3653 1283 3695 cum
1320 3634 1686 3706 Philippicum
1717 3630 1826 3686 illis
1853 3643 1955 3683 no-

381 3749 643 3800 minasset
677 3750 735 3794 ιιι
772 3754 899 3794 eum
943 3735 1049 3790 sibi
1082 3732 1365 3787 ductorem
1409 3724 1770 3797 postularent,
1814 3733 1873 3774 se
1900 3726 1958 3772 et

383 3837 698 3890 universum
731 3827 1034 3884 exercitum
1077 3820 1228 3893 gravi
1270 3813 1632 3890 jurejurando
1683 3826 1748 3866 ea
1785 3809 1854 3864 de
1896 3822 1957 3862 re

382 3927 705 3983 obstrictum
769 3935 889 3976 esse
936 3917 1217 3972 dixerunt.
1272 3910 1413 3965 Tum
1463 3904 1764 3976 Gregorius
1815 3901 1953 3956 nihil

382 4028 673 4075 runctatus
705 4029 807 4069 nec
844 4012 1120 4066 ullatenus
1148 4012 1415 4067 moratus,
1447 4000 1543 4055 Dei
1575 3997 1746 4069 gratia
1772 4010 1956 4051 sacer-

382 4116 568 4167 dotem
596 4124 656 4163 se
695 4119 816 4160 esse
845 4101 1005 4162 dixit,
1036 4106 1093 4152 et
1122 4097 1304 4151 datam
1331 4093 1433 4149 sibi
1468 4105 1589 4146 esse
1629 4095 1955 4159 potestatem

384 4201 585 4273 ligandi
634 4207 799 4265 atque
850 4188 1118 4251 solvendi,
1150 4196 1266 4240 tum
1310 4186 1362 4237 in
1405 4183 1566 4247 coelo,
1603 4189 1720 4235 tum
1752 4178 1809 4231 in
1848 4184 1957 4230 ter-

386 4269 462 4348 ris
485 4295 529 4345 ι.
580 4288 753 4346 Simul
800 4283 1050 4340 divinum
1103 4276 1386 4333 oraculum
1425 4274 1507 4328 eis
1541 4273 1595 4326 in
1638 4269 1955 4325 memoriam

387 4379 684 4438 revocavit.
731 4377 981 4443 Cumque
1011 4370 1217 4425 milites
1248 4367 1351 4420 hac
1382 4364 1548 4419 etiam
1572 4363 1626 4415 in
1656 4376 1714 4414 re
1737 4358 1959 4429 acquie-

305 4536 314 4546 ,
389 4475 613 4535 vissent,
668 4465 968 4537 Gregorius
1023 4459 1281 4531 precibus
1342 4471 1405 4511 ac
1459 4449 2036 4542 supplicationibusD

384 4570 555 4623 Heilm
584 4560 855 4640 placavit.o
880 4558 947 4612 Et
982 4552 1332 4611 immaculato
1367 4545 1571 4604 Christi
1603 4557 1832 4613 corpore
1875 4540 1958 4596 eis

382 4632 740 4714 distributo:
784 4661 900 4707 erat
949 4648 1099 4704 enim
1137 4641 1470 4700 venerabilis
1525 4635 1796 4707 imprimis
1839 4632 1958 4687 dies

384 4751 623 4809 secunda
676 4747 811 4802 feria
849 4759 972 4815 qum
1013 4737 1310 4795 Dominicae
1346 4731 1587 4806 passioni
1636 4727 1813 4783 vicina
1852 4734 1959 4779 est.

460 4921 482 4957 ἓ
523 4914 712 4970 Matth.
746 4928 850 4975 va,
896 4908 975 4962 Η).
1022 4903 1058 4985 7‘

2644 2753 2902 2809 ΚΕΦΑΛ.
2928 2754 3008 2806 II"
3026 2794 3039 2806 .

2062 2845 2189 2899 Ὀτι
2200 2843 2459 2926 Partha}
2484 2841 2901 2926 δημῃγορῆσαέ
2940 2842 3645 2926 Γρηγόριοιςημετέίξεντο

2128 3095 2379 3149 Τοσαῦτά
2408 3112 2470 3163 γε
2507 3092 2698 3160 εἰπὼν,
2742 3094 2835 3147 καὶ
2876 3091 3104 3145 πλεῖστά
3136 3108 3200 3159 γε
3239 3090 3643 3161 ἐπιδακρύσας,

2059 3183 2248 3255 ὥσπερ
2292 3184 2357 3235 ὲκ
2393 3182 2544 3244 Θείας
2582 3183 2727 3245 τινος
2764 3181 2940 3252 ῥοπῆς
2977 3181 3233 3234 ἁπάντων
3272 3181 3371 3244 τὰς
3410 3180 3641 3249 γνώμας

2059 3276 2117 3328 ὲν
2152 3275 2350 3344 ἀκαρεῖ
2383 3272 2785 3344 μετατέθεικεν’
2818 3272 2980 3342 οἷπερ
3025 3271 3295 3342 ὲξῄτησαν
3324 3271 3645 3335 ὑπεξελθεῖν

2059 3362 2150 3417 τοῦ
2188 3362 2471 3431 συλλόγου,
2506 3361 2602 3414 καὶ
2643 3361 2765 3414 καθ’
2792 3360 2993 3425 αὐτοὺς
3032 3362 3161 3430 περὶ
3199 3360 3307 3413 τῶν
3343 3362 3645 3429 πρακτέων

2060 3454 2469 3524 βουλεύσασθαι.
2508 3447 2682 3506 Ἧκον
2738 3452 2917 3505 τοίνυν
2967 3455 3033 3508 ού
3093 3451 3233 3522 μετά
3299 3452 3433 3504 πολὺ
3494 3456 3642 3521 σφᾶς

2058 3547 2256 3610 αὐτοὺς
2275 3545 2352 3615 τῷ
2381 3547 2516 3617 ἱερεῖ
2551 3544 2975 3615 ἐγχειρίσαντες.
3014 3545 3124 3597 Καὶ
3151 3544 3286 3614 δῆτα
3308 3544 3644 3597 Φιλιππικὸν

2057 3640 2238 3701 αὐτοῖς
2275 3638 2721 3707 ὲξονομάσαντος,
2762 3637 2827 3688 ἶν’
2871 3636 3025 3690 αὐτοὶ
3094 3635 3399 3707 στρατηγὸν
3449 3636 3643 3703 σφίσιν

2057 3729 2451 3800 ὲξαιτήσωσιν,
2500 3729 2687 3798 ὅρκοις
2737 3727 2927 3789 δεινοῖς
2985 3725 3225 3794 ἔφασκον
3264 3727 3394 3795 περὶ
3442 3724 3643 3777 τούτου

2056 3819 2410 3892 διομόσασθαι
2461 3819 2556 3871 καὶ
2596 3818 2656 3870 τὸ
2705 3820 2927 3887 σύμπαν
2959 3816 3297 3886 στράτευμα.
3350 3813 3409 3866 ὐ
3450 3814 3531 3877 δὲ,
3560 3816 3641 3885 μὴ

2058 3912 2195 3985 πρὸς
2241 3911 2395 3966 τοῦτο
2448 3910 2718 3981 μελλήσας
2759 3908 2957 3978 nam;
2992 3906 3260 3971 ἐλινύσας,
3304 3905 3488 3975 ἱερεὺς
3528 3907 3641 3976 Ξςρη

2057 4002 2198 4059 κατὰ
2230 4000 2580 4072 συγχώρησιν
2618 3995 2779 4065 εἶναι,
2810 3996 3059 4065 ὲξοῦσίαν
3087 4013 3146 4049 τε
3174 3995 3338 4066 ἔχειν,
3368 3995 3519 4049 λύειν
3544 3998 3639 4050 καὶ

2057 4095 2279 4164 δεσμεῖν
2305 4095 2397 4146 ἐπὶ
2426 4092 2531 4160 γῆς
2554 4107 2611 4145 τε
2651 4090 2746 4143 καὶ
2779 4087 3033 4158 ούρανοῦ,
3078 4088 3171 4140 καὶ
3212 4086 3308 4157 τῆς
3346 4086 3495 4150 θείας
3530 4087 3641 4140 ἀπ-

2060 4187 2399 4256 εμνημόνευε
2432 4183 2637 4253 φωνῆς.
2659 4180 2949 4234 Ἐνδόντων
2966 4179 3023 4233 δὲ
3049 4181 3144 4234 καὶ
3176 4176 3315 4250 πρὸς,
3342 4178 3520 4240 τοῦτο,
3544 4180 3643 4232 τον

2057 4275 2188 4329 θεὸν
2218 4276 2393 4338 λιταῖς
2425 4274 2518 4327 καὶ
2559 4273 2888 4343 προσευχαῖς
2926 4268 3215 4333 ὲξωσιοῦτο
3244 4268 3380 4338 (56)”
3420 4270 3512 4320 καὶ
3540 4268 3640 4320 τοῦ

2061 4366 2331 4436 ἀχράντου
2357 4365 2538 4424 αὐτοῖς
2573 4361 2835 4433 μεταδοὺς
2875 4358 3125 4430 σώματος
3155 4355 3247 4429 (ἦν
3292 4360 3402 4427 γὰρ
3423 4359 3456 4427 ὴ
3498 4357 3643 4410 πάν·

2064 4474 2258 4519 σεπτος
2298 4456 2479 4527 ἡμέρα
2519 4454 2630 4525 ('57)
2667 4453 2896 4521 δευτέρα
2930 4452 2964 4523 ἡ
3015 4449 3095 4521 τῷ
3144 4448 3284 4520 ἁγίῳ
3335 4447 3639 4516 ὲγγίζουσα

2066 4545 2275 4614 πάθει),
2309 4545 2511 4606 πάντας
2543 4542 2822 4605 δειπνίσας
2858 4542 3003 4609 ἀμφὶ
3026 4541 3153 4604 τοὺς
3182 4536 3495 4608 δισχιλίους,
3521 4552 3645 4589 στι·

2064 4635 2240 4689 ὅὰδων
2264 4635 2357 4686 ὲπι
2383 4632 2484 4701 τῆς
2516 4631 2653 4694 πόας
2692 4629 3129 4700 σχεδιασθεισῶν,
3157 4628 3465 4698 ὑπέστρεφε
3496 4627 3643 4679 κατά

2069 4727 2165 4795 τὴν
2206 4724 2354 4792 ἑξῆς.
2418 4722 2603 4785 Ἔδοξε
2657 4720 2714 4773 δὲ
2773 4720 2971 4781 αὐτοὺς
3036 4718 3360 4787 συλλεγῆναι
3512 4715 3645 4785 βού-

1590 5010 1861 5067 VALESII
1896 5004 2451 5064 ANNOTATIONES.

461 5157 567 5220 (56)
617 5150 823 5215 Λιταῖς
885 5144 981 5220 καὶ
1034 5136 1401 5220 προσευχαῖς
1443 5131 1784 5220 ὲεωσιοῦξο.

385 5198 583 5297 milia;
617 5198 1327 5297 atque‘orationes_referri
1356 5198 1610 5297 possunt,
1646 5198 1832 5297 vcl'ad
1864 5214 1950 5297 re:

386 5272 832 5350 conciliationem
869 5280 1280 5356 pmuiteutium,
1312 5272 1380 5356 et
1429 5277 1497 5355 ad
1547 5272 1952 5356 absolutionem

870 5336 1087 5427 rmilites
1127 5364 1248 5427 sese
1268 5336 1737 5427 'obstrinxcratit;|
1774 5338 1859 5427 vel
1887 5336 1953 5427 ad

386 5406 1000 5489 ιι’πέὲᾎὶῖὶἷιίῗέόιὲεὶιιήίη,
1024 5415 1469 5489 ηᾳεενϐτεεξοιίιιε
1504 5423 1632 5489 tunc
1660 5406 1959 5489 celebravit

863 5509 927 5547 ac
945 5477 1366 5558 centurionibus
1394 5482 1670 5558 exercitus
1699 5477 1953 5558 Romani.

386 5546 1041 5637 q‘u'i'bu-suet-iainﬁsacram
1083 5555 1529 5637 communionem
1568 5546 1859 5617 impertiit,
1899 5554 1958 5626 ut

390 5616 970 5702 t'i-statiutrwli—vagrius.
1021 5629 1100 5680 lia
1146 5635 1293 5681 certe
1335 5624 1485 5677 hunc
1517 5616 1697 5673 locum
1733 5616 1960 5685 exponit

1844 5128 1940 5183 Hae
2045 5125 2392 5195 Nicephorus
2422 5120 2668 5195 {Al-701;,
2688 5114 2892 5183 inquit,
2933 5111 3299 5195 ὲεξωσιοῦτοτὺ
3334 5110 3511 5195 ρεῖον·
3547 5111 3645 5195 κμὶ

2055 5197 2150 5267 τὴν
2180 5190 2348 5267 ’θείαν
2380 5190 2603 5251 τελέσας

2642 5180 3047 5258 μυσταγωγίαν,
3090 5180 3183 5234 τοῦ
3211 5182 3493 5251 ἀχράντου
3529 5180 3645 5233 σὼ-

2064 5258 2231 5334 ματος
2270 5264 2463 5334 ἅπασι.
2479 5258 2773 5328 μετεδίδου.

2135 5318 2245 5401 (δὴ
2298 5331 2359 5384 Ἠ
2383 5318 2731 5401 πὰκςεξιτος
2754 5327 2974 5401 ἡμέρα.
2996 5324 3056 5379 In
3087 5319 3309 5401 optimis
3335 5318 3643 5401 codicibus

2064 5387 2384 5458 Florentino
2416 5408 2472 5453 et
2501 5387 2812 5452 Telleriano
2849 5387 3072 5449 additur
3118 5387 3369 5458 δευτέρα.
3421 5387 3478 5441 ld
3532 5394 3638 5447 est,

2064 5455 2304 5527 secunda
2349 5470 2483 5522 feria
2535 5482 2740 5536 magnae
2783 5461 3166 5536 hebdomadis.
3203 5455 3467 5536 Eorundem
3496 5470 3643 5536 quo-

2066 5526 2173 5611 que
2225 5526 2667 5611 emendationem
2708 5535 2762 5590 in
2796 5535 2987 5610 codice
3030 5528 3371 5584 Vulcohiano
3395 5528 3463 5579 ad
3494 5526 3644 5578 latus

2064 5607 2325 5679 scriptam
2361 5607 2567 5661 iuveni.
