4016 6208
359 325 499 390 2865
519 390 533 407 ,

1282 325 1663 386 HISTORIA!
1701 321 2292 385 ECCLESIASTIC/E
2332 320 2564 381 LIBER
2598 319 2702 381 VI.

2221 173 2234 200 ι

3507 312 3648 376 “2866

363 436 558 486 λοιντο.
617 417 1056 504 Μεταπέμπεται
1126 434 1416 505 τοιγαροῦν
1491 435 1822 488 Φιλιππικὸν
1892 435 1935 484 ἐι

2058 429 2194 486 Cum
2225 432 2535 494 universos,
2577 427 2690 483 duo
2713 426 2937 482 circiter
2964 425 3252 481 hominum
3283 425 3477 488 millia,
3508 424 3612 478 tori
3633 417 3682 472 ς’

295 557 297 559 -
362 523 564 594 Ταρσῷ
593 525 690 594 τῆς
719 524 976 590 Κιλικίας
1001 525 1279 595 διάγοντα,
1313 525 1674 598 ἐπειγόμενον
1719 542 1779 578 τε
1811 522 1952 576 κατὰ

363 616 460 684 τὴν
481 615 745 685 βασιλέως
760 615 893 687 (58),
917 615 1284 690 ἀναγαγὼντῇ
1307 617 1552 690 βασιλείᾳ
1573 616 1695 689 περὶ
1723 615 1952 678 τούτων,

364 706 580 771 στείλας
623 725 683 761 τε
723 707 817 762 καὶ
847 706 946 772 τὰς
983 709 1134 780 παρὰ
1171 709 1266 763 τοῦ
1322 709 1555 780 στρατοῦ
1589 708 1722 780 περὶ
1757 709 1952 761 Φιλιπ-

361 797 526 850 πικοῦ
556 798 790 869 δεήσεις.
829 799 1141 855 ’Υπαντῶσι
1176 801 1357 855 τοίνυν
1383 800 1463 872 τῷ
1479 799 1789 870 Φιλιππικῷ
1812 799 1953 861 κατὰ

360 890 460 960 τὴν
518 890 896 946 Θεουπολιτῶν
940 893 1258 966 γενομένῳ,
1311 894 1406 948 καὶ
1444 893 1571 958 τοὺς
1609 891 1952 962 ἠξιωμένους

359 985 459 1055 τῆς
487 984 639 1050 θείας
668 987 1096 1056 παλιγγενεσίας
1144 989 1202 1053 ἐς
1245 989 1482 1042 ἱκετείαν
1511 985 1952 1059 προσλαϐόμενοι

359 1080 799 1148 προσπίπτουσιν
834 1081 984 1152 αὐτῷ
1007 1096 1022 1112 ·
1056 1083 1150 1135 καὶ
1190 1083 1373 1148 δεξιὰς
1411 1081 1722 1152 ἀμνηστίας
1759 1079 1952 1132 λαϐόν-

356 1185 471 1232 τες,
504 1170 601 1222 σὺν
644 1170 794 1240 αὐτῷ
837 1172 936 1235 τὰς
967 1173 1422 1244 ἐπιστρατεύσεις
1454 1172 1755 1226 ποιοῦνται.
1795 1168 1952 1222 Οὕτω

361 1257 463 1324 μὲν
493 1257 557 1328 δὴ
586 1262 1010 1331 προκεχωρήκει
1044 1262 1242 1317 ταῦτα.

2064 521 2116 575 in
2143 521 2389 592 gramine
2415 517 2772 573 tumultuarie
2795 517 3116 587 compositis
3139 531 3295 571 cmna
3319 515 3644 585 excepisset,

2063 611 2333 682 postridie
2371 611 2598 666 domum
2645 625 2902 666 reversus
2943 617 3047 666 est.
3101 608 3389 663 Placuerat
3438 617 3648 669 autem,

2063 715 2123 759 ut.
2157 704 2362 759 milites
2395 719 2506 774 quo
2537 703 2590 758 in
2620 705 2744 759 loco
2782 702 3010 767 vellent,
3055 700 3112 755 in
3162 714 3334 754 unum
3382 699 3646 752 conveni-

2063 805 2206 851 rent.
2258 795 2556 866 Gregorius
2602 794 2772 866 igitur
2821 793 3190 863 Pbilippioum
3240 791 3479 846 accersit
3529 792 3644 859 qui,

2065 897 2179 943 tum
2231 887 2376 957 apud
2425 885 2658 942 Tarsum
2706 887 2899 942 urbem
2949 885 3156 941 Cilicia:
3195 885 3543 946 morabatur,
3591 896 3646 938 ct
3687 925 3694 951 ι

2055 978 2589 1048 Constantinopolim
2635 978 3042 1048 quamprimum
3085 975 3359 1046 proﬁcisci
3393 975 3639 1044 parabat.

2057 1073 2230 1130 Porro
2269 1073 2336 1128 de
2367 1072 2454 1127 his
2488 1071 2657 1126 rebus
2685 1069 2753 1124 ad
2787 1070 3177 1140 imperatorem
3219 1068 3429 1132 retulit,
3464 1067 3646 1121 missis

2057 1167 2224 1220 etiam
2245 1163 2744 1235 supplicationibus
2766 1161 3027 1226 militum,
3051 1160 3254 1230 quibus
3274 1159 3643 1228 Philippicum

2058 1258 2254 1312 ducem
2302 1255 2678 1328 postulabant.
2719 1254 2856 1311 Cum
2897 1269 3029 1325 ergo
3071 1252 3415 1322 Philippicas
3451 1249 3646 1304 Antio-

358 1351 541 1406 chiam
575 1357 840 1422 venisset,
866 1357 1071 1414 milites
1099 1358 1214 1413 illic
1245 1359 1294 1413 ei
1325 1368 1667 1413 occurrunt:
1702 1369 1757 1413 et
1789 1359 1856 1412 iis
1887 1357 1983 1428 qui
2022 1356 2222 1411 divinae
2261 1350 2698 1422 regenerationis
2735 1350 3014 1404 lavacrum
3082 1344 3370 1416 promeriti
3405 1343 3644 1402 fuerant,

357 1443 425 1498 ad
463 1447 886 1516 supplicandum
918 1465 1018 1520 pro
1059 1466 1117 1505 se
1149 1451 1475 1521 assumptis,
1512 1451 1576 1505 ad
1646 1466 1822 1521 genua
1893 1450 2011 1520 ejus
2071 1445 2464 1518 procumbunt.
2520 1443 2622 1509 Qui
2675 1457 2800 1498 cum
2869 1441 3059 1496 dextra
3128 1440 3253 1493 data
3312 1437 3645 1492 oblivionem

359 1543 769 1610 praeteritorum
819 1546 902 1601 eis
948 1537 1360 1612 conﬁrmasset,
1413 1548 1617 1603 milites
1667 1563 1773 1602 una
1823 1562 1948 1601 cum
2010 1545 2105 1599 illo
2173 1545 2226 1597 in
2259 1541 2668 1612 expeditionem
2713 1537 2942 1608 profecti
2979 1546 3128 1592 sunt.
3173 1536 3350 1604 Atque
3381 1533 3496 1587 haec
3521 1533 3646 1602 qui~

359 1638 491 1693 dem
514 1639 663 1696 hunc
698 1641 750 1695 in
776 1642 999 1697 modum
1023 1658 1365 1713 processere.
1542 1640 1544 1642 ’

940 1773 1192 1828 ΚΕΦΑΛ,
1254 1775 1352 1826 ur.
1984 1744 2020 1795 Β

491 1863 629 1932 Περὶ
663 1863 774 1932 τῆς
817 1864 1101 1932 ἁλώσεως
1148 1868 1658 1935 Μαρτυροπόλεως
1703 1865 1801 1934 (u).

429 1979 622 2043 Σίττας
679 1979 736 2032 δέ
790 1997 875 2044 τις
937 1981 1046 2034 τῶν
1084 1983 1142 2034 ἐν
1205 1980 1626 2052 Μαρτυροπόλει
1678 1979 1945 2050 δεκαδάρ-

354 2088 469 2142 χων
503 2071 638 2140 (59),
673 2071 807 2142 πρός
855 2089 977 2126 τινα
1016 2072 1126 2124 τῶν
1173 2073 1361 2126 αὐτόθι
1405 2070 1817 2143 στρατιωτικῶν
1847 2071 1946 2142 ἀρ-

354 2164 560 2234 χόντων
613 2163 900 2234 λυπηθεὶς,
958 2165 1399 2237 καταπροδίδωσι
1451 2166 1552 2236 τὴν
1613 2163 1786 2228 πόλιν,
1846 2163 1946 2234 τὴν

355 2254 645 2325 ἀπόλειψιν
671 2255 781 2309 τῶν
807 2254 1201 2328 ἐγκαθημένων
1239 2256 1408 2327 αὐτὴν
1449 2256 1559 2328 (40)
1597 2255 1946 2327 στρατιωτῶν

354 2346 728 2416 ἐπιτηρήσας
759 2347 854 2400 καὶ
890 2333 1046 2418 λόχον
1091 2347 1362 2420 Περσικὸν
1403 2348 1515 2420 (41)
1558 2347 1632 2412 ὡς
1672 2346 1944 2417 Ῥωμαῖον
1978 2383 1984 2396 ε

354 2437 690 2506 εἰσαγαγὼν,
710 2439 810 2511 τὴν
837 2440 991 2495 πόλιν
1024 2441 1310 2512 κατέσχεν,
1341 2441 1768 2514 ὲπικαιροτάτην
1811 2440 1945 2493 Ῥω-

356 2523 540 2592 μαίοις
579 2525 957 2581 καθεστῶσαν·
1002 2529 1071 2583 τὰ
1108 2530 1206 2600 μὲν
1239 2530 1409 2585 πολλὰ
1437 2531 1546 2584 τῶν
1572 2529 1811 2599 γυναίων
1834 2528 1942 2582 τῶν

353 2616 731 2688 σφριγιῦντων,
774 2620 906 2674 εἵσω
946 2623 1246 2695 κρατήσας·
1288 2624 1535 2688 ἅπαντας
1577 2621 1634 2676 δὲ
1683 2622 1812 2686 τοὺς
1848 2621 1943 2675 ἄλ-

352 2709 478 2773 λους
531 2711 704 2781 χωρὶς
757 2714 916 2766 ἐνίων
973 2716 1203 2769 οἰκετῶν
1253 2715 1532 2782 ἐξελάσας.
1580 2716 1800 2780 Εὐθέως
1841 2714 1940 2786 μὲν

352 2796 448 2858 οὖν
483 2803 512 2856 ὁ
555 2803 882 2870 Φιλιππικὸς
925 2804 1092 2861 αὑτοῦ
1133 2807 1234 2876 τὴν
1288 2806 1476 2860 ἔλασιν
1521 2807 1761 2860 ἐποιεῖτο
1787 2848 1800 2869 ,
1843 2806 1940 2858 καὶ

355 2893 736 2966 περικαθήσας
777 2894 822 2928 ³⁸
865 2895 966 2965 τὴν
1008 2895 1165 2949 πόλιν
1200 2895 1534 2965 ἐπολιόρκει,
1559 2895 1710 2948 οὐδὲν
1747 2895 1856 2946 τῶν
1880 2896 1938 2957 ἐς

354 2983 678 3056 πολιορκίαν
732 2987 1056 3056 ἐπιτηδείων
1106 2986 1266 3057 ἔχων·
1317 2989 1467 3056 ὅμως
1516 2986 1560 3038 δ’
1599 2985 1694 3038 οὖν
1733 2987 1796 3037 ἐκ
1828 2984 1936 3037 τῶν

2579 1766 2744 1838 [.64
2775 1765 2926 1821 CAP.
2969 1764 3107 1818 xw.

2352 1859 2626 1926 Quomodo
2653 1865 2810 1927 capta
2835 1858 2902 1911 sit
2933 1854 3332 1926 Martyropolis.

2123 1979 2336 2033 Interea
2367 1975 2550 2039 Sittas
2579 1973 2826 2045 quidam,
2873 1972 2968 2042 qui
3001 1971 3242 2026 decanus
3285 1979 3404 2024 erat
3440 1970 3638 2040 Marty-
3732 2005 3739 2008 -

2049 2068 2248 2138 ropoli,
2295 2066 2548 2139 injuriam
2596 2064 2701 2120 sibi
2746 2063 2952 2118 illatam
2982 2077 3012 2116 a
3043 2060 3280 2131 quodam
3320 2075 3388 2114 ex
3427 2060 3638 2116 militia.

2048 2158 2360 2215 rectoribus
2406 2173 2548 2229 aegre
2594 2156 2798 2220 ferens,
2844 2153 3038 2209 urbem
3081 2152 3334 2208 hostibus
3369 2153 3634 2222 prodidit,

2048 2250 2344 2305 observato
2376 2259 2622 2319 tempore
2650 2263 2762 2318 quo
2800 2245 3004 2300 milites
3034 2243 3364 2314 praesidiarii
3395 2260 3462 2299 ex
3498 2245 3634 2299 urbe

2046 2340 2416 2396 discesserant
2453 2358 2465 2393 :
2495 2338 2918 2408 introductaque
2944 2337 3234 2391 Persarum
3258 2335 3509 2401 cohorte,
3542 2351 3638 2405 pc-

2045 2432 2204 2487 rinde
2251 2448 2315 2487 ac
2357 2433 2401 2486 si
2443 2447 2508 2486 ea
2550 2429 2925 2484 Romanorum
2967 2427 3171 2483 cohors
3219 2435 3390 2491 esset,
3439 2427 3632 2481 urbem

2044 2524 2338 2594 occupavit
2383 2523 2686 2578 admodum
2719 2528 3087 2590 opportunam
3141 2519 3426 2574 Romanis.
3464 2521 3531 2574 Et
3565 2535 3631 2573 ex

2038 2615 2358 2687 junioribus
2396 2613 2618 2684 quidem
2650 2611 2890 2677 feminis,
2922 2610 3215 2680 plerasque
3256 2611 3399 2664 intra
3433 2610 3628 2664 urbem

2044 2707 2314 2764 retinuit:
2350 2698 2596 2776 reliquos
2638 2713 2822 2768 autem
2869 2719 3084 2769 omnes,
3135 2703 3384 2773 exceptis
3418 2703 3629 2773 aliquot

2043 2801 2302 2860 servulis.
2357 2799 2538 2870 ejecit.
2590 2797 2892 2853 Confestim
2949 2797 3119 2867 igitur
3170 2796 3512 2866 Philippicus
3561 2812 3627 2849 eo

2039 2890 2342 2960 profectus,
2397 2888 2592 2944 urbem
2636 2887 2926 2942 obsidione
2972 2886 3163 2949 cinxit,
3219 2886 3434 2941 tametsi
3489 2887 3628 2940 nihil

2040 2997 2234 3037 eorum
2268 2997 2389 3050 qua:
2439 2979 2507 3036 ad
2557 2979 2918 3035 obsidionem,
2961 2979 3268 3034 necessaria
3320 2987 3471 3044 sunt,
3523 2980 3625 3051 ipsi

355 3073 643 3143 παρόντων
689 3076 838 3146 αὑτῷ
867 3076 1182 3148 διεμάχετο,
1231 3077 1323 3130 καί
1355 3094 1508 3140 τινας
1544 3076 1812 3146 διώρυχας
1842 3077 1935 3145 ἐρ-

2048 3081 2382 3144 suppeteret.
2422 3072 2798 3128 Nihilominus
2845 3071 2911 3126 iis
2948 3087 3071 3142 quae
3101 3071 3169 3125 ad
3205 3087 3426 3126 manum
3467 3083 3630 3127 erant

350 3163 682 3244 γασάμενος,
714 3165 898 3235 ῥίπτει
924 3166 1034 3219 τῶν
1066 3165 1287 3236 πύργων
1309 3166 1426 3218 ἕνα.
1456 3167 1530 3217 Οὐ
1567 3165 1674 3236 μὴν
1702 3163 1800 3234 τὴν
1846 3164 1941 3217 πύ-

350 3245 436 3307 λιν
465 3255 718 3325 ἐξίσχυσε
749 3257 1178 3328 περιστήσεσθαι
1205 3259 1302 3329 (ο),
1343 3257 1451 3309 τῶν
1494 3256 1718 3326 Περσῶν
1753 3257 1934 3310 διανυ-

352 3347 770 3416 κτερευσὰντων
798 3389 812 3413 ,
855 3348 949 3401 καὶ
1002 3348 1064 3400 τὸ
1103 3349 1393 3411 πεπτωκὸς
1446 3347 1936 3417 κατασφαλισαμέ-

346 3455 477 3490 νων.
527 3438 618 3500 Ὠς
656 3439 713 3491 δὲ
760 3441 931 3509 συχνὰ
975 3440 1410 3510 προσϐάλλοντες
1447 3441 1496 3494 οἱ
1553 3439 1815 3511 Ῥωμαῖοι
1859 3440 1936 3510 τῷ

347 3527 541 3598 τείχει,
591 3529 963 3599 ἀπεκρούοντο
996 3530 1015 3602 (
1043 3533 1318 3586 ἐπίσκοπα
1370 3534 1477 3605 γὰρ
1508 3533 1566 3600 ἐξ
1607 3532 1935 3603 ὑπερδεξιῶν

345 3618 581 3690 ἐφέρετο
612 3622 736 3674 κατ’
765 3621 948 3676 αὐτῶν
980 3623 1047 3678 τὰ
1097 3621 1248 3694 βέλη,
1292 3625 1384 3678 καὶ
1413 3625 1574 3680 πλέον
1604 3625 1934 3679 ἐδλάπτοντο

344 3708 381 3778 ἢ
422 3710 550 3772 τοὺς
600 3709 747 3764 ἔνδον
774 3710 1052 3778 ἐλύπουν),
1111 3714 1298 3768 λύουσι
1323 3718 1422 3789 τὴν
1461 3719 1795 3789 πολιορκίανο
1842 3719 1933 3772 καὶ

348 3801 580 3871 σμικρὸν
606 3801 948 3868 διαστάντες,
982 3808 1499 3875 στρατοπεδεύονται
1535 3812 1716 3882 μόνον,
1759 3811 1818 3863 τὸ
1856 3810 1930 3880 μὴ

346 3890 569 3961 ἑτέρους
594 3894 958 3966 προστεθῆναι
993 3895 1232 3968 Πέρσας,
1283 3900 1694 3973 ἐπιτηροῦντες.
1727 3901 1931 3956 Κελεύ-

347 3999 519 4053 σμασι
540 3984 596 4040 δὲ
626 3986 957 4058 Μαυρικίου,
983 3987 1079 4042 καὶ
1119 3989 1420 4061 Γρηγόριος
1452 3995 1763 4062 ἀφικνεῖται
1795 3991 1930 4063 πρὸς

2047 3175 2227 3227 utens,
2260 3165 2455 3219 urbem
2481 3163 2840 3234 oppugnavit,
2889 3165 3137 3233 actisque
3167 3165 3498 3234 quibusdam
3531 3182 3623 3220 cu-

2040 3257 2244 3312 niculis
2292 3271 2458 3311 unam
2504 3272 2572 3311 ex
2607 3255 2854 3311 turribus
2884 3255 3104 3327 dejecit.
3139 3255 3248 3311 Sed
3286 3273 3412 3312 cum
3448 3259 3633 3313 Persa:

2043 3358 2153 3404 tota
2182 3358 2340 3403 nocte
2375 3349 2679 3413 insomnes,
2723 3348 2775 3402 id
2807 3347 2955 3417 quod
2989 3349 3295 3420 collapsum
3329 3350 3510 3405 fuerat
3543 3350 3627 3406 in-

2039 3451 2404 3506 staurassent,
2462 3443 2654 3496 urbem
2709 3456 3030 3512 expugnare
3082 3459 3190 3497 non
3237 3444 3434 3513 potuit.
3487 3444 3623 3499 Cum

2040 3534 2208 3604 igitur
2253 3533 2484 3588 Romani
2527 3535 2728 3589 crebro
2764 3551 2984 3589 murum
3015 3535 3218 3601 adorti,
3269 3536 3490 3591 assidue
3535 3555 3624 3591 re-

2038 3625 2412 3694 pellerentur;
2463 3624 2565 3677 tela
2613 3623 2761 3679 enim
2804 3640 2870 3678 ex
2925 3624 3212 3694 superiore
3261 3626 3381 3694 loco
3431 3627 3482 3679 in
3524 3642 3624 3680 eos

2037 3717 2226 3782 missa,
2278 3731 2406 3770 raro
2457 3733 2486 3770 a
2534 3731 2702 3785 scopo
2755 3716 3106 3779 abcrrabant,
3146 3716 3218 3769 ita
3256 3727 3314 3770 ut
3351 3718 3452 3786 ipsi
3498 3718 3621 3786 plus

2035 3807 2355 3862 detrimenti
2408 3807 2728 3876 acciperent
2780 3805 3264 3877 quam-hostibus
3311 3808 3614 3868 inferrent;

2034 3898 2378 3954 obsidionem
2413 3899 2719 3954 solverunt.
2760 3899 2839 3954 Ac
2869 3898 3154 3969 paululum
3191 3899 3317 3955 indc
3360 3900 3614 3970 digressi,

2033 3991 2407 4048 castrametati
2461 3999 2610 4056 sunt,
2651 3991 2705 4046 id
2748 4007 2918 4046 unum
2963 3989 3200 4046 sollicite
3235 3991 3614 4054 observantes,

1657 4149 1891 4207 VARUE
1931 4147 2336 4204 LEtLTlONES.

419 4257 463 4289 ³⁸
488 4256 550 4314 C.
575 4257 637 4316 C.
680 4261 1102 4335 παρακαθήσας.

1541 4383 1809 4442 VALESII
1845 4384 2401 4442 ANNOTATIONES.

409 4513 522 4595 (53)
574 4515 994 4595 Ἐπειγόμενόν
1027 4536 1090 4574 τε
1128 4518 1278 4595 κατέὶ
1310 4522 1426 4595 τὴν
1461 4523 1784 4595 βασιλέως.
1808 4523 1924 4595 _As-

2048 4523 2128 4595 ιοῦ
2157 4523 2468 4595 τάγματος
2523 4525 2902 4595 καθεστηκώς.
2957 4526 3019 4581 lli
3067 4543 3098 4581 a
3149 4527 3364 4584 Latinis
3413 4529 3609 4586 decani

337 4583 1088 4667 sentiorucbristophorsono
1136 4599 1193 4645 et
1225 4583 1474 4667 Saviligf
1502 4592 1612 4667 qui
1631 4583 1758 4663 post
1808 4593 1926 4649 haec

337 4654 506 4708 verba
529 4654 944 4737 distinctio—nem
971 4663 1502 4737 apposuerunt._Est
1519 4654 1672 4737 enim
1694 4678 1925 4737 prorsus

334 4727 666 4805 necessaria.
693 4727 802 4782 Sed
822 4740 883 4805 et
902 4727 1030 4805 ante
1046 4727 1182 4785 illos
1205 4732 1552 4805 Nicephorus
1572 4727 1720 4788 hunc
1739 4735 1922 4805 locum

336 4793 786 4874 ita_distim§erat_.
821 4798 1037 4874 Melius
1059 4808 1242 4856 tamen
1274 4793 1622 4874 Nicephorus
1652 4804 1920 4874 scriptum

334 4861 503 4935 habet
546 4866 682 4932 πρδς
715 4869 813 4935 τὴν
857 4867 1140 4934 βασιλέως.

334 5002 346 5016 _
406 4933 518 5003 (59)
567 4935 698 5016 Τῶν·
731 4933 802 5016 ἐξ·
832 4933 1284 5016 Μαρτρροπέᾼει
1334 4942 1660 5016 δεκάρχωζ.
1688 4944 1922 5016 Rectius

333 5007 388 5057 in
422 5007 814 5078 manuscriptis
839 5007 1124 5066 codicibus
1156 5007 1563 5068 Florentino'é't
1603 5013 1916 5072 Telleriano

331 5075 601 5160 scribitur
624 5075 992 5160 δεκαδάρχων,
1028 5082 1496 5160 quemadmodum
1518 5083 1685 5160 etiam
1710 5085 1913 5142 γυιω-

331 5143 458 5222 bius
487 5162 551 5202 ac
569 5146 808 5222 S_a_vi1ius
829 5143 894 5203 in'
916 5143 1164 5222 margine
1187 5167 1412 5208 suorum
1439 5153 1695 5210 codicum
1725 5171 1915 5212 emen-

331 5213 554 5296 darunt.
587 5216 936 5296 Nicephorus
965 5221 1018 5296 in
1041 5213 1169 5293 cap.
1197 5223 1262 5296 i7
1285 5224 1383 5296 lib.
1412 5240 1557 5291 xvm,
1594 5225 1742 5282 hunc
1771 5227 1912 5282 Eva-

329 5287 429 5350 grii
461 5287 647 5342 locum
673 5287 747 5344 ita
779 5292 1005 5360 exponit
1041 5310 1055 5346 :
1095 5287 1326 5358 Ᾰεκάδος
1367 5287 1552 5368 ἄρχων
1589 5313 1910 5366 στρατιωτι-

2027 4593 2382 4659 dicebantur,
2414 4611 2523 4651 non
2550 4605 2733 4650 autem
2754 4593 3124 4660 decuriones,
3155 4610 3214 4653 ut
3247 4601 3528 4654 Musculus
3559 4613 3614 4656 et

2027 4663 2588 4746 Christophorsonu_s_
2609 4667 3070 4746 interpretantur.
3106 4670 3379 4746 Testatur
3403 4671 3455 4724 id
3507 4670 3611 4746 Ye—

2026 4735 2212 4808 getius
2242 4735 2298 4808 in
2321 4738 2505 4808 cap._8
2531 4737 2629 4792 lib.
2664 4753 2722 4802 ll,
2745 4735 2914 4808 agens
2946 4739 3015 4794 de
3045 4741 3469 4795 centurionibus
3493 4741 3609 4795 sive

2025 4805 2616 4878 ordinariisziErant,
2670 4805 2870 4878 inquit,
2921 4811 3109 4863 decani
3158 4811 3305 4864 denis
3359 4811 3608 4865 militibus

2026 4876 2329 4948 prwpositi,
2359 4879 2614 4948 quinum:
2648 4876 2808 4948 caput
2853 4883 3184 4935 contubernii
3222 4892 3502 4936 vocantur.

2097 4948 2208 5018 (40)
2256 4947 2379 5018 Τῶν
2438 4947 2864 5018 ἐγκαθημένων
2928 4949 3140 5016 αὐτήν.
3191 4953 3384 5007 Procul
3439 4953 3609 5008 dubio

2027 5016 2382 5140 scribendum
2411 5016 2496 5072 est
2524 5016 2682 5089 αὐτῇ.
2710 5018 2802 5075 Sic
2829 5020 2977 5075 enim
3009 5021 3093 5075 lex
3119 5025 3475 5092 grammatica
3511 5042 3608 5093 pn-

2027 5098 2110 5140 stu
2139 5097 2214 5140 at.

2023 5097 2214 5142 stulat.

2094 5157 2207 5227 (41)
2252 5158 2448 5227 Λόχον
2491 5163 2805 5234 "applicor.
2853 5163 3296 5234 Quadringentos
3353 5164 3606 5219 homines

2017 5237 2298 5353 latt-)matos,
2359 5237 2421 5282 ut
2487 5231 2684 5286 scribit
2735 5231 3217 5306 Thenphylact‘ns,
3293 5236 3345 5289 in
3415 5253 3534 5305 cap.
3575 5237 3605 5288 5

2042 5316 2053 5352 l
2103 5339 2115 5352 .
2151 5313 2229 5352 ill.

2042 5313 2115 5352 ID.
2151 5313 2229 5352 ΠΙ.

1780 5449 2165 5508 VARIORUM.

399 5552 495 5639 in)“
519 5556 789 5639 Περὶ-τῆς
836 5559 1109 5639 didicero;
1135 5565 1670 5639 inagttmoxdﬂemc.
1699 5566 1872 5639 Μαι-ιγ

326 5625 560 5708 γυροίίδ.
587 5627 884 5708 urbsnet'at
902 5625 1212 5708 Armeniae
1234 5625 1463 5708 Maioris
1498 5636 1555 5708 in
1582 5625 1900 5708 prltanine

326 5696 697 5776 tractu,jux_t_a
723 5698 1049 5770 Nympbinm
1088 5696 1340 5773 fluvium:
1393 5706 1449 5761 in
1501 5696 1902 5776 Mesopotamim

324 5766 586 5820 Coniinio.
637 5766 936 5826 Burnmann.

2083 5567 2153 5639 (0)
2189 5571 2269 5648 0})
2289 5573 2416 5639 μὴν
2438 5571 2550 5638 τὴν
2576 5575 2758 5648 πόλι-ιζ
2787 5575 3081 5645 ἐξίσχυσε
3109 5579 3600 5648 περιστήσεσθαι.

2013 5639 2847 5715 ῐλοεριιιίιι-ιη,παραστήσασθαι.
2882 5639 2989 5715 qua
3022 5664 3155 5701 voce
3179 5639 3326 5703 usus
3347 5639 3426 5704 ὶεςι
3469 5650 3602 5705 Eva-

2020 5711 2170 5779 grius
2222 5711 2286 5765 ad
2325 5711 2487 5767 ﬁnem
2525 5711 2741 5783 capitis.
2778 5718 2861 5772 ιγ.
2902 5711 3124 5773 [ωιτη.
