4016 6208
257 303 396 360 2909
1024 300 1082 359 S.
1126 298 1512 360 EULOGIUS
1567 300 1923 363 ARCHIEP.
1963 303 2780 369 ALEXAND.—NOTITIA.
3375 311 3515 376 2910

259 411 546 474 convenit,
605 410 683 464 uti
736 409 828 463 hic
874 407 925 461 in
980 408 1211 480 Eulogio
1264 421 1320 466 et
1357 411 1563 482 Cyriilo
1612 411 1760 467 sedis
1815 413 2060 482 ejusdem
2109 417 2402 486 episcopis.
2457 417 2589 472 Esse
2645 428 2827 472 autem
2887 418 3095 490 Eulogii
3151 422 3348 477 suadet
3400 432 3511 478 tota

264 498 519 562 materia,
569 511 873 566 magnaque
910 496 997 549 illa
1032 497 1152 565 ejus
1193 497 1426 551 alliuitas
1470 515 1595 552 cum
1640 500 1764 553 aliis
1803 501 2050 569 ejusdem
2091 502 2303 573 Eulogii
2341 504 2621 559 dclloratis
2663 520 2692 559 a
2745 506 2958 560 Photio.
2999 507 3214 577 Ubique
3257 511 3402 565 aeris
3455 512 3513 566 in

263 584 634 654 Eutychianos
665 583 962 652 depugnat,
999 584 1196 650 dignus
1226 585 1406 652 plane,
1451 602 1612 654 quem
1646 602 1785 655 papa
1817 586 2030 657 Agatho
2066 588 2120 641 in
2164 604 2258 642 sua
2301 590 2369 643 ad
2415 599 2623 643 sextam
2661 592 2928 662 synodum
2961 595 3328 664 suggestione,
3369 597 3516 652 inter
3593 634 3597 638 -

265 673 472 742 primos
521 685 584 725 ac
630 669 937 738 praecipuos
985 669 1178 740 synodi
1210 669 1677 726 Chalcedonensis
1714 688 1777 727 ac
1822 676 1954 728 tomi
1984 675 2186 731 Leonis
2222 676 2545 731 defensores
2589 689 2934 748 percenseat.
2973 681 3068 735 Est
3099 682 3282 736 oratio
3312 685 3511 752 partim

263 762 476 827 festiva,
524 758 724 828 partim
755 758 1043 827 polemica.
1080 757 1312 813 Pulchre
1345 758 1488 812 ludit
1518 759 1572 812 in
1605 759 1792 814 verbis
1826 777 1889 817 ac
1937 763 2115 816 scnsis
2153 762 2472 832 Scriptum.
2507 764 2868 834 Antiquarius
2899 777 3089 822 noster
3122 769 3357 824 mediam
3397 769 3514 824 fere

263 849 562 915 abruperat
592 864 606 899 :
643 843 789 914 quod
823 845 931 898 illis
963 845 1200 914 plagium
1248 845 1393 898 haud
1423 845 1651 900 omnino
1693 846 1936 903 insolens
1971 860 2054 904 cst
2086 866 2099 914 ;
2134 850 2270 904 alias
2313 865 2532 920 quoque
2572 851 2978 920 deprehensmn
3027 855 3082 909 in
3127 856 3514 926 Amphilocbio

263 947 318 991 et
348 935 767 1005 Chrysostomo.

863 1107 994 1118 «η..-

1357 1224 1862 1314 NOTITIA
1963 1226 2460 1312 ALTERA.

1107 1415 1427 1485 (Fasmcws,
1458 1413 1700 1469 Biblioth.
1730 1430 1886 1484 grtec.
1916 1413 2004 1468 ed.
2039 1415 2247 1470 llarles.
2283 1425 2323 1470 t.
2357 1415 2423 1479 Χ,
2452 1432 2506 1486 p.
2542 1417 2694 1487 755.)

337 1652 549 1724 Eulogii
581 1651 906 1721 patriarchae
938 1648 1092 1704 Alex.
1121 1648 1196 1718 (α)
1223 1647 1395 1717 (Opus
1420 1647 1680 1702 adversus
1719 1648 2011 1712 Novatum,
2035 1649 2264 1702 Photius
2309 1647 2469 1702 codd.
2492 1647 2614 1710 182,
2651 1647 2776 1712 208,
2812 1647 2937 1710 280,
2988 1657 3041 1701 et
3066 1649 3168 1703 alia
3189 1650 3389 1718 scripta
3415 1651 3520 1703 21Ξὶ

267 1745 466 1813 seqq.)
501 1743 690 1812 τεῦχος
747 1741 962 1807 τρίτον,
1001 1739 1255 1794 volumen
1319 1739 1561 1802 tertium,
1617 1738 2000 1807 deperditum,
2044 1740 2097 1793 in
2149 1741 2321 1794 libros
2385 1739 2705 1794 distinctum
2767 1739 3018 1793 undecim
3057 1782 3071 1804 ,
3123 1756 3354 1809 quorum
3417 1742 3529 1810 pri-

268 1842 391 1881 mus
459 1827 777 1881 continebat
822 1825 1136 1895 Apologiam
1203 1839 1304 1894 pro
1376 1825 1575 1878 litteris
1633 1825 1911 1894 synodicis
1955 1827 2021 1882 ad
2068 1828 2387 1896 episcopum
2440 1828 2600 1882 Rom.
2636 1826 2976 1896 (Gregorium
3006 1828 3079 1880 M.
3109 1827 3181 1896 (b)
3213 1827 3434 1890 missis,
3464 1829 3518 1880 in

271 1915 477 1983 quibus
520 1912 1054 1982 reprehendebatur.
1093 1912 1237 1980 quod
1270 1927 1373 1965 nec
1405 1922 1640 1980 quatuor
1677 1913 1909 1968 concilia
1941 1916 2301 1978 (ecumenica,
2359 1930 2460 1969 nec
2515 1914 2715 1968 Leonis
2752 1913 2913 1966 Rom.
2971 1914 3258 1982 epistolam
3296 1915 3518 1966 nomine

273 2011 432 2054 tenus
477 2001 762 2069 probasset
792 2039 806 2060 ,
858 2015 960 2054 nec
1021 1998 1311 2052 anathema
1343 1998 1568 2052 dixisset
1607 2000 1858 2070 Eutychi,
1917 2001 2177 2055 Dioscoro
2215 2017 2278 2055 ac
2323 2001 2528 2056 Severo
2557 2017 2570 2065 ;
2597 2000 2872 2054 secundus
2902 2001 3300 2069 expositionem
3340 2001 3465 2054 lidei
3503 2019 3518 2063 ;

272 2088 488 2149 tertius,
545 2095 773 2155 quartus
804 2095 859 2139 et
913 2085 1141 2154 quintus
1176 2083 1495 2155 Apologiam
1550 2101 1646 2155 pro
1681 2087 1890 2156 synodo
1943 2087 2376 2143 Chalcedonensi
2413 2087 2694 2155 etCyrillo
2725 2086 2877 2140 Alex.
2909 2087 3174 2142 adversus
3210 2088 3517 2142 calumnias

270 2175 705 2238 haereticorum;
758 2184 979 2237 sextus,
1049 2173 1314 2227 adversus
1368 2188 1464 2227 eos
1507 2175 1599 2242 qui
1663 2183 1856 2244 putant
1915 2177 2171 2231 humanis
2231 2177 2348 2231 sive
2400 2176 2799 2245 philosophicis
2838 2175 3298 2245 conceptionibus
3333 2191 3517 2229 veram

275 2264 608 2333 theologiam
648 2262 1020 2318 Christianam
1063 2276 1223 2330 posse
1265 2261 1480 2331 subjici,
1527 2261 1660 2332 πρὸς
1692 2264 1818 2325 τοὺς
1850 2281 1861 2312 ‹

1927 2265 2130 2331 ιμὲνους
2169 2263 2539 2332 ἀνθρωπίναις
2579 2264 2844 2323 ἐπινοίαις
2885 2262 3147 2316 δύνασθαι
3189 2263 3289 2332 τὴν
3339 2262 3513 2331 ἀληθῆ

269 2351 378 2402 τῶν
406 2349 751 2419 Χριστιανῶν
786 2349 1111 2402 ὑποϐάλλειν
1151 2347 1428 2418 οεολογίαν
1461 2366 1474 2379 ο
1513 2349 1800 2418 septimus,
1833 2365 1855 2402 a

1933 2349 2304 2403 Domitianum
2332 2349 2619 2404 Mclitencs
2655 2349 2968 2419 (Armenize)
3001 2349 3342 2419 episcopum,
3374 2350 3519 2418 quod

271 2446 424 2491 recte
456 2436 675 2490 dicatur
711 2436 809 2506 μία
842 2436 1003 2505 φύσις
1050 2435 1146 2489 τοῦ
1179 2435 1352 2504 Λόγου
1393 2425 1787 2507 σεσαρκωμένη
1830 2437 1857 2506 (ι

1965 2437 2233 2502 Octavus,
2268 2438 2346 2491 Ad
2391 2437 2852 2507 Christopborum
2902 2439 3219 2508 quemdam,
3271 2437 3341 2492 de
3385 2437 3524 2493 locis

270 2525 602 2594 quibusdam
634 2541 805 2581 sacrae
835 2526 1134 2596 Scriptura:
1177 2526 1502 2588 solutiones,
1549 2534 1605 2580 et
1633 2527 1690 2578 ὲν
1731 2525 1809 2596 τῷ
1843 2524 1885 2578 0'
1913 2525 2124 2596 σημείῳ
2158 2525 2212 2580 in
2241 2540 2389 2580 nono
2419 2525 2598 2595 capite
2619 2564 2633 2587 .
2672 2525 2800 2579 vita:
2827 2524 3146 2579 monasticae
3176 2523 3520 2578 Eneomium.

270 2612 482 2674 Nouus,
517 2613 816 2668 Parzeuesis
863 2612 931 2667 ad
974 2628 1091 2676 eos,
1135 2614 1229 2682 qui
1274 2613 1343 2667 ab
1379 2613 1624 2667 Ecclesia
1672 2613 2067 2677 discesserunt,
2118 2613 2222 2683 ipsi
2266 2613 2411 2667 inter
2457 2628 2515 2668 se
2547 2611 2602 2666 in
2651 2613 2834 2666 varias
2865 2612 3061 2666 iterum
3097 2623 3284 2682 partes
3323 2611 3526 2665 misere

271 2699 457 2752 divisi.
490 2699 764 2765 Decimus,
802 2699 1070 2755 adversus
1099 2701 1376 2771 Agnoetas
1417 2699 1734 2765 monachos,
1775 2699 1922 2768 quod
1949 2700 2214 2770 scriptum
2245 2699 2502 2754 laudatur
2524 2715 2553 2752 a
2581 2698 2847 2770 Gregorio
2878 2699 3071 2770 Magno
3105 2700 3158 2752 in
3197 2698 3427 2768 epistola
3455 2697 3523 2752 ad

274 2786 564 2857 Eulogium
602 2787 757 2841 Alex.
787 2802 838 2843 a.
868 2786 930 2842 C.
966 2786 1089 2852 600,
1118 2795 1360 2852 exarata,
1391 2787 1489 2841 lib.
1529 2803 1641 2848 vm,
1678 2787 1768 2841 49..
1805 2787 2156 2852 Undecimus,
2191 2787 2452 2856 denique,
2491 2787 2656 2842 Gesta
2691 2787 2886 2858 synodi
2919 2803 3069 2841 anno
3099 2787 3336 2857 septimo
3368 2785 3525 2840 Mau—

276 2873 395 2927 ricii
425 2874 518 2941 (ita
553 2873 846 2944 legendum
887 2889 986 2943 pro
1023 2874 1344 2942 Marciano),
1387 2873 1592 2929 Christi
1623 2873 1748 2938 588,
1781 2873 1982 2928 habitae
2009 2873 2275 2928 adversus
2308 2873 2608 2928 Samaritas
2641 2874 3006 2929 Dositheanos
3036 2874 3138 2944 (ά),
3185 2873 3525 2929 Dosthcnum

273 2961 390 3015 sive
415 2961 735 3016 Dosithcum
760 2962 1074 3032 quemdam,
1104 2961 1345 3016 Simonis
1368 2961 1502 3030 Magi
1525 2961 1790 3031 mqualem
1843 2960 1997 3030 (non,
2030 2969 2090 3014 ut
2115 2960 2206 3015 alii
2235 2960 2582 3026 Samaritani,
2608 2961 2853 3024 Josuam,
2879 2975 2982 3015 nec
3010 2961 3199 3015 Jesum
3225 2957 3522 3025 nostrum),

273 3062 376 3115 pro
408 3062 601 3118 magno
632 3049 728 3102 illo
761 3049 1030 3119 propheta
1067 3063 1164 3117 per
1195 3048 1414 3118 Moysen
1453 3049 1609 3103 Deut.
1641 3064 1790 3112 xvnr,
1822 3047 1910 3110 45,
1939 3047 2201 3118 prmdieto
2245 3049 2535 3106 habentes.
2565 3059 2620 3102 et
2669 3049 3134 3103 resurrectionem
3178 3055 3527 3103 mortuorum

275 3131 606 3201 inlicianles,
635 3151 798 3205 quam
829 3151 896 3190 ex
935 3135 1187 3190 Mosaicis
1215 3135 1437 3205 scriptis
1467 3135 1730 3206 Eulogius
1763 3135 2128 3190 confirmavit.

735 3245 1006 3300 Indiculus
1039 3248 1358 3314 scriptorum
1390 3255 1438 3299 et
1469 3246 1866 3310 luereticorum,
1902 3244 1967 3298 ab
2005 3243 2227 3314 Eulogio
2260 3245 2314 3297 in
2347 3245 2423 3298 Itis
2456 3244 2600 3297 libris
2636 3254 3071 3296 memoratarum.

1045 3355 1118 3405 Ad
1143 3353 1341 3417 paginas
1365 3352 1598 3403 editionis
1621 3354 1803 3404 Craacaa
1826 3353 1992 3404 Photii
2013 3353 2390 3404 liceschelianaz.

343 3490 625 3558 Agnoctre,
655 3490 848 3540 contra
884 3499 1024 3553 quos
1057 3482 1250 3538 scribit
1281 3481 1564 3552 Eulogius,
1599 3483 1701 3536 464
1734 3498 1851 3552 seq.

347 3571 708 3629 Ambrosius:
756 3570 812 3622 '0
839 3568 1140 3638 θαυμάσιος
1177 3569 1232 3618 ἐν
1261 3567 1336 3636 τῷ
1370 3567 1500 3637 περὶ
1526 3567 1933 3638 ἐνανθρωπήσει

1766 3570 1990 3638 ιπήσεως
2021 3570 2267 3640 τετάρτῳ
2300 3567 2464 3637 λόγῳ,
2497 3567 2621 3630 ill,
2656 3565 2780 3628 452,
2821 3565 2886 3620 ad
2916 3564 3200 3631 Albinum,
3228 3565 3352 3618 445.

348 3660 768 3732 Amphilochius
814 3657 972 3712 Sides
1020 3657 1190 3726 cpisc.
1245 3655 1368 3710 465.

347 3749 718 3820 Apollinarius
767 3746 947 3809 ἄνους.
986 3745 1110 3808 457,
1142 3743 1264 3807 458,
1298 3743 1423 3808 459,
1460 3741 1585 3805 440,
1611 3741 1736 3808 445,
1763 3743 1888 3805 447,
1926 3740 2048 3796 448.
2091 3742 2173 3794 Τὰ
2213 3740 2590 3812 ’Δπολιναρίου
2634 3739 2902 3802 νοοῦντες,
2983 3737 3080 3792 451
3113 3754 3126 3803 ;
3197 3737 3527 3803 Νοσοῦντες,

276 3841 401 3896 552.
449 3841 538 3892 Ἐν
570 3839 647 3907 τῷ
675 3836 802 3906 περὶ
835 3836 1162 3904 σαρκώσεως
1191 3835 1354 3904 λόγῳ,
1386 3834 1510 3888 447.

351 3927 534 3989 Arius,
566 3926 686 3979 448.
729 3924 788 3975 'll
822 3923 931 3975 τῶν
974 3920 1266 3995 Ἀ’ρειανῶν
1302 3921 1486 3990 μανία,
1518 3918 1643 3973 466.

356 4013 708 4074 Athanasius,
744 4011 866 4074 458,
899 4012 1021 4066 449.
1063 4013 1147 4064 Ἐν
1178 4010 1254 4079 τῷ
1291 4010 1416 4079 περὶ
1447 4007 1776 4078 σαρκώσεως
1807 4004 1973 4073 λόγῳ,
2007 4005 2130 4060 443.

355 4102 677 4165 Baradatus,
712 4101 836 4155 465.

350 4189 586 4244 Basilius
619 4188 690 4242 Μ.
727 4188 850 4253 449,
891 4187 1015 4249 457,
1056 4201 1086 4238 a
1119 4181 1430 4239 Severianis
1465 4180 1895 4252 perstringitur:
1935 4185 1936 4192 ‘

1945 4181 2002 4233 Ἠ
2032 4181 2138 4233 τῶν
2174 4179 2556 4234 Καππαδόκων
2592 4176 2914 4245 καινοτομία
2945 4175 3038 4228 καὶ
3079 4173 3427 4229 Ἀθανασῑου.
3464 4177 3531 4230 ’Β

275 4277 479 4346 οἴησις,
515 4276 637 4330 448.
671 4275 925 4334 Basilius,
972 4273 1058 4325 Ἐν
1086 4271 1162 4342 τῷ
1193 4271 1327 4340 πρὸς
1362 4269 1452 4321 τὸν
1497 4269 1771 4339 Ἀνόμοιον
1801 4270 1861 4337 ἀγ

1397 4269 1452 4321 δν
1497 4269 1771 4339 Ἀνόμοιον
1801 4269 1970 4337 ἀγῶνι
2001 4265 2202 4338 (Libris
2231 4266 2434 4321 Contra
2460 4263 2817 4332 Etlnomium)
2855 4263 2983 4317 457.

352 4363 811 4432 Christopborus,
857 4361 924 4414 ad
955 4376 1118 4429 quem
1147 4359 1340 4413 scribit
1368 4358 1648 4428 Eulogius,
1689 4355 1938 4411 ὁσιώτατι

1070 4376 1118 4412 m
1147 4359 1340 4413 scribit
1368 4358 1648 4428 Eulogius,
1689 4355 1982 4411 ὁσιώτατον
2019 4369 2146 4410 cum
2189 4353 2491 4424 appellans,
2530 4352 2654 4407 461.

352 4450 589 4521 Cyrillus
617 4450 768 4504 Alex.
806 4451 929 4511 458,
969 4447 1092 4510 444,
1128 4447 1250 4509 445,
1287 4446 1411 4510 446,
1455 4447 1579 4511 459,
1621 4445 1744 4507 465,
1782 4444 1904 4499 466.
1950 4445 2008 4497 Ὀ
2039 4443 2378 4506 διδάσκαλος,
2425 4442 2551 4505 446,
2591 4440 2716 4505 447,
2750 4440 2877 4503 457,
2910 4439 3032 4495 458.
3093 4441 3159 4493 'O
3192 4438 3394 4511 θερμὸς
3436 4441 3537 4511 τῆς

280 4539 571 4609 ἀκριόεἱας
611 4537 865 4606 ἐραστής,
898 4535 1020 4590 441.
1062 4533 1156 4595 Τίς
1194 4533 1258 4587 ἂν
1294 4533 1451 4596 ἄλλος
1497 4532 2005 4604 μεγαλοφωνότερος
2039 4531 2070 4599 ἢ
2110 4529 2570 4598 ἀξιοπιστότερος,
2607 4528 2732 4581 44⁸2..
2773 4529 2948 4591 Πολὺς
2991 4529 3050 4582 ὲν
3092 4527 3302 4600 διανοίᾳ
3330 4529 3391 4582 οὐ
3427 4531 3540 4590 τοῖς

285 4626 497 4696 ῥήμασι
537 4624 628 4677 καὶ
663 4625 773 4684 τοῖς
812 4622 1070 4692 ὀνόμασιν
1114 4622 1199 4673 ἀεὶ
1227 4620 1316 4672 τὸν
1360 4621 1484 4672 νοῦν
1525 4619 1973 4685 καταπιστεύων,
2008 4623 2117 4684 τοῖς
2161 4620 2218 4672 δὲ
2261 4620 2498 4690 νοήμασι
2538 4619 2632 4671 καὶ
2675 4619 2742 4671 τὰ
2781 4620 3002 4688 ῥήματα
3038 4619 3132 4670 καὶ
3183 4617 3253 4670 τὰ
3295 4618 3540 4687 ὀνόματα

285 4712 724 4782 συμμεταφέρων
755 4727 811 4762 τε
842 4711 935 4762 καὶ
968 4707 1466 4777 μεθαρμοζὸμενος,
1504 4707 1628 4761 446.
1672 4707 1728 4760 Ὀ
1757 4707 1989 4778 γνώμων
2019 4709 2117 4777 τῆς
2147 4707 2431 4778 ἀκριϐείας
2453 4705 3009 4775 452.Τῆςὰρκι6εἰας
3037 4704 3376 4766 διδάσκαλος,
3411 4704 3534 4757 454.

285 4799 546 4866 Epistolas
580 4795 646 4850 ad
680 4796 1040 4860 Suecensum,
1071 4795 1191 4857 459,
1229 4795 1351 4857 446,
1384 4794 1508 4859 447,
1543 4793 1668 4855 liii),
1701 4794 1815 4847 430.
1866 4835 1871 4847 ι

1972 4796 2343 4856 Valerianum,
2377 4793 2546 4848 lconii
2574 4793 2746 4862 cpisc.
2770 4793 2895 4857 451,
2939 4792 3058 4857 449,
3094 4792 3220 4852 432,
3255 4793 3381 4856 455,
3413 4790 3539 4846 462.

285 4885 366 4940 Ad
395 4883 971 4948 Acacium,lllelitenes
996 4883 1166 4952 cpisc.
1203 4882 1304 4936 442
1334 4897 1450 4951 seq.
1487 4881 1587 4934 452
1640 4881 1717 4934 Al
1756 4882 1871 4940 Euli

1957 4899 2065 4948 um,
2097 4882 2221 4947 445,
2248 4882 2370 4936 447.
2408 4881 2495 4933 Ἐν
2529 4879 2604 4948 τῷ
2622 4879 2914 4950 Θησαυρῷ,
2941 4879 3065 4933 455.
3105 4877 3191 4930 Ἐν
3223 4877 3301 4946 τῷ
3339 4875 3543 4948 πρώτῳ

287 4972 395 5022 τιῖιν
426 4971 749 5041 Θησαυρῶν,
772 4971 892 5024 446.
911 4971 999 5023 Ἐν
1029 4970 1262 5039 διαλόγῳ
1281 4970 1337 5033 ὃς
1362 4971 1727 5038 ἐπιγράφεται
1758 4961 1944 5034 ὄτι“εἷς
1973 4973 2001 5022 ὁ
2028 4969 2410 5040 Χριστός,447.
2449 4969 2536 5020 Ἐν
2565 4966 2640 5036 τῷ
2661 4967 2896 5037 δευτέρῳ
2927 4963 3378 5036 ἁναθεματισμῷ,
3411 4963 3541 5017 450.

299 5059 386 5108 ’ὶῧν
417 5059 492 5127 τῷ
515 5059 651 5126 πρὸς
681 5058 952 5126 βασιλίδας
983 5058 1438 5128 προσφιυντιτικῷ,
1470 5058 1593 5112 450.
1630 5057 1717 5109 Ἐν
1748 5057 2026 5127 λεγομένῳ
2050 5056 2250 5126 πρώτῳ
2278 5057 2446 5125 τόμῳ,
2481 5056 2604 5110 451.
2653 5054 2740 5106 Ἐν
2770 5057 2835 5124 τῇ
2870 5052 3004 5121 πρὸς
3034 5053 3095 5104 σέ
3128 5051 3183 5104 δε
3215 5055 3231 5073 ⁶
3263 5050 3541 5121 ἐπιστολῇ,

323 5144 442 5201 460,
479 5144 632 5199 locus
661 5155 975 5214 corruptus.

362 5238 674 5304 Dioscorus,
703 5241 824 5305 457,
861 5240 982 5304 447,
1013 5239 1130 5301 450,
1157 5238 1280 5292 451.

361 5374 622 5455 (nl-“Cotti.
669 5378 776 5432 vol.
837 5378 940 5444 IX,
993 5396 1046 5448 p.
1100 5379 1242 5442 646,
1297 5388 1353 5434 et
1402 5380 1600 5450 saepius
1655 5381 1709 5436 in
1758 5381 1863 5437 hoc

993 5396 1046 5448 p.
1100 5379 1242 5442 646,
1297 5388 1353 5434 et
1402 5380 1600 5450 saepius
1655 5381 1709 5436 in
1758 5381 1863 5437 hoc
1973 5381 2397 5455 ἰησΙὶοιηιη-ιιὶξι
2443 5383 2532 5455 26.

289 5445 707 5520 vol.llant.._
884 5518 912 5520 _
993 5445 1032 5520 ί
1201 5519 1209 5520 ,
1262 5519 1294 5520 η
1477 5445 1492 5450 ⁷

2047 5453 2113 5520 (c)
2145 5445 2304 5506 Conl‘.
2332 5451 2619 5506 Gatacker.
2649 5454 2781 5520 Opp.
2819 5467 2870 5518 p.
2900 5450 2985 5504 42.
3021 5450 3084 5504 G.
3109 5460 3164 5505 et
3185 5449 3309 5506 226.
3336 5451 3401 5504 Α.

367 5515 433 5578 (bi
468 5516 638 5592 llujus
670 5517 915 5592 Gregorii
950 5519 1114 5592 epist.
1145 5519 1211 5572 ad
1258 5519 1571 5592 Eulogium,
1607 5521 1702 5592 lib.
1746 5538 1857 5580 vin.
2045 5515 2122 5585 (di
2173 5522 2324 5576 Adde
2379 5521 2664 5592 [.atnpium
2695 5515 2769 5574 in
2822 5515 3132 5577 (lonnuent.
3185 5521 3238 5576 in
3279 5520 3548 5581 Joannem

396 5595 452 5638 et
482 5588 581 5661 42,
619 5588 820 5661 quibus
853 5589 1049 5661 laudat
1091 5605 1239 5661 enin,
1277 5586 1552 5661 adversus
1591 5591 1860 5659 Agnoetas

853 5589 1049 5661 laudat
1091 5605 1239 5661 euut,
1277 5586 1552 5661 adversus
1591 5591 1860 5659 Agnoetas
1972 5602 2104 5645 tom.
2148 5592 2186 5651 l,
2219 5609 2271 5661 p.
2302 5593 2419 5644 738.

288 5655 430 5710 bene
480 5655 784 5726 scripSisse
840 5658 915 5711 Ad
972 5658 1223 5713 eumdem
1273 5659 1559 5726 Eulogium
1613 5655 1705 5714 ith.
1756 5679 1858 5724 ιιι,
