4016 6208
361 259 498 322 9925

1448 255 1700 314 SERMO
1740 251 1814 312 IN
1863 255 2116 314 RAMOS
2147 253 2588 316 l’ALMAllUM.

3467 257 3612 322 2926

365 385 463 430 πος
502 365 676 420 σῶσαι
708 367 857 436 ἡμᾶς
907 365 1005 418 οὑκ
1033 367 1237 434 ἴσχυεν·
1285 365 1406 418 ἐπεὶ
1454 365 1694 434 Μωῦσῆς
1737 365 1862 434 ἄρα,
1902 363 1934 432 ἦ

2052 361 2231 428 aliquo
2279 361 2527 430 Moyses,
2577 369 2670 413 aut
2709 376 2848 414 unus
2898 363 3020 428 quis
3067 362 3456 432 prophetarum
3511 383 3610 436 pro

361 477 444 521 τις
469 461 532 510 ἐκ
555 457 662 510 τῶν
693 457 990 527 προφητῶν
1024 457 1164 526 ὑπὲρ
1197 456 1352 526 ἡμῶν
1385 458 1746 526 ἀποενήσκειν
1771 455 1934 524 ἔμελ-

359 551 469 602 λεν·
495 549 629 602 ἀλλὰ
663 548 861 612 πάντες
899 549 1004 601 ὑπὸ
1034 548 1310 618 ἁμαρτίαν
1336 549 1652 618 ἐτύγχανον·
1681 547 1760 600 διὸ
1785 546 1938 616 ἐδεή-

363 643 536 712 θημεν
571 639 676 692 ’τοῦ
731 638 866 691 Θεοῦ
917 639 1308 708 ἀναμαρτήτου
1365 638 1808 708 σεσαρκωμὲνου,
1844 639 1937 690 καὶ

362 733 452 785 τὸν
483 732 622 800 ὑπὲρ
670 729 828 799 ἡμῶν
859 729 1085 782 Θάνατον
1143 730 1308 798 σαρκὶ
1356 729 1809 799 καταδεχομένου.
1841 729 1940 792 Διὰ

365 823 520 876 τοῦτο
554 825 580 874 ό
615 822 856 890 ἄσαρκος
898 821 1196 890 σαρκοῦται
1223 861 1236 884 ,
1285 819 1370 873 ἵνα
1405 823 1544 890 ὅπερ
1575 821 1688 888 ἔχει
1721 819 1810 872 διὰ
1841 820 1938 888 τῆς

368 914 618 982 θεότητος
671 910 949 974 ἀδύνατον,
979 911 1138 964 τοῦτο
1169 915 1271 982 σχῇ
1308 912 1374 962 δι’
1407 911 1823 980 ἀνθρωπότητος
1853 911 1942 964 δυ-

364 1005 542 1058 νατόν.

437 1099 520 1149 Η⁹.
562 1097 784 1165 Πάσχει,
809 1094 902 1148 καὶ
927 1095 986 1146 ού
1011 1094 1229 1163 πάσχει·
1255 1091 1312 1144 τὸ
1343 1092 1576 1160 πρῶτον,
1603 1093 1661 1143 ού
1685 1092 1760 1162 τῷ
1780 1093 1938 1160 Λόγῳ

367 1189 598 1256 λόγισαι·
626 1189 686 1240 τὸ
705 1189 976 1256 δεύτερον,
995 1185 1092 1253 τῆς
1113 1185 1310 1254 σαρκὸς
1327 1183 1420 1236 τοῦ
1446 1184 1616 1252 Λόγου
1639 1183 1712 1254 μὴ
1734 1182 1938 1252 νόμιζε·

371 1281 538 1354 [ὅμως
572 1281 628 1332 δὲ
657 1280 964 1349 τὴννσόιρκα
994 1277 1087 1330 τοῦ
1121 1277 1292 1344 Λόγου
1331 1279 1404 1347 μὴ
1437 1275 1684 1346 χῶριζε.]
1710 1277 1782 1328 Οὐ
1835 1277 1941 1343 γὰρ

370 1372 606 1443 χωρίζω,
636 1371 770 1424 ἀλλὰ
788 1371 1057 1440 γνωρίζω,
1091 1369 1188 1436 τῆς
1221 1369 1482 1439 ἑκατέρας
1499 1368 1680 1432 ούσξας
1715 1368 1935 1422 τὸῖδιον.

371 1462 743 1532 Συμμένοντα,
773 1462 889 1514 ἀλλ’
919 1462 1038 1530 οὐχὶ
1065 1460 1420 1528 συμπαοόντα
1455 1460 1544 1512 τὸν
1579 1459 1750 1528 Λόγον
1778 1460 1862 1524 λέγ
1876 1478 1938 1510 ω·

372 1554 842 1622 συγκρεμάμενον,
873 1553 986 1604 ἀλλ’
1012 1553 1110 1622 ούχ
1131 1553 1292 1622 ἥλους
1323 1555 1400 1615 εἰς
1431 1551 1563 1604 ἰδίαν
1601 1552 1763 1619 φύσιν
1791 1551 1940 1614 δεξὰ-

371 1660 546 1714 μενον·
609 1641 1087 1714 συνθαπτόμενον,
1123 1643 1238 1696 ἀλλ’
1305 1643 1363 1694 ού
1419 1641 1932 1710 συνθανατούμενον·

371 1712 810 1804 συγκλειόμενον,
841 1734 956 1786 ἀλλ’
989 1735 1046 1786 οὐ
1085 1712 1716 1804 ’συμπεριγραφόμενοψ
1767 1733 1944 1802 ψυχὴν
1973 1712 2018 1770 Β

369 1827 431 1877 ὲκ
474 1825 724 1894 σώματος
777 1823 1176 1896 χωριζομένην,
1214 1824 1349 1879 ἀλλὰ
1399 1825 1489 1876 τὸν
1526 1824 1698 1892 Λόγον
1733 1824 1945 1885 oui-svi;

369 1916 544 1970 αὐτῶν
592 1917 983 1985 ἀφιστάμενον.
1032 1915 1194 1966 Ὅθεν
1247 1915 1274 1968 ὁ
1309 1915 1405 1984 μὲν
1451 1915 1582 1984 ᾅδης
1621 1913 1941 1981 ὲσκυλεύοη,

367 2007 466 2076 τῆς
499 2006 681 2060 ἐνθέου
708 2005 882 2076 ψυχῆς
919 2007 1035 2057 ἐκεῖ
1083 2005 1468 2074 κατελοούσης.
1517 2005 1810 2075 Πορεοθεὶς
1837 2005 1944 2076 γὰρ

369 2097 600 2167 ἐκήρυξε
627 2099 721 2149 καὶ
759 2099 872 2160 τοῖς
904 2101 961 2150 ἐν
991 2097 1092 2168 ᾄδῃ
1126 2097 1450 2166 πνεύμασιν·
1479 2099 1534 2148 ὲν
1565 2097 1619 2148 δὲ
1655 2097 1731 2165 τῷ
1761 2097 1939 2165 τάφῳ,

367 2188 660 2258 διαφθορὰν
709 2190 808 2242 οὐκ
865 2186 972 2240 εἶδε
1022 2190 1080 2241 τὸ
1129 2187 1286 2255 ἅγιον
1315 2200 1342 2225 ιι
1380 2187 1558 2255 σῶμα.
1597 2189 1702 2240 Καὶ
1736 2189 1843 2256 γὰρ
1877 2185 1944 2256 ἦν

367 2277 670 2346 ἀχώριστος
705 2279 732 2330 ό
761 2278 932 2344 Λόγος
955 2277 1052 2345 τῆς
1089 2278 1222 2340 ἰδίας
1249 2276 1470 2346 σαρκὸς,
1503 2279 1558 2328 ἐν
1582 2278 1795 2346 ἑκάστῳ
1824 2293 1944 2329 και-

369 2369 470 2440 ρῷ,
512 2369 750 2438 οὐδαμοῦ
779 2368 932 2438 ψιλὸν
961 2369 994 2438 ἢ
1030 2368 1233 2440 ἔρημον
1259 2369 1412 2436 ἁφῶν
1441 2368 1666 2438 ταύτην,
1696 2369 1727 2439 ἢ
1764 2369 1940 2432 ἄθεον,

369 2461 402 2526 ἢ
442 2460 516 2523 ὡς
569 2459 685 2522 ἑνὸς
735 2459 843 2512 τῶν
887 2459 1007 2512 καθ’
1054 2461 1202 2528 ἡμᾶς
1235 2459 1608 2528 τυγχάνουσαν
1653 2461 1939 2528 σωμάτων.

374 2551 563 2619 Ὅμως
603 2550 651 2601 εἰ
681 2549 775 2601 καὶ
819 2548 1000 2618 ήνὼοη
1045 2549 1166 2600 καθ’
1198 2549 1494 2601 ὑπόστασιν
1523 2547 1600 2617 τῷ
1623 2547 1777 2616 Λόγῳ
1802 2549 1834 2616 ἡ
1861 2547 1944 2598 λο-

370 2638 502 2708 γικὴ
531 2637 686 2707 ἡμῶν
717 2637 900 2706 φύσις,
940 2639 1052 2691 ἀλλ’
1082 2639 1180 2690 οὐκ
1215 2637 1412 2707 ἐσώθη.
1447 2637 1569 2700 Πῶς
1615 2637 1723 2706 γὰρ
1769 2635 1944 2706 σωθὴ-

372 2747 524 2782 σεται
553 2738 582 2767 '
609 2729 689 2798 τῷ
725 2729 1034 2799 προαιωνίῳ
1064 2730 1122 2781 τὸ
1151 2729 1497 2798 πρόσφατον;
1529 2728 1560 2796 ἢ
1599 2727 1714 2788 πῶς
1740 2729 1940 2794 ὁμοιω-

373 2818 599 2885 θήσεται
649 2818 726 2890 τῷ
764 2819 1006 2889 ἁνάρχῳ,
1041 2820 1100 2871 τὸ
1133 2819 1394 2889 ἕναρχον;
1425 2819 1505 2870 διὸ
1553 2819 1644 2871 καὶ
1683 2820 1814 2889 ὁρᾷς
1845 2820 1940 2870 αὑ-

373 2911 464 2962 τὶν
494 2909 588 2962 ἐπὶ.
619 2908 798 2960 πῶλον
825 2909 1085 2978 σήμερον·
1119 2907 1235 2960 ἀλλ’
1270 2908 1344 2972 ὡς
1377 2905 1684 2977 ἄνθρωπον·
1719 2905 1942 2969 διπλοῦς

2047 451 2206 508 nobis
2259 451 2496 504 habebat
2543 453 2682 506 mori
2723 468 2735 504 :
2787 460 2841 506 at
2889 466 3078 506 omnes
3123 465 3347 522 peccato
3390 457 3611 512 obudxii

2046 552 2201 596 erant
2249 541 2360 612 (9);
2417 543 2650 612 proinde
2717 558 3002 598 necessum
3047 544 3156 598 fuit
3205 547 3612 616 impeccabilem

2049 635 2217 688 Deum
2247 635 2546 698 iucarnari,
2580 650 2643 690 ac
2665 643 2896 689 mortem
2946 651 3110 692 carne
3155 652 3254 706 pro
3297 639 3456 694 nobis
3489 655 3616 695 sus-

2047 727 2248 796 cipere.
2299 728 2536 797 Ideoque
2579 731 2690 798 ipse
2725 730 2904 784 carnis
2959 745 3154 808 expers
3183 732 3518 796 ineat-natur,
3557 743 3620 790 ut

2046 819 2190 887 quod
2225 835 2332 872 non
2369 827 2548 888 potest
2581 835 2676 888 per
2707 821 3069 884 divinitatem,
3105 822 3156 874 id
3193 825 3364 892 possit
3389 839 3486 894 per
3519 825 3620 878 hu-

2049 912 2390 970 manitatmn.

2121 1087 2254 1141 Vlll.
2323 1088 2554 1152 Patitur,
2613 1099 2668 1143 et
2723 1106 2834 1144 non
2887 1092 3130 1160 patitur:
3191 1094 3308 1148 Noli
3379 1095 3618 1164 primum

2051 1180 2227 1234 Verbo
2257 1180 2500 1234 tribuere
2526 1199 2538 1232 :
2573 1182 2901 1244 secundum,
2935 1198 3004 1237 ne
3033 1183 3214 1238 carnis
3229 1185 3394 1240 Verbi
3421 1195 3617 1254 putes:

2051 1279 2102 1323 at
2137 1285 2238 1324 nec
2275 1285 2494 1324 carnem
2539 1287 2568 1324 a
2617 1271 2799 1327 Verbo
2850 1287 3070 1342 separes
3112 1291 3124 1326 :
3170 1275 3292 1328 Non
3336 1277 3484 1330 enim
3531 1267 3621 1331 se-

2051 1377 2225 1430 paro;
2275 1361 2370 1415 sed
2418 1362 2564 1430 quod
2619 1363 2906 1431 utriusque
2943 1371 3154 1417 natura:
3187 1365 3476 1434 pr0prium
3513 1375 3618 1426 est.

2051 1453 2298 1522 designo.
2336 1451 2702 1522 Conjunctum
2746 1468 2968 1507 manere
3021 1453 3260 1508 Verbum
3307 1453 3464 1520 dico;
3513 1471 3622 1510 non

2051 1545 2214 1598 simul
2261 1546 2370 1613 pati
2407 1560 2472 1598 ac
2509 1544 2645 1599 allici
2679 1563 2690 1597 :
2743 1545 2904 1599 simul
2934 1546 3214 1614 pendere;
3266 1547 3412 1600 haud
3439 1557 3618 1602 tamen

2050 1635 2234 1688 clavos
2279 1634 2332 1686 in
2368 1644 2614 1688 naturam
2669 1649 2823 1689 suam
2865 1637 3183 1704 accepisse:
3219 1639 3620 1707 consepultum,

2049 1725 2144 1780 sed
2177 1741 2286 1778 nou
2320 1734 2722 1781 commortuum
2763 1743 2776 1778 :
2819 1743 2926 1783 una
2955 1727 3224 1792 clausum,
3270 1729 3364 1782 sed
3396 1745 3504 1783 non
3529 1745 3625 1798 pa-

2051 1819 2182 1872 riter
2205 1817 2490 1872 deﬁnitum
2519 1837 2532 1872 :
2565 1819 2803 1873 animam
2826 1834 2855 1872 a
2874 1835 3110 1888 corpore
3127 1829 3454 1890 separatam,
3489 1821 3626 1876 Ver-

2051 1911 2178 1965 bum
2199 1921 2378 1965 tamen
2406 1927 2434 1964 a
2460 1921 2654 1965 neutro
2677 1912 2994 1966 recessisse.
3030 1910 3394 1976 Quamobrem
3419 1913 3622 1982 spolia-

2051 2015 2138 2056 tus
2174 2001 2392 2072 quidem
2436 2003 2538 2056 fuit
2589 2003 2836 2058 infernus
2877 2019 3002 2058 cum
3042 2003 3230 2058 divina
3269 2005 3450 2057 anima
3493 2003 3624 2059 illuc

2049 2092 2442 2146 descendisset.
2493 2092 2778 2146 Profectus
2805 2093 2976 2157 enim,
3020 2093 3182 2146 etiam
3225 2094 3420 2162 positis
3447 2093 3502 2148 in
3533 2094 3624 2148 in-

2049 2180 2204 2234 ferno
2235 2180 2518 2249 spiritibus
2541 2181 2920 2249 praedicavit"
2951 2198 2963 2242 ;
2995 2191 3049 2236 at
3069 2181 3122 2234 in
3151 2181 3468 2250 sepulcro"
3492 2197 3616 2236 san-

2047 2279 2196 2324 ctum
2242 2272 2362 2340 ejus
2403 2285 2604 2340 corpus
2658 2271 3070 2340 corruptionem
3103 2286 3212 2325 non
3249 2271 3408 2326 vidit.
3457 2272 3623 2327 Nullo

2047 2362 2194 2414 enim
2221 2369 2466 2429 tempore
2491 2361 2728 2416 Verbum
2757 2361 3001 2430 separari
3038 2360 3218 2429 potuit
3241 2375 3272 2415 a
3296 2376 3395 2416 sua
3417 2376 3582 2416 carne
3605 2402 3622 2426 ,

2047 2459 2110 2504 ut
2139 2465 2258 2504 eam
2305 2451 2508 2504 nudam
2555 2465 2618 2504 ac
2664 2451 2856 2514 solam,
2888 2449 3132 2504 autsine
3171 2449 3304 2514 Deo,
3347 2450 3433 2504 vel
3465 2451 3624 2520 quasi

2045 2557 2246 2610 corpus
2295 2557 2463 2596 unum
2493 2541 2697 2596 nostris
2720 2541 2898 2596 simile
2919 2541 3235 2604 habentem,
3263 2541 3621 2610 relinqueret.

2045 2637 2340 2700 Cancrum,
2375 2636 2506 2690 licet
2559 2635 2842 2690 rationalis
2885 2643 3076 2688 nostra
3113 2641 3308 2688 natura
3353 2633 3508 2688 unita
3551 2635 3624 2688 sit

2044 2731 2225 2786 Verbo
2275 2729 2580 2786 secundum
2628 2727 2986 2798 hypostasim,
3019 2727 3166 2782 haud
3208 2735 3390 2782 tamen
3434 2740 3518 2782 est
3573 2723 3626 2780 ei

2043 2822 2346 2890 aquuata.
2397 2819 2500 2886 Qui
2551 2819 2696 2873 enim
2729 2817 2876 2887 quod
2929 2833 3106 2886 nuper
3149 2819 3360 2874 editum
3405 2829 3510 2883 est,
3570 2823 3622 2874 ei

2047 2914 2367 2982 adaequetur
2397 2912 2544 2982 quod
2577 2921 2660 2966 est
2687 2918 2811 2964 ante
2841 2910 3040 2966 saecula
3063 2911 3085 2962 ’ἶ
3112 2913 3218 2964 Aut
3241 2911 3519 2979 quomodo
3547 2913 3626 2966 si-

374 3000 480 3068 γὰρ
509 2994 596 3068 ἦν.
645 2999 817 3062 Ἐπεὶ,
854 2999 949 3051 καὶ
979 2997 1208 3068 ηὔξησε,
1260 2997 1355 3051 καὶ
1399 2997 1651 3067 ἐϐήλασε,
1689 2998 1779 3050 καὶ
1819 2997 1938 3050 ἐδά-

2055 3007 2178 3060 mile
2211 3007 2284 3060 sit
2312 3005 2458 3074 quod
2495 3003 2660 3056 habet
2692 3003 2932 3066 initium,
2961 3002 3012 3056 ei
3044 3001 3190 3072 quod
3239 3004 3512 3072 principio
3537 3019 3624 3059 ca-

377 3108 565 3161 κρυσε,
603 3093 694 3143 καὶ
740 3092 1016 3160 ὴγωνίασε
1062 3091 1209 3160 νόμῳ
1258 3091 1354 3160 τῆς
1389 3090 1660 3161 ἡμετέρας
1705 3089 1941 3157 φύσεως.

375 3183 448 3234 Οὐ
494 3181 601 3250 γὰρ
647 3183 922 3252 ἠρνήσατο
964 3185 1032 3235 τὰ
1077 3177 1174 3252 τῆς
1206 3181 1418 3250 φύσεως
1448 3182 1601 3251 ἡμῶν
1643 3181 1945 3251 ἀδιάϐλητα

376 3275 521 3344 πάθη
547 3273 847 3344 σαρκωϐεὶς
886 3273 913 3324 ὁ
951 3272 1084 3334 Θεὸς
1115 3272 1307 3340 Λόγος·
1341 3273 1464 3324 ἐπεὶ
1507 3271 1612 3340 ἄρα
1647 3271 1816 3340 αὐτὴν
1844 3270 1948 3340 πρὸ

375 3366 580 3417 τούτων
607 3365 903 3434 ἠρνήσατο.
947 3365 1058 3432 Οὐχ
1113 3363 1272 3415 ὑπνοῖ
1320 3364 1377 3414 ἐν
1436 3361 1510 3432 τῷ
1545 3361 1710 3430 πλοίῳ
1744 3363 1772 3414 ό
1818 3360 1949 3422 Θεὸς

377 3459 568 3525 Λόγος·
603 3459 684 3510 Οὐ
711 3455 1000 3519 ηστάξει
1032 3455 1162 3524 γὰρ,
1187 3454 1329 3508 οὐδὲ
1364 3453 1628 3508 ὑπνὼσει
1655 3457 1687 3508 ὁ
1708 3452 1948 3522 φυλάσ-

373 3566 504 3605 σων
533 3551 641 3603 τὸν
695 3550 962 3616 Ἰσραήλ·
1007 3549 1119 3601 ἀλλ’
1152 3549 1310 3601 ὑπνοί
1365 3549 1397 3618 ἡ
1433 3547 1571 3617 σὰρξ
1615 3549 1646 3618 ή
1681 3547 1946 3617 ἡμετέρα,

375 3641 440 3710 ἢν
477 3637 760 3691 ἐνεδύσατο
789 3640 818 3690 ὁ
843 3638 938 3690 τοῦ
985 3637 1120 3690 Θεοῦ
1151 3637 1342 3704 Λόγος.
1374 3638 1446 3690 Οὐ
1487 3639 1668 3706 πεινᾷ,
1695 3639 1755 3689 οὺ
1785 3637 1952 3705 κοπιᾷ

376 3732 440 3783 ὲκ
471 3731 566 3799 τῆς
593 3729 900 3799 ὁδοιπορίας
935 3731 965 3800 ἡ
999 3729 1116 3782 θεία
1152 3729 1334 3797 φύσις,
1373 3729 1447 3791 ὡς
1492 3728 1720 3792 Ἡσαΐας
1763 3729 1946 3799 φησίν·

389 3819 442 3873 '0
483 3821 628 3886 Θεὸς
670 3823 700 3874 ὁ
721 3819 910 3890 μέγας
936 3819 1034 3872 καὶ
1082 3819 1353 3888 ἰσχυρὸς,
1383 3821 1453 3872 οὐ
1481 3819 1776 3884 πεινάσει,
1808 3819 1952 3874 οὐδὲ

377 3911 676 3966 κοπιάσει.
710 3913 832 3974 Πῶς
869 3908 962 3964 οὖν
992 3913 1189 3982 πεινᾷ;
1227 3912 1396 3982 Σαρκὶ
1424 3915 1489 3980 τῇ
1519 3909 1576 3974 ἐξ
1618 3911 1795 3980 ἡμῶν.
1829 3911 1951 3976 Πῶς

379 4001 574 4072 πάσχει
597 4019 612 4066 ;
636 4001 809 4072 Σαρκὶ
838 4003 904 4070 τῇ
935 4001 994 4064 ἐξ
1027 3999 1204 4068 ἡμῶν.
1239 4000 1362 4062 Πῶς
1393 3997 1617 4070 δακρύει
1645 4015 1660 4064 ;
1697 4000 1869 4070 Σαρκι
1884 4003 1948 4072 τῇ

377 4091 438 4154 ἐξ
475 4090 652 4160 ἡμῶν.
709 4090 830 4152 Πῶς
869 4087 1213 4158 ἐθανατώοης
1266 4089 1468 4158 Σαρκί·
1509 4089 1850 4152 ζωοποιεῖται
1895 4090 1951 4142 δὲ

380 4181 669 4251 πνεύματι.
705 4179 828 4242 Πῶς
860 4181 964 4249 γῆν
999 4180 1242 4246 calebat;
1277 4179 1500 4248 Θεότητι
1531 4183 1594 4252 τῇ
1629 4183 1690 4232 ὲκ
1719 4182 1948 4252 Πατρός.

381 4277 501 4337 Πῶς
531 4276 620 4326 τὸν
651 4275 780 4344 ᾅδην
829 4275 987 4326 πατεῖ
1015 4291 1028 4338 ;
1059 4273 1302 4341 Θεόττετι,
1341 4274 1441 4324 οὐκ
1501 4269 1560 4334 ἐξ
1604 4271 1778 4342 ἡμῶν.
1829 4273 1952 4336 Πῶς

2054 3097 2178 3152 ret?
2223 3097 2433 3150 Idcirco
2473 3095 2636 3150 etiam
2687 3094 2840 3148 vides
2883 3094 3047 3148 hodie
3093 3093 3240 3162 pullo
3275 3095 3622 3158 insidentem,

2051 3191 2147 3244 sed
2205 3197 2264 3242 ut
2319 3187 2616 3240 hominem.
2668 3185 2877 3254 Duplex
2936 3186 3140 3253 quippe
3195 3193 3331 3239 erat.
3391 3185 3524 3240 Nam
3567 3197 3626 3240 et

2049 3280 2244 3342 crevit,
2269 3287 2324 3332 et
2361 3278 2508 3332 suxit
2543 3277 2732 3338 ubera,
2763 3285 2818 3330 et
2846 3275 3015 3338 ﬂevit,
3049 3281 3104 3328 et
3133 3283 3217 3329 est
3241 3275 3622 3336 contristatus,

2053 3385 2156 3440 pro
2183 3370 2391 3424 ratione
2431 3376 2642 3422 naturae
2685 3377 2910 3422 nostrae.
2959 3365 3080 3420 Non
3118 3365 3268 3420 enim
3311 3367 3626 3420 incarnatus

2053 3463 2199 3518 Deus
2223 3461 2460 3517 Verbum
2487 3460 2792 3528 inculpatas
2819 3465 3030 3512 naturae
3055 3467 3258 3512 nostra;
3293 3459 3476 3512 renuit
3499 3474 3627 3528 pas-

2051 3553 2268 3616 siones;
2309 3550 2890 3624 alioqui(10)priorem
2941 3549 3054 3604 illis
3103 3549 3276 3616 ipsam
3315 3549 3622 3604 .renuisset.

2053 3641 2168 3696 Non
2195 3642 2400 3696 dormit
2424 3642 2478 3695 in
2507 3641 2726 3712 navigio
2747 3641 2890 3694 Deus
2913 3639 3152 3694 Verbum
3203 3639 3249 3672 “
3321 3656 3334 3692 :
3363 3639 3480 3694 Non
3503 3641 3627 3694 dor-

2055 3732 2258 3786 mitabit
2287 3731 2458 3794 enim,
2489 3747 2654 3798 neque
2687 3731 2931 3794 dormiet,
2964 3731 3054 3800 qui
3094 3731 3318 3784 custodit
3347 3731 3520 3786 Israel
3541 3733 3624 3797 “;

2053 3823 2146 3878 sed
2181 3823 2384 3877 dormit
2417 3839 2546 3878 caro
2580 3831 2791 3888 nostra,
2821 3837 2984 3891 quam
3019 3823 3116 3877 Dei
3151 3823 3394 3880 Verbum
3421 3825 3623 3902 induit,

2053 3913 2170 3968 Non
2196 3914 2390 3978 esurit,
2427 3929 2526 3968 nec
2567 3913 2773 3967 fatiscit
2813 3929 2878 3968 ex
2921 3913 3118 3968 itinere
3170 3914 3360 3971 divina
3399 3925 3620 3980 natura,

2055 4004 2514 4074 quemadmodum
2551 4005 2628 4060 ait
2673 4005 2882 4059 lsaias:
2927 4005 3064 4060 Deus
3105 4021 3330 4077 magnus
3355 4015 3404 4061 et
3451 4007 3622 4078 fortis.

2056 4110 2161 4148 non
2191 4096 2400 4158 esuriat,
2429 4110 2596 4165 neque
2623 4093 2882 4148 laborabit
2915 4096 2980 4148 ³⁵.
3011 4093 3296 4161 Quomodo
3332 4111 3466 4167 ergo
3491 4113 3624 4153 esu-

2057 4183 2166 4236 rit?
2195 4183 2392 4244 Carne,
2425 4199 2590 4253 quam
2619 4185 2854 4252 sumpsit
2885 4201 2954 4240 ex
2987 4185 3168 4240 nobis.
3205 4182 3494 4250 Quomodo
3521 4205 3622 4258 pa-

2058 4273 2230 4326 titur?
2259 4272 2434 4327 Carne
2465 4282 2675 4328 nostra.
2703 4274 2992 4340 Quomodo
3009 4275 3139 4332 ﬂet?
3166 4277 3417 4334 Humana
3433 4295 3619 4336 carne.

383 4383 563 4434 φησιν·
609 4366 756 4434 Ἐγὼ
786 4365 882 4418 καὶ
931 4369 961 4418 ό
1002 4365 1204 4432 Πατὴρ
1241 4364 1309 4416 ἓν
1337 4363 1560 4432 caper;
1599 4365 1640 4415 Τ
1645 4367 1675 4434 ﬁ
1713 4363 1821 4416 ἄνω
1849 4363 1946 4433 πρὸ

2054 4362 2338 4430 Quomodo
2387 4363 2493 4418 fuit
2533 4365 2791 4432 occisus?
2835 4365 3011 4422 Carne
3055 4383 3124 4422 ex
3169 4371 3330 4425 nobis
3361 4381 3620 4442 sumpta:

382 4458 586 4510 αἰώνων
606 4459 876 4526 γεννήσει.
901 4455 1046 4518 Πῶς,
1083 4455 1136 4506 '0
1162 4456 1360 4524 Πατὴρ
1377 4455 1592 4524 μείζων
1611 4457 1727 4524 μού
1749 4456 1877 4510 ἐστι
1931 4472 1949 4516 ;

383 4546 464 4614 Τῇ
495 4550 667 4611 κάτω,
703 4546 764 4598 ἐκ
801 4543 1076 4614 Παροὲνου
1105 4545 1377 4615 γεννήσει.
1409 4545 1556 4608 Πῶς,
1589 4545 1650 4596 '0
1678 4543 1952 4612 ἑωρακὼς

381 4633 506 4702 ἐμέο
537 4633 756 4702 ἑώρακε
805 4634 910 4686 τόν
961 4635 1222 4702 Πατέρα;
1251 4635 1329 4704 Τῇ
1361 4635 1601 4704 ἀκτίστῳ
1634 4634 1725 4686 τοῦ
1777 4636 1948 4700 Λόγου

383 4723 562 4792 φύσει.
603 4725 747 4788 Πῶς,
772 4728 854 4778 Οὐ
895 4725 1148 4793 δύναμαι
1185 4725 1374 4777 ποιεῖν
1419 4725 1519 4778 ἀπ’
1555 4725 1816 4792 ἐμαυτοῦ
1848 4727 1950 4777 οὺ-

483 4863 522 4893 “
571 4863 588 4917 1
625 4865 769 4917 Petr.
801 4881 878 4929 nl,
907 4865 991 4919 19.

387 4935 474 4986 ὃ).

1091 4865 1134 4896 δ’
1177 4866 1294 4919 Act.
1333 4882 1390 4930 ιι,
1421 4865 1508 4918 51.

1620 4867 1665 4896 ⁸³
1705 4866 1894 4920 Matth.
1925 4883 2040 4932 vm,
2068 4868 2157 4920 24.

2058 4471 2250 4522 verum
2296 4455 2498 4524 spiritu
2547 4457 2878 4514 viviticatur.
2933 4457 3219 4525 Quomodo
3259 4469 3462 4518 terram
3493 4479 3624 4519 con-

2058 4547 2227 4610 cutit?
2273 4547 2568 4604 Divinitate
2607 4564 2770 4617 quam
2819 4549 2984 4604 habet
3029 4567 3060 4604 a
3109 4551 3286 4608 Patre.
3339 4553 3624 4619 Quomodo

2059 4635 2348 4689 conculcat
2395 4635 2638 4692 inferos?
2691 4639 3008 4700 Divinitate,
3063 4655 3174 4694 non
3223 4641 3462 4699 humana
3511 4647 3626 4698 vir-

2064 4734 2201 4778 tute.
2237 4725 2524 4791 Quomodo
2569 4729 2687 4782 ait:
2721 4729 2830 4799 Ego
2857 4739 2904 4782 et
2939 4729 3102 4784 Pater
3137 4748 3302 4788 unum
3338 4751 3518 4788 suanm
3541 4735 3628 4788 “2'

2255 4871 2300 4900 “
2339 4870 2481 4924 Psal.
2511 4885 2632 4932 cxx,
2665 4871 2718 4922 4.
2825 4873 2867 4902 ’⁸³
2911 4874 3013 4927 lsa.
3039 4890 3124 4940 χι,
3152 4875 3240 4932 9.8.
3299 4877 3342 4908 “
3385 4879 3538 4933 Joan.
3575 4893 3628 4940 κ,

1653 5029 1888 5114 ΫΑῘᾘΙΕ
1931 5029 2334 5086 LECTIUNES.

459 5139 484 5165 ιι
513 5125 722 5193 ”Ᾱγιον.
747 5122 920 5178 Oxon.
947 5123 1148 5178 ἔνθεον.
1227 5135 1250 5160 ν
1283 5125 1614 5194 Σωθήσεται.
1649 5123 1839 5180 Scribe
1873 5127 2220 5196 ἱσωθήσεται.

1921 5264 2154 5320 NOTAE.

461 5355 541 5428 (9)»
563 5353 756 5428 Omnes
771 5361 984 5428 peccato
1005 5355 1214 5408 obnoxii
1241 5364 1411 5428 erant.
1433 5355 1566 5428 Cum
1589 5357 1817 5428 Moyses,
1843 5369 1957 5413 tum

390 5426 674 5496 pmphetm
713 5425 826 5496 alii,
862 5425 1066 5496 quibus
1100 5433 1158 5478 ut
1191 5427 1555 5496 sanctioribus
1591 5425 1958 5496 reparationis

393 5494 594 5548 nostra;
611 5495 888 5563 negotium
911 5494 1202 5547 videbatur
1225 5495 1426 5549 debere
1456 5494 1749 5560 committi,
1781 5508 1841 5551 ut
1861 5500 1956 5552 ulli

393 5577 544 5637 pura;
595 5564 1104 5637 creaturae_ltiisset
1143 5565 1616 5637 committendum.
1677 5567 1956 5637 interpres

394 5648 500 5686 non
531 5634 670 5688 bene
693 5634 759 5686 ad
792 5633 1104 5701 redemptos
1131 5634 1316 5687 refert.
1348 5635 1579 5688 Conone.

2141 5360 2250 5430 (l0)
2275 5360 2484 5432 Alioqui
2532 5363 2762 5432 priorem
2793 5363 2901 5416 illis
2941 5380 3058 5418 eam
3087 5367 3360 5421 renuisset.
3398 5369 3630 5428 Pulchra

2067 5431 2419 5504 sententiain
2449 5431 2622 5504 novos
2653 5433 3026 5504 Eutychianos
3049 5435 3285 5491 humana
3315 5439 3636 5499 interimen-

2069 5509 2154 5576 tes
2179 5501 2234 5576 in
2273 5497 2494 5576 Christo
2526 5497 2777 5576 homine:
2803 5505 3076 5574 lnterpres
3119 5505 3305 5576 Cyrilli
3335 5525 3348 5562 :
3385 5497 3636 5575 Quando-

2065 5570 2276 5647 quidem
2328 5571 2498 5647 ipsam
2550 5581 2673 5624 ante
2700 5570 3064 5647 istasrcuuit;
3101 5570 3302 5647 quibus
3332 5570 3634 5642 absurdum

2064 5639 2136 5692 ab'
2153 5639 2382 5710 Eulogio
2413 5649 2775 5712 assumptum,
2801 5645 2923 5716 ejus
2943 5639 3212 5702 assertum
3239 5649 3386 5706 facit.
