4016 6208
440 280 581 347 2927

1456 248 1532 342 s.’
1558 280 1881 361 EULOGII
1922 279 2274 342 ARCHIEP.
2315 281 2693 345 ALEXAND.

3551 287 3699 352 2998

440 394 687 461 Superua
741 381 836 444 illa
889 384 1180 443 nativitate
1236 394 1367 443 ante
1412 388 1635 444 saecula.
1684 387 2003 454 Quomodo,

2116 386 2261 454 δένς
2294 388 2347 442 τι
2372 388 2466 443 οὖν
2491 406 2507 455 ;
2536 390 2798 452 ἀδύνατος
2844 388 2873 442 ό
2896 387 3068 459 Λόγος
3258 390 3361 445 κτὸν
3385 399 3410 428 ι
3441 393 3692 465 Πατέρα;

440 483 607 538 Pater
635 483 810 552 major
849 498 931 537 me
968 490 1046 536 est
1073 482 1155 536 "?
1196 480 1494 537 Nativitate
1546 479 1604 534 in
1642 479 2012 534 inferioribus

379 620 385 634 .
436 590 506 630 ex
556 574 797 645 Virgine.
844 572 1153 641 Quomodo,
1201 571 1304 639 Qui
1348 573 1475 627 vidit
1521 588 1622 638 me,
1656 572 1784 627 vidit
1818 579 1866 624 et
1903 570 2010 625 Pa-

438 679 574 722 trem
618 666 713 720 "‘l
755 666 1004 722 Increata
1042 665 1209 721 Verbi
1262 674 1482 720 natura.
1527 662 1837 730 Quomodo,
1891 662 2011 717 Non

381 804 387 815 .
439 772 649 827 possum
678 755 850 825 facem
864 754 1152 824 quidquam
1178 770 1211 807 a
1244 751 1547 822 memetipso
1569 750 1654 803 "?
1675 748 1818 815 Quid
1843 748 2012 817 ergo?

438 848 679 903 Verbum
704 862 774 901 ne
802 832 1008 900 minori
1030 859 1138 915 pra:
1164 844 1325 899 Patre
1361 842 1605 913 potentia
1643 841 1767 897 est?
1809 839 2011 895 Procul

436 939 510 992 sit
533 937 735 992 Ariana
783 936 875 990 illa
916 935 1157 990 vesania.
1206 932 1348 1001 Quid
1374 941 1459 989 est
1493 931 1639 1003 quod
1668 931 1805 986 dicit
1835 948 1851 985 :
1886 928 2012 985 Cla-

435 1031 587 1099 riﬁca
618 1043 720 1093 me,
756 1026 919 1081 Pater
935 1027 1021 1080 ὀἳ
1062 1025 1279 1096 Corpus
1301 1024 1487 1081 Verbi.
1513 1021 1649 1089 Quis
1673 1021 1806 1077 dicit
1841 1038 1854 1074 :
1895 1020 2010 1091 Ego

432 1124 490 1177 in
517 1120 700 1184 Patre,
736 1129 783 1172 et
822 1118 983 1172 Pater
1021 1119 1078 1171 in
1107 1134 1190 1171 me
1221 1126 1296 1171 est
1327 1116 1418 1169 “?
1460 1114 1702 1170 Verbum
1736 1112 1880 1183 quod
1922 1122 2010 1167 est

434 1214 492 1268 in
518 1227 767 1283 corpore.
813 1209 1100 1277 Quomodo
1136 1210 1214 1264 ait
1257 1227 1270 1262 :
1315 1208 1532 1263 Patrem
1579 1221 1770 1268 meum,
1806 1212 1855 1258 et
1894 1204 2007 1259 Pa-

436 1315 570 1359 trem
595 1312 823 1358 vestrum
850 1302 940 1356 “?
968 1303 1130 1356 Pater
1158 1300 1383 1370 quidem
1424 1300 1585 1353 Pater
1615 1306 1719 1361 est,
1748 1311 1859 1349 non
1882 1311 2006 1350 car-

432 1398 542 1460 nis,
597 1395 691 1450 sed
744 1395 839 1449 Dei
888 1393 1055 1449 Verbi
1101 1392 1248 1460 quod
1279 1399 1364 1446 est
1396 1406 1467 1444 ex
1508 1391 1647 1459 ipso.
1695 1388 2005 1455 Quomodo,

436 1489 602 1541 Deum
661 1501 854 1550 meum,
909 1492 957 1538 et
1014 1483 1179 1537 Deum
1230 1481 1498 1536 vestrum?
1554 1481 1700 1535 Deus
1743 1489 1848 1541 est.
1895 1494 2005 1533 non

434 1579 622 1633 Verbi.
673 1575 957 1643 Quomodo
997 1574 1145 1629 enim
1194 1575 1339 1627 Deus
1376 1574 1601 1627 exsistat
1639 1570 1869 1640 aequalis
1898 1568 2005 1624 sibi

431 1669 566 1723 Dei?
588 1668 680 1722 sed
709 1668 852 1721 Deus
874 1666 1022 1719 illius
1046 1681 1167 1735 qua:
1190 1674 1275 1719 est
1302 1664 1356 1717 in
1384 1663 1583 1723 Verbo.
1615 1662 1807 1716 forma:
1830 1662 2001 1715 servi.

2115 480 2297 548 ἄπαγε
2328 484 2426 551 τῆς
2464 481 2807 552 Ἀρειανικῆς
2839 481 3294 552 φρενοϐλαϐείαςι
3330 483 3395 535 Tl
3433 483 3493 537 τὸ
3514 484 3694 553 λέγον·

2116 576 2392 640 Δόξασόν
2410 593 2511 645 με,
2558 576 2789 644 Πάτερ;
2820 578 2894 631 Τὸ
2938 577 3096 648 σῶμα
3136 576 3231 630 τοῦ
3276 577 3473 645 Λόγου.
3526 578 3623 640 Τίς
3668 580 3698 632 ό

2112 668 2307 735 λέγων·
2354 668 2501 738 Ἐγὼ
2531 669 2600 722 ἐν
2632 667 2714 735 τῷ
2746 670 2951 737 "arpi,
2984 670 3083 722 καὶ
3124 672 3157 722 ὀ
3186 669 3387 737 Πατὴρ
3418 670 3486 722 ἐν
3521 668 3657 737 ἐμοί
3667 679 3691 727 ἱ

2124 758 2183 814 Ὀ
2202 763 2259 813 ὲν
2280 758 2356 830 τῷ
2374 759 2585 831 σώματι
2606 760 2797 828 Λόγος.
2834 761 2979 825 Πῶς,
3010 761 3240 830 Πατέρα
3259 778 3401 829 μου,
3443 761 3536 813 καὶ
3571 764 3691 814 Πα-

2113 850 2256 919 τέρα
2306 850 2514 922 (mror;
2555 851 2745 921 Πατὴρ
2792 851 2892 921 μὲν
2938 854 2967 905 ό
3001 852 3211 920 Πατὴρ,
3238 852 3298 905 οὐ
3332 852 3429 921 τῆς
3466 852 3683 920 σαρχδς,

2112 942 2247 997 ἀλλὰ
2285 943 2380 997 τοῦ
2410 944 2470 1008 ἐξ
2500 944 2666 998 αὐτοῦ
2688 945 2821 998 Θεοῦ
2846 944 3040 1013 Λόγου.
3078 945 3228 998 Θεόν
3243 961 3384 1013 μου,
3421 945 3514 996 καὶ
3542 943 3689 997 Θεὸν

2109 1033 2313 1103 ὑμῶν;
2345 1033 2497 1097 Θεὸς,
2523 1035 2581 1087 οὐ
2605 1033 2698 1087 τοῦ
2722 1035 2919 1101 Λόγοψ
2964 1033 3082 1096 πῶς
3114 1033 3224 1103 γὰρ
3258 1033 3409 1085 ἔσται
3434 1032 3529 1085 τοῦ
3572 1034 3687 1085 ἴσου

2115 1123 2285 1186 αὑτοῦ
2335 1124 2471 1177 Θεοῦ
2512 1125 2674 1189 Θεός;
2710 1124 2843 1178 ἀλλὰ
2870 1123 3002 1184 Θεδς
3030 1123 3128 1192 τῆς
3161 1124 3216 1174 ὲν
3245 1122 3324 1191 τῷ
3359 1123 3518 1192 Λόγῳ
3553 1140 3688 1191 μορ·-

2112 1216 2221 1284 φῆς
2248 1214 2343 1269 τοῦ
2386 1215 2597 1270 δούλου.
2640 1215 2758 1283 Πρὸ
2795 1215 2903 1268 τοῦ
2947 1212 3191 1282 Ἀϐραὰμ
3239 1212 3539 1281 γενέσθαι,
3576 1212 3693 1281 ἐγώ

2109 1309 2224 1376 εἶμι
2248 1323 2266 1369 ;
2303 1307 2361 1359 Ὀ
2383 1309 2440 1360 ἐν
2461 1309 2527 1377 τῇ
2567 1308 2729 1376 σαρκὶ
2763 1306 2896 1370 Θεὸς
2920 1306 3111 1373 Λόγος.
3141 1306 3356 1371 Κύριος
3382 1300 3513 1356 εἶπε
3542 1304 3692 1370 πρός

2110 1415 2202 1463 με*
2253 1398 2389 1463 Υἱός
2414 1414 2535 1465 μου
2560 1393 2614 1449 εἷ
2635 1397 2738 1461 σὺ,
2770 1396 2884 1466 ἐγὼ
2911 1397 3178 1466 σήμερον
3208 1395 3541 1466 γεγέννηκὰ
3576 1410 3686 1458 σες

2109 1489 2187 1557 Τῇ
2216 1490 2515 1559 προσφάτῳ
2549 1488 2642 1542 τοῦ
2672 1490 2847 1556 Λόγου
2872 1489 3165 1558 σαρκώσει.
3199 1489 3272 1541 Οὐ
3299 1492 3409 1556 γὰρ
3439 1488 3595 1549 ἄλλος
3620 1483 3691 1558 ἦν

2105 1578 2135 1630 ὁ
2161 1578 2265 1647 πρὸ
2304 1579 2584 1647 ἐωσφόρου
2621 1580 2685 1631 ὲκ
2715 1579 2927 1649 [ἰατρὸς
2959 1578 3262 1648 γεννηθεὶς,
3307 1577 3404 1630 καὶ
3444 1576 3623 1639 ἄλλος,
3661 1579 3693 1629 ὁ

2108 1668 2168 1721 ὲν
2201 1668 2449 1737 Βηθλεὲμ
2481 1669 2545 1721 ὲκ
2585 1668 2791 1740 μητρὸς
2821 1668 3148 1739 σαρκωθεὶς.
3189 1668 3251 1720 El
3280 1667 3390 1736 γὰρ
3421 1668 3515 1720 καὶ
3543 1667 3692 1719 Παῦ-

430 1763 728 1828 Antequam
772 1756 1041 1810 Abraham
1064 1729 1263 1822 -ﬁeret,
1296 1769 1388 1823 ego
1416 1770 1531 1806 sum
1563 1752 1648 1805 II"3
1694 1753 1838 1807 Deus
1864 1751 2003 1805 Ver-

2107 1758 2198 1822 λος
2228 1729 2658 1829 ό’Σσιμιι›σ.·ιτε“ὺς⁷
2681 1729 2853 1813 satira
2889 1729 3257 1830 ⁸ιιτςιιριιιιιςνρονεί,
3291 1729 3406 1811 bit-)3
3445 1760 3507 1811 οὐ
3543 1758 3698 1811 Παῦ-

432 1854 562 1905 hum
602 1848 747 1920 quod
797 1858 884 1903 est
928 1847 983 1902 in
1034 1860 1221 1902 carne.
1282 1844 1539 1899 Dominus
1567 1845 1699 1898 dixit
1751 1844 1821 1897 ad
1869 1860 1951 1897 me
1983 1860 2002 1898 :

2109 1849 2197 1911 λος
2237 1852 2264 1903 ό
2308 1852 2554 1921 Ταρσεὺς
2606 1850 2780 1903 ταῦτα
2815 1850 3076 1907 νουθετεῖ.
3131 1850 3269 1904 Ἀλλ’
3302 1851 3389 1902 ὅτε
3440 1851 3539 1918 μὲν
3587 1851 3695 1917 τὴν

432 1943 597 1998 Filius
630 1960 773 1997 meus
798 1958 857 1996 es
887 1951 986 1995 tu:
1021 1956 1113 2010 ego
1141 1939 1292 1993 hodie
1326 1938 1481 2008 genui
1524 1946 1573 1990 te
1596 1936 1683 1989 “?
1728 1935 2002 1990 Nimirum

2112 1935 2206 1988 τοῦ
2241 1936 2376 1988 Θεοῦ
2413 1937 2625 2007 μορφὴν
2660 1939 2717 1990 ἐν
2746 1939 2814 2008 τῇ
2838 1936 2935 1990 τοῦ
2968 1937 3155 1990 δοιέλου
3195 1938 3374 2007 μορφῇ
3406 1936 3692 2005 σημαίνει.

430 2051 569 2089 nova
621 2032 998 2089 incarnatione
1038 2029 1201 2084 Verbi
1251 2045 1265 2082 :
1326 2044 1436 2083 non
1475 2028 1622 2082 enim
1671 2027 1812 2082 alius
1860 2036 2001 2092 erat,

2114 2027 2233 2099 βοᾷ’
2276 2030 2379 2094 “Oc
2406 2027 2494 2080 ὢν
2520 2029 2886 2100 ἀπαύγασμα
2932 2028 3044 2097 τῆς
3070 2029 3275 2097 δόξης·
3302 2032 3392 2082 ὅτε
3423 2029 3480 2081 δὲ
3515 2029 3687 2081 πάλιν

429 2127 522 2196 qui
559 2135 685 2181 ante
705 2125 994 2179 luciferum
1027 2137 1094 2175 ex
1124 2122 1286 2177 Patre
1314 2120 1532 2191 genitus
1558 2128 1643 2173 est
1660 2119 1726 2183 ⁸³,
1752 2119 2003 2189 aliusque

2110 2124 2210 2191 τῆς
2245 2123 2304 2174 ἐν
2360 2121 2437 2191 τῷ
2485 2123 2645 2192 Λόγῳ
2696 2122 2991 2191 ἑνωθεῑσης
3036 2123 3238 2192 σαρκὸς
3283 2121 3380 2190 τὴν
3418 2121 3697 2190 διαφορὰν

430 2218 525 2289 qui
557 2233 624 2272 ex
658 2224 830 2270 matre
858 2216 911 2269 in
943 2213 1262 2268 Bethlehem
1289 2212 1603 2266 incarnatus
1631 2220 1734 2265 est.
1761 2211 2000 2266 Tametsi

2113 2212 2389 2281 σημαίνει,
2419 2211 2586 2281 λέγει·
2637 2214 2700 2266 '0
2741 2212 2808 2266 δὲ
2838 2213 2980 2280 Θεὸς
3006 2212 3106 2266 καὶ
3132 2212 3235 2264 τὸν
3267 2214 3485 2279 Κύριον
3524 2210 3700 2280 ἤγει-

429 2309 575 2364 enim
622 2306 822 2361 Paulus
853 2300 1397 2359 Samosatcnsisluec
1449 2299 1689 2361 delirat;
1742 2296 1885 2351 haud
1922 2305 2002 2350 ta-

2107 2318 2248 2370 ρεν·
2295 2301 2381 2355 ἴνα
2432 2303 2755 2371 ἀμφοτέρων
2806 2303 2913 2356 τῶν
2959 2305 3016 2355 ὲν
3070 2301 3147 2370 τῷ
3189 2300 3399 2370 σώματι
3459 2301 3700 2371 μορφῶν

429 2417 557 2457 men
616 2399 818 2455 Paulus
865 2394 1153 2450 Tarsensis
1198 2393 1304 2446 ista
1351 2390 1515 2445 docet
1544 2409 1556 2443 :
1588 2389 1685 2443 sed
1731 2403 1856 2443 cum
1902 2386 1998 2442 Dei

2110 2391 2403 2457 ἀποδείξας
2449 2392 2548 2461 τὴν
2597 2394 2906 2461 διάγνωσιν,
2935 2393 3029 2445 καὶ
3065 2393 3320 2446 Μάνεντα.
3359 2391 3448 2443 τὸν
3476 2408 3698 2457 (puta-

425 2493 656 2549 formam
692 2491 746 2545 in
776 2487 917 2545 servi
949 2486 1123 2540 forma
1155 2484 1444 2554 signiﬁcat,
1474 2483 1672 2537 clamat
1703 2498 1716 2533 :
1755 2479 1855 2545 Qui
1880 2496 2000 2533 cum

2111 2483 2393 2553 σιομάχον,
2442 2486 2537 2539 καὶ
2566 2485 2780 2538 Παῦλον
2815 2484 2905 2537 τὸν
2957 2483 3438 2556 ἀνθρωπολάτρην,
3469 2482 3696 2545 Παῦλος

424 2588 494 2640 sit
521 2583 769 2655 splendor
794 2580 979 2652 gloria:
1012 2580 1058 2611 "
1090 2595 1103 2630 :
1140 2592 1374 2645 cumque
1399 2572 2000 2630 rursus-carnis'Verbo

2108 2575 2137 2627 ό
2172 2574 2464 2638 ἀπόστολος
2492 2575 2829 2647 καταϐάλλῃ.

429 2674 595 2728 unita:
633 2669 1002 2727 ditl‘erentiam
1045 2666 1316 2736 designat,
1363 2664 1442 2718 ait
1480 2678 1495 2717 :
1547 2663 1685 2715 Deus
1722 2666 1901 2715 autem
1941 2668 1992 2713 et
2027 2660 2312 2716 Dominum
2371 2667 2641 2719 suscitavit
2664 2667 2747 2731 ";
2781 2674 2840 2720 ut
2904 2664 3192 2733 utriusque
3223 2664 3411 2720 formae
3468 2666 3525 2719 in
3557 2679 3693 2719 eor-

428 2783 561 2838 pore
612 2766 910 2821 discrimen
953 2760 1270 2824 ostendens,
1331 2772 1457 2814 cum
1514 2755 1781 2811 Manetem
1841 2755 1996 2809 illum
2035 2759 2399 2813 oeconomiam
2445 2760 2733 2830 phantasia
2776 2760 3181 2817 discernentem
3248 2778 3313 2817 ac
3373 2760 3522 2816 inani
3551 2777 3693 2833 spe-

426 2860 531 2919 cie,
580 2867 694 2911 tum
740 2854 971 2910 Paulum
1018 2848 1408 2904 bominicolam
1460 2845 1662 2901 Paulus
1713 2846 1997 2917 apostolus
2034 2858 2367 2917 prosternat.

498 2949 589 3005 IX.
631 2948 712 3002 Tu
765 2961 897 3000 vero
931 2942 1065 3015 quid
1114 2942 1229 2998 ais?
1276 2940 1417 3009 Quid
1458 2938 1673 3004 statuis,
1706 2954 1846 2994 nove
1878 2938 1992 2993 Ma—

2176 2940 2254 2997 Θ’.
2304 2944 2375 2996 Σὺ
2421 2943 2479 2998 δὲ
2525 2945 2579 2998 τί
2612 2945 2832 3015 λέγεις;
2881 2946 2935 2999 τί
2963 2945 3291 3016 νομοθετεῖς,
3317 2944 3364 3005 ὦ
3397 2946 3483 2999 νέε
3506 2947 3694 3000 Μανι-

427 3043 635 3101 uieha‘e
672 3056 735 3097 ac
770 3056 908 3111 pure
951 3047 1193 3109 puteque
1234 3022 1385 3091 illius
1414 3035 1673 3089 defensor
1692 3031 2002 3088 amentiae?

2107 3036 2249 3105 χαῖε,
2284 3033 2381 3088 καὶ
2410 3035 2619 3108 καθαρὲ
2642 3038 2743 3108 τῆς
2779 3039 2990 3091 ὲκεῖνου
3025 3038 3223 3109 μανίας
3256 3038 3546 3109 ὑπέρμαχε
3571 3055 3587 3104 ;
3614 3040 3690 3092 οὐ

431 3140 551 3194 Non
586 3133 846 3191 concedis
889 3147 1108 3187 carnem
1137 3140 1388 3184 naturam
1421 3127 1733 3182 nominari?
1773 3128 1841 3180 At
1879 3124 2001 3179 Illic

2107 3125 2258 3189 δίδως
2303 3126 2365 3181 τδ
2395 3126 2687 3198 ὀνομάζειν
2744 3127 2844 3197 τὴν
2895 3128 3073 3199 σάρκα
3114 3128 3308 3197 φύσινς
3361 3128 3491 3186 ἀλλ’,
3527 3129 3696 3183 Ἐκεῖ

428 3228 658 3299 trepidas
706 3228 912 3289 timore,
970 3222 1056 3275 ubi
1105 3238 1210 3275 non
1255 3228 1372 3273 erat
1405 3221 1563 3273 timor
1595 3218 1661 3271 ⁸⁸.
1709 3217 1823 3271 Nec
1866 3230 1999 3270 vero

428 3322 716 3380 Dominum
738 3316 1020 3373 revereris
1043 3315 1099 3369 in
1124 3324 1368 3384 tempore
1386 3310 1657 3382 passionis
1681 3310 1955 3364 dicentem
1981 3325 1994 3361 :

428 3415 654 3486 Spiritus
671 3410 879 3479 quidem
906 3415 1178 3481 promptus
1195 3414 1292 3471 est,
1323 3420 1449 3459 caro
1474 3410 1650 3457 autem
1671 3401 1887 3470 inﬁrma
1913 3400 1998 3453 "‘l

427 3507 485 3563 Si
534 3509 827 3574 promptus,
859 3499 1137 3572 quomodo
1177 3494 1446 3566 inﬁrma?
1487 3494 1746 3562 Qumnam
1792 3491 1995 3547 Christi

428 3598 637 3653 formal
662 3593 839 3665 qualis
860 3606 988 3647 caro
1012 3588 1261 3645 inﬁrma?
1285 3587 1525 3644 Omnino
1549 3585 1640 3640 illa
1661 3583 1878 3645 Adami,
1899 3583 1995 3653 qui

427 3687 736 3742 inﬁrmatus
750 3692 855 3739 est.
885 3680 990 3749 Qui
1017 3694 1147 3735 vero
1171 3678 1335 3737 etiam
1366 3676 1561 3748 positis
1575 3675 1810 3746 genibus
1836 3673 1996 3729 orat?

424 3780 637 3850 Ergone
684 3774 925 3832 Verbum
970 3771 1264 3842 precatur?
1307 3767 1594 3834 Quomodo
1653 3775 1837 3821 autem
1868 3779 1993 3821 cum

424 3871 572 3931 Deus
601 3869 695 3933 sit,
729 3872 990 3937 precatur
1031 3863 1204 3919 Deum
1249 3879 1264 3916 :
1320 3860 1594 3931 siquidem
1639 3866 1725 3914 est
1769 3858 1995 3928 aequalis

422 3960 592 4022 Patri,
627 3956 710 4012 uti
744 3963 894 4011 certe
922 3953 1149 4023 aequalis
1183 3952 1303 4007 est?
1334 3951 1501 4006 Plane
1544 3958 1806 4020 precatur
1844 3948 1992 4003 haud

423 4052 649 4114 deitate,
674 4048 770 4103 sed
798 4063 906 4117 qua
948 4054 1032 4101 est
1076 4045 1263 4099 homo.
1294 4044 1429 4098 Nam
1474 4043 1678 4112 alioqui
1716 4041 1994 4111 quomodo

423 4141 600 4195 dicit:
633 4138 952 4195 Potestatem
977 4133 1139 4190 habeo
1179 4134 1402 4205 ponendi
1443 4133 1681 4186 animam
1715 4148 1908 4192 meam.
1943 4140 1993 4185 et

425 4239 731 4302 potestatem
756 4228 920 4282 habeo
939 4228 1131 4280 iterum
1158 4225 1396 4278 sumendi
1423 4240 1541 4278 eam
1564 4222 1645 4275 ιιι
1686 4222 1789 4288 Qui
1826 4221 1993 4277 habet

2104 3218 2330 3288 δειλιᾷς
2352 3218 2608 3289 φόόῳοῦ
2640 3224 2749 3276 οὐκ
2795 3216 2873 3292 ἦν
2916 3222 3123 3291 φόϐος.
3164 3221 3301 3274 Οὐδὲ
3338 3220 3431 3273 τὸν
3473 3222 3692 3273 Δεσπό-

2103 3328 2203 3382 την
2228 3314 2453 3383 ᾔδεισθα
2482 3323 2512 3363 1
2534 3315 2760 3382 λέγοντα
2794 3315 2852 3367 ἐν
2890 3314 2971 3384 τῷ
3008 3314 3185 3385 καιρῷ
3211 3312 3305 3367 τοῦ
3340 3312 3569 3376 πάθους
3604 3313 3687 3366 Τὸ

2098 3403 2216 3471 μὲν
2262 3405 2500 3473 πνεῦμα
2540 3408 2866 3475 πρόθυμον,
2914 3406 2952 3474 ἡ
2987 3406 3055 3459 δὲ
3087 3406 3242 3473 σὰρξ
3280 3404 3589 3470 ἀσθενήςς
3626 3407 3684 3459 ει

2102 3510 2183 3561 πρ
2221 3495 2406 3565 θυμος
2430 3537 2444 3559 ,
2486 3497 2603 3559 πῶς
2636 3497 2903 3566 ἀσθενής
2925 3514 2946 3563 ;
2984 3498 3112 3550 ποία
3168 3496 3406 3566 Χριστοῦ
3455 3499 3681 3566 μορφῆς

2100 3582 2231 3637 ποία
2285 3586 2423 3655 σὰρξ
2455 3588 2725 3659 ἀσθενήςς
2781 3589 2999 3650 πάντως
3047 3590 3080 3659 ἡ
3130 3587 3225 3640 τοῦ
3278 3587 3685 3657 ἀσθενήσαντος

2113 3676 2462 3747 Ἀδάμ.”Πῶς
2489 3679 2545 3731 δὲ
2578 3682 2675 3732 καὶ
2715 3679 2910 3733 κλίνων
2935 3681 3002 3733 τὰ
3034 3679 3233 3747 γόνατα
3278 3680 3679 3749 προσεύχεται;

2100 3762 2253 3836 ἆραό
2273 3767 2446 3833 Λόγος
2472 3766 2689 3836 εὔχεται
2713 3785 2728 3835 ;
2762 3771 2855 3822 καὶ
2871 3769 2992 3830 ⁸πῶς
3013 3769 3148 3833 Θεὸς
3174 3769 3270 3834 ὢν,
3295 3768 3427 3821 Θεοῦ
3451 3768 3677 3833 Géatat;

2099 3861 2275 3930 εἰμὲν
2313 3859 2408 3914 οὖν
2439 3863 2553 3925 ῐσος
2582 3861 2659 3932 τῷ
2690 3863 2886 3933 Πατρὶ,
2922 3862 3110 3933 ὥσπερ
3152 3864 3246 3916 καὶ
3281 3864 3412 3927 ῐσοςο
3464 3864 3525 3915 οὐ
3558 3862 3681 3915 θεός

2098 3965 2222 4020 τητι
2260 3950 2499 4019 εῦχεται,
2552 3950 2668 4004 ἀλλ’
2720 3951 2796 4014 ὡς
2829 3951 3134 4021 ἄνθρωπος.
3181 3952 3508 4016 Ἐξουσίαν
3555 3951 3681 4020 ἔχω

2099 4042 2285 4095 θεῖναι
2318 4041 2433 4109 τὴν
2462 4043 2675 4111 ψυχήν
2698 4060 2840 4112 μου,
2882 4043 2979 4097 καὶ
3007 4044 3301 4108 ἐξουσίαν
3331 4044 3448 4111 ἔχω
3486 4043 3681 4096 πάλιν

2098 4134 2307 4188 λαϐεῖν
2335 4134 2569 4202 «amr,-
2603 4137 2631 4187 ό
2666 4134 2915 4200 ἐξουσίαν
2951 4133 3109 4204 ἔχων,
3165 4134 3283 4197 πῶς
3320 4134 3484 4190 ἄλλου
3534 4136 3677 4205 πρὶς

2102 4224 2351 4295 βοήθειαν
2380 4226 2593 4291 δέεταις
2634 4227 2661 4279 ό
2714 4224 2907 4293 λέγων·
2943 4228 3181 4280 Λύσατε
3218 4226 3325 4279 τὸν
3352 4227 3508 4277 ναὸν
3532 4225 3677 4279 τοῖι-

424 4328 789 4388 potestatem,
847 4314 1125 4384 quomodo
1178 4313 1410 4368 alterius
1464 4313 1668 4367 auxilio
1738 4310 1992 4380 indiget?

2107 4332 2221 4371 τογ’
2259 4318 2425 4388 ἤγουν
2473 4318 2571 4388 τὴν
2600 4314 2795 4372 ἑαυτοῦ
2833 4320 3034 4388 σάρκα·
3068 4318 3168 4371 καὶ
3192 4318 3262 4370 ἐν
3293 4317 3493 4384 τρισὶν
3520 4317 3675 4386 ἠμέ-

423 4410 528 4475 Qui
582 4402 718 4461 dicit
768 4424 781 4459 :
844 4403 1038 4460 Solvite
1088 4403 1338 4473 templum
1376 4404 1470 4457 hoc
1508 4420 1527 4457 :
1570 4402 1627 4456 id
1672 4411 1774 4465 est,
1836 4417 1993 4457 suam

2107 4422 2223 4472 οαις
2256 4407 2441 4476 ἐγερῶ
2491 4410 2707 4464 αὐτόν’
2756 4409 2895 4474 πῶς,
2924 4403 2969 4461 ὦ
2998 4407 3251 4477 θεομάχε,
3283 4409 3375 4460 τὸν
3394 4407 3534 4460 ’ναὸν
3578 4408 3677 4460 τὸν

425 4496 601 4568 ipsius
632 4509 852 4549 carnem
883 4512 898 4547 :
939 4502 988 4547 et
1018 4495 1074 4547 in
1102 4492 1276 4547 triduo
1306 4491 1541 4546 excitabo
1577 4490 1714 4545 illud
1737 4492 1779 4523 “
1798 4532 1814 4557 ,
1861 4507 1997 4563 quo-

2107 4497 2289 4551 ἑαυτοῦ
2335 4501 2585 4571 ἐγείρων,
2632 4500 2728 4552 σὺν
2763 4498 2840 4570 τῷ
2863 4499 2976 4569 ναῷ
3024 4498 3250 4563 λύεταις
3280 4500 3328 4550 εἰ
3364 4498 3474 4566 γὰρ
3508 4498 3678 4562 αὐτὸς

424 4585 609 4651 modo,
638 4600 675 4641 o
694 4584 916 4641 deitatis
938 4593 1300 4656 oppugnator,
1323 4585 1417 4654 qui
1443 4583 1705 4653 templum
1723 4598 1884 4638 suum
1903 4599 1995 4639 ex-

2107 4588 2333 4654 λέλυται,
2369 4589 2484 4642 ἀλλ’
2516 4591 2579 4643 οὐ
2621 4590 2837 4652 πάντως
2874 4590 2967 4642 τοῦ
3014 4589 3319 4660 ἐγείροντος
3362 4588 3574 4652 distat;
3606 4591 3674 4642 σὺ

326 4690 329 4693 ‘
423 4679 578 4742 citat,
610 4692 737 4732 cum
778 4675 984 4746 templo
1032 4675 1298 4731 solvitur?
1345 4673 1404 4730 Si
1441 4672 1663 4744 quidem
1697 4675 1846 4728 enim
1881 4675 1997 4745 ipse

2107 4678 2202 4747 μὲν
2226 4681 2332 4751 γὰρ
2360 4681 2618 4751 φοϐῆσαι,
2649 4681 2723 4745 ὼς
2750 4682 2946 4746 δοκεῖς,
2977 4680 3052 4752 μὴ
3090 4681 3250 4752 σῶμα
3283 4679 3417 4734 Θεοῦ
3454 4680 3677 4736 ἁκούων

425 4770 639 4828 solutus
662 4777 747 4826 est
762 4768 902 4843 (11),
936 4767 1165 4825 omnino
1189 4776 1311 4839 eget
1337 4766 1648 4823 excitante?
1672 4765 1753 4821 Tu
1772 4764 1995 4837 quidem

2107 4767 2275 4823 παθόν
2308 4786 2383 4835 τι,
2410 4771 2554 4844 ψιλῷ
2591 4771 2849 4842 κτίσματι
2895 4773 3278 4843 προσκυνήσῃς
3316 4773 3412 4825 καὶ
3474 4788 3671 4823 κοινω-

496 4930 538 4959 "
571 4928 727 4985 Joan.
762 4943 869 4989 xxv,
906 4926 996 4982 98.
1084 4924 1131 4957 "'
1174 4925 1307 4981 ibid.
1338 4926 1390 4979 9.
1468 4926 1510 4957 "
1536 4925 1694 4981 'Joan.
1733 4942 1784 4990 v,
1833 4926 1917 4980 19.

426 5001 469 5029 ’θ
506 4997 666 5051 Joan.
716 5012 830 5061 Vill,
868 4996 956 5049 58.
1033 4994 1078 5028 ⁸⁸
1116 4994 1257 5049 Psal.
1291 5010 1347 5060 η,
1392 4994 1443 5047 7.
1554 4996 1601 5027 "
1640 4995 1782 5049 Psal.
1835 5012 1941 5060 ent,
1974 4996 2027 5049 ὅ.

425 5072 470 5102 ⁵*
505 5066 693 5122 Matth.
727 5082 870 5133 xxvn,
901 5066 986 5123 41.
1064 5066 1107 5096 ⁶⁶
1144 5062 1300 5121 Joan.
1326 5082 1378 5133 χ,
1408 5065 1493 5120 18.
1569 5066 1611 5098 ⁶¹
1650 5064 1805 5121 JOan.
1845 5082 1900 5131 ιι,
1935 5065 2025 5122 19.

1697 5212 1933 5269 VARUE
1969 5214 2374 5274 LECTIONES.

504 5325 527 5353 ⁸
564 5312 719 5382 Παρὰ
744 5313 855 5365 τόν.
888 5312 1065 5366 Oxon.
1101 5310 1233 5381 πρὸς
1260 5310 1370 5364 τόν.
1445 5320 1474 5359 1
1497 5310 1783 5384 ’ῌδιισθα.
1812 5309 1987 5367 Oxon.
2016 5313 2258 5383 αῑδῆσαι.

1618 5424 1629 5432 ί
1936 5400 2167 5457 NOTAE.

505 5493 614 5560 (-ll)
643 5491 761 5562 Ipse
784 5491 984 5546 solutus
1015 5500 1111 5563 est.
1154 5490 1322 5563 Αὐτὸς
1351 5491 1672 5563 όὲγεςρωνζ
1706 5489 1798 5561 qui
1826 5489 1993 5563 habet
2089 5489 2207 5563 τοῦ,
2248 5489 2422 5563 ama:
2472 5489 2883 5563 restitutoﬂdpa
2910 5490 3338 5563 interrogative,
3381 5503 3510 5543 eum
3560 5504 3668 5563 quo

428 5558 713 5617 excitare:
755 5576 865 5615 non
902 5563 1061 5622 αὐτὸς
1090 5560 1118 5612 ό
1160 5560 1283 5622 ναός
1309 5576 1322 5589 ·
1356 5558 1622 5630 templum
1661 5558 1868 5629 ipsum;
1914 5558 1994 5615 uti
2094 5560 2242 5630 clara
2276 5559 2503 5613 omnino
2552 5575 2617 5614 ac
2661 5558 2834 5613 solida
2860 5558 3341 5630 procediﬁCyrilli
3370 5564 3533 5612 ratio.
3572 5558 3668 5613 \ol

432 5631 572 5712 male
601 5630 773 5684 refert
809 5632 1078 5699 interpres
1107 5630 1315 5712 pyrilli.
1354 5624 1489 5712 Levi
1518 5624 1823 5710 mutatione
1854 5624 1995 5712 cras:
2096 5628 2214 5684 sine
2240 5631 2674 5701 interrogatione
2704 5624 2938 5700 legendo
2956 5630 3065 5698 ἂρα
3087 5624 3215 5682 οὗνῖ
3239 5627 3436 5684 eodem
3476 5642 3664 5683 sensu.

431 5700 712 5759 sissimum
743 5714 988 5754 errorem
1007 5699 1192 5754 verbis
1207 5701 1570 5769 sequentibus
1586 5699 1853 5770 corrigas,
1878 5702 1999 5754 avri.

2016 4926 2061 4958 '°
2099 4924 2261 4981 10am
2294 4942 2423 4991 xvn,
2461 4929 2516 4984 5.
2593 4930 2636 4961 "
2676 4930 2834 4985 Joan.
2886 4930 3091 4989 3mm.
3170 4931 3216 4961 "
3251 4930 3407 4984 Joan.
3448 4945 3540 4989 xx,
3580 4930 3672 4985 17.

2128 4996 2174 5026 ⁸⁸
2213 4995 2379 5052 Hebr.
2400 5015 2445 5063 ι,
2478 5003 2533 5057 5.
2610 5000 2654 5034 "
2696 4999 2716 5054 l
2758 4997 2884 5055 Cor.
2926 5014 2994 5065 ιι,
3030 5000 3113 5054 ιι.
3186 5002 3229 5033 ³⁸
3264 5000 3406 5055 Psal.
3444 5016 3560 5064 xui,
3613 5001 3668 5056 5.
