4016 6208
311 311 452 376 9929

1376 326 1632 386 SERMO
1671 326 1749 384 IN
1792 326 2047 386 RAMOS
2090 329 2536 392 PALMARUM.

3430 339 3577 401 2930

311 425 502 498 νῆστις
544 424 656 495 ἐγὼ
702 426 758 480 δὲ
792 430 951 482 τοῦτο
984 431 1188 502 τρέμω,
1223 434 1296 506 μὴ
1343 435 1574 506 θεότητα
1610 439 1886 492 παθοῦσαν

1999 450 2245 496 metuere
2263 442 2493 509 videris,
2526 459 2593 497 ne
2618 459 2740 498 cum
2777 445 2872 500 Dei
2905 461 3104 518 corpus
3128 463 3346 518 passum
3371 451 3575 520 aliquid

310 517 407 570 καὶ
440 517 705 571 θανοῦσαν
735 518 894 585 almo,
922 525 1012 575 καὶ
1039 525 1098 575 τὸ
1129 526 1237 577 πᾶν
1259 527 1354 596 τῆς
1382 529 1614 598 Τριάδος
1637 530 1894 601 ἀτιμάσω

312 609 636 679 μυστήριον.
686 609 748 661 Εἰ
781 611 879 680 μὲν
911 613 1020 683 γὰρ
1050 617 1076 667 6
1109 615 1282 684 Λόγος
1311 617 1532 684 ἔπαθεν,
1560 621 1588 672 6
1617 621 1673 674 δὲ
1705 622 1894 693 Πατὴρ

306 702 558 766 ἀπαθοῦς
590 705 707 756 ἐστι
761 705 997 773 φύσεως,
1032 715 1250 772 πάντως
1299 713 1434 784 ἄλλη
1483 711 1550 785 ἦν
1592 718 1750 771 οὐσία
1798 717 1892 772 τοῦ

307 793 509 862 Λόγου,
543 796 639 849 καὶ
670 795 802 867 ἄλλη
835 801 867 868 ἡ
900 799 992 852 τοῦ
1019 802 1156 854 Θεοῦ
1200 805 1431 873 Πατρός.
1474 809 1583 860 Καὶ
1615 809 1667 861 τί
1708 809 1894 864 λοιπὸν

320 885 623 956 Ἀρειανοῖς
657 889 923 958 μάχεσθαι
952 892 1041 944 διὰ
1067 893 1252 960 τοῦτο;
1281 897 1327 947 εἰ
1359 897 1416 949 δὲ
1450 898 1547 967 μία
1593 901 1751 954 οὐσία
1784 903 1895 954 II:-

305 977 461 1047 τρὸς,
517 979 610 1031 καὶ
668 980 759 1033 τοῦ
829 983 1027 1047 Λόγου,
1083 987 1174 1038 καὶ
1213 986 1307 1038 τοῦ
1348 989 1506 1056 ἀγίου
1551 991 1890 1062 Πνεύματος,

306 1066 479 1120 ἔπαθε
514 1068 571 1121 δὲ
600 1071 626 1121 6
653 1070 746 1123 τοῦ
779 1071 914 1125 Θεοῦ
943 1075 1114 1142 Λόγος
1159 1077 1218 1129 ἐν
1253 1081 1437 1150 σαρκὶ,
1477 1081 1726 1154 παθητῆς
1761 1086 1891 1138 πάν-

305 1177 416 1222 τως
440 1161 631 1225 οὐσίας
661 1164 754 1215 καὶ
785 1163 1006 1236 θνητῆς,
1039 1171 1130 1220 καὶ
1161 1171 1188 1220 ὀ
1213 1172 1424 1243 Πατὴρ,
1459 1174 1636 1228 καὶτὸ
1672 1177 1894 1243 Πνεῦμα

304 1251 368 1304 τὸ
402 1252 580 1321 ἅγιον.
617 1255 678 1307 Ei
701 1255 810 1326 γὰρ
846 1259 1152 1330 συνέπασχε
1183 1265 1247 1332 τῇ
1282 1264 1447 1334 σαρκὶ
1478 1267 1505 1318 6
1534 1267 1728 1332 Λόγος,
1762 1270 1894 1322 πάν-

305 1363 414 1408 τως
453 1345 549 1398 καὶ
586 1349 934 1420 συντέθνηκε.
983 1353 1092 1404 Καὶ
1147 1355 1194 1406 εί
1248 1356 1594 1428 συντέθνηκε,
1645 1360 1763 1424 πῶς
1803 1362 1893 1414 τὸν

303 1437 445 1508 ᾅδην
475 1439 767 1493 ὲσκύλευσε
791 1457 804 1504 ;
833 1441 948 1504 πῶς
966 1443 1089 1506 τοὺς
1109 1446 1335 1512 νεκροὺς
1365 1448 1661 1522 ἀνέστησεν
1687 1469 1700 1517 ;
1733 1453 1891 1523 εύρε-

302 1529 536 1599 θήσεται
568 1530 624 1582 δὲ
659 1531 752 1584 καὶ
781 1531 955 1585 θανὼν
1004 1537 1291 1605 χωρισθεὶς
1323 1540 1536 1602 πάντως
1565 1539 1658 1593 τοῦ
1690 1541 1892 1608 ζῶντος

302 1624 545 1692 Πατρός.
575 1625 685 1677 Καὶ
716 1626 764 1677 εἰ
793 1625 970 1691 τοῦτο,
993 1629 1092 1680 οὐκ
1118 1629 1195 1682 ἔτι
1222 1630 1407 1685 λοιπὸν
1438 1635 1608 1704 Τριὰς
1638 1637 1695 1688 ὲν
1726 1637 1890 1707 ούρα-

301 1714 378 1784 νῷ
423 1714 568 1768 κατὰ
599 1717 689 1768 τὸν
727 1717 824 1770 τοῦ
859 1718 1064 1782 πάθους
1087 1723 1299 1790 καιρὸν,
1327 1724 1459 1777 ἀλλά
1497 1726 1650 1791 δυὰς,
1685 1728 1890 1796 ἀναμέ-

301 1819 474 1857 νουσα
506 1803 595 1857 τὸν
622 1806 813 1874 Λόγον,
850 1808 937 1860 ἵνα
966 1809 1072 1862 ἀπὸ
1096 1811 1188 1864 τοῦ
1219 1814 1430 1883 Πατρὸς
1456 1817 1684 1887 ἀναστῇ,
1717 1820 1888 1874 καὶέν

297 1895 523 1965 ούρανῴ
541 1895 761 1968 ἀνέλθῃ.
803 1899 866 1950 Ὢ
894 1900 992 1970 τῆς
1019 1900 1280 1972 ἀθεμίτου
1305 1905 1544 1976 τόλμηςῐ
1578 1911 1729 1973 ποῖος
1767 1909 1889 1981 ὄφις

296 1983 599 2054 ψιθυρίσας
645 1987 896 2059 ἡπάτησε
954 1992 1076 2054 τοὺς
1140 1992 1440 2064 θεομάχους
1500 1997 1742 2070 παθητὸν
1795 2001 1886 2053 τὸν

295 2075 490 2144 ἀπαθῆ
537 2079 954 2149 ἀποφήνασθαι;
996 2082 1045 2136 οἳ
1095 2083 1186 2137 τὸν
1232 2086 1471 2158 Κτίστην
1516 2090 1728 2143 ποιοῦσι
1778 2091 1886 2145 τῶν

296 2167 620 2237 κτισμάτων
654 2169 1059 2242 ἀσθενέστερον.
1093 2175 1208 2227 Ούκ
1250 2177 1508 2251 ἐντρέπῃ,
1543 2174 1587 2232 ὦ
1616 2181 1881 2251 αἱρετικὲ,

294 2259 457 2329 ἥλιον
501 2262 558 2313 ὲν
604 2260 806 2332 δένδρῳ
844 2265 1217 2334 τυγχάνοντα,
1265 2270 1361 2322 καὶ
1406 2271 1467 2323 τὺ
1522 2272 1620 2340 μὲν
1669 2273 1887 2344 δένδρον

299 2351 659 2422 τεμνόμενον,
683 2352 774 2407 τὸν
804 2354 860 2407 δὲ
887 2355 1036 2425 ἥλιον
1059 2357 1180 2411 οὐδὲ
1199 2359 1588 2431 χωριζόμενον,
1615 2364 1736 2418 οὐδὲ
1757 2381 1885 2418 συν⁴

296 2444 638 2516 τεμνόμενον
658 2462 672 2477 ο
701 2446 792 2500 τὸν
829 2447 885 2500 δὲ
924 2449 1022 2518 τῆς
1050 2450 1398 2523 δικαιοσύνης
1425 2455 1612 2508 Ἥλιον
1648 2458 1886 2528 παθητὸν

298 2542 481 2611 λέγων
513 2544 570 2596 ὲν
591 2542 666 2614 τῷ
699 2544 814 2614 ἰδίῳ
842 2543 1055 2616 σώματι
1077 2548 1368 2618 γενόμενον
1393 2567 1407 2616 ;
1429 2551 1550 2605 οὐδὲ
1577 2555 1744 2622 φονέα
1763 2556 1887 2610 τινὰ

298 2635 332 2706 ἢ
361 2634 698 2706 κακοῦργον,
733 2632 779 2689 ὦ
806 2637 1108 2710 κακοῦργε,
1145 2641 1398 2713 ἑώρακας
1428 2645 1669 2718 κεφαλὴν
1696 2648 1729 2718 ἦ
1769 2651 1883 2718 χεῖ-

302 2745 406 2798 ρας
437 2728 822 2800 στερούμενον,
854 2730 952 2802 τὴν
976 2731 1032 2785 δὲ
1067 2733 1333 2788 ἀθάνατον
1362 2745 1384 2773 ι
1412 2737 1590 2809 ψυχὴν
1611 2740 1778 2794 αὐτοῦ
1809 2743 1884 2814 μὴ

301 2821 863 2894 συναποθνήσκουσαν
894 2824 972 2894 τῷ
1013 2823 1265 2895 σώματι;
1298 2822 1417 2882 εἶτα
1455 2829 1646 2885 ἔλαϐον
1679 2845 1704 2874 α
1739 2829 1884 2888 οῦτοι

296 2915 527 2985 καιρίαν
556 2915 655 2986 τὴν
699 2916 915 2988 πληγὴν
948 2916 1053 2970 ὑπὸ
1081 2918 1176 2971 τοῦ
1212 2919 1414 2986 Λόγου,
1467 2922 1560 2975 καὶ
1592 2924 1885 2982 πέπτωκεν

292 3009 322 3061 6
363 3006 647 3079 θεομάχοςο
675 3009 836 3063 πάλιν
866 3009 1197 3063 ἀνέπνευσεν
1220 3013 1248 3064 6
1281 3012 1682 3086 Χριστομάχος·
1724 3018 1884 3073 πάλιν

294 3102 650 3172 ἀναισχυντεῖ
689 3104 716 3156 6
758 3103 1027 3168 Ἰουδαῖος.
1059 3106 1125 3159 Τί
1151 3105 1355 3175 λέγων;

1999 534 2178 595 audis,
2225 536 2426 588 nudam
2471 542 2778 590 creaturam
2824 536 3042 602 adores,
3069 539 3232 608 eique
3264 543 3576 595 communi~

1997 640 2089 680 ces
2116 641 2129 677 :
2161 635 2217 681 at
2251 629 2357 695 'ego
2394 626 2527 681 illud
2570 625 2890 695 reformido,
2938 645 3006 684 ne
3053 629 3313 685 deitatem
3362 643 3575 702 passam

1997 726 2161 786 atque
2207 727 2480 772 mortuam
2527 719 2726 784 dicam,
2776 729 3062 791 totumque
3122 720 3411 776 Trinitatis
3455 737 3576 794 my-

1996 805 2228 859 sterium
2273 807 2479 874 probro
2506 806 2758 862 afﬁciam.
2792 808 3108 878 Si-quidem
3161 811 3307 864 enim
3336 810 3576 865 Verbum

1996 911 2216 966 passum
2269 906 2375 961 est,
2424 898 2584 951 Pater
2629 907 2814 952 autem
2866 907 2951 953 est
2986 898 3307 968 impatibilis
3343 907 3574 962 naturae,

1996 988 2221 1041 omnino
2249 989 2356 1042 erit
2395 989 2499 1042 alia
2542 989 2707 1043 Verbi
2746 989 3005 1053 essentia,
3060 1005 3125 1044 ac
3172 989 3277 1042 alia
3327 988 3423 1043 Dei
3471 989 3575 1043 Pa-

1999 1080 2116 1134 tris.
2171 1079 2316 1145 Quid
2360 1096 2492 1135 vero
2523 1082 2634 1151 jam
2683 1096 2750 1135 eo
2809 1082 3034 1136 nomine
3086 1081 3388 1136 habeamus
3447 1097 3576 1136 cum

1994 1173 2217 1226 Arianis
2243 1174 2523 1243 pugnare?
2555 1172 2711 1239 Quod
2747 1173 2792 1227 si
2841 1189 2950 1228 una
3004 1183 3089 1228 cst
3120 1175 3360 1229 essentia
3397 1173 3576 1228 Patris

1995 1271 2051 1316 et
2094 1263 2256 1316 Verbi
2287 1277 2352 1316 ac
2388 1262 2629 1331 Spiritus
2661 1263 2858 1328 sancti,
2891 1278 3112 1333 passum
3145 1272 3329 1318 autem
3357 1272 3442 1318 est
3477 1264 3572 1318 Dei

1995 1357 2236 1412 Verbum
2267 1359 2323 1410 in
2356 1373 2564 1422 carne;
2602 1357 2792 1426 utique
2837 1365 3001 1410 erunt
3046 1364 3101 1410 et
3144 1357 3326 1420 Pater,
3372 1354 3575 1424 etSpi-

1995 1451 2135 1506 ritus
2181 1459 2424 1514 sanctus,
2454 1449 2794 1519 patibilisac
2833 1449 3080 1504 mortalis
3131 1449 3474 1503 substantiae.
3519 1447 3574 1501 Si

1992 1542 2139 1596 enim
2171 1541 2408 1596 Verbum
2453 1555 2562 1594 una
2593 1555 2717 1594 cum
2746 1555 2912 1594 carne
2949 1555 3168 1606 passum
3193 1550 3298 1602 est,
3346 1539 3575 1594 omnino

1992 1635 2158 1688 etiam
2187 1649 2311 1688 cum
2344 1632 2435 1686 illa
2465 1641 2748 1686 mortuum
2777 1640 2880 1686 est.
2907 1630 3062 1696 Quod
3085 1640 3173 1686 est
3198 1635 3406 1702 pariter
3427 1648 3572 1687 tuor-

1995 1734 2170 1790 tuum,
2209 1724 2488 1794 quomodo
2515 1724 2773 1794 spoliavit
2808 1723 3055 1778 inferos?
3107 1724 3393 1790 Quomodo
3423 1740 3572 1779 mor-

1994 1825 2114 1872 tuos
2137 1815 2438 1870 excitavit?
2465 1815 2573 1870 Sed
2604 1824 2660 1870 et
2696 1815 2842 1885 quod
2884 1824 3136 1870 mortuus
3165 1816 3256 1879 sit,
3297 1815 3458 1884 plane
3490 1816 3574 1869 in-

1991 1910 2248 1964 venietur
2272 1925 2303 1963 a
2338 1910 2501 1964 Patre
2525 1909 2747 1963 vivente
2779 1918 3084 1977 separatus.
3115 1907 3270 1974 Quod
3295 1908 3339 1963 si
3364 1909 3439 1962 ita
3465 1916 3568 1968 est,

1990 2018 2100 2057 non
2128 2002 2365 2072 amplius
2407 2011 2524 2057 erat
2548 2001 2603 2054 in
2633 2001 2773 2055 cmlo
2808 2001 3054 2054 Trinitas
3083 2009 3331 2070 tempore
3359 1999 3570 2065 passio-

1989 2093 2096 2158 nis,
2127 2093 2224 2148 sed
2255 2093 2478 2157 binitas,
2505 2100 2832 2160 exspectans
2867 2099 2928 2145 ut
2957 2091 3200 2146 Verbum
3234 2091 3562 2145 excitaretur

1989 2203 2019 2242 a
2050 2178 2232 2250 Patre,
2281 2193 2337 2239 et
2369 2184 2577 2240 rediret
2624 2185 2676 2238 in
2718 2183 2938 2238 ccelum.
2995 2182 3040 2237 Ο
3071 2181 3364 2236 nefandam
3399 2182 3556 2236 auda-

1987 2278 2172 2333 ciam?
2200 2276 2334 2343 Quis
2356 2290 2586 2346 serpens
2612 2274 2772 2329 sibilo
2803 2289 2904 2328 suo
2937 2272 3159 2327 deitatis
3185 2272 3373 2328 hostes
3407 2271 3573 2326 dece-

1987 2371 2089 2442 pit,
2111 2379 2171 2426 ut
2189 2370 2472 2441 patibilem
2495 2383 2637 2434 esse,
2659 2366 3018 2436 impatibilem
3040 2366 3213 2421 Deum
3233 2376 3567 2428 assererem,

1989 2463 2445 2535 quiCreatorer’n,
2481 2459 2682 2516 creatis
2713 2459 2879 2514 rebus
2909 2457 3116 2514 facient
3165 2458 3570 2513 infirmiorem?

1986 2556 2108 2612 Non
2142 2565 2195 2610 te
2227 2554 2421 2625 pudet,
2464 2570 2497 2609 ο
2520 2554 2801 2617 haeretice,
2834 2562 2895 2608 ut
2925 2553 3098 2608 solem
3133 2550 3356 2622 quidem
3387 2550 3441 2603 in
3473 2565 3568 2604 ar-

1985 2649 2121 2705 bore
2149 2648 2528 2712 exsistentem,
2550 2661 2687 2701 caesa
2714 2645 2934 2711 arbore,
2957 2660 3062 2699 nec
3091 2643 3333 2714 separari
3356 2643 3425 2698 ab
3454 2643 3568 2707 illa,

1992 2753 2098 2794 nec
2121 2738 2328 2809 pariter
2355 2736 2514 2800 ctedi,
2538 2735 2724 2801 dicas;
2756 2734 2936 2789 Solem
2967 2750 3100 2789 vero
3127 2733 3376 2806 justitiae,
3395 2733 3449 2787 in
3470 2747 3572 2788 suo

1987 2844 2204 2887 asseras
2249 2843 2479 2898 corpore
2531 2826 2735 2882 factum
2780 2827 3106 2898 patibilem?
3138 2826 3349 2896 Neque,
3375 2842 3408 2880 o
3442 2841 3569 2896 per—

1987 2927 2124 2991 dite,
2169 2926 2382 2989 vidisti,
2419 2923 2500 2979 sic
2540 2923 2882 2978 homicidam
2923 2932 3021 2978 aut
3052 2923 3429 2977 facinorosum
3464 2920 3563 2974 ali-

1987 3035 2174 3090 quem,
2225 3017 2406 3087 capite
2437 3025 2532 3071 aut
2555 3016 2815 3071 manibus
2841 3015 3107 3079 truncari,
3153 3023 3213 3068 ut
3246 3024 3426 3068 tamen
3465 3013 3567 3066 im—

1912 3111 1955 3168 C
1990 3112 2239 3168 mortalis
2269 3111 2392 3182 ejus
2429 3110 2612 3164 anima
2665 3109 2812 3163 haud
2857 3106 3112 3161 interiret
3147 3106 3256 3177 (Ιὲ)
3303 3121 3407 3159 una
3441 3120 3565 3160 cum

292 3196 570 3263 corpore?
599 3195 924 3265 Quanquam
971 3198 1026 3252 hi
1061 3199 1264 3255 lethale
1309 3202 1510 3257 vulnus
1545 3217 1871 3275 argumento
1909 3209 2015 3264 hoc
2056 3212 2413 3275 acceperunt,
2485 3203 2807 3272 corruitque
2877 3200 2976 3254 Dei
3025 3207 3404 3271 Oppugnator;
3435 3215 3565 3254 rur-

293 3305 425 3346 sum
481 3298 666 3343 tamen
711 3289 926 3346 animos
979 3293 1277 3362 resumpsit
1326 3306 1675 3367 oppugnator
1732 3298 1940 3358 Christi
2015 3320 2028 3356 :

294 3385 406 3440 bus
443 3383 670 3438 verbis?

372 3483 429 3540 l'-.
466 3483 630 3554 Ὅρα,
686 3482 871 3554 φησὶν,
905 3485 988 3538 ὅτι
1021 3485 1082 3538 o6
1113 3486 1270 3554 Θεὸν,
1307 3491 1424 3545 ἀλλ’
1456 3493 1746 3567 ἄνθρωπον
1771 3500 1884 3554 ἀπ-

294 3573 642 3645 εκτείναμεν.
673 3575 816 3645 Πρὸς
838 3575 899 3629 ὃν
945 3576 1151 3642 εὐθέως
1186 3580 1352 3637 καλὸν
1393 3587 1592 3653 εἰπεῖν,
1641 3590 1841 3645 Σιώπα
1864 3608 1877 3621 ⁶

295 3666 614 3735 πεφίμωσο
640 3680 655 3696 ⁶
697 3666 831 3720 λάϐε
862 3669 1116 3738 κατόχιον
1149 3672 1242 3725 ἐπὶ
1263 3673 1342 3744 τῷ
1376 3677 1626 3749 στόματι.
1662 3682 1844 3738 Ἔστω
1867 3700 1880 3715 ·

297 3755 464 3826 νόμον
514 3756 830 3828 ἡθὲτησας·
884 3759 1044 3825 ἔστω,
1108 3765 1424 3832 προφήτας
1483 3769 1878 3840 ἀπέκτεινας.

297 3849 418 3904 οὐδὲ
447 3850 540 3905 τὸν
562 3851 728 3906 Δαϐὶδ
758 3852 1021 3926 ἐρυθριᾷς
1051 3857 1178 3927 περὶ
1205 3858 1301 3911 τοῦ
1332 3861 1571 3929 Χριστοῦ
1611 3864 1838 3934 λέγοντα
1862 3883 1878 3899 ο

313 3942 414 3996 Ἐκ
437 3942 699 4010 γαστρός
734 3943 850 4011 πρὸ
884 3944 1198 4015 ἑωσφόρον
1219 3949 1515 4020 ἐγέννησέ
1537 3971 1647 4023 με;
1687 3957 1744 4010 '0
1766 3961 1878 4012 Πα-

295 4034 401 4106 τὴρ
440 4035 571 4092 ἀνω.
619 4035 730 4089 Καὶ
765 4037 930 4091 πάλιν
951 4056 966 4070 ·
1003 4041 1221 4108 Κύριος
1256 4039 1389 4097 εἶπε
1432 4049 1582 4115 πρός
1600 4067 1677 4118 με
1701 4066 1716 4080 ο
1748 4053 1880 4117 Υἱός

291 4145 412 4200 μου
448 4125 504 4183 εί
533 4130 635 4198 σὺ,
669 4131 784 4200 ἐγὼ
835 4132 1105 4203 σήμερον
1143 4137 1473 4208 γεγέννηκὰ
1504 4156 1599 4195 σε.
1631 4143 1734 4197 Δύο
1765 4144 1878 4216 ἔχει

296 4219 584 4290 γεννήσεις
615 4222 644 4273 6
675 4217 756 4285 εἷς
787 4224 881 4276 καὶ
913 4224 1075 4295 μόνος
1102 4227 1339 4298 Χριστός
1359 4245 1373 4258 °
1400 4229 1530 4300 μίαν
1560 4233 1624 4285 ὲκ
1664 4233 1878 4306 Πατρδς

296 4310 562 4380 ἀχρόνως,
597 4315 693 4367 καὶ
724 4314 892 4385 ἀλλην
937 4317 1001 4370 ἐκ
1037 4319 1246 4390 μητρὸς
1274 4321 1533 4393 ἀσπόρως
1565 4340 1580 4353 °
1614 4325 1744 4380 ὅταν
1785 4322 1880 4382 οὖν

2097 3313 2293 3355 rursus
2347 3295 2698 3367 impudenter
2769 3293 2994 3350 Judaeus
3039 3292 3377 3364 aggreditur.
3429 3293 3565 3360 Qui-

2057 3501 2124 3556 Χ.
2165 3499 2323 3566 Vide,
2376 3498 2576 3567 inquit,
2623 3505 2684 3550 ut
2733 3511 2843 3550 non
2889 3496 3085 3560 Deum,
3138 3495 3234 3551 sed
3284 3491 3566 3548 hominem

1985 3594 2452 3651 interfecerimus.
2487 3590 2588 3646 Cui
2622 3590 2887 3645 continuo
2922 3605 3104 3658 operae
3148 3589 3386 3658 pretium
3418 3585 3570 3640 dice-

1984 3703 2108 3743 mus
2135 3705 2149 3741 :
2191 3686 2344 3750 Tace,
2375 3686 2668 3738 obmutesce
2692 3683 2757 3748 ";
2784 3681 2870 3734 ori
2899 3681 3116 3736 frenum
3142 3680 3364 3734 adhibe.
3395 3679 3564 3732 Esto:

1981 3779 2161 3850 legem
2200 3782 2527 3846 aspernatus
2570 3773 2646 3828 sis
2695 3790 2710 3826 :
2761 3780 2916 3835 esto,
2950 3773 3228 3842 prophetas
3263 3769 3510 3823 occideris
3549 3785 3572 3822 :.

1986 3888 2099 3926 non
2143 3868 2418 3924 revereris
2467 3865 2731 3919 Davidem
2761 3864 3037 3919 dicentem
3069 3863 3137 3918 de
3180 3861 3402 3917 Christo
3439 3879 3451 3914 :
3485 3861 3571 3916 Ea:

1988 3970 2136 4017 utero
2166 3970 2290 4014 ante
2321 3958 2600 4027 luciferum
2631 3958 2811 4027 genuit
2838 3971 2920 4009 me
2952 3956 3033 4008 ⁵³⁸2
3056 3955 3265 4024 Nempe
3291 3968 3568 4022 supernus

1989 4055 2170 4110 Pater.
2227 4052 2296 4106 Et
2338 4064 2559 4104 rursum
2596 4065 2610 4101 :
2658 4047 2909 4102 Dominus
2948 4047 3081 4100 dixit
3125 4046 3194 4100 ad
3238 4061 3320 4098 me
3350 4061 3368 4098 :
3401 4043 3568 4098 Filias

1991 4162 2134 4200 meus
2167 4161 2219 4198 es
2247 4151 2341 4198 tu:
2378 4158 2470 4212 ego
2499 4141 2649 4194 hodie
2683 4140 2839 4210 genui
2874 4148 2924 4192 te
2951 4139 3016 4193 “.
3058 4139 3204 4192 Duas
3232 4137 3398 4191 habet
3422 4136 3566 4191 nati-

1988 4239 2208 4304 vitates,
2242 4251 2388 4291 unus
2418 4235 2534 4304 ipse
2561 4225 2625 4289 ac
2651 4231 2946 4304 singularis
2979 4231 3270 4298 Christus;
3305 4245 3470 4284 unam
3500 4246 3567 4284 ex

1982 4331 2143 4385 Patre
2194 4329 2314 4384 sine
2363 4337 2630 4397 tempore,
2666 4325 2938 4394 aliamque
2973 4339 3042 4380 ex
3095 4333 3272 4379 matre
3317 4323 3435 4377 sine
3479 4338 3568 4377 se-

295 4402 446 4473 λέγει
472 4420 486 4434 ⁸
532 4405 651 4460 Τὸν
673 4407 869 4463 νῶτόν
892 4428 1013 4479 μου
1031 4410 1262 4465 δέδωκα
1292 4415 1381 4480 εἰς
1414 4416 1740 4487 μάστιγας,
1772 4421 1884 4486 τὰς

1990 4423 2152 4477 mine.
2181 4420 2320 4476 Cum
2346 4434 2478 4490 ergo
2511 4418 2619 4472 ait:
2647 4416 2782 4470 Dedi
2807 4417 3022 4470 dorsum
3041 4433 3214 4470 meum
3234 4417 3289 4469 in
3323 4414 3564 4487 ﬂagella,

295 4495 365 4548 δὲ
395 4499 686 4567 σιαγόνας
730 4518 854 4569 μου
894 4503 983 4566 εἰς
1028 4503 1381 4574 ῥαπίσματα
1409 4521 1422 4534 ·
1463 4507 1636 4562 ταῦτα
1690 4511 1756 4563 ἐκ
1783 4513 1880 4581 τῆς

1990 4524 2028 4569 et
2059 4531 2220 4586 genas
2247 4529 2392 4568 meas
2424 4513 2494 4566 ad
2532 4511 2724 4582 alapas
2743 4510 2831 4577 ";
2861 4511 2980 4566 haec
3017 4526 3084 4566 ex
3111 4509 3281 4565 Maria
3304 4524 3372 4564 ex
3419 4507 3565 4586 tribu

296 4586 517 4657 Μαρίας
571 4589 672 4659 τῆς
708 4589 770 4654 ἐξ
833 4590 1002 4645 Ἰούδα
1033 4593 1195 4648 ἔλαϐε
1221 4611 1234 4625 ⁸
1281 4599 1379 4650 καὶ
1412 4598 1558 4670 ἆπερ
1598 4600 1658 4666 ἐξ
1709 4602 1881 4656 Ἰούδα.

1990 4609 2118 4664 Iuda
2148 4609 2427 4678 suscepit:
2465 4616 2522 4662 et
2552 4621 2676 4676 quae
2719 4621 2787 4660 ex
2823 4605 2966 4660 Juda
3019 4605 3284 4674 suscepit,
3320 4604 3437 4658 haec
3464 4603 3565 4658 Ju-

296 4678 479 4745 ἔλαϐε,
513 4680 688 4734 ταῦτα
723 4682 1000 4749 Ἰουδαίοις
1035 4686 1290 4756 ῥαπίζειν
1320 4689 1417 4743 καὶ
1469 4691 1755 4760 μαστίζειν
1785 4694 1873 4746 δὲ-

1990 4700 2114 4756 daeis
2145 4699 2510 4770 percutienda
2558 4713 2623 4752 ac
2672 4696 2996 4768 flagellanda
3028 4695 3272 4752 tradidit.
3306 4693 3438 4760 Quae
3470 4709 3567 4747 au-

293 4771 466 4825 δωκεν
494 4787 509 4802 ·
547 4771 584 4826 ἀ
610 4773 666 4828 δὲ
696 4775 776 4848 ὡς,
806 4776 939 4840 Θεὸς
970 4779 1116 4832 κατά
1146 4779 1309 4848 φύσιν
1335 4780 1473 4852 ἔχει,
1502 4785 1624 4838 Οὐκ
1665 4784 1877 4854 ὄψεται

1990 4801 2093 4848 tem
2148 4800 2210 4846 ut
2257 4791 2401 4848 Deus
2456 4806 2556 4861 per
2607 4797 2862 4843 naturam
2917 4788 3106 4854 habet,
3137 4803 3201 4842 ea
3251 4785 3422 4840 Homo
3461 4801 3566 4838 non

293 4863 606 4932 ἄνθρωπος
639 4866 863 4934 ἐκεῖνα,
920 4869 1020 4923 καὶ
1059 4869 1322 4940 ζήσεται.
1369 4875 1509 4928 Ἀλλ’
1548 4877 1577 4928 6
1624 4877 1877 4944 Ἰουδαῖος

1990 4881 2196 4946 videbit,
2227 4891 2276 4933 et
2305 4881 2439 4934 vivet
2457 4880 2524 4932 “.
2549 4877 2654 4932 Sed
2686 4879 2852 4932 instat
2874 4893 3091 4931 rursum
3125 4875 3350 4931 Judaaus
3375 4891 3388 4927 :
3418 4871 3567 4940 Quo‘

290 4954 456 5028 ﬁtle
475 4971 492 4988 ⁶
530 4957 654 5020 Πῶς
680 4954 772 5013 οὖν
800 4961 829 5012 ὁ
858 4963 1146 5033 προφήτης
1179 4967 1308 5033 περὶ
1329 4965 1422 5020 τοῦ
1455 4968 1878 5041 Σταυρωθέντος

1990 4972 2148 5028 modo
2185 4987 2316 5043 ergo
2345 4971 2615 5042 propheta
2657 4969 2726 5024 de
2776 4967 3053 5024 Crucifixo
3088 4968 3200 5023 ait:
3235 4966 3304 5021 Et
3341 4967 3563 5022 vidimus

364 5089 410 5121 "
444 5090 604 5147 Mare.
647 5110 718 5158 IV,
750 5095 841 5151 ⁵59.
915 5097 959 5129 ⁸³
997 5098 1141 5154 Psal.
1167 5115 1273 5166 cxx,
1301 5101 1356 5156 3.
1433 5103 1478 5135 “
1518 5105 1659 5163 Psal.
1695 5122 1751 5174 ιι,
1783 5109 1834 5162 7.

2006 5107 2110 5163 Isa.
2139 5124 2189 5173 L,
2209 5107 2262 5163 6.
2355 5107 2400 5140 ⁸⁸
2435 5107 2608 5162 Exod.
2636 5121 2822 5171 χχχιιι,
2843 5105 2930 5159 20.

1613 5245 1849 5304 VARIA‘J
1887 5244 2296 5302 LECTIONES.

370 5326 486 5378 ι’Δὲ
527 5325 814 5383 ἀθάνατον.
843 5332 979 5388 Male
1007 5330 1181 5388 Oxon.
1208 5334 1296 5390 διὰ
1332 5337 1583 5392 θάνατον.
1660 5352 1687 5379 ι
1726 5335 1882 5395 Εἶτα.
1932 5340 2097 5395 Forte
2125 5341 2257 5394 εἴτε.

1806 5477 2040 5537 ΝΟΤΕ.

365 5555 672 5647 Haud
697 5562 935 5647 interiret
965 5579 1071 5617 una
1096 5582 1219 5647 eum
1242 5583 1481 5647 corpore.
1513 5569 1604 5647 alii
1639 5584 1874 5623 συναποο
1984 5588 2084 5628 seu
2119 5572 2304 5647 potius
2333 5572 2568 5647 prelum
2593 5572 2802 5647 ut_ejus
2849 5579 3231 5647 repraesentet,
3275 5572 3421 5647 quod
3457 5573 3567 5628 sal-

295 5625 759 5717 θνῂισκουσανᾲτῷ
809 5632 1043 5717 omnem.
1091 5635 1266 5717 Quam
1320 5625 1463 5717 bona
1517 5625 1727 5717 (ir'trca,
1765 5648 1875 5694 tam
2119 5625 3268 5717 Eollecti§:vel_ad_calcém‘meﬁdisriisuue
3285 5625 3574 5700 ἒῖόέιῖὀὲ-

298 5697 437 5786 gela
467 5697 668 5786 Patina
702 5697 832 5757 novi
862 5697 1182 5774 interpretis
1209 5707 1656 5786 Cyrilli,ornissa
1706 5697 1876 5786 nega-
1986 5697 2260 5771 mibusac
2285 5697 2644 5786 periculosis,
2676 5703 2976 5771 voluissem
3003 5697 3354 5785 castigatum.

301 5775 430 5834 uva,
465 5777 526 5824 ut
554 5775 793 5829 animam
836 5790 944 5832 una
977 5791 1102 5832 cum
1153 5775 1385 5853 corpore
1433 5779 1660 5836 interire
1690 5775 1873 5849 dicat;
