4016 6208
367 305 506 368 2933

1424 314 1676 375 SERMO
1717 315 1798 374 IN
1837 315 2091 376 ΒΑΜΟὸ
2129 317 2571 377 PALMARUM.

3459 315 3602 380 2334

364 414 598 469 τεκοῦσα
640 417 952 487 Παρθένοςε
1016 419 1380 489 Ἡγαλλίασε
1412 422 1479 476 τὸ
1517 423 1753 492 πνεῦμά
1810 443 1928 493 μου

2045 425 2234 490 meo“;
2261 442 2386 481 cum
2419 441 2537 480 eam
2570 425 2808 494 Spiritus
2849 436 3071 481 sanctus
3112 429 3486 485 obumbravit.
3523 433 3602 484 Tu

363 508 460 561 ἐπὶ
485 507 565 573 τῷ
593 507 714 574 Θεῷ
745 509 823 574 τῷ
873 511 1103 579 Σωτῆρι
1148 531 1290 582 μου,
1323 512 1485 583 ἡνίκα
1517 515 1577 567 τὸ
1618 516 1844 585 Πνεῦμα
1871 517 1932 569 τὺ

364 600 518 662 ἅγιον
563 601 649 653 ἐπ’
681 602 850 672 αὐτὴν
877 602 1196 660 ὲπεσκίασε.
1232 605 1304 658 Σὺ
1342 605 1399 658 δέ
1432 623 1520 674 μοι
1549 605 1742 660 σκόπει
1785 606 1811 657 6
1841 624 1933 658 πι-

365 692 487 754 στὸς
517 686 816 761 ἀκροατὴς,
867 694 986 757 πῶς
1018 697 1051 764 ἠ
1095 695 1337 765 παναγία
1376 696 1650 768 Παρθένος
1682 696 1815 749 Θεὸν
1845 697 1935 749 τὸν

371 783 492 836 Υίδν
541 784 714 852 αὐτῆς
755 787 1188 858 προσηγόρευσε.
1228 788 1337 842 Καί
1382 806 1562 859 φησι·
1615 790 1759 854 Θεός
1790 806 1934 856 μου,

367 874 506 948 κατὰ
537 874 635 944 τὴν
669 874 861 946 θεῖκὴν
895 877 1062 930 αὐτοῦ
1091 878 1302 932 οὐσίαν·
1358 879 1484 942 Υίός
1519 896 1642 950 μου,
1673 879 1816 932 κατὰ
1840 878 1937 945 τὴν

366 965 545 1035 ἐαυτῷ
580 967 891 1020 ὑποστᾶσαν
917 966 976 1031 ἐξ
1007 968 1137 1039 ἐμοῦ
1173 969 1382 1023 οὐσίαν.
1415 971 1489 1024 Οὐ
1511 971 1618 1039 γὰρ
1646 969 1832 1023 ἔτεκον
1860 969 1939 1039 τῷ

367 1058 557 1127 κόσμῳ
587 1057 740 1126 ψιλὸν
779 1058 1085 1129 ἄνθρωπον,
1132 1060 1267 1113 ἀλλὰ
1303 1061 1438 1114 Θεὸν
1493 1062 1934 1132 σεσαρκωμὲνον.

367 1149 477 1202 Καὶ
510 1148 719 1219 μάρτυς
757 1150 1092 1214 ἀξιόπιστος,
1141 1154 1172 1222 ἡ
1211 1155 1446 1222 σφραγὶς
1493 1155 1592 1222 τῆς
1643 1153 1939 1224 παρθενίας

333 1229 339 1234 ’
371 1257 497 1308 μου.
531 1241 622 1309 Μὴ
656 1242 951 1311 ἀτιμάσῃς,
981 1235 1026 1294 ὦ
1071 1241 1348 1313 ἄνθρωπε,
1380 1245 1517 1313 ὅπερ
1545 1243 1604 1308 ἐξ
1632 1243 1766 1314 ἐμοῦ
1816 1245 1938 1297 ἔλα-

367 1332 459 1382 6;ν
489 1332 516 1382 ό
551 1332 684 1394 Θεὸς
711 1333 1084 1403 περιϐόλαιον,
1122 1334 1208 1388 ἵνα
1252 1335 1326 1404 μὴ
1353 1335 1444 1388 τὸν
1473 1336 1938 1407 περιϐαλλόμενον

367 1420 742 1491 καθυϐρίσῃς’
808 1423 885 1491 μὴ
937 1422 1169 1493 ὑϐρίσῃς
1227 1424 1328 1494 τὴν
1377 1424 1604 1495 σκηνὴν,
1641 1427 1723 1480 ὅτι
1769 1427 1939 1489 ὅντως

365 1514 493 1566 ἄνευ
519 1513 700 1581 χειρὸς
735 1513 1050 1584 συνεῤῥάφη
1082 1513 1159 1584 τῷ
1183 1513 1543 1586 σκηνώσαντι.
1577 1517 1668 1588 Μὴ
1707 1517 1940 1588 μερίσῃς

367 1601 426 1653 τὸ
460 1601 574 1668 φῶς
624 1604 688 1654 ὲκ
742 1605 843 1672 τῆς
893 1604 1164 1675 σαρκικῆς
1210 1622 1312 1672 μου
1369 1605 1672 1675 λαμπάδ⁰ς’
1721 1606 1808 1658 tv“
1863 1609 1936 1677 μὴ

367 1693 538 1766 σϐέσῃ
581 1695 767 1758 κακῶς
821 1695 911 1748 τὸν
949 1695 1027 1764 τῷ
1075 1697 1264 1768 κόσμῳ
1312 1697 1600 1768 λάμψαντα
1631 1698 1804 1767 ἥλιον,
1845 1698 1939 1750 καὶ

2034 535 2166 574 vero
2204 519 2336 572 mihi
2384 533 2571 587 pensa,
2622 516 2798 571 ﬁdelis
2841 518 3096 583 auditor,
3143 522 3419 588 quomodo
3479 536 3607 576 san-

2034 610 2274 664 ctissima
2305 609 2466 678 Virgo
2502 607 2694 661 Filium
2736 623 2917 672 suum,
2947 609 3116 663 Deum
3148 611 3456 678 appellarit.
3486 611 3607 670 Uti-c

2035 715 2164 768 que,
2203 699 2401 767 inquit,
2454 699 2594 751 Deus
2643 716 2806 762 meus,
2859 700 3165 755 secundum
3210 701 3452 756 divinam
3487 705 3607 772 ejus

2037 789 2396 844 substantiam
2425 807 2436 843 :
2469 789 2636 843 Filius
2661 805 2833 854 meus,
2860 791 3162 844 secundum
3195 806 3318 846 eam
3349 791 3606 846 substan-

2039 878 2168 932 tiam
2198 894 2360 948 quam
2388 879 2491 932 sibi
2527 880 2594 932 de
2626 895 2710 934 me
2739 880 3053 949 assumpsit.
3090 881 3209 934 Non
3232 881 3380 935 enim
3405 881 3610 935 munde

2040 970 2229 1039 peperi
2263 985 2465 1038 purum
2524 970 2821 1032 hominem,
2865 972 2960 1026 sed
3013 972 3181 1026 Deum
3239 973 3608 1026 incarnatum.

2039 1060 2208 1131 Cujus
2247 1061 2326 1114 rei
2361 1060 2520 1114 testis
2558 1069 2643 1115 est
2682 1063 2947 1132 locuples,
2983 1071 3242 1118 constans
3279 1063 3631 1134 virginitatis-

2039 1153 2400 1222 signaculum.
2437 1152 2514 1206 Nc
2552 1153 2871 1216 dedecoros,
2915 1170 2948 1207 ο
2992 1154 3180 1217 homo,
3229 1169 3392 1223 quam
3425 1169 3490 1208 ex
3525 1170 3610 1208 me

2038 1243 2182 1297 Deus
2215 1243 2450 1311 sumpsit
2480 1252 2710 1304 vestem,
2752 1259 2820 1297 ne
2849 1244 2901 1297 ei
2935 1245 3030 1312 qui
3065 1245 3210 1298 illam
3239 1243 3438 1303 induit,
3481 1258 3614 1298 con-

2040 1338 2321 1392 tumeliam
2348 1337 2576 1407 irroges.
2598 1337 2676 1390 Ne
2706 1336 2906 1406 injuria
2929 1333 3135 1388 atIicias
3163 1320 3610 1396 tabernaculum;

2040 1444 2230 1483 revera
2277 1429 2423 1482 enim
2473 1428 2623 1483 nulla
2673 1443 2936 1481 manuum
2969 1441 3136 1494 opera
3170 1426 3440 1480 habitanti
3468 1428 3521 1480 in
3548 1442 3613 1480 eo

2037 1521 2142 1574 fuit
2175 1529 2492 1574 consutum.
2544 1520 2621 1573 Ne
2653 1519 2838 1572 lumen
2868 1535 2898 1572 a
2925 1519 3129 1572 carnali
3178 1534 3300 1572 mea
3365 1519 3614 1587 lampade

2038 1626 2276 1680 separes,
2330 1619 2390 1665 ut
2433 1625 2500 1664 ne
2535 1611 2675 1664 male
2724 1611 2894 1665 solem
2940 1612 3254 1680 exstinguas
3291 1611 3384 1680 qui
3438 1611 3618 1664 illuxit

2040 1702 2264 1767 mundo,
2296 1703 2500 1771 quique
2531 1702 2650 1756 sine
2691 1702 2912 1756 homine
2943 1703 3106 1756 homo
3148 1702 3322 1755 factus
3353 1713 3457 1756 est.
3494 1703 3613 1756 Non

366 1785 658 1855 γενόμενον
689 1786 858 1856 χωρὶς
891 1787 1183 1858 ἀνθρώπου
1223 1788 1534 1858 ἄνθρωπον.
1572 1789 1646 1843 06
1676 1789 1785 1860 γὰρ
1836 1791 1934 1843 ἐπ-

2045 1790 2185 1844 enim
2216 1793 2450 1861 cognovi
2491 1792 2794 1856 hominem,
2847 1807 3158 1862 quanquam
3198 1793 3369 1845 Deum
3404 1792 3530 1844 novi
3561 1793 3613 1844 in

367 1876 540 1943 ἐγνων
586 1877 894 1948 ἄνθρωπον.
929 1881 977 1932 εί
1028 1881 1123 1934 καὶ
1148 1879 1317 1949 ἔγνων
1351 1881 1484 1934 Θεὸν
1517 1881 1574 1934 ὲν
1617 1881 1740 1951 ἐμοὶ
1786 1882 1937 1950 γενόο

377 1984 538 2037 μενον
566 1966 871 2036 ἄνθρωπον.

438 2056 539 2112 ΙΑ’.
575 2060 778 2128 Ἔχεις,
822 2054 866 2111 ὦ
898 2062 1216 2113 πιστότατον
1259 2062 1353 2114 καὶ
1390 2059 1676 2131 ἱερώτατον
1701 2060 1938 2131 Χριστοῦ

371 2149 642 2218 ποίμνιον,
663 2149 730 2202 τὰ
755 2151 852 2220 τῆς
875 2151 1066 2222 ἑορτῆς
1098 2150 1380 2221 ἐγκώμια⁶
1414 2151 1723 2222 σκίρτησον.
1759 2152 1940 2220 Ἔχεις

364 2241 438 2294 τὰ
463 2241 581 2294 θεῖα
601 2243 693 2296 καὶ
709 2242 912 2312 ἄμωμα
929 2242 1026 2313 τῆς
1041 2243 1367 2312 Ἐκκλησίας
1387 2243 1707 2312 διδάγματα·
1732 2243 1938 2313 τρύφη-

369 2349 482 2387 σον.
515 2335 699 2402 Ἔχεις
725 2334 794 2388 τὰ
823 2333 962 2387 ὅπλα
991 2334 1056 2387 τὰ
1101 2335 1445 2404 πνευματικά
1473 2350 1486 2362 ⁸
1524 2336 1664 2388 κατὰ
1697 2335 1807 2387 τῶν
1849 2335 1939 2388 λύ-

366 2441 480 2477 κων
516 2425 616 2492 τῆς
642 2425 877 2495 ποίμνης
900 2425 1207 2496 πολέμησον
1228 2442 1242 2456 ο
1269 2426 1558 2478 παίδευσον
1592 2426 1664 2495 μὴ
1701 2425 1940 2496 βλασφη-

371 2519 492 2588 μεῖν
518 2533 532 2547 ·
567 2516 776 2580 δίδαξον
825 2517 966 2588 ὑπὲρ
1019 2517 1274 2587 ἀληθείας
1325 2518 1622 2586 ἀγωνίσαιο
1661 2518 1941 2585 ἀπόδειξον

368 2611 450 2663 ὅτι
482 2609 700 2680 καθαρὰ
728 2610 835 2663 ἀπὸ
868 2611 1087 2664 πάντων
1116 2611 1224 2664 τῶν
1255 2611 1509 2675 ζιζανίων
1542 2612 1640 2680 τῆς
1670 2611 1938 2681 ἡμῶνκαὶ

371 2702 609 2773 Χριστοῦ
656 2701 983 2772 Ἑκκλησίας
1029 2704 1062 2774 ἡ
1093 2703 1322 2773 ἄρουρα.
1376 2703 1437 2755 Et
1473 2703 1570 2772 μὲν
1597 2697 1706 2756 οἷόν
1735 2719 1794 2754 τε
1827 2703 1938 2755 Aci-

374 2791 538 2862 ζαρὸς
568 2808 651 2854 τις
677 2786 748 2854 εἴ,
778 2793 990 2862 σειραῖς
1015 2793 1376 2862 πταισμάτων
1398 2793 1430 2862 ἢ
1450 2792 1708 2845 ἐναντίων
1739 2792 1943 2861 δογμά-

371 2899 480 2936 των
505 2881 893 2953 δεσμούμενος,
949 2882 1188 2955 σήμερον
1214 2883 1318 2936 ὑπὸ
1361 2882 1454 2936 τοῦ
1484 2883 1656 2951 Λόγου
1713 2883 1944 2938 ἄκουσον

373 2974 680 3042 φωνοῦντός
714 2991 808 3028 σου
836 2991 848 3003 ·
881 2975 1066 3043 Δεῦρο
1103 2975 1240 3040 ἕξω,
1279 2976 1372 3029 καὶ
1415 2975 1628 3047 λύθητι,
1686 2977 1780 3029 καὶ
1809 2975 1941 3028 ἀνά-

373 3066 552 3137 στηθι.
588 3064 650 3119 ΕΞ
698 3066 753 3119 δὲ
787 3066 1034 3137 μαθητής
1066 3085 1147 3131 τις
1171 3063 1242 3130 εἴ,
1273 3067 1368 3120 καὶ
1394 3067 1503 3122 τῶν
1528 3067 1663 3138 πρὸς
1695 3069 1946 3120 διδασκαο

2045 1898 2131 1937 me
2171 1883 2377 1938 factum
2402 1883 2701 1938 hominem.

2115 2062 2205 2116 XI.
2230 2063 2428 2127 Habes,
2462 2064 2776 2119 tidelissime
2802 2078 2864 2118 ac
2881 2062 3227 2118 sanctissime
3240 2061 3443 2116 Christi
3465 2076 3615 2131 grex.

2034 2155 2360 2216 Iestivitatis
2379 2156 2629 2210 encomia
2653 2175 2668 2210 :
2695 2156 2928 2212 exsulta.
2952 2153 3133 2209 Habes
3164 2153 3404 2207 divinam
3429 2167 3494 2206 ac
3532 2154 3620 2206 in-

2047 2246 2316 2314 culpatam
2330 2246 2588 2300 Ecclesiae
2605 2246 2911 2300 doctrinam
2940 2262 2952 2297 :
2971 2244 3250 2299 deliciare.
3270 2243 3450 2298 Habes
3465 2258 3616 2298 arma

2047 2338 2312 2407 spiritalia
2334 2357 2345 2389 :
2371 2346 2558 2391 contra
2574 2337 2752 2406 gregis
2764 2337 2923 2405 lupos
2943 2336 3194 2407 depugna
3219 2354 3231 2390 :
3249 2335 3384 2390 doce
3398 2350 3494 2390 eos
3512 2350 3619 2389 non

2047 2427 2460 2496 hlasphemare:
2495 2427 2630 2482 doce
2658 2435 2869 2482 certare
2925 2443 3024 2496 pro
3071 2427 3340 2481 veritate:
3368 2425 3618 2486 ostende.

2047 2519 2307 2573 Ecclesiae
2350 2527 2553 2572 nostra:
2577 2533 2641 2572 ac
2665 2517 2870 2572 Christi
2906 2534 3094 2587 agrum
3131 2534 3159 2572 a
3192 2517 3420 2571 zizaniis
3447 2516 3622 2571 omni-

2048 2610 2151 2663 bus
2180 2607 2446 2662 mundum
2489 2618 2630 2661 esse.
2677 2607 2733 2662 Si
2779 2607 2833 2660 in
2867 2606 3089 2660 modum
3120 2605 3309 2660 Lazari
3339 2603 3622 2673 cujusdam

2049 2699 2238 2762 habes,
2268 2706 2618 2766 peccatorum
2645 2695 2884 2750 vinculis
2935 2704 3029 2749 aut
3077 2695 3483 2749 contrariorum
3529 2693 3626 2747 do-

2047 2799 2289 2860 gmatum
2316 2790 2620 2852 revinctus,
2641 2788 2766 2842 audi
2797 2787 2960 2842 hodie
2982 2803 3011 2842 a
3029 2786 3230 2851 Verbo,
3253 2786 3377 2839 Veni
3395 2786 3538 2854 foras
3557 2783 3622 2849 ",

2049 2900 2112 2939 ac
2141 2884 2372 2947 solvere,
2391 2891 2447 2936 et
2475 2897 2718 2951 resurge.
2745 2881 2839 2934 Sin
2863 2889 3047 2940 autem
3070 2879 3296 2949 quidam
3320 2878 3626 2947 discipulus

2049 2969 2130 3041 es,
2157 2985 2213 3032 et
2266 2977 2336 3030 ad
2385 2973 2693 3030 doctrinam
2739 2972 2991 3036 idoneus,
3038 2970 3174 3024 vade
3228 2970 3481 3023 mittente
3518 2969 3626 3021 Do-

2050 3069 2220 3132 mino,
2249 3067 2578 3134 solvensque
2607 3064 2786 3118 adduc
2812 3063 3032 3124 Christo
3065 3062 3298 3132 pullum,
3347 3076 3412 3114 ac
3447 3055 3626 3128 pullos

372 3134 494 3207 λίαν
549 3134 853 3224 ἐπιτήδειος
882 3134 930 3220 α,
981 3134 1370 3228 αποστάλθητι,
1426 3158 1521 3212 καὶ
1552 3134 1720 3220 λύσας
1772 3155 1942 3224 ἄγαγε

2051 3161 2345 3230 pluresque
2379 3159 2432 3212 in
2462 3174 2653 3213 errore
2685 3158 2904 3228 ligatos,
2934 3164 3097 3224 atque
3148 3153 3202 3208 in
3259 3153 3488 3208 adversa
3521 3150 3627 3206 ﬁde

376 3247 600 3318 Χριστῷ
638 3247 819 3300 πῶλον
875 3249 968 3301 καὶ
1024 3249 1260 3314 πώλους,
1305 3250 1397 3302 καὶ
1452 3249 1682 3312 πολλοὺς
1712 3249 1840 3312 τοὺς
1890 3250 1948 3302 ὲν

376 3339 554 3413 πλάνῃ
588 3339 843 3409 προσδεδε
853 3341 1069 3410 μένους,
1091 3341 1183 3393 καὶ
1205 3342 1283 3404 εἰς
1304 3341 1403 3412 τὴν
1433 3343 1718 3396 κατέναντι
1743 3341 1946 3406 πίστιν,

374 3432 467 3486 καὶ
527 3431 722 3502 κώμην
803 3431 1232 3501 ἀντικειμένους.
1315 3433 1432 3486 Κᾶν
1521 3450 1666 3496 τινες
1735 3431 1948 3487 ἀντιλέ-

371 3539 550 3592 γουσι,
627 3523 722 3578 καὶ⁹
781 3522 880 3594 τὴν
931 3522 1082 3575 λύσιν
1137 3524 1244 3576 τῶν
1306 3523 1698 3594 πεπεδημένων
1763 3523 1949 3586 κακῶς

381 3612 692 3683 ἐμποδίζειν
731 3612 1104 3682 δοκιμάζουσι,
1157 3613 1459 3681 φάσκοντες
1485 3629 1499 3644 ο
1539 3615 1598 3668 Τί
1635 3615 1802 3680 λύεις
1841 3612 1950 3666 τὸν

375 3703 620 3766 πῶλον;
645 3701 788 3756 καθὰ
821 3703 917 3756 καὶ¹
964 3704 1076 3765 τοῖς
1118 3703 1335 3771 τυφλοῖς
1376 3703 1652 3772 ἐπετίμων
1705 3706 1778 3774 μὴ
1808 3703 1945 3774 κρά-

373 3795 522 3860 ζεινο
552 3797 672 3849 εἰπὲ
707 3795 802 3848 καὶ
843 3795 938 3862 σὺ,
987 3795 1115 3848 Ὅτι
1148 3799 1180 3848 ὀ
1231 3796 1447 3863 Κύριος
1501 3795 1696 3849 αὐτῶν
1737 3796 1949 3865 χρείαν

373 3886 517 3956 ἔχει.
562 3888 773 3955 Κύριος
833 3886 942 3956 γὰρ
994 3887 1130 3940 λύει
1178 3885 1630 3955 πεπεδημένους
1658 3904 1671 3917 ·
1733 3888 1947 3955 Κύριος

376 3978 560 4046 σοφοῖ
610 3978 903 4047 τυφλοὺς,
949 3977 1132 4041 καθὼς
1190 3980 1426 4050 σήμερον
1469 3978 1561 4030 τοῦ
1614 3978 1946 4047 Εὑαγγελίου

371 4071 627 4140 ἤκουσας.
709 4070 922 4140 Ἐπειδὴ
955 4069 1064 4140 γὰρ
1099 4069 1190 4122 τὸν
1242 4071 1340 4140 τῆς
1388 4069 1732 4139 δικαιοσύνης
1760 4069 1948 4122 Ἥλιον

376 4160 789 4232 ἐπιδημήσαντα
815 4160 1084 4228 ἔγνωκαν,
1117 4161 1322 4223 εἰκότος
1342 4163 1476 4230 πρὸς
1509 4161 1670 4212 αὑτὸν
1691 4159 1942 4231 ἔκραζον·

387 4253 684 4320 Ἐλέησον
727 4251 905 4320 ἡμᾶς,
947 4254 1141 4320 Κύριε,
1191 4251 1284 4305 υίὲ
1320 4251 1511 4308 Δαϐίδ.
1553 4252 1614 4303 Ὢ
1652 4250 1817 4316 ξένων
1852 4250 1948 4304 καὶ

379 4346 696 4413 παραδόξων
727 4345 1057 4414 θαυμάτωνί
1089 4346 1136 4396 οἱ
1180 4344 1372 4414 τυφλοὶ⁹
1418 4343 1804 4406 ἁναόλέπουσι,
1852 4341 1946 4396 καὶ

375 4435 422 4485 oi
453 4433 739 4502 βλέποντες
789 4432 1027 4486 Ἰουδαῖοι
1063 4432 1483 4500 τυφλώττουσιν.
1527 4424 1684 4484 Οὗτοι
1740 4429 1946 4501 Κύριον

2048 3263 2112 3303 ac
2167 3245 2393 3302 castello
2442 3245 2746 3315 oppositos.
2789 3245 2846 3298 Si
2887 3243 2982 3313 qui
3028 3252 3212 3296 autem
3262 3240 3624 3302 reluctentur,

2049 3351 2112 3391 ac
2145 3335 2307 3399 male,
2339 3350 2411 3389 ne
2451 3334 2749 3404 compediti
2783 3333 3088 3394 solvantur,
3134 3329 3402 3401 impedire
3432 3329 3624 3389 velint,

2049 3424 2339 3479 dicentes:
2373 3421 2510 3487 Quid
2543 3421 2751 3491 pullum
2795 3419 3059 3475 solvis"?
3087 3433 3280 3472 eorum
3328 3418 3503 3472 instar
3532 3416 3626 3486 qui

2050 3529 2222 3570 caacos
2254 3513 2614 3583 increpabant
2646 3528 2715 3567 ne
2746 3513 3080 3567 clamarent:
3129 3509 3219 3564 dic
3271 3519 3328 3563 tu
3365 3524 3625 3579 quoque:

2051 3609 2187 3677 Quia
2223 3609 2479 3662 Dominus
2520 3610 2598 3662 his
2629 3625 2756 3679 opus
2786 3608 2980 3662 habet:
3015 3607 3269 3661 Dominus
3317 3608 3456 3659 enim
3477 3607 3630 3660 solvit

2049 3700 2364 3769 compeditos
2389 3717 2407 3763 ;
2439 3698 2692 3753 Dominus
2717 3700 2978 3768 sapientes
3003 3698 3129 3766 facit
3155 3712 3315 3750 cteros
3340 3697 3409 3761 ⁷⁷,
3436 3712 3629 3764 quem-

2050 3790 2347 3846 admodum
2399 3790 2566 3844 hodie
2613 3788 2819 3844 audisti
2855 3790 2909 3843 in
2944 3788 3263 3859 Evangelio.
3290 3786 3428 3843 Cum
3481 3788 3630 3842 enim

2051 3880 2232 3936 Solem
2264 3879 2494 3952 justitiaa
2524 3879 2811 3935 advenisse
2862 3880 3268 3950 cognovissent,
3314 3879 3514 3932 merito
3561 3879 3630 3932 ad

2048 3987 2173 4026 cum
2189 3972 2517 4026 clamabant:
2539 3971 2788 4026 Miserere
2806 3975 2993 4036 nostri,
3020 3972 3260 4038 Domine,
3279 3971 3359 4040 ﬁli
3375 3971 3548 4026 David
3562 3973 3628 4027 ⁷³.

2050 4066 2092 4116 0
2121 4064 2367 4120 inaudita
2413 4073 2468 4119 et
2502 4065 2722 4119 insolita
2769 4063 3069 4118 miracula!
3107 4063 3249 4120 Caeci
3283 4065 3461 4119 visum
3495 4067 3632 4120 reci—

2049 4153 2229 4222 piunt.
2280 4152 2346 4207 Hi
2393 4153 2683 4208 Dominum
2717 4151 3092 4220 conﬁtentur;
3126 4153 3352 4223 illique:
3385 4155 3514 4218 Quis
3556 4163 3630 4207 est

2048 4241 2230 4295 hic”?
2257 4250 2670 4312 percontantur.
2717 4242 2811 4297 Ait
2854 4242 3005 4297 enim
3039 4243 3409 4313 evangelista:
3445 4242 3631 4296 Turba

2051 4344 2230 4388 autem
2256 4351 2374 4406 qua:
2400 4335 2762 4399 prwcedebant
2799 4345 2848 4388 et
2883 4350 3001 4404 qua:
3033 4336 3405 4406 sequebantur,
3428 4335 3633 4389 clama-

2050 4426 2176 4480 bant
2234 4426 2510 4480 dicentes:
2557 4424 2812 4480 Hosanna
2848 4441 2864 4478 :
2894 4426 3202 4480 Benedictus
3261 4425 3350 4496 qui
3399 4429 3539 4480 venit
3578 4429 3631 4480 in

375 4523 719 4594 ὁμολογοῦσι,
770 4523 1048 4576 κάκεῖνοι·
1106 4522 1200 4587 Τίς
1236 4521 1408 4574 ἐστιν
1465 4514 1676 4583 οὗτος;
1735 4519 1942 4590 ἐπερω-

2053 4520 2264 4572 nomine
2299 4517 2529 4572 Domini.
2579 4517 2650 4571 Et
2709 4535 2828 4571 cum
2881 4519 3132 4572 intrasset
3184 4517 3630 4589 Hierosolymam,

373 4614 532 4668 τῶσι.
566 4613 704 4683 Φησὶ
731 4613 841 4682 γὰρ
890 4614 918 4665 6
973 4611 1400 4682 εὐαγγελιστής·
1449 4613 1514 4664 οι
1569 4609 1636 4663 δὲ
1683 4609 1856 4678 ὄχλοι
1893 4611 1948 4664 οί

375 4705 766 4774 προάγοντες,
813 4703 914 4756 καί
977 4705 1030 4756 ot
1088 4701 1604 4767 ἀκολουθοῦντες,
1663 4700 1946 4768 ἔκραζον,

387 4795 683 4852 Ὠσαννὰο
719 4794 1143 4863 Εὐλογημένος
1189 4798 1221 4847 ό
1257 4795 1580 4862 ἐρχόμενος
1603 4792 1670 4845 ἐν
1703 4793 1949 4861 ὀνόματι

378 4889 616 4956 Κυρίου.
640 4890 750 4943 Καὶ
773 4887 1151 4951 είσελϐὀντσς
1174 4885 1360 4940 αὐτοῦ
1399 4888 1485 4949 είς
1518 4882 1914 4952 Ἰερουσαλὴμ
1935 4923 1950 4945 ,

376 4980 622 5048 ἐσείσθη
644 4979 814 5034 πᾶσα
835 4979 874 5048 ἡ
894 4980 1088 5044 πόλις,
1114 4978 1383 5046 λέγουσα
1402 4994 1415 5006 ’
1442 4977 1535 5042 Τίς
1558 4977 1727 5030 ἐστιν
1748 4969 1948 5038 οὗτος

379 5073 484 5136 ἴδες
515 5072 576 5124 τὸ
631 5071 782 5138 ξένον
828 5070 923 5125 τοῦ
965 5070 1229 5141 βασιλέως
1270 5069 1598 5140 μυστήριονς
1641 5067 1732 5118 ἐπὶ
1768 5063 1947 5116 πώλου

2049 4619 2310 4666 commota
2341 4621 2413 4665 est
2440 4613 2683 4666 universa
2726 4612 2911 4666 civitas
2940 4611 3117 4665 dicens
3147 4628 3163 4664 :
3196 4610 3323 4675 Quis
3345 4621 3421 4664 est
3449 4611 3529 4664 hic
3543 4611 3633 4662 ὀἳ

2053 4703 2253 4782 Vidisti
2289 4718 2493 4757 novum
2543 4718 2608 4758 ac
2662 4701 2989 4757 admirabile
3048 4701 3212 4772 Regis
3268 4701 3631 4772 mysterium?

2056 4794 2211 4847 Pullo
2242 4793 2488 4848 insidens
2513 4792 2792 4848 civitatem
2813 4802 3146 4856 commovet,
3165 4807 3229 4847 ac
3256 4791 3408 4846 cruci
3438 4789 3630 4846 afﬁxus

2052 4885 2242 4940 orbem
2274 4893 2548 4939 terrarum
2596 4885 2884 4951 concutit;
2933 4893 2995 4939 ut
3038 4883 3290 4939 docearis
3315 4882 3533 4936 venisse
3561 4883 3628 4934 ad

2057 4954 2352 5043 idolorum,
2378 4971 2615 5041 plurium
2633 4971 2919 5026 numinum
2949 4970 3097 5024 cultu
3131 4968 3357 5039 impium
3383 4982 3627 5022 errorem

2055 5062 2473 5118 convellendum
2503 5077 2566 5116 ac
2597 5061 2975 5116 evertendam.

380 5167 690 5236 καθήμενος
716 5166 850 5219 σείει
879 5167 979 5236 τὴν
1007 5165 1185 5232 πόλιν,
1211 5165 1306 5218 καὶ
1336 5166 1392 5216 ὲν
1425 5161 1642 5233 σταυρῷ
1673 5161 2077 5232 καθηλούμενος
2122 5159 2257 5214 σείει
2321 5159 2420 5230 τὴν
2487 5159 2811 5228 οἰκουμένην
2833 5177 2845 5190 ·
2891 5159 2978 5210 ἵνα
3045 5160 3106 5211 σὺ
3169 5159 3364 5228 piem,
3411 5159 3490 5209 ὅτι
3532 5157 3624 5226 τὴκ

377 5261 636 5314 πολύθεον
666 5261 775 5316 τῶν
805 5260 1039 5315 είδώλων
1070 5261 1278 5330 πλάνην
1309 5260 1485 5312 σεῖσαι
1522 5259 1614 5311 καὶ
1641 5255 1940 5310 καταλῦσαι
1978 5254 2255 5325 ἐλήλυθεν.

485 5426 535 5456 τι
565 5426 699 5480 Luc.
729 5442 766 5490 ι,
790 5427 880 5480 47.
958 5427 1004 5457 "
1028 5426 1184 5481 Joan.
1216 5443 1290 5492 xx,
1325 5427 1412 5483 45.
1486 5426 1530 5457 ⁷⁸
1558 5418 1926 5490 Luc.xrx,'55.

380 5496 425 5527 ⁸⁸
452 5495 591 5551 ibid.
629 5497 682 5561 9,
727 5497 812 5550 lt).

2047 5424 2088 5452 "
2129 5421 2270 5476 Psal.
2295 5418 2516 5486 CM.V,8.
2565 5421 2610 5452 ⁷⁸
2639 5418 2829 5473 Matth.
2851 5435 2939 5482 xx,
2960 5419 3045 5473 50.
3127 5421 3165 5450 ”
3199 5419 3386 5472 Matth.
3410 5435 3517 5482 xxx,
3546 5418 3626 5473 lt).

1670 5609 1896 5664 VARIAE
1940 5605 2336 5663 LECTIONES.

453 5705 475 5734 ε
511 5702 871 5776 Ἐπιτὴδειος.
894 5704 1055 5760 Forte
1086 5704 1426 5776 ἐπιτηδείων.
