4016 6208
449 331 552 394 D35

473 443 587 498 XII.
639 441 817 498 Cerne
885 451 1071 499 autem
1125 443 1439 498 abstrusum
1503 459 1568 498 ac
1633 441 1984 499 reconditum
2011 451 2058 522 ¹Α

402 530 859 602 ceconomiaeejus
879 531 1229 602 mysterium.
1253 529 1392 587 Cum
1433 531 1489 585 in
1518 531 1738 585 inferno
1771 529 1986 600 positus

398 617 520 684 eius
549 616 658 672 loci
689 632 968 674 carcerem
993 618 1260 688 pulsaret.
1306 618 1675 674 clamantibus
1727 616 1983 687 supernis

399 705 708 764 Virtutibus
736 710 804 766 ad
835 711 1114 766 infernas:
1147 710 1332 764 Tollite
1355 719 1556 780 portas,
1596 713 1874 780 principes,
1899 727 1982 762 ve-

397 801 616 864 stras“,
645 809 704 854 ut
734 801 1080 872 ingrediatur
1107 801 1202 870 qui
1227 802 1394 856 dicit:
1425 801 1540 871 Ego
1563 818 1679 855 sum
1704 799 1976 866 ostium";

395 890 648 942 attonitae
691 888 939 943 adversae
978 890 1215 943 virtutes
1255 889 1700 958 respondebant:
1747 887 1872 954 Quis
1903 897 1978 940 est

394 978 492 1030 iste
519 993 612 1030 rex
639 975 824 1047 gloria:
841 978 866 1030 ?
889 978 950 1031 In
974 985 1252 1033 terrenam
1299 978 1620 1032 introeunte
1646 977 2000 1040 Jerusalem,-

395 1065 474 1119 rei
506 1065 751 1120 novitate
779 1066 1098 1136 stupefacti,
1124 1075 1414 1136 quaerunt:
1441 1066 1569 1132 Quis
1595 1075 1670 1120 est
1701 1065 1978 1121 iste?C(B-

392 1158 586 1212 lestem
643 1158 948 1214 Jerusalem
1023 1168 1338 1229 repetente,
1405 1167 1700 1214 cernentes
1753 1159 1973 1212 intelle-

392 1250 602 1306 ctuales
642 1251 879 1307 virtutes
901 1267 1027 1306 cum
1057 1267 1290 1322 corpore
1325 1268 1450 1308 eum
1487 1268 1650 1322 quem
1690 1268 1971 1322 nunquam

389 1341 662 1398 vidissent
693 1355 920 1412 propter
969 1344 1350 1413 incorporeum
1383 1343 1674 1408 rationem,
1710 1359 1972 1398 ascensus

389 1434 616 1488 modum
658 1435 959 1500 admiratae,
997 1435 1352 1506 ambigebant
1401 1436 1966 1500 invicem,dicentes:

390 1523 518 1588 Quis
534 1534 612 1579 est
638 1526 760 1590 iste,
776 1527 863 1594 qui
880 1541 1114 1594 corpore
1140 1525 1402 1595 praeditus
1420 1526 1476 1579 in
1506 1525 1624 1580 loca
1645 1527 1966 1594 incorporea

385 1615 568 1668 venit?
593 1614 698 1670 Sed
730 1624 786 1670 et
821 1616 956 1671 illud
997 1616 1331 1682 mirandum,
1364 1618 1642 1686 quomodo
1679 1619 1841 1688 regia:
1865 1618 1972 1673 illa?

386 1707 624 1762 virtutes
651 1717 1072 1777 percontantur,
1095 1707 1224 1774 Quis
1252 1721 1324 1762 est
1351 1710 1447 1762 iste
1467 1709 1558 1778 qui
1577 1709 1811 1762 venit”?
1840 1723 1964 1762 cum

1439 333 1496 392 S.
1539 329 1864 392 EULOGII,
1895 327 2250 392 ARClIlEP.
2291 328 2669 392 ALEXAND.

2163 443 2260 496 IB'.
2297 444 2438 514 Ὅρα
2467 445 2522 498 δέ
2553 461 2643 516 μοι
2663 443 2756 497 τοῦ
2783 441 2901 497 κατ’
2931 439 3092 500 αὑτὸν
3111 447 3208 518 τῆς
3227 445 3538 519 οἰκονομίας
3569 469 3678 521 μυ-

2098 532 2316 602 στηρίου
2355 533 2415 585 τὸ
2457 535 2751 602 ἄγνωστον.
2789 535 2876 586 Ἐν
2907 533 2984 604 τῷ
3151 535 3386 596 σείοντος
3401 539 3572 592 αὐτοῦ
3609 543 3672 595 τὸ

2097 623 2214 674 ἐκεῖ
2241 624 2633 694 δεσμωτήριον,
2663 625 2738 688 ὡς
2765 625 2994 696 ἔκραζον
3024 629 3078 680 αἱ
3100 626 3211 680 ἄνω
3231 621 3502 697 Δυνάμεις
3531 635 3668 703 πρὶς

2091 714 2187 777 τὰς
2229 717 2379 768 κάτω
2403 717 2660 786 δυνάμεις
2693 733 2708 748 ⁸
2749 719 2961 785 ’Ἄρατε
3009 721 3231 786 πύλας,
3265 723 3320 774 οἱ
3356 722 3660 791 ἄρχοντες,

2089 807 2274 874 ὑμῶν,
2311 808 2397 860 θνα
2451 810 2664 882 εἰσέλθῃ
2711 812 2740 863 ὁ
2769 809 2980 878 λέγων·
3041 813 3176 881 Εἰμὶ
3225 813 3341 882 ἐγὼ
3385 813 3422 882 ἡ
3476 818 3654 884 θύρα·

2090 896 2526 967 ἐκπληττόμεναι
2551 900 2862 954 αἱὲναντίαι
2891 891 3150 972 δυνᾶμεις
3187 904 3618 974 ἀντεφθέγγοντο
3641 923 3658 938 ·

2093 985 2189 1050 Τίς
2225 986 2397 1040 ἐστιν
2434 983 2625 1052 οὗτος
2656 992 2688 1042 ό
2711 990 3016 1056 ,βασιλεὺς
3051 991 3163 1059 τῆς
3201 992 3428 1059 δόξης;
3457 998 3536 1058 εἰς
3563 997 3664 1067 τὴν

2086 1074 2180 1126 ἐπὶ
2235 1075 2338 1145 γῆς
2413 1076 2766 1147 Ἰερουσαλὴμ
2835 1077 3168 1148 ξενιζόμενοι
3217 1081 3473 1135 πύθονται
3503 1101 3518 1113 ·
3567 1085 3664 1151 Τίς

2086 1167 2260 1220 ἐστιν
2307 1162 2479 1230 οὗτος
2524 1167 2578 1239 [ό
2624 1170 2926 1236 βασιλεὺς
2965 1171 3076 1237 τῆς
3106 1172 3370 1246 ὃόξης;]
3429 1177 3508 1238 εἰς
3567 1178 3700 1250 τὴν.

2093 1259 2208 1310 ἄνω
2252 1260 2560 1330 Ἰερουσαλὴ
2571 1279 2608 1330 μ
2633 1262 3002 1332 ἀνερχομένου
3027 1265 3213 1330 αὑτοῦ,
3243 1267 3478 1336 ὁρῶντες
3501 1268 3668 1322 αὐτὸν

2090 1350 2228 1418 μετά
2257 1349 2535 1419 σώματος,
2591 1354 2646 1406 αἱ
2703 1353 2964 1406 οὐδέποτε
3012 1356 3214 1419 ἰδόντες
3271 1357 3456 1422 αὐτὸν,
3489 1358 3576 1412 sta
3603 1359 3665 1412 τὸ

2079 1443 2388 1513 ἀσώματον,
2429 1446 2611 1516 νοερσή¹
2635 1445 2912 1517 δυνάμεις,
2943 1447 3324 1517 θαυμάζουσαι
3353 1449 3448 1502 τοῦ
3501 1451 3662 1518 ξένου

2076 1537 2280 1608 τρόπου
2309 1537 2406 1608 τὴν
2442 1537 2650 1602 ἄνοδον,
2683 1537 2976 1609 διηπὸρουν
3011 1541 3146 1610 πρὸς
3178 1540 3440 1610 ἀλλήλας,
3469 1542 3662 1608 λέγου-

2077 1643 2167 1679 σαι
2199 1643 2213 1657 ·
2247 1628 2344 1692 Τίς
2369 1628 2542 1682 ἐστιν
2567 1625 2745 1694 οὗτος
2778 1631 3258 1699 παραγενόμενος
3289 1633 3344 1683 ἐν
3375 1635 3487 1694 τοῖς
3515 1633 3664 1684 ἀσω-

2079 1718 2269 1788 μάτοις
2302 1719 2520 1789 χωρίοις
2545 1718 2896 1790 ὲνσὼματος;
2927 1721 3208 1789 Θαυμάσαι
3253 1721 3308 1774 δὲ
3341 1720 3511 1787 ἄξιον,
3537 1721 3660 1783 πῶς

385 1801 440 1852 in
471 1801 592 1870 ejus
623 1799 684 1853 in
715 1808 863 1855 terra
904 1801 1192 1856 nativitate
1243 1800 1451 1870 pariter
1494 1801 1854 1856 clamaverint
1905 1813 1960 1853 ac

2075 1810 2361 1876 πύθονται,
2421 1814 2518 1876 Τίς
2567 1811 2741 1864 ἐστιν
2762 1807 2943 1877 οὗτος
2977 1813 3010 1864 ό
3059 1813 3562 1880 παραγενόμενος,
3597 1813 3659 1866 αι

381 1890 719 1945 cecinerim:
751 1891 932 1947 Gloria
958 1893 1013 1946 in
1034 1893 1308 1947 altissimis
1327 1891 1474 1957 Deo;
1497 1901 1545 1945 et
1571 1894 1624 1945 in
1657 1901 1802 1945 terra
1829 1907 1966 1961 pax;

383 1981 437 2032 in
471 1981 766 2036 hominibus
807 1983 941 2037 bona
977 1983 1316 2050 voluntas“;
1349 1999 1378 2038 a
1412 1983 1614 2054 quibus
1639 1991 1793 2038 certe
1822 1999 1966 2054 pra:-

381 2072 528 2126 clare
557 2072 739 2127 edocti
791 2084 921 2128 sunt
967 2075 1324 2130 chmorum
1377 2075 1616 2145 theologi
1669 2076 1826 2144 pueri
1875 2075 1963 2131 di—

380 2170 610 2215 centes:
643 2161 942 2216 Hosanna:
986 2161 1299 2218 Benedictus
1343 2167 1432 2235 qui
1473 2165 1612 2218 venit
1646 2165 1702 2217 in
1753 2165 1966 2218 nomine

378 2251 635 2306 Domini:
663 2269 770 2323 pas:
799 2256 854 2306 in
883 2253 1031 2320 cmlo,
1057 2263 1107 2308 et
1151 2255 1328 2325 gloria
1371 2256 1425 2310 in
1479 2255 1749 2310 altissimis
1767 2255 1834 2310 ⁸⁵.
1873 2256 1965 2312 Sic

377 2345 526 2400 cnim
555 2345 732 2402 Lucas
761 2347 948 2404 habet.
968 2349 1210 2420 Eratque
1237 2350 1428 2406 videre
1449 2351 1506 2404 in
1532 2350 1687 2416 Sion,
1715 2351 1964 2406 calestia

377 2438 588 2506 pariter
613 2455 678 2495 ac
703 2441 987 2496 terrestria
1027 2443 1252 2497 vicariis
1299 2443 1404 2498 sibi
1447 2443 1834 2512 respondentia
1865 2459 1963 2497 vo-

377 2530 566 2593 cibus,
625 2545 795 2600 seque
848 2544 1043 2588 mutuo
1107 2533 1427 2588 salutantia.
1477 2533 1678 2588 Dicunt
1732 2535 1960 2604 superi:

375 2622 560 2678 Gloria
589 2624 648 2676 in
679 2623 956 2679 altissimis
987 2625 1113 2688 Deo,
1140 2634 1188 2678 et
1219 2626 1276 2678 in
1303 2633 1448 2677 terra
1480 2640 1586 2694 paa:
1604 2641 1624 2690 ;
1655 2625 1824 2679 inferi
1877 2641 1964 2679 re-

374 2715 646 2784 spondent
667 2715 812 2769 :Pax
829 2717 884 2769 in
902 2716 1048 2780 cwlo,
1069 2727 1119 2770 et
1132 2715 1306 2788 gloria
1323 2718 1378 2770 in
1391 2715 1680 2770 altissimis.
1696 2717 1964 2772 Dixerunt

373 2805 588 2873 angeli:
624 2804 690 2859 In
725 2814 868 2860 terra
905 2823 1054 2877 pax,-
1085 2797 1342 2862 homines
1371 2808 1680 2862 clamarunt
1703 2825 1717 2862 :
1743 2807 1862 2862 Pax
1905 2809 1961 2862 in

372 2896 522 2953 mlo.
550 2897 960 2965 Quamobrem?
999 2900 1156 2967 Quod
1205 2901 1472 2958 nimirum
1529 2903 1619 2957 ille
1668 2903 1832 2966 adsit,
1864 2903 1962 2974 qui-

373 2991 635 3046 omnibus
674 2992 904 3048 clamat:
939 2992 1056 3047 Pax
1103 2993 1246 3048 vobis
1262 2993 1330 3046 ³⁸.
1385 2993 1492 3048 Pro
1541 3009 1652 3064 quo
1690 2995 1962 3065 propheta

369 3083 724 3158 precabatur,
755 3083 977 3139 dicens:
1011 3084 1237 3138 Domine
1283 3083 1418 3138 Deus
1447 3093 1644 3150 noster,
1677 3101 1860 3156 pacem
1888 3087 1958 3139 da

369 3175 608 3237 nobis”;
651 3175 756 3230 hoc
798 3183 901 3240 est,
939 3175 1092 3230 Mitte
1145 3176 1342 3230 Filium
1395 3186 1548 3230 tuum
1585 3177 1952 3246 unigenitum,

369 3277 428 3320 ut
457 3281 558 3335 per
583 3279 710 3320 eum
771 3266 933 3320 nobis
979 3266 1381 3332 reconcilieris,
1441 3267 1638 3322 videns
1695 3275 1950 3322 naturam

365 3365 616 3412 nostram
654 3374 754 3428 per
793 3373 919 3413 eum
952 3358 1054 3414 tibi
1078 3361 1312 3414 unitam.
1343 3359 1516 3425 Quam
1533 3375 1726 3430 pacem
1755 3359 1954 3415 viden-

369 3457 450 3502 tes
473 3447 727 3502 cmicstes
762 3449 917 3504 chori
965 3449 1314 3504 clamabant:
1351 3449 1533 3506 Gloria
1576 3453 1632 3504 in
1681 3449 1954 3507 altissimis

365 3537 500 3599 Deo,
531 3537 662 3588 etin
695 3545 836 3590 terra
867 3553 1009 3607 pax;
1043 3535 1096 3590 id
1145 3544 1251 3604 est,
1286 3537 1532 3607 perfecta
1558 3537 1654 3592 Dei
1691 3553 1818 3592 cum
1849 3539 1955 3593 ini-

365 3628 526 3683 micis
549 3629 1130 3701 reconciliatio,quam
1158 3640 1216 3685 et
1237 3631 1394 3700 pueri
1423 3647 1548 3686 cum
1567 3631 1714 3686 docti
1745 3643 1954 3696 essent,

365 3721 714 3776 riamabant‘:
753 3719 1049 3776 llosanna:
1081 3739 1190 3792 pax
1233 3726 1286 3776 in
1322 3723 1472 3788 coelo,
1505 3731 1554 3776 et
1579 3723 1752 3794 gloria
1787 3727 1838 3778 in
1871 3726 1952 3780 al-

365 3813 598 3866 tissimis.
639 3813 773 3867 Nam
807 3831 930 3884 qua:
969 3815 1100 3870 olim
1131 3817 1345 3872 infense
1375 3817 1674 3885 habebant,
1708 3818 1954 3875 fraterna-

365 3919 514 3960 uunc
546 3906 815 3962 charitate
839 3917 1092 3964 conserta
1109 3919 1242 3964 sunt
1265 3927 1278 3975 ;
1299 3927 1464 3966 unam
1483 3911 1724 3968 coelestia
1744 3915 1953 3984 pariter

363 4013 426 4050 ac
457 4005 696 4064 terrena,
719 3997 943 4056 Christo
976 4001 1186 4058 cmlesti
1230 4003 1392 4058 simul
1422 4019 1487 4058 ac
1515 4014 1756 4070 terreno,
1808 4006 1951 4061 divi-

363 4089 554 4144 nitatis
599 4091 1006 4148 confessionem
1068 4109 1132 4149 ac
1196 4095 1576 4151 adorationem
1635 4097 1947 4154 offerentis.

359 4181 738 4245 Quamobrem
760 4183 960 4254 jubcnt
997 4186 1208 4255 superi,
1241 4193 1300 4240 ut
1339 4187 1390 4240 ei
1439 4186 1598 4240 inferi
1637 4187 1951 4244 Divinitatis

359 4272 598 4328 offerant
623 4273 1026 4330 confessionem
1053 4294 1066 4329 :
1097 4277 1332 4331 Adorent
1363 4293 1480 4330 eum
1530 4294 1707 4332 omnes
1731 4279 1951 4348 familia:

359 4365 596 4433 gentium
611 4365 679 4420 ⁸⁸.
709 4365 878 4421 lnferi
915 4369 1131 4438 superis
1163 4370 1539 4440 respondent:
1575 4371 1810 4424 Adorent
1832 4387 1956 4425 eum

2074 1903 2353 1974 βασιλικαὶ
2386 1901 2666 1972 δυνάμεις,
2699 1903 2754 1955 αἱ
2793 1903 2850 1953 ὲν
2875 1904 2941 1971 τῇ
2994 1901 3145 1972 κάτῳ
3169 1903 3422 1972 γεννήσει
3461 1903 3656 1966 αὐτοῦ,

2071 1998 2334 2068 βοήσασαι
2362 1995 2476 2064 ἅμα
2513 1996 2608 2048 καὶ
2641 1995 2952 2065 ὑμνήσασαι
2978 2011 2990 2024 ·
3043 1995 3198 2058 Δόξα
3239 1995 3310 2048 ἐν
3364 1997 3660 2062 ὑψίστοις

2070 2085 2213 2154 Θεῷ,
2259 2087 2356 2140 καὶ
2378 2087 2474 2140 ἐπὶ
2499 2085 2612 2156 γῆς
2639 2086 2872 2155 εἰρήνη,
2900 2085 2970 2139 ἐν
2997 2084 3329 2154 ἀνθρώποις
3358 2085 3610 2140 εὐδοκία
3639 2103 3658 2116 ο

2067 2174 2147 2242 οἷς
2177 2195 2258 2248 γε,
2286 2179 2463 2242 καλῶς
2496 2177 2878 2248 ὲμαθήτευσαν
2917 2176 3025 2228 τῶν
3074 2176 3340 2246 Ἐϐραίων
3382 2179 3430 2229 ol
3469 2177 3660 2231 θεολόο

2066 2289 2154 2341 γοι
2178 2272 2368 2334 παῖδες
2398 2271 2638 2342 σήμερον
2666 2269 2918 2337 λέγοντες
2944 2285 2956 2298 '
3019 2269 3282 2324 Ὡσαννά
3305 2286 3320 2301 ·
3374 2271 3656 2339 Eiidem-

2059 2365 2246 2434 μένος
2277 2367 2310 2418 ό
2345 2364 2672 2433 ἐρχόμενος
2698 2364 2768 2416 ἐν
2823 2363 3068 2431 ὀνόματι
3123 2363 3348 2430 Κυρίου
3381 2377 3395 2390 ·
3437 2361 3654 2432 εἰρήνη

2065 2455 2135 2508 ἐν
2161 2454 2417 2524 οὐρανῷ,
2459 2456 2558 2509 καὶ
2583 2454 2734 2518 δόξα
2772 2455 2842 2508 ἐν
2897 2456 3208 2522 ὑψίστοις.
3245 2453 3433 2516 Οὕτως
3483 2454 3658 2525 γάρό

2065 2549 2278 2610 Λουκᾶς
2331 2547 2542 2618 εἴρηκε.
2587 2546 2698 2599 Καὶ
2727 2541 2796 2616 ἦν
2831 2549 2888 2598 ὲν
2915 2545 3054 2598 Σιὼν
3090 2544 3296 2597 ἰδέσθαι
3329 2544 3518 2615 ὥσπερ
3549 2547 3652 2600 ἀν-

2064 2638 2472 2708 τιφθεγγὸμενα
2515 2640 2609 2692 καὶ
2642 2639 3098 2706 ἀντασπαζόμενα
3121 2637 3402 2706 ἀλληλατά
3419 2638 3654 2708 οὐράνια

2065 2737 2161 2786 καὶ
2183 2733 2251 2786 τὰ
2283 2734 2522 2800 ἐπίγεια.
2563 2733 2626 2784 Οἱ
2672 2731 2782 2784 ἄνω
2802 2729 3042 2790 λέγουσι·
3073 2728 3228 2792 Δόξα
3255 2729 3326 2782 ἐν
3359 2731 3654 2796 ὑψίστοις

2067 2824 2210 2889 Θεῷ,
2252 2825 2348 2878 καὶ
2397 2824 2494 2878 ἐπὶ
2546 2823 2660 2893 γῆς
2683 2823 2888 2890 εἰρήνη
2915 2839 2924 2852 ·
2953 2823 3005 2873 οἱ
3043 2821 3194 2874 κάτω
3219 2821 3608 2891 ἀποκρίνονται
3631 2839 3650 2852 ο

2059 2919 2286 2985 Εέρήνη
2299 2919 2368 2971 ἐν
2383 2917 2638 2985 οὐρανῷ,
2653 2919 2749 2970 καὶ
2765 2921 2913 2984 δόξα
2927 2919 2996 2973 ὲν
3015 2919 3384 2988 ὑψίστοις.οἱ
3397 2915 3648 2984 ἄγγελοι,

2065 3010 2194 3065 Ἐπὶ
2215 3010 2328 3078 γῆς
2349 3011 2578 3078 εἰρήνη,
2601 3011 2888 3083 εἰρήκασιν
2911 3027 2925 3042 ·
2949 3013 2996 3064 οἱ
3013 3011 3306 3080 ἄνθρωποι,
3333 3007 3559 3074 Εἰρήνη
3575 3006 3654 3058 ἐν

2065 3101 2320 3170 οὐρανῷ,
2337 3101 2844 3172 κεκράγασι.Διατί;
2865 3095 3052 3168 ἐπειδὴ
3071 3101 3271 3170 ἐπέστη
3290 3101 3318 3152 ὁ
3331 3101 3466 3152 πᾶσι
3479 3099 3648 3168 βοῶν’

2063 3193 2288 3263 Εἰρήνη
2335 3195 2476 3264 ὑμῖν
2495 3212 2508 3225 ·
2545 3195 2675 3265 περὶ
2718 3187 2779 3246 οὗ
2807 3193 2834 3246 ὁ
2863 3193 3150 3264 προφήτης
3182 3191 3400 3262 ηὔχετο,
3431 3190 3606 3257 λέγων
3627 3206 3648 3218 ·

2057 3287 2232 3352 Κύριε
2268 3290 2300 3342 ό
2325 3287 2468 3352 θεὸς
2487 3283 2676 3355 ἡμῶν,
2697 3285 2947 3354 εἰρήνην
2969 3285 3076 3348 δὸς
3114 3282 3278 3352 ἡμῖν·
3315 3281 3459 3336 τοῦτ’
3497 3280 3645 3346 ἔστι,

2057 3378 2162 3430 Τὸν
2195 3377 2323 3430 Υἱὸν
2351 3395 2443 3430 σου
2477 3378 2571 3432 τὸν
2603 3378 2867 3448 μονογενῆ
2895 3375 3236 3438 ἀπόστειλον,
3266 3375 3353 3426 ἵνα
3381 3373 3447 3427 δι’
3472 3373 3646 3426 αὑτοῦ

2059 3467 2403 3538 καταλλαγῆς
2453 3467 2587 3536 προς
2629 3469 2802 3538 ἡμᾶς,
2853 3466 2995 3538 ὁρῶν
3027 3465 3126 3535 τὴν
3151 3463 3431 3535 ἡμετέραν
3473 3463 3652 3531 φύσεν

2057 3558 2348 3611 ἑνωοεῖσάν
2381 3575 2463 3610 σοι
2487 3557 2555 3610 δι’
2606 3557 2768 3610 αὑτοῦ
2801 3575 2814 3588 ο
2847 3559 3023 3628 ἥνπερ
3069 3557 3296 3625 εἰρήνην
3323 3553 3560 3624 ὁρῶντες
3591 3554 3648 3604 οἱ

2054 3651 2162 3702 τῶν
2193 3651 2305 3704 ἄνω
2337 3651 2509 3720 χοροὶ,
2545 3650 2713 3703 ἐϐόων
2741 3666 2753 3679 ·
2781 3651 2936 3712 Δόξα
2955 3650 3022 3701 ἐν
3043 3647 3328 3716 ὑψίστοις
3357 3643 3499 3710 Θεῷ,
3537 3645 3642 3698 καὶ

2053 3742 2150 3796 ἐπὶ
2181 3741 2294 3810 γῆς
2315 3741 2558 3810 εἰρήνη’
2597 3743 2764 3810 ἤγουν
2799 3740 2934 3793 θεοῦ
2982 3741 3118 3812 πρὸς
3164 3737 3393 3808 ἐχθροὺς
3451 3737 3644 3790 τελεία

2055 3833 2395 3904 καταλλαγὴ,
2447 3833 2515 3904 ἥν
2562 3834 2655 3886 καὶ
2698 3835 2746 3884 οἱ
2787 3833 2976 3902 παῖδες
3031 3829 3295 3901 μαθόντες
3353 3829 3592 3899 ἔκραζον
3619 3847 3640 3861 ’

2064 3921 2346 3977 Ὡσαννά·
2363 3921 2586 3990 Εἰρήνη
2603 3923 2674 3975 ἑν
2689 3919 2945 3988 οὐρανῷ,
2960 3920 3058 3973 καὶ
3073 3919 3224 3984 δόξα
3246 3920 3316 3973 ἐν
3327 3919 3639 3986 ὑψίστοις.

2055 4013 2319 4079 Γεγόνασι
2353 4013 2460 4083 γὰρ
2497 4012 2567 4065 τά
2598 4029 2728 4065 ποτε
2767 4010 2960 4082 ἐχθρὰ,
2987 4010 3084 4064 νῦν
3109 4010 3312 4078 ἀδελφά
3335 4026 3350 4040 ⁶
3411 4007 3543 4078 μίαν
3571 4011 3644 4061 τὰ

2051 4104 2300 4176 οὐράνια,
2333 4105 2428 4157 καὶ
2459 4105 2525 4156 τά
2577 4104 2795 4172 ἐπίγεια
2845 4103 3074 4174 Χριστῷ
3123 4103 3200 4172 τῷ
3255 4099 3492 4172 οὐρανίῳ
3539 4101 3642 4153 καὶ

2053 4197 2280 4266 ὲπιγείῳ
2331 4195 2608 4264 θεολογίαν
2661 4195 3031 4264 προσάγοντα,
3087 4196 3182 4246 καὶ
3235 4191 3634 4263 προσκύνησιν.

2057 4287 2218 4342 Ὅθεν
2241 4287 2522 4355 θεολογίαν
2547 4287 2846 4356 προσάγειν
2895 4286 2944 4338 oi
2980 4287 3090 4340 ἀνω
3121 4287 3236 4346 τοῖς
3269 4284 3418 4337 κάτω
3443 4282 3640 4335 διακε-

2054 4380 2302 4434 λεύονται
2333 4396 2345 4409 ⁸
2375 4377 2990 4448 Προσκυνησὰτωσαν
3021 4378 3180 4443 αὐτῷ
3219 4375 3410 4432 πᾶσαι
3439 4377 3498 4428 ai
3519 4389 3642 4427 πα-

359 4473 538 4511 omnes
569 4458 746 4529 angeli
773 4459 950 4514 Dei”.
977 4459 1148 4514 David
1193 4462 1446 4532 utrisque
1478 4463 1712 4520 clamat:
1741 4463 1950 4518 Lwten-

2070 4473 2208 4541 rpial
2233 4472 2353 4524 τῶν
2377 4467 2588 4525 ἐθνῶν·
2611 4471 2661 4521 οἱ
2689 4469 2840 4522 κάτω
2865 4471 2976 4531 τοῖς
3011 4469 3122 4522 ἀνω
3149 4467 3602 4535 ἀντιφθέγγονται
3621 4481 3638 4496 ·

361 4561 448 4603 mr
499 4553 635 4617 caeli,
681 4561 736 4607 et
785 4554 1011 4608 exsultet
1060 4557 1288 4610 terra”.
1337 4556 1695 4627 Respondent
1751 4557 1947 4626 pueri:

359 4641 619 4698 Ilosanna
649 4663 668 4700 :
688 4643 1004 4700 Benedictus
1025 4647 1116 4716 qui
1145 4647 1283 4702 venit
1312 4648 1368 4701 in
1401 4649 1614 4704 nomine
1638 4647 1878 4703 Domini.

2057 4559 2674 4630 Προσκυνησάτωσαν
2707 4557 2869 4624 αὐτῷ
2901 4557 3123 4624 πάντες
3161 4558 3406 4628 ἄγγελοι
3459 4556 3636 4610 Θεοῦ.

2067 4652 2127 4705 Ὅ
2162 4651 2325 4706 Δασὶδ
2354 4654 2460 4714 τοῖς
2489 4649 2826 4721 ἀμφοτέροις
2853 4651 2972 4722 βοᾷ*
3002 4649 3558 4720 Εὑςρραινέσθωσαν
3581 4651 3638 4702 ol

355 4737 625 4805 οὐρανοὶ,
681 4738 779 4793 καὶ
817 4739 1209 4807 ἀγαλλιάσθω
1269 4741 1307 4810 ἡ
1357 4739 1456 4810 τῆ.
1493 4739 1556 4793 Ol
1610 4739 1806 4804 παῖδες
1844 4743 2202 4820 ἀπεκρίναντο
2225 4760 2240 4774 ·
2300 4741 2563 4798 Ὡσαννά
2584 4758 2599 4774 ⁸
2661 4741 3084 4813 εὐλογημένος
3128 4745 3164 4796 ό
3210 4741 3536 4812 ἐρχόμενος
3567 4739 3640 4792 ἐν

363 4831 611 4899 ὀνόματι
639 4831 884 4899 Κυρίου.

428 4925 568 4981 ΧΠΙ.
605 4925 744 4981 Cum
797 4927 1001 4998 quibus
1035 4943 1136 4983 nos
1185 4941 1405 4998 quoque
1437 4927 1746 4994 laudemus,
1776 4943 1840 4984 ac
1865 4928 1944 4984 fe-

358 5029 498 5073 stam
533 5033 687 5074 nunc
716 5033 942 5090 agamus
969 5022 1172 5088 lucem,
1213 5037 1324 5076 non
1369 5021 1700 5091 pompatico,
1733 5021 1826 5077 sed
1861 5021 1947 5076 di-

358 5107 485 5160 vine
510 5124 524 5159 :
550 5105 760 5162 nedum
791 5123 981 5174 manu,
1009 5108 1107 5162 sed
1154 5117 1210 5162 et
1243 5107 1450 5173 animo,
1501 5107 1810 5178 palmarum
1859 5125 1946 5163 ra-

361 5209 482 5248 mos
530 5201 819 5260 tenentes,
852 5211 1092 5266 eumque
1137 5210 1302 5265 supra
1353 5195 1537 5250 nivem
1585 5194 1940 5261 dealbantes,

359 5299 580 5340 onmem
615 5285 797 5356 ipsum
825 5286 1039 5343 veteris
1079 5302 1145 5341 ac
1185 5287 1428 5356 pelliceae
1455 5287 1657 5342 tunicae
1690 5287 1942 5342 mortali-

359 5383 550 5444 tatem,
575 5379 726 5433 omni
759 5377 902 5434 fastu
949 5395 1014 5434 ac
1061 5381 1298 5435 elatione
1347 5379 1617 5449 deposita,
1655 5395 1945 5434 cxuamus.

357 5466 572 5525 idcirco
619 5472 769 5526 enim
815 5472 1110 5542 spirituum
1158 5488 1274 5540 rex,
1325 5487 1438 5526 non
1487 5472 1544 5526 in
1593 5471 1851 5527 curribus
1892 5479 1949 5527 et

363 5560 699 5618 exercitibus
725 5563 898 5629 venit,
925 5563 1026 5619 sed
1051 5565 1334 5634 miseroac
1359 5565 1456 5620 vili
1487 5565 1640 5635 pullo
1673 5565 1944 5630 insidens,

2113 4929 2356 4983 ῙΓ’.Μεθ’
2371 4921 2445 4983 ὧν
2458 4927 2550 4982 καὶ¹
2563 4929 2724 4999 ἡμεῖς
2739 4925 2836 4980 ἀνυ
2845 4929 3034 4998 μνήσω
3039 4941 3138 4996 μεν
3144 4967 3158 4992 ,
3174 4926 3270 4978 καὶ
3285 4925 3528 4995 ἐορτάσω
3533 4943 3637 4996 μεν

2055 5023 2294 5092 σήμερον
2315 5038 2328 5050 ·
2363 5020 2436 5092 μὴ
2473 5019 2885 5092 πανηγυρικῶς,
2921 5019 3058 5073 ἀλλὰ
3098 5018 3301 5080 θεῖκῶς
3325 5033 3338 5048 ’
3368 5016 3444 5088 μὴ
3473 5017 3638 5088 μόνον

2053 5115 2119 5184 τῇ
2149 5114 2317 5185 χειρὶ,
2339 5113 2476 5168 ἀλλά
2507 5113 2604 5166 καὶ
2641 5115 2708 5184 τῇ
2740 5111 2910 5184 ψυχῇ,
2954 5111 3082 5182 βαΐα
3113 5109 3440 5180 κατέχοντες
3459 5125 3474 5141 ·
3537 5109 3635 5163 καὶ

2055 5203 2260 5274 ταύτην
2300 5204 2441 5275 ὑπὲρ
2496 5205 2650 5275 χιόνα
2699 5203 3084 5266 λευκάναντες,
3135 5201 3318 5255 πᾶσαν
3353 5199 3412 5267 ἐξ
3461 5199 3636 5268 αὐτῆς

2055 5292 2148 5345 τοῦ
2177 5291 2410 5346 παλαιοῦ
2459 5293 2556 5346 καὶ
2589 5291 2914 5363 δερματίνου
2952 5290 3178 5361 χιτῶνος
3233 5290 3334 5359 τὴν
3364 5290 3634 5359 νέκρωσιν

2055 5379 2480 5450 ἀποδυσώμεθα,
2512 5381 2690 5436 πάντα
2717 5378 2887 5448 τύφον
2917 5380 3012 5434 καὶ
3033 5379 3266 5453 ἔπαρσιν
3293 5377 3633 5449 ἀπορρίψαν-

2055 5489 2163 5536 τες.
2200 5471 2299 5524 Διά
2331 5471 2492 5524 τοῦτο
2519 5471 2628 5542 γὰρ
2649 5473 2678 5524 ὁ
2723 5469 2978 5540 βασιλεὺς
3019 5469 3130 5522 τῶν
3173 5467 3506 5538 ἀσωμάτων,
3530 5466 3630 5520 οὐκ

2057 5563 2141 5632 ἐφ’
2170 5562 2434 5633 ἁρμάτων
2483 5561 2580 5616 καὶ
2635 5561 3060 5632 στρατευμάτων
3087 5557 3454 5629 παραγίνεται
3471 5573 3486 5586 ·
3515 5553 3630 5609 ἀλλ’

431 5675 472 5745 '_‘
509 5674 650 5729 Psal.
681 5693 830 5734 χχιιι.
863 5677 914 5730 7.
992 5677 1036 5709 ⁸³
1075 5679 1231 5734 Joan.
1263 5681 1396 5744 x.,9.
1469 5678 1513 5712 ⁸³
1549 5681 1651 5735 lsa.
1688 5695 1832 5745 thu,
1865 5681 1914 5734 l.

2070 5695 2179 5732 .uc.
2228 5693 2286 5741 ιι,
2339 5677 2421 5732 Η.
2502 5677 2545 5708 ⁸⁵
2576 5675 2712 5733 Luc.
2765 5691 2872 5742 χιχ,
2913 5675 3000 5731 58.
3077 5673 3123 5706 ⁸⁸
3158 5672 3293 5728 Luc.
3347 5686 3496 5736 xxiv,
3535 5663 3626 5722 36.

360 5742 404 5776 "
439 5743 540 5802 lsa.
575 5760 716 5810 xxvi,
757 5748 837 5800 12.
915 5747 956 5776 ⁸⁸
991 5742 1363 5818 Ρεοι.υι,28.
1433 5750 1476 5782 ⁸⁹
1513 5751 1656 5806 Psal.
1687 5742 1828 5815 xcvi,
1853 5752 1903 5804 8.
1981 5751 2026 5784 ⁹⁰
2060 5749 2202 5804 Psal.
2229 5763 2350 5814 xcv,
2387 5746 2470 5800 li.

2555 5815 2588 5846 Ο
