4016 6208
269 327 402 394 2937

1264 323 1480 381 CAPIT
1486 323 1530 380 Α
1571 322 1675 383 VII
1719 323 1814 381 DE
1854 323 2155 384 DUABUS
2195 325 2552 386 NATURIS.

3382 322 3526 386 2938

270 444 368 500 Iul
389 439 572 494 πώλου
601 435 818 503 οἰκτροῦ
881 437 972 488 καὶ
1021 436 1216 505 μικροῦ
1267 435 1574 504 καθήμενος
1605 436 1845 503 ἔρχεται,

1959 451 2060 504 quo
2089 437 2300 500 doceat,
2332 448 2392 491 ut
2439 452 2510 490 ne
2562 437 2620 489 in
2667 435 2825 505 equis
2875 443 2931 489 et
2982 435 3165 499 mulis,
3203 434 3387 504 quibus
3416 452 3520 488 non

274 537 333 589 σὲ
371 529 647 586 παιδεύων
680 527 754 598 μὴ
801 529 883 594 ἐφ’
931 528 1111 579 ἵππων
1153 527 1246 579 καὶ
1287 527 1545 595 ἡμιόνων,
1588 524 1676 591 οἷς
1732 528 1844 578 οὐκ

1959 535 2020 577 est
2071 527 2366 580 intellectus
2387 528 2456 591 ",
2487 526 2756 580 etl'eraris.
2792 525 3028 580 Proinde
3061 540 3163 579 nos
3195 525 3360 579 etiam
3413 539 3522 578 una

271 629 404 682 ἔστι
422 623 699 685 σύνεσις,
719 618 1063 688 ἐπαίρεσοαι.
1085 617 1175 670 Διὸ
1207 619 1298 670 καὶ
1325 622 1484 687 ἡμεῖς
1510 617 1849 686 συμμετριά-

273 807 646 874 ύμνήσωμεν·
695 802 832 871 μετά
887 800 996 853 τῶν
1047 800 1253 852 παίδων
1297 798 1611 866 δοξάσωμεν
1641 815 1653 827 ο
1709 797 1849 866 μετὰ

272 894 367 945 τοῦ
397 893 555 960 δχλου
590 891 658 944 τὰ
692 889 786 943 τοῦ
821 889 979 958 ὄχλου
1023 888 1307 958 βοήσωμεν
1335 903 1348 916 ο
1409 887 1553 955 μετὰ.
1583 885 1851 954 Βηθανίας

281 985 696 1054 σκιρτήσωμεν⁹
743 981 880 1050 μετά
932 977 1182 1050 Λαζάρου
1222 979 1330 1032 τῶν
1397 979 1609 1047 νεκρῶν
1671 979 1850 1047 ἔργων

274 1071 631 1139 ἀναστῶμεν·
683 1069 821 1138 μετά
864 1068 972 1121 τῶν
1025 1070 1084 1120 ἐν
1122 1067 1259 1120 Σιὼν
1304 1067 1671 1137 χορεύσωμεν·
1714 1067 1850 1136 μετά

275 1163 384 1216 τῶν
413 1161 828 1230 ἀναόλεψάντων
846 1160 1059 1228 τυφλῶν
1090 1157 1380 1230 κράξωμεν
1403 1176 1418 1190 ο
1451 1158 1590 1228 μετά
1639 1158 1846 1228 νηπίων

277 1256 372 1308 καὶ
401 1255 676 1325 γερόντων
697 1252 1000 1319 αἰνέσωμεν
1020 1269 1034 1282 ο
1063 1253 1201 1320 μετά
1223 1251 1478 1322 μαθητῶν
1504 1250 1848 1320 κηρύξωμεν·

275 1344 478 1396 ἐλαιῶν
509 1344 737 1404 κλάδους
775 1341 843 1394 δι’
895 1341 1267 1410 ἐλεημοσύνης
1299 1343 1355 1393 ἐν
1386 1344 1449 1410 τῇ
1480 1341 1574 1392 τοῦ
1609 1341 1725 1410 βίον
1753 1339 1854 1408 ὀδῷ

277 1435 462 1498 καλῶς
521 1433 958 1504 ὑποστρώσωμεν
983 1448 1000 1464 ο
1057 1434 1198 1486 κατά
1229 1436 1355 1496 τοὺς
1395 1433 1592 1496 παῖδας
1629 1431 1856 1502 περικό-

274 1527 470 1596 ψωμεν
517 1525 616 1594 τῆς
673 1524 942 1576 πολυΰλου
1001 1523 1154 1594 ἡμῶν
1209 1523 1495 1593 ὑπάρξεως
1528 1522 1618 1574 τὸν
1651 1521 1854 1588 ὄγκον*

278 1619 375 1670 καὶ
425 1617 768 1688 ἐλεημοσύνη
802 1617 1026 1678 ἑαυτοὺς
1065 1617 1505 1686 ὑποστρώσωμεν
1560 1615 1618 1667 ὲν
1651 1617 1718 1685 τῇ
1754 1613 1859 1683 ὁδῷ

277 1712 344 1779 τῇ
381 1707 620 1778 λεγούσῃ
647 1724 661 1738 ·
707 1708 848 1776 Ἐγώ
880 1711 998 1776 ειμι
1031 1709 1069 1776 ἠ
1109 1707 1267 1773 ὁδός
1299 1709 1446 1770 ὅπως
1477 1707 1573 1759 καὶ
1601 1708 1764 1776 ἡμεῖς
1791 1707 1858 1759 δι’

1946 631 2069 670 cum
2096 617 2317 672 Christo
2341 617 2661 671 modestiam
2684 617 2949 681 colamus,
2975 623 3038 670 ut
3066 623 3122 669 et
3143 615 3303 668 simul
3331 630 3524 670 ascen-

274 732 460 785 σωμεν
489 710 733 782 Χριστῷ,
771 711 858 762 ἵνα
890 709 984 761 καὶ
1019 707 1364 777 συνέλθωμεν
1389 724 1402 736 ο
1439 709 1578 776 μετὰ
1600 707 1848 774 ἀγγέλων
1946 708 2139 762 damus

2189 725 2202 762 :
2253 723 2378 762 cum
2428 709 2636 777 angelis
2677 722 3037 776 personemus
3081 706 3312 776 hymnos
3358 720 3518 758 :cum

1950 799 2137 868 pueris
2174 800 2581 868 glorilicemns:
2614 815 2738 853 cum
2794 800 2975 861 turba,
3031 797 3221 851 eadem
3281 811 3345 849 ac
3411 795 3525 864 ipsa

1951 891 2249 945 clamemus
2274 908 2286 942 :
2311 905 2435 944 cum
2461 889 2724 944 Bethania
2752 890 3091 944 exsultemns
3114 906 3128 941 :
3155 904 3277 942 cum
3298 889 3523 952 Lazaro,

1951 983 2022 1037 ab
2053 984 2316 1052 operibus
2355 984 2586 1036 mortuis
2642 997 3022 1052 resurgamus:
3058 998 3180 1037 cum
3215 981 3396 1036 Sionis
3441 980 3528 1034 in-

1952 1075 2090 1129 colis
2149 1075 2348 1128 choros
2396 1073 2697 1142 agitemus:
2735 1088 2860 1128 cum
2920 1073 3078 1127 caecis
3125 1072 3326 1141 quibus
3375 1072 3528 1124 visus

1953 1168 2239 1221 restitutus
2289 1165 2414 1228 fuit,
2461 1166 2794 1219 clamemus:
2827 1181 2952 1220 cum
3001 1163 3190 1234 pueris
3216 1171 3272 1215 et
3305 1161 3528 1216 senibus

1955 1257 2278 1312 laudemus:
2313 1273 2436 1311 cum
2471 1257 2759 1326 discipulis
2788 1257 3147 1326 przedicemus
3182 1273 3194 1308 :
3222 1269 3405 1307 ramos
3429 1251 3530 1306 oli-

1955 1361 2143 1397 varum
2177 1361 2274 1414 per
2305 1346 2740 1400 misericordiam
2770 1347 2825 1400 in
2857 1346 2982 1399 vita:
3013 1346 3206 1398 itinere
3230 1357 3527 1413 puerorum

1957 1449 2112 1488 more
2144 1435 2246 1488 ritc
2288 1445 2599 1491 stcrnamus
2627 1455 2638 1490 :
2672 1437 3130 1492 circumcidamus
3163 1437 3322 1505 longe
3361 1443 3532 1488 mate-

1959 1526 2111 1578 rialis
2166 1536 2364 1580 nostra:
2415 1527 2734 1581 substantia:
2785 1530 3004 1591 molem,
3059 1543 3268 1596 nosque
3316 1525 3532 1579 miseri-

1959 1617 2162 1672 cordia:
2214 1619 2268 1671 in
2308 1618 2394 1671 via
2429 1619 2865 1684 substernamus,
2915 1637 3036 1690 quae
3065 1619 3233 1674 dicit:
3279 1619 3389 1688 Ego
3413 1633 3531 1670 sum

1960 1711 2100 1763 via”
2127 1726 2139 1762 :
2175 1719 2234 1762 ut
2267 1719 2321 1764 et
2363 1725 2462 1764 nos
2491 1726 2588 1779 per
2618 1726 2737 1765 eam
2763 1720 2819 1765 et
2847 1727 2969 1764 cum
3007 1727 3069 1765 ea
3096 1708 3530 1763 misericordiam

282 1802 456 1870 αὐτῆς
489 1800 740 1871 εὕρωμεν
769 1800 920 1864 ἔλεος
954 1801 1084 1870 παρ’
1115 1801 1302 1870 αὐτῆς,
1328 1801 1422 1852 καὶ
1456 1800 1552 1852 σὺν
1594 1799 1730 1867 αὐτῇ
1765 1801 1845 1858 εἰς

1959 1799 2310 1853 inveniamus
2338 1801 2393 1854 in
2419 1815 2655 1870 superna
2685 1801 3006 1855 Jerusalem.
3034 1800 3088 1854 ln
3113 1815 3368 1870 magnum
3396 1798 3531 1852 illud

278 1891 378 1961 τὴν
412 1891 528 1945 ἀνω
561 1891 936 1962 Ἰερουσαλήμ.
973 1891 1066 1954 Εἰς
1095 1891 1154 1943 τὸ
1182 1891 1324 1960 ἱερὸν
1359 1890 1421 1942 τὸ
1447 1890 1592 1959 μέγα
1631 1905 1848 1943 συνεισ-

278 1982 553 2052 ἐλθωμεν,
585 1983 680 2035 καὶ
709 1984 758 2035 οἱ
784 1983 1136 2052 προάγοντες,
1178 1983 1273 2034 καὶ
1327 1981 1379 2034 οἱ
1411 1979 1850 2043 ἀκολουθοῦντεςο

279 2075 330 2126 οἱ
361 2076 702 2144 προάγοντες
730 2073 852 2144 μὲν,
879 2075 927 2125 οἱ
963 2075 1019 2126 ὲν
1047 2076 1114 2143 τῇ
1143 2073 1302 2143 τρίτῃ
1340 2071 1480 2144 ὥρᾳ,
1511 2072 1606 2125 καὶ
1639 2074 1688 2124 οἰ
1723 2073 1856 2124 ἀκο-

282 2164 631 2227 λουθοῦντες,
663 2166 712 2218 οἱ
749 2166 876 2235 περὶ
911 2157 1032 2235 ’τὴν
1082 2165 1412 2233 ἑνδεκάτηνο
1473 2164 1567 2216 καὶ
1627 2163 1678 2216 οἱ
1725 2179 1861 2233 προ-

285 2243 518 2325 ἀγοντες
545 2257 632 2311 διὰ
661 2257 932 2327 πράξεων,
972 2257 1062 2310 καὶ
1085 2257 1132 2308 οἱ
1167 2255 1582 2317 ἀκολουθοῦντες
1611 2255 1695 2307 διὰ
1730 2271 1863 2324 προ-

285 2350 518 2413 Θέσεως,
550 2349 786 2412 ἅπαντες
836 2346 982 2420 [σὺν]
1014 2345 1233 2417 Χριστῷ
1255 2345 1305 2412 ἀ,
1340 2347 1388 2398 οἱ
1436 2345 1590 2399 αὐτοὶ
1631 2360 1860 2397 συνακο-⁹

287 2441 637 2504 λουθοῦντες,
696 2442 792 2492 καὶ
843 2438 1310 2508 ἀκολουθήσαντες
1367 2435 1860 2506 συμϐασιλεύοντες

287 2529 468 2600 αὐτῷ,
499 2531 592 2582 καὶ
621 2528 729 2581 τῶν
763 2528 996 2582 αἰωνίων
1031 2527 1252 2594 ἀγαθῶν
1282 2525 1672 2586 ἀπολαύοντες,
1701 2523 1861 2590 δόξαν

289 2621 382 2676 καὶ
452 2620 822 2690 μεγαλοσύνην
875 2618 1308 2688 ἀναπέμψωμεν,
1371 2616 1486 2686 ἅμα
1545 2615 1624 2686 τῷ
1662 2615 1858 2685 Πατρὶ,

291 2714 382 2765 καὶ
440 2709 518 2779 τῷ
563 2711 809 2781 παναγίῳ
852 2713 946 2763 καὶ
992 2709 1241 2778 ζωοποιῷ
1284 2709 1598 2778 Πνεύματι,
1642 2707 1738 2760 νῦν
1770 2708 1862 2760 καὶ

291 2801 402 2866 ἀεὶ,
441 2800 534 2853 καὶ
569 2801 649 2862 εἰς
679 2800 803 2863 τοὺς
826 2801 1024 2862 αἰῶνας
1049 2799 1157 2852 τῶν
1183 2798 1415 2852 αἰώνων.
1491 2799 1684 2868 Ἀμήν.

361 2938 411 2969 ’ί
457 2937 600 2992 Psal.
636 2953 780 3001 χχχι,
808 2939 860 2993 9.
925 2939 970 2970 "
998 2938 1156 2994 Joan.
1183 2953 1294 3002 xtv,
1324 2938 1380 2992 6.

1959 1891 2220 1959 templum
2258 1891 2464 1959 pariter
2504 1891 2896 1962 ingrediantur,
2949 1903 3062 1946 tum
3121 1894 3214 1961 qui
3271 1890 3532 1961 pra-cedi-

1961 1993 2106 2044 mus,
2141 1988 2257 2033 tum
2290 1981 2384 2050 qui
2411 1983 2732 2051 sequimur:
2765 1984 2857 2052 qui
2902 1984 3291 2053 praaccdimus,
3326 1982 3418 2052 qui
3446 1982 3532 2036 ni-

1961 2070 2161 2124 mirum
2187 2071 2322 2125 hora
2366 2075 2554 2126 tertia:
2581 2084 2636 2128 et
2663 2075 2756 2144 qui
2786 2076 3069 2145 sequimur
3091 2117 3105 2141 ,
3129 2076 3230 2144 qui
3256 2075 3399 2129 circa
3434 2091 3534 2128 un-

1965 2161 2279 2216 decimam:
2338 2163 2455 2232 qui,
2504 2164 2750 2233 inquam,
2809 2181 2906 2234 per
2962 2174 3080 2220 acta
3136 2165 3533 2235 praecedimus;

1966 2251 2171 2321 quique
2223 2255 2509 2324 sequimur
2559 2271 2656 2324 per
2698 2259 3035 2326 propositum
3096 2257 3301 2322 animi;
3345 2271 3537 2312 omnes

1965 2339 2204 2408 Christo,
2229 2346 2281 2400 ei
2312 2361 2458 2401 nunc
2478 2363 2541 2402 ac
2559 2348 2690 2402 olim
2731 2351 2979 2413 comites,
3005 2366 3128 2404 cum
3158 2351 3275 2419 ipso
3305 2365 3537 2418 regnan-

1969 2446 2086 2500 tes,
2136 2453 2201 2491 ac
2255 2438 2608 2508 sempiternis
2654 2440 2815 2494 bonis
2876 2440 3143 2504 fruentes,
3193 2439 3423 2508 gloriam
3473 2453 3537 2492 ac

1966 2526 2426 2595 magniﬁcentiam
2482 2530 2910 2594 submittamus,
2976 2547 3082 2584 una
3149 2545 3273 2584 cum
3351 2529 3535 2590 Patre,

1967 2617 2424 2688 sanctissimoque
2453 2635 2516 2674 ac
2541 2621 2760 2675 viviﬁco
2785 2619 3022 2688 Spiritu,
3048 2635 3193 2674 nunc
3221 2627 3276 2674 et
3299 2630 3537 2688 semper,

1967 2717 2023 2762 et
2053 2707 2105 2762 in
2132 2711 2327 2765 saecula
2354 2713 2699 2767 szeculorum.
2734 2715 2927 2767 Amen.
2994 2697 2998 2700 ’

1570 3031 1806 3086 νΛΙὶΙΑΞ
1845 3029 2136 3088 LECTlON
2151 3031 2256 3086 ES.

363 3100 396 3140 ἀ
433 3101 670 3172 Χριστῷ.
702 3102 830 3173 Leg.
863 3103 942 3174 τῷ
971 3103 1214 3174 Χριστῷ.

325 3295 2814 3315 g-mmWW

325 3301 1855 3315 .-.α-..ΨΜ

304 3301 655 3335 μοο-*οο*
670 3317 1855 3328 __._—.._—.__——-————————_

695 3465 992 3582 ΤΟΥ
1104 3459 2300 3583 ΜΑΚΑΡΙΩΤΑΤΟΥ
2407 3452 3170 3572 ΕΥΛΟΓΙΟΥ

1532 3680 1732 3734 ΠΑΠΑ
1773 3673 2340 3732 ΑΛΕΞΑΝΔΡΕΙΑΣ

1458 3837 2026 3925 ΚΕΦΑΛΑΙΑ
2099 3837 2396 3922 ΕΠΤΑ

456 4023 610 4078 ΠΕΡΙ
641 4025 775 4078 ΤΩΝ
803 4025 936 4080 ΔΥΟ
966 4023 1232 4080 ΦΥΣΕΩΝ
1262 4025 1398 4080 ΤΟΥ
1441 4022 1702 4078 ΚΥΡΙΟΥ
1737 4023 1858 4076 ΚΑΙ
1896 4018 2078 4075 ΘΕΟΥ
2126 4019 2248 4073 ΚΑΙ
2282 4015 2596 4070 ΣΩΤΗΡΟΣ
2629 4014 2826 4070 ΗΜΩΝ
2859 4011 3063 4068 ιΗΣΟΥ
3088 4005 3404 4064 ΧΡΙΣΤΟΥ.

1191 4359 1991 4476 BEATISSIMI
2108 4356 2689 4472 EULOGII

1577 4579 1786 4635 ΡΑΡΑΞ
1819 4557 2304 4636 ALEXANDRINI

1353 4777 1767 4870 CAPITA
1803 4754 1922 4837 (15>
1991 4769 2449 4861 SEPTEM

431 4973 523 5032 DE
570 4970 865 5032 DUABUS
913 4967 1243 5032 NATURIS
1284 4967 1549 5030 DOMINI
1590 4966 1867 5040 DEIQUE
1920 4923 2008 5027 AC
2051 4962 2522 5026 SALVATORIS
2577 4959 2854 5022 NOSTRI
2907 4957 3085 5020 JESU
3133 4957 3454 5020 CHRISTI.

1500 5130 1771 5191 Interprcle
1795 5127 2063 5178 Funusco
2095 5127 2395 5177 Cosam-mo.

392 5404 472 5460 A'.
494 5407 554 5460 El
576 5409 707 5477 μιᾶς
723 5407 933 5477 φύσεως
952 5407 1092 5476 μετά
1120 5406 1219 5477 τὴν
1238 5408 1428 5460 ἕνωσιν
1453 5407 1482 5458 ὁ
1499 5405 1699 5476 Κύριος
1728 5404 1853 5475 ἠμῶ

2057 5403 2096 5458 l.
2143 5402 2198 5457 Si
2226 5401 2389 5456 unius
2419 5410 2630 5456 natura:
2665 5410 2789 5472 post
2852 5399 3112 5455 unionem
3162 5405 3248 5452 est
3300 5393 3564 5450 Dominus

337 5494 541 5565 Ἰησοῦς
567 5498 802 5569 Χριστός
837 5501 1004 5565 ἐστιν,
1036 5499 1177 5564 εἰπὲ,
1216 5498 1410 5565 ποίας;
1456 5498 1555 5566 τῆς
1587 5498 1882 5567 λαϐούσης,

1990 5504 2179 5552 noster
2208 5496 2370 5552 Jesus
2395 5493 2651 5551 Christus
2672 5535 2686 5560 ,
2746 5509 2899 5564 rogo,
2932 5488 3256 5562 cujusnam?
3295 5486 3416 5558 ejus
3443 5501 3564 5554 qua:
3585 5489 3598 5508 ’

398 5637 508 5706 (l5)
544 5639 770 5714 Exstant
819 5641 954 5714 haec
983 5647 1186 5714 septem
1243 5640 1432 5714 Capita
1468 5643 1644 5714 sancti
1677 5642 1887 5714 Eulogii
1927 5645 2070 5700 inter
2089 5641 2351 5712 opuscula
2397 5641 2699 5710 theologica
2739 5637 2911 5695 sancti
2951 5634 3166 5692 Maximi
3207 5628 3562 5694 confessoris,

327 5704 461 5776 Opp.
491 5704 623 5764 tom.
654 5710 715 5774 ll,
755 5727 908 5780 pagg.
944 5704 1168 5780 liii-seq.
1189 5704 1779 5768 editICombt-ﬁsianze.
