4016 6208
476 312 628 378 2939'

1493 282 1557 379 s.
1597 315 1911 375 EULOGll
1951 316 2303 377 ARCHIEP.
2346 318 2721 380 ALEXAND:

3614 318 3759 383 29ιύ

475 428 795 499 assumpsit,
829 437 923 484 aut
969 445 1091 499 qua:
1145 438 1425 499 assumpta
1474 431 1599 485 est?
1645 429 1850 500 quidve
1893 430 2063 485 altera

2177 434 2334 505 ῆτῆς
2362 434 2701 506 ληφθείσης;
2763 437 2859 490 καὶ
2914 438 2965 489 τί
3011 436 3303 508 γέγονεν’ή
3338 436 3546 508 ἑτέρας
3603 442 3783 495 εἴδε-

474 520 679 577 factum
700 520 827 576 est?
852 520 946 576 Sin
989 530 1174 576 autem
1224 524 1492 578 exsistant
1532 523 1729 588 ambae,
1781 524 2062 593 quomodo

476 621 610 668 sunt
668 627 800 678 una,
830 611 937 667 nisi
968 628 1036 667 ex
1066 611 1333 667 ambabus
1387 627 1520 673 una,
1552 613 1857 683 composita
1920 612 2063 668 facta

476 706 606 762 est?
633 704 728 761 Sin
753 713 936 759 autem
969 719 1027 758 se
1067 718 1158 758 res
1194 704 1273 757 sic
1299 703 1484 767 habet,
1527 704 1807 774 quomodo
1833 720 1945 759 non
1974 705 2062 759 di-

477 813 652 854 versae
678 797 999 853 substantiae
1015 796 1270 851 Christus
1292 811 1324 851 a
1346 796 1529 862 Patre,
1551 797 1645 866 qui
1665 798 1848 852 munis
1865 812 2064 867 expers

479 891 895 961 compositionis
929 890 1051 944 est?

549 984 614 1039 ll.
658 982 712 1036 Si
747 998 1031 1053 nunquam
1066 981 1308 1053 duplicis
1340 991 1556 1037 naturae
1586 983 1852 1038 Dominus
1874 992 2072 1040 noster

474 1077 638 1132 Jesns
673 1075 929 1132 Christus
962 1076 1181 1146 agnitus
1232 1086 1339 1143 est,
1389 1076 1667 1146 quomodo
1722 1087 1903 1146 potest
1954 1077 2063 1134 dici

475 1170 761 1226 Christum
816 1178 942 1239 post
1003 1169 1264 1224 unionem
1313 1171 1478 1224 unius
1525 1184 1650 1224 esse
1708 1179 1939 1234 naturae,
1970 1180 2067 1226 aut

476 1263 646 1317 etiam
672 1276 898 1331 prorsus
921 1261 1230 1331 nuncupari
1263 1262 1435 1315 unio?
1460 1261 1558 1316 Sin
1610 1270 1799 1317 autem
1828 1262 1963 1317 ﬁdes
1981 1272 2066 1317 est

480 1352 651 1408 luisse
678 1352 960 1408 Christum
990 1353 1231 1424 duplicis
1262 1364 1496 1420 naturae,
1543 1355 1653 1418 die,
1696 1370 1849 1427 rogo,
1884 1372 2065 1425 quan-

476 1442 680 1498 donam
739 1443 993 1500 Christus
1038 1454 1158 1500 erat
1209 1446 1449 1517 duplicis
1494 1455 1724 1513 natum,
1756 1462 1821 1502 ac
1845 1447 2071 1517 quando

483 1535 649 1590 unius
680 1534 898 1591 factus?

551 1627 640 1681 Ill.
691 1628 1023 1698 Ejusdemne
1069 1630 1214 1683 Deus
1243 1628 1481 1697 Verbum
1542 1645 1668 1685 cum
1700 1647 1865 1686 carne
1892 1633 1961 1687 ab
1997 1648 2066 1687 eo

477 1729 758 1789 assumpta
792 1720 1116 1775 substantiae
1169 1731 1276 1787 est,
1325 1738 1396 1777 an
1446 1722 1720 1778 diversae?
1749 1725 1839 1789 At,
1864 1726 1907 1779 si
1936 1726 2064 1795 qui-

2168 526 2508 596 ὐπὰρχονσιν
2533 527 2868 598 ἀμφότεραι,
2910 527 3028 590 πῶς
3060 527 3179 598 μία,
3222 531 3271 581 ει
3316 530 3391 599 μὴ
3421 530 3481 596 ἐξ
3504 532 3757 603 ἁμφοτέὲ

2170 635 2281 689 ρων
2313 620 2411 689 μία
2443 619 2780 689 ἀπετελέσθη
2814 619 3112 685 σύνθετοςς
3167 622 3218 674 εἰ
3275 622 3335 675 δὲ
3392 624 3568 686 τοῦτο,
3629 625 3777 689 πῶς’

2166 712 2265 781 οὐχ
2305 712 2642 783 ἐτεροούσιος
2673 714 2702 767 6
2740 714 2997 784 Χριστὸς,
3048 713 3141 766 τοῦ
3196 714 3407 786 [ἰατρὸς
3447 718 3785 770 ἁσυνϐἐτιυί

2167 800 2507 872 ὑπάρχοντος
2528 817 2541 866 ;

2239 978 2313 1031 B'.
2334 978 2398 1030 Εἰ
2426 977 2682 1031 οὐδέποτε
2706 976 2803 1030 δύο
2818 976 3032 1047 φύσεων
3050 980 3079 1031 6
3104 978 3306 1049 Κύριος
3341 980 3495 1050 ἡμῶν
3534 981 3741 1051 Ἰησοῦς

2166 1068 2403 1137 Χριστὸς
2425 1066 2776 1139 ὡμολόγηται
2826 1067 2922 1133 ὢν,
2954 1068 3074 1133 πῶς
3127 1071 3351 1124 δυνατὸν
3399 1073 3579 1139 λέγειν
3616 1076 3753 1142 μιᾶς

2170 1161 2310 1229 μετὰ
2354 1159 2454 1230 τὴν
2497 1160 2693 1213 ἕνωσιν
2743 1159 2835 1214 τὸν
2890 1162 3151 1232 Χριστὸν,
3187 1163 3218 1234 ἢ
3259 1164 3355 1216 καὶ
3402 1165 3537 1228 ὅλως
3565 1166 3753 1233 λέγειν

2166 1250 2399 1315 ἓνωσινς
2450 1251 2498 1303 ει
2553 1250 2611 1303 δὲ
2663 1250 3013 1321 ὡμολόγηται
3057 1254 3086 1305 6
3133 1253 3368 1322 Χριστὸς
3401 1254 3494 1307 δύο
3530 1254 3755 1322 φύσεων

2166 1341 2471 1410 γεγονέναι,
2503 1342 2626 1395 εἰπὲ
2671 1344 2801 1395 πότε
2839 1343 2932 1397 δύο
2967 1343 3183 1414 φύσεων
3215 1342 3282 1417 ἦν
3306 1347 3336 1397 6
3364 1348 3621 1415 Χριστὸς,
3657 1353 3754 1401 καὶ

2167 1434 2298 1488 πότε
2328 1435 2553 1502 γέγονεν
2586 1436 2649 1487 ὲκ
2673 1436 2802 1504 μιᾶς
2832 1452 2846 1499 ;

2236 1609 2312 1664 I".
2329 1610 2648 1679 Ὀμοοόσιος
2675 1614 2701 1665 6
2718 1610 2848 1672 Θεὸς
2865 1612 3034 1679 Λόγος
3054 1614 3127 1682 τῇ
3144 1612 3275 1683 παρ’
3294 1612 3458 1666 ωδτοῦ
3479 1613 3753 1685 melius“

2169 1702 2354 1772 σαρκὶ,
2386 1702 2419 1768 ἢ
2455 1702 2790 1772 ἐτεροούσιος
2821 1721 2834 1767 ;
2863 1705 2971 1755 ἀλλ’
2998 1705 3045 1754 εἰ
3078 1705 3176 1772 μὲν
3202 1702 3506 1772 όμοούσιος,
3532 1707 3653 1768 πῶς
3687 1708 3754 1759 οὐ

481 1811 605 1866 dem
640 1812 889 1883 ejusdem
935 1823 1041 1878 est,
1087 1815 1365 1883 quomodo
1416 1814 1662 1870 Trinitas
1706 1832 1817 1871 non
1867 1816 2063 1872 eﬂ‘ecta

2177 1795 2357 1863 γέγονε
2390 1796 2586 1866 τετρὰς
2614 1797 2646 1866 ἡ
2677 1797 2882 1867 Τριέιςς
2915 1798 2961 1849 εἰ
2984 1797 3039 1849 δὲ
3059 1798 3454 1867 ὲτεροοῠσιοςή
3488 1797 3626 1868 σὰρξ
3657 1798 3753 1851 τοῦ

476 1905 824 1973 quaternitas
855 1908 975 1960 est?
1016 1906 1111 1961 Sin
1147 1917 1331 1962 autem
1363 1923 1495 1964 caro
1530 1908 1760 1964 diversa:
1808 1909 2066 1964 substan-

479 1993 572 2046 tiae
600 2007 632 2046 a
666 1992 778 2047 Deo
816 1994 993 2049 Verbo
1040 2005 1145 2060 est,
1178 1997 1457 2065 quomodo
1504 1996 1760 2053 Christus
1801 2013 1911 2051 non
1961 1997 2065 2052 du-

479 2080 641 2150 plicis
678 2091 764 2136 est
791 2084 1045 2138 naturae?

549 2180 639 2236 IV.
673 2183 814 2239 Sunt
856 2184 951 2255 qui
988 2201 1149 2240 unam
1203 2186 1297 2241 Dei
1327 2186 1490 2241 Verbi
1526 2197 1779 2242 naturam
1812 2188 2064 2243 incarna—

480 2284 589 2329 tam
637 2275 830 2331 dicunt
875 2276 1024 2348 (te):
1071 2279 1317 2332 arbitror
1362 2288 1545 2334 autem
1601 2294 1697 2334 vos
1731 2296 1952 2350 quoque
1984 2283 2064 2337 sic

479 2367 688 2422 dicere.
716 2369 786 2422 At
815 2370 986 2434 enim,
1022 2371 1066 2424 si
1111 2372 1219 2426 hoc
1266 2372 1342 2426 ita
1398 2372 1836 2443 intelligendum,
1862 2387 1923 2429 ut
1958 2392 2064 2430 una

476 2458 551 2514 sit
580 2460 676 2514 Dei
708 2476 771 2515 ac
816 2463 1003 2517 carnis
1046 2462 1389 2530 substantia;
1424 2481 1663 2535 quonam
1721 2468 1884 2522 modo
1945 2467 2060 2522 ﬁeri

480 2559 660 2620 potest
707 2561 765 2606 ut
805 2553 951 2609 idem
982 2565 1228 2610 creatum
1272 2557 1344 2612 sit
1382 2574 1508 2612 cum
1535 2559 1802 2626 inereato,
1836 2562 2063 2631 etquod

475 2652 563 2699 est
597 2644 997 2711 sempiternum
1032 2662 1155 2701 cum
1189 2663 1256 2702 eo
1291 2649 1438 2718 quod
1490 2651 1722 2719 tempori
1754 2651 2063 2721 subjectum

477 2734 602 2789 est?
628 2735 722 2789 Sin
757 2744 941 2790 autem
966 2736 1196 2802 idcirco,
1224 2739 1371 2809 quod
1405 2756 1513 2794 una
1537 2750 1734 2795 natura
1763 2740 1963 2795 habeat
1986 2742 2064 2795 al-

479 2834 675 2891 teram,
702 2834 796 2880 aut
826 2827 894 2881 ab
922 2828 1096 2883 altera
1131 2828 1423 2893 habeatur,
1454 2831 1579 2900 quis
1622 2845 1787 2885 unam
1812 2840 1868 2886 et
1896 2846 2063 2886 unam

478 2932 589 2971 non
611 2917 767 2983 duas,
784 2918 899 2974 ‘scd
924 2935 1088 2974 unam
1112 2921 1379 2991 appellari
1404 2921 1586 2976 ferat?

554 3008 615 3064 V.
642 3009 698 3065 Si
726 3027 834 3065 una
871 3021 1068 3067 natura
1106 3013 1202 3067 Dei
1238 3014 1404 3069 Verbi
1455 3024 1511 3069 et
1553 3015 1755 3081 Patris,
1782 3016 2063 3085 quomodo

480 3116 589 3156 non
634 3118 740 3157 una
774 3113 968 3157 natura
999 3105 1097 3159 Dei
1129 3104 1291 3159 Verbi
1324 3114 1379 3159 et
1407 3106 1585 3161 Patris
1614 3116 1670 3161 et
1698 3107 1923 3162 carnis?

554 3278 640 3333 Vl.
669 3278 724 3333 Si
753 3278 902 3331 nulla
935 3276 1147 3331 ratione
1178 3277 1322 3330 Deus
1350 3277 1588 3332 Verbum
1641 3289 1699 3334 et
1753 3295 1883 3333 caro
1933 3288 2064 3335 sunt

481 3371 612 3435 duo,
654 3371 930 3439 quomodo
962 3386 1070 3423 non
1125 3369 1273 3425 omni
1318 3370 1529 3424 ratione
1561 3371 1703 3425 Deus
1738 3368 1978 3424 Verbum
2009 3379 2065 3425 et

481 3478 609 3518 caro
648 3479 821 3517 unum
865 3464 1027 3517 sunt?
1071 3463 1169 3528 Ac,
1201 3463 1245 3518 si
1277 3461 1501 3533 quidem
1551 3463 1699 3517 Deus
1732 3462 1971 3517 Verbum
2010 3472 2067 3517 et

480 3570 611 3610 caro
640 3556 791 3609 omni
836 3556 1049 3609 ratione
1110 3555 1257 3609 idem
1320 3561 1472 3618 sunt,
1514 3553 1791 3623 quomodo
1822 3552 2065 3609 Verbum

482 3662 613 3702 caro
643 3662 752 3701 non
784 3647 913 3713 erit,
943 3656 1002 3701 et
1031 3661 1161 3701 caro
1187 3646 1450 3710 Verbum,
1502 3644 1763 3714 Patrique
1790 3655 2064 3701 comtcrna

482 3749 540 3794 et
576 3738 1069 3795 consubstantialis
1125 3738 1271 3792 haud
1306 3752 1468 3792 secus
1507 3753 1572 3792 ac
1614 3736 1757 3791 Deus
1786 3736 2066 3791 Verbum?

484 3830 579 3887 Sin
620 3840 806 3886 autem
856 3846 965 3885 non
1010 3830 1158 3885 omni
1204 3829 1366 3886 modo
1402 3830 1547 3883 Deus
1584 3828 1824 3882 Verbum
1850 3834 1907 3881 et
1936 3843 2066 3882 caro

2166 1885 2303 1940 Θεοῦ
2344 1888 2548 1956 Λόγου,
2593 1887 2707 1951 πῶς
2739 1889 2800 1941 οὐ
2826 1888 2922 1941 δύο
2955 1889 3171 1957 φύσεων
3195 1889 3229 1940 6
3254 1889 3525 1956 Χριστόςς

2236 2171 2309 2224 Δ’.
2344 2171 2488 2224 Μίαν
2507 2170 2669 2239 φύσιν
2682 2168 2774 2223 τοῦ
2791 2168 2925 2221 Θεοῦ
2952 2169 3126 2236 Λόγου
3165 2165 3591 2238 σεσαρκωμένην
3615 2166 3753 2235 φασί

2164 2279 2308 2326 τινες
2332 2279 2345 2293 ·
2377 2259 2532 2332 οἶμαι
2561 2262 2618 2315 δὲ
2650 2262 2745 2315 καὶ
2776 2261 2921 2330 ὑμᾶς
2955 2259 3098 2314 οὕτω
3137 2260 3339 2328 λέγειν.
3385 2258 3528 2312 Ἀλλ’
3557 2260 3609 2312 ει
3648 2260 3761 2336 μὶν,

2169 2358 2297 2428 μιᾶς
2324 2355 2514 2418 οὐσίας
2545 2354 2639 2407 τοῦ
2679 2353 2816 2407 Θεοῦ
2844 2354 2938 2406 καὶ
2964 2354 3065 2423 τῆς
3093 2352 3295 2422 σαρκὸς
3311 2350 3469 2405 τοῦτο
3496 2353 3747 2422 νοητέον,

2165 2449 2283 2513 πῶς
2316 2443 2429 2502 οἶόν
2458 2466 2517 2501 τε
2562 2448 2625 2500 τὸ
2654 2446 2873 2500 κτιστὸν
2914 2446 2994 2515 τῷ
3032 2444 3297 2514 ἀκτίστῳ,
3328 2446 3425 2498 καὶ
3462 2445 3526 2497 τὸ
3576 2445 3753 2500 ἀΐδιον

2164 2542 2243 2613 τῷ
2269 2544 2374 2595 ὑπὸ
2410 2541 2600 2613 χρόνον
2630 2537 2771 2594 εἶναι
2810 2541 3045 2602 ταυτόνς
3082 2540 3130 2591 εἰ
3160 2537 3217 2590 δὲ
3258 2537 3334 2599 ὡς
3372 2538 3502 2607 μιᾶς
3526 2538 3753 2605 φύσεως

2166 2634 2395 2705 ἐχούσης
2420 2633 2638 2704 ἑτέραν,
2675 2632 2708 2705 ἦ
2742 2631 3011 2704 ἐχομένης
3041 2630 3131 2699 ὑφ’
3164 2630 3380 2702 ἐτέρας,
3414 2627 3496 2692 τίς
3530 2629 3753 2681 ὐποίσει

2169 2726 2300 2798 μίαν
2329 2727 2424 2781 καὶ
2452 2725 2604 2796 μίαν,
2640 2724 2704 2778 οὗ
2734 2723 2851 2788 δύο,
2885 2722 3023 2776 ἀλλὰ
3071 2722 3199 2793 μίαν
3221 2723 3394 2773 εἰπεῖν
3424 2736 3439 2784 ;

2238 3006 2312 3060 E'.
2340 3006 2401 3057 Εἰ
2441 3005 2538 3075 μία
2567 3002 2727 3073 φύσις
2763 3002 2857 3056 τοῦ
2895 3002 3028 3056 Θεοῦ
3054 3002 3226 3069 Λόγον
3250 3001 3342 3053 καὶ
3377 2999 3466 3053 τοῦ
3495 3000 3742 3069 Πατρὸέ,

2168 3096 2255 3148 πῶ
2272 3119 2283 3157 ς
2311 3098 2371 3149 οὑ
2424 3098 2522 3167 μία
2550 3096 2710 3166 φύσις
2741 3095 2836 3148 τοῦ
2875 3094 3012 3149 Θεοῦ
3055 3094 3230 3161 Λόγου
3274 3092 3373 3145 καὶ
3401 3090 3495 3144 τοῦ
3526 3091 3749 3161 Πατρὸς

2168 3186 2262 3237 καὶ
2290 3185 2388 3253 τῆς
2419 3185 2620 3254 σαρκός
2644 3201 2657 3248 ;

2240 3280 2331 3345 (τ’.
2355 3278 2416 3331 El
2445 3279 2566 3331 κατ’
2584 3276 2737 3329 οὐδὲν
2758 3276 2850 3329 δύο
2878 3279 2906 3330 6
2923 3276 3054 3339 856;
3076 3275 3245 3343 Λόγος
3270 3276 3364 3327 καὶ
3388 3276 3420 3344 ἠ
3452 3276 3611 3338 σὰρξ,
3630 3274 3757 3339 πῶς

2167 3372 2228 3423 οὐ
2253 3371 2392 3423 κατὰ
2424 3370 2603 3424 πάντα
2655 3370 2713 3423 ἓν
2751 3373 2780 3424 6
2811 3370 2942 3433 Θεὸς
2989 3370 3159 3437 Λόγος
3184 3370 3279 3422 καὶ
3309 3371 3341 3439 ἡ
3375 3367 3545 3438 σάρξς
3573 3368 3673 3420 καὶ
3703 3370 3755 3420 ει

2169 3461 2314 3516 κατὰ
2345 3463 2521 3516 πάντα
2552 3461 2610 3515 ἓν
2634 3464 2662 3517 6
2699 3461 2834 3526 Θεὸς
2870 3462 3042 3528 Λόγος
3099 3464 3195 3514 καὶ
3224 3462 3255 3531 ἠ
3301 3459 3458 3531 σὰρξ,
3496 3460 3613 3522 πῶς
3647 3459 3759 3512 οὐκ

2171 3554 2322 3609 ἔσται
2360 3555 2388 3606 6
2420 3552 2590 3623 Λόγος
2615 3554 2774 3625 σὰρξ,
2807 3555 2900 3606 καὶ
2925 3555 2958 3623 ἡ
2993 3553 3129 3622 σὰρξ
3182 3553 3369 3620 Λόγος.
3417 3551 3511 3605 καὶ
3558 3550 3756 3603 συναΐ-

2168 3645 2279 3708 διος
2308 3644 2386 3715 τῷ
2419 3645 2618 3715 [ια-ιρι,
2650 3646 2745 3697 καὶ
2785 3642 3071 3714 ὁμοούσιος
3114 3643 3189 3705 ὡς
3214 3644 3243 3694 6
3284 3642 3416 3705 Θεὸς
3452 3640 3664 3707 Λόγοςς
3702 3640 3755 3692 ει

2167 3740 2221 3793 δὲ
2247 3740 2309 3791 οὐ
2339 3738 2481 3792 κατὰ
2524 3739 2703 3792 πάντα
2730 3737 2788 3790 ἓν
2817 3741 2841 3793 6
2876 3737 3006 3799 Θεὸς
3042 3736 3215 3805 Λόγος
3244 3735 3339 3787 καὶ
3370 3736 3403 3802 ἡ
3440 3732 3599 3802 σὰρξ.
3630 3732 3756 3795 πῶς

2166 3831 2228 3886 οὐ
2254 3832 2396 3885 κατά
2434 3850 2484 3885 τι
2519 3832 2613 3885 δύο
2654 3835 2681 3885 ό
2702 3830 2835 3894 Θεὸς
2867 3830 3037 3897 Λόγος
3076 3829 3171 3882 καὶ
3204 3830 3237 3897 ἡ
3292 3827 3428 3898 σάρξ
3455 3844 3469 3892 ;

485 3937 653 3976 unum
712 3931 861 3988 sunt,
894 3922 1172 3992 quomodo
1194 3936 1305 3975 nou
1329 3920 1563 3990 quadam
1587 3919 1799 3973 ratione
1829 3919 1974 3973 Deus
1996 3918 2235 3979 Verbum
2264 3933 2319 3981 et
2349 3941 2478 3979 caro
2506 3925 2617 3979 duo
2647 3923 2815 3979 sunt?

554 4014 661 4068 Vll.
697 4015 752 4069 Si
790 4014 906 4069 ﬂeri
942 4029 1048 4069 non
1084 4023 1266 4084 potest
1296 4022 1355 4067 ut
1396 4010 1570 4082 magis
1609 4010 1872 4064 uniantur
1915 4011 2060 4068 Deus

484 4105 722 4161 Verbum
768 4115 823 4160 et
874 4122 1021 4170 caro,
1062 4122 1234 4176 quam
1288 4106 1434 4160 Deus
1485 4103 1725 4158 Verbum
1772 4110 1828 4158 et
1874 4103 2059 4171 Pater,

484 4196 760 4265 quomodo
790 4198 935 4251 Deus
962 4198 1202 4253 Verbum
1230 4197 1417 4251 unitus
1442 4202 1496 4250 et
1520 4209 1647 4249 caro
1669 4193 1818 4247 nulla
1847 4195 2061 4252 ratione

482 4288 785 4343 suntduo?

2078 4490 2485 4501 -——————_

2241 4019 2315 4072 Z'.
2342 4017 2403 4070 Et
2423 4015 2684 4071 ἀδύνατον
2720 4013 2879 4067 πλέον
2901 4011 3142 4082 ἡνῶσθαι
3166 4011 3256 4062 τὸν
3288 4010 3421 4062 Θεὸν
3443 4010 3615 4076 Λόγον
3656 4008 3756 4060 καὶ

2169 4109 2266 4178 τὴν
2307 4108 2508 4178 σάρκα,
2533 4100 2593 4159 οῦ
2632 4108 2839 4175 ἥνωται
2891 4104 2919 4155 ὁ
2949 4102 3083 4161 Θεὸς
3124 4102 3294 4169 Λόγος
3337 4094 3488 4154 καὶ“ὁ
3534 4100 3752 4169 Πατὴρ,

2169 4199 2287 4262 πῶς
2317 4198 2595 4269 ἡνωμένος
2624 4200 2651 4251 6
2676 4200 2807 4260 Θεὸς
2840 4195 3014 4263 Λόγος
3048 4195 3141 4247 καὶ
3180 4197 3213 4263 ἡ
3256 4192 3391 4261 σὰρξ
3427 4192 3548 4244 κατ’
3594 4192 3751 4244 οὐδέν

2168 4291 2273 4343 εἰσι
2301 4289 2428 4356 δύος

1590 4556 2616 4785 FRAGMENTA.

479 5038 691 5113 Eulogii
726 5038 1069 5113 Alexandrini
1099 5035 1345 5113 episcopi.
1374 5049 1562 5113 sermo
1609 5031 1968 5113 (“territi-italu
2010 5041 2058 5083 ιιι

2177 5044 2459 5113 Εὐλογίου
2488 5043 2826 5113 ἐπισκόπου
2875 5038 3327 5113 Ἀλεξανδρείας
3384 5037 3568 5113 λλότος
3613 5036 3740 5113 περὶ

639 5110 710 5163 a'e
740 5110 1103 5162 incarnatione
1132 5107 1270 5159 unici
1300 5104 1570 5159 Trinitatis
1599 5104 1695 5157 Dei
1734 5103 1898 5157 Verbi.

2240 5104 2481 5180 Τριὶὶδος
2510 5114 2606 5166 καὶ
2639 5112 2750 5179 τῆς
2777 5112 2939 5176 θείας
2963 5104 3311 5177 οἰκονομίας
3337 5107 3445 5160 τοῦ
3467 5106 3609 5170 ἐνὸς
3638 5104 3738 5172 τῆς

2244 5183 2482 5252 Τριάδος
2513 5183 2661 5237 Θεοῦ
2684 5184 2897 5249 Λόγου.
2998 5194 3003 5199 ’

1111 5310 1211 5380 (Ex
1238 5311 1359 5366 eod.
1388 5311 1561 5366 Vatic.
1606 5312 1697 5385 ed,
1726 5315 1857 5381 Arg.
1891 5312 2011 5375 MAI,
2047 5311 2242 5382 Script.
2299 5310 2540 5364 Veterum
2568 5308 2784 5364 collect.
2812 5306 2925 5373 Vll,
2966 5306 3111 5372 177.)

548 5428 604 5482 ln
639 5426 912 5497 principio
954 5436 1080 5482 ante
1120 5426 1319 5482 saecula
1350 5424 1455 5480 fuit
1482 5426 1644 5489 Deus,
1677 5435 1732 5480 et
1774 5426 1917 5481 Deus
1955 5426 2058 5479 fuit

474 5528 600 5574 ante
646 5518 863 5581 saacula,
895 5526 951 5572 et
998 5526 1124 5573 ante
1175 5520 1357 5573 omnia
1410 5518 1512 5572 fuit
1562 5519 1706 5572 Deus
1748 5518 2053 5587 (Verbum),

476 5619 601 5665 ante
632 5610 920 5674 mundum,
955 5620 1082 5664 autc
1117 5613 1342 5682 angelos
1368 5654 1383 5677 ,
1438 5620 1563 5664 ante
1626 5613 1821 5663 ct‘rlutu
1855 5652 1866 5673 ,
1931 5621 2056 5663 ante

570 5746 654 5817 l6)
696 5747 980 5815 Athenas,
1018 5749 1198 5821 Cyrill.

2247 5426 2332 5477 Ἐν
2363 5426 2504 5495 ἀρχῇ
2541 5423 2646 5494 πρὸ
2672 5423 2885 5475 αἰώνων
2914 5416 2981 5491 ἦν
3008 5421 3036 5473 6
3060 5418 3213 5480 Θεὸς,
3254 5417 3348 5469 καὶ
3377 5414 3511 5478 Θεὸς
3536 5409 3607 5486 ἦν
3634 5410 3730 5483 πρὸ

2166 5519 2274 5569 τῶν
2323 5517 2534 5569 αἶὼνων
2555 5555 2568 5579 ,
2628 5516 2721 5568 καὶ
2766 5514 2872 5585 πρὸ
2910 5512 3125 5567 πάντων
3157 5507 3226 5583 ἦν
3256 5512 3285 5563 6
3310 5507 3444 5570 Θεὸς
3477 5500 3726 5579 [Λόγος].

2168 5610 2272 5679 πρὸ
2308 5610 2535 5678 κόσμου,
2573 5606 2677 5678 πρὸ
2705 5607 2975 5675 ἀγγέλων,
3009 5605 3115 5675 πρὸ
3140 5599 3395 5674 οὐρανοῦ,
3429 5598 3537 5670 πρὸ
3561 5595 3727 5668 ἡλίου,
