4016 6208
286 319 418 382 2041

1129 323 1387 384 SERMO
1427 325 1524 384 DE
1565 327 1979 385 TRINITATE
2021 305 2732 388 ET'l-NCABNATIONE

3430 328 3570 394 2942

283 436 394 506 πρὸ
419 432 618 514 φωτὸς,
655 433 764 502 προ
799 432 1067 504 ἀστέρων,
1101 433 1210 503 πρὸ
1235 434 1478 503 ἀνέμων,
1511 435 1617 504 πρὸ
1641 435 1870 496 ὑδάτων,
1905 450 1918 494 λ

2009 435 2172 500 olem,
2197 443 2324 488 ante
2361 436 2562 500 lucem,
2590 443 2717 490 ante
2769 433 2974 500 sidera,
3023 447 3148 491 ante
3191 445 3406 502 ventos,
3441 449 3570 494 ante

287 529 392 600 πρὸ
422 527 613 596 πνοῆς,
655 526 761 596 πρὸ
791 527 890 596 τῆς
925 529 1048 596 γῆς,
1089 527 1194 596 πρὸ
1225 527 1404 598 πάσης
1433 529 1634 598 ὁρατῆς
1662 547 1741 586 τε,
1783 529 1878 581 καὶ

286 620 522 690 ἀοράτου
571 618 842 681 κτίσεως·
899 612 1054 681 οὗτος
1097 619 1279 671 τοίνυν
1323 619 1350 668 ὁ
1389 621 1733 690 προάναρχος
1785 621 1880 673 καὶ

290 709 616 781 προαιὼνιος
652 712 680 762 ὁ
713 709 968 772 ἄκτιστος
999 709 1132 772 Θεὸς
1168 709 1346 781 οἰκείᾳ
1379 711 1634 781 βουλήσει
1671 713 1762 764 καὶ
1791 713 1881 763 εὑ-

287 801 508 868 δοκήσει
539 801 614 863 ὡς
645 802 802 869 μόνος
835 795 978 854 οἶδεν
1009 802 1191 866 αὐτὸς,
1225 804 1317 855 καὶ
1344 805 1432 855 ὅτε
1459 799 1620 868 οἶδεν,
1643 805 1734 855 καὶ
1759 803 1882 856 ὅθεν

288 889 430 946 οἶδεν
448 934 462 958 ,
503 892 685 946 ἔκτισε
719 893 899 955 πάσας
926 895 1026 956 τὶς
1053 895 1343 964 οὖρανίους
1371 895 1478 948 τῶν
1503 895 1753 963 ἀγγέλων
1789 894 1882 947 καὶ

291 986 604 1056 ἀσωμάτων
655 987 1084 1056 στρατευμάτων
1131 989 1223 1040 καὶ
1257 989 1574 1057 ταγμάτων,
1606 985 1882 1058 ἀοράτων,

295 1077 726 1149 πολυομμάτων,
787 1078 1121 1148 ἀομμάτων,
1173 1079 1596 1150 ὲξαπτερῦγων,
1645 1079 1880 1148 θρόνων,

295 1172 542 1243 οὗρανῶν
591 1172 882 1242 δυνάμεις·
950 1169 1068 1227 εἶτα
1121 1173 1260 1244 μετὰ
1309 1175 1513 1236 ταυτας
1561 1174 1887 1244 δημιουργεῖ

295 1267 388 1318 τὸν
435 1265 714 1337 ὁρώμενον
761 1268 820 1332 ἐξ
866 1267 1100 1338 οὐρανοῦ
1153 1267 1248 1321 καὶ
1293 1268 1397 1336 γῆς
1427 1267 1670 1337 κόσμον.
1721 1267 1780 1331 ἐξ
1811 1262 1885 1320 ὧν

297 1359 412 1411 ἐστι
448 1359 542 1412 καὶ
574 1361 602 1412 ὁ
629 1359 936 1432 ἄνθρωπος,
973 1361 1200 1432 μίμημα
1229 1361 1329 1429 τῆς
1353 1359 1553 1428 ὁρατῆς
1582 1361 1673 1413 καὶ
1701 1359 1888 1430 [ἀορά-

297 1447 428 1520 του]
463 1449 716 1514 κτίσεως,
753 1451 955 1521 ὁρατὴν
990 1451 1086 1522 μὲν
1117 1453 1256 1522 ἔχων
1289 1452 1387 1521 τὴν
1417 1451 1616 1522 σάρκα,
1651 1453 1886 1520 ἀόρατον

299 1538 356 1591 δὲ
413 1541 514 1608 τὴν
563 1539 764 1610 ψυχήν.
837 1539 1041 1593 Τοῦτον
1097 1540 1187 1592 τὸν
1240 1539 1530 1609 ἄνθρωπον
1577 1539 1888 1590 πλασθέντα

301 1631 660 1701 ἐνουθέτησεν
700 1635 726 1685 ὁ
759 1631 890 1694 Θεὸς
919 1673 932 1692 ,
972 1633 1095 1694 δοὺς
1131 1631 1279 1701 αὑτῴ
1313 1633 1391 1694 είς
1424 1631 1762 1702 ἐπιστροφὴν
1791 1631 1890 1702 τὴν

301 1725 365 1776 ἐκ
420 1724 520 1792 τῆς
567 1725 776 1795 πλάνης
823 1725 1272 1794 εἰδωλολατρείας
1309 1724 1473 1794 νόμον
1523 1725 1770 1794 γραπτὸν
1801 1724 1888 1777 διὰ

303 1819 606 1882 Μωῦσέως.
654 1819 798 1872 Ἀλλ’
845 1818 946 1871 οὐκ
985 1817 1206 1886 ἴσχυσεν
1236 1819 1262 1870 ὁ
1287 1817 1452 1887 νόμος
1482 1817 1574 1870 τὸν
1606 1815 1892 1886 ἄνθρωπον

304 1911 792 1964 ἀνακαλέσασθαιο
869 1905 986 1962 εἶτα
1051 1907 1372 1961 ἀπέστειλεν
1429 1910 1716 1979 προφήτας
1767 1925 1892 1958 νου-

306 2001 631 2066 θετοῦντας,
683 2001 1082 2066 ἀπειλοῦντας,
1124 1999 1703 2070 θαυματουργοῦντας.
1753 1995 1892 2050 Ἀλλ’

305 2091 422 2144 οὐδὲ
455 2091 630 2154 οὕτως
679 2093 706 2144 ὁ
753 2091 1046 2160 πλανηθεὶς
1098 2089 1386 2160 ἄνθρωπος
1442 2091 1504 2140 ὲκ
1555 2087 1650 2156 τῆς
1683 2086 1894 2154 πλάνης

303 2181 632 2252 ἐπεστρέψε.
689 2182 852 2244 Τέλος
902 2181 956 2233 δὲ
1007 2181 1194 2234 λοιπον
1248 2179 1600 2242 κατοικτίσας
1653 2179 1713 2232 τῦ
1766 2177 1896 2232 ἴδιον

309 2271 552 2341 πλάσμα,
582 2275 608 2324 ὁ
635 2271 764 2335 Θεὸς
785 2273 954 2336 αὐτὸς
984 2274 1076 2326 ἐπὶ
1101 2274 1204 2339 γῆς
1231 2271 1412 2341 ὤφθη,
1439 2273 1531 2324 καὶ
1555 2275 1666 2334 τοῖς
1687 2271 1898 2342 ἀνθρὼο

306 2381 432 2426 ποις
465 2365 542 2426 ὡς
568 2363 854 2431 ἄνθρωπος
885 2365 912 2416 ὁ
943 2364 1075 2427 Θεὸς
1105 2364 1279 2432 Λόγος
1310 2364 1726 2432 συνανεστράφη
1752 2404 1766 2428 ,
1801 2363 1896 2416 καὶ

310 2457 492 2528 μορφὴ
523 2455 618 2508 τοῦ
650 2456 924 2508 Δεσπὸτου
951 2455 1044 2508 ἐπὶ
1065 2457 1169 2524 γῆς
1202 2455 1492 2524 κατῆλθεν.
1529 2456 1616 2506 ῗνλι
1648 2456 1680 2524 ἡ
1714 2453 1897 2526 μορφὴ

306 2549 400 2601 τοῦ
427 2547 614 2600 δούλου
653 2549 710 2602 ἐν
737 2549 988 2620 οὐρανοῖς
1018 2547 1244 2620 ἀνέλθῃ.

373 2637 510 2694 Εἶτα
559 2641 812 2694 ἐκπεσὼν
851 2643 948 2711 τῆς
983 2642 1258 2712 προτέρας
1297 2641 1506 2711 πλάνης
1559 2642 1651 2693 καὶ
1683 2641 1900 2704 ἐλπίδος

307 2736 336 2786 ὁ
363 2734 596 2806 πονηρὸς
623 2733 730 2786 τῶν
773 2733 1085 2804 ἀνθρώπιον
1123 2733 1402 2804 πολέμιος,
1439 2735 1514 2798 ὡς
1545 2732 1684 2788 εἶδεν
1709 2735 1900 2790 ἑαυτὸν

313 2827 616 2898 ἡττηθέντα
644 2829 738 2882 καὶ
765 2827 848 2880 διὰ
877 2827 1116 2899 Χριστοῦ
1149 2827 1526 2898 συντριϐέντα,
1551 2827 1638 2882 διὰ
1664 2827 1898 2897 σταυροῦ

315 2921 630 2992 πατηθέντα
653 2959 668 2986 ,
707 2923 802 2973 καὶ
835 2920 923 2973 διὰ
955 2921 1334 2991 βαπτίσματος
1365 2917 1716 2988 βυθισθὲντα,
1747 2918 1816 2972 τά
1841 2936 1900 2971 τε

315 3012 510 3066 εἴδωλα
567 3011 1066 3082 καταστραφέντα,
1151 3009 1245 3062 καὶ
1303 3011 1400 3077 τὴν
1460 3006 1904 3079 εἰδωλολατρείαν

1981 543 2174 596 aquas,
2223 537 2348 581 ante
2381 527 2592 593 ﬂatum,
2621 536 2750 584 ante
2785 537 3008 590 terram,
3037 539 3162 582 ante
3193 545 3410 584 omnem
3441 531 3574 584 visi-

1981 619 2148 672 bilem
2199 618 2644 689 invisibilemque
2698 629 3030 674 creaturam.
3077 619 3176 674 llic
3225 621 3392 690 igitur
3433 622 3574 676 initii

1981 727 2182 779 expers
2230 717 2582 780 aeternusque
2627 721 2683 766 et
2737 713 3019 766 increatus
3063 711 3208 766 Deus
3235 712 3458 784 propria
3481 727 3574 766 v0-

1985 805 2194 856 lnntate
2247 811 2300 856 et
2359 803 2729 872 beneplacito,
2781 805 2860 858 uti
2917 804 3073 858 novit
3131 805 3247 874 ipse
3305 805 3473 867 solus,
3523 813 3580 858 et

1985 893 2206 964 quando
2235 893 2386 946 novit
2419 903 2474 946 et
2505 893 2650 948 unde
2689 895 2844 948 novit
2874 910 3068 948 omnes
3113 895 3366 949 cmlestes
3407 910 3576 964 ange-

1985 989 2162 1042 lorum
2201 997 2256 1040 et
2293 987 2746 1056 incorporeorum
2794 989 3136 1042 exercituum
3184 999 3240 1042 et
3289 989 3578 1056 ordinum,

1989 1081 2374 1146 invisibilium,
2413 1087 2471 1134 et
2501 1079 2692 1134 multis
2723 1081 2899 1136 oculis
2933 1081 3288 1150 praeditorum
3317 1091 3373 1136 ct
3402 1083 3580 1136 oculis

1987 1171 2315 1238 carentium,
2358 1185 2452 1227 sex
2487 1171 2589 1225 alis
2617 1171 3040 1242 it‘istructorum,
3077 1171 3427 1235 thronormn,
3466 1187 3581 1226 caa-

1989 1267 2168 1318 lorum
2201 1264 2440 1319 virtutes
2475 1263 2706 1318 creavit.
2735 1263 2873 1316 Tum
2899 1273 3022 1332 post
3049 1263 3170 1316 illas
3203 1271 3355 1316 creat
3387 1261 3580 1316 visibi-

1989 1359 2094 1412 lem
2131 1357 2422 1422 mundum,
2448 1357 2589 1410 cmlo
2613 1365 2670 1410 et
2698 1365 2840 1409 tmzra
2873 1354 3291 1418 consistentem,
3324 1353 3388 1407 ad
3419 1369 3580 1422 quem

1991 1449 2227 1520 pertinet
2261 1449 2447 1512 homo,
2486 1448 2664 1518 imago
2705 1447 2938 1501 visibilis
2969 1445 3046 1518 [et
3079 1444 3392 1516 invisibilis]
3424 1459 3582 1498 crea-

1993 1543 2195 1597 tionis:
2233 1541 2506 1611 siquidem
2557 1555 2776 1593 carnem
2823 1539 2988 1594 habet
3019 1539 3313 1602 visibilem,
3347 1537 3582 1590 animam

1991 1645 2176 1690 autem
2231 1633 2588 1687 invisibilem.
2639 1633 2798 1686 llunc
2827 1632 3116 1685 hominem
3155 1641 3402 1684 creatum
3437 1645 3586 1682 eom-

1995 1725 2214 1779 monuit
2261 1725 2423 1788 Deus,
2473 1725 2761 1794 legemque
2805 1739 2834 1775 a
2879 1722 3062 1792 Moyse
3113 1720 3481 1788 conscriptam
3534 1719 3586 1772 ei

1995 1818 2170 1882 dedit,
2221 1825 2282 1870 ut
2326 1817 2396 1872 ab
2435 1832 2672 1870 erroneo
2719 1815 2992 1870 idolorum
3038 1814 3187 1868 cultu
3219 1820 3584 1866 averteretur.

1995 1909 2266 1976 Quoniam
2311 1916 2494 1962 autem
2522 1909 2610 1962 lex
2640 1907 2932 1961 hominem'
2953 1921 3212 1960 revocare
3243 1921 3352 1960 non
3387 1905 3585 1975 potuit,

1996 2003 2149 2058 misit
2205 2001 2416 2074 (Deus)
2471 2001 2770 2072 prophetas
2816 2001 3194 2064 cohortantes,
3239 1999 3584 2060 minitantes,

1997 2097 2264 2150 miracula
2301 2103 2606 2166 patrantes.
2641 2095 2710 2147 At
2749 2107 2929 2161 neque
2977 2091 3058 2145 sic
3105 2091 3270 2143 homo
3323 2088 3588 2143 seductus

1999 2190 2066 2243 ab
2105 2205 2295 2243 errore
2337 2187 2522 2242 rediit.
2571 2186 2652 2240 Ad
2703 2195 3032 2246 extremum,
3086 2182 3328 2252 figmenti
3367 2181 3450 2234 sui
3487 2181 3590 2234 mia

2001 2291 2204 2344 serius,
2243 2282 2392 2336 Deus
2421 2280 2536 2350 ipse
2567 2280 2620 2332 in
2656 2287 2800 2333 terra
2827 2275 3104 2346 apparuit,
3149 2284 3204 2328 et
3251 2291 3374 2328 cum
3407 2273 3585 2326 homi-

2003 2376 2168 2432 nibus
2213 2384 2274 2429 ut
2320 2375 2487 2428 homo
2541 2379 2898 2428 conversatus
2943 2377 3026 2423 est
3055 2369 3200 2422 Deus
3229 2367 3494 2428 Verbum,
3525 2383 3590 2420 ac

2002 2469 2216 2539 species
2275 2466 2494 2521 Domini
2545 2464 2600 2518 in
2651 2471 2854 2518 terram
2905 2459 3222 2524 descendit,
3275 2468 3334 2512 ut
3378 2457 3590 2528 Species

2003 2565 2149 2620 servi
2180 2563 2246 2618 ad
2279 2562 2450 2618 cmlos
2479 2559 2836 2614 eveheretur.

2076 2657 2212 2710 Tum
2239 2655 2406 2722 igitur
2428 2652 2718 2724 improbus
2739 2649 3028 2704 hominum
3055 2645 3406 2701 adversarius
3423 2645 3592 2713 priori

2003 2764 2194 2804 errore
2241 2759 2408 2818 atque
2457 2761 2552 2816 spe
2591 2743 2816 2798 excidit.
2850 2741 2986 2797 Cum
3021 2749 3204 2794 autem
3233 2737 3446 2792 videret
3473 2751 3594 2791 sese

2005 2850 2330 2911 superatum
2358 2853 2422 2892 ac
2445 2819 2554 2908 per
2573 2835 2857 2892 Christum
2890 2831 3347 2911 contritutn,_pcr
3373 2845 3594 2884 crucem

2005 2930 2416 2994 conculcatum,
2459 2943 2558 2996 per
2603 2923 2876 2993 baptisma
2910 2921 2976 2976 ad
3009 2905 3252 2991 abyssos’
3285 2920 3596 2983 detrusum,

2007 3038 2176 3095 porro
2202 3021 2350 3074 idola
2379 3033 2593 3080 eversa,
2619 3015 2986 3070 idololatrian:
3013 3028 3078 3066 ex
3109 3011 3428 3066 hominibus
3449 3009 3598 3064 dele-

313 3106 498 3159 3.0me
533 3105 592 3169 ἐξ
621 3104 926 3175 ἀνθρώπων
962 3093 1411 3172 καταργηθείεαν
1433 3143 1446 3166 ,
1499 3101 1592 3153 καὶ
1639 3101 1737 3172 τὴν
1785 3101 1905 3153 θεο-

2008 3128 2142 3178 tam,
2178 3114 2274 3168 Dei
2305 3111 2676 3182 cognitionem
2709 3109 2764 3162 in
2796 3107 3004 3160 mundo
3033 3106 3380 3176 pnedicatam
3407 3122 3420 3157 :
3462 3103 3594 3172 quid

314 3199 550 3266 γνωσίαν
577 3199 634 3250 ἐν
659 3199 850 3268 κόσμῳ
872 3195 1264 3268 κηρυχθλσαν,
1297 3195 1348 3244 τί
1375 3197 1569 3252 ποιεῖρ
1593 3194 1900 3265 κακοῦργος

315 3289 414 3344 καὶ
463 3290 871 3360 παμμήχανος;
930 3289 1192 3358 δευτέραν
1239 3287 1406 3356 ἄλλην
1455 3285 1902 3354 εἰδωλολατρείαν

317 3383 414 3437 καὶ
441 3383 650 3452 πλάνην
677 3385 754 3446 είς
783 3383 1110 3452 οἰκουμένην
1137 3379 1522 3448 κατέσπειρεν,
1547 3379 1614 3432 τά
1633 3379 1740 3432 τῶν
1757 3379 1906 3450 αἱρέ-

321 3493 459 3529 σεων
491 3473 728 3540 ζιζάνια.
785 3475 1004 3537 Εὐθέως
1054 3474 1148 3526 ἐπὶ
1192 3473 1300 3526 τῶν
1341 3471 1653 3524 ἀποστόλων
1685 3471 1906 3540 Σίμωνα

319 3568 410 3621 τον
433 3567 626 3635 Μάγον
643 3568 954 3639 ἀναστήσας
975 3583 1112 3637 μυσε
1123 3566 1330 3638 ράρχην
1351 3563 1567 3632 πρῶτον
1583 3563 1688 3614 τῶν
1710 3562 1804 3614 τοῦ
1828 3563 1908 3614 κο-

323 3679 461 3732 σμου
493 3661 782 3732 αἱρέσεων,
809 3661 1038 3728 λέγοντα
1075 3659 1266 3711 ἑαυτὸν
1297 3654 1436 3709 εἶναι
1465 3655 1606 3709 θεόν.
1637 3651 1768 3707 Εἶτα
1791 3653 1909 3706 δεύ-

321 3769 480 3824 τερον
509 3751 802 3813 Νικόλαον,
839 3751 898 3817 ἐξ
924 3743 985 3803 οῦ
1017 3751 1064 3802 εί
1095 3745 1416 3802 Νικολαῖται
1470 3747 1739 3813 ἐλέγοντο.
1776 3744 1910 3800 Εἶτα

323 3845 552 3898 θευδᾶν.
595 3839 730 3898 Εἶτα
769 3845 988 3914 ἐτέρους
1021 3842 1255 3910 καθεξῆς
1284 3841 1520 3902 οἰκείους
1549 3839 1786 3909 ἐργάτας
1819 3841 1912 3892 καὶ

324 3938 426 4006 τῆς
453 3937 662 4007 πλάνης
690 3937 987 4008 ὲφευρέτας
1009 3975 1022 3997 ,
1051 3935 1118 3988 δι’
1144 3933 1237 3992 οῦς
1267 3935 1516 3986 πλεῖσται
1544 3934 1640 3986 καὶ
1665 3933 1812 4001 διάφν
1832 3949 1912 4003 ροι

327 4031 482 4096 ἅγιαι
531 4029 740 4082 συνὸδοι
791 4027 898 4081 ὑπὸ
938 4028 1038 4098 τῆς
1075 4027 1369 4096 καθολικῆς
1409 4025 1736 4095 Ἐκκλησίας
1789 4041 1914 4076 συν-

327 4123 392 4191 ηθ
405 4121 714 4190 ροίσθησαν.

401 4211 556 4264 υῦτω
583 4213 710 4265 ποτὲ
735 4215 852 4266 τότε
885 4213 1080 4284 ἀνέστη
1117 4213 1466 4284 μυσεράρχης
1483 4215 1699 4282 ’Ἄρειος
1735 4211 1915 4276 Ἀλεξ-

329 4305 580 4376 ανδρείας
623 4305 996 4378 πρεσῧύτερθς
1021 4347 1035 4370 ν
1071 4307 1244 4374 λέγων
1275 4309 1480 4375 κτίσμα
1507 4303 1642 4358 εἶναι
1673 4307 1762 4358 τὸν
1793 4307 1919 4358 Υἰζν

331 4401 426 4450 καὶ
455 4399 626 4465 Λάγον
655 4399 750 4450 τοῦ
777 4399 935 4462 Θεοῦ,
965 4399 1306 4469 ἐτεροούσιον
1336 4399 1431 4450 τοῦ
1459 4398 1693 4469 Πατρός·
1713 4397 1833 4450 καθ’
1859 4395 1919 4450 οὗ

331 4491 362 4555 ἡ
397 4487 526 4555 ἁγία
552 4487 767 4551 σύνοδος
863 4489 1119 4559 νικητικὴ
1149 4489 1258 4541 τῶν
1289 4491 1344 4540 ἐν
1373 4489 1582 4559 Νικαίᾳ
1611 4495 1714 4558 τιη⁹
1742 4489 1914 4555 ἁγίων
1941 4467 1994 4525 Ῐ)
2019 4482 2276 4537 essentia:
2317 4499 2332 4534 :

333 4581 592 4649 Πατέρων
637 4581 1004 4653 συνηθροίσθη
1031 4621 1044 4645 ,
1085 4583 1372 4651 ὁμοούσιον
1408 4582 1636 4652 ὁρίσασα
1665 4581 1758 4634 τὸν
1792 4581 1918 4634 Υἱον

330 4673 408 4742 τῷ
451 4673 627 4740 Πατρὶ
679 4672 822 4727 κατά
865 4675 964 4744 τὴν
1011 4675 1280 4744 θεότητα,
1347 4675 1442 4726 καὶ
1493 4674 1781 4744 ὁμοοῦσιον
1829 4673 1920 4726 τὸν

333 4763 496 4816 αὑτὸν
515 4766 646 4832 ἡμῖν
667 4767 782 4828 τοῖς
811 4765 1120 4835 ἀνθρώποις
1151 4767 1292 4818 κατὰ
1321 4767 1417 4834 τὴν
1441 4765 1607 4818 αὑτοῦ
1637 4765 1924 4836 ἀνθρωπό-

333 4875 492 4925 τητα,
529 4859 819 4928 κηρύξασα
841 4899 856 4924 ,
891 4861 952 4912 οῦ
985 4861 1190 4929 κτίσμα
1217 4860 1368 4924 ὄντα,
1400 4859 1536 4912 ἀλλὰ
1563 4859 1824 4929 Κτίστην·
1859 4859 1920 4912 οὺ

336 4951 569 5021 ποίημα,
597 4951 736 5006 ἀλλὰ
765 4953 1006 5022 ΙΙοιητὴν
1035 4954 1142 5004 τῶν
1169 4953 1449 5016 ἁπάντων.
1481 4949 1616 5006 Εἶτα
1643 4951 1924 5022 μεταχρό-

336 5063 458 5108 vos;
477 5043 550 5098 νε⁹
577 5045 816 5116 ἀνεφάνη
847 5045 1174 5106 Μακεδόνιος
1201 5045 1228 5096 ὁ
1252 5045 1422 5108 δόλιος
1449 5045 1750 5107 ἐπίσκοπος
1769 5046 1926 5097 Κων-

339 5139 852 5202 σταντινουπόλεως,
892 5139 1101 5208 κτίσμα
1131 5138 1306 5205 λέγων
1331 5138 1392 5189 τὸ
1416 5137 1642 5206 Πνεῦμα
1665 5135 1724 5188 τὸ
1747 5137 1922 5204 ἅγιον.

338 5231 412 5282 Δι’
439 5231 498 5284 ὃν
531 5233 562 5300 ἡ
591 5233 724 5296 ἁγία
753 5233 970 5294 σύνοδος
991 5232 1100 5284 τῶν
1127 5237 1202 5302 ρν’
1231 5229 1402 5300 ἁγίων
1429 5231 1688 5300 Πατὲρων
1707 5231 1948 5298 γέγονεν,

337 5321 624 5391 ὀμοούσιον
653 5324 890 5392 λέγουσα
914 5325 974 5376 τὸ
1001 5323 1224 5394 Πνεῦμα
1251 5323 1314 5376 τὸ
1340 5325 1492 5390 άγιον
1523 5323 1616 5376 καὶ
1640 5323 1923 5386 ἀκτιστον,

338 5415 506 5482 ἤγουν
539 5415 666 5484 μίαν
695 5416 882 5468 ουσίαν
903 5416 1134 5486 Πατρος,
1169 5417 1264 5468 καὶ
1289 5417 1552 5480 Υίοῦ,καὶ
1578 5413 1735 5482 ἁγίου
1759 5413 1926 5466 Πνεῦ-

343 5524 532 5574 ματος,
573 5507 702 5576 μίαν
735 5507 994 5575 θεότητα,
1039 5507 1170 5576 μίαν
1199 5507 1474 5572 ἐξουσίαν,
1516 5507 1643 5576 μίαν
1671 5505 1924 5578 δύναμιν,

345 5599 400 5652 ἐν
429 5615 552 5668 τρισ
567 5617 605 5650 .ν
633 5597 906 5650 ὑποστάσε
921 5614 1018 5650 σιν.

2007 3209 2118 3279 agit
2151 3205 2442 3276 improbus
2469 3211 2793 3270 astutusque
2817 3199 3084 3254 malorum
3108 3197 3403 3252 inventor?
3423 3197 3598 3250 Aliam

2007 3299 2300 3370 quamdam
2335 3295 2705 3350 idololatriain
2749 3300 2804 3346 et
2844 3307 3090 3346 errorem
3119 3291 3174 3344 in
3209 3289 3400 3344 orbem
3430 3298 3600 3342 terra—

2009 3409 2130 3446 rum
2181 3389 2426 3452 ditl‘udit,
2458 3387 2752 3441 haeresium
2786 3385 3016 3439 zizania.
3050 3383 3170 3437 Jam
3197 3382 3342 3434 enim
3374 3389 3599 3448 aposto-

2009 3481 2189 3535 lorum
2235 3489 2480 3548 tempore
2517 3473 2778 3530 excitavit
2818 3474 3098 3527 Simonem
3151 3471 3398 3540 Magum,
3449 3468 3595 3522 dete-

2011 3573 2267 3627 stabilem
2321 3568 2615 3622 haeresium
2665 3563 2858 3618 mundi
2901 3563 3208 3632 principem
3263 3561 3354 3628 qui
3399 3571 3606 3612 semei-

2015 3665 2198 3734 ipsum
2239 3663 2408 3716 deum
2439 3675 2559 3714 esse
2612 3656 2770 3712 dixit.
2817 3655 3073 3710 Secundo
3131 3653 3252 3707 loco
3291 3653 3599 3712 Nicolaum,

2012 3771 2042 3808 e
2075 3769 2186 3823 quo
2217 3751 2500 3806 Nicolaita:
2541 3759 2672 3802 sunt
2713 3745 3147 3816 appellati;tum
3197 3741 3503 3806 Theudam,
3549 3749 3606 3796 et
3649 3735 3654 3740 ’

2015 3855 2205 3914 postea
2242 3831 2474 3896 creteros
2523 3839 2786 3906 deinceps
2833 3835 3068 3889 famulos
3115 3849 3244 3888 suos
3285 3831 3604 3900 errorisque

2017 3937 2359 3996 inventores,
2401 3939 2624 4000 promer
2659 3943 2799 3997 quos
2833 3927 3022 3995 plures
3047 3941 3111 3978 ac
3141 3925 3370 3978 diversae
3401 3931 3602 3976 sant-Le

2019 4027 2214 4098 synodi
2246 4026 2316 4079 ab
2357 4023 2602 4078 Ecclesia
2643 4019 2912 4074 catholica
2955 4027 3270 4072 convocata:
3311 4023 3457 4068 sunt.

2115 4207 2206 4262 Sic
2273 4203 2540 4274 temporis
2603 4202 2844 4256 decursu
2905 4196 3147 4254 surrexit
3205 4191 3610 4246 ahominandus

2023 4298 2186 4353 Arius
2221 4297 2510 4366 presbyter
2539 4291 2966 4352 Alexandrinus,
3001 4289 3190 4341 dicens
3217 4295 3461 4340 creatura
3487 4297 3606 4336 esse

2027 4390 2226 4444 Filium
2265 4387 2617 4455 V'crbumquc
2649 4383 2768 4446 Dei,
2801 4397 2980 4451 neque
3013 4379 3260 4450 ejusdem
3297 4391 3424 4431 eum
3451 4375 3608 4428 Patre

2390 4489 2582 4534 contra
2644 4491 2806 4546 quem
2853 4481 3040 4528 saneta
3097 4469 3338 4541 synodus
3390 4467 3606 4522 Nicaena

2028 4574 2288 4631 trecentis
2340 4571 2648 4627 octodecim
2704 4567 2910 4622 sanctis
2963 4565 3220 4620 Patrihus
3269 4559 3608 4628 composita,

2023 4669 2254 4723 Collecta
2292 4675 2398 4728 est,
2439 4665 2664 4719 edicens
2703 4662 2902 4716 l‘ilium
2935 4657 3240 4714 secundent
3265 4653 3608 4708 divinitatem

2025 4761 2196 4822 Patri,
2232 4759 2602 4826 eamdemque
2649 4752 2954 4808 secundum
3005 4749 3402 4806 humanitatem
3449 4742 3612 4796 nobis

2025 4850 2550 4907 consubstantialem
2575 4863 2716 4910 esse,
2739 4861 2848 4898 non
2866 4853 3131 4906 creatum,
3152 4839 3244 4894 sed
3267 4839 3612 4900 Creatorem,

2025 4961 2134 4998 non
2161 4945 2386 5008 factum,
2413 4941 2508 4996 sed
2543 4941 2830 4994 Factorem
2861 4935 3126 4990 universi.
3163 4931 3389 4994 Deinde,
3413 4927 3616 4997 elapsis

2025 5037 2426 5107 quinquaginta
2461 5033 2708 5104 quinque
2757 5032 2938 5094 annis,
2981 5029 3191 5098 prodiit
3233 5023 3612 5084 Macedonius,

2027 5129 2252 5182 dolosus
2303 5127 2392 5180 ille
2452 5125 2746 5194 episcopus
2799 5119 3470 5189 Constantin0politanus,
3519 5113 3612 5182 qui

2028 5221 2294 5291 Spiritum
2331 5228 2582 5272 sanctum
2615 5224 2926 5272 creaturam
2967 5229 3088 5270 esse
3117 5209 3438 5266 declaravit.
3477 5209 3616 5262 Pro-

2027 5323 2150 5383 pter
2203 5326 2366 5380 quem
2424 5317 2612 5364 saneta
2654 5307 2898 5379 synodus
2948 5313 3171 5361 centqu
3219 5301 3616 5372 quinquaginta

2029 5415 2346 5462 sanctorum
2403 5404 2624 5456 l“atrum
2682 5409 2872 5456 coacta
2927 5407 3030 5462 est,
3083 5413 3204 5467 qua:
3249 5392 3618 5464 promulgavit

2031 5497 2300 5566 Spiritum
2335 5503 2584 5548 sanctum
2630 5493 2960 5554 inereatum,
3001 5491 3054 5544 id
3086 5499 3192 5552 est,
3229 5501 3392 5542 unam
3423 5501 3616 5540 essen-

2032 5589 2164 5642 tiam
2189 5587 2386 5646 Patris.
2429 5585 2576 5650 Filii,
2605 5595 2662 5640 et
2699 5585 2940 5654 Spiritus
2981 5582 3182 5648 sancti,
3215 5595 3380 5636 unam
3413 5577 3620 5634 divini-

2033 5689 2224 5744 tatem,
2257 5697 2421 5734 unam
2451 5687 2800 5749 potestatein,
2831 5693 2994 5732 unam
3037 5677 3324 5740 virtutem,
3351 5674 3406 5728 in
3439 5671 3622 5728 ttibus

2031 5773 2374 5828 substantiis.
