4016 6208
457 272 556 336 294
563 274 598 336 3

1447 281 1506 340 S.
1543 281 1856 342 EULOGII
1899 277 2255 340 ARClllEP.
2298 277 2674 340 ALEXAND.

3566 275 3710 344 2944

525 390 908 460 Ρτεειοι-Ισρείε
963 391 1166 446 iterum
1215 390 1375 446 annis
1433 391 1832 462 quinquaginta
1893 408 2003 446 uno

2209 390 2432 459 Χρόνων
2459 389 2515 442 δέ
2543 407 2647 443 που
2677 391 2837 444 πάλιν
2863 391 2942 444 να⁹
2963 391 3392 463 διαδραμόντων,
3423 394 3706 465 προέκοψε

454 485 684 540 emersit
733 483 1044 548 Nestorius,
1097 483 1368 538 nefandus
1421 485 1781 555 impurusque
1833 487 2030 556 praesul

453 575 1256 645 ConstantinOpolitanus,.qui
1289 577 1714 646 hominiparam,
1755 593 1864 632 non
1905 579 2031 632 Dei-

455 685 641 740 param
696 683 817 722 esse
873 677 1114 722 sanetam
1169 668 1446 738 Virginem
1494 670 1750 724 asseruit.
1803 669 2032 738 Propter

455 761 604 814 hunc
641 761 826 814 habita
873 767 956 812 est
989 761 1140 828 prior
1173 759 1468 828 Ephesina.
1497 760 1856 814 ducentorum
1906 775 2030 814 san—

453 861 667 906 ctorum
720 853 944 906 Patrum
977 851 1238 920 synodus,
1294 867 1414 922 qua:
1469 851 1690 920 praprie
1737 860 1790 904 et
1838 866 2029 904 revera

453 946 740 1014 Deiparam
791 961 910 999 esse
953 956 1196 1000 sanctam
1233 945 1512 1016 Virginem
1550 945 1934 1014 promulgavit,
1973 951 2030 998 et

453 1036 772 1091 Nestorium
829 1045 1036 1090 aeterno
1083 1037 1428 1090 anathemate
1479 1037 1767 1105 percussit.
1821 1035 2027 1088 Deinde

451 1137 574 1197 post
609 1128 792 1198 viginti
831 1129 1074 1196 quinque
1119 1129 1342 1182 circiter
1383 1144 1576 1192 annos,
1607 1129 1832 1184 emersit
1859 1127 2027 1198 Euty-

454 1216 589 1270 ches
636 1215 922 1270 nefaustus
971 1217 1430 1269 monasteriorum
1465 1215 2025 1285 Constantinopolita-

453 1322 652 1360 norum
700 1307 1149 1368 archimandrita,
1194 1307 1381 1360 dicens
1419 1323 1528 1360 non
1560 1307 2024 1362 consubstantiale

453 1397 614 1451 nobis
642 1413 762 1451 esse
797 1412 998 1464 corpus
1027 1397 1228 1452 Christi
1253 1416 1266 1462 ;
1298 1398 1600 1467 eodemque
1635 1398 1748 1452 fere
1777 1407 2022 1467 tempore

455 1485 668 1540 exstitit
695 1485 990 1540 Dioscorus
1021 1501 1156 1554 papa
1197 1486 1596 1540 Alexandrinus
1645 1487 1738 1555 qui
1771 1502 1931 1540 unam
1967 1488 2023 1542 in

451 1575 672 1632 Christo
705 1585 954 1629 naturam
993 1575 1150 1630 dixit.
1193 1577 1418 1645 Propter
1446 1575 1546 1630 hos
1575 1575 1712 1628 duos
1745 1575 2023 1630 detestan-

453 1666 553 1720 dos
603 1655 1001 1720 haeresiarchas
1050 1667 1277 1720 collecta
1319 1675 1401 1720 est
1441 1674 1754 1720 sanctorum
1797 1667 2020 1721 Patrum

451 1757 693 1828 synodus
719 1757 1200 1822 Chalcedonensis,
1239 1774 1360 1826 qua:
1385 1765 1584 1826 praeter
1623 1757 1785 1811 modo
1825 1759 2022 1813 citatos

449 1847 840 1902 haresiarchas
891 1849 1200 1902 Nestorium
1250 1866 1466 1918 quoque
1507 1851 2016 1914 anathematizavit,

447 1937 729 1992 Christum
794 1949 976 1993 autem
1042 1941 1343 1994 secundum
1399 1941 1796 1994 humanitatem
1857 1942 2020 1996 nobis

447 2029 974 2084 consubstantialem
1011 2032 1203 2096 edixit,
1246 2043 1301 2088 et
1344 2034 1482 2088 duas
1513 2033 1874 2088 indivisibites
1921 2050 2019 2086 na-

441 2131 600 2198 turas
649 2137 770 2174 eum
833 2138 936 2176 una
980 2139 1212 2192 persona
1257 2125 1560 2178 credendus
1613 2125 1820 2180 statuit.
1863 2124 2019 2181 Unus

445 2213 591 2265 enim
637 2225 720 2266 est
769 2211 1043 2278 Christus,
1080 2224 1271 2269 etnon
1302 2216 1432 2281 duo,
1472 2227 1526 2271 et
1558 2217 1860 2286 composita
1899 2217 2018 2286 ejus

445 2302 776 2356 substantia.

467 2387 474 2392 ’
515 2393 812 2447 Exstinctis
837 2394 1021 2464 igitur,
1054 2395 1208 2449 idest
1233 2396 1724 2462 anatltcmatizatis,
1753 2396 1859 2450 illis
1881 2396 2016 2450 duo-

445 2483 548 2539 bus
594 2485 996 2552 haeresiarehis,
1033 2489 1191 2541 annis
1235 2487 1350 2542 fere
1395 2499 1616 2542 centum
1654 2497 1780 2558 post
1829 2489 2014 2542 habita

441 2586 526 2631 est
569 2577 746 2632 [attsta
797 2579 986 2648 quinta
1019 2579 1278 2648 synodhs,
1312 2579 1412 2634 sub
1438 2581 1747 2634 Iustiniano
1785 2581 2016 2648 impera-

443 2681 584 2732 tore,
625 2669 885 2722 adversus
922 2669 1234 2739 Origenem,
1287 2671 1575 2742 Didymnm
1604 2681 1660 2726 et
1696 2671 2010 2740 Evagrium,

443 2759 559 2830 qui,
589 2776 730 2814 vano
770 2776 932 2815 sensu
959 2761 1190 2832 abrepti,
1227 2765 1437 2818 animas
1469 2773 1682 2818 nostras
1725 2772 1850 2818 ante
1893 2779 2015 2818 cor-

441 2865 578 2920 pora
603 2852 658 2906 in
681 2853 836 2928 caelis
861 2855 1060 2924 degere
1085 2861 1141 2908 et
1170 2871 1358 2925 pugnas
1388 2863 1621 2910 aeternas
1659 2857 1819 2909 linem
1859 2855 2014 2908 habi-

411 2951 597 3001 ἰω-οε
643 2963 797 3012 esse,
849 2949 1236 3018 uagabantur:
1280 2945 1480 3018 quibus
1524 2949 1737 3002 cunctis
1771 2947 2012 3017 rejectis,

2137 481 2230 532 καὶ
2277 481 2574 552 Νεστόριος
2627 484 2656 535 ό
2703 485 2892 554 μιαρὸς
2951 486 3044 538 καὶ
3087 485 3391 556 ἀκάθαρτος
3441 487 3708 557 πρόεδρος

2134 574 2781 636 Κωνσταντινουπόλεως,
2801 575 3216 646 ἁνθρωποτόκον
3235 579 3408 645 λέγων
3429 580 3492 648 τὴ
3507 597 3526 630 ι
3545 579 3709 644 ἁγίαν

2134 663 2432 734 Παρθένον,
2463 667 2560 718 καὶ
2585 667 2645 718 οὺ
2672 667 2954 720 Θεοτόκονο
2972 669 3040 722 δι’
3069 669 3127 722 δν
3157 671 3377 737 γέγονεν
3407 673 3439 739 ἡ
3465 673 3522 722 ἐν
3545 671 3706 738 Ἐφέ-

2133 773 2210 826 σῳ
2239 759 2299 810 τὸ
2323 757 2587 828 πρότερον
2621 765 2664 810 σ¹
2690 759 2862 826 ἁγίων
2887 761 3144 831 Πατέρων
3173 761 3414 824 σύνοδος.
3443 762 3702 814 Θεοτόκον

2131 848 2334 918 κυρίως
2366 851 2462 902 καὶ
2489 849 2700 921 ἀληθῶς
2731 851 3074 920 κηρύττουσι
3101 854 3200 922 τὴν
3225 853 3382 920 ἁγίαν
3409 852 3700 923 Παρθένον,

2131 941 2224 990 καὶ
2257 940 2550 1010 Νεστόριον
2583 941 2788 1010 αἰωνίῳ
2819 941 3122 1012 ἁναθέματι
3151 941 3588 992 ὑποδαλοῦσα.ὐ
3613 937 3702 992 διὰ

2130 1031 2346 1083 πάντων
2389 1031 2446 1082 δὲ
2491 1033 2618 1102 περί
2647 1049 2748 1084 που
2779 1031 2858 1084 κε’
2881 1033 3088 1103 χρόνων
3119 1031 3364 1100 Εὑτυχὴς
3389 1031 3416 1082 δ
3439 1029 3704 1100 δυστυχὴς

2129 1124 2396 1193 ἀρχιμανδ
2401 1123 2556 1194 ρίτης
2617 1126 3000 1194 μοναστηρίων
3053 1123 3701 1187 Κωνσταντινουπόλεως,

2128 1215 2362 1283 ἀνέκυψε
2437 1215 2512 1285 μὴ
2551 1215 2724 1284 λέγων
2769 1215 3055 1284 όμοούσιον
3087 1215 3242 1285 ἡμῶν
3276 1209 3414 1266 εἶναι
3448 1215 3511 1265 τὸ
3541 1215 3704 1280 σῶμα

2115 1289 2221 1358 ’τοῦ
2247 1305 2506 1376 Χριστοῦ.
2538 1305 2738 1358 Λοιπὸν
2765 1305 2822 1358 δὲ
2853 1305 2949 1358 καὶ
2973 1305 3264 1374 Διόσκορος
3290 1303 3530 1372 προῆλθε
3581 1303 3702 1354 τότε

2126 1398 2315 1460 πάπας
2331 1397 2446 1450 ’Λλε
2457 1397 2644 1466 ξανδρε
2655 1397 2760 1460 ἔας,
2780 1397 2909 1464 μίαν
2929 1396 3088 1466 φύσιν
3103 1396 3274 1464 λέγων
3295 1397 3350 1448 ἐν
3365 1393 3442 1464 τῷ
3459 1393 3700 1464 Χριστῷ·

2122 1489 2188 1542 δι’
2225 1487 2317 1552 οἷς
2352 1507 2501 1550 τινας
2545 1488 2638 1541 δύο
2681 1489 2907 1557 μιαροὺς
2939 1487 3292 1557 αίρεσιὰρχας
3335 1485 3704 1556 συνηθροίσθη

2121 1584 2155 1652 ἠ
2200 1582 2332 1650 ἁγία
2363 1581 2577 1642 σύνοδος
2617 1582 2648 1648 ἡ
2684 1579 3025 1650 Χαλκηδόνος
3061 1578 3171 1630 τῶν
3201 1575 3495 1648 ὀρθοδόξων
3525 1575 3702 1642 ἁγίων

2125 1673 2386 1742 ﬂat-spem
2423 1671 2874 1740 ἀναΟεματίσασα
2907 1669 3032 1732 τοὺς
3063 1668 3384 1738 εἰρημένους
3413 1666 3701 1735 αίρεσιάρ-

2123 1781 2222 1834 χας
2249 1803 2264 1826 ,
2325 1763 2461 1834 ὁμοῦ
2509 1780 2568 1814 τε
2617 1762 2713 1814 καὶ
2753 1762 3082 1830 Νεστόριον,
3131 1759 3414 1829 όμοοῦσιον
3443 1761 3574 1828 ἡμῖν
3606 1757 3700 1808 τδν

2123 1855 2352 1924 Χριστὸν
2384 1855 2522 1906 κατὰ
2550 1853 2647 1922 τὴν
2674 1853 3072 1923 ἀνθρωπότητα
3113 1851 3424 1919 κηρύξασα,
3475 1849 3570 1901 καὶ
3601 1849 3706 1901 δύο

2120 1949 2454 2016 ἁδιαιρέτους
2481 1947 2708 2016 ὁρίσασα
2745 1946 2840 1997 σὺν
2875 1945 2956 1996 ἐνὶ
2987 1943 3260 2012 προσώπῳ
3289 1941 3702 2012 γνωριζομένας

2121 2039 2311 2107 φύσεις
2337 2055 2351 2070 ·
2413 2032 2492 2100 εἷς
2541 2037 2650 2106 γάρ
2703 2039 2850 2088 ἐστιν
2893 2037 2920 2088 ό
2951 2036 3186 2104 Χριστὸς
3225 2035 3320 2086 καὶ
3347 2035 3406 2086 οὑ
3433 2032 3524 2085 δύο
3547 2075 3566 2098 ,
3602 2035 3702 2084 καὶ

2121 2130 2376 2194 σύνθετος
2407 2129 2571 2184 αὐτοῦ
2605 2131 2638 2200 ἡ
2668 2127 2990 2191 ὑπόστασις.

2187 2393 2513 2461 Σϐεσϐείσης
2543 2392 2720 2445 τοίνυν
2745 2391 3027 2461 κάκείνης,
3050 2390 3218 2460 ἤγουν
3243 2383 3702 2458 ἁναθεματισθείο

2117 2504 2216 2556 σης
2247 2487 2348 2554 τῆς
2381 2485 2672 2556 ξυνωρίδος
2703 2485 2812 2538 τῶν
2857 2481 3253 2554 αίρεσιαρχῶν,
3287 2479 3544 2532 διίππασέ
3587 2493 3698 2529 που

2115 2585 2160 2649 ρ’
2177 2577 2383 2639 τούτοις
2407 2578 2619 2646 χρόνοις
2635 2576 2729 2628 καὶ
2751 2575 3021 2644 γέγονενὴ
3051 2571 3295 2642 μακαρία
3319 2570 3546 2640 πέμπτη
3573 2568 3700 2621 σύνο

2117 2669 2234 2730 οδος
2265 2667 2358 2721 ἐπὶ
2387 2666 2764 2720 Ἰουστινιανοῦ
2789 2664 2881 2718 τοῦ
2907 2663 3170 2736 βασιλέως
3195 2661 3337 2715 κατὰ
3359 2659 3696 2730 Ὧριγένουςέ

2113 2762 2384 2830 Διδύμου,
2432 2761 2524 2814 καὶ
2569 2759 2867 2828 Εὑαγρίου,
2913 2756 3021 2811 τῶν
3063 2753 3476 2824 ματαιοφρόνων
3509 2752 3702 2822 ληρῳο

2112 2852 2343 2906 δούντων
2373 2852 2752 2923 προϋπάρχειν
2783 2849 2892 2904 τῶν
2922 2849 3188 2920 σωμάτων
3211 2847 3370 2916 ἡμῶν
3391 2845 3489 2906 τὰς
3507 2843 3698 2913 ψυχὰς

2113 2947 2172 2998 ὲν
2215 2944 2464 3014 οὐρανοῖς
2509 2944 2604 2996 καὶ
2645 2941 2796 3004 τέλος
2839 2942 2985 3010 ἔχειν
3035 2940 3134 3010 τὴν
3177 2938 3400 2990 κόλασιν
3435 2933 3690 2988 αίὼνιον’

441 3037 681 3108 synodus
710 3037 977 3092 divinitus
1013 3038 1276 3108 inspirata
1303 3037 1426 3092 illos
1467 3039 1812 3092 anathemate
1837 3035 2006 3090 feriit.

2119 3037 2256 3106 imp
2307 3035 2524 3088 ἅπαντα
2570 3033 2874 3086 ἅπεὸάλετο
2931 3031 3027 3085 καὶ
3079 3027 3469 3097 ἀνεθεμάτισεν
3503 3025 3692 3085 αὐτοῖς

441 3129 688 3198 Longum
723 3139 807 3184 est
837 3133 900 3184 de
933 3131 1162 3200 reliquis
1193 3132 1244 3184 in
1279 3131 1516 3184 diversis
1549 3129 1682 3184 locis
1707 3127 1850 3182 haud
1890 3143 2012 3182 raro

441 3217 642 3274 habitis
663 3223 866 3275 sanctis
887 3223 1106 3292 synodis
1128 3224 1431 3276 orationem
1451 3232 1655 3286 texere,
1676 3230 1730 3275 et
1753 3220 1820 3274 de
1845 3221 2010 3274 variis

441 3311 746 3366 hmrcsibus
795 3321 1008 3382 tempus
1052 3323 1106 3366 et
1159 3314 1333 3366 locum
1390 3313 1590 3381 quibus
1648 3313 2005 3377 emerserint,

439 3419 724 3458 enarrare.
760 3405 990 3470 Quidam
1042 3405 1190 3460 enim
1241 3423 1410 3460 unum
1449 3405 1668 3479 [Deum]
1697 3421 1815 3461 esse
1847 3421 2012 3476 nega-

441 3505 593 3559 runt,
639 3505 696 3552 ut
725 3497 984 3568 gentiles;
1021 3497 1110 3550 alii
1140 3499 1298 3564 duos,
1330 3499 1440 3553 imo
1465 3511 1701 3569 quatuor
1729 3499 2004 3562 dicebant,

443 3596 502 3641 ut
549 3587 734 3650 Ariani
775 3597 830 3642 et
863 3589 1174 3664 Manielnei;
1225 3590 1314 3644 alii
1363 3601 1472 3646 tres
1501 3591 1768 3645 essentias
1797 3591 1848 3642 in
1881 3606 2008 3642 san-

439 3687 526 3732 cta
557 3679 824 3733 Trinitate
861 3680 1105 3749 improbe
1141 3682 1679 3752 blasphemavcrunt,
1729 3692 1788 3736 ut
1822 3683 2006 3738 Sabel-

438 3767 590 3830 liani,
639 3777 804 3838 atque
851 3787 1012 3824 unam
1045 3771 1098 3824 in
1127 3786 1188 3825 ea
1221 3773 1582 3828 substantiam
1617 3779 1999 3838 asseruerunt;

436 3859 530 3914 alii
563 3877 754 3918 rursus
780 3861 1186 3932 dispensatione
1211 3863 1478 3920 Christi...

461 4055 876 4074 Ρ-*ψ--ο
893 4061 1354 4070 -ι--νι--σ-

2119 3130 2152 3198 ὴ
2188 3127 2544 3188 θεόπνευστος
2575 3125 2812 3187 σύνοδος.
2851 3123 3079 3192 Μακρῦς
3115 3121 3156 3175 δ’
3187 3119 3250 3174 ἂν
3285 3119 3371 3187 εἴη
3399 3117 3556 3184 λόγος
3591 3115 3692 3168 καὶ

2119 3220 2248 3288 περὶ
2273 3219 2382 3270 τῶν
2407 3217 2609 3270 λοιπῶν
2637 3215 2878 3270 τοπικῶν
2905 3214 3164 3274 πολλάκις
3191 3211 3496 3280 γενομένων
3513 3207 3690 3272 ἁγίων

2117 3310 2348 3362 συνόῖων
2377 3307 2768 3378 διηγήσασθαι,
2827 3307 2921 3359 καὶ
2953 3304 3062 3357 τῶν
3091 3301 3211 3355 καθ’
3237 3301 3464 3354 ἕκαστον
3495 3295 3688 3365 καιρὸν

2113 3401 2208 3454 καλ⁸
2235 3401 2420 3462 τόπον,
2451 3399 2834 3468 ὰναφανέντων
2862 3397 3122 3450 ποικίλων
3149 3395 3432 3464 αἱρέσεων,
3451 3390 3561 3442 τῶν
3589 3390 3688 3458 μὲν

2111 3491 2458 3564 ἀρνουμένων
2489 3491 2582 3542 τοῦ
2615 3487 2750 3542 εἶναι
2776 3488 3136 3557 ἓν,”Ελληνες·
3171 3485 3279 3537 τῶν
3303 3483 3358 3536 δὲ
3387 3481 3480 3534 δῦο
3501 3483 3688 3548 λεγόν-

2109 3603 2216 3636 των
2251 3583 2345 3636 καὶ
2379 3583 2438 3636 τὸ
2465 3583 2725 3651 τέταρτον
2749 3581 2826 3646 δὲ,
2865 3577 3154 3649 Ἀρειανοὶ,
3189 3577 3501 3644 Mam-piat,
3535 3575 3688 3640 τρεῖς

2107 3675 2295 3736 οὐσίας
2349 3675 2443 3726 ἐπὶ
2485 3675 2582 3740 τῆς
2623 3673 2781 3739 ἁγίας
2837 3667 3306 3740 βλασφημούντων
3331 3665 3562 3736 Τριάδος
3590 3665 3686 3715 καὶ

2107 3769 2288 3823 αὐτῶν
2318 3769 2374 3822 δὲ
2407 3767 2774 3831 Σαϐελλιανοὶ,
2815 3766 2944 3834 μίαν
2973 3763 3239 3830 λεγόντων
3271 3759 3358 3812 ἐπ’
3387 3757 3558 3824 αὐτῆς
3583 3757 3710 3824 τὴν

2109 3864 2401 3916 ὑπόστασιν
2419 3875 2430 3889 ·
2463 3859 2636 3914 ἄλλων
2665 3859 2720 3912 δὲ
2745 3861 2810 3928 τῇ
2837 3855 3119 3926 οἰκονομίᾳ
3141 3851 3468 3924 Χριστοῦ....

1030 4225 2007 4354 FRAGMENTA
2125 4223 3178 4390 DOGMATICA,

432 4595 514 4650 Et
547 4593 764 4664 Eulagio
796 4593 1154 4647 Alexandrino
1183 4592 1378 4648 Contra
1405 4609 1488 4646 eos
1513 4596 1602 4663 qui
1631 4595 1830 4656 dicunt,
1881 4614 1897 4645 ι
1937 4593 1995 4648 Si

2119 4596 2214 4648 Ἐκ
2279 4593 2397 4646 τῶν
2446 4591 2824 4664 συνηγοριῶν
2872 4589 3170 4664 Εὐλοῖιόυ
3221 4586 3681 4664 Ἀλεειίτδρείᾳς

503 4667 670 4721 dicitis
699 4665 886 4718 habere
904 4664 1165 4718 Christum
1192 4665 1322 4716 duas
1345 4664 1686 4726 substantias,
1705 4667 1996 4718 necessario

496 4745 680 4790 sancta
711 4733 938 4788 Trinitas
973 4736 1252 4787 incuruata
1279 4743 1374 4788 est.
1405 4753 1424 4784 ι

2175 4664 2325 4727 πρὸς
2373 4663 2512 4727 τοὺς
2553 4663 2881 4732 λέγονταςς
2941 4679 2960 4708 ι
2997 4661 3254 4732 ΕῑΑςρᾳτε
3287 4661 3391 4732 τὸν
3415 4659 3682 4732 Χριστὸν·

2173 4735 2282 4786 δύο
2311 4733 2476 4816 ἔχειν
2503 4727 2718 4798 οὐσίας
2739 4772 2752 4796 ,
2793 4729 3028 4796 πάντως
3059 4729 3097 4795 ἠ
3131 4729 3272 4798 ἁγία
3305 4727 3476 4796 Τριὰς
3505 4727 3680 4778 ,πᾶσα

2171 4819 2560 4868 σεσαρκωτιιι.
2599 4821 2616 4852 ι

1484 4919 1640 4990 (Aug.
1673 4919 1774 4974 ΜΑι
1803 4919 1994 4991 Script.
2027 4931 2120 4975 ret.
2173 4931 2210 4976 t.
2243 4920 2351 4986 Vll,
2389 4921 2476 4984 18,
2511 4919 2636 4989 l9.)-

495 5037 621 5091 llaec
645 5047 774 5091 sunt
803 5053 924 5106 qua:
954 5037 1022 5090 ab
1041 5035 1375 5092 adversariis
1397 5037 1768 5109 obiectantur.
1787 5041 1992 5095 Forsan

423 5129 568 5182 enim
599 5137 797 5198 putant
828 5127 1134 5183 divinitatis
1157 5129 1454 5184 essentiam
1485 5129 1822 5186 divisibilem
1849 5147 1989 5196 esse,

423 5223 582 5291 cujus
623 5237 730 5275 una
763 5237 891 5291 pars
943 5221 998 5275 in
1031 5221 1190 5277 Patre
1215 5231 1507 5288 cernatur,
1543 5223 1716 5278 altera
1745 5224 1800 5278 in
1829 5225 1988 5290 Filio,

423 5321 478 5366 et
513 5311 684 5364 altera
719 5310 774 5364 in
804 5309 1012 5379 Spiritu
1043 5319 1232 5367 sancto
1256 5351 1270 5376 ,
1321 5325 1424 5365 ceu
1469 5313 1727 5380 quaelibet
1757 5327 1990 5382 persona

424 5417 488 5454 ex
517 5411 670 5470 parte
695 5402 896 5464 solum,
921 5408 977 5455 et
1001 5417 1112 5455 non
1139 5417 1202 5456 ex
1235 5409 1350 5456 toto
1379 5401 1602 5456 deitatis
1625 5404 1993 5472 proprietates

427 5491 645 5546 referat.
669 5491 778 5546 Nos
796 5507 926 5545 vero
949 5507 1296 5562 nequaquam
1317 5509 1384 5546 eo
1405 5493 1703 5562 impietatis
1719 5493 1989 5558 venimus,

429 5591 488 5635 nt
516 5584 570 5636 in
601 5583 786 5639 divina
811 5586 1048 5640 essentia
1077 5587 1400 5642 divisionem
1425 5597 1520 5642 aut
1539 5589 1836 5646 sectionem
1857 5589 1992 5643 ima-

426 5675 696 5744 ginemur.
748 5675 890 5742 Quin
921 5677 1184 5744 dicimus,
1221 5681 1472 5749 quamvis
1502 5697 1792 5751 personam
1823 5681 1993 5737 certis

2173 5041 2356 5094 Ταῦτα
2401 5041 2510 5094 τῶν
2540 5040 2797 5094 ἐναντίων
2831 5039 3065 5110 ὑπάρχει
3099 5037 3478 5109 προϐλήματα.
3515 5039 3673 5092 Οῖον-

2036 5121 2054 5136 ’
2099 5152 2186 5187 ται
2210 5135 2318 5201 γὰρ
2343 5134 2472 5195 ῐσως
2499 5132 2760 5203 μεριστὴν
2779 5127 2919 5184 εῖναι
2944 5131 3043 5201 τὴν
3059 5133 3164 5200 τῆς
3189 5129 3436 5200 θεότητος
3461 5129 3674 5194 οὐσίαν,

2099 5226 2189 5277 καὶ
2238 5225 2300 5276 τὸ
2341 5225 2506 5293 μέρος
2555 5223 2724 5292 αὐτῆς
2773 5223 2832 5275 ὲν
2871 5221 3049 5292 Πατρὶ
3093 5219 3454 5286 θεωρεῖσθαι,
3511 5219 3572 5272 τὸ
3619 5219 3684 5271 δὲ’

2095 5317 2154 5368 ὲν
2177 5316 2311 5384 Υἱῷ,
2341 5315 2402 5367 τὸ
2427 5315 2481 5368 δὲ
2515 5315 2571 5366 ἐν
2599 5314 2737 5384 ἁγίῳ
2763 5313 3065 5382 Ιίνεύματι,
3097 5312 3174 5376 ὡς
3201 5312 3414 5381 ἐκείνης
3439 5311 3682 5364 ὑποστά-

2097 5423 2233 5468 σεως
2265 5408 2329 5458 ἐκ
2361 5407 2560 5476 μέρους
2580 5443 2596 5469 ,
2633 5405 2746 5458 ἀλλ’
2778 5406 2880 5458 οὐκ
2909 5407 2967 5458 ὲν
2989 5405 3126 5458 πᾶσι
3155 5405 3270 5467 τοῖς
3295 5404 3394 5472 τῆς
3419 5403 3672 5472 Θεότητος

2099 5497 2352 5566 ἰδιώμσισι
2385 5495 2816 5567 γνωριζομένης.
2873 5497 3064 5566 Ἡμεῖς
3091 5495 3149 5548 δὲ
3181 5496 3282 5548 οὐκ
3313 5496 3392 5558 είς
3415 5493 3688 5547 τοσοῦτονι

2095 5589 2346 5651 ἀσεϐείας
2371 5589 2674 5659 ὴλάσαμεν,
2705 5589 2780 5653 ὡς
2809 5588 3076 5658 μερισμὸν
3101 5587 3351 5658 ἡγεῖσθαι
3393 5587 3488 5641 καὶ
3511 5603 3670 5638 καταε

2097 5681 2266 5750 τομὴν
2305 5683 2432 5750 περὶ
2465 5681 2560 5752 τὴν
2589 5681 2739 5736 Θείαν
2771 5683 3035 5751 ὑπάρχειν
3063 5680 3250 5734 οὐσίαν
3271 5695 3284 5711 '
3322 5679 3459 5734 ἀλλά
3489 5693 3684 5748 φαμεν.
