4016 6208
313 282 453 348 2345

1447 289 1922 349 FRAGMENTA
1966 291 2418 354 DOGMATICA.

3435 302 3576 367 2946

312 400 552 466 ἑκάστην
599 398 1108 471 χαρακτηριστικὴν
1154 399 1450 454 ὑπόστασιν
1482 401 1783 467 ἀνελλιπῶς
1827 403 1896 457 τὰ

1999 407 2145 460 notis
2169 407 2508 478 obsignatam
2537 408 2759 465 deitatis
2781 411 3016 482 insignia
3038 413 3344 483 possidere,
3367 428 3425 471 ut
3446 419 3571 472 nul-

310 489 408 555 τῆς
449 485 707 556 θεότητος
755 485 900 556 ἔχειν
937 487 1330 559 γνωρίσματα,
1377 488 1438 542 τδ
1474 489 1888 563 δημιουργικὸν,

312 579 404 631 καὶ
435 579 532 631 ὃσα
562 577 690 648 περὶ
715 577 813 649 τὴν
839 580 1093 633 ἇκτιστον
1117 580 1279 649 φύσιν
1306 583 1560 652 ὑπάρχει.
1581 582 1738 636 Οὕτω
1759 585 1888 655 γὰρ,

313 670 406 723 καὶ
462 668 746 739 όμοούσιον
800 671 901 740 τὴν
952 671 1158 742 Τριάδα
1205 673 1424 744 φαμὲν,
1473 673 1548 736 ώς
1588 679 1689 747 τῆς
1720 678 1892 747 αὐτῆς

311 761 500 824 οὑσξας
536 762 798 825 ὁλοτελῶς
842 764 900 814 ὲν
929 765 1076 834 τρισὶ
1107 765 1426 836 προσώποις
1455 769 1886 838 γνωριζομένης.

311 855 424 907 Καὶ
474 853 581 924 γὰρ
630 855 657 905 6
699 853 887 924 Πατὴρ
933 855 1157 920 τελείως
1203 855 1316 926 ἔχει
1363 839 1466 927 τὴν¹
1503 858 1602 928 τῆς
1641 860 1892 929 θεότητος

309 941 499 994 οὐσίαν
525 958 537 970 '
587 942 788 1011 ὁμοίως
820 944 847 994 6
879 942 1027 1005 Υἱὸς,
1061 944 1263 1014 ὁμοίως
1289 944 1349 998 τδ
1375 946 1599 1016 Πνεῦμα
1625 948 1686 999 τὸ
1715 948 1888 1016 ἅγιον.

311 1033 557 1096 Τούτοις,
588 1034 682 1086 καὶ
708 1036 735 1086 6
759 1036 859 1104 τῆς
883 1034 1143 1103 ἀληθείας
1168 1037 1237 1106 κή
1250 1036 1345 1107 ρυξ
1369 1036 1580 1100 Παῦλος
1601 1041 1896 1109 συνηγορεῖ

312 1127 556 1193 φάσκων·
599 1126 702 1179 Ἐν
733 1125 894 1190 αὐτῷ
925 1127 1033 1195 γὰρ
1069 1129 1338 1181 κατοικεῖ
1361 1129 1486 1182 πᾶν
1515 1129 1580 1181 τὸ
1601 1130 1894 1198 πλήρωμα

310 1215 420 1283 τῆς
446 1219 722 1284 θεότητος
754 1219 1123 1285 σωματικῶς.
1155 1221 1228 1272 Οὑ
1257 1221 1366 1290 γὰρ
1396 1221 1486 1273 τὸν
1513 1221 1731 1292 Πατέρα
1760 1224 1892 1293 φησι

311 1308 733 1376 σεσαρκῶσθαι,
785 1309 907 1361 ἀλλ’
941 1311 1025 1362 ὅτι
1059 1312 1206 1363 πᾶσα
1237 1312 1268 1380 ἠ
1299 1311 1490 1381 θεότης
1521 1312 1578 1364 ὲν
1607 1315 1727 1374 ταῖς
1759 1313 1893 1365 ὑπο-

311 1399 567 1452 στάσεσιν
601 1400 890 1472 ἀνελλιπὴς
922 1401 1196 1472 ὑπάρχει,
1247 1403 1304 1454 ὲν
1337 1403 1542 1473 Πατρὶ,
1579 1404 1637 1454 ὲν
1666 1404 1797 1472 Υίῴ,
1837 1406 1892 1456 ἐν

311 1493 452 1561 ἁγίῳ
495 1493 812 1564 Πνεύματι,
866 1497 924 1547 ὲν
973 1496 1180 1568 ἑκάστῃ
1225 1497 1525 1549 ὑποστάσει
1557 1497 1776 1559 τελείως
1805 1501 1894 1550 ἐν·

311 1587 654 1655 ὑπάρχουσα,
688 1588 827 1640 κατὰ
855 1587 955 1657 τὴν
981 1589 1168 1656 φωνὴν
1195 1589 1287 1641 τοῦ
1316 1589 1468 1658 Σωτῆ
1480 1606 1568 1657 ρος
1594 1589 1855 1657 λέγουσαν
1876 1604 1890 1618 ·

312 1678 516 1732 Πάντα
558 1679 629 1732 τὰ
672 1680 778 1733 τοῦ
809 1680 1037 1747 Πίιτρὸς
1070 1679 1183 1748 ἐμὰ
1211 1682 1327 1734 εισι
1392 1698 1406 1712 ’
1458 1680 1756 1743 τουτέστιν,
1793 1680 1895 1734 ὅσα

1997 497 2112 550 lum
2163 498 2214 551 ei
2264 497 2443 564 desit;
2502 507 2632 568 puta
2679 499 3018 568 bonitatem,
3066 505 3287 562 creandi
3330 507 3476 571 vim,
3515 516 3574 561 et

1998 605 2338 660 quaecunque
2362 591 2616 647 increatze
2646 603 2854 648 natura:
2889 596 3245 651 conveniunt.
3271 597 3397 652 Ideo
3425 599 3572 652 enim

2000 679 2327 734 Trinitatem
2360 697 2481 735 esse
2505 684 3028 740 consubstantialem
3059 686 3420 756 proﬁtemur;
3447 688 3574 756 quia

1998 771 2309 825 substantia
2355 773 2550 828 eadem
2611 775 2666 828 in
2714 775 2890 830 tribus
2925 778 3178 847 personis
3221 778 3577 849 integerrime

1999 863 2368 933 cognoscitur.
2426 865 2590 920 Pater
2624 868 2772 922 enim
2822 869 3088 938 integram
3129 869 3354 924 deitatis
3387 886 3578 925 essen-

2000 955 2129 1008 tiam
2161 955 2348 1022 habet,
2381 957 2552 1010 veluti
2585 958 2776 1022 Filius,
2811 967 2866 1013 et
2896 959 3138 1028 Spiritus
3165 967 3408 1013 sanctus.
3446 959 3576 1025 Qum

1999 1049 2200 1103 Paulus
2235 1049 2490 1104 veritatis
2519 1066 2698 1118 praeco
2729 1051 3038 1114 conﬁrmat,
3065 1051 3160 1105 ubi
3203 1053 3322 1105 ait:
3359 1051 3422 1106 In
3463 1054 3576 1122 ipso
3644 1115 3650 1122 ι

1999 1141 2259 1194 inhabitat
2309 1142 2478 1194 omnis
2523 1141 2792 1210 plenitudo
2841 1141 3130 1195 divinitatis
3198 1143 3570 1211 corporaliter.

1997 1233 2116 1285 Non
2146 1232 2291 1285 enim
2326 1233 2670 1286 incarnatum
2703 1233 2916 1285 Patrem
2945 1248 3063 1286 esse
3096 1234 3324 1297 annuit,
3362 1234 3456 1287 sed
3492 1242 3578 1287 to-

2000 1332 2108 1376 tam
2160 1323 2506 1396 divinitatem
2562 1324 2713 1377 nullo
2755 1323 2971 1376 defectu
3015 1323 3069 1376 in
3111 1324 3289 1378 tribus
3327 1324 3578 1392 personis

1999 1425 2218 1470 exstare
2251 1433 2265 1468 :
2299 1416 2503 1484 quippe
2537 1430 2658 1483 qua:
2689 1413 2742 1466 in
2771 1414 2958 1476 Patre,
2998 1423 3052 1468 et
3084 1415 3251 1479 Filio,
3283 1427 3339 1470 et
3367 1414 3576 1483 Spiritu

2001 1516 2224 1569 sancto,
2265 1517 2321 1560 et
2354 1507 2407 1559 in
2438 1521 2766 1574 unaquaque
2791 1520 3024 1573 persona
3058 1505 3300 1573 perfecte
3326 1506 3574 1568 exsistat,

2001 1592 2304 1646 secundum
2352 1592 2650 1645 Salvatoris
2705 1606 2894 1644 vocem
2939 1607 2952 1643 :
2995 1590 3185 1645 Omnia
3234 1609 3350 1661 qucc
3396 1593 3574 1647 Patris

2004 1685 2103 1736 mei
2147 1693 2288 1747 sunt,
2325 1698 2439 1735 mea
2484 1690 2643 1745 sunt;
2677 1682 2782 1734 hoc
2829 1690 2932 1745 est,
2962 1697 3302 1752 qumcunque
3327 1685 3578 1740 essentia:

309 1771 410 1840 τῆς
441 1769 536 1823 τοῦ
568 1771 779 1840 Πατρὸς
811 1771 999 1833 ούσίας
1034 1771 1270 1841 ὑπάρχει
1297 1773 1684 1842 γνωρίσματα,
1721 1772 1894 1827 ταῦτα

2001 1772 2180 1826 Patris
2208 1771 2465 1840 insignia,
2498 1770 2689 1824 eadem
2724 1780 2779 1824 et
2803 1770 2964 1825 Verbi
2992 1771 3085 1824 Dei
3118 1783 3266 1837 sunt,
3297 1774 3462 1828 etiam
3494 1775 3578 1828 in-

314 1861 407 1913 τοῦ
450 1861 584 1914 Θεοῦ
615 1861 825 1928 Λόγου,
879 1863 973 1915 καὶ
1017 1862 1390 1932 σαρκωθέντος
1431 1864 1614 1915 ἐστίν’
1673 1864 1772 1934 οὐχ
1822 1863 1897 1927 ὡς

311 1951 406 2004 τοῦ
452 1951 666 2023 Πατρδς
715 1953 866 2015 ὃντος
907 1954 1067 2017 Υἱοῦ,
1119 1954 1150 2024 ἢ
1189 1953 1284 2006 τοῦ
1323 1954 1451 2007 Υίοῦ
1479 1954 1631 2018 ὄντος
1661 1952 1893 2023 Πατρός.

314 2040 501 2094 Ταῦτα
547 2044 654 2112 γὰρ
706 2043 944 2111 ὀνόματα
977 2043 1289 2112 σημαντικὰ
1333 2043 1430 2114 τῆς
1468 2043 1603 2114 πρὸς
1637 2045 1898 2114 ἀλλήλους

316 2129 554 2200 σχέσεως
588 2130 840 2201 ὑπάρχει.
905 2131 1028 2196 Πῶς
1059 2131 1152 2184 οὖν
1201 2134 1273 2204 μὴ
1309 2135 1553 2201 εἴπωμεν
1583 2135 1680 2205 τὴν
1709 2135 1896 2188 οὑσίαν

316 2221 414 2290 τῆς
447 2219 700 2288 θεότητος
735 2221 1036 2284 ἀνελλιπῶς
1069 2224 1127 2274 ὲν
1159 2222 1236 2292 τῷ
1280 2224 1499 2292 Χριστῷ
1528 2219 1697 2288 εἶναι,
1735 2224 1896 2276 ὁπότε

311 2310 519 2364 τέλειον
548 2311 680 2364 Θεὸν
707 2311 866 2364 αὑτὸν
890 2309 1029 2364 εἷναί
1055 2329 1272 2381 (putasti;
1307 2313 1429 2376 Πῶς
1457 2314 1530 2378 δὲ,
1565 2313 1658 2367 καὶ
1684 2317 1794 2376 τοῖς
1811 2315 1900 2366 τέ-

318 2402 460 2455 λειον
476 2403 638 2453 αὑτὸν
657 2401 1324 2473 ἅνθρωπονόμολογοῦσιν,
1343 2405 1400 2457 οὑ
1423 2406 1601 2457 πᾶσαν
1617 2403 1713 2458 ἀνθ
1723 2405 1898 2475 ρωπό-

311 2505 480 2558 ,τητος
514 2489 704 2542 οὐσίαν
745 2492 1072 2560 ἐνυπάρχειν
1104 2493 1254 2562 αὐτῷ
1313 2496 1895 2565 προσομολογήσομενς

319 2582 396 2633 Οὑ
428 2582 536 2650 γὰρ
571 2582 736 2652 μέρος
768 2583 936 2652 αὐτῆς
975 2586 1374 2655 προσείληφεν,
1426 2586 1500 2648 ώς
1522 2586 1896 2656 ’Λπολινάριός

320 2687 454 2739 φησι
475 2712 489 2735 ,
543 2674 718 2740 σάρκα
762 2672 882 2742 δίχα
913 2672 1136 2744 λογικῆς
1165 2675 1344 2744 ψυχῆς
1367 2713 1382 2737 ,
1419 2676 1554 2728 ἀλλὰ
1588 2676 1769 2728 πᾶσαν
1798 2675 1898 2744 τὴν

312 2762 529 2826 οὐσίαν,
557 2764 584 2814 ὅ
614 2766 728 2815 ἐστι
761 2763 898 2834 σὰρξ
921 2763 1290 2836 ὲμψυχωμένη
1324 2765 1468 2836 ψυχῇ
1497 2767 1685 2836 λογικῇ
1714 2782 1772 2818 τε
1805 2766 1898 2818 καὶ

319 2869 403 2906 νοε
416 2855 506 2924 ρᾷ.

391 2948 538 3018 Αὕτη
573 2948 680 3020 γὰρ
713 2948 906 3012 κοινῶς
943 2950 1001 3002 ἐν
1029 2951 1141 3013 τοῖς
1175 2949 1298 3002 καθ’
1329 2949 1557 3002 ἕκαστον
1589 2948 1899 3018 ἀνθρώποις

318 3038 538 3102 τελείως
590 3039 1006 3110 ἐνυπάρχουσα,
1063 3041 1242 3094 οὐσία
1279 3041 1518 3106 εἰκότως
1550 3038 1626 3092 ἂν
1647 3039 1859 3107 ῥηθείη
1883 3057 1894 3068 ι
1926 3085 1971 3144 C

319 3129 646 3200 χωρίζονται
672 3131 780 3201 γὰρ
807 3130 1050 3201 ἀλλήλων
1078 3131 1128 3184 οἱ
1155 3131 1296 3184 κατὰ
1323 3131 1509 3201 μέρος,
1536 3133 1596 3184 ού
1624 3136 1688 3202 τῇ
1715 3133 1894 3204 οὐσία,

319 3225 432 3284 τοῖς
461 3222 516 3274 δὲ
546 3224 948 3292 παρεπομένοις
983 3222 1238 3292 ίδιώμασι
1259 3261 1274 3286 ,
1329 3221 1577 3292 μεγέθει,
1626 3222 1722 3274 καὶ
1752 3222 1896 3292 χρώ-

319 3330 453 3384 ματι
473 3354 485 3372 ,
531 3314 623 3365 καὶ
655 3315 839 3376 ἁπλῶς
868 3315 1065 3376 εἰπεῖν,
1097 3319 1214 3376 ταῖς
1243 3317 1762 3384 χαρακτηριστικοῖς
1791 3313 1898 3365 τῶν

321 3405 634 3477 προσώπων
662 3407 931 3474 ποιότησι.
972 3405 1097 3468 Πῶς
1127 3406 1183 3458 δὲ
1213 3407 1306 3459 καὶ
1335 3407 1399 3458 ἐκ
1427 3405 1519 3458 δύο
1547 3406 1760 3474 φύσεων
1789 3406 1897 3474 φή-

325 3514 481 3550 σουσι
508 3497 598 3549 τὸν
624 3497 884 3566 Χριστὸν,
912 3497 962 3549 εἰ
993 3497 1067 3566 μὴ
1096 3497 1216 3549 ἀντὶ
1241 3495 1440 3551 οὐσιῶν
1470 3498 1654 3560 αὐτοῖς
1681 3497 1896 3568 νοηθείη

319 3589 381 3641 τὸ
429 3589 527 3657 τῆς
574 3589 788 3656 φύσεως
839 3587 1052 3656 haud;
1109 3586 1170 3639 ού
1219 3587 1327 3658 γὰρ
1381 3587 1502 3639 όιντλ⁸
1545 3586 1898 3639 ὑποστάσεων

320 3681 857 3753 χαρακτηριστικῶν,
882 3680 1218 3750 τολμήσουσι
1239 3681 1439 3747 λέγειν·
1466 3680 1588 3731 ἐπεὶ
1609 3681 1702 3732 καὶ
1725 3681 1787 3730 ἐκ
1807 3677 1898 3730 δύο

323 3774 633 3846 προσώπων
656 3773 1168 3844 ἀναγκασθήσονται
1186 3775 1380 3824 εἰπεῖν·
1415 3775 1445 3842 ἡ
1472 3775 1579 3842 γὰρ
1602 3772 1898 3832 ύπίστασις

321 3873 355 3939 ἡ
385 3867 882 3939 χαρακτηριστικὴ,
911 3867 1202 3936 πρόσωπον
1233 3865 1446 3917 δίδωσιν
1477 3867 1696 3916 ἐννοεῖν·
1729 3866 1785 3915 ὲν
1809 3881 1898 3932 χα-

327 3961 560 4030 ρακτῆρι
589 3959 646 4011 δέ
681 3976 821 4028 φημι
846 3998 860 4022 ,
898 3959 1094 4027 μήπως
1127 3959 1190 4026 τῇ
1225 3957 1442 4024 συνήθει
1475 3956 1580 4007 τῶν
1608 3955 1897 4024 αἱρετικῶν

322 4052 505 4121 ἀπάτῃ
551 4051 675 4118 δίχα
715 4050 1062 4119 χαρακτῆρος
1094 4046 1404 4099 ὑποθῶνται
1439 4049 1536 4117 τὴν
1566 4047 1894 4098 ὑπόστασιν·

321 4143 439 4195 τότε
466 4143 573 4210 γὰρ
603 4140 701 4210 τὴν
732 4141 829 4208 τῆς
852 4141 1040 4201 οὐσίας
1071 4137 1347 4208 σημασίαν
1383 4137 1737 4208 ἀποφέρεται.
1773 4135 1898 4195 Πῶς

319 4235 377 4287 δὲ
429 4233 521 4286 καὶ
572 4231 855 4301 ὀμοούσιον
893 4230 966 4300 τῷ
1004 4232 1176 4299 Πατρὶ
1209 4230 1301 4282 καὶ
1332 4231 1462 4300 ἡμῖν
1490 4227 1776 4298 όμοούσιον
1807 4228 1897 4281 τὸν

321 4323 557 4396 Χριστὸν
583 4325 721 4394 μετὰ
741 4325 837 4394 τὴν
859 4325 1055 4376 ἕνωσιν
1077 4323 1422 4375 ὑποτίθενται
1441 4339 1454 4386 ;
1486 4322 1579 4374 καὶ
1600 4323 1660 4373 οὐ
1683 4321 1897 4390 ναρκῶο

2001 1862 2209 1918 carnati
2237 1879 2250 1927 ;
2294 1877 2406 1915 non
2442 1871 2502 1916 ut
2530 1863 2692 1916 Pater
2723 1861 2893 1916 Filius
2923 1861 3021 1925 sit,
3059 1872 3152 1916 aut
3185 1862 3358 1917 Filius
3390 1864 3574 1918 Pater.

2000 1951 2125 2005 llaec
2153 1966 2390 2019 namque
2421 1950 2642 2003 nomina
2673 1948 2998 2002 relationem
3033 1948 3380 2003 solummodo
3408 1949 3576 2019 signi-

1999 2042 2187 2096 ﬁcant.
2240 2042 2419 2096 Eccur
2451 2057 2579 2110 ergo
2626 2057 2735 2094 non
2769 2040 3018 2094 dicamus
3049 2039 3356 2093 divinitatis
3384 2055 3574 2093 essen-

2001 2139 2154 2201 tiam,
2199 2137 2408 2206 absque
2448 2137 2560 2189 ullo
2594 2135 2834 2193 defectu.
2871 2133 3134 2202 integram
3164 2147 3282 2187 esse
3316 2132 3371 2185 in
3399 2133 3572 2198 Filio;

1999 2227 2446 2298 quandoquidem
2502 2226 2681 2295 ipsum
2728 2240 2848 2278 csse
2882 2223 3186 2292 perfectura
3223 2223 3393 2276 Deum
3440 2237 3573 2291 pro-

1999 2318 2364 2372 nuntiamus?
2416 2316 2516 2382 Qui
2568 2331 2700 2370 vero
2739 2331 2862 2368 cum
2898 2313 2980 2366 his
3017 2314 3110 2382 qui
3143 2313 3441 2382 perfectum
3475 2312 3576 2366 ho-

1998 2411 2205 2464 minem
2258 2409 2409 2462 illum
2443 2423 2565 2462 esse
2602 2409 2876 2470 fatentur,
2915 2414 3083 2459 totam
3119 2419 3338 2474 quoque
3375 2404 3575 2458 huma-

2001 2501 2194 2554 nitatis
2239 2499 2605 2554 substantiam
2657 2498 2710 2550 in
2756 2512 2822 2550 eo
2861 2511 2981 2550 esse
3029 2511 3138 2549 non
3173 2494 3577 2548 conﬁteamur?

1999 2594 2119 2648 Non
2162 2592 2306 2647 enim
2355 2599 2566 2661 partem
2605 2589 2872 2641 duntaxat
2904 2587 3024 2656 ejus
3054 2585 3290 2653 accepit,
3327 2593 3387 2637 ut
3415 2584 3577 2637 docet

2001 2684 2395 2756 Apollinarius,
2413 2681 2509 2734 sed
2537 2680 2897 2734 substantiam
2923 2678 3188 2746 integram
3218 2675 3332 2729 sive
3354 2688 3575 2728 carnem

2001 2779 2183 2832 anima
2213 2774 2469 2829 rationali
2501 2781 2557 2827 et
2585 2771 2928 2839 intelligente
2955 2770 3273 2822 animatam.

2074 2950 2197 3005 llaec
2247 2947 2390 3002 enim
2444 2944 2813 3001 communiter
2867 2943 2921 2998 in
2974 2941 3204 3012 singulis
3256 2939 3576 2994 hominibus

2002 3039 2241 3110 perfecte
2271 3035 2561 3099 exsistens,
2595 3033 2749 3084 οὐσία
2781 3031 3001 3094 εἰκότως
3033 3030 3099 3083 ἂν
3128 3029 3338 3100 ῥηθείη,
3381 3027 3434 3082 id
3467 3037 3572 3088 est,

2003 3134 2150 3178 recte
2195 3131 2279 3176 est
2323 3121 2648 3175 substantia.
2697 3118 2908 3189 Singuli
2944 3117 3093 3172 enim
3137 3116 3572 3187 distinguuntur,

1999 3218 2114 3272 sive
2155 3223 2480 3284 separantur
2521 3213 2664 3266 inter
2707 3227 2764 3266 se
2796 3225 2909 3265 non
2938 3209 3244 3264 substantia
3279 3249 3292 3274 ,
3321 3208 3415 3263 sed
3450 3224 3578 3278 pro-

2000 3306 2333 3377 prietatibus
2361 3303 2851 3373 consequentibus,
2889 3302 3004 3357 sive
3035 3300 3430 3357 comitantibus
3459 3315 3576 3355 ma-

1999 3399 2313 3471 gnitudine,
2348 3397 2554 3459 colore,
2588 3403 2667 3460 et,
2706 3403 2765 3448 ut
2799 3409 2910 3448 uno
2937 3393 3108 3450 verbo
3142 3393 3347 3458 dicam,
3379 3392 3576 3447 chara-

2000 3493 2294 3546 cteristicis
2321 3503 2680 3559 personarum
2713 3487 3089 3556 qualitatibus.
3117 3485 3402 3552 Quomodo
3427 3486 3574 3540 enim

1999 3601 2066 3639 ex
2113 3584 2328 3638 duabus
2372 3580 2587 3635 naturis
2628 3578 2907 3634 Christum
2938 3595 3059 3634 esse
3086 3579 3294 3645 dicent,
3335 3579 3440 3633 nisi
3478 3593 3579 3632 no-

2001 3693 2125 3730 men
2157 3684 2367 3728 natura:
2397 3689 2496 3742 pro
2524 3671 2848 3728 substantiis
2878 3671 3225 3740 intelligant?
3266 3671 3384 3725 Non
3427 3671 3577 3724 enim

2001 3765 2286 3820 audebunt
2323 3764 2508 3818 dicere
2553 3778 2651 3832 pro
2696 3761 3086 3832 hypostasibus
3115 3762 3578 3817 characteristicis

2000 3857 2110 3911 dici
2165 3871 2232 3909 ex
2286 3855 2500 3910 duabus
2543 3855 2776 3917 naturis,
2831 3869 2900 3908 ne
2953 3863 3220 3923 cogantur
3269 3853 3457 3909 dicere
3508 3870 3576 3909 ex

2000 3948 2212 4002 duabus
2247 3947 2516 4016 personis.
2559 3945 2876 4015 Hypostasis
2928 3945 3074 3998 enim
3129 3944 3576 4000 characteristica

2000 4054 2236 4110 persona
2270 4037 2634 4105 intelligitur:
2684 4035 2809 4088 dico
2846 4044 3028 4089 autem
3063 4035 3396 4106 hypostasim
3443 4036 3576 4090 cha-

2000 4130 2416 4190 racteristicam,
2452 4129 2566 4182 site
2603 4127 2656 4180 iu
2689 4127 3038 4193 charactere,
3087 4142 3174 4191 ne,
3227 4126 3420 4180 fraude
3471 4128 3578 4182 lite-

2000 4222 2188 4276 reticis
2223 4230 2505 4284 consueta,
2555 4219 2891 4290 hypostasim
2940 4219 3059 4273 sine
3096 4219 3417 4273 charactere
3448 4234 3578 4288 sup-

2000 4323 2224 4382 ponant.
2261 4313 2416 4366 Tunc
2449 4313 2595 4366 enim
2628 4313 3086 4382 signiﬁcationem
3121 4312 3439 4367 substantiae
3469 4312 3576 4366 fert

323 4432 413 4480 σι,
457 4414 549 4466 δύο
594 4415 691 4485 μὲν
732 4414 991 4484 ὁμοούσια
1026 4413 1441 4485 ὁμολογοῦντες,
1483 4415 1806 4483 ἀρνούμενοι
1838 4411 1892 4464 δὲ

2001 4406 2326 4477 hypostasis.
2381 4404 2666 4471 Quomodo
2699 4416 2877 4458 autem
2911 4404 3437 4458 consubsrantialem
3471 4405 3575 4458 Pa-

319 4508 419 4570 τὰς
449 4507 541 4560 δύο
570 4507 796 4571 etiam;

334 4812 661 4880 ’Λντίθεσις
709 4812 858 4876 πρὸς
906 4812 1043 4877 τοὺς
1085 4812 1395 4880 λέγοντας,
1429 4811 1630 4880 ιδικὶιν
1678 4808 1898 4880 οὐσίαν

392 4879 542 4936 εἶναι
573 4882 679 4935 τοῦ
712 4883 976 4950 Πατρός,
1032 4887 1127 4933 καὶ
1169 4878 1376 4948 16min-
1424 4879 1530 4934 τοῦ
1579 4881 1740 4944 Υἰοῦ,
1797 4878 1894 4930 καί

395 4955 609 5019 ὁμοίως
640 4951 746 5005 τοῦ
775 4951 948 5020 ἁγίου
978 4951 1342 5019 Πνεύματος.

395 5063 456 5116 Et
507 5065 534 5114 6
558 5064 748 5128 Λόγος,
800 5061 922 5114 καθ’
958 5061 986 5113 6
1031 5061 1202 5129 Λόγος
1233 5061 1400 5124 ἐστὶν,
1439 5062 1598 5130 φύσις
1632 5063 1798 5123 ἐστὶν,
1833 5063 1894 5115 οὑ

325 5153 448 5204 καθ’
475 5153 503 5204 6
529 5153 681 5213 Θεός’
715 5153 808 5203 καλ⁵
835 5152 863 5203 6
889 5150 1098 5220 Πατὴρ,
1121 5152 1242 5203 καθ’
1269 5151 1297 5204 6
1330 5152 1541 5221 Πατὴρ,
1567 5151 1724 5219 φύσις
1755 5151 1893 5211 ἐστὶ,

323 5245 416 5294 καὶ
449 5243 509 5294 ού
541 5243 663 5294 καθ’
692 5243 718 5294 6
751 5243 880 5305 Θεός
909 5258 922 5273 ⁸
958 5244 1051 5294 καὶ
1083 5241 1144 5294 τὸ
1177 5243 1399 5310 Πνεῦμα
1430 5243 1490 5294 τὺ
1515 5243 1690 5310 ἅγιον,
1722 5242 1842 5295 καθ’
1868 5242 1896 5295 6

320 5333 652 5403 ἑκπορευτὴ,
686 5334 846 5401 φύσις
872 5335 1010 5397 ἐστὶ,
1033 5335 1126 5386 καὶ
1157 5334 1216 5386 οὑ
1247 5333 1369 5387 καθ’
1394 5333 1422 5385 6
1451 5333 1602 5395 Θεὸς,
1629 5333 1736 5386 οὐδ’
1764 5332 1894 5386 ὁπό-

318 5441 474 5492 τερος
499 5425 678 5477 αὑτῶν
702 5424 853 5477 ἕσται
882 5425 1038 5492 φύσει
1061 5426 1192 5487 Θεός
1215 5442 1230 5457 ο
1263 5427 1419 5494 εἴπερ
1440 5426 1501 5477 τὸ
1522 5425 1685 5491 Θεὸς,
1709 5426 1894 5478 οὐκέτι

322 5515 417 5567 καὶ
457 5516 734 5585 πατρὸτης
767 5517 859 5568 καὶ
888 5517 1073 5587 υίότης
1106 5519 1197 5570 καὶ
1225 5518 1552 5587 ὲκπόρευσις
1580 5535 1593 5549 ·
1647 5519 1694 5569 εί
1725 5518 1780 5569 δὲ
1821 5517 1894 5588 μὴ

321 5603 474 5666 Θεὺς,
510 5604 715 5673 κτίσμα
744 5605 979 5668 πάντως.
1031 5607 1136 5660 Καὶ
1172 5607 1357 5660 πάλιν
1382 5625 1393 5638 ·
1447 5608 1536 5659 Ἑν
1567 5602 1647 5668 οἷς
1679 5607 1894 5676 διακρί-

326 5710 468 5746 νεται
519 5694 612 5746 τοῦ
660 5696 870 5764 Πατρὸς
917 5698 943 5748 6
982 5698 1170 5765 Λόγος,
1213 5697 1419 5760 τούτοις
1447 5699 1538 5749 καὶ
1569 5697 1726 5765 ᾳύσις
1754 5697 1890 5762 ἐστὶ,

2002 4497 2069 4546 tri
2129 4503 2183 4548 et
2233 4494 2392 4547 nobis
2449 4493 2729 4546 Christum
2776 4501 2902 4562 post
2940 4494 3198 4546 unionem
3250 4501 3481 4562 ponunt,
3520 4500 3577 4548 et

1999 4601 2108 4639 non
2157 4595 2284 4638 sunt
2332 4585 2536 4654 stupidi
2581 4583 2906 4638 conﬁtcntes
2946 4584 3168 4653 quidem
3199 4584 3309 4638 duo
3338 4585 3574 4639 consub-

2001 4677 2295 4743 stantialia,
2331 4686 2593 4748 negantes
2622 4692 2754 4730 vero
2780 4675 2917 4730 duas
2945 4676 3322 4730 substantias?

1999 4810 2264 4880 Oppositio
2305 4813 2356 4864 in
2391 4811 2528 4872 illos,
2567 4811 2655 4880 qui
2693 4809 2871 4863 dicunt
2903 4809 3277 4880 particularem
3327 4809 3572 4880 substan-

2069 4879 2336 4950 tiamiesse
2374 4879 2585 4941 Patris,
2623 4890 2671 4934 et
2721 4879 3096 4950 particularem
3132 4879 3270 4942 Filii,
3305 4879 3573 4932 similiter-

2069 4967 2168 5020 que
2197 4949 2424 5020 Spiritus
2464 4951 2653 5004 sancti.

2070 5063 2124 5117 Si
2155 5062 2415 5125 Verbum,
2445 5060 2750 5115 secundum
2781 5061 2930 5131 quod
2963 5070 3047 5115 est
3081 5059 3346 5121 Verbum,
3379 5067 3572 5115 natura

1997 5162 2106 5215 est,
2133 5167 2240 5206 non
2268 5151 2570 5206 secundum
2597 5153 2744 5221 quod
2774 5154 2919 5208 Deus
2943 5163 3060 5218 est;
3090 5161 3145 5206 et
3168 5152 3349 5215 Pater,
3379 5165 3574 5205 secun-

1997 5245 2126 5298 dum
2151 5243 2299 5312 quod
2326 5243 2508 5308 Pater,
2541 5253 2731 5298 natura
2757 5253 2860 5307 est,
2889 5253 2944 5298 et
2968 5259 3075 5298 non
3099 5241 3399 5297 secundum
3427 5241 3574 5311 quod

1999 5335 2145 5388 Deus
2197 5342 2318 5398 est;
2371 5343 2429 5388 et
2477 5335 2718 5404 Spiritus
2776 5343 3019 5398 sanctus,
3057 5333 3358 5388 secundum
3425 5331 3572 5402 quod

1997 5425 2306 5495 procedens
2337 5434 2533 5479 natura
2563 5435 2669 5491 est,
2702 5435 2760 5481 et
2793 5441 2902 5480 non
2929 5424 3231 5480 secundum
3257 5423 3401 5493 quod
3429 5425 3574 5477 Deus

1997 5525 2112 5581 est;
2164 5517 2360 5570 horum
2423 5527 2617 5572 neuter
2671 5527 2868 5572 natura
2923 5519 3067 5572 Deus
3117 5516 3251 5580 erit;
3301 5515 3572 5582 siquidem

2001 5607 2168 5671 Deus,
2221 5609 2445 5662 minime
2525 5609 2853 5679 paternitas,
2923 5610 3114 5663 ﬁfiatio
3177 5617 3231 5662 et
3293 5606 3575 5677 processio

1997 5707 2107 5761 est;
2159 5698 2304 5766 quod
2358 5699 2402 5753 si
2455 5715 2560 5752 non
2601 5700 2746 5754 Deus
2787 5708 2892 5763 est,
2926 5709 3173 5754 creatura
3220 5697 3463 5751 omnino.
3508 5695 3575 5748 Et
